4178 6516
1399 369 1467 425 IN
1505 368 1741 426 ISAIAM
1776 368 1908 430 LIB.
1946 367 1987 427 Ι.
2029 367 2242 426 οιυιτ.
2269 367 2368 431 ιιι.

3409 363 3513 436 uo

209 538 214 544 .
272 489 422 558 μίας,
470 486 636 556 {now
685 482 803 554 μετ’
829 479 1022 552 αὑτὴν,
1060 479 1549 554 πεπληροφόρηκεν
1597 481 1844 546 ἀπλανῶς

1949 489 2100 536 certo
2131 479 2422 550 persuadet
2447 478 2640 538 horum
2673 478 2960 536 verborum
2989 489 3180 533 sensus
3206 484 3259 532 et
3287 475 3389 543 vis,
3405 493 3512 533 non

268 579 379 630 τῶν
419 571 794 647 προκειμένων
841 571 874 642 ἡ
921 569 1169 642 δύναμις,
1194 571 1270 636 ὠς
1309 571 1407 642 οὑχ
1436 571 1622 642 ἕτερον
1655 573 1789 642 ἡμῖν
1817 571 1847 622 ό

265 670 554 742 προφήτης
616 663 1014 735 κατασημαίνει
1064 663 1253 737 καιρὸν
1277 706 1292 729 ,
1337 663 1375 734 ἢ
1426 665 1632 718 ἐκεῖνον
1682 666 1846 720 αὑτὸν

266 761 390 816 καθ’
421 760 478 814 ὃν
525 760 622 827 τῆς
672 757 754 818 εἰς
800 755 1027 826 Χριστὸν
1050 753 1369 818 δυσσεϐείας
1407 754 1590 808 ἕνεκα.
1622 755 1846 826 Πεπαρ-

264 851 510 920 tr:tham
556 845 665 917 γὰρ
713 845 799 909 εἰς
843 843 1006 900 αὑτὸν
1038 845 1088 897 οί
1111 843 1355 909 δείλαιοι,
1387 845 1482 898 καὶ
1515 843 1614 914 τὴν
1663 844 1846 906 αὑτοῖς

255 941 348 996 Im
381 937 617 1008 μάλιστα
658 934 973 1006 πρέπουσαν
1016 932 1370 987 ἀποτετίκασι
1411 931 1584 1002 δίκην,
1617 929 1846 984 κυκλου-

268 1032 438 1102 μένης
491 1029 596 1082 ὑπὸ
643 1026 1020 1099 στρατοπέδων
1065 1026 1165 1095 τῆς
1198 1025 1710 1096 Ὶερουσαλήμ.”οτε
1753 1023 1846 1077 καὶ

263 1122 346 1184 είς
391 1119 553 1174 τοῦτο
610 1116 884 1188 δειμάτων
947 1115 1418 1186 κατακομισθῆναι
1487 1132 1666 1186 φαμεν
1736 1113 1845 1166 τῶν

279 1211 546 1265 Ἰουδαίων
573 1210 664 1264 τὸν
691 1207 833 1274 νοῦν,
857 1208 934 1270 ὡς
958 1206 1123 1274 φάναι
1152 1209 1263 1270 τοῖς
1291 1207 1442 1276 ὄρεσι
1463 1221 1475 1235 ·
1507 1225 1525 1257 ι
1551 1205 1844 1275 Καλύψατε

264 1304 436 1373 ἡμᾶς,
472 1301 568 1355 καὶ
591 1303 705 1364 τοῖς
737 1299 966 1370 βουνοίςσ
987 1299 1188 1352 ΙῙὲσετε
1215 1299 1513 1370 ἐφ’ήμᾶς.»
1541 1298 1618 1369 Τῇ
1644 1298 1841 1363 τοίνυν,

265 1394 452 1464 φησιν,
477 1391 662 1464 ἡμέρᾳ
691 1390 896 1462 ἐκείνῃ,
918 1389 1063 1442 τοῦτ’
1095 1389 1232 1453 ἔστι,
1260 1392 1380 1443 κατ’
1408 1390 1586 1443 ἐκεῖνο
1609 1389 1702 1442 τοῦ
1724 1406 1846 1442 και-

268 1485 364 1556 ροῦ
399 1483 522 1538 καθ’
550 1483 609 1536 ὃν
643 1483 722 1546 εἰς
767 1482 943 1552 πέρας
983 1481 1273 1552 δραμεῖται
1299 1481 1369 1533 τά
1401 1478 1844 1552 προηγγελμένα,

265 1573 564 1643 ὲπιλάμψει
593 1575 622 1641 ῤ
647 1573 779 1634 Θεὸς
807 1573 864 1624 ἐν
894 1569 1078 1641 βουλῇ,
1115 1570 1254 1642 μετὰ
1285 1570 1440 1641 δόξης
1472 1570 1564 1622 ἐπὶ
1599 1571 1695 1640 τῆς
1718 1568 1844 1639 γῆς,

265 1664 360 1718 τοῦ
392 1663 606 1733 ὑψῶσαι
637 1662 730 1716 καὶ
765 1661 985 1727 δοξάσαι
1012 1661 1072 1713 τὸ
1101 1660 1458 1730 κρταλειφθὲν
1482 1658 1576 1713 τοῦ
1611 1659 1845 1731 Ἰσραήλ.

281 1757 340 1810 ’0
367 1755 480 1826 γὰρ
527 1757 592 1807 ἐκ
619 1752 754 1806 Θεοῦ
800 1751 1013 1823 Πατρδς
1035 1751 1230 1820 Λόγος.
1263 1751 1360 1821 οὐχ
1389 1751 1681 1822 ἁρπαγμὸν
1707 1753 1846 1822 ήγή..

1948 571 2092 627 aliud
2123 570 2276 626 nobis
2299 578 2511 640 tempus
2539 571 2801 625 denotare
2824 569 3164 641 prophetam,
3191 583 3352 640 quam
3383 567 3512 622 illud

1949 662 2121 733 ipsunt
2150 677 2277 732 quo,
2310 669 2529 732 propter
2558 661 2889 729 impietatem
2921 663 2976 715 in
3001 661 3300 726 Christum,
3328 658 3513 713 miseri

1945 753 1999 807 iu
2021 769 2144 808 eum
2161 753 2589 817 deblaterarunl,
2611 753 2951 820 maximeque
2979 767 3037 805 se
3060 754 3275 821 dignam
3300 764 3512 820 pmnam

1946 843 2188 908 luerunt,
2216 859 2337 899 cum
2399 845 2739 898 obsideretur
2779 841 3075 898 Jerusalem
3140 844 3207 898 ab
3251 843 3512 908 exercitu,

1945 935 2159 1006 quando
2187 951 2308 989 eum
2348 945 2606 989 terrorem
2639 934 2867 989 dicimus
2900 933 3206 989 Judteorum
3247 935 3515 988 mentibus

1945 1028 2226 1094 injectum,
2277 1035 2334 1079 ιιι
2379 1027 2648 1080 montibus
2699 1027 2976 1079 dicerent:
3003 1041 3022 1074 ι
3047 1021 3262 1093 Operite
3303 1041 3432 1092 nos;
3461 1033 3518 1078 et

1947 1118 2198 1186 collibus,
2222 1115 2447 1172 Ohruite
2489 1133 2588 1172 nos
2619 1116 2688 1172 ".
2729 1135 2748 1168 ι
2787 1116 2962 1183 Quare
3011 1115 3122 1180 illo,
3170 1116 3366 1184 inquit,
3407 1117 3514 1180 tlie,

1946 1212 2047 1266 hoc
2083 1222 2186 1274 est,
2236 1212 2335 1265 sub
2365 1212 2417 1266 id
2465 1211 2723 1279 temporis
2752 1225 2859 1281 quo
2900 1207 2964 1262 ad
3006 1209 3208 1262 exitum
3250 1210 3364 1261 h-re
3399 1222 3517 1273 quat

1945 1302 2308 1372 prtenuntiata
2358 1313 2507 1368 sunt,
2561 1311 2903 1372 procurrent,
2954 1298 3207 1356 emicabit
3267 1299 3409 1352 Deus
3461 1298 3513 1350 in

1946 1392 2174 1446 consilio
2230 1407 2354 1446 cum
2408 1393 2581 1462 gloria
2636 1407 2800 1463 super
2849 1403 3066 1454 terram,
3105 1402 3166 1444 ut
3209 1390 3408 1443 exaltet
3462 1398 3518 1442 et

1939 1480 2211 1550 gloriﬁcet
2235 1482 2378 1550 quod
2423 1491 2508 1536 est
2540 1483 2813 1538 residuum
2844 1483 2896 1536 in
2935 1479 3251 1536 Jerusalem.
3283 1478 3516 1532 Verbum

1945 1571 2089 1624 enim
2125 1571 2217 1626 Dei
2239 1571 2416 1626 Patris
2441 1588 2545 1626 non
2568 1573 2806 1642 rapinam
2835 1573 2985 1628 duxit
3005 1572 3211 1639 aequale
3233 1584 3353 1624 esse
3385 1570 3512 1646 Deo,

1944 1660 2112 1716 altum
2144 1677 2272 1717 vero
2288 1663 2544 1732 quiddam
2577 1678 2942 1731 arcanumque
2970 1664 3035 1718 de
3059 1664 3213 1716 nobis
3238 1662 3512 1731 cogitaxit.

1947 1754 2002 1806 ln
2049 1753 2222 1808 forma
2274 1753 2418 1808 enim
2467 1762 2522 1809 et
2561 1753 2865 1822 aequalitate
2905 1753 2998 1807 Dei
3039 1763 3092 1808 et
3141 1753 3316 1808 Patris
3369 1754 3517 1807 exsi-

270 1863 403 1899 σατο
445 1845 506 1898 τὸ
546 1841 684 1898 εἶναι
719 1843 806 1895 ἴσα
839 1842 988 1912 Θεῷο
1021 1841 1158 1911 βαθὺ
1201 1841 1256 1894 δέ
1299 1858 1350 1894 τι
1391 1843 1485 1894 καὶ
1538 1842 1844 1913 ἀπόρρητον

1952 1851 2126 1907 stens.
2156 1845 2355 1900 factum
2401 1855 2485 1900 est
2527 1855 2724 1900 nostra:
2759 1844 3080 1898 conditionis
3122 1845 3416 1914 particeps,
3462 1855 3518 1900 et

267 1936 626 1992 ἐϐουλεύσατο
675 1934 801 2004 περὶ
846 1933 1025 2005 ἡμῶν.
1045 1933 1133 1986 Ἐν
1166 1936 1348 2005 μορφῇ
1373 1933 1481 2004 γὰρ
1515 1933 1609 1987 καὶ
1636 1934 1843 2005 ἰσότητι

267 2029 401 2082 Θεοῦ
457 2028 550 2080 καὶ
592 2024 805 2096 Πατρὸς
857 2025 1137 2096 ὑπάρχων,
1174 2027 1364 2094 γέγονε
1407 2025 1528 2079 καθ’
1552 2027 1720 2096 ἡμᾶς,
1748 2026 1843 2080 καὶ

264 2116 509 2187 ἐπεφάνη
542 2115 642 2185 μὲν
687 2116 800 2177 τοῖς
827 2113 921 2167 ἐπὶ
954 2115 1054 2183 τῆς
1082 2114 1185 2186 γῆς
1205 2131 1220 2146 ·
1256 2113 1395 2186 πλὴν
1421 2113 1480 2167 οὑ
1509 2113 1630 2184 δίχα
1657 2114 1839 2186 δόξης.

255 2188 358 2296 ἔξοιδ’
384 2210 431 2262 εί
460 2209 648 2278 γέγονε
677 2207 836 2281 σάρξ.
865 2207 1175 2278 Εξργάσατο
1202 2205 1308 2280 γὰρ
1334 2206 1404 2260 τά
1431 2205 1726 2280 θεοπρεπῆ,
1747 2206 1842 2260 καὶ

264 2295 503 2370 σημείων
524 2301 747 2370 γέγονεν
768 2298 1153 2370 ὰποτελεστὴς,
1173 2297 1210 2352 ἃ
1233 2298 1297 2369 δὴ
1328 2299 1422 2352 καὶ
1442 2298 1640 2360 παντὸς
1659 2295 1841 2361 ἀξιοῦο

260 2408 350 2444 ται
396 2392 486 2445 καὶ
530 2391 689 2459 λόγου
719 2391 813 2445 καὶ
839 2390 1137 2461 θαύματος.
1157 2389 1498 2460 Ἐπιλάμψας
1549 2390 1658 2461 γὰρ
1702 2391 1839 2442 κατ-

261 2476 457 2548 ηλέησε
499 2477 588 2532 τὸν
626 2479 864 2548 Ἰσραὴλ,
896 2479 958 2534 οὑ
1004 2479 1115 2548 γὰρ
1144 2478 1420 2532 ἀπόλωλεν
1448 2479 1700 2532 είσάπαν.
1735 2480 1840 2532 Τε-

261 2571 501 2638 τήρηται
549 2568 604 2622 δὲ
658 2568 721 2621 τὸ
752 2569 1127 2639 κατάλειμμα,
1166 2567 1356 2641 ὑψώθη
1401 2587 1460 2623 τε
1489 2570 1583 2623 καὶ
1626 2570 1842 2637 δεδόξα-

263 2676 409 2723 σται,
441 2660 535 2713 καὶ
584 2661 643 2712 ἐν
679 2659 848 2730 βίϐλῳ
881 2660 1190 2734 γέγραπται
1231 2660 1377 2730 ζωῆς
1426 2661 1731 2731 διαπρέψαν
1782 2664 1842 2715 ἐν

261 2750 680 2822 άγιασμῷ.⁹1δοι
707 2751 752 2804 δ’
783 2752 854 2806 ἄν
891 2769 975 2816 τις
1028 2750 1204 2822 ἀληθῆ
1247 2752 1342 2823 τῆς
1389 2753 1722 2822 προφητείας
1752 2752 1842 2805 τὸν

258 2843 444 2911 λόγον,
475 2843 551 2906 ὡς
597 2844 655 2896 ἐν
706 2842 929 2913 ἅπαρχῇ
965 2843 1074 2896 τῶν
1123 2831 1482 2913 σεσωσμένων
1523 2846 1635 2908 τοῖς
1667 2844 1844 2914 ἁγίοις

257 2933 601 2998 ἀποστόλοις,
632 2933 682 2986 οἳ
713 2935 808 2987 καὶ
836 2932 1128 3003 ὑψώθησαν
1153 2933 1388 3001 άληθῶς,
1421 2934 1512 2986 καὶ
1539 2937 1650 2997 τοῖς
1679 2935 1843 2999 θείοις

255 3024 591 3095 χαρίσμασιν
617 3023 1179 3094 ἐκλελαμπρυσμένοι,
1206 3022 1266 3075 τὸ
1311 3024 1368 3075 ἐν
1392 3023 1518 3096 δόξῃ
1544 3024 1842 3094 περιφανὲς

253 3112 962 3184 πεπλουτήκασιν.Ἕλαὸον
993 3115 1102 3183 γὰρ
1139 3113 1384 3178 ἐξουσίαν
1424 3114 1564 3166 κατὰ
1594 3114 1838 3183 πνευμά-

251 3222 364 3261 ¹ζων
419 3204 768 3273 ἀκαθάρτων,
796 3203 938 3256 ὥστε
992 3203 1276 3258 ἐκϐάλλειν
1306 3203 1464 3256 αὑτά.
1491 3202 1842 3274 Τεοεραπεὺ-

249 3314 391 3354 ,κασι
442 3299 550 3368 γὰρ
601 3297 696 3350 καὶ
741 3297 800 3348 ἐν
834 3294 1166 3370 ἀρρωστίαις
1217 3294 1374 3358 ὄντας
1421 3292 1682 3357 πολλούς’
1728 3293 1842 3347 ἀλλ’

248 3384 399 3462 ἦσαν
448 3389 545 3444 και
589 3388 649 3443 ιν
698 3371 874 3458 βίϐλῳ
913 3385 1293 3456 γεγραμμένοι
1342 3384 1522 3457 ζωῆς,
1551 3387 1661 3440 και
1710 3386 1841 3455 γοῦν

249 3481 478 3554 ἔχαιρον
523 3481 624 3551 μὲν
651 3480 738 3534 ὅτι
763 3479 832 3533 τά
853 3479 1105 3548 δαιμόνια
1133 3477 1470 3536 ὑπετάσσετο
1508 3479 1713 3544 αὑτοῖς,
1746 3479 1841 3534 καὶ

249 3571 416 3628 τοῦτο
436 3571 687 3642 λέγουσιν
706 3571 920 3642 ὑπήντα
948 3570 1202 3640 Χριστὸς,
1227 3570 1321 3623 καὶ
1347 3573 1461 3634 rei;
1489 3569 1568 3623 ἔτι
1598 3569 1842 3641 μείζοσιν

247 3662 657 3730 ἐπιγάννυσθαι
701 3661 966 3717 διδάσκων
1018 3661 1248 3725 αὐτούς·
1322 3680 1343 3713 ι
1389 3663 1480 3732 Μὴ
1528 3662 1765 3736 χαίρετε,
1812 3680 1834 3716 ι

254 3753 447 3825 φησὶν.
485 3771 504 3806 ι
532 3751 615 3807 ὅτι
643 3752 713 3806 τά
737 3752 990 3822 δαιμόνια
1025 3752 1391 3806 ὑποτάσσεται
1428 3753 1556 3823 ὑμῖν
1576 3769 1588 3783 ·
1618 3751 1840 3824 χαίρετε

251 3845 312 3902 δὲ
351 3846 552 3916 μᾶλλον
579 3845 662 3898 ὅτι
690 3844 757 3898 τὰ
788 3842 1026 3914 ὀνόματα
1073 3842 1227 3912 ὑμῶν
1263 3844 1571 3914 γέγραπται
1625 3845 1682 3896 ἐν
1727 3845 1841 3907 τοῖς

254 3937 528 4006 οὐρανοῖς.
562 3954 582 3988 ι
626 3933 953 4005 ’Υψώθησαν
991 3933 1168 3988 τοίνυν
1213 3934 1263 3987 οἱ
1311 3934 1369 4000 ἐξ
1416 3933 1646 4008 Ἰσραὴλ,
1678 3934 1752 3998 ὡς
1782 3936 1841 3988 ἐν

259 4025 432 4098 μοίρᾳ
488 4026 554 4095 τῇ
593 4021 686 4078 τοῦ
737 4022 1246 4094 ὲγκαταλείμματος
1271 4062 1286 4086 ,
1345 4025 1836 4096 περισεσωσμένοι’

255 4117 520 4190 ἠξίωνται
555 4116 662 4189 γάρ
700 4115 798 4188 τῆς
824 4113 979 4186 παρὰ
1010 4113 1248 4185 Χριστοῦ
1289 4115 1595 4186 φιλοτιμίας
1624 4117 1716 4170 καὶ
1741 4117 1842 4187 χά-

1943 1937 2104 1990 ttobis
2128 1936 2181 1990 in
2205 1947 2348 1992 terra
2375 1937 2655 2008 agentibus
2681 1935 3010 2008 apparuit,at
3037 1952 3142 1990 non
3182 1937 3299 1992 sine
3320 1938 3513 2006 gloria,

1945 2028 2160 2083 tametsi
2194 2043 2322 2082 caro
2367 2027 2568 2082 factum
2613 2037 2716 2083 est.
2752 2025 3045 2096 Operatuzn
3091 2036 3175 2082 est
3220 2030 3363 2083 enim
3408 2029 3516 2085 Deo

1943 2119 2124 2189 digna,
2151 2127 2204 2173 et
2233 2120 2384 2190 signa
2424 2118 2604 2176 eﬂ'ecit
2628 2134 2747 2189 quae
2771 2120 2988 2188 quidem
3023 2122 3166 2176 onmi
3189 2122 3432 2176 oratione
3461 2133 3516 2176 et

1942 2212 2302 2269 admiratione
2330 2215 2487 2284 digna
2511 2224 2636 2268 sunt
2663 2231 2682 2270 :
2723 2225 2778 2271 et
2803 2225 3085 2286 postquam
3121 2219 3390 2286 apparuit,
3415 2220 3516 2273 mi-

1937 2314 2122 2368 sertus
2179 2317 2266 2361 est
2309 2305 2631 2362 Jerusalem.
2661 2307 2780 2365 Non
2826 2310 2969 2366 enim
3011 2312 3171 2379 periit
3219 2313 3272 2366 in
3317 2321 3513 2378 tutum,

1943 2399 2037 2450 sed
2076 2408 2408 2454 conservata:
2451 2411 2576 2456 sunt
2615 2401 2876 2473 reliquiae,
2903 2418 3023 2473 qua:
3055 2414 3254 2460 evecta!
3285 2415 3432 2468 sunt,
3458 2412 3516 2460 et

1939 2488 2279 2560 gloriﬁcatur,
2323 2500 2379 2544 et
2414 2493 2709 2548 sanctitate
2737 2495 3118 2562 enitesccutes,
3143 2496 3197 2549 in
3228 2496 3366 2552 libro
3392 2497 3515 2562 vita:

1945 2578 2241 2646 inscriptae.
2281 2577 2480 2634 Verum
2523 2590 2702 2636 autem
2738 2598 2857 2638 esse
2887 2585 3266 2656 propheticum
3299 2601 3511 2642 sermo-

1941 2685 2071 2726 nem
2107 2672 2336 2742 quilibet
2369 2673 2550 2728 videre
2571 2683 2770 2744 potest,
2800 2676 2946 2731 velut
2969 2677 3020 2731 iu
3044 2679 3298 2747 primitiis
3322 2693 3513 2734 eorum

1938 2759 2036 2827 qui
2085 2761 2286 2816 servati
2340 2761 2560 2816 fuerunt
2603 2766 2810 2820 sanctis
2838 2769 3114 2834 apostolis,
3137 2770 3228 2838 qui
3285 2779 3338 2824 et
3386 2768 3513 2824 elati

1944 2861 2073 2903 vere
2100 2857 2246 2911 sunt,
2283 2859 2336 2906 et
2369 2853 2567 2910 divinis
2595 2856 2789 2926 gratiis
2832 2857 3106 2923 illustrati,
3136 2859 3320 2930 gloriae
3355 2859 3516 2915 clari-

1939 2946 2058 2994 tate
2085 2939 2243 2994 dilati
2270 2951 2416 2996 sunt.
2440 2943 2785 3015 Acceperunt
2809 2950 2951 3002 enim
2977 2959 3296 3018 potestatem
3326 2961 3513 3006 contra

1942 3029 2170 3097 spiritus
2223 3033 2554 3101 immundos,
2583 3046 2643 3092 ιιι
2680 3054 2776 3094 eos
2828 3039 3109 3108 ejicerent,
3157 3051 3213 3096 et
3257 3053 3517 3098 curarunt

1947 3122 2144 3179 multos
2184 3125 2591 3184 inﬁrmitatibus
2638 3129 2878 3193 affectos,
2913 3134 3008 3187 sed
3040 3144 3094 3187 et
3129 3133 3184 3188 in
3209 3133 3348 3188 libro
3391 3135 3517 3188 vita

1947 3211 2204 3282 descripti
2240 3224 2388 3274 sunt.
2414 3216 2621 3288 Quippe
2635 3235 2764 3275 eum
2785 3223 3083 3288 gauderent
3111 3225 3372 3279 daamonia
3411 3225 3512 3282 sibi

1950 3302 2192 3373 subjecta
2226 3308 2548 3378 esse,ithue
2587 3309 3094 3376 dicerent,occurrit
3117 3313 3221 3368 illis
3245 3313 3513 3380 Christus.

1943 3403 1998 3449 et
2030 3396 2325 3466 majoribus
2358 3399 2522 3454 rebus
2549 3399 2726 3455 adhuc
2748 3401 3023 3457 laetaturas
3049 3403 3208 3460 docet
3239 3421 3252 3458 :
3295 3423 3312 3457 ι
3339 3404 3517 3461 Nolite

1936 3486 2248 3556 gaudere,»
2300 3488 2494 3558 inquit,
2551 3491 2735 3559 «quod
2788 3491 3050 3546 daemonia
3111 3494 3264 3550 vobis
3297 3497 3513 3551 subdita

1935 3576 2070 3640 sint,
2093 3578 2190 3633 sed
2219 3580 2450 3652 gaudete
2476 3584 2647 3652 magis
2681 3584 2822 3654 quod
2865 3585 3077 3656 nomina
3116 3596 3288 3640 vestra
3317 3591 3517 3656 scripta

1941 3669 2052 3724 sint
2098 3671 2150 3724 in
2191 3673 2345 3729 caelis
2373 3674 2440 3727 ".
2474 3693 2492 3726 ι
2529 3672 2668 3731 Suut
2707 3690 2835 3747 ergo
2891 3676 3065 3730 evecti
3115 3676 3388 3741 Israelita},
3423 3679 3515 3750 qui

1935 3771 2201 3830 tanquam
2232 3763 2287 3817 in
2316 3779 2482 3818 censu
2515 3781 2582 3820 ac
2619 3775 2767 3822 sorte
2799 3767 2992 3823 harum
3021 3768 3372 3837 reliquiarum
3399 3785 3518 3825 ser-

1941 3852 2051 3907 vati
2091 3863 2233 3908 sunt.
2265 3853 2475 3910 Etenim
2503 3857 2646 3926 digni
2683 3859 2849 3914 habiti
2877 3869 3002 3913 sunt
3027 3861 3232 3915 honore
3257 3876 3322 3920 ac
3343 3862 3518 3932 gratia

1941 3955 1970 3995 a
1999 3939 2254 4014 Christo;
2282 3947 2375 4000 lilii
2405 3952 2580 4003 vocati
2617 3958 2747 4004 sunt
2781 3949 2900 4016 Dei,
2939 3950 3044 4021 75
3077 3952 3380 4024 fratresque
3402 3953 3521 4020 ejus

1936 4041 1995 4092 et
2020 4035 2205 4102 amici,
2247 4037 2539 4110 gloriaque
2575 4040 2692 4110 ejus
2728 4044 2858 4097 socii
2897 4059 2960 4097 ac
2995 4045 3291 4113 participes
3325 4066 3336 4100 :
3371 4047 3518 4117 digni

1941 4126 2104 4184 etiam
2134 4127 2303 4185 habiti
2325 4140 2455 4186 sunt
2481 4141 2538 4186 ut
2571 4132 2626 4188 in
2655 4133 2859 4192 caelesti
2893 4134 3030 4190 libro
3062 4137 3516 4203 describerentur,

250 4223 448 4279 ριτοςο
500 4205 607 4261 υἱοὶ
651 4202 1089 4276 κεχρηματίκασι
1119 4202 1283 4256 Θεοῦ·
1311 4203 1528 4272 ἀδελφοὶ
1571 4204 1627 4257 δὲ
1674 4205 1838 4259 αὑτοῦ

1942 4224 1996 4271 et
2026 4215 2172 4273 cives
2235 4223 2529 4291 nuncupati
2586 4233 2716 4284 sunt
2782 4227 3141 4297 intelligibilis
3189 4202 3520 4296 Jerusalem,

255 4297 353 4352 καὶ
400 4296 582 4367 φίλοι·
614 4296 862 4350 κοινωνοὶ
894 4294 1163 4348 τέθεινται
1209 4295 1305 4364 τῆς
1357 4291 1513 4364 δόξης
1536 4307 1553 4324 ⁶
1581 4293 1840 4364 ἠξίωνται

1942 4319 2060 4373 qua:
2089 4318 2174 4364 est
2213 4321 2390 4370 mater
2431 4323 2768 4383 sanctorum,
2795 4291 3224 4388 cujus'ipsemet
3256 4291 3518 4389 propheta

254 4394 310 4447 δὲ
345 4392 442 4446 καὶ
473 4390 573 4460 τῆς
600 4389 805 4446 ἄνωθεν
849 4387 945 4442 καὶ
992 4388 1051 4441 ἐν
1095 4385 1344 4460 οὐρανοῖς
1369 4387 1718 4456 ἀπογραφῆς,
1746 4387 1841 4441 καὶ⁵

1942 4392 2107 4484 Isaias
2133 4403 2379 4459 meminit
2411 4407 2637 4462 dicens:
2669 4427 2706 4461 .ι
2725 4408 2880 4466 Oculi
2909 4410 2988 4466 tui
3013 4412 3523 4484 contemplabnutur

256 4481 475 4535 πολῖται
506 4476 947 4551 κεχρηματίκασι
973 4475 1074 4548 τῆς
1102 4474 1297 4545 νοητῆς
1339 4473 1710 4547 Ἰερουσαλὴμ,
1742 4477 1839 4549 τῆς

1943 4482 2242 4542 Jerusalem
2266 4491 2541 4548 civitatem
2575 4495 2820 4570 divitem,
2851 4500 3085 4554 tentoria
3103 4473 3360 4570 (ιιιεήοη
3387 4513 3522 4568 qua-

254 4572 365 4626 τῶν
415 4570 585 4640 άγίων
633 4569 863 4641 μητρὸς,
905 4562 975 4640 ἧς
1026 4566 1190 4630 αὑτὸς
1229 4568 1258 4620 ό
1300 4568 1584 4638 προφήτης
1620 4567 1846 4634 Ἡσαΐας
1955 4577 2155 4634 uenim-
2180 4579 2248 4634 ιτ,
2273 4597 2294 4632 ι

254 4667 624 4740 διαμέμνηται
654 4663 860 4731 λέγων*
899 4679 918 4714 ι
946 4661 1008 4714 Οί
1060 4657 1326 4730 ὀφθαλμοί
1371 4675 1465 4712 σου
1525 4657 1746 4730 ὄψονται
1789 4662 2179 4740 Ἰερουσαλήμ·
2210 4669 2366 4736 πόλις
2423 4670 2677 4742 πλουσία,
2747 4676 2944 4747 σκηναὶ
2986 4677 3042 4734 αἳ
3073 4679 3132 4734 οὑ
3175 4678 3252 4754 μὴ
3297 4678 3501 4734 σεισθῶ

258 4779 360 4817 σιν.
398 4778 420 4814 ›

327 4845 467 4911 "'Ott
497 4849 793 4910 ἐκπλυνεῒ
810 4849 1026 4918 Κύριος
1060 4846 1166 4900 τὸν
1187 4847 1390 4915 ῥύπον
1415 4846 1536 4900 τῶν
1565 4847 1711 4902 υἱῶν
1745 4847 1846 4902 καί

256 4947 378 5002 τῶν
407 4942 748 5014 θυγατέρων
771 4941 950 4998 Σιώνο
994 4938 1092 4993 καὶ
1119 4937 1184 4992 τὸ
1212 4933 1355 5008 αἷμα
1397 4938 1741 5010 ἐκκαθαριεῖ
1777 4941 1845 4994 ἐκ

254 5035 454 5104 μέσον
485 5032 706 5096 αὐτῶν,
736 5031 807 5084 ἐν
831 5030 1120 5100 πνεύματι
1148 5027 1401 5097 κρίσεως
1425 5027 1527 5083 καί.
1554 5029 1845 5100 πνεύματι

260 5128 558 5190 καύσεως.

345 5215 641 5286 ’Δνανήφει
676 5213 835 5268 πάλιν
867 5215 896 5266 ό
929 5211 1023 5266 τοῦ
1056 5210 1337 5284 προφήτου
1383 5210 1560 5280 λόγος,
1597 5210 1692 5266 καὶ
1742 5209 1842 5274 τάς

260 5306 527 5378 ἐσομένας
555 5305 665 5358 ἐσθ’
691 5305 779 5358 ὅτε
807 5304 959 5377 παρά
984 5319 1146 5357 τινων
1173 5302 1548 5375 εὑρεσιλογίας
1582 5302 1843 5374 περιττὰς

262 5397 579 5466 ἀποφαίνει,
635 5397 729 5451 καὶ
771 5395 879 5450 τῶν
921 5394 1017 5450 τοῦ
1060 5393 1196 5448 Θεοῦ
1241 5396 1524 5468 χριμάτων
1582 5393 1846 5461 κατεξαν-

265 5487 514 5544 ίστασθαί
555 5505 666 5541 τισι
707 5490 825 5543 κατ’
849 5487 1038 5542 οὐδένα
1089 5487 1290 5561 τρόπον
1339 5485 1512 5558 ἐφιεὶς
1543 5485 1848 5556 προαπολο-

262 5582 438 5647 γεῑται
486 5578 772 5652 χρησίμως
797 5594 810 5610 ο
839 5577 1026 5650 ὥσπερ
1057 5577 1165 5649 γάρ
1189 5593 1330 5640 τινος
1372 5575 1548 5632 ἐκεῖνο
1583 5574 1844 5647 βοῶντοςο

2021 4847 2190 4905 Vsus.
2223 4850 2278 4906 4.
2310 4835 2459 4918 Quia
2484 4853 2621 4908 eluet
2675 4852 2931 4912 Daumius
2976 4858 3155 4918 sordes
3185 4860 3420 4936 ﬁliorum
3471 4873 3520 4920 et

1950 4940 2182 5012 ﬁliarum
2212 4941 2342 4999 Sion
2365 4962 2386 5012 ,°
2415 4954 2465 5000 et
2493 4947 2798 5018 sanguinem
2823 4947 2887 5004 de
2927 4951 3097 5005 medio
3123 4968 3301 5010 eorum
3326 4971 3526 5026 purga-

1951 5031 2048 5098 bit,
2077 5032 2131 5087 in
2162 5033 2350 5101 spiritu
2375 5035 2566 5104 judicii
2596 5044 2645 5090 et
2665 5036 2854 5106 spiritu
2877 5039 3272 5097 combustionis.

2019 5210 2180 5266 Redit
2205 5211 2270 5266 ad
2298 5225 2357 5266 se
2404 5227 2592 5267 rursus
2625 5213 2901 5284 prophetae
2920 5215 3193 5282 oratio,et
3237 5219 3523 5271 nonnullo-

1951 5317 2071 5358 rum
2112 5313 2418 5357 commenta
2459 5302 2610 5358 irrita
2660 5304 2773 5360 fore
2815 5307 3071 5372 ostendit,
3099 5322 3329 5376 euntque
3373 5309 3523 5362 nullo

1953 5392 2112 5448 modo
2139 5393 2418 5462 permittat
2465 5394 2939 5464 euiquamdivinis
2982 5397 3236 5454 resistere
3280 5397 3519 5466 judiciis,

1955 5485 2198 5557 apologia
2234 5488 2466 5557 quadam
2509 5489 2795 5558 pritmunit
2821 5489 3046 5557 utiliter,
3075 5505 3140 5545 ac
3176 5487 3219 5544 si
3253 5488 3518 5557 quispiam

1955 5576 2085 5633 illud
2116 5575 2443 5635 occlamaret
2479 5595 2494 5634 :
2533 5576 2869 5642 Extollentur
2900 5579 2968 5636 de
2991 5580 3199 5650 integro
3227 5577 3319 5630 lilii
3357 5573 3518 5629 Jeru-

334 5736 542 5808 '_§_Lttc.
570 5738 728 5818 xxtit,
752 5735 840 5791 30.
916 5737 962 5769 “
990 5735 1122 5792 Luc.
1155 5751 1210 5802 ι,
1243 5733 1335 5788 20.
1412 5733 1457 5765 ε’
1488 5731 1588 5792 lsa.
1626 5746 1821 5797 χχχιιι,
1848 5729 1936 5786 20.
