4178 6500
712 332 808 391 131

1741 334 1802 389 5.
1843 333 2122 389 στκιιιι
2162 329 2637 391 ALEXANDRINI
2677 336 2997 394 ARCHIEP.

3864 342 3970 398 132

712 456 904 522 salem,
933 462 987 511 et
1032 451 1370 508 ornabuntur
1392 438 1397 443 ’
1422 449 1617 521 gioria,
1652 461 1707 507 et
1737 453 1839 509 hoc
1868 465 1926 509 et
1977 456 2031 509 in
2076 455 2281 511 emlesti

2400 455 2807 528 ’Υψωθήσονται
2856 456 3021 510 πάλιν
3045 456 3094 508 oi
3130 455 3239 509 υίοὶ
3268 455 3483 527 Ἰσραήλ
3504 471 3516 484 ·
3553 454 3969 528 δόξασθήσονται

711 549 856 604 libro
907 545 1135 603 describi
1171 542 1542 610 merebuntur,
1562 544 1690 599 licet
1752 544 2085 615 impietatem
2144 548 2286 603 haud

707 639 1053 695 mediocriter
1088 635 1455 701 exercuerim,
1491 636 1784 706 prophetas
1807 636 2129 705 occiderint,
2164 639 2286 693 mis-

709 745 801 785 sos
843 726 1111 799 lapidibus
1158 729 1466 796 obruerint,
1506 729 1681 801 ipsum
1726 730 1943 785 demum
2000 728 2283 786 Christum

708 821 864 876 morti
914 820 1259 887 tradiderint,
1285 836 1581 891 eorumque
1639 836 1833 876 manus
1893 822 2157 892 sanguine
2194 828 2286 877 ‘re—

704 913 1086 968 dundaverint.
1124 910 1264 984 Quid
1304 913 1467 982 igitur
1507 914 1810 984 propheta?
1840 932 1858 965 ι
1885 913 2040 968 Eluet
2098 914 2285 969 Domi-

706 1019 827 1068 nus,
884 1003 1080 1077 inquit,
1138 1004 1326 1059 sordes
1376 1005 1608 1060 filiorum
1672 1015 1727 1060 et
1779 1006 2010 1059 filiarum
2049 1006 2204 1071 Sion,
2232 1017 2287 1061 et

702 1096 1027 1166 sanguinem
1086 1096 1463 1175 expurgabite
1498 1097 1676 1152 medio
1726 1113 1936 1163 eorum,
1975 1098 2029 1153 in
2093 1099 2284 1167 spiritu

700 1186 887 1258 iudicii
942 1195 1000 1242 et
1046 1187 1237 1256 spiritu
1290 1188 1523 1242 ardoris.
1553 1206 1570 1239 ι
1609 1188 1958 1257 Deliquerunt
2016 1189 2283 1258 siquidem

704 1281 845 1336 citra
874 1278 1667 1348 controversiain,justificavit
1695 1295 1825 1333 vero
1870 1294 2060 1334 omnes
2116 1280 2284 1350 gratia

705 1389 805 1448 per
858 1372 1162 1435 Christum,
1198 1373 1548 1441 ipsorumque
1606 1370 2016 1426 interfectorum
2068 1382 2285 1442 peccata

705 1464 977 1521 oblivione
994 1465 1258 1534 sepelivit.
1297 1464 1559 1518 Nimirum
1583 1474 1637 1518 et
1657 1465 1870 1519 divinus
1897 1462 2283 1519 Petrusiudai-

704 1569 825 1609 eum
852 1555 1106 1625 populum
1138 1553 1336 1608 affatur
1360 1554 1556 1632 alicubi
1587 1555 1805 1610 dicens:
1839 1574 1856 1605 ‹
1890 1553 2004 1610 'Vos
2027 1553 2284 1610 Sanctum

703 1654 758 1700 et
784 1642 998 1700 Iustum
1028 1644 1289 1713 negastis,
1326 1654 1382 1699 et
1406 1643 1699 1715 ﬂagitastis
1734 1645 2060 1700 homicidam
2094 1645 2285 1700 donari

703 1738 856 1792 vobis
877 1736 942 1791 ".
982 1754 1003 1787 ο
1040 1736 1250 1791 Alicub‘i
1282 1736 1482 1791 iterum
1515 1754 1528 1791 :
1565 1756 1583 1789 ι
1613 1738 1679 1793 Et
1713 1753 1874 1801 nunc,
1907 1739 2123 1803 fratres,
2163 1737 2285 1791 novi

2388 547 2469 613 δὲ,
2499 549 2591 601 καὶ
2635 548 2735 620 τὴν
2775 547 2887 602 ἄνω
2930 548 3283 620 κερδανοῦσιν
3312 548 3660 619 ἀπογραφὴν,
3687 548 3865 602 καίτοι
3888 549 3970 603 δε-

2385 637 2788 709 δυσσεϐήκασιν
2833 638 2894 690 ού
2932 636 3203 708 μετρίως,
3244 637 3577 691 ἀπεκτόνασι
3605 638 3731 699 τοὺς
3757 638 3970 709 πρόφής

2388 745 2509 792 τας,
2558 727 2942 798 ὲλιθοϐόλησαν
2986 729 3112 790 τοὺς
3154 727 3619 798 ἀπεσταλμένους,
3669 730 3762 781 καὶ
3811 730 3969 783 nam

2382 818 2445 871 δὲ
2471 817 2829 882 τελευτῶντες
2857 817 3189 889 προσέθεσαν
3213 816 3303 869 τὸν
3338 817 3589 888 Χριστὸν,
3627 818 3723 870 καὶ
3740 818 3968 886 γεγόνα-

2391 924 2476 961 σιν
2502 908 2681 961 αύτῶν
2710 910 2766 961 αί
2795 910 2976 978 χεῖρες
3007 907 3236 978 αἵματος
3267 906 3513 979 πλήρεις.
3546 906 3611 960 Τί
3657 903 3750 961 οὖν
3781 911 3811 961 ό
3841 926 3964 981 προσ

2391 1000 2601 1070 φήτης;
2656 998 3003 1064 «Ἐκπλυνεί,
3041 1018 3061 1050 a
3127 998 3298 1068 φησὶ,
3344 1015 3373 1049 4
3407 996 3612 1067 Κύριος
3656 998 3748 1050 τὸν
3803 998 3968 1068 ῥύπον

2388 1091 2497 1145 τῶν
2528 1091 2679 1158 υἱῶν,
2706 1093 2800 1145 καὶ
2828 1091 2939 1144 τῶν
2968 1089 3281 1161 θυγατέρων
3316 1089 3472 1151 Σιὼν,
3504 1091 3598 1142 καὶ
3621 1089 3681 1142 τὸ
3705 1083 3854 1159 αἷμα
3882 1091 3966 1142 ὲκ-

2390 1184 2643 1255 καθαριεῖ
2680 1185 2745 1236 ὲκ
2788 1183 2952 1260 μέσον
2984 1182 3185 1245 αὐτῶν,
3216 1185 3271 1235 ὲν
3315 1181 3585 1252 πνεύματι
3611 1182 3847 1253 κρίσεως
3878 1185 3965 1234 καὶ

2389 1278 2448 1329 ὲν
2500 1276 2769 1347 πνεύματι
2816 1276 3084 1340 καύσεως.
3115 1295 3133 1327 ι
3186 1274 3692 1346 Πεπλημμελήκασι
3722 1275 3829 1344 μὲν
3860 1274 3963 1345 γὰρ

2388 1369 2861 1440 ὁμολογουμένως·
2891 1368 3126 1421 ἐδικαίου
3170 1368 3227 1421 δὲ
3271 1368 3480 1430 πάντας
3526 1368 3560 1437 ή
3612 1366 3770 1436 χάρις
3813 1367 3848 1434 ἡ
3876 1352 3965 1419 6ιᾶ

2390 1460 2650 1532 Χριστοῦ,
2681 1462 2775 1513 καὶ
2809 1458 2991 1522 αὐτοῖς
3024 1458 3081 1511 δὲ
3110 1461 3224 1523 τοῖς
3268 1458 3654 1528 πεφονευκόσιν
3691 1457 3963 1528 ἐχαρίζετο

2389 1553 2486 1629 τὴν
2519 1552 2846 1625 ἀμνηστίαν.
2882 1552 2992 1604 Καὶ
3040 1551 3171 1620 γοῦν
3209 1554 3238 1603 ό
3277 1550 3568 1614 θεσπέσιος
3610 1550 3817 1621 Πέτρος
3862 1553 3960 1613 τοῖς

2404 1644 2670 1699 Ἰουδαίων
2702 1644 2894 1715 δήμοις
2926 1642 3265 1718 προσεφώνει
3300 1643 3472 1712 λέγων
3495 1684 3509 1707 ,
3554 1645 3685 1696 ποτὲ
3722 1644 3823 1712 μὲν
3842 1683 3857 1705 ,
3888 1642 3958 1694 ὅτι

2398 1758 2415 1787 ‹
2438 1738 2627 1808 Ὑμεῖς
2646 1736 2701 1788 δὲ
2718 1737 2808 1788 τὸν
2828 1737 3018 1805 ’Ἄγιον
3036 1736 3131 1789 καὶ
3147 1735 3362 1788 Δίκαιον
3377 1733 3707 1805 ἠρνήσασθε,
3727 1736 3822 1786 καὶ
3834 1734 3959 1804 ᾐτή-

705 1828 850 1899 quod
885 1845 950 1884 et
980 1827 1284 1898 ignorantia
1314 1829 1546 1895 fecistis,
1600 1831 1761 1884 sicuti
1796 1841 1852 1884 et
1890 1831 2162 1901 principes
2193 1844 2282 1884 ve-

2390 1841 2518 1878 σατε
2553 1825 2722 1896 ἄνδρα
2749 1824 2915 1892 φονέα
2938 1822 3261 1895 χαρισθῆναι
3291 1824 3440 1891 ὑμῖν.
3476 1841 3494 1873 ι
3528 1823 3664 1874 Ποτὲ
3694 1821 3752 1873 δὲ
3779 1821 3956 1875 πάλινσ

702 1923 826 1977 atri.
883 1922 1203 2000 Resipiscite
1233 1923 1442 1994 itaque,
1493 1933 1547 1978 et
1580 1924 1886 1993 baptizetur
1914 1925 2282 1995 unusquisque

702 2022 942 2066 vestrum
973 2012 1026 2066 in
1056 2028 1250 2067 nomen
1274 2013 1490 2067 Domini
1520 2011 1671 2079 lesu,
1702 2014 2054 2082 etaccipietis
2078 2014 2279 2069 donum

704 2103 881 2157 sancti
908 2102 1144 2173 Spiritus
1167 2122 1186 2157 ς
1218 2104 1373 2159 vobis
1400 2106 1544 2159 enim
1575 2116 1702 2160 sunt
1731 2106 2114 2174 promissiones
2143 2116 2197 2161 et
2224 2108 2284 2161 fl-

704 2195 789 2249 liis
852 2196 1052 2251 vestris
1080 2195 1152 2251 ".
1178 2214 1197 2248 ι
1230 2195 1590 2266 Quapropter,
1647 2197 1848 2265 inquit,
1903 2199 2279 2253 universorum

702 2285 885 2357 opifex
918 2297 973 2341 et
1019 2287 1299 2352 Dominus,
1334 2288 1562 2342 multum
1620 2289 1955 2352 misericors,
1986 2289 2076 2358 qui
2130 2304 2283 2343 man-

703 2378 989 2433 suetudine
1031 2388 1086 2433 et
1127 2378 1412 2433 clementia
1464 2379 1714 2433 humanm
1766 2382 1963 2433 mentis
2006 2381 2282 2448 angustias

703 2471 939 2535 excedit,
974 2472 1065 2539 qui
1101 2486 1209 2525 non
1236 2470 1350 2524 vult
1380 2477 1608 2525 mortem
1635 2470 1939 2537 morientis,
1969 2487 2076 2542 quo
2104 2486 2228 2525 eum
2252 2487 2283 2526 a

707 2560 793 2614 via
839 2575 935 2615 sua
967 2575 1131 2630 prava
1184 2568 1417 2623 avertat,
1444 2568 1499 2614 et
1539 2560 1722 2613 vivat:
1751 2559 1934 2615 abluet
1968 2560 2157 2615 sordes
2186 2574 2281 2615 eo-

707 2667 825 2707 rum
877 2651 971 2722 qui
1010 2661 1326 2721 pecearunt,
1365 2658 1421 2704 et
1471 2663 1502 2703 e
1543 2649 1721 2704 medio
1770 2648 1985 2704 illorum
2031 2650 2285 2720 purgabi-t

704 2743 1047 2813 sanguinem,
1081 2740 1272 2811 spiritu
1306 2738 1498 2808 iudicii
1522 2748 1573 2794 et
1602 2739 1795 2809 Spiritu
1823 2739 2056 2794 ardoris.
2084 2738 2282 2796 Jndicli

701 2846 881 2889 autem
910 2833 1160 2903 spiritum
1189 2831 1444 2897 dicimus,
1480 2845 1546 2886 ex
1588 2831 1793 2898 judicio
1814 2842 1965 2886 recto
1994 2841 2049 2886 et
2075 2832 2282 2900 iustitia

702 2926 870 2981 latum
900 2926 953 2982 in
985 2939 1133 2979 nosa
1165 2924 1275 2978 Deo
1304 2922 1596 2977 calculum.
1618 2922 1736 2992 76
1752 2921 1973 2977 Scilicet
2009 2923 2080 2975 ita
2109 2922 2285 2996 inquit

704 3020 968 3074 Servator
1001 3036 1019 3072 ι
1060 3035 1078 3069 ‹
1108 3015 1264 3070 Nunc
1311 3015 1575 3083 judicium
1628 3024 1714 3068 est
1752 3013 1932 3069 saeculi
1963 3013 2121 3081 hujus
2158 3014 2224 3067 “.
2256 3032 2275 3065 ›

701 3108 917 3163 Iudicio
947 3109 1092 3162 enim
1132 3106 1410 3163 contendit
1434 3120 1557 3159 cum
1587 3107 1788 3160 mundo
1814 3105 1917 3159 hoc
1948 3115 2002 3159 et
2033 3120 2157 3160 cum
2179 3105 2281 3159 Sa-

2396 1936 2414 1969 ι
2441 1917 2550 1971 Καὶ
2568 1916 2683 1982 νῦν,
2707 1916 2945 1984 ἀδελφοὶ,
2966 1910 3105 1979 οἶδα,
3138 1913 3281 1967 κατὰ
3306 1914 3529 1982 ἄγνοιαν
3552 1912 3845 1982 ἐπράξατε,
3863 1910 3958 1964 ὦσρ

2388 2025 2491 2079 περ
2515 2009 2609 2061 καὶ
2631 2009 2681 2061 oi.
2705 2008 2963 2080 ἄρχοντες
2987 2006 3158 2078 ὑμῶν.
3177 2006 3559 2079 Μετανοήσατε
3579 2000 3806 2068 advntu“.
3834 2003 3958 2074 βαπ-

2385 2101 2628 2172 τισθήτω
2647 2099 2874 2161 ἕκαστος
2894 2098 2924 2150 ὑ
2933 2097 3047 2169 μῶν
3065 2102 3142 2162 είς
3159 2099 3218 2151 τὸ
3239 2098 3410 2168 δνομα
3427 2095 3521 2148 τοῦ
3538 2096 3746 2169 Κυρίου
3770 2094 3956 2165 Ἰησοῦ,

2390 2197 2485 2249 κοιλ⁵
2518 2194 2753 2267 λήψεσθε
2782 2193 2880 2264 τὴν
2916 2191 3127 2269 δωρεὰν
3159 2189 3253 2244 τοῦ
3278 2191 3438 2259 ἁγίου
3456 2186 3779 2257 Πνεύματος
3800 2204 3814 2218 ο
3844 2188 3959 2255 ὑμῖν

2390 2287 2499 2359 γάρ
2528 2289 2664 2340 είσιν
2695 2288 2751 2340 αί
2786 2286 3108 2359 ἐπαγγελίαι
3140 2284 3235 2336 καὶ
3268 2286 3379 2346 τοῖς
3408 2282 3616 2344 τέκνοις
3646 2281 3824 2351 ὑμῶν.
3854 2298 3873 2330 ι
3908 2280 3958 2330 '0

2390 2384 2592 2449 τοίνυν,
2620 2380 2807 2452 φησὶν,
2840 2383 2868 2434 ό
2896 2379 3004 2433 τῶν
3026 2379 3164 2431 ὅλων
3189 2374 3520 2451 δημιουργὸς
3564 2376 3657 2430 καὶ
3680 2373 3911 2443 Κύριος,
3935 2371 3959 2421 ό

2392 2474 2559 2537 »πολὺς
2601 2474 2677 2543 είς
2723 2472 2894 2537 ἔλεος,
2921 2475 2949 2525 ὁ
2978 2470 3145 2525 νικῶν
3173 2469 3471 2540 ὴμερότητι
3499 2466 3598 2528 τὰς
3624 2462 3957 2535 ἀνθρωπίνας

2393 2561 2790 2640 μικροψυχίας·
2838 2564 2867 2615 ὁ
2901 2560 2977 2633 μὴ
3005 2559 3176 2612 θέλων
3215 2558 3308 2611 τὸν
3341 2556 3568 2610 θάνατον
3607 2553 3701 2607 τοῦ
3732 2550 3956 2640 ἀποθνής

2392 2638 2633 2716 σκοντος,
2661 2653 2738 2715 ὡς
2769 2651 2829 2704 τὸ
2851 2650 3179 2722 ἐπιστρέψαι
3207 2648 3368 2702 αὐτὸν
3396 2646 3505 2701 ἀπὸ
3523 2645 3624 2711 τῆς
3651 2642 3775 2697 ὁδοῦ
3808 2638 3956 2696 αὑτοῦ

2388 2745 2490 2815 τῆς
2539 2746 2807 2814 πονηρᾶς,
2845 2745 2940 2798 καὶ
2990 2743 3091 2814 ζῇν
3130 2738 3617 2796 αύτόν.⁹Εκπλυνεῖ
3663 2738 3756 2790 τὸν
3801 2735 3957 2807 ῥύπον

2388 2837 2496 2889 τῶν
2526 2837 2946 2915 ἡμαρτηκότων,
2981 2834 3305 2901 ὲκκαθαριεϊ
3326 2833 3383 2891 δὲ
3416 2833 3511 2885 καὶ
3536 2830 3597 2883 τὸ
3622 2826 3761 2900 αἷμα
3788 2832 3850 2882 ὲκ

2391 2946 2483 2982 σου
2530 2929 2712 2982 αὐτῶν
2754 2932 2812 2982 ὲν
2858 2928 3127 2999 πνεύματι
3172 2927 3403 2999 κρίσεως
3450 2925 3543 2978 καὶ
3586 2926 3643 2975 ἐν
3697 2920 3955 2990 πνεύματι

2387 3020 2655 3084 καύσεως.
2690 3020 2802 3073 Καὶ
2847 3020 2909 3077 τδ
2966 3021 3062 3091 μὲν
3113 3020 3212 3090 τῆς
3255 3019 3489 3095 κρίσεως
3518 3014 3735 3086 πνεῦμά
3768 3029 3953 3084 φαμεν,

2384 3112 2486 3183 τὴν
2509 3112 2649 3182 μετὰ
2668 3112 2904 3187 κρίσεως
2932 3112 3118 3183 ὀρθῆς,
3142 3112 3260 3186 ἦτοι
3280 3110 3645 3178 δικαιοσύνης,
3673 3104 3956 3176 ὲξενεχθεῐο

704 3209 830 3254 tana
860 3216 873 3254 :
917 3209 972 3252 et
1007 3200 1150 3252 hunc
1176 3196 1396 3266 quidem
1421 3195 1589 3263 eiecit
1622 3205 1682 3249 ut
1711 3195 1905 3265 injuria
1937 3194 2278 3259 uincientem,

2386 3174 2485 3260 σαν
2510 3174 2597 3271 έφ*
2629 3174 2762 3274 ἡμῖν
2795 3174 2946 3279 παρὰ
2965 3174 3323 3275 δεόῦτψῆφον.
3356 3199 3511 3251 Οῦτω
3532 3174 3640 3266 γάρ
3668 3196 3771 3250 πού
3801 3174 3953 3267 φησιν

702 3292 825 3347 illos
876 3305 1006 3344 vero
1060 3288 1383 3356 justifieavit
1416 3303 1447 3343 e
1481 3288 1682 3349 mundo
1726 3300 1823 3356 per
1872 3287 2052 3351 fidem,
2083 3286 2281 3354 injuria

702 3383 951 3439 affectos.
980 3380 1209 3435 Ardoris
1240 3394 1370 3434 vero
1392 3379 1644 3449 spiritum
1679 3379 1932 3443 dicimus,
1966 3378 2192 3448 gratiam
2224 3378 2281 3433 in

703 3479 1058 3533 sacrosancto
1084 3470 1377 3540 baptismo,
1407 3487 1513 3525 non
1542 3471 1747 3539 absque
1780 3468 1988 3539 Spiritu
2014 3468 2170 3523 nobis
2196 3468 2280 3522 in-

700 3574 1039 3639 generatam.
1062 3561 1326 3633 Baptizati
1358 3548 1538 3617 autem
1570 3571 1625 3617 et
1646 3561 1738 3616 loti
1777 3576 1986 3627 sumus,
2014 3578 2118 3617 non
2142 3574 2281 3632 aqua

702 3655 870 3720 nuda,
900 3653 993 3707 sed
1012 3668 1111 3707 nec
1139 3654 1320 3708 cinere
1360 3652 1512 3707 vituli
1540 3652 1817 3708 emundati
1845 3668 2054 3718 sumus,
2097 3652 2163 3707 ad
2202 3666 2285 3706 so-

704 3747 812 3800 lam
867 3745 1052 3800 carnis
1104 3744 1558 3815 purificationem,
1604 3744 2056 3814 quemadmodum
2111 3744 2286 3814 inquit

700 3837 898 3892 beatus
928 3834 1130 3889 Paulus
1152 3836 1218 3901 “,
1257 3837 1351 3890 sed
1386 3834 1593 3905 Spiritu
1631 3845 1842 3900 sancto,
1872 3847 1924 3890 et
1950 3836 2072 3906 igne
2103 3836 2284 3891 divino

702 3943 768 3983 ac
793 3926 1144 3995 intelligibili,
1176 3925 1270 3995 qui
1304 3927 1493 3981 sordes
1522 3925 1840 3981 vitiositatis
1877 3927 1929 3979 in
1955 3926 2113 3979 nobis
2132 3926 2284 3980 dete-

706 4021 776 4074 rit
804 4030 858 4074 et
892 4019 1147 4081 absumit,
1173 4026 1227 4072 et
1273 4016 1481 4086 peccati
1522 4017 1954 4086 inquinationem
2006 4016 2180 4086 liquat
2228 4027 2282 4072 et

699 4110 972 4182 excoquit.
1006 4109 1164 4164 Hunc
1195 4109 1504 4164 Servatoris
1545 4109 1836 4163 adventum
1874 4108 2027 4163 nobis
2065 4119 2118 4162 et
2145 4109 2284 4163 alter

701 4218 920 4274 quoque
949 4218 979 4256 e
1008 4203 1213 4258 sanctis
1239 4202 1518 4273 prophetis
1540 4201 1982 4273 przesignifieavit
2009 4203 2280 4276 inquiens:

708 4313 730 4350 ε
752 4294 887 4362 Quia
912 4309 1039 4349 ecce
1056 4294 1375 4375 egredietur
1395 4294 1553 4364 quasi
1590 4294 1734 4363 ignis
1766 4293 2024 4359 fornacis,
2051 4306 2103 4349 et
2127 4295 2281 4364 quasi

704 4387 870 4443 herba
910 4386 1168 4452 Iotorum,
1198 4395 1252 4442 et
1300 4387 1551 4457 purgabit
1596 4385 1882 4443 conflando
1903 4386 2060 4458 quasi
2088 4403 2281 4468 argen-

2383 3297 2412 3353 ό
2444 3296 2670 3370 Σωτήρο
2721 3313 2740 3345 t
2772 3293 2886 3347 Νῦν
2930 3293 3108 3367 κρίσις
3160 3293 3276 3345 ἐστὶ
3320 3291 3415 3345 τοῦ
3465 3291 3659 3352 αίῶνος
3693 3289 3949 3341 τούτου.»

2397 3385 2645 3445 Ἐδίκασε
2683 3384 2791 3454 γὰρ
2818 3383 2897 3454 τῷ
2924 3382 3080 3436 αίῶνι
3108 3381 3285 3451 τούτῳ
3331 3381 3427 3435 καὶ
3471 3380 3551 3451 τῷ
3586 3380 3834 3449 Σατανᾷο
3871 3374 3953 3429 καὶ

2382 3477 2476 3528 τὸν
2524 3476 2624 3545 μὲν
2673 3473 3004 3546 ἐκϐέϐληκεν
3052 3471 3129 3534 ὡς
3174 3470 3498 3542 ὴδικηκότα*
3548 3466 3863 3519 δεδικαίωκε
3903 3461 3953 3515 δὲ

2382 3568 2510 3630 τοὺς
2537 3569 2595 3619 ὲν
2619 3564 2697 3643 τῷ
2727 3566 2916 3635 κόσμῳ
2947 3564 3037 3619 διὰ
3080 3563 3181 3634 τῆς
3213 3563 3447 3623 πίστεως
3479 3559 3554 3623 ὡς
3580 3557 3947 3629 ἠδικημένους.

2383 3658 2649 3721 Καύσεως
2675 3658 2733 3711 δὲ
2764 3656 2983 3726 πνεῦμά
3016 3672 3196 3725 φαμεν
3222 3654 3319 3724 τὴν
3357 3652 3449 3705 ἐπὶ
3490 3650 3566 3721 τῷ
3598 3648 3740 3719 ἁγίῳ
3770 3644 3950 3719 βαπτί.

2386 3765 2552 3824 σματι
2580 3747 2760 3825 χάριν,
2794 3748 2856 3800 ού
2884 3745 3006 3816 δίχα
3037 3745 3350 3815 Πνεύματος
3387 3744 3444 3801 ἐν
3479 3743 3608 3813 ἡμῖν
3649 3739 3951 3810 γινομένην.

2385 3824 2808 3908 Βεϐαπτίσμεθα
2860 3838 2958 3908 μὲν
3014 3837 3126 3907 γὰρ
3177 3836 3279 3887 οὐκ
3329 3834 3386 3885 ὲν
3423 3831 3575 3884 ὕδατι
3609 3828 3824 3901 γυμνῷ,
3850 3824 3949 3879 ἀλλ’

2385 3928 2507 3981 οὐδὲ
2540 3928 2720 3998 σποδῷ
2752 3927 3055 3998 δαμάλεως,
3089 3923 3487 3997 ἐρραντίσμεθα
3523 3922 3580 3975 δὲ
3614 3922 3752 3997 πρὸς
3799 3919 3951 3989 μόνην

2383 4019 2481 4091 τὴν
2506 4020 2602 4090 τῆς
2633 4018 2835 4088 σαρκὸς
2867 4017 3236 4089 καθαρότητα,
3269 4015 3413 4070 καθά
3439 4030 3601 4085 φησιν
3631 4015 3660 4066 ὁ
3691 4014 3950 4085 μακάριος

2384 4110 2617 4177 Παῦλος,
2648 4110 2764 4163 ἀλλ’
2790 4112 2848 4163 ὲν
2876 4111 3157 4179 Πνεύματι
3204 4107 3362 4177 ἁγίῳ,
3393 4108 3486 4160 καὶ
3535 4106 3668 4178 πυρὶ
3711 4104 3793 4177 τῷ
3835 4102 3951 4171 θείῳ

2383 4207 2479 4257 καὶ
2503 4203 2698 4274 νοητῷ,
2726 4204 2855 4267 τοὺς
2900 4202 3002 4273 τῆς
3043 4203 3099 4254 ὲν
3136 4203 3270 4273 ἡμῖν
3299 4200 3630 4270 φαυλότητος
3653 4196 3951 4252 δαπανῶντι

2382 4295 2606 4372 ῥύπους,
2625 4296 2720 4349 καὶ
2738 4295 2829 4348 τὸν
2853 4297 2917 4349 ὲκ
2933 4294 3031 4365 τῆς
3055 4294 3326 4371 ἁμαρτίας
3348 4294 3634 4365 ὲκτήκοντι
3667 4285 3949 4363 μολυσμόνρ

2383 4390 2651 4462 Τοιαύτην
2698 4391 2829 4461 ἡμῖν
2876 4388 2972 4446 τοῦ
3023 4390 3270 4465 Σωτῆρος
3296 4388 3395 4458 τὴν
3427 4387 3608 4456 ἄφιξιν
3643 4385 3739 4439 καὶ
3784 4386 3950 4458 ἔτερος

705 4490 818 4534 tum
847 4488 903 4535 et
933 4478 1086 4550 quasi
1117 4493 1309 4534 aurum
1337 4480 1437 4532 ⁸⁸.»
1470 4480 1545 4535 De
1574 4476 1776 4536 Iudaeis
1805 4481 1949 4536 enim
1978 4480 2067 4552 qui
2097 4480 2281 4538 inube-

2386 4483 2490 4541 τῶν
2558 4481 2730 4550 ἁγίων
2802 4481 3097 4555 προφητῶν
3168 4480 3701 4551 προκαταμεμήνυκε
3750 4478 3947 4549 λέγων·

702 4571 925 4626 dientiae
979 4571 1194 4627 crimini
1250 4569 1436 4625 afﬁnes
1494 4581 1912 4641 permanserunt
1962 4589 1977 4625 :
2028 4571 2282 4628 «Deiecit

2387 4578 2541 4632 ιὊτι
2591 4574 2699 4631 ἰδοὺ
2727 4572 2887 4637 αὐτὸς
2919 4572 3294 4651 εἰσπορεύεται
3323 4571 3399 4635 ὡς
3432 4570 3543 4642 πῦρ
3567 4568 3947 4649 χωνευτηρίου.

706 4661 870 4728 follis,
896 4680 915 4713 ι
950 4661 1144 4731 inquit,
1175 4679 1195 4713 ι
1224 4660 1292 4715 ab
1332 4661 1489 4731 igne;
1535 4660 1736 4717 defecit
1768 4662 2066 4732 plumbum,
2102 4663 2154 4717 in
2192 4677 2284 4715 va-

704 4769 834 4807 num
872 4752 1025 4808 faber
1049 4765 1330 4825 argentum
1357 4753 1556 4814 condat
1588 4773 1603 4809 :
1639 4755 1860 4810 malitiae
1888 4769 2078 4810 eorum
2107 4754 2279 4829 lique-

2380 4667 2475 4721 καὶ¹
2501 4664 2577 4729 ὡς
2610 4664 2716 4717 πόα
2745 4656 3073 4728 πλυνόντων,
3109 4664 3204 4717 καὶ
3232 4662 3496 4716 καθιείται
3523 4661 3775 4732 χωνεύων
3797 4662 3870 4724 ὡς
3899 4657 3952 4712 τὸ

2378 4755 2640 4833 ἀργύριον
2664 4755 2759 4813 και)⁸
2783 4754 2858 4827 ὡς
2883 4755 2943 4808 τὸ
2965 4755 3206 4827 χρυσίον.
3235 4774 3267 4807 ι.
3282 4754 3416 4827 Περὶ
3439 4754 3541 4830 μὲν
3569 4753 3680 4827 γὰρ
3703 4754 3814 4807 τῶν
3842 4754 3951 4806 ’1ου-

704 4843 865 4899 facta!
904 4853 1066 4913 sunt;
1090 4857 1376 4917 argentum
1417 4848 1767 4921 reprobatum
1794 4854 1985 4902 vocate
2006 4860 2124 4914 eos,
2155 4846 2280 4916 quia

2386 4848 2565 4909 δαίων,
2589 4846 2638 4900 οἳ
2690 4848 2783 4900 καὶ
2828 4851 2939 4910 τοῖς
2982 4849 3081 4919 τῆς
3105 4845 3388 4908 ἀπειθείας
3420 4845 3761 4916 ἐγκλήμασιν
3790 4845 3949 4916 ἔνοχοι

703 4938 1016 5009 reprobavit
1063 4954 1158 4994 eos
1213 4939 1476 4995 Dominus
1503 4940 1615 4994 “.a
1667 4940 1723 4999 in
1769 4939 1926 4995 nobis
1963 4947 2141 4994 autem
2189 4940 2280 5009 qui

706 5030 1058 5096 credidimus,
1085 5047 1190 5086 non
1232 5031 1285 5086 in
1317 5031 1532 5086 irritum
1560 5030 1826 5086 laboravit
1850 5031 1996 5086 faber
2027 5042 2282 5100 argenta-

706 5124 841 5187 rius,
870 5137 1046 5193 neque
1090 5123 1287 5179 defecit
1338 5123 1483 5178 follis
1524 5124 1593 5180 ab
1647 5124 1790 5195 igne,
1824 5139 1921 5179 nec
1968 5124 2278 5195 plumbum;

704 5214 914 5284 purgati
951 5214 1096 5269 cnim
1136 5230 1327 5270 sumus
1366 5214 1420 5268 in
1454 5213 1647 5283 spiritu
1699 5214 1883 5283 iudicii
1924 5215 2057 5269 etin
2092 5215 2283 5284 spiritu

706 5306 939 5361 ardoris.
961 5305 1113 5373 Quod
1136 5306 1181 5360 si
1204 5305 1326 5375 quis
1351 5303 1481 5361 velit
1500 5305 1680 5360 dicere
1698 5306 2067 5377 purgationem
2097 5306 2147 5360 in
2171 5307 2286 5376 spi-

707 5397 812 5451 ritu
833 5396 1020 5463 judieii
1051 5396 1317 5465 etspiritu
1343 5395 1729 5453 combustionis
1756 5398 1808 5452 in
1835 5396 2058 5453 Judaieo
2086 5398 2286 5470 populo

706 5486 906 5542 factam
932 5502 1055 5543 esse
1082 5502 1177 5559 per
1210 5485 1549 5545 calamitates
1591 5489 1835 5561 bellicas,
1862 5502 1915 5544 et
1943 5505 2040 5560 per
2064 5506 2126 5545 ea
2163 5506 2283 5560 quae

696 5568 853 5647 passi
890 5586 1018 5630 sunt
1065 5577 1319 5647 (purgant
1354 5578 1499 5635 enim
1546 5588 1601 5637 et
1628 5583 1923 5637 emundant
1950 5582 2277 5654 punitiones,

2391 4942 2780 5017 μεμενήκασιν·
2807 4959 2825 4991 ι
2849 4939 3145 5014 Ἐξέλιπε,›
3172 4939 3355 5010 φησὶ,‹
3381 4939 3632 5009 φυσητὴρ
3646 4938 3753 4992 ἀπὸ
3772 4937 3947 5009 πυρὸς,

2386 5030 2599 5096 ἐξέλιπε
2621 5031 2886 5102 μόλιϐδος,
2904 5033 2983 5095 είς
3006 5033 3157 5086 κενὸν
3175 5031 3548 5104 ἀργυροκόπος
3570 5028 3945 5104 ἀργυροκοπεῐ.

2385 5125 2647 5197 Πονηρίαι
2676 5125 2855 5179 αὐτῶν
2890 5125 2990 5179 οὐκ
3019 5125 3289 5193 ὲτάκησαν
3308 5139 3323 5154 ·
3359 5123 3623 5195 ἀργύριον
3647 5124 3949 5177 ἀποδεδοκι-

2390 5218 2668 5289 μασμένον
2693 5216 2957 5271 καλέσατε
2987 5217 3203 5280 αὐτοὺς,
3226 5218 3307 5270 ὅτι
3341 5216 3746 5287 ἀπεδοκίμασεν
3766 5216 3948 5274 αὐτοὺς

2388 5308 2611 5380 Κύριος.
2644 5327 2661 5359 ι
2702 5308 2819 5377 Ἐφ’
2846 5310 2977 5379 ἡμῖν
3023 5308 3080 5361 δὲ
3128 5311 3239 5372 τοῖς
3282 5308 3725 5373 πεπιστευκόσιν,
3752 5307 3850 5361 οὒκ
3878 5306 3949 5365 είς

2388 5401 2544 5454 κενὸν
2598 5401 2927 5455 κεκοπίακεν
2974 5401 3381 5473 ἀργυροκόπος,
3416 5401 3539 5454 οὔτε
3595 5402 3701 5473 μὴν
3747 5398 3948 5465 ἐξέλιπε

2390 5494 2640 5565 φυσητὴρ
2669 5493 2775 5546 ἀπὸ
2802 5495 2970 5566 πυρὸς
3000 5495 3031 5566 ἢ
3060 5495 3328 5565 μόλιϐδος,
3360 5494 3749 5568 κεκαθάρμεθα
3774 5494 3879 5563 γὰρ
3898 5490 3947 5542 ὲν

2387 5585 2659 5655 πνεύματι
2689 5585 2919 5659 κρίσεως
2946 5588 3039 5641 καὶ
3065 5590 3121 5641 ἐν
3147 5588 3413 5660 πνεύματι
3435 5591 3699 5651 καύσεως.
3728 5588 3790 5640 El
3817 5584 3871 5637 δὲ
3890 5580 3948 5648 δὴ

778 5734 824 5765 ⁸⁸
853 5734 975 5787 Act.
1011 5750 1089 5797 ut,
1120 5735 1205 5790 M.
1249 5736 1295 5766 "
1329 5736 1480 5810 ibid.,
1509 5744 1575 5799 l7
1603 5757 1757 5819 seqq.
1796 5740 2010 5803 “Joan.
2031 5744 2234 5810 xtt,5i.
2276 5745 2319 5776 “
2344 5741 2507 5801 Hebr.
2530 5759 2608 5813 ιι,
2632 5744 2719 5810 15,
2750 5745 2837 5803 il.
2880 5746 2925 5777 “
2953 5743 3176 5801 Malach.
3199 5747 3350 5815 ttt,2,
3376 5749 3427 5806 ὅ.
3472 5748 3515 5780 ⁸⁸
3536 5747 3732 5805 Jerem.
3765 5736 3938 5813 ",29.
