4178 6554
272 383 379 440 153

1443 375 1509 432 IN
1547 372 1782 432 ISAIAM
1823 373 1951 431 LIB.
1994 376 2035 431 l.
2072 372 2281 432 ORAT.
2324 375 2410 430 l-ll.

3416 370 3520 430 134

272 494 515 564 βούλοιτό
553 512 635 560 τις
669 494 769 565 τὴν
800 494 860 548 ἐν
886 490 1157 563 πνεύματι
1179 488 1443 553 καύσεως
1468 487 1847 558 ἀποκάθαρσιν

1952 495 2007 542 et
2054 484 2294 540 omnium
2326 482 2498 555 judici
2533 483 2663 539 dare
2697 496 2907 554 plenus,
2944 481 3210 543 interdum
3258 497 3289 538 a
3342 483 3523 547 multis

269 588 597 660 γεγενῆσθαι
622 588 801 658 λέγειν
820 588 923 641 ἐπὶ
954 588 1067 649 τοῖς
1102 584 1371 641 Ἰουδαίων
1397 582 1610 655 δήμοις,
1635 580 1724 634 διὰ
1752 580 1852 652 τῇς

268 681 335 732 ὲκ
369 680 461 733 τοῦ
498 680 735 750 πολέμου
786 679 1074 750 συμφορᾶς
1126 678 1223 731 καὶ
1257 671 1333 731 ὧν
1365 674 1853 745 ὑπομεμενήκασιν

1960 576 2176 633 delictis
2218 576 2463 642 liberat),
2494 589 2523 628 a
2559 589 2686 630 vero
2735 589 2802 630 ne
2846 576 2933 634 sic
2985 576 3197 647 quidem
3250 575 3526 631 aberrabis

1959 671 2157 727 oratio.

268 772 740 842 (ἀποκαθαίρουσι
786 771 886 842 μὲν
920 769 1027 843 γᾴρ
1052 769 1404 834 αίρκολάσεις,
1465 768 1559 822 καὶ
1587 765 1919 820 ἀπαλλάττει
1957 763 2071 817 ἔσθ’
2147 762 2237 819 ὅτε
2283 760 2493 815 πολλῶν
2527 759 3016 833 πλημμελημάτων
3052 760 3112 816 τὸ
3141 761 3398 837 ὑποσχεῖν
3425 757 3526 827 τὰς

264 864 420 927 δίκας
448 862 525 933 τῷ
550 863 768 916 πάντων
799 864 963 934 κριτῇ
983 862 1001 931 )
1021 879 1036 892 ·
1073 862 1292 933 φορέσει
1308 860 1416 917 ,καὶ
1440 857 1584 912 οὑτω
1609 857 1671 911 τὸ
1693 856 1892 928 ἀληθὲς
1925 857 1953 909 δ
1978 856 2156 923 λόγος.

334 956 444 1012 Καὶ
472 955 629 1023 ἣξει,
650 954 747 1012 καί
772 955 965 1021 ἔσται,
989 952 1110 1019 πᾶς
1129 955 1315 1019 τόπος
1338 951 1446 1007 τοῦ
1472 951 1653 1021 ὄρους
1672 951 1849 1019 Σιὼν,

264 1038 363 1101 κάι
390 1046 586 1101 πάντα
616 1046 689 1101 τὰ
721 1046 1067 1115 περικύκλῳ
1099 1043 1312 1113 αὐτῆς,
1338 1043 1585 1099 σκιάσει
1620 1042 1849 1114 νεφέλη

264 1138 508 1208 ἡμέρας,
547 1139 646 1193 καί
688 1140 769 1205 ὠς
812 1138 1050 1193 καπνοῦ
1074 1176 1089 1202 ,
1132 1136 1232 1192 καὶ
1280 1137 1361 1202 ὡς
1412 1137 1611 1205 φωτός
1657 1134 1850 1204 πυρὸς

265 1228 580 1298 καιομένου
604 1228 845 1295 νυκτὸς,
870 1228 1036 1297 πάσῃ
1067 1226 1142 1296 τῇ
1161 1228 1309 1297 δόξῃ
1326 1226 1846 1295 σκεπασθήσεται.

264 1319 372 1372 Kal
406 1319 578 1374 ἔσται
608 1321 695 1385 είς
728 1318 911 1373 σκιὰν
930 1318 1048 1373 ἀπὸ
1080 1320 1402 1389 καύματος,
1424 1319 1522 1372 καί
1546 1318 1617 1372 ἐν
1648 1317 1848 1389 σκέπη

264 1408 363 1462 καὶ
395 1408 464 1461 ἐν
495 1409 827 1479 ἀποκρύφῳ
856 1410 977 1464 ἀπὸ
1005 1410 1416 1478 σκληρότητος
1448 1409 1548 1465 καὶ
1576 1410 1777 1468 ὑετοῦ.

336 1503 471 1572 Περὶ
491 1503 633 1566 τίνος
662 1503 771 1574 ἄρα
796 1504 880 1568 τὸ,
907 1502 1090 1568 Ἥξει,
1111 1502 1245 1573 φησί
1262 1519 1277 1568 ;
1297 1503 1506 1573 Πότερα
1525 1503 1620 1561 τοῦ
1637 1502 1852 1573 καιροῦ.

269 1594 391 1649 καθ’
414 1594 474 1647 ὃν
514 1594 666 1648 ἔσται
690 1594 883 1657 ταῦτα,
911 1594 944 1664 ἢ
974 1596 1103 1665 περὶ
1130 1593 1223 1652 τοῦ
1250 1594 1509 1660 καθέντος
1543 1596 1736 1653 ἑαυτὸν
1772 1598 1855 1661 είς

267 1684 521 1748 κένωσιν,
546 1685 641 1741 καὶ
668 1684 1004 1748 καταϐάντος
1031 1685 1090 1751 ἐξ
1121 1684 1351 1755 οὐρανοῦ
1384 1686 1471 1743 ἵνα
1496 1686 1556 1739 τὸ
1580 1685 1856 1758 ἀνθρώπιν’

2026 946 2270 1014 Vnas..5,
2307 947 2360 1001 6.
2402 945 2470 1000 Et
2512 946 2694 1011 veniet,
2720 956 2767 1000 et
2802 946 2904 1000 erit
2945 947 3114 1001 omnis
3159 948 3304 1004 locus
3338 951 3531 1007 montis

1952 1040 2106 1102 Sion,
2129 1052 2178 1094 et
2196 1040 2374 1094 omnia
2410 1056 2527 1109 qua:
2555 1039 2608 1093 in
2635 1038 2861 1091 circuitu
2880 1037 2993 1107 ejus
3026 1049 3173 1103 sunt,
3195 1039 3530 1098 obumbrabit

1951 1132 2111 1187 nubes
2167 1132 2422 1197 interdiu,
2469 1143 2624 1185 noctu
2668 1148 2788 1186 vero
2840 1132 3017 1185 instar
3061 1131 3196 1197 fumi
3263 1141 3311 1184 et
3363 1132 3533 1187 instar

1951 1223 2247 1295 splendoris
2301 1225 2435 1294 ignis
2480 1222 2703 1288 incensi,
2738 1222 2879 1276 omni
2929 1220 3104 1292 gloria
3137 1219 3427 1291 obtegetur,
3477 1231 3530 1280 el

1951 1315 2050 1370 erit
2087 1316 2202 1370 loco
2231 1315 2429 1369 umbra:
2469 1316 2534 1368 ab
2565 1324 2719 1382 cestu,
2753 1324 2800 1369 et
2834 1314 2949 1367 loco
3000 1314 3301 1384 tegumenti,
3326 1323 3374 1367 et
3405 1313 3527 1370 abs-

1952 1405 2267 1462 conditiouis
2294 1421 2325 1459 α
2356 1404 2561 1458 servitia
2584 1414 2631 1458 et
2657 1404 2857 1473 pluvia.

2022 1496 2100 1552 De
2119 1511 2227 1567 quo
2253 1496 2420 1567 igitur
2445 1495 2595 1561 dicit,
2613 1493 2840 1551 Veniet?
2884 1492 3022 1548 Num
3050 1494 3116 1550 de
3139 1501 3385 1565 tempore
3415 1509 3525 1566 quo

1952 1588 2067 1646 haec
2096 1589 2277 1644 futura
2326 1597 2477 1655 sunt,
2509 1604 2576 1643 an
2606 1589 2673 1644 de
2705 1603 2769 1644 eo
2792 1589 2882 1658 qui
2916 1601 2975 1642 se
2995 1588 3063 1641 ad
3101 1587 3523 1646 exinmitionem

1952 1679 2192 1745 demisit,
2222 1688 2279 1735 et
2315 1680 2383 1735 de
2413 1680 2567 1739 cmlis
2605 1679 2884 1735 descendit
2913 1686 2975 1733 ut
3007 1692 3177 1750 genus
3231 1680 3525 1735 humanum

267 1794 355 1829 νον
400 1775 643 1848 διασώσῃ
688 1776 876 1845 γένοςς
915 1776 1172 1848 Ἀρμόσει
1206 1778 1387 1834 τοίνυν
1411 1779 1439 1830 ό
1467 1778 1646 1847 λόγος,
1674 1780 1778 1833 κᾶν
1806 1779 1849 1832 sl

1956 1771 2238 1826 servaret?
2284 1770 2586 1838 Quadrabit
2635 1785 2767 1843 ergo
2816 1770 3016 1835 oratio,
3074 1772 3190 1826 sire
3233 1772 3350 1827 haec
3407 1772 3528 1842 quis

268 1868 328 1921 τέ
358 1884 443 1930 τις
469 1867 622 1936 λέγοι
646 1868 773 1938 περὶ
805 1866 894 1921 τοῦ
918 1866 1113 1938 καιροῦ
1137 1867 1240 1937 τῆς
1259 1868 1561 1939 ,ἐπιδημίας
1593 1869 1846 1941 εἰρῆσθαι

267 1959 455 2013 ταυτί·
491 1958 591 2011 κᾶν
620 1958 720 2013 εἰτ’
754 1955 847 2012 οὖν
875 1958 962 2011 ἐπ’
991 1957 1156 2010 αὑτοῦ
1188 1958 1431 2028 βούλοιτο
1460 1960 1554 2016 τοῦ
1582 1960 1843 2032 Χριστοῦ.

279 2049 631 2119 Ἀφικόμενος
674 2049 783 2120 γὰρ
822 2048 954 2112 σοὺς
1000 2050 1101 2121 τῆς
1135 2050 1337 2121 νοητῆς
1382 2050 1520 2104 Σιὼν
1555 2052 1709 2115 υίοὺς
1748 2051 1847 2106 καὶ

251 2141 363 2211 τῆς
396 2141 686 2213 ἐλευθέρας
730 2142 1085 2214 Ἰερουσαλὴμ
1116 2145 1216 2214 τῆς
1246 2161 1361 2215 παρ
1396 2142 1589 2198 ἑαυτοῦ
1625 2144 1846 2214 χάριτος

254 2231 543 2302 στεφανῶν
589 2232 834 2305 ἀπέφηνε
882 2234 1211 2305 μακαρίους,
1239 2235 1335 2289 καὶ
1365 2229 1483 2289 οἶόν
1530 2252 1615 2298 τις
1658 2236 1847 2300 αὐτοῖς

255 2321 455 2390 γέγονε
502 2323 836 2395 σκεπαστὴς,
871 2326 1155 2396 μονονουχὶ
1196 2326 1295 2396 τὴν
1346 2327 1579 2396 ἀρχαίαν
1630 2327 1847 2398 ἐκείνην

265 2413 577 2485 ὲπαρτήσας
602 2412 831 2484 νεφέλην
855 2413 954 2485 τὴν
982 2414 1149 2469 πάλαι
1183 2414 1661 2479 ⁴κατασκιάζουιταν
1693 2417 1751 2470 ὲν
1777 2418 1844 2489 τῇ

262 2503 456 2574 ὲρήμῳ
504 2503 599 2557 τὸν
632 2505 848 2575 Ἰσραήλ
870 2522 884 2539 ο
917 2505 1093 2579 ταύτῃ
1116 2506 1197 2559 τοί
1244 2520 1376 2577 φησι
1400 2523 1415 2538 ·
1447 2507 1557 2560 Καὶ
1581 2507 1722 2577 ἥξει,
1752 2508 1848 2566 καὶ

262 2594 417 2648 ἔσται
468 2596 575 2658 πᾶς
608 2595 771 2659 τόπος
819 2594 914 2649 τοῦ
959 2596 1120 2667 δρους
1152 2596 1310 2662 Σιὼν,
1337 2598 1432 2651 καὶ
1460 2596 1530 2650 τὰ
1563 2597 1739 2654 πάντα
1779 2598 1849 2651 τά

264 2686 397 2757 περὶ
428 2685 614 2757 κύκλῳ
642 2685 813 2756 αὐτῆς
859 2686 1070 2741 σκιάσει
1109 2689 1306 2759 νεφέλη
1351 2691 1712 2760 ἠμέρας.”1να
1741 2690 1850 2762 γὰρ

262 2778 361 2830 τοῦ
390 2777 657 2846 παρόντος
685 2777 799 2847 βίου
826 2778 915 2832 τὸν
943 2778 1226 2843 καύσωνα,
1251 2781 1348 2834 καὶ
1375 2781 1475 2845 τὰς
1506 2782 1572 2834 ὲκ
1602 2781 1711 2834 τῶν
1732 2799 1852 2835 πει-

264 2868 495 2938 ρασμῶν
537 2868 861 2939 δοκιμασίας
893 2870 1063 2939 ἤγουν
1114 2870 1388 2941 πυρώσεις
1420 2871 1852 2943 διαδιδράσκοιεν

259 2961 311 3012 οὶ
356 2959 459 3031 τὴν
510 2960 706 3031 νοητὴν
742 2961 1022 3023 οἰκοῦντες
1049 2960 1210 3026 Σιὼν,
1241 2963 1385 3016 τοῦτ’
1412 2964 1552 3028 ἐστι,
1592 2964 1690 3036 τὴν
1731 2966 1853 3018 Ἐκρ

260 3050 518 3122 κλησίαν,
532 3052 762 3122 νεφέλης
795 3050 950 3120 δίκην
979 3055 1262 3122 μονονουχὶ
1288 3052 1383 3105 καὶ
1407 3054 1851 3125 ἐπικρεμάμενος

262 3144 581 3215 σκεπαστὴς
610 3142 784 3208 ἔσται,
808 3144 998 3214 φησὶν,
1014 3146 1043 3198 ό
1070 3144 1307 3216 Χριστός
1324 3163 1340 3179 ι
1370 3147 1399 3199 ό
1422 3146 1585 3209 αὐτὸς
1603 3146 1660 3203 δὲ
1685 3146 1848 3205 πάλιν

258 3234 352 3287 τὸν
381 3235 450 3286 ἐκ
492 3233 593 3303 τῆς
623 3230 864 3302 ἀμαθίας
892 3232 987 3285 καὶ
1012 3232 1328 3305 διαϐολικῆς
1361 3235 1679 3305 σκαιότητος
1706 3234 1846 3289 ἀπο-

258 3325 415 3378 σοδεί
448 3324 656 3390 σκότον,
689 3322 1018 3394 ὲπιλάμπων
1045 3327 1125 3388 είς
1150 3325 1298 3389 νοῦν,
1323 3324 1398 3390 ὡς
1426 3325 1543 3396 φῶς
1562 3328 1621 3380 ὲν
1647 3327 1844 3397 σκότῳ,

260 3418 355 3471 καὶ
384 3417 468 3481 ὠς
504 3415 678 3488 πυρὸς
710 3415 875 3485 αὐγή.
924 3415 1240 3486 Γέγραπται
1286 3416 1343 3473 δὲ
1395 3418 1526 3488 περὶ
1570 3417 1678 3471 τῶν
1715 3416 1848 3471 υίῶν

269 3506 520 3581 Ἰσραὴλ,
552 3508 635 3562 ὅτι
680 3507 976 3577 Ὧδήγησεν
1020 3506 1219 3570 αὑτοὺς
1273 3509 1331 3560 ὲν
1382 3507 1581 3579 νεφέλῃ
1610 3509 1845 3579 ἡμέρας,

260 3602 355 3656 καὶ
386 3602 523 3672 ὃλην
554 3600 652 3671 τὴν
678 3598 850 3653 νύκτα
898 3600 957 3651 εν
999 3598 1263 3669 φωτισμῷ
1288 3601 1480 3670 πυρός.
1499 3598 1660 3657 Ἀλλὰ
1687 3601 1847 3653 τύποι

264 3687 361 3757 μιν
389 3689 602 3751 ἐκεῖνα,
637 3688 732 3740 καὶ
763 3686 874 3740 τῶν
912 3687 1121 3757 νοητῶν
1145 3688 1350 3751 εἰκόνες
1372 3703 1386 3718 ο
1417 3688 1647 3760 ἀλήθεια
1692 3688 1749 3743 δὲ
1779 3690 1848 3744 τὰ

259 3778 349 3832 διὰ
368 3777 633 3850 Χριστοῦ.
656 3779 767 3832 Καὶ
793 3779 905 3849 γάρ
937 3780 1085 3836 ἔστιν
1113 3778 1279 3842 αὑτὸς
1303 3781 1335 3849 ἡ
1364 3779 1614 3850 ἀλήθεια.
1649 3776 1724 3834 Οὑ
1745 3781 1847 3851 τῆς

260 3867 589 3940 ἐπικουρίας
619 3868 933 3940 ἠξιωμένοι,
963 3869 1139 3938 πάντη
1161 3886 1221 3923 τε
1244 3870 1337 3924 καὶ
1365 3870 1586 3935 πάντως
1611 3871 1846 3940 ιίιιονται,

262 3960 450 4032 φησιν,
485 3959 564 4023 ὡς
598 3961 680 4023 είς
723 3960 886 4014 σκιὰν
931 3959 1042 4015 ἀπὸ
1089 3959 1389 4029 καύματος,
1420 3962 1516 4015 καὶ
1562 3963 1620 4016 ὲν
1670 3963 1849 4036 σκέπῃ

262 4053 360 4107 καὶ
388 4053 450 4106 εν
480 4051 785 4123 ἀποκρύφῳ
810 4052 920 4105 ἀπὸ
948 4051 1315 4123 σκληρότητος
1348 4053 1442 4109 καὶ
1468 4054 1647 4109 ὑετοῦ.
1673 4056 1848 4128 Σκλη-

264 4145 449 4218 ρότητι
495 4143 555 4198 δὶ
586 4145 680 4198 καὶ
709 4145 885 4209 ὑετοῖς
926 4143 1256 4216 παρεικάζει
1286 4144 1449 4198 πάλιν
1472 4147 1572 4217 τὴν
1595 4147 1704 4201 τῶν
1726 4165 1847 4202 πει-

263 4237 500 4309 ρασμῶν
544 4236 879 4309 φαιδρότητα
943 4238 1038 4290 καὶ
1096 4235 1472 4308 ἀκμαιοτάτην
1521 4237 1846 4309 προσϐολήν.

259 4326 417 4382 Οὕτω
467 4327 585 4398 γάρ
631 4326 735 4380 πού
784 4342 949 4398 φησιν
976 4327 1006 4378 ὁ
1038 4325 1304 4396 Χριστόςο
1354 4343 1374 4377 ι
1403 4325 1521 4388 Πᾶς
1560 4321 1655 4379 οὖν
1701 4325 1849 4389 ὅστις

1948 1862 2014 1916 de
2058 1862 2324 1917 adventus
2387 1872 2630 1932 tempore
2659 1862 2934 1927 extulerit,
2966 1864 3080 1917 sive
3114 1864 3261 1925 malit
3306 1865 3375 1919 de
3412 1864 3529 1933 ipso

1948 1952 2053 2027 77
2079 1951 2297 2008 Christo
2331 1953 2621 2008 enuntiari.
2650 1952 2785 2008 Nam
2806 1968 2928 2007 cum
2960 1952 3006 2008 is
3028 1955 3194 2019 venit,
3227 1954 3410 2010 Siouis
3427 1954 3530 2011 sub

1947 2040 2360 2109 intelligentiam
2392 2040 2641 2098 cadentis
2670 2050 2726 2097 et
2763 2041 2950 2097 liberae
3004 2040 3308 2098 Jerusalem
3344 2043 3523 2112 ﬁlios,

1946 2145 2040 2185 sua
2082 2146 2354 2187 coronans
2381 2134 2576 2203 gratia,
2615 2132 2804 2187 felices
2828 2132 3090 2197 reddidit,
3120 2144 3176 2188 et
3208 2134 3372 2190 veluti
3397 2150 3525 2205 prov

1947 2230 2120 2283 tcctor
2161 2224 2431 2295 quispiam
2481 2224 2589 2279 illis
2631 2224 2863 2291 exstitit,
2900 2235 3109 2280 tantum
3141 2241 3245 2282 non
3283 2236 3522 2283 veterem

1949 2314 2346 2397 illamnubem
2406 2327 2843 2386 reprasentans,
2894 2333 3015 2386 qua:
3047 2318 3175 2373 olim
3219 2318 3272 2373 in
3308 2319 3526 2376 deserto

1947 2408 2293 2469 obumbravit
2322 2408 2623 2476 Israeletn;
2646 2412 2773 2467 hinc
2796 2411 2929 2467 dicit
2961 2430 2975 2467 :
3010 2411 3079 2466 Et
3106 2414 3305 2479 veniet,
3336 2424 3390 2468 et
3421 2414 3528 2468 erit

1947 2499 2129 2554 tttllttis
2158 2500 2310 2555 locus
2334 2500 2538 2558 montis
2566 2486 2719 2566 Sion.
2751 2509 2816 2556 et
2834 2503 3022 2557 omia
3044 2518 3169 2571 qua:
3202 2504 3255 2557 in
3294 2504 3523 2560 circuitu

1949 2589 2066 2658 ejus
2092 2599 2241 2654 sunt,
2268 2591 2617 2647 obumbrahit
2650 2593 2821 2648 nubes
2854 2594 2962 2648 die.
3003 2593 3073 2650 Ut
3099 2595 3243 2650 enim
3271 2595 3393 2651 vita:
3421 2596 3524 2651 hu-

1946 2681 2036 2750 jus
2086 2694 2276 2737 aestum
2336 2693 2391 2737 et
2452 2681 2805 2750 probationes
2842 2698 2965 2752 qua:
3022 2699 3091 2739 ex
3138 2687 3527 2742 tentatiouibus

1951 2774 2393 2844 proﬁciscuntur,
2441 2786 2605 2845 atque
2636 2775 2883 2830 ustiones
2923 2776 3132 2845 fugiant
3162 2778 3215 2831 hi
3246 2777 3336 2846 qui
3391 2778 3523 2833 Siou

1953 2865 2344 2936 intelligibilem
2396 2865 2663 2932 habitant,
2715 2866 2767 2920 id
2801 2876 2885 2921 est
2908 2866 3231 2931 Ecclesiant,
3262 2868 3419 2923 nubis
3445 2868 3528 2922 in-

1952 2967 2069 3012 star
2106 2958 2514 3028 propemodum,
2538 2957 2895 3027 impendehit,
2937 2959 3131 3028 inquit,
3169 2968 3223 3014 et
3254 2969 3529 3029 protector

1952 3049 2057 3101 erit
2090 3047 2365 3112 Christus,
2401 3048 2517 3117 ipse
2544 3049 2916 3118 ignorationis
2944 3060 3000 3103 et
3036 3049 3318 3104 diabolica:
3347 3051 3531 3118 nequi-

1876 3127 1918 3184 C
1954 3140 2042 3194 tite
2071 3139 2321 3208 dispellet
2371 3139 2644 3204 tenebras,
2692 3138 3020 3195 illucescens
3059 3141 3246 3205 menti,
3273 3150 3527 3211 tanquam

1954 3228 2044 3284 lux
2080 3230 2132 3285 in
2173 3231 2425 3301 caligine,
2463 3240 2518 3287 et
2550 3241 2808 3302 tanquam
2838 3233 2980 3303 ignis
3015 3235 3341 3290 coruscatio.
3378 3235 3530 3290 Scri-

1954 3336 2102 3395 ptum
2142 3340 2357 3395 quoque
2384 3334 2470 3381 est
2501 3327 2567 3381 de
2596 3325 2721 3381 filiis
2747 3325 2935 3391 lsrael,
2971 3326 3028 3381 In
3062 3328 3205 3383 nube
3227 3327 3409 3382 divina
3436 3342 3531 3383 eos

1952 3416 2197 3481 deduxit,
2237 3426 2292 3470 et
2345 3415 2398 3470 iu
2442 3417 2733 3486 splendore
2780 3418 2919 3489 ignis
2957 3432 3053 3486 per
3085 3426 3249 3473 totam
3291 3426 3525 3475 noctem.

1952 3504 2149 3561 Verum
2199 3506 2313 3560 haec
2361 3508 2471 3577 typi
2502 3510 2739 3574 luerunt,
2764 3518 2827 3571 et
2862 3523 3043 3563 rerum
3076 3523 3327 3564 verarum
3358 3511 3529 3565 simu-

1953 3596 2100 3652 lacra
2134 3615 2149 3652 :
2187 3599 2388 3654 veritas
2434 3608 2615 3654 autem
2650 3614 2749 3670 per
2777 3600 3069 3655 Christum.
3116 3600 3211 3656 Est
3240 3602 3383 3656 enim
3416 3602 3530 3672 ipse

1951 3688 2155 3745 veritas
2234 3689 2421 3761 itaque
2468 3691 2559 3761 qui
2608 3692 2969 3762 opitulatione
3003 3693 3147 3764 digni
3180 3704 3305 3748 sunt
3335 3694 3527 3759 habiti,

1950 3782 2154 3852 ubique
2194 3791 2250 3837 et
2298 3783 2535 3854 undique
2575 3794 2759 3852 erunt,
2795 3784 2993 3855 inquit,
3030 3786 3083 3841 in
3118 3786 3435 3843 umbraculo
3461 3790 3531 3843 ab

1952 3881 2087 3928 aestu
2121 3881 2178 3927 et
2204 3872 2257 3927 in
2288 3881 2622 3944 tegumenta,
2653 3883 2703 3930 et
2732 3874 2785 3929 in
2813 3875 3119 3949 occulto-ab
3146 3876 3443 3945 asperitate
3475 3886 3531 3933 et

1950 3962 2154 4034 pluvia.
2200 3962 2416 4019 Rursus
2457 3958 2815 4020 tentationum
2868 3964 3269 4021 vehementiam
3300 3976 3356 4021 et
3382 3981 3533 4023 acerb

1951 4055 2150 4111 rituum
2188 4055 2453 4110 assultum
2486 4043 3156 4126 comparat'asperitatiet
3189 4058 3409 4129 pluviis.
3437 4062 3531 4121 Sic

1951 4147 2099 4202 enim
2148 4147 2551 4218 quodammodo
2601 4148 2776 4219 inquit
2808 4148 3103 4207 Christus:
3150 4169 3171 4205 ι
3213 4148 3403 4210 Omnis
3431 4154 3531 4227 igi-

1952 4247 2041 4295 tur
2090 4241 2402 4310 quicunque
2444 4240 2599 4297 audit
2646 4257 2925 4299 sermones
2952 4240 3103 4300 ineos
3130 4284 3149 4314 ,
3205 4254 3264 4302 et
3319 4249 3531 4317 perﬁcit

1952 4331 2096 4399 illos,
2126 4331 2519 4387 assimilabitur
2541 4332 2658 4388 viro
2686 4333 2961 4404 prudenti,
2988 4334 3079 4403 qui
3117 4312 3405 4392 aediﬁca-itit
3432 4338 3531 4392 do-

256 4420 431 4495 ὰκούῃ
462 4420 668 4488 λόγους
682 4416 910 4484 τούτους
932 4418 1027 4472 καὶ
1046 4419 1177 4488 ποιῇ
1201 4417 1425 4482 αὐτοὺς,
1451 4416 1849 4489 ὁμοιωθήσεται

1955 4438 2103 4477 mum
2133 4438 2286 4477 suam
2338 4438 2502 4495 super
2557 4432 2808 4494 petram;
2853 4435 2909 4481 et
2944 4427 3444 4494 descenditimber,
3470 4436 3530 4485 et

1878 4476 1931 4536 D

256 4514 409 4587 ἀνδρὶ
448 4513 729 4584 φρονίμῳ,
776 4512 927 4575 ὅστις
964 4510 1287 4582 ᾠκοδόμησε
1337 4508 1435 4581 τὴν
1477 4510 1656 4567 οίκίαν
1687 4509 1849 4568 αὑτοῦ

1955 4522 2225 4570 venerunt
2260 4512 2505 4580 ﬂumina,
2552 4523 2605 4569 et
2650 4514 2919 4570 ﬂaverunt
2955 4516 3127 4582 venti,
3181 4525 3237 4572 et
3278 4515 3531 4574 incuhuo.

254 4602 346 4657 ἐπὶ
390 4605 499 4675 τὴν
538 4602 748 4675 πέτραν
770 4618 786 4635 ο
831 4602 927 4658 καὶ
955 4601 1166 4673 κατέϐη
1195 4603 1228 4673 η
1265 4601 1455 4673 βροχὴ,
1482 4603 1574 4657 καὶ
1608 4598 1771 4673 ἦλθον
1805 4603 1855 4657 oi

253 4696 529 4767 ποταμοὶ,
554 4694 651 4749 καὶ
678 4694 948 4748 ἔπνευσαν
978 4693 1029 4746 οἱ
1056 4693 1277 4764 ἄνεμοι·
1310 4693 1403 4748 καὶ
1423 4695 1768 4765 προσέπεσαν
1786 4696 1852 4766 τῇ

256 4789 405 4860 οἰκία
432 4786 649 4859 ἔκείνῃ,
684 4787 781 4840 καὶ
824 4786 925 4839 οὑκ
957 4785 1151 4842 ἔπεσεν
1171 4801 1185 4815 ·
1219 4785 1584 4856 τεθεμελίωτο
1619 4785 1855 4858 γὰρζὲπὶ

264 4878 492 4951 πέτραν.
520 4895 543 4930 s
588 4875 913 4948 Προστιθεὶς
939 4875 1018 4941 δὲ,
1047 4876 1130 4929 ὅτι
1175 4874 1326 4948 πάσῃ
1375 4878 1441 4947 τῇ
1486 4875 1613 4949 δόξῃ
1647 4893 1855 4933 σκεπα-

269 4971 550 5041 σθήσεται,
585 4967 770 5021 δίδωσι
799 4969 960 5030 νοεῖν,
988 4967 1065 5031 ὠς
1091 4967 1151 5021 οὑ
1189 4967 1392 5039 μερική
1417 4984 1503 5031 τις
1525 4967 1677 5020 ἔσται
1698 4967 1852 5039 παρὰ

267 5061 504 5131 Χριστοῦ
528 5062 649 5123 τοῖς
676 5059 1102 5112 πεπιστευκόσιν
1128 5060 1211 5123 είς
1254 5059 1418 5113 αὑτὸν
1445 5061 1479 5130 ἡ
1510 5060 1669 5131 χάρις
1686 5101 1703 5128 ,
1733 5059 1849 5113 ἀλλ’

269 5147 327 5199 ἐν
349 5146 637 5220 ὁλοκλήρῳ
666 5144 944 5218 προθυμίᾳ
971 5145 1072 5216 τῆς
1106 5147 1192 5199 ἐπ’
1214 5146 1395 5210 αὐτοῖς
1433 5145 1585 5202 ἔσται
1615 5148 1847 5218 φειδοῦς.

275 5238 529 5293 Ἔσονται
556 5238 618 5292 δὲ
641 5239 699 5291 ὲν
720 5237 982 5309 περιϐολῇ
1005 5237 1100 5291 καὶ
1122 5240 1295 5309 σκηνῇ
1318 5236 1413 5291 τοῦ
1431 5236 1626 5303 σώζειν
1642 5241 1851 5313 ίσχὺον-

269 5347 382 5396 τος,
410 5333 509 5386 καὶ
537 5332 745 5395 παντὸς
770 5331 876 5396 ἐξω
905 5332 1149 5396 τιθέντος
1182 5332 1377 5388 κακοῦ.

344 5422 511 5492 ’ᾼσω
544 5419 625 5489 δὴ
664 5417 744 5485 τῷ
780 5420 1145 5490 ἠγαπημένῳ
1184 5415 1348 5493 ᾆσμα
1393 5423 1500 5479 τοῦ
1536 5424 1849 5495 ἀγαπητοῦ

272 5510 354 5577 τῷ
374 5512 690 5582 ἀμπελῶνι
712 5532 851 5583 μου.
1691 5579 1698 5585 _

356 5597 509 5674 Ὅρος
535 5603 727 5682 ὥσπερ
752 5622 833 5668 τις
868 5604 962 5660 καί⁵
994 5607 1285 5681 προγραφὴ
1310 5609 1416 5664 τῶν
1449 5610 1699 5681 εἰρῆσθαι
1724 5611 1852 5683 μελ-

348 5756 392 5788 ⁸⁸
421 5757 615 5814 Mutth.
650 5772 745 5824 vn,
774 5757 864 5822 Ἡ,
889 5758 981 5812 25.

1954 4611 2083 4661 runt
2105 4603 2158 4659 in
2182 4604 2402 4660 domum
2437 4604 2607 4670 illam,
2632 4620 2731 4660 nec
2756 4607 2972 4661 cecidit.
2997 4606 3245 4661 Fundata
3276 4616 3361 4663 est
3383 4610 3528 4662 enim

1951 4711 2117 4767 super
2146 4710 2334 4767 rupem
2366 4695 2431 4751 “.
2466 4695 2637 4752 tCum
2663 4711 2795 4752 vero
2814 4698 3021 4767 adjicit,
3046 4696 3203 4753 Omni
3234 4698 3403 4773 gloria
3430 4699 3532 4754 ob-

1955 4798 2187 4861 tegetur,
2232 4788 2411 4843 innuit
2451 4803 2557 4844 non
2583 4786 2970 4860 particularetn
2999 4790 3235 4859 aliquam
3271 4789 3385 4845 fore
3410 4807 3533 4861 gra-

1958 4880 2091 4936 tiam
2121 4880 2325 4936 Christi
2360 4880 2428 4937 iis
2456 4880 2550 4959 qui
2582 4881 2635 4936 in
2661 4895 2785 4936 eum
2813 4880 3178 4948 crediderunt,
3202 4882 3296 4937 sed
3314 4896 3529 4936 omnem

1955 4969 2014 5026 in
2066 4970 2383 5025 universum
2415 4970 2678 5025 honorem
2709 4985 2772 5025 ac
2807 4970 3116 5024 thesaurum
3144 4969 3530 5027 misericordia:

1959 5061 2067 5117 illis
2119 5062 2486 5118 tribuendum.
2532 5061 2704 5117 Erunt
2736 5070 2916 5116 autem
2940 5060 3043 5116 sub
3072 5059 3329 5130 operculo
3352 5070 3408 5113 et
3434 5073 3529 5114 ve-

1958 5153 2198 5209 lamento
2226 5152 2343 5221 ejus
2371 5155 2463 5225 qui
2488 5168 2710 5211 servare
2731 5161 2929 5226 potest,
2959 5161 3015 5208 et
3056 5152 3150 5223 qui
3180 5161 3331 5208 extra
3369 5164 3531 5206 omne

1958 5246 2161 5302 malum
2208 5244 2459 5306 collocat.

2027 5427 2157 5482 Cn.
2189 5424 2249 5481 V.
2296 5424 2462 5483 Vens.
2503 5423 2555 5478 i.
2604 5422 2842 5480 Cantabo
2875 5442 3013 5481 nunc
3048 5426 3239 5484 dilecto
3267 5428 3527 5483 canticum

1955 5519 2132 5574 dilecti
2159 5519 2321 5573 vincte
2343 5532 2491 5572 meas.

2031 5610 2245 5667 Primus
2280 5624 2468 5666 versus
2509 5610 2797 5680 proposita:
2836 5610 3117 5667 sententia:
3149 5608 3315 5665 veluti
3336 5607 3527 5666 deﬂui-
