4178 6496
671 343 775 405 155

1686 343 1743 398 S.
1784 338 2063 398 CYRILLI
2102 334 2576 399 ALEXANDRINI
2615 344 2885 401 ACHIEP.

3812 334 3918 395 i36

675 464 752 518 tio
776 461 1018 532 quaedam
1043 469 1123 516 est
1141 473 1233 515 seu
1252 460 1431 525 limes,
1446 468 1499 516 et
1518 459 1867 515 dicendorum
1881 459 2239 529 praescriptio.

2347 462 2544 516 λόντων
2579 465 2606 516 ὀ
2640 464 2852 535 πρῶτος
2880 464 2946 519 ἂν
2972 463 3057 536 εἴη
3090 462 3182 519 τοῦ
3214 458 3574 535 προκειμένου
3612 460 3810 531 στίχος.
3847 456 3915 513 Τί

670 552 810 619 Quid
855 554 999 607 enim
1036 560 1256 607 acturus
1281 552 1354 606 sit
1384 552 1670 622 propheta,
1707 551 1986 606 subinnuit
2010 552 2235 606 dicens:

670 644 910 698 Cantabo
953 642 1150 699 dilecto
1198 660 1355 698 meo:
1416 644 1468 698 id
1512 652 1634 709 est,
1675 644 1912 698 Christo.
1970 643 2062 698 Sic
2095 643 2237 697 enim

672 735 827 789 nobis
878 749 999 789 eum
1039 742 1094 788 et
1120 734 1260 788 Deus
1288 742 1341 788 et
1378 733 1539 788 Pater
1569 735 1885 798 nominavit,
1917 744 2040 789 cum
2068 733 2235 789 dicit:

676 844 695 877 ι
724 826 819 880 llic
840 835 923 881 est
951 825 1119 881 Filius
1137 841 1286 879 meus
1314 826 1562 887 dilectus,
1594 825 1646 878 in
1672 840 1778 894 quo
1803 825 2086 894 cunquievi
2120 825 2185 876 “.
2212 842 2230 875 ι

668 913 918 985 Nunquid
936 930 1086 985 ergo,
1106 916 1429 985 oprOpheta,
1446 913 1557 986 78
1574 924 1719 968 tuam
1738 930 1920 969 vocem
1937 913 2237 970 audiemus?

669 1016 723 1062 et
738 1020 799 1061 ex
819 1006 925 1060 tuis
944 1006 1071 1061 solis
1095 1007 1506 1076 cogitationibus
1521 1006 1679 1060 verba
1700 1002 1954 1061 efﬂuunt?
1970 1006 2038 1059 At
2052 1017 2235 1075 specta

670 1110 927 1166 quorsum
943 1095 1060 1150 odte
1074 1109 1286 1164 scopns,
1315 1104 1369 1150 et
1394 1095 1522 1166 quid
1543 1096 1844 1165 eloquatur.
1874 1095 2007 1162 Etsi,
2040 1094 2233 1165 inquit,

666 1202 769 1258 per
801 1201 894 1242 me
928 1186 1193 1241 habeatur
1228 1202 1407 1242 sermo
1439 1188 1547 1252 hic,
1582 1204 1687 1242 non
1713 1196 1797 1242 est
1828 1202 2001 1255 meus,
2026 1187 2119 1243 scd
2154 1190 2236 1242 est

670 1280 871 1335 diiecti.
894 1277 1194 1334 Confectus
1227 1288 1312 1333 est
1339 1288 1518 1333 autem
1544 1280 1611 1334 de
1639 1278 1834 1334 dilecto
1858 1279 2032 1334 vineae
2058 1292 2190 1333 mete
2215 1294 2232 1333 :

671 1386 792 1437 seu,
826 1380 888 1426 ut
936 1369 1026 1425 alii
1073 1371 1399 1440 interpretes
1440 1369 1646 1437 dicunt,
1678 1372 1745 1426 de
1772 1371 1926 1424 vinea
1966 1370 2101 1441 ejus.
2136 1368 2235 1425 Sin

668 1468 847 1515 autem
899 1459 966 1514 de
1020 1460 1178 1514 vinea
1232 1473 1352 1513 mea
1390 1458 1624 1524 dixerit,
1664 1473 1769 1513 non
1806 1459 1921 1514 haec
1973 1459 2230 1528 loquitur,

670 1553 813 1622 quod
861 1552 1032 1623 ipsius
1060 1560 1206 1607 esset
1231 1550 1407 1618 vinea,
1440 1550 1531 1605 sed
1559 1550 1700 1619 quod
1726 1548 1841 1619 ipse
1871 1565 2010 1606 unus
2042 1552 2112 1607 sit
2140 1565 2234 1606 eo-

668 1656 789 1696 rum
838 1643 930 1711 qui
972 1642 1024 1696 in
1051 1642 1206 1696 vinea
1238 1650 1606 1696 recensentur.
1631 1639 2004 1698 invenerimus
2029 1644 2230 1697 etenim

668 1732 959 1801 prophetas
989 1732 1153 1785 etiam
1180 1732 1252 1786 de
1300 1731 1497 1800 populo
1540 1730 1632 1786 Dei
1669 1731 1927 1798 ejusmodi
1962 1733 2229 1788 interdum

2345 551 2452 621 γὰρ
2493 550 2739 623 βούλεται
2767 552 2897 626 δρᾷν
2928 556 2957 608 6
2988 556 3271 626 προφήτης
3284 540 3674 624 ὖποσημαίνει,
3711 551 3911 619 λέγων·

2343 642 2499 713 ’ᾼσω
2531 643 2593 715 δὴ
2622 643 2698 714 τῷ
2722 645 3060 717 ἠγαπημένῳ
3085 662 3102 679 °
3141 644 3284 699 τοῦτ’
3321 644 3439 697 ἔστι
3474 641 3712 714 Χριστῷ.
3754 641 3916 696 Οὕτω

2344 732 2452 805 γὰρ
2488 734 2621 805 ἡμῖν
2664 732 2825 787 αὐτὸν
2850 737 2945 788 καὶ
2971 737 3000 788 ὁ
3026 733 3161 797 Θεὸς
3195 733 3288 787 καὶ
3314 731 3507 803 Πατὴρ
3538 729 3785 800 ὠνόμαζε
3823 728 3916 783 λέ-

2340 838 2474 891 γων*
2503 842 2522 874 ι
2551 820 2715 885 Οὗτός
2738 824 2883 878 ἐστιν
2906 825 2935 876 ὁ
2954 824 3078 887 Υἱός
3105 841 3207 895 μου
3227 824 3256 877 ὁ
3276 823 3580 892 ἀγαπητὸς,
3608 821 3668 872 ἐν
3684 813 3728 887 ᾧ
3751 819 3917 889 ηὐδό-

2342 930 2504 985 κησα.
2540 933 2557 966 ι
2589 910 2713 985 *Δρ*
2746 912 2857 979 οῦν,
2890 908 2939 968 ὦ
2971 915 3244 986 προφῆτα,
3272 915 3371 984 τῆς
3406 913 3511 983 σῆς
3551 909 3914 979 ἀκουσώμεθα

2343 1003 2561 1073 φωνῆς
2597 1007 2691 1057 καὶ
2715 1003 2793 1066 ὡς
2820 1006 2885 1057 ὲκ
2923 1004 3098 1074 μόνων
3123 1002 3230 1057 τῶν
3267 1003 3374 1056 σῶν
3400 1003 3617 1055 ἐννοιῶν
3644 1000 3915 1055 ἀναδύου·

2343 1108 2425 1146 σιν
2442 1094 2494 1145 σί
2520 1094 2704 1162 λόγοις
2745 1093 2931 1163 βλέπει
2958 1094 3016 1147 δὲ
3046 1097 3169 1148 ὅποι
3203 1094 3406 1165 φράσον
3440 1095 3539 1165 τῆς
3557 1094 3701 1165 ᾠδῆς
3724 1096 3754 1146 ὁ
3782 1107 3916 1146 σκο-

2339 1186 2461 1249 πός.
2502 1185 2710 1239 Οὐκοῦν
2746 1187 2794 1238 εί
2832 1186 2930 1240 καὶ
2954 1186 3020 1239 δι’
3050 1186 3205 1257 ἐμοῦ,
3235 1188 3420 1257 φήσὶν,
3448 1185 3561 1239 ἀλλ’
3590 1186 3688 1238 οὐκ
3722 1184 3850 1255 ἐμὸς
3878 1186 3915 1239 6

2339 1276 2513 1345 λόγος,
2543 1273 2657 1329 ἀλλ’
2686 1277 2799 1331 ἔστι
2829 1275 2923 1330 τοῦ
2961 1276 3265 1349 ἀγαπητοῦ·
3289 1278 3577 1347 πεποίηται
3610 1276 3666 1329 δὲ
3706 1276 3799 1328 ἐπὶ
3828 1274 3914 1345 τῷ

2339 1362 2605 1439 ἀγαπητῷ
2626 1368 2905 1439 ἀμπελῶνί
2933 1384 3056 1438 μου·
3079 1368 3136 1438 ἢ,
3160 1367 3303 1421 καθά
3330 1382 3491 1437 φασιν
3518 1367 3570 1419 oi
3597 1367 3771 1436 ἕτεροι
3799 1365 3912 1418 τῶν

2339 1458 2708 1529 ἑρμηνευτῶν,
2739 1458 2817 1528 τῷ
2850 1456 3131 1528 ἀμπελῶνι
3152 1456 3335 1509 αὑτοῦ.
3364 1456 3427 1510 Ei
3455 1455 3511 1507 δὲ
3539 1454 3602 1526 δὴ
3631 1456 3726 1507 καὶ
3756 1455 3911 1523 λέγοι

2338 1550 2431 1603 hri.
2456 1548 2533 1620 τῷ
2555 1549 2836 1619 ἀμπελῶνί
2859 1564 2982 1619 μου,
3012 1549 3111 1616 οὐχ
3137 1547 3210 1610 ὡς
3232 1546 3391 1601 αὑτοῦ
3418 1546 3580 1617 τυχὸν
3608 1546 3703 1599 τοῦ
3724 1546 3912 1617 ἀμπισ-

2338 1638 2503 1704 λῶνος
2548 1641 2698 1703 δντος
2742 1638 2811 1693 τὰ
2844 1639 3025 1694 τοιάδε
3067 1639 3249 1709 φησιν,
3284 1637 3399 1691 ἀλλ’
3423 1638 3499 1702 ὡς
3526 1639 3786 1709 ὑπάρχων
3824 1633 3914 1703 εἷς

2335 1729 2445 1783 τῶν
2490 1730 2784 1784 τελούντων
2828 1730 2909 1793 είς
2944 1730 3035 1783 τὸν
3077 1729 3393 1799 ἀμπελῶνα.
3436 1726 3753 1801 Εὑρήσομεν
3797 1730 3909 1800 γὰρ

666 1822 892 1875 vocibus
945 1821 1043 1874 uti.
1096 1820 1340 1890 Exempli
1390 1836 1577 1887 causa,
1623 1823 1882 1893 propheta
1933 1821 2229 1881 Jeremias:

2339 1822 2461 1885 τοὺς
2513 1822 2818 1891 προφήτας,
2872 1821 2966 1874 καὶ
3009 1820 3102 1873 ἐπὶ
3152 1818 3246 1872 τοῦ
3295 1818 3425 1872 λαοῦ
3470 1819 3562 1872 τοῦ
3603 1818 3739 1871 Θεοῦ
3786 1821 3909 1882 ταῖς

672 1927 692 1960 ι
733 1908 864 1975 Quis
896 1908 1045 1964 dabit
1076 1910 1204 1964 mihi
1237 1910 1291 1963 in
1334 1911 1627 1967 solitudine
1664 1914 1931 1983 tugurium
1962 1916 2232 1983 ultimum,

668 2008 724 2054 et
739 2001 985 2053 deseram
1004 2000 1261 2069 populum
1288 2016 1493 2067 meum,
1520 2012 1575 2058 et
1599 2004 1872 2060 discedam
1892 2007 1959 2061 ab
1977 2007 2082 2061 illis
2103 2007 2188 2063 “1'
2209 2027 2229 2062 ι

670 2088 837 2156 Quasi
866 2091 1009 2144 enim
1034 2106 1172 2145 unus
1206 2093 1334 2147 site
1366 2094 1584 2164 populo,
1623 2096 1873 2165 populum
1906 2112 2058 2152 suum
2082 2099 2230 2165 dicit,

670 2183 934 2251 sanguine
966 2182 1219 2237 nimirum
1246 2194 1300 2238 et
1323 2199 1519 2255 genere
1548 2189 1896 2257 propinquos.
1920 2190 2112 2245 Cantat
2138 2191 2239 2246 ita-

667 2285 774 2339 que
807 2271 1069 2341 propheta
1106 2271 1347 2339 dilecto;
1381 2274 1585 2329 dictum
1613 2284 1792 2330 autem
1824 2288 1907 2332 est
1928 2293 2143 2334 carmen
2171 2281 2238 2336 de

667 2359 828 2412 vinea
868 2359 1082 2425 dilecta,
1131 2360 1183 2415 id
1229 2372 1334 2427 est,
1364 2362 1603 2419 lsraelis.
1636 2365 1908 2436 Scriptum
1937 2371 2077 2423 enim
2106 2381 2191 2425 est
2218 2390 2232 2426 :

672 2466 693 2500 ι
733 2450 904 2504 Vinea
961 2450 1176 2505 Domini
1219 2450 1457 2508 Sabaoth
1508 2456 1670 2511 homo
1693 2455 1852 2525 Juda,
1890 2459 2124 2528 plantula
2156 2463 2236 2516 di-

669 2538 807 2594 lecta
853 2542 917 2597 ⁸⁷.
964 2560 984 2593 ι
1024 2542 1161 2609 Quid
1197 2555 1376 2599 autem
1430 2545 1592 2613 hujus
1638 2549 1895 2602 carminis
1933 2558 2084 2604 tenor
2114 2551 2238 2606 velit

669 2634 982 2700 extendere,
1013 2649 1079 2688 ex
1108 2635 1520 2706 insequentibus
1541 2638 1920 2708 intelligemus.

743 2808 905 2865 Natis.
932 2810 986 2865 2.
1032 2809 1193 2866 Vinea
1219 2813 1363 2883 facta
1394 2823 1469 2869 est
1502 2815 1716 2881 dilecto,
1752 2816 1805 2868 in
1829 2830 2011 2882 cornu,
2039 2817 2235 2870 inloco

666 2900 863 2969 opimo.
888 2899 953 2954 Et
974 2917 1144 2967 sepem
1170 2904 1513 2981 circumdedi,
1540 2913 1589 2957 et
1623 2904 1898 2970 obvallam',
1927 2915 1976 2958 et
2005 2906 2237 2971 plantavi

668 2993 820 3045 vitem
877 2990 1057 3058 δοται,
1107 3002 1157 3047 οι
1199 2995 1457 3061 aediﬁcavi
1498 2996 1694 3048 turrim
1727 2996 1784 3049 in
1827 2997 1997 3049 media
2024 2998 2158 3064 ejus,
2188 3006 2235 3049 et

671 3081 907 3136 torcular
927 3082 1038 3151 [edi
1062 3084 1118 3136 in
1144 3100 1228 3149 ea,
1270 3096 1317 3139 et
1350 3087 1646 3154 exspectaui
1672 3099 1727 3139 tu
1773 3086 1934 3156 ferret
1983 3104 2129 3153 uvas,
2170 3103 2235 3141 ac

673 3171 891 3239 protulit
921 3172 1118 3237 spinas.

742 3347 941 3403 lsraele
986 3365 1107 3405 cum
1161 3351 1314 3405 vinea
1369 3352 1589 3417 collato,
1625 3354 1866 3422 persistit
1894 3355 1946 3409 in
1977 3370 2039 3410 ea
2072 3368 2240 3412 meta-

670 3438 860 3510 phora'
884 3454 983 3509 per
1027 3448 1197 3495 totam
1224 3441 1552 3497 orationem.
1585 3462 1606 3494 ι
1641 3444 1774 3498 Erat
1809 3446 1971 3513 igitur
2001 3448 2175 3513 vinea,
2213 3466 2233 3499 ι

673 3528 870 3599 inquit,
909 3547 929 3581 ι
990 3529 1211 3597 dilecto,
1240 3529 1295 3584 in
1325 3545 1516 3595 cornu,
1555 3530 1607 3584 in
1638 3530 1758 3587 loco
1786 3533 1985 3603 opimo.
2020 3554 2043 3586 ›
2076 3535 2242 3592 Aiunt

673 3618 946 3673 nonnullis
994 3619 1357 3688 interpretum
1411 3621 1548 3675 satis
1598 3622 1796 3687 videri,
1843 3625 1887 3677 si
1933 3625 2150 3681 dicant:
2182 3626 2237 3683 ltt

672 3709 791 3765 loco
823 3712 1028 3781 opimo,
1059 3711 1213 3779 quasi
1259 3726 1427 3766 cornu
1458 3712 1614 3769 nobis
1644 3713 1786 3770 aliud
1814 3717 2063 3784 quiddam
2099 3719 2242 3773 desi-

666 3809 885 3870 gnaret.
928 3799 1215 3856 Nonnullis
1262 3810 1441 3856 autem
1490 3802 1663 3873 placet
1722 3804 1776 3859 in
1831 3820 2001 3861 cornu
2042 3808 2242 3864 intelli-

662 3904 824 3959 gere,
859 3888 1016 3959 quasi
1066 3888 1161 3943 Dei
1208 3889 1407 3945 virtute
1447 3900 1502 3945 et
1548 3893 1811 3961 potentia.
1850 3893 1986 3959 Nam
2037 3899 2243 3967 accepit

674 3979 839 4034 Israel
902 3988 1099 4033 terram
1151 3982 1531 4048 promissionis
1584 3984 2002 4052 haereditariam,
2060 3987 2241 4043 divina

673 4084 776 4137 ope
812 4069 895 4124 his
923 4070 1082 4124 victis
1118 4071 1209 4140 qui
1236 4071 1370 4126 olim
1393 4086 1512 4127 eam
1554 4074 1950 4132 inhabitarunt.
1978 4077 2241 4145 Quocirca

676 4161 973 4229 alloquitur
1025 4161 1198 4232 ipsum
1256 4163 1311 4218 in
1346 4166 1759 4236 quadragesimo
1788 4169 1950 4224 tertio
1982 4171 2192 4239 psalmo
2225 4192 2240 4228 :

682 4272 699 4304 ι
739 4253 795 4307 In
853 4261 906 4307 te
951 4253 1200 4311 inimicos
1230 4266 1445 4312 nostros
1474 4273 1643 4313 cornu
1681 4260 2081 4326 ventilabimus,
2107 4263 2243 4319 etin

681 4346 901 4401 nomine
936 4354 1027 4401 tuo
1052 4349 1742 4420 spernemusinsurgentes
1772 4362 1963 4407 contra
1994 4370 2093 4409 nos
2116 4354 2184 4410 ⁸⁸.
2217 4374 2238 4411 ι

677 4436 922 4491 Snmitur
965 4452 1128 4507 porro
1159 4454 1327 4495 cornu
1378 4441 1431 4495 in
1462 4442 1640 4496 divina
1672 4443 1949 4513 Scriptura
1971 4461 2069 4515 pro
2088 4445 2245 4503 forti-

678 4529 861 4583 tudine
887 4535 942 4583 et
991 4529 1251 4599 potentia,
1285 4540 1343 4585 et
1373 4531 1543 4600 gloria
1577 4535 1743 4604 regia.
1777 4533 1930 4591 Licet
1956 4537 2121 4607 igitur
2146 4553 2245 4595 au-

676 4620 793 4673 dire
843 4620 1057 4674 beatum
1105 4620 1317 4688 David,
1365 4623 1633 4679 interdum
1685 4624 1951 4682 dicentem
1992 4629 2153 4683 veluti
2187 4630 2241 4684 in

678 4725 909 4780 persona
939 4711 1069 4780 justi
1099 4714 1337 4782 cujusvis
1368 4733 1381 4770 :
1421 4734 1440 4768 ι
1474 4715 1748 4773 Evehetur
1770 4718 1940 4775 instar
1967 4722 2243 4777 unicornis

678 4818 848 4855 cornu
898 4818 1077 4859 meum
1128 4805 1172 4835 “
1201 4821 1218 4867 ;
1250 4824 1270 4859 ι
1333 4807 1601 4862 interdum
1635 4809 1799 4865 etiam
1853 4811 1920 4867 de
1973 4810 2238 4867 Christo:

686 4910 704 4942 ι
742 4891 924 4947 Cornu
953 4892 1074 4963 ejus
1104 4894 1382 4951 attolletur
1412 4897 1465 4951 in
1490 4897 1658 4967 gloria
1688 4899 1764 4963 7°.
1802 4918 1821 4954 ι
1860 4899 2244 4969 Splendidissi-

683 4972 827 5030 n'tinu
860 4979 1056 5049 quippe
1083 4981 1192 5054 79
1224 4992 1310 5037 est
1333 4997 1560 5054 regnum
1592 4984 1819 5045 Christi.
1844 4987 2088 5059 Opimam
2115 5005 2244 5047 vero

684 5082 801 5122 esse
825 5077 1017 5123 terram
1041 5072 1436 5140 promissionis,
1468 5082 1757 5132 attestatur
1771 5078 2047 5149 Scriptura
2065 5095 2241 5136 sacra.

689 5156 894 5226 Ubique
954 5162 1097 5214 enim
1147 5177 1265 5217 eam
1318 5174 1476 5218 vocat
1507 5176 1705 5221 terram
1733 5166 1985 5225 liuentem
2018 5171 2162 5227 lacte
2192 5183 2246 5229 et

685 5248 860 5302 melle.
892 5249 1192 5306 Conﬁrmat
1236 5253 1431 5309 deinde
1461 5257 1563 5312 hoc
1597 5259 1807 5315 divinus
1841 5261 2066 5327 Psaltes,
2099 5265 2245 5334 psal-

685 5340 799 5399 lens
846 5350 900 5397 et
956 5342 1181 5413 ioquens
1237 5345 1305 5400 de
1353 5344 1593 5405 Israele:
1637 5368 1667 5402 ιι
1693 5350 1871 5408 Vitem
1904 5369 1971 5408 ex
2010 5353 2247 5428 Egypto

686 5435 1025 5500 transtulisti,
1072 5436 1279 5505 ejecisti
1334 5445 1541 5508 gentes,
1575 5450 1630 5496 et
1668 5442 1919 5513 plantasti
1954 5462 2073 5503 eam
2103 5449 2169 5504 “.
2219 5467 2239 5503 ι

754 5609 799 5641 ⁸⁸
828 5608 1026 5665 Matth.
1050 5627 1130 5676 ιιι,
1159 5613 1245 5669 l7.

683 5677 729 5710 η
754 5618 1245 5710 231339111!va-
1346 5618 1391 5650 "
1414 5618 1612 5679 Jcrem.
1648 5638 1725 5686 rx,
1746 5623 1799 5677 2.
1895 5626 1936 5658 ατ
1970 5627 2070 5683 lsa.
2098 5644 2151 5695 ν,
2182 5628 2235 5685 7,

760 5678 901 5736 Psal.
940 5695 1123 5750 txxtx,
1152 5683 1204 5737 9.

2269 4494 2322 4555 ι)

2334 1911 2607 1974 τοιαύταις
2634 1911 2744 1965 ἐσθ’
2775 1914 2864 1966 ὅτε
2897 1912 3270 1983 κεχρημένους
3302 1914 3522 1980 φωναῖς.
3552 1905 3678 1965 Οἷον
3705 1912 3733 1964 ό
3772 1928 3908 1983 προ·

2337 2003 2515 2072 φήτης
2572 2001 2863 2073 Ἱερεμίαςσ
2912 2021 2929 2054 ι
2966 2003 3063 2066 Τίς
3115 2001 3277 2055 δώσει
3331 2019 3419 2073 μοι
3465 2004 3523 2054 ὲν
3579 2004 3645 2072 τῇ
3716 2003 3903 2073 ἐρήμῳ

2338 2092 2572 2163 σταθμὸν
2633 2093 2877 2163 ἔσχατον,
2928 2094 3025 2147 καὶ
3082 2094 3393 2163 καταλείψω
3461 2093 3550 2146 τὸν
3594 2092 3724 2146 λαόν
3783 2110 3901 2164 μου,

2336 2185 2431 2239 καὶ
2455 2184 2823 2255 ἀπελεύσομαι
2852 2185 2943 2238 ἀπ’
2974 2185 3152 2238 αὐτῶν
3173 2201 3189 2250 ;
3214 2202 3235 2236 ι
3274 2184 3364 2247 Ὠς
3392 2184 3501 2254 γὰρ
3535 2179 3615 2247 εἷς
3647 2184 3907 2254 ὑπάρχων

2334 2275 2429 2329 τοῦ
2462 2274 2615 2337 λαοῦ,
2646 2275 2772 2329 λαὸν
2799 2274 2989 2329 ἑαυτοῦ
3032 2292 3165 2345 φησι
3213 2274 3339 2339 τοὺς
3376 2275 3498 2327 καθ’
3532 2270 3674 2344 αἷμά
3709 2291 3770 2327 τε
3814 2275 3906 2328 καὶ

2337 2369 2490 2438 γένος
2525 2368 2775 2431 οίκείους.
2815 2366 2965 2438 "post
2992 2367 3166 2420 τοίνυν
3208 2368 3237 2418 ὁ
3276 2367 3556 2439 προφήτης
3583 2364 3663 2435 τῷ
3689 2367 3907 2434 ἠγαπη-

2341 2459 2505 2529 μένῳ,
2549 2460 2643 2512 καὶ
2693 2458 2837 2511 ἔστιν
2866 2456 3029 2511 αὑτοῦ
3069 2457 3130 2509 τὸ
3169 2453 3319 2528 ᾆσμα
3367 2456 3652 2526 εἰρημένον
3701 2457 3792 2507 ἐπὶ
3827 2453 3907 2523 τῷ

2337 2549 2617 2619 ἀμπελῶνι
2640 2549 2717 2619 τῷ
2745 2548 3030 2619 ἀγαπητῷ,
3063 2547 3205 2602 τοῦτ’
3240 2548 3375 2612 ἔστι,
3409 2547 3503 2600 τοῦ
3535 2546 3773 2616 Ἰσραήλ.
3811 2546 3851 2597 Γ
3855 2547 3910 2598 έ-

2337 2656 2576 2710 γραπται
2602 2640 2730 2711 γὰρ,
2760 2641 2842 2693 ὅτι
2868 2660 2886 2691 ι
2912 2641 2965 2693 ’Δ
2976 2639 3195 2709 μπελὼν
3225 2638 3431 2708 Κυρίου
3454 2636 3680 2691 Σαϐαὼθ
3704 2636 3912 2707 ἀνθρω-

2338 2746 2438 2793 πος
2459 2728 2552 2781 τοῦ
2582 2728 2772 2793 Ἰούδα,
2796 2729 3053 2795 νεόψυτον
3074 2728 3452 2797 ἠγαπημένον.
3467 2744 3485 2776 ι

2422 2819 2718 2889 Ἀμπελὼν
2752 2819 3007 2888 ἐγενήθη
3053 2817 3133 2882 τῷ
3172 2816 3552 2886 ἠγαπημένῳ,
3597 2816 3667 2869 ἐν
3695 2815 3910 2884 κέρατι,

2334 2914 2405 2965 ἐν
2465 2914 2624 2978 τόπῳ
2679 2912 2863 2964 πίονι.
2918 2910 3025 2963 Καὶ
3080 2908 3354 2977 φραγμὸν
3415 2907 3751 2974 περιέθηκα,
3811 2906 3911 2959 καὶ

2335 3001 2713 3070 ἐχαράκωσα,
2748 3002 2847 3055 καὶ
2886 3002 3190 3069 ἐφύτευσα
3236 2998 3511 3068 ἄμπελον
3542 2997 3774 3064 Σωρὴκ,
3814 2995 3914 3049 καί

2336 3092 2691 3161 ᾠκοδόμησα
2708 3094 2936 3161 πύργον
2954 3090 3028 3144 ἐν
3046 3089 3214 3160 μέσῳ
3236 3088 3443 3155 αὑτοῦ,
3465 3086 3564 3142 καί
3584 3086 3916 3154 προλήνιον

2262 3162 2306 3220 C
2340 3183 2541 3251 ὤρυξα
2569 3184 2640 3237 ἐν
2662 3181 2840 3247 αὐτῷ,
2867 3182 2968 3236 καὶ
3010 3180 3217 3249 ἔμεινα
3252 3174 3360 3233 τοῦ
3395 3176 3648 3245 ποιῆσαι
3678 3191 3916 3245 causav-

2336 3270 2480 3338 λὴν,
2511 3271 2760 3339 ἐποίησε
2784 3269 2854 3323 δὲ
2883 3268 3170 3333 ἀκάνθας.

2422 3361 2730 3431 ’Δμπε-λῶνι
2777 3361 3117 3430 παρεικάσας
3154 3357 3249 3412 τὸν
3293 3355 3812 3427 Ἱσραὴλ,,ὲπιμένει
3847 3355 3915 3408 δι’

2339 3452 2459 3507 ὅλου
2487 3455 2555 3523 τῇ
2584 3451 2677 3505 τοῦ
2706 3451 2867 3519 λόγου
2905 3451 3204 3521 μεταφορᾷ·
3240 3469 3258 3501 ι
3290 3449 3486 3516 Γέγονε
3525 3447 3724 3510 τοίνυν,
3764 3467 3782 3499 ι
3814 3465 3918 3518 φη-

2343 3543 2449 3606 σὶν,
2478 3560 2499 3595 ι
2529 3541 2788 3613 ἀμπελὼν
2828 3541 2907 3612 τῷ
2937 3539 3304 3611 ἠγαπημένῳ,
3329 3540 3389 3593 ἐν
3430 3539 3645 3609 κέρατι,
3672 3540 3731 3593 ὲν
3767 3542 3918 3608 τύπῳ

2342 3637 2508 3691 πίονι.
2541 3653 2559 3686 ι
2585 3635 2719 3687 Φασὶ
2732 3635 2858 3697 τοὺς
2878 3634 3102 3706 ἐτέρους
3125 3633 3234 3686 τῶν
3262 3633 3613 3704 ἑρμηνευτῶν
3642 3632 3915 3704 ἀρκεσθῆ-

2340 3744 2429 3781 ναι
2461 3725 2520 3778 τὸ
2557 3726 2729 3779 εἰπεῖν
2767 3727 2824 3777 ἐν
2857 3724 3008 3793 τόπῳ
3053 3723 3215 3789 πίονι,
3255 3723 3333 3787 ὡς
3375 3723 3470 3777 τοῦ
3511 3723 3739 3794 κέρατος
3781 3724 3917 3792 ἡμῖν

2341 3818 2493 3871 οὐδὲν
2532 3817 2737 3888 ἕτερον,
2784 3815 2818 3885 ἢ
2870 3814 3026 3869 τοῦτο
3072 3814 3205 3869 αὐτὸ
3253 3815 3626 3886 σημαίνοντος.
3673 3816 3836 3868 Δοκεῖ
3858 3814 3916 3868 δέ

2342 3923 2482 3960 τισιν
2515 3907 2575 3959 τὸ
2604 3906 2679 3970 ὡς
2698 3909 2758 3959 ὲν
2777 3905 2964 3978 κέρατι
2989 3907 3151 3969 νοεῖν,
3179 3905 3257 3969 ὡς
3284 3906 3344 3961 ὃν
3368 3906 3594 3975 δυνάμει
3621 3906 3775 3960 Θεοῦ.
3803 3907 3917 3959 Κε-

2341 3996 2716 4068 κληρονόμηκε
2738 3997 2845 4067 γὰρ
2865 3998 2894 4050 ὁ
2924 3996 3139 4068 Ἰσραὴλ
3164 3996 3265 4065 τῆς
3298 3997 3629 4068 ἐπαγγελίας
3660 3997 3760 4067 τὴν
3786 3998 3914 4065 γῆν,

2341 4089 2467 4152 τοὺς
2497 4087 2665 4142 πάλαι
2700 4086 3089 4157 κατῳκηκότας
3120 4088 3179 4138 ὲν
3212 4088 3350 4156 αὐτῇ
3382 4088 3609 4155 νικήσας
3636 4085 3724 4143 διὰ
3754 4084 3914 4140 Θεοῦ.

2343 4179 2630 4251 Τοιγάρτοι
2655 4178 2790 4248 φησι
2820 4179 2959 4250 πρὸς
2992 4177 3177 4242 αὐτὸν,
3209 4180 3267 4231 ὲν
3298 4176 3717 4248 τεσσαρακοστῷ
3746 4177 3917 4248 τρίτῳ

2339 4270 2560 4342 ψαλμῷο
2592 4289 2612 4323 ι
2653 4271 2749 4324 Ἔν
2781 4286 2863 4322 σοι
2894 4270 3019 4336 τοὺς
3064 4268 3291 4340 ἐχθροὺς
3332 4268 3488 4339 ἡμῶν
3534 4266 3919 4338 κερατιοῦμιεν,

2344 4363 2437 4416 καὶ
2464 4364 2525 4415 έν
2551 4361 2630 4432 τῷ
2655 4360 2877 4430 ὀνόματί
2904 4377 2997 4413 σου
3024 4358 3451 4428 ὲξονδενιὶηομεν
3481 4359 3609 4421 τοὺς
3625 4360 3922 4413 ἐπανιστα-

2348 4453 2541 4523 μένους
2564 4452 2716 4521 ἡμῖν.
2752 4468 2772 4502 ι
2804 4450 3149 4521 Λαμὸάνεται
3173 4450 3230 4503 δὲ
3250 4448 3313 4503 τὸ
3341 4449 3515 4521 κέρας
3536 4448 3685 4520 παρὰ
3711 4452 3777 4519 τῇ
3798 4449 3923 4521 θείᾳ

2350 4544 2568 4613 Γραφῇ.
2600 4544 2679 4605 είς
2712 4541 2864 4611 ἰσχὺν
2891 4542 2987 4594 καὶ
3020 4542 3099 4606 είς
3126 4540 3372 4611 δύναμιν,
3398 4543 3490 4595 καὶ
3523 4543 3602 4605 είς
3628 4540 3787 4605 δόξαν
3820 4540 3925 4613 τὴν

2349 4634 2656 4707 βασιλικήν.
2693 4634 2846 4687 Ἔστι
2880 4631 3011 4700 γοῦν
3041 4631 3273 4689 ἀκοῦσαι
3316 4632 3412 4686 τοῦ
3450 4633 3720 4704 μακαρίου
3755 4634 3927 4688 Δαὸῒδ

2344 4726 2481 4781 ποτὶ
2518 4725 2618 4795 μὶν
2646 4724 2912 4791 λέγοντος,
2937 4722 3013 4787 ὼς
3040 4725 3107 4777 ὲκ
3143 4722 3437 4795 προσώπου
3460 4724 3669 4778 δικαίου
3700 4726 3923 4788 παντός.

2354 4833 2375 4870 ι
2397 4814 2769 4885 ’Υψωθήσεται
2791 4814 2869 4877 ὡς
2899 4814 3267 4885 μονοκέρωτος
3285 4815 3346 4869 τὸ
3376 4814 3541 4885 κέρας
3570 4831 3696 4884 μου·
3734 4834 3755 4867 ι
3789 4816 3927 4871 ποτὲ

2342 4906 2401 4961 δὲ
2424 4905 2588 4961 πάλιν
2622 4907 2750 4977 περὶ
2778 4905 3035 4976 Χριστοῦ·
3082 4925 3101 4958 ι
3138 4907 3212 4960 Τὸ
3248 4907 3416 4973 κέρας
3446 4906 3611 4960 αὑτοῦ
3640 4906 3899 4977 ύψωθήσε

2344 5013 2437 5051 ται
2482 4996 2539 5051 ὲν
2582 4996 2729 5067 δόξῃ.
2773 5016 2792 5049 ι
2834 4997 3276 5068 Περιφανεστάτη
3308 4998 3419 5068 γὰρ
3445 4996 3758 5068 ήκβασιλεία
3793 4997 3909 5067 Χρι

2346 5089 2638 5144 στοῦ.⁶’οτι
2691 5089 2747 5142 δὲ
2795 5089 2933 5143 πίων
2969 5089 3068 5158 τῆς
3122 5088 3451 5157 ἐπαγγελίας
3494 5091 3527 5159 ἡ
3579 5091 3673 5158 γῆ,
3703 5106 3865 5159 μεμσ.

2346 5180 2552 5251 τύρηκε
2578 5179 2639 5234 τὸ
2670 5179 2908 5250 Γράμμα
2932 5179 2990 5232 τὸ
3013 5180 3178 5251 ἱερόν.
3207 5180 3460 5249 Πανταχῆ
3489 5179 3597 5251 γὰρ
3622 5179 3793 5249 αὐτὴν
3813 5179 3903 5234 ovs

2354 5271 2512 5343 μάζει
2534 5272 2636 5342 γῆν
2655 5272 2882 5341 ῥέουσαν
2907 5272 3045 5340 γάλα
3072 5271 3164 5326 καὶ
3188 5271 3326 5340 μέλι.
3350 5270 3723 5340 Προσεμπεδοῖ
3746 5270 3806 5322 δὲ
3831 5269 3931 5323 τὸν

2350 5360 2507 5430 λόγον
2530 5363 2624 5415 καὶ
2655 5362 2684 5413 ὁ
2705 5361 2988 5424 θεσπέσιος
3006 5361 3257 5431 Μελῳδδς
3282 5360 3498 5429 ψάλλων
3527 5376 3586 5412 τε
3619 5361 3715 5413 καὶ
3746 5359 3931 5427 λέγων

2352 5453 2482 5522 περὶ
2507 5452 2600 5506 τοῦ
2629 5452 2861 5523 Ἰσραήλ’
2892 5470 2910 5503 ι
2939 5452 3217 5521 ’Ἄμπελον
3258 5452 3318 5518 ὲξ
3345 5452 3621 5520 Αἰγύπτου
3656 5450 3932 5522 μετῆρας,

2339 5630 2383 5664 ⁸⁸
2418 5630 2557 5688 Psal.
2595 5646 2750 5697 thtt,
2780 5632 2834 5687 6.
2934 5633 2978 5664 °’
3001 5630 3142 5688 Psal.
3176 5648 3277 5697 χοι,
3310 5634 3393 5690 il.
3473 5634 3519 5665 τ’
3551 5631 3694 5689 Psal.
3724 5649 3838 5703 ext,
3865 5635 3931 5691 9.
