4178 6526
680 417 784 475 ίὸθ

1694 404 1753 459 S.
1794 401 2070 459 CYRILLI
2111 400 2585 458 ALEXANDRINI
2626 400 2949 460 ARCllIEP.

3864 411 3975 466 H0

679 534 817 586 Cum
865 529 1008 586 enim
1037 525 1352 598 praeclaram
1384 532 1441 580 et
1471 522 1745 579 laudatam
1777 522 2031 593 legitimae
2057 524 2181 578 vitae
2212 534 2266 577 et

2372 520 2462 575 τὸν
2493 521 2655 593 νόμον
2686 522 3092 594 ἀναισχυντίαν.
3121 524 3299 579 Μετδν
3334 524 3442 599 γάρ
3472 525 3656 591 αὐτοῖς
3692 524 3784 580 ιιαὶ
3818 526 3970 596 μάλα.

680 623 1005 679 Christiana:
1043 618 1403 675 institutionis
1448 617 1592 673 viam
1635 616 1775 673 inire
1805 617 2130 688 potuissent,
2165 617 2265 685 ipsi

679 716 953 786 obliquam
991 724 1046 768 et
1071 714 1286 767 deviam
1315 710 1604 767 coluerunt
1636 729 1649 767 :
1692 718 1749 766 et
1779 708 2139 764 fructificandi
2176 723 2268 763 ne-

677 807 878 877 glectu,
933 805 1269 860 infructuosa
1322 803 1469 857 velut
1501 810 1645 857 terra
1682 798 1807 856 facti
1848 810 1996 866 sunt,
2032 815 2151 871 qua:
2185 798 2267 853 al—

681 900 787 953 trix
819 908 923 964 est,
976 906 1032 951 et
1083 896 1269 950 nutrix
1315 910 1423 950 non
1458 894 1667 949 mitium
1696 894 1993 958 fructuum,
2022 897 2116 949 sed
2148 908 2270 963 qua:

677 989 912 1059 agrestis
964 998 1049 1043 est
1097 988 1276 1057 potius
1308 990 1526 1057 spinosa
1572 997 1628 1042 et
1672 986 1956 1043 silvestris.
2000 985 2270 1042 Prodeant

680 1083 868 1154 igitur,
913 1081 1113 1150 inquit,
1145 1080 1235 1150 qui
1263 1082 1404 1135 inter
1433 1094 1527 1134 vos
1551 1087 1678 1134 sunt
1706 1079 2005 1150 sapientes,
2025 1078 2271 1148 judicent

688 1175 836 1230 inter
860 1188 947 1228 me
976 1174 1148 1226 vineze
1176 1171 1453 1227 dominum
1479 1180 1532 1226 et
1564 1173 1709 1241 ipsas
1738 1172 1897 1227 vites.
1934 1170 2075 1238 Quid
2102 1171 2266 1242 igitur

680 1265 811 1320 boni
849 1264 957 1320 illis
998 1262 1167 1318 defuit
1194 1272 1248 1316 ut
1293 1262 1512 1317 inutiles
1552 1262 1779 1317 fierent?
1828 1262 1885 1316 Si
1918 1262 2060 1316 enim
2090 1277 2267 1316 rerum

683 1358 751 1412 ad
781 1371 936 1411 usum
978 1354 1413 1411 necessariarum
1446 1354 1721 1425 quippiam
1758 1370 1785 1407 a
1816 1370 1901 1408 me
1928 1355 2017 1421 qui
2053 1354 2267 1422 plauta-

681 1465 891 1514 veram,
927 1449 1067 1505 forte
1116 1448 1538 1518 praetermissum
1586 1445 1768 1510 fuerit,
1823 1462 2000 1501 causa:
2026 1446 2160 1500 nihil
2189 1445 2271 1499 di-

684 1560 828 1609 cam,
884 1558 983 1597 nec
1046 1556 1237 1612 pmnas
1286 1540 1519 1610 exigam.
1554 1537 1690 1604 Quid
1714 1539 1857 1593 enim
1888 1538 2147 1603 facerem,
2182 1539 2270 1592 in-

682 1636 831 1705 quit,
872 1634 1013 1705 quod
1060 1649 1165 1688 non
1204 1633 1252 1687 ei
1307 1631 1574 1687 fecerim?
1603 1630 1736 1685 Cum
1790 1644 1921 1684 vero
1959 1629 2119 1685 rebus
2148 1644 2268 1683 eam

684 1726 907 1781 utilibus
937 1725 1149 1795 plenam
1175 1723 1482 1793 nulliusque
1518 1722 1594 1778 rei
1615 1723 1855 1793 indigam
1887 1722 2133 1789 fecerim,
2158 1721 2269 1792 spi-

684 1835 782 1875 nas
824 1830 1004 1875 tamen
1042 1819 1284 1889 peperit,
1330 1817 1458 1873 licet
1509 1825 1885 1887 exspectarem
1921 1826 1979 1869 ut
2004 1830 2124 1893 egm
2155 1814 2273 1884 pul-

2373 615 2577 687 ῥᾳδίως
2602 616 2701 687 τὴν
2730 617 2928 671 εὐκλεᾶ
2951 618 3045 671 καὶ
3078 618 3366 691 εὐδόκιμον
3398 619 3496 691 τῆς
3523 622 3581 673 ἐν
3609 620 3760 692 νόμῳ
3792 618 3967 689 ζωῆς.

2368 710 2536 781 ῆγουν
2571 710 2671 782 τῆς
2691 711 2748 764 ἐν
2777 709 2998 783 Χριστῷ
3032 712 3330 779 πολιτείας,
3367 713 3528 781 ίέναι,
3568 714 3776 786 τρίϐον,
3812 715 3975 767 αὐτοὶ

2368 804 2702 875 τετιμήκασι
2728 804 2826 877 τὴν
2848 805 3312 877 διεστραμμένην.
3337 808 3449 862 Καὶ
3480 806 3587 879 μὴν
3614 807 3673 860 τὸ
3699 807 3969 861 δύνασθαι

2370 898 2746 968 καρποφορεῖν
2778 897 3007 965 ἀφέντες
3037 897 3113 962 ὡς
3142 897 3329 964 ἕωλον,
3370 899 3441 969 γῆ
3481 916 3561 963 τις
3587 898 3777 969 ὥσπερ
3806 898 3973 967 γεγό-

2371 1005 2530 1041 νασιν
2567 989 2630 1041 οὐ
2674 990 2903 1061 καρπῶν
2944 991 3167 1063 ἡμέρων
3206 992 3381 1062 τροφή
3406 1005 3420 1023 ⁵
3458 990 3628 1062 ἀγρία
3665 990 3723 1043 δέ
3764 990 3969 1061 μᾶλλον

2369 1077 2464 1130 καὶ
2512 1078 2878 1141 ἀκανθοτόκος
2929 1082 3023 1133 καὶ
3064 1080 3361 1152 ὑλομανής.
3398 1081 3714 1135 Ἦκέτωσαν
3763 1080 3968 1139 τοίνυν.

2371 1170 2557 1238 φησὶν,
2585 1171 2634 1222 οἱ
2669 1170 2725 1222 ἐν
2757 1171 2884 1241 ὑμῖν
2911 1172 3085 1241 σοφοὶ,
3110 1172 3482 1236 δικαζέτωσαν
3517 1174 3575 1225 ἐν
3597 1172 3721 1244 ἐμοὶ
3760 1154 3971 1241 τῷντοῦ

2370 1262 2695 1333 ἀμπελῶνος
2734 1263 2994 1337 δεσπότῃ,
3046 1265 3143 1318 καὶ
3176 1264 3368 1329 αὑταῖς
3404 1264 3460 1317 δέ
3501 1267 3622 1328 ταῖς
3674 1264 3975 1335 ἀμπέλοις.

2371 1355 2530 1418 Τίνος
2563 1354 2628 1425 δὴ
2667 1350 2761 1409 οῦν
2799 1357 2906 1428 ἄρα
2946 1355 3055 1409 τῶν
3092 1355 3313 1425 ἀγαθῶν
3346 1355 3732 1410 ἐλλελοιπότων
3777 1356 3978 1415 aurai;

2371 1447 2578 1520 ἀχρεῖοι
2606 1449 2930 1517 γεγόνασινς
2965 1449 3027 1502 Ei
3060 1448 3161 1520 μὲν
3191 1449 3299 1520 γάρ
3319 1466 3373 1502 τι
3402 1448 3511 1503 τῶν
3540 1449 3853 1518 ἀναγκαίων
3886 1449 3977 1510 εις

2370 1540 2556 1610 ὄνησιν
2629 1540 2923 1611 παρῶπται
2989 1541 3150 1612 τυχὸν
3187 1543 3313 1613 ἐμοὶ
3351 1542 3427 1614 τῷ
3464 1541 3850 1611 πεφυτευκότι,
3891 1540 3979 1593 διο

2372 1630 2643 1702 ελεγχέτω
2690 1648 2775 1693 τις
2822 1632 2917 1685 καὶ
2962 1631 3339 1701 πεπαύσομαι.
3396 1632 3720 1702 Ἀποστήσω
3763 1630 3975 1694 αἰτίας,

2372 1720 2467 1773 καὶ
2500 1721 2600 1774 οὐκ
2629 1722 2838 1791 αἰτήσω
2876 1720 3053 1785 δίκας.
3086 1721 3152 1774 Τί
3194 1722 3302 1793 γάρ
3336 1723 3569 1794 ποιήσω,
3604 1722 3791 1793 φησὶν,
3824 1722 3853 1774 δ
3892 1724 3975 1793 μὴ

2374 1812 2651 1882 πεποίηκα
2682 1814 2863 1884 aucti»;
2908 1813 3127 1884 Ἐπειδὴ
3166 1813 3223 1867 δὲ
3256 1813 3363 1866 τῶν
3386 1813 3670 1885 χρησίμων
3702 1812 3879 1882 πλήρη
3909 1830 3975 1865 τε

683 1917 833 1972 chris
881 1914 1144 1968 fructibus
1195 1922 1446 1969 ornatam
1505 1913 1786 1966 viderem:
1825 1926 1945 1979 qua:
1991 1911 2205 1965 tandem
2235 1922 2266 1961 a

2373 1904 2630 1975 ἀπέφηνα
2659 1905 2753 1957 καὶ
2778 1903 2991 1966 οὐδενὸς
3024 1904 3236 1992 ἐπιδεᾶ,
3264 1898 3384 1958 εἶτα
3408 1904 3632 1972 γέγονεν
3666 1903 3973 1957 ἀκανθοτό-

684 2010 869 2080 judice
903 2007 1106 2062 feretur
1142 2006 1455 2061 sententia?
1486 2004 1626 2060 Num
1658 2005 1826 2075 igitur
1851 2006 2101 2069 inertem,
2137 2018 2265 2057 nunt

685 2102 1016 2156 desidiosum
1049 2099 1343 2169 agricolam
1377 2098 1557 2154 dicet?
1580 2115 1646 2152 an
1686 2100 1862 2167 potius
1894 2098 2016 2151 illos
2043 2112 2267 2150 accusa-

686 2196 874 2265 bitqui
903 2202 1049 2248 tanta
1065 2192 1431 2246 sollicitudine
1453 2189 1628 2245 curati
1655 2206 1682 2243 a
1723 2205 1831 2253 me,
1856 2189 1990 2241 adeo
2023 2186 2267 2241 fertilita-

686 2294 795 2339 tem
828 2300 981 2340 suam
1009 2282 1385 2353 neglexerunt,
1420 2292 1482 2334 ut
1508 2281 1723 2333 inanem
1756 2277 1945 2331 silvam
1967 2291 2029 2339 ac
2055 2276 2265 2331 turbam

685 2378 965 2446 spinarum
1016 2392 1114 2446 pro
1170 2375 1403 2429 racemis
1433 2370 1779 2444 pepererint?
1809 2368 1963 2436 Quod
1990 2380 2170 2424 autem
2203 2369 2269 2422 de

686 2470 841 2540 spina
876 2469 1118 2524 sensibili
1153 2482 1459 2523 sermonem
1504 2480 1609 2521 non
1644 2464 1859 2527 habeat,
1894 2477 1993 2518 nec
2018 2462 2085 2516 de
2114 2476 2268 2516 race-

692 2563 795 2616 mis
813 2570 903 2615 aut
922 2576 1049 2627 uva,
1082 2559 1252 2614 cuivis
1274 2557 1615 2629 perspicuum
1643 2565 1746 2610 est.
1775 2554 1831 2611 Si
1864 2569 1991 2609 vero
2016 2552 2169 2607 vinea
2199 2557 2269 2606 sit

689 2653 790 2707 sub
845 2651 1260 2723 intelligentiam
1318 2648 1542 2717 cadens,
1606 2648 1742 2703 tales
1798 2647 2023 2701 omnino
2065 2654 2270 2701 suntet

687 2745 917 2802 fructus.

755 3003 864 3075 ει
897 3000 1063 3057 Vens.
1099 3000 1154 3065 5,
1195 2998 1248 3055 6.
1299 2996 1457 3052 Nunc
1518 3005 1695 3051 autem
1753 2995 2081 3050 annuntiabo
2127 2995 2269 3049 vobis

686 3098 814 3169 quid
847 3095 1042 3165 faciam
1067 3094 1232 3147 vinea:
1258 3106 1385 3146 mete
1413 3104 1432 3143 :
1459 3089 1696 3159 auferam
1734 3104 1903 3157 sepem
1929 3088 2062 3155 ejus,
2091 3096 2137 3140 et
2167 3088 2268 3139 erit

688 3188 992 3257 direptioni,
1017 3196 1064 3240 et
1097 3185 1308 3238 diruam
1352 3197 1557 3236 murum
1587 3179 1724 3250 ejus,
1768 3192 1814 3234 et
1848 3181 1944 3233 erit
1994 3178 2271 3233 conculca-

2375 2014 2509 2063 κος,
2565 1996 2744 2050 καίτοι
2794 1995 3202 2068 προσδοκῶντος
3255 1994 3389 2066 ἐμοῦ
3452 1998 3686 2062 καρποῖς
3743 1994 3975 2064 ὡραίοις

2375 2088 2631 2161 κομῶντα
2660 2087 2899 2159 βλέπειν.
2946 2086 3081 2141 [Ιοία
3103 2105 3187 2151 τις
3218 2086 3372 2141 ἔσται
3396 2086 3581 2139 λοιπὸν
3624 2087 3657 2157 ἡ
3693 2086 3843 2156 παρά
3868 2085 3973 2137 τοῦ

2373 2181 2688 2247 δικάζοντος
2725 2181 2937 2251 ψῆφοςς
2970 2176 3117 2252 Ἆρα
3162 2179 3271 2251 γὰρ
3314 2179 3564 2251 ἀτημελῆ
3602 2179 3697 2232 καὶ
3724 2177 3974 2255 ῥᾴθυμον

2373 2274 2632 2345 ὀνομάσει
2663 2274 2755 2327 τὸν
2780 2273 3041 2344 γηπόνον,
3071 2272 3105 2343 ἢ
3147 2270 3351 2343 μᾶλλον
3388 2270 3629 2335 ἐκείνους
3661 2270 3971 2324 αἰτιάσεται

2373 2367 2501 2430 τοὺς
2528 2367 2585 2418 ἐν
2616 2363 2831 2436 μεθέξει
2868 2363 3160 2433 γεγονότας
3199 2364 3297 2434 τῆς
3326 2365 3458 2435 παρ’
3490 2361 3625 2435 ἐμοῦ
3661 2360 3967 2433 φροντίδος.

2374 2457 2723 2530 ἠμεληκότας
2778 2456 2835 2510 δὲ
2892 2456 3035 2511 οὕτω
3097 2455 3199 2527 τῆς
3256 2456 3462 2510 ἑαυτῶν
3506 2454 3836 2527 εὐκαρπίας,
3890 2452 3972 2516 ὡς

2375 2549 2587 2604 εἰκαίαν
2645 2548 2778 2620 ὓλην
2843 2550 2938 2603 καὶ
2998 2548 3253 2603 ἀκανθῶν
3315 2548 3473 2619 δχλον
3536 2547 3660 2601 ἀντὶ
3724 2544 3971 2617 βοτρύων

2375 2645 2657 2711 ἐκτεκείν;
2697 2644 2821 2696 Ὀτι
2850 2643 2907 2697 δὲ
2940 2643 3003 2697 οὐ
3037 2642 3166 2713 περὶ
3194 2643 3294 2714 τῆς
3318 2640 3643 2713 αίσθητικῆς
3668 2639 3911 2711 ἀκάνθης
3939 2643 3973 2694 ὁ

2375 2734 2532 2803 λόγος
2560 2734 2729 2805 αὐτῷ,
2764 2732 2887 2788 οὔτε
2913 2734 3020 2807 μὴν
3047 2733 3288 2806 βοτρύων
3315 2735 3348 2805 ἦ
3375 2732 3672 2804 σταφυλῆς,
3702 2732 3869 2786 παντί
3890 2748 3972 2801 τῳ

2377 2826 2569 2894 σαφές.
2611 2824 2782 2899 Εἴπερ
2823 2826 2942 2879 ἐστὶ
2982 2824 3170 2897 νοητὸς
3215 2826 3244 2878 ὁ
3290 2821 3576 2896 ἀμπελὼν,
3623 2820 3861 2877 τοιοῦτοι
3911 2820 3971 2874 δὲ

2376 2918 2594 2980 πάντως
2622 2918 2719 2971 καὶ
2740 2918 2790 2970 οἱ
2816 2918 3042 2987 καρποί.

2446 3008 2577 3064 Νῦν
2600 3007 2667 3061 δὲ
2688 3006 3009 3078 ἀπαγγελῶ
3032 3007 3176 3077 ὑμῖν
3202 3007 3262 3061 τί
3286 3007 3520 3073 ποιήσω
3555 3003 3636 3073 τῷ
3656 3002 3973 3075 ἀμπελῶνί

2370 3116 2512 3171 μουο
2559 3099 2763 3170 ἀφελῶ
2804 3098 2912 3153 τὸν
2952 3098 3225 3169 φραγμὸν
3274 3099 3486 3162 αὑτοῦ,
3536 3098 3635 3152 καὶ
3674 3098 3849 3151 ἔσται
3882 3099 3973 3163 εὶς

2376 3189 2735 3261 διαρπαγήν
2792 3189 2893 3243 καί
2945 3187 3178 3242 καθελῶ
3224 3188 3332 3242 τὸν
3373 3187 3578 3258 τοῖχον
3618 3184 3826 3251 αὐτοῦ,
3869 3188 3973 3241 arat

690 3283 840 3337 tioni.
880 3281 948 3334 Et
976 3281 1241 3334 dimittam
1284 3277 1486 3332 vineam
1518 3292 1709 3340 meum,
1755 3285 1801 3328 et
1836 3288 1938 3326 non
1976 3271 2269 3341 pulabitur,

2374 3252 2546 3337 ἔσται
2574 3252 2669 3348 είς.
2692 3281 3105 3351 καταπάτημα.
3129 3280 3241 3335 Καὶ
3272 3252 3614 3348 artiore-ter
3639 3278 3975 3351 ἀμπελῶνό

690 3389 852 3444 neque
883 3372 1117 3442 [odietur
1144 3387 1161 3425 :
1193 3380 1242 3425 et
1271 3370 1549 3425 ascemient
1580 3370 1636 3421 in
1666 3383 1779 3421 eam
1807 3367 1941 3419 velut
1976 3365 2031 3418 in
2079 3374 2272 3416 terram

690 3463 944 3520 incultam
1003 3466 1191 3532 spina’.
1248 3461 1310 3517 Et
1359 3461 1621 3517 mandabo
1679 3460 1927 3524 nubibus,
1993 3473 2055 3511 ne
2090 3454 2273 3525 pluunt

690 3574 846 3627 super
871 3573 985 3612 eam
1018 3556 1255 3610 imbrem.

761 3728 880 3785 Non
912 3739 1088 3797 caret,
1135 3738 1194 3784 ut
1242 3728 1371 3783 mihi
1426 3729 1659 3793 videtur,
1714 3725 2074 3781 admiratione
2118 3724 2275 3779 istius

687 3822 950 3878 orationis
986 3820 1157 3877 forma
1184 3836 1199 3875 :
1226 3820 1426 3875 etenim
1456 3818 1592 3888 ipsa,
1630 3818 1935 3871 tacentibus
1976 3814 2139 3870 etiant
2190 3814 2275 3868 his

688 3914 779 3987 qui
805 3913 873 3967 ad
901 3911 1177 3967 ferendam
1213 3912 1541 3965 sententiam
1576 3909 1717 3963 inter
1748 3908 1923 3978 ipsum
1971 3917 2026 3962 et
2060 3907 2271 3961 vineam

690 4006 851 4061 asciti
891 4012 1070 4070 erant,
1116 4018 1330 4073 poenam
1370 4003 1571 4057 decidit
1626 4002 1905 4071 deinceps,
1968 4006 2023 4055 et
2075 3999 2273 4069 quibus

690 4100 820 4154 item
854 4098 968 4154 hmc
1001 4107 1264 4153 eventura
1304 4106 1450 4160 sunt,
1494 4096 1697 4151 diserte
1741 4091 2086 4164 praenuntiat.
2137 4091 2271 4145 Cum

691 4192 835 4248 enim
869 4188 1000 4245 nihil
1030 4188 1079 4245 ei
1116 4188 1329 4243 deesset
1359 4201 1547 4242 eorum
1587 4200 1708 4256 qua:
1741 4186 1872 4255 ipsis
1913 4184 2065 4239 utilia
2120 4192 2271 4249 sunt,

691 4300 787 4341 sua
819 4291 1012 4354 sponte
1050 4280 1253 4337 sterilis
1290 4281 1605 4351 permansit.
1644 4277 1942 4348 Oportebat
1992 4277 2158 4349 igitur
2214 4286 2275 4330 ut

690 4383 782 4453 qui
817 4382 883 4436 ad
921 4389 1123 4436 tantam
1159 4379 1569 4449 perversitatem
1614 4373 1975 4435 devertissent,
2023 4386 2181 4425 manu
2217 4377 2273 4423 et

695 4491 831 4530 cura
885 4482 941 4529 et
990 4471 1192 4527 auxilio
1242 4469 1453 4527 Domini
1502 4468 1555 4523 in
1603 4474 1875 4538 posterum
1903 4464 2271 4534 privarentur.

2368 3393 2511 3445 μου,
2552 3374 2651 3429 καὶ
2691 3376 2763 3429 οὐ
2812 3374 2899 3444 μὴ
2929 3372 3147 3444 τμηθῇ,
3195 3374 3323 3428 οὐδ’
3364 3376 3435 3428 οὐ
3459 3373 3545 3443 μὴ
3592 3371 3826 3441 σκαφῇ’
3868 3374 3972 3426 καί

2372 3468 2783 3535 ἀναϐήσονται
2826 3470 2915 3535 είς
2944 3468 3155 3534 αὐτὸν,
3195 3467 3276 3533 ὡς
3305 3468 3392 3533 είς
3431 3466 3659 3537 χέρσον
3686 3466 3971 3520 ἄκανθαι.

2373 3559 2483 3613 Καὶ
2513 3558 2643 3623 ταῖς
2670 3558 2953 3628 νεφέλαις
2982 3556 3357 3628 ἐντελοῦμαι,
3380 3557 3489 3612 τοῦ
3520 3556 3609 3627 μὴ
3629 3556 3844 3626 βρέξαι
3876 3556 3974 3609 ἐπ’

2374 3650 2564 3706 αὐτὸν
2588 3651 2785 3705 ὑετόν.

2447 3745 2563 3798 Οὐκ
2590 3743 2961 3814 ἀθαύμαστον,
2992 3740 3125 3811 ῶσγ⁶
3148 3742 3272 3813 ἐμοὶ
3300 3742 3576 3811 φαίνεται,
3604 3740 3697 3796 τοῦ
3718 3741 3879 3811 λόγου
3911 3743 3977 3796 τὸ

2377 3835 2583 3904 σχῆμα.
2614 3832 2793 3886 Μόνον
2812 3831 2920 3903 γάρ
2948 3832 3071 3902 οὐχὶ⁸
3096 3831 3193 3884 καὶ
3216 3834 3587 3903 σεσιγηκότων
3614 3832 3725 3886 τῶν
3764 3832 3973 3902 κεκλη-

2378 3924 2555 3995 μένων
2577 3926 2661 3987 είς
2680 3922 2740 3976 τὸ
2764 3922 3007 3989 δικάσαι,
3039 3922 3189 3993 αὐτῷ
3215 3940 3273 3977 τε
3306 3924 3400 3977 καὶ
3426 3924 3504 3995 τῷ
3537 3923 3849 3996 ἀμπελῶνι,
3867 3925 3975 3996 τὴν

2373 4014 2531 4084 δίκην
2583 4014 2768 4077 αὐτοῖς
2817 4012 2993 4082 ὁρίζει
3040 4013 3246 4067 λοιπόν·
3278 4013 3376 4067 καὶ⁵
3415 4013 3487 4068 τά
3532 4015 3593 4068 ἐν
3637 4013 3779 4068 τίσιν
3812 4014 3975 4068 ἔσται

2375 4106 2739 4178 προαγορεύει
2769 4106 2977 4175 σαφῶς.
3025 4105 3430 4169 Ἑλλελοιπότος
3458 4104 3562 4178 γάρ
3589 4106 3726 4171 ὅλως
3749 4107 3974 4172 οὐδενὸς

2374 4194 2521 4266 αὐτῷ
2549 4193 2660 4249 τῶν
2686 4196 2767 4259 είς
2793 4195 2857 4249 τὸ
2877 4191 2934 4249 εὖ
2962 4189 3104 4249 εἷναι
3131 4194 3437 4266 χρησίμων,
3467 4194 3633 4260 αὐτὸς
3663 4194 3722 4263 ἐξ
3756 4196 3974 4261 οἰκείας

2374 4285 2773 4357 κατεχερσοῦτο
2819 4283 3066 4357 γνώμης.
3111 4287 3258 4340 Ἔδει
3302 4285 3369 4358 δὴ
3413 4281 3506 4341 οῦν
3557 4287 3667 4359 ἀρα
3711 4288 3843 4352 τοὺς
3885 4292 3973 4354 είς

2372 4377 2533 4432 τοῦτο
2595 4378 2930 4449 φαυλότητος
2963 4378 3327 4450 καθιγμένους
3361 4378 3467 4446 ἔξω
3512 4396 3572 4432 τε
3626 4380 3811 4451 χειρὸς
3870 4384 3975 4437 καὶ

2374 4470 2677 4546 φροντίδος,
2714 4470 2810 4524 καὶ
2848 4472 2956 4542 μὴν
2979 4472 3075 4525 καὶ
3095 4472 3416 4543 ἐπικουρίας
3443 4471 3537 4525 τοῦ
3562 4473 3840 4527 Δεσπότου
3871 4492 3974 4543 γε-

689 4566 878 4634 Proin,
905 4565 1099 4635 inquit,
1130 4561 1373 4618 auferam
1401 4574 1583 4631 sepem
1627 4558 1794 4630 ipsius
1816 4599 1831 4624 ,
1866 4567 1921 4611 et
1966 4555 2071 4611 erit
2127 4557 2269 4610 dire-

2375 4562 2562 4617 νέσθαι
2613 4562 2818 4618 λοιπόν.
2871 4562 3081 4617 Οὐκοῦν
3122 4562 3329 4634 ἀφελῶ,
3368 4564 3523 4636 φησὶ,
3572 4565 3663 4618 τὸν
3708 4568 3975 4638 φραγμὸν

689 4662 884 4731 ptioni,
908 4667 963 4715 et
988 4657 1230 4712 auferam
1264 4655 1555 4710 maceriam
1582 4653 1725 4723 ejus,
1759 4663 1813 4707 et
1835 4650 1939 4706 erit
1960 4650 2013 4703 in
2050 4647 2271 4703 concul-

690 4754 983 4809 cationem.
1009 4750 1178 4805 Vinea
1212 4748 1477 4819 siquidem
1519 4760 1640 4816 qua:
1685 4744 1988 4814 sepimento
2023 4751 2078 4794 et
2113 4754 2270 4795 muro

691 4854 876 4910 caret,
920 4844 1124 4915 patebit
1167 4844 1389 4898 cumino
1436 4839 1718 4910 quibusvis
1762 4836 1998 4905 diripere
2041 4833 2273 4889 volenti-

690 4938 815 5003 bus,
860 4951 957 4992 ceu
1011 4936 1321 4994 convivium
1370 4932 1622 4988 omnibus
1683 4927 2166 4999 expositissimum,
2217 4934 2272 4979 et

689 5045 787 5083 ceu
840 5030 963 5083 trita
1008 5029 1197 5083 semita
1253 5027 1357 5081 iter
1422 5022 1763 5085 facientibus,
1832 5020 2048 5074 nemine
2095 5019 2271 5088 prohi-

688 5117 867 5172 hente.
920 5115 1053 5171 Nam
1101 5115 1323 5171 Christo
1374 5129 1474 5169 nos
1524 5113 1896 5178 obmuuieutc,
1955 5120 2006 5165 et
2060 5110 2277 5166 arcanis

688 5209 1008 5278 quihusdam
1050 5206 1395 5262 adminiculis
1454 5219 1551 5259 ceu
1602 5204 1836 5259 maceria
1900 5212 2108 5256 tantttm
2167 5216 2271 5256 non

687 5302 958 5370 cingente,
990 5300 1131 5355 obvii
1160 5306 1213 5351 et
1247 5296 1478 5368 expositi
1525 5312 1628 5350 non
1673 5297 1897 5360 erimus,
1959 5310 2132 5363 neque
2177 5294 2273 5349 im-

687 5391 1013 5445 tuttndorum
1068 5388 1354 5457 spirituum
1429 5386 1755 5453 incursioni,
1821 5402 1920 5442 nec
1978 5385 2268 5456 direptioni

686 5484 924 5538 ferarum
968 5480 1261 5548 agrestium
1314 5477 1532 5549 objecti,
1593 5493 1693 5533 nec
1753 5478 1910 5533 ludus
1960 5488 2016 5533 et
2063 5478 2271 5533 deliciae.

682 5574 958 5643 vulpibus,
994 5571 1061 5624 de
1086 5570 1359 5639 quibusin
1395 5572 1620 5627 Cantico
1646 5571 1980 5626 canticorum
2006 5571 2267 5640 scriptum

684 5676 770 5722 est
818 5684 832 5720 :
900 5681 918 5715 ι
952 5663 1433 5732 Comprehendite
1483 5668 1641 5725 nobis
1702 5665 2010 5735 vulpeculas
2069 5681 2269 5736 parvas

684 5761 1025 5814 destruentes
1060 5755 1242 5812 vineas
1294 5761 1358 5819 ⁷³,
1410 5782 1429 5817 ι
1494 5763 1763 5821 Dicuntur
1805 5760 1970 5815 etiam
2022 5763 2263 5818 nonnulli

760 5874 805 5909 "
825 5872 981 5931 Cant.
1017 5889 1075 5942 tt,
1110 5872 1190 5930 15.

2375 4652 2563 4715 αὑτοῦ.
2594 4655 2688 4708 καὶ
2718 4653 2870 4707 ἔσται
2902 4657 2979 4719 είς
3002 4654 3331 4727 διαρπαγὴν,
3368 4657 3460 4709 καὶ
3483 4654 3697 4710 καθελῶ
3731 4657 3828 4711 τὸν
3853 4662 3972 4713 τοί-

2374 4759 2467 4812 χον
2504 4740 2692 4807 αὑτοῦ,
2730 4744 2823 4797 καὶ
2867 4742 3018 4797 ἔσται
3054 4746 3136 4809 είς
3175 4745 3565 4815 καταπάτημα.
3603 4747 3873 4819 Ψραγμοῦ
3911 4749 3972 4803 δέ

2374 4834 2469 4886 καὶ
2526 4834 2737 4905 τείχους
2774 4834 2979 4907 ἕρημος
3019 4835 3301 4908 ἀμπελὼν,
3346 4838 3695 4909 προκείσεται
3746 4840 3971 4906 πάντως

2372 4929 2486 4991 τοῖς
2520 4927 2842 4997 διαρπάζειν
2875 4926 3148 4982 ἐθέλουσιν
3195 4928 3344 5002 θοίνη
3387 4946 3471 4994 τις
3508 4932 3838 5002 ἐτοιμοτάτη
3874 4936 3972 4988 καὶ

2375 5021 2489 5083 τοῖς
2537 5018 2832 5073 διοδεύουσι
2883 5019 3089 5089 τρίὸος,
3132 5019 3468 5093 ἐξείργοντος
3520 5022 3755 5087 οὐδενός.
3795 5025 3971 5097 Περι-

2374 5112 2706 5183 φράττοντος
2742 5112 2843 5183 μὲν
2874 5112 2983 5184 γάρ
3019 5113 3167 5183 ἡμᾶς
3188 5112 3283 5165 τοῦ
3315 5112 3473 5179 Θεοῦ,
3508 5116 3602 5167 καὶ
3624 5115 3973 5187 ἀπορρήτοις

2373 5204 2512 5257 τισὶν
2552 5204 2895 5275 ἐπικουρίαις
2928 5204 3209 5274 μονονουχὶ
3238 5206 3334 5258 καὶ
3362 5205 3796 5276 ἀνατειχίζοντος
3818 5246 3834 5269 ,
3867 5208 3972 5261 οὐκ

2370 5295 2609 5367 ἐσόμεθα
2653 5296 2806 5367 βατοὶ
2836 5296 2930 5349 καὶ
2973 5297 3031 5349 ἐν
3061 5295 3215 5363 τάξει
3251 5295 3439 5367 τρίϐου
3476 5300 3591 5361 τοῖς
3627 5298 3973 5370 ἀκαθάρτοις

2378 5388 2703 5461 πνεύμασιν⁸
2747 5388 2870 5442 οῦτε
2918 5388 3025 5460 μὴν
3073 5388 3281 5461 ἕτοιμοι
3324 5389 3462 5461 πρὸς
3496 5390 3805 5463 διαρπαγὴν
3853 5396 3972 5458 τοῖς

2375 5482 2585 5554 θηρίοις
2614 5480 2708 5534 τοῦ
2736 5479 2929 5552 ἀγροῦ,
2964 5479 3059 5533 καὶ
3081 5468 3334 5548 ’ἀλώπεξι
3369 5484 3573 5555 τρυφή.
3598 5483 3737 5555 Περὶ
3762 5476 3841 5536 ὧν
3876 5485 3973 5551 γέ-

2372 5593 2614 5648 γραπται
2639 5574 2809 5629 καὶέν
2837 5572 2914 5643 τῷ
2943 5572 3182 5645 ’ᾼσματι
3210 5572 3318 5627 τῶν
3345 5574 3629 5645 ᾀσμάτων*
3664 5594 3683 5628 ι
3713 5575 3969 5631 Πιάσατε

2371 5672 2502 5743 ἡμῖν
2557 5667 2847 5731 ἀλώπεκας
2902 5664 3135 5737 μικροὺς
3179 5666 3541 5737 ἀφανίζοντας
3586 5668 3896 5739 ἀμπέλους.
3942 5690 3964 5721 s

2371 5764 2634 5832 Λέγονται
2672 5760 2730 5815 δέ
2765 5758 2858 5815 stat
2898 5758 3113 5832 μερίδες
3155 5758 3460 5818 ἀλωπέκων
3503 5760 3762 5831 γενέσθαι
3790 5764 3961 5829 τινές.

4089 5368 4091 5453 Α
