5176 6542
753 453 851 515 ιιι

1890 442 1957 505 IN
1999 445 2237 505 lSAlAM
2273 443 2405 501 LIB.
2447 443 2487 499 I.
2530 441 2738 499 ORAT.
2785 443 2871 506 lli.

3922 450 4020 504 1ιὲ

756 558 1032 635 δΑνιέντος
1079 575 1137 623 τε
1191 570 1303 632 τοῖς
1348 566 1556 622 ἀδικεῖν
1594 561 1892 628 ἐθέλουσιν,
1930 564 2026 618 καὶ
2059 560 2339 633 φροντίδος
2369 566 2416 625 Α
2443 558 2620 627 portio
2648 557 2800 628 vulpil

1978 564 2026 618 :tl.
2059 560 2339 633 φροντίδος
2369 566 2416 625 Α
2443 558 2620 627 portio
2648 557 2883 628 vulpium
2920 558 3057 613 lieri.
3094 560 3163 612 At
3197 558 3242 612 si
3272 560 3412 614 Deus
3438 574 3537 615 nos
3566 560 3815 630 iujuriam
3842 563 4022 620 facere

745 668 849 735 τῆς
865 661 1079 718 ἄνωθεν
1101 658 1583 732 ἁπαμφιεννῦντος
1609 655 1769 721 θεοῦ,
1798 656 2001 720 παντὸς
2033 656 2113 720 είς
2143 656 2341 725 πεῖραν

744 753 951 826 ἥξομεν
976 750 1173 807 κακοῦ“
1198 753 1293 805 καὶ
1321 752 1430 815 πᾶς
1450 748 1701 804 ὁστισοῦν
1722 748 2049 821 ὲντρυφήσει
2074 748 2188 810 τοῖς
2217 746 2339 801 καθ’

746 846 929 917 ἡμῶν.
960 842 1067 898 κᾶν
1105 844 1156 897 εί
1189 843 1382 914 νοητός
1411 859 1497 906 τις
1529 842 1615 912 εἴη
1635 841 1869 914 λῃστής·
1900 841 2005 894 κᾶν
2090 841 2119 893 6
2143 841 2201 892 ὲν
2229 840 2342 902 τοῖς

748 937 941 1009 μέλεσι
979 934 1184 1008 σαρκὸς
1221 933 1518 1005 ἀγριαίνων
1542 933 1726 1003 νόμος⁹
1755 932 1853 986 καὶ
1883 931 2029 986 ἅπαν
2061 930 2218 1001 ἡμῶν
2244 929 2341 999 τῆς

745 1028 991 1093 διανοίας
1010 1028 1075 1082 τὸ
1100 1027 1308 1097 κίνημα
1339 1026 1739 1098 καρποφορήσῃ
1759 1024 1838 1097 τῷ
1864 1025 2097 1096 Σατανᾷε
2130 1023 2343 1078 Οὐκοῦν

746 1119 870 1191 δίχα
904 1136 969 1173 τε
1001 1117 1281 1193 φραγμοῦ,
1305 1116 1402 1170 τοῦ
1433 1116 1540 1189 μὴν
1572 1115 1876 1187 ἀτείχιστος
1912 1114 2198 1187 ἀμπελὼν,
2228 1118 2345 1181 τοῖς

746 1201 1035 1265 ἒθέλουσιν
1094 1209 1419 1280 ἀνεθήσεται
1470 1206 1609 1278 πρὸς
1655 1207 1988 1278 διαρπαγήν.
2030 1206 2140 1261 Καὶ
2174 1208 2235 1261 οὐ
2266 1207 2341 1279 μὴ

747 1303 961 1375 τμηθῇ,
990 1302 1101 1357 οὐδ’
1127 1301 1190 1355 οὒ
1214 1300 1293 1372 μὴ
1326 1300 1532 1370 σκαφῇ,
1561 1297 1709 1352 τοῦτ’
1735 1296 1906 1364 ἔστιν,
1934 1297 2191 1370 οὐδεμιᾶς
2224 1301 2344 1353 επι-

747 1394 1004 1460 τεῦξεται
1030 1392 1333 1466 φροντίδος,
1363 1389 1699 1464 ἐπανορθοῦν
1733 1389 2040 1464 δυναμένης
2079 1392 2171 1447 καὶ
2208 1393 2342 1447 dvas

748 1487 1005 1558 κομίζειν
1027 1486 1122 1541 ἐπὶ
1151 1486 1212 1540 τὸ
1234 1486 1479 1558 ἄμεινον,
1501 1485 1596 1539 καὶ
1622 1484 1721 1555 τῆς
1742 1482 1885 1537 οὕτω
1907 1483 2088 1555 δεινῆς
2119 1485 2343 1557 χερσίας

748 1577 1127 1633 ἀπαλλάττειν
1172 1576 1361 1631 αὐτόν.
1414 1574 1768 1646 Ἐντελοῦμαι
1819 1574 1930 1647 γὰρ
1976 1575 2040 1647 δὴ
2084 1577 2177 1630 καὶ
2223 1579 2344 1641 ταῖς

748 1672 974 1741 νοηταῖς
1011 1669 1287 1741 νεφέλαις,
1314 1668 1458 1722 τοῦτ’
1486 1668 1622 1735 ἐστι,
1656 1671 1771 1732 τοίς
1799 1668 1977 1738 ἁγίοις
2016 1670 2343 1740 προφήταις,

747 1763 921 1833 ἤγουν
954 1762 1219 1832 δυνάμεσι
1256 1763 1378 1825 ταῖς
1414 1760 1758 1830 άγτελικαῖς,
1795 1759 1890 1814 τοῦ
1928 1759 2005 1832 μὴ
2034 1760 2224 1832 βρέξαι
2265 1762 2347 1826 είς

2445 650 2744 707 volentibus
2774 650 3060 722 relinquat,
3098 660 3151 706 et
3175 667 3304 707 cura
3342 667 3576 723 superna
3620 654 3787 710 nudet
3832 666 3889 711 et
3930 658 4023 713 (ιε.

2443 744 2633 799 stituat
2654 781 2670 807 ,
2699 743 2752 798 in
2779 743 3026 799 omnium
3056 743 3320 799 malorum
3364 744 3658 801 discrimen
3690 749 3971 805 veniemus
4005 767 4020 804 :

2442 845 2499 891 et
2517 836 2696 906 quivis
2725 850 2825 890 nos
2852 850 2917 891 ac
2956 834 3097 890 bona
3130 844 3312 891 nostra
3349 834 3509 893 facile
3535 838 3773 903 invadet,
3810 840 3923 895 sive
3949 843 4023 896 sit

2443 926 2582 984 latro
2613 928 2879 999 quispiam
2907 927 3279 1001 intelligibilis,
3320 929 3434 985 sive
3460 930 3511 983 in
3549 932 3806 986 membris
3842 934 4022 989 carnis

2442 1033 2696 1091 grassans
2744 1020 2854 1087 lex,
2889 1019 3005 1077 sive
3041 1020 3295 1090 quaelibet
3330 1020 3551 1092 agitatio
3590 1033 3877 1094 motusque
3904 1026 4021 1079 aui-

2446 1127 2654 1168 morum
2678 1122 2992 1170 nostrorum
3029 1112 3121 1183 qui
3170 1113 3387 1169 Satanae
3421 1112 3789 1168 lructilicabit.
3840 1115 4024 1184 Itaque

2444 1206 2579 1260 citra
2601 1208 2959 1275 seplmentum
2982 1214 3038 1260 et
3062 1204 3200 1259 citra
3227 1219 3439 1259 murum
3472 1204 3626 1259 vinea
3650 1204 3821 1259 cuivis
3854 1207 4023 1261 relin-

2444 1305 2641 1367 quetur
2678 1296 2747 1352 ad
2792 1295 3266 1367 depmdatiouem.
3341 1297 3408 1351 Et
3459 1312 3564 1353 non
3606 1298 3921 1367 putabitur,
3968 1307 4026 1352 et

2447 1401 2553 1443 non
2582 1386 2836 1455 fodietur,
2864 1386 2918 1443 id
2947 1394 3053 1452 est,
3085 1387 3227 1441 nulla
3264 1388 3315 1444 ei
3348 1403 3479 1443 cura
3510 1389 3874 1460 impcndetur,
3901 1404 4024 1460 qua:

2443 1490 2564 1532 eam
2588 1477 2758 1547 possit
2788 1478 3080 1547 corrigere,
3121 1488 3177 1533 et
3208 1478 3261 1533 in
3290 1478 3483 1535 melius
3512 1484 3791 1546 reducere,
3846 1490 3903 1537 et
3952 1480 4022 1535 ab

2446 1568 2548 1624 hac
2570 1578 2677 1622 tam
2708 1570 2858 1640 gravi
2900 1569 3186 1625 sterilitate
3228 1571 3482 1629 liberare.
3525 1571 3789 1628 laudabo
3839 1584 4020 1630 autem

2447 1658 2704 1726 nubibus,
2737 1661 2839 1715 sub
2879 1660 3287 1731 intelligentiam
3320 1662 3661 1730 cadentibus,
3689 1663 3741 1717 id
3762 1673 3868 1731 est,
3895 1680 4023 1720 sane

2445 1752 2550 1807 clis
2572 1753 2871 1823 prophetis,
2909 1753 2987 1807 vel
3030 1754 3387 1823 potestatibus
3419 1756 3698 1828 angelicis,
3744 1771 3814 1811 ne
3860 1770 4024 1827 super

750 1851 921 1907 αὑτὸν
949 1850 1128 1905 ὑετόν⁵
1155 1849 1316 1920 δῆλον
1334 1850 1396 1905 δὲ
1416 1850 1500 1904 ὃτι
1522 1849 1614 1903 τὸν
1634 1848 1845 1920 νοητὸν,
1874 1848 1966 1903 τὸν
1990 1848 2067 1913 ὡς
2090 1851 2148 1903 ἐν
2169 1866 2347 1921 παρα·
2378 1916 2409 1921 λ
2451 1843 2619 1913 ipsam
2643 1842 2794 1900 imbn

1990 1848 2067 1913 ὡς
2090 1851 2148 1903 ἐν
2169 1866 2347 1921 παρα·
2378 1916 2409 1921 λ
2451 1843 2619 1913 ipsum
2643 1842 2873 1900 imbrem
2910 1844 3186 1915 depluaut,
3218 1845 3329 1915 32
3354 1846 3565 1903 scilicet
3607 1847 4017 1918 intelligibilem,

751 1942 951 2013 κλήσει
1006 1945 1074 2013 τῇ
1111 1943 1191 2006 είς
1210 1916 1354 1995 -νοῦν
1380 1942 1474 1995 καὶ
1510 1916 1759 2014 καρδίαν,
1793 1944 1886 1996 καί
1922 1941 2065 2013 λόγῳ
2108 1941 2186 2014 τῷ
2214 1916 2345 2013 θείῳ
2376 1916 2417 1972 Β
2448 1941 2507 1987 ιιι
2546 1933 2636 2001 qui
2685 1932 2795 1988 91h

1978 1946 2065 2013 μγῳ
2108 1941 2186 2014 eq,
2214 1916 2345 2013 θξίφ
2376 1916 2417 1972 Β
2448 1941 2507 1987 ιιι
2546 1933 2636 2001 qui
2685 1932 3065 1990 exhortatione
3122 1936 3391 2005 verboque
3436 1936 3616 1992 divino
3642 1937 3694 1992 in
3740 1916 3918 1993 tuente
3967 1950 4022 1994 et

751 2033 1157 2106 πραττόμενον.
1191 2032 1339 2104 Πλὴν
1366 2031 1616 2088 ἐντεῦθεν
1651 2031 1770 2086 ἐστι
1800 2032 2038 2103 μάλιστα
2078 2033 2229 2100 ἰδεῖν,
2260 2033 2346 2087 ὅτι

750 2129 869 2194 τοῖς
923 2128 1064 2189 υίοζς
1120 2124 1340 2198 Ἰσραὴλ
1376 2125 1437 2179 οῦ
1487 2124 1595 2198 πρό
1634 2141 1700 2194 γε
1741 2124 1850 2179 τῶν
1895 2127 1995 2198 τῆς
2050 2124 2346 2190 ἐπιδημίας

751 2216 971 2289 καιρῶν
1027 2215 1099 2271 τὰ
1130 2216 1307 2271 τοιάδε
1340 2215 1717 2289 συμϐήσεσθαί
1744 2234 1910 2289 φησιν
1950 2219 1980 2271 6
2014 2222 2348 2289 προφητικὸς

751 2310 891 2380 ἡμῖν
919 2308 1104 2377 λόγος.
1134 2306 1249 2364 ἀλλ’
1268 2308 1358 2362 ὅτε
1382 2307 1848 2379 πεπαρῳνήκασιν
1873 2309 1955 2372 είς
1981 2307 2237 2379 Χριστόν.
2269 2308 2344 2362 06

752 2400 865 2471 γὰρ
891 2398 1063 2464 εστιν,
1083 2400 1185 2453 οὐκ
1209 2398 1356 2453 ἔστιν
1379 2399 1577 2463 είπεῐν,
1595 2399 1765 2470 ἧτονν
1793 2397 2105 2464 καταδεῖξαι
2131 2399 2344 2471 καιρὸν,

752 2491 881 2545 καθ’
930 2492 994 2545 δν
1037 2490 1460 2546 κατατετέλεκεν
1503 2492 1533 2545 6
1574 2489 1789 2563 Ἰσραὴλ
1832 2490 2130 2563 προφητῶν
2176 2491 2347 2560 ἁγίων

750 2582 904 2653 δίχα,
932 2582 1192 2649 Γεγόνασι
1216 2582 1342 2654 ’μὲν
1377 2582 1487 2655 γὰρ
1535 2582 1874 2655 αἰχμάλωτοι
1916 2583 2059 2638 κατά
2096 2586 2344 2655 καιροὺς,

754 2674 853 2726 καὶ
886 2673 970 2738 είς
998 2672 1098 2744 τὴν
1130 2673 1357 2745 Περσῶν
1388 2674 1483 2728 καὶ
1511 2672 1712 2745 Μήδων
1742 2672 2026 2745 άπῴχοντο
2044 2674 2227 2745 χώραν
2248 2692 2347 2744 γυὁ

752 2763 935 2830 ναιξιν
970 2765 1110 2835 ὁμοῦ
1141 2765 1236 2819 καὶ
1260 2764 1562 2835 φιλτάτοις.
1592 2763 1740 2836 Πλὴν
1782 2766 1844 2818 οὐ
1885 2764 2013 2835 δίχα
2050 2766 2348 2838 προφητῶν

750 2857 931 2926 ἁγίων
963 2856 1277 2928 κατέδησαν
1307 2857 1389 2919 είς
1409 2857 1706 2925 Αἴγυπτον,
1737 2857 2026 2929 ᾑρηκότων
2052 2858 2192 2913 κατά
2222 2874 2347 2913 καις

756 2947 890 3017 pob;
935 2947 1038 3017 τὴν
1080 2944 1365 3016 διαϐόητον
1407 2944 1765 3017 Ἰερουσαλὴμ
1804 2944 1915 2999 τῶν
1967 2944 2345 3011 Βαϐυλωνίων,

752 3035 896 3092 ἀλλὰ
928 3036 1095 3107 συνῆν
1112 3036 1303 3101 αὐτοῖς
1325 3038 1354 3091 6
1382 3036 1671 3108 προφήτης
1709 3035 1983 3108 Ἱερεμίας
2000 3075 2017 3101 ,
2059 3039 2173 3101 τοῖς
2200 3036 2346 3091 ἄνω.

752 3131 849 3185 θεν
878 3131 976 3185 καὶ
1007 3129 1159 3202 παρὰ
1181 3130 1323 3185 Θεοῦ
1356 3130 1775 3202 διακονούμενος
1799 3129 1996 3200 λόγοις.
2042 3131 2262 3203 Ἐπειδὴ
2288 3130 2348 3185 δὲ

2444 2024 2609 2081 corde
2652 2026 2951 2097 peragitur.
3002 2025 3200 2083 Verum
3264 2027 3393 2085 hinc
3439 2029 3673 2085 maxime
3713 2030 4024 2101 perspicere

2447 2116 2592 2185 licet,
2623 2131 2930 2174 sermonem
2961 2119 3334 2190 propheticum
3377 2121 3578 2191 dicere,
3616 2137 3721 2178 non
3768 2132 3894 2178 aute
3925 2125 4020 2179 add

2446 2220 2636 2266 ventus
2662 2220 2899 2281 tempora
2939 2210 3067 2269 filiis
3089 2211 3255 2268 Israel
3279 2223 3539 2269 eventura
3578 2214 3718 2282 hate,
3760 2217 3856 2271 sed
3897 2231 4020 2272 cum

2449 2303 2502 2357 in
2533 2301 2808 2358 Christum
2844 2302 3095 2359 bacchati
3130 2304 3352 2360 fuerint.
3390 2304 3507 2361 Non
3540 2306 3688 2362 cuitu
3731 2309 4020 2363 memorari

2446 2393 2530 2451 vel
2553 2396 2910 2453 demonstrari
2953 2408 3168 2471 tempus
3198 2401 3415 2472 poterit,
3456 2415 3566 2472 quo
3608 2401 3775 2459 lsrael
3818 2404 4024 2458 sanctis

2447 2489 2725 2558 prophetis
2781 2490 3069 2547 destitutus
3104 2494 3384 2548 manserit.
3440 2492 3575 2550 Nam
3636 2496 3764 2553 olim
3823 2498 4021 2567 captivi

2448 2576 2683 2645 fuerunt,
2720 2590 2771 2635 et
2799 2580 2852 2635 in
2880 2580 3166 2638 Persarum
3191 2598 3257 2640 ac
3286 2583 3561 2640 Medorum
3598 2588 3871 2657 regionem
3898 2590 4021 2648 .uti-

2446 2680 2674 2740 graruut
2697 2688 2800 2726 una
2828 2687 2950 2727 cum
2996 2674 3256 2730 uxoribus
3299 2684 3357 2731 et
3406 2676 3770 2735 charissiutis.
3827 2677 4021 2745 Verum

2446 2766 2565 2819 sine
2587 2764 2864 2836 prophetis
2892 2765 3098 2820 sanctis
3136 2766 3189 2820 in
3221 2764 3515 2838 Egyptum
3570 2784 3676 2824 nou
3727 2769 4025 2828 descende.

2448 2865 2572 2910 runt
2635 2873 2650 2911 :
2716 2870 2839 2910 cum
2902 2854 3180 2926 Babylonii
3245 2856 3661 2913 celeberrimam
3717 2858 4020 2916 Jerusalem

2446 2945 2795 3010 evertissent,
2839 2946 3031 3001 aderat
3073 2956 3253 3003 tamen
3282 2963 3407 3003 cum
3445 2948 3549 3004 illis
3573 2950 3833 3021 prapheta
3879 2949 4028 3008 lere.

2449 3038 2623 3103 mias,
2668 3038 2919 3109 supernis
2969 3047 3026 3094 et
3067 3039 3269 3095 divinis
3309 3040 3650 3097 sermonibus
3704 3042 4023 3098 instructus.

2447 3128 2580 3185 Cum
2615 3144 2744 3185 vero
2778 3130 2832 3185 in
2866 3128 3146 3186 Christum
3204 3130 3595 3213 blasphemiam
3636 3136 4024 3199 evomuisseut,

752 3223 1229 3295 πεπαρῳνηκασιν
1255 3224 1336 3288 είς
1365 3224 1620 3295 Χριστὸν,
1651 3224 1850 3296 ἔρημοι
1879 3222 2138 3295 φραγμοῦ
2167 3223 2347 3278 διατε-
2373 3258 2421 3324 c
2449 3221 2752 3292 sepimeuto
2784 3238 2796 3278 ε

1980 3222 2138 3295 ιγμοῦ
2167 3223 2347 3278 διατε-
2373 3258 2421 3324 c
2449 3221 2752 3292 sepimeuto
2784 3237 2883 3278 suo
2905 3238 3130 3293 prorsus
3164 3233 3484 3290 caruerunt,
3524 3233 3582 3280 et
3615 3226 3794 3282 omnis
3838 3243 4024 3281 eorum

750 3315 1035 3379 τελέκασι,
1061 3317 1157 3369 καὶ
1180 3318 1330 3370 πᾶσα
1356 3316 1538 3371 αὐτῶν
1551 3316 1823 3388 ἀσφάλεια
1845 3316 2154 3373 πέπτωκεν.
2176 3315 2348 3371 Τοῦτο

751 3409 884 3480 γὰρ,
912 3404 1091 3479 οἶμαι,
1108 3409 1226 3463 ἐστὶ
1247 3408 1311 3463 τὸ
1329 3408 1709 3479 καθαιρεῖσθαι
1731 3409 1906 3479 Αέγειν
1926 3409 2019 3463 τὸν
2042 3410 2222 3481 τοῖχον
2246 3408 2347 3463 αὑ-

749 3499 872 3553 τοῦ.
902 3499 1193 3553 Πέπαυται
1226 3498 1284 3552 δὲ
1322 3500 1418 3553 καὶ
1456 3500 1602 3565 ἅπας
1644 3499 1944 3572 προφητῶν
1986 3500 2158 3569 ἁγίων
2189 3502 2218 3555 6
2257 3502 2347 3554 ἐπ’

752 3591 944 3654 αὐτοῖς
978 3590 1157 3659 λόγος,
1184 3588 1281 3644 καὶ
1318 3588 1477 3644 ὑετοῦ
1513 3591 1672 3663 δίκην
1700 3589 1954 3662 ἀνασχὼν
1979 3592 2181 3662 τρόπον
2200 3591 2344 3646 τινά’

754 3683 850 3737 καὶ
886 3681 1296 3738 διαλελοίπασιν
1345 3684 1400 3738 αί
1432 3682 1542 3737 τῶν
1592 3682 1764 3753 ἁγίων
1799 3683 1995 3753 φωναί·
2033 3684 2128 3738 καὶ
2164 3683 2344 3748 τοῦτο,

751 3771 935 3845 οἶμαι.
966 3774 1088 3829 ἐστὶ
1113 3776 1174 3830 το
1202 3776 1269 3830 δι’
1302 3777 1418 3840 ἑνὸς
1458 3776 1642 3840 αὐτοῖς
1681 3776 1971 3848 εἰρημένον
2001 3775 2153 3847 παρὰ
2184 3775 2343 3830 Θεοῦδ

758 3883 778 3917 ι
801 3864 941 3920 Ἰδοὺ
970 3866 1179 3938 ἡμέραι
1208 3865 1480 3938 ἔρχονται,
1510 3864 1661 3935 λέγει
1690 3864 1916 3936 Κύριος,
1943 3865 2041 3919 καὶ
2062 3864 2250 3931 ἐπάξω
2274 3865 2347 3918 λι-

755 3952 858 4025 μδν
883 3954 983 4008 ἐπὶ
1009 3954 1108 4026 τὴν
1136 3955 1261 4027 γῆν,
1288 3955 1351 4008 οὐ
1380 3955 1538 4027 λιμὸν
1568 3953 1761 4025 ἄρτου,
1793 3953 1916 4008 οὐδὲ
1945 3952 2103 4025 δίψαν
2131 3953 2345 4019 ὕδατοςδ

751 4045 896 4100 ἀλλὰ
920 4046 1079 4117 λιμὸν
1096 4047 1190 4101 τοῦ
1220 4047 1452 4102 ἀκοῦσαι
1484 4045 1643 4116 λόγον
1668 4046 1897 4118 Κυρίου.
1922 4046 2034 4101 Καὶ
2057 4045 2167 4100 ἀπὸ
2194 4047 2348 4101 Ἀνα-

752 4138 933 4192 τολῶν
967 4137 1075 4203 ἕως
1113 4139 1209 4193 καὶ
1263 4138 1496 4210 Δυσμῶν
1539 4137 2007 4212 περιδραμοῦνται
2056 4136 2347 4210 ζητοῦντες

751 4231 846 4285 τὸν
885 4231 1051 4300 λόγον
1093 4230 1324 4304 Κυρίου,
1370 4232 1467 4286 καὶ
1500 4232 1560 4286 οὐ
1598 4231 1676 4304 μὴ
1706 4229 1931 4305 εὕρωσι.
1967 4248 1988 4283 ι
2038 4230 2149 4284 Καὶ
2190 4229 2349 4283 ταυτὶ

754 4323 880 4392 μὲν,
911 4321 991 4386 ὡς
1022 4321 1179 4392 ἔφην,
1202 4324 1315 4386 τοῖς
1346 4321 1408 4388 ἐξ
1443 4321 1656 4395 Ἰσραὴλ
1685 4321 2054 4394 συμϐέϐηκεν,
2082 4321 2176 4376 καὶ
2200 4321 2349 4392 μάλα

752 4413 1007 4476 εἰκότως.
1052 4411 1398 4467 ’Δπεώσαντο
1445 4413 1556 4485 γὰρ
1602 4413 1757 4467 αὐτοὶ
1797 4414 1891 4469 τὸν
1926 4414 2036 4468 τῶν
2065 4412 2350 4484 δυνάμεων

754 4505 989 4577 Κύριον,
1018 4503 1111 4559 τὸν
1144 4503 1485 4575 κατάρδοντα
1514 4504 1721 4577 νοητῶς
1753 4504 1933 4576 ψυχάς
1966 4505 2061 4559 καὶ
2095 4504 2345 4577 καρδίας,

2448 3313 2717 3369 securitas
2749 3314 3004 3370 concidit.
3046 3313 3159 3371 Hoc
3198 3316 3371 3381 enim,
3419 3316 3677 3381 arbitror,
3736 3333 4028 3387 possumus

2448 3404 2651 3473 dicere,
2691 3407 2981 3462 maceriam
3026 3422 3215 3464 eorum
3256 3408 3551 3464 sublatam.
3594 3409 3843 3465 Cessavit
3899 3426 4028 3466 vero

2447 3497 2626 3553 omnis
2677 3498 2844 3554 etiam
2900 3498 3041 3554 inter
3092 3498 3211 3555 illos
3261 3506 3575 3557 sanctorum
3638 3501 4025 3571 prophetarum

2446 3590 2643 3654 oratio,
2678 3598 2735 3644 et
2758 3588 2929 3645 instar
2960 3590 3155 3659 pluvia:
3205 3590 3432 3646 inhibita
3480 3600 3564 3646 est
3604 3592 4025 3661 quodauuuodo,

2447 3686 2500 3733 et
2523 3680 2800 3736 desierunt
2827 3694 2987 3736 voces
3006 3689 3338 3737 sanctorum.
3362 3681 3538 3753 Atque
3564 3682 3666 3738 boc
3684 3692 3787 3748 est,
3811 3686 4029 3754 opinor,

2447 3772 2591 3841 quod
2619 3771 2722 3827 illis
2755 3787 2851 3841 per
2882 3772 3171 3842 quemdam
3197 3788 3227 3826 a
3274 3772 3383 3829 Deo
3410 3774 3611 3829 dictum
3647 3782 3730 3831 est
3759 3793 3774 3831 :
3814 3794 3834 3827 ι
3889 3776 4030 3833 Ecce

2448 3862 2567 3918 dies
2609 3863 2854 3929 veniunt,
2888 3865 3021 3920 dicit
3079 3864 3362 3931 Dominus,
3421 3866 3670 3922 inducam
3727 3868 3923 3923 famem
3974 3871 4026 3925 in

2450 3963 2673 4021 terram,
2709 3967 2815 4011 non
2860 3956 3058 4012 famem
3105 3957 3281 4028 panis,
3344 3973 3445 4014 nec
3496 3958 3643 4014 sitim
3703 3973 3879 4028 aquae,
3932 3962 4027 4017 sed

2450 4045 2647 4104 famem
2690 4049 2944 4106 audiendi
2979 4051 3205 4106 verbum
3258 4050 3495 4107 Domini.
3551 4052 3634 4106 Ab
3683 4046 3905 4108 Oriente
3959 4055 4027 4109 ad

2448 4137 2796 4196 Occidentem
2815 4141 3110 4196 cursabunt
3131 4148 3435 4213 quaerentes
3451 4157 3757 4200 sermonem
3789 4145 4026 4214 Domini,

2449 4239 2505 4287 et
2531 4248 2635 4287 non
2682 4232 2962 4288 invenient
2996 4235 3062 4288 ⁷⁸.
3110 4253 3127 4287 ι
3185 4235 3545 4306 Contigerunt
3592 4252 3725 4294 sane
3766 4235 4028 4294 lsraelitis

2450 4325 2586 4393 haec,
2616 4336 2673 4382 ut
2701 4326 2968 4393 dicebam,
3001 4344 3106 4384 non
3139 4328 3427 4387 immerito.
3452 4328 3781 4401 liepulerunt
3822 4333 4023 4387 etenim

2451 4420 2825 4475 universorqu
2863 4420 3170 4485 Dominum,
3194 4422 3287 4492 qui
3319 4422 3529 4477 animas
3554 4433 3610 4478 et
3649 4425 3811 4479 corda
3866 4425 4028 4493 spiri-

2452 4511 2633 4566 taliter
2656 4511 2868 4581 irrigat,
2890 4521 2945 4567 et
2968 4528 3092 4568 rore
3109 4514 3375 4583 spirituali
3409 4514 3769 4584 pinguefacit;
3795 4529 4025 4585 quorum

755 4600 850 4652 καὶ
904 4596 1338 4651 καταπιαίνοντα
1382 4594 1595 4669 δρόσοις
1629 4597 1752 4661 ταῖς
1803 4598 2223 4667 πνευματικαῖςσ
2270 4590 2347 4651 ὧν
2379 4602 2424 4660 D
2449 4601 2614 4655 etiam
2666 4605 2799 4657 beati

1978 4598 2223 4660 ατικαίςσ
2270 4590 2347 4651 ῶν
2379 4602 2424 4660 D
2449 4601 2614 4655 etiam
2666 4605 2856 4657 beatus
2899 4602 3065 4657 David
3113 4604 3439 4659 mentionem
3477 4604 3636 4671 fecit,
3678 4621 3800 4660 cum
3847 4608 3974 4662 dicit
4009 4626 4022 4663 :

754 4692 850 4744 καὶ
884 4691 918 4743 6
946 4688 1219 4761 μακάριος
1242 4688 1409 4744 Δαόὶδ
1443 4687 1776 4761 διεμέμνητο
1801 4688 1998 4758 λέγων·
2033 4706 2053 4741 t
2105 4689 2194 4753 Ὠς
2223 4688 2347 4760 696-

757 4800 848 4848 σος
895 4779 1118 4852 Ἕρμὼν
1146 4779 1552 4836 καταϐαίνουσα
1582 4781 1676 4834 ἐπὶ
1699 4780 1770 4835 τὰ
1793 4779 1896 4852 δρη
1923 4778 2084 4835 Σιών.
2119 4799 2141 4835 ι
2185 4773 2349 4853 ἐγή-

758 4891 955 4947 γερται
981 4873 1043 4927 δὲ
1066 4871 1331 4944 ἀμπελὼν
1356 4871 1473 4927 ἀντ’
1500 4872 1711 4926 ἐκείνου
1750 4871 1891 4937 νέος,
1925 4874 1955 4926 6
1983 4871 2094 4925 τῶν
2126 4872 2215 4927 διὰ
2253 4872 2346 4926 πίε·

759 4981 933 5028 στεως
980 4962 1342 5035 κεκλημένων
1386 4964 1469 5027 είς
1507 4963 1799 5035 ἁγιασμόν.
1830 4964 1941 5018 Καὶ
1986 4965 2115 5036 περὶ
2169 4963 2349 5018 αὐτῶν

758 5074 925 5128 φησιν
952 5056 983 5109 6
1017 5055 1273 5127 Νυμφίος
1306 5054 1337 5108 6
1375 5055 1436 5122 ἐξ
1477 5055 1734 5128 οὐρανοῦ,
1770 5054 1916 5110 τοῦτ’
1938 5056 2055 5111 ἔστι
2090 5058 2347 5128 Χριστόςδ

755 5150 821 5204 Δί
863 5147 1109 5219 ἄμπελοι
1146 5147 1527 5221 κυπρίζσυσιν,
1566 5148 1775 5203 ἔδωκαν
1797 5148 1997 5219 ὀσμήν.
2036 5150 2145 5202 Καὶ
2184 5150 2350 5214 αὐτὸς

760 5240 860 5311 μέν
889 5242 1013 5294 ἐστι
1037 5240 1072 5312 ἠ
1102 5239 1297 5314 πρώτη
1318 5257 1378 5294 τε
1402 5241 1499 5295 καὶ
1525 5241 1792 5310 παναγία,
1822 5240 1918 5294 καὶ
1944 5240 2153 5313 ἀληθὴς
2178 5240 2349 5314 ἄμπεδ

756 5330 868 5397 λος.
902 5330 1306 5403 Ἀπηρτήμεθα
1342 5330 1400 5386 δὲ
1440 5331 1608 5386 αὑτοῦ
1648 5332 1810 5403 ἡμεῖς
1841 5330 2137 5403 κλημάτων
2168 5332 2351 5403 δίκην,

756 5423 855 5494 τῆς
888 5425 1027 5495 παρ’
1057 5423 1223 5478 αὑτοῦ
1259 5423 1526 5490 ζωοποιοῦ
1564 5425 1821 5496 πιότητος
1850 5423 2353 5495 ἀναπιμπλάμενοι.

760 5514 866 5568 Καὶ
901 5515 1040 5585 γοῦν
1083 5514 1326 5587 ἔφασκεν
1358 5517 1625 5590 ἐναργῶς
1663 5535 1682 5570 t
1713 5514 1857 5586 Ἐγώ
1892 5517 2009 5588 είμι
2043 5517 2078 5587 ἡ
2112 5515 2358 5587 ἄμπελος

760 5604 989 5678 ἀληθὴς,
1021 5609 1119 5664 καὶ
1154 5610 1183 5663 6
1215 5609 1409 5680 Πατήρ
1440 5624 1547 5678 μου
1580 5609 1827 5681 γεωργός
1854 5609 1992 5663 ἐστι·
2024 5610 2134 5664 πᾶν
2170 5610 2356 5681 κλῆμα

764 5695 823 5749 ιν
848 5698 974 5770 ἐμοὶ
1005 5699 1083 5773 μὴ
1110 5700 1276 5774 φέρον
1298 5700 1515 5773 καρπὸν
1543 5701 1691 5774 αἴρει
1718 5700 1870 5765 αὐτὸ,
1896 5700 1991 5756 καὶ
2021 5701 2130 5755 πᾶν
2166 5701 2226 5754 τὸ
2254 5701 2353 5771 φέδ

2461 4707 2480 4744 ι
2494 4690 2649 4748 Velut
2673 4709 2760 4748 ros
2772 4684 3361 4751 Herutondescendens
3375 4710 3538 4766 super
3552 4707 3761 4753 montes
3776 4698 3905 4753 Sion
3918 4701 3984 4752 ⁷⁸.
4002 4720 4023 4751 ι

2456 4784 2774 4843 Exsurrexit
2802 4797 2982 4843 autem
3015 4786 3132 4842 loco
3159 4786 3300 4843 illius
3337 4787 3487 4843 vinea
3514 4804 3682 4856 nova,
3723 4804 3912 4848 contra
3932 4794 4025 4863 qui

2457 4877 2629 4933 vocati
2658 4885 2784 4933 sunt
2810 4886 2911 4949 per
2957 4878 3114 4935 Iidem
3157 4879 3223 4933 ad
3273 4880 3778 4937 sanctificatiouem.
3835 4885 3912 4938 Ac
3960 4886 4031 4938 de

2455 4969 2562 5027 illis
2605 4970 2779 5040 inquit
2811 4969 3053 5041 Sponsus
3084 4969 3350 5035 cwleStis,
3378 4972 3429 5027 id
3461 4981 3545 5028 est
3568 4973 3838 5041 Christus,
3868 4974 4023 5030 Vites

2453 5060 2783 5131 germinant,
2824 5060 3092 5116 dederunt
3135 5062 3381 5116 odorem.
3399 5061 3466 5117 Et
3503 5061 3592 5117 illc
3632 5074 3715 5119 est
3758 5066 3927 5135 prima
3973 5076 4028 5121 et

2453 5151 2795 5208 sanctissima
2825 5164 2880 5208 et
2902 5168 3029 5210 vera
3055 5154 3181 5210 vitis
3210 5172 3279 5211 :a
3314 5170 3420 5227 qua
3446 5173 3543 5213 nos
3590 5161 3888 5228 pendemus
3927 5177 4027 5217 ceu

2456 5244 2727 5316 palmites,
2764 5246 2977 5302 viviﬁca
3006 5248 3333 5319 pinguedine
3366 5250 3436 5305 ab
3470 5249 3561 5305 illo
3593 5250 3806 5321 repleti.
3848 5251 4028 5323 Siqui-

2456 5337 2579 5393 dem
2609 5336 2757 5393 clare
2784 5336 2963 5393 dixit:
3000 5354 3020 5390 ι
3067 5335 3178 5408 Ego
3211 5353 3331 5394 sum
3379 5340 3505 5395 vitis
3557 5355 3704 5409 vera,
3756 5352 3812 5396 et
3870 5342 4030 5397 Pater

2457 5440 2609 5482 meus
2638 5425 2868 5498 agricola
2910 5436 3038 5495 est;
3076 5441 3293 5483 omnem
3350 5429 3626 5499 palmitem
3674 5431 3727 5485 in
3788 5446 3877 5487 me
3920 5445 4025 5486 nun

2454 5516 2718 5572 ferentem
2750 5516 2986 5574 fructum
3032 5518 3192 5585 tollit,
3242 5527 3297 5575 et
3336 5533 3551 5576 omnem
3617 5522 3709 5593 qui
3763 5520 3867 5577 fert
3914 5522 4027 5577 fruo

2453 5618 2855 5682 ctum,purgat,
2884 5621 2945 5666 ut
2983 5609 3217 5668 fructum
3240 5612 3549 5669 uberiorem
3579 5612 3720 5670 ferat
3743 5614 3810 5669 ".
3830 5632 3851 5668 ι
3888 5614 4025 5669 Cum

2452 5712 2583 5758 vero
2611 5701 2683 5757 illi
2714 5702 2891 5775 agnati
2928 5718 2992 5760 ac
3038 5703 3184 5761 insiti
3229 5704 3400 5761 simus
3445 5718 3543 5774 per
3587 5704 4022 5773 coniunctionem

868 5860 1077 5919 'Amos
1112 5876 1233 5930 vtu,
1271 5862 1354 5916 ll.
1430 5860 1477 5893 "'
1510 5859 1645 5916 l’sal.
1680 5874 1889 5931 cum,
1920 5860 1972 5913 3.
2051 5859 2097 5891 "
2129 5856 2286 5915 Joan.
2316 5872 2405 5925 xv,
2440 5857 2491 5925 l,
2518 5859 2573 5914 2.
