4178 6502
621 435 746 527 ἰι-ι

1637 467 1694 522 S.
1733 462 2009 524 CYRILU
2049 460 2524 518 ALEXANDRINI
2564 457 2887 516 ABCHIEP.

3821 448 3921 506 ηδ

637 598 816 644 autem
844 600 950 640 non
979 586 1204 641 recessit
1252 587 1320 641 ab
1348 585 1684 649 hominibus,
1711 585 2060 642 conﬁrmabit
2111 584 2228 654 ipse
2258 623 2265 645 ι

2370 581 2487 653 μῶν
2517 579 2728 651 κράξει,
2771 576 2866 631 καὶ
2928 573 2984 628 αί
3044 569 3163 641 βοαὶ
3218 567 3326 622 τῶν
3355 566 3692 640 Θερισάντων
3727 567 3810 630 είς
3856 567 3923 623 τά

638 692 763 732 eum
809 675 982 732 dicit:
1031 675 1221 731 «Deus
1279 675 1720 748 appropinquans
1781 691 1886 747 ego
1939 691 2080 739 sum,
2146 675 2225 730 ait

2368 692 2442 728 ιτα
2483 673 2689 744 Κυρίου
2722 665 2950 724 Σαϐαὼθ
2998 660 3437 734 εἰσεληλύθασιν.
3473 678 3491 712 ι
3547 659 3776 730 Δέχεται
3817 657 3925 730 γὰρ

550 795 556 802 -
640 768 919 830 Dominus,
945 778 1002 824 et
1035 784 1140 822 uon
1196 769 1338 823 Deus
1399 766 1591 838 procul
1625 766 1695 823 υ.
1736 786 1754 820 ι
1793 767 2028 822 Audiant
2093 780 2230 836 ergo

638 861 727 928 qui
763 859 1008 913 avaritia:
1039 859 1203 913 dediti
1245 868 1395 924 sunt,
1431 867 1482 913 et
1511 862 1601 928 qui
1650 859 1759 913 vim
1791 858 2054 915 fratribus
2090 856 2228 913 infe-

642 945 1098 1015 runt:Numquid
1132 947 1452 1003 habitahitis
1484 948 1582 1002 soli
1635 948 1688 1003 in
1735 948 1922 1004 terra?
1981 948 2229 1004 Praesens

643 1045 728 1089 est
776 1035 920 1088 enim
969 1035 1348 1091 universorum
1397 1035 1560 1095 Deus.
1588 1036 1884 1093 Sciendum
1917 1053 2052 1095 vero
2087 1040 2231 1109 quod

651 1127 914 1196 propheta
965 1126 1109 1180 aliud
1164 1128 1420 1197 quiddam
1485 1143 1591 1185 non
1660 1129 2008 1187 invenustum
2077 1130 2235 1188 nobis

645 1220 798 1275 hisce
869 1220 1049 1276 verbis
1116 1220 1311 1277 iuuuit.
1348 1220 1392 1276 Ο
1422 1223 1616 1278 divites
1675 1223 1846 1289 enim,
1874 1225 2072 1295 inquit,
2107 1225 2235 1297 quid

647 1310 882 1380 proximi
943 1312 1080 1365 bona
1136 1314 1324 1383 rapitis
1379 1322 1434 1369 et
1477 1314 1716 1370 vicinum
1751 1315 1875 1371 odio
1915 1316 2238 1373 habuistis?

650 1402 875 1457 Eveniet
922 1418 1076 1469 sane,
1117 1415 1176 1459 ut
1214 1421 1311 1460 vos
1366 1406 1464 1462 soli
1533 1407 1847 1463 inhabitetis
1935 1408 2239 1480 regionem,

650 1495 956 1552 exturbatis
989 1494 1111 1549 aliis
1137 1495 1410 1552 omnibus.
1443 1495 1753 1552 Desolatam
1781 1498 2010 1566 proinde
2037 1506 2241 1555 terram

651 1595 708 1644 et
734 1601 961 1642 vacuam
1003 1587 1404 1646 habitatoribus
1445 1590 1702 1647 reddetis.
1742 1589 1930 1661 itaque
1978 1591 2241 1664 optimum

651 1686 707 1732 et
773 1677 1262 1746 consultissimum,
1305 1695 1368 1735 ea
1449 1681 1624 1737 solum
1670 1685 1950 1754 suscipere
2016 1699 2138 1755 quae
2177 1684 2246 1739 ad

654 1768 819 1820 vitatu
861 1768 1042 1839 seipsa
1112 1778 1426 1828 contentam
1463 1785 1528 1827 ac
1567 1773 1904 1829 moderatam
1948 1773 2247 1844 pertinent.

653 1859 754 1920 Est
783 1860 986 1920 etenim
1006 1862 1184 1935 portio
1213 1863 1390 1920 tenuis
1417 1878 1539 1918 cum
1569 1865 1765 1924 timore
1798 1865 2010 1922 Domini
2058 1867 2251 1923 melior

2328 767 2424 821 καὶ
2455 765 2577 818 λίαν
2632 761 2864 832 ἑτοίμως
2891 758 2991 823 τὰς
3034 755 3146 810 τῶν
3203 751 3716 821 πλεονεκτουμένων
3742 749 3928 817 φωνὰς

2329 860 2364 929 ἠ
2394 856 2639 924 παναγία
2696 872 2756 908 τε
2791 852 2887 907 καὶ
2919 849 3287 922 μισοπόνηρος
3332 843 3516 914 φύσις.
3559 842 3683 895 Ὀτι
3729 839 3788 894 δὲ
3830 839 3929 894 ούκ

2331 949 2611 1020 ἀφέστηκε
2640 946 2749 1001 τῶν
2789 945 2886 1001 ἐπὶ
2934 945 3034 1015 τῆς
3072 942 3196 1011 γῆς,
3253 934 3588 992 πιστώσεται
3633 931 3814 1000 λέγων
3836 930 3932 984 αὑ-

2330 1043 2443 1108 τός·
2487 1041 2658 1104 (Θεὸς
2690 1037 2925 1109 έγγίζων
2961 1034 3072 1106 ἐγώ
3101 1035 3239 1104 είμι,
3283 1030 3433 1098 λέγει
3471 1026 3702 1098 Κύριος,
3738 1023 3835 1078 καὶ
3869 1022 3932 1076 ού

2335 1135 2467 1199 Θεὸς
2491 1132 2795 1206 πόρρωθεν.
2827 1150 2845 1183 ι
2893 1126 3271 1182 Ἀκουέτωσαν
3297 1121 3477 1176 τοίνυν
3497 1119 3550 1172 οἱ
3587 1116 3935 1171 πλεονεκτεῖν

2337 1203 2635 1286 ἐθέλοντες,
2667 1221 2761 1275 καὶ
2789 1218 3018 1291 βιάζειν.
3051 1217 3146 1270 καὶ
3167 1211 3490 1285 διαρπάζειν
3518 1206 3808 1278 ἀδελφούς
3843 1203 3935 1276 Μὴ

2338 1317 2591 1387 οίκήσετε
2619 1313 2769 1386 μόνοι
2804 1312 2897 1365 ὲπλ⁵
2923 1311 3021 1382 τῆς
3047 1311 3180 1381 γῆςς
3211 1307 3454 1377 Πάρεστι
3469 1303 3580 1374 γὰρ
3599 1303 3632 1355 ὁ
3657 1299 3770 1353 τῶν
3803 1297 3938 1352 ὅλων

2340 1407 2493 1470 Θεός.
2523 1405 2719 1460 ’ἰστέον
2744 1404 2800 1458 δὲ
2834 1404 2862 1458 ὅ
2892 1420 2976 1467 τι,
3013 1401 3193 1455 καίτοι
3221 1397 3363 1472 κατά
3387 1396 3450 1450 τὸ
3475 1395 3621 1457 είκδς
3657 1390 3776 1445 τῶν
3801 1389 3942 1457 ἄγαν

2343 1494 2732 1562 ἀστειοτάτων,
2761 1495 2794 1548 ὁ
2828 1492 3115 1565 προφήτης
3139 1491 3274 1560 ἡμῖν
3302 1488 3361 1540 έν
3405 1483 3615 1547 τούτοις
3653 1478 3937 1548 ὑποδηλοῦ

2345 1584 2420 1644 Ὦ
2443 1588 2554 1661 γὰρ
2585 1586 2854 1651 πλούσιοι,
2886 1583 3042 1655 φησὶ,
3076 1580 3129 1635 τί
3152 1579 3222 1633 τὰ
3247 1577 3343 1632 τοῦ
3370 1574 3598 1648 πλησίον
3628 1569 3943 1643 ἀρπάζετε,

2349 1685 2446 1741 καὶ
2493 1680 2840 1754 μεμισήκατε
2884 1676 2977 1732 τὸν
3028 1672 3234 1744 έγγύς;
3300 1669 3655 1742 Συμὸήσεται
3727 1663 3948 1754 πάντως

2351 1775 2578 1850 ύμῖνδὴ
2615 1753 2711 1828 καὶ
2748 1771 2933 1843 μόνοις
2970 1769 3191 1838 οἰκῆσαι
3228 1764 3327 1836 τὴν
3384 1759 3588 1850 χώραν,
3618 1756 3732 1810 τῶν
3773 1753 3949 1850 ἀλλων

2351 1845 2608 1929 ἁπάντων
2641 1861 3054 1933 ὲξωθουμένων.
3075 1858 3326 1929 Ἐρημον
3353 1849 3447 1907 οὖν
3476 1851 3589 1906 τῶν
3624 1845 3951 1918 κατῳκηκό-

655 1966 817 2024 quam
851 1933 1334 2023 multiproveutus
1371 1969 1495 2010 cum
1533 1955 1823 2028 injustitia.
1871 1958 2051 2030 thue
2087 1962 2249 2016 etiam

2368 1975 2463 2012 των
2516 1956 2849 2024 ἀωφανείτε
2909 1950 3011 2021 τὴν
3068 1951 3191 2020 γῆν.
3243 1946 3500 2016 Ἀριστον
3545 1935 3644 1995 οὖν
3695 1937 3812 2008 ἄρα
3855 1933 3951 2030 καὶ

659 2043 861 2110 aliquid
882 2059 946 2098 ex
969 2045 1140 2100 sacris
1163 2043 1387 2102 Litteris
1405 2048 1746 2119 desumptutn
1763 2060 2251 2107 commemoretur:

659 2135 1122 2207 praefuitquidam
1167 2138 1504 2195 oliutlsraeli
1546 2141 1600 2196 in
1647 2139 1918 2206 Samaria,
1953 2143 2041 2212 qui
2095 2143 2255 2198 doma

660 2235 979 2296 sumptuosa
1040 2239 1095 2282 et
1171 2229 1457 2299 maguilica
1555 2231 1656 2286 sibi
1709 2240 2027 2297 exstructa,
2071 2231 2140 2288 de
2191 2246 2253 2288 ea

663 2317 886 2385 decidit,
943 2332 1007 2375 ac
1056 2319 1344 2376 confeStim
1401 2322 1581 2392 periit.
1645 2321 1804 2377 Hunc
1866 2323 2008 2379 Deus
2068 2339 2253 2395 repre-

663 2410 907 2466 hendens
928 2421 987 2465 ιιι
1017 2412 1107 2482 qui
1136 2411 1342 2473 frustra
1364 2412 1701 2472 laborasset:
1727 2414 2255 2491 Edilieastijnquit,

665 2502 762 2556 tibi
784 2503 884 2572 ipsi
907 2504 1123 2560 domum
1142 2505 1259 2580 86
1287 2507 1555 2568 concinne
1577 2506 1957 2575 fabrefactam,
1987 2509 2268 2568 cmnacula

662 2591 974 2666 perflatilia,
999 2593 1219 2650 diducta
1245 2593 1530 2663 fenestris,
1551 2598 1840 2654 materiata
1856 2599 2043 2666 cedro,
2069 2609 2124 2656 et
2142 2615 2265 2670 per-

668 2693 835 2770 uncta
855 2685 1040 2742 minio.
1089 2685 1205 2742 Non
1253 2689 1525 2758 regnabis,
1553 2689 1679 2761 quia
1718 2698 1773 2744 tu
1819 2693 2155 2762 exasperasti
2212 2692 2266 2748 in

667 2776 888 2835 Achazo
917 2787 1070 2846 patre
1113 2787 1225 2835 tuo.
1258 2779 1450 2838 Melius
1507 2781 1603 2838 tibi
1645 2780 1841 2840 fuisset
1875 2781 2142 2850 judicium
2204 2792 2261 2842 et

668 2867 984 2936 prmclaraut
1023 2869 1290 2938 justitiam
1329 2873 1704 2933 exercuisset
1734 2872 1855 2933 Non
1881 2875 2026 2930 enim
2067 2876 2261 2944 prode-

673 2967 802 3014 runt
829 2961 1072 3018 thesauri
1105 2962 1329 3033 iniquis,
1360 2982 1379 3016 ι
1409 2963 1572 3019 siculi
1605 2964 1870 3035 scriptum
1897 2974 1982 3021 est
1999 2965 2068 3034 ⁸³,
2107 2984 2127 3020 ι
2162 2966 2258 3022 sed

667 3051 878 3124 justitia
913 3052 1163 3110 liberabit
1217 3069 1249 3110 a
1284 3067 1511 3111 morte.)

2358 2049 2541 2119 σοφὸν,
2575 2040 2986 2118 μεταποιεῖσθαι
3022 2039 3198 2111 μόνων
3233 2035 3342 2091 τῶν
3372 2036 3453 2098 είς
3493 2031 3832 2119 αὐτάρκειαν
3856 2024 3952 2119 τὴν

2360 2111 2807 2212 summa».
2840 2131 3125 2203 κρείσσων
3144 2128 3254 2198 γὰρ
3285 2126 3443 2197 μερὶς
3477 2119 3653 2194 μικρά
3693 2115 3838 2188 μετά
3861 2111 3954 2212 τῗᾷ

2357 2209 2523 2304 ιρὸδου
2546 2209 2799 2302 Κυρίου,
2837 2228 2872 2300 ἢ
2902 2224 3072 2279 πολλά
3093 2224 3379 2294 γενήματα
3437 2217 3577 2291 μετά
3607 2213 3851 2274 ἀδικίας.
3895 2209 3958 2266 EI

2357 2327 2415 2380 δὲ
2444 2325 2508 2397 δή
2541 2344 2594 2379 τι
2623 2322 2730 2396 χρὴ
2761 2323 2856 2376 καὶ
2889 2319 2948 2387 te
2981 2317 3144 2390 ἱερῶν
3193 2313 3537 2387 γραμμάτων
3573 2308 3847 2370 λαϐόντας
3877 2304 3957 2397 εί-

2365 2394 2508 2484 πεῖν,
2539 2394 2891 2486 βεδάσίλευκέ
2914 2429 2998 2475 τις
3024 2409 3131 2463 τῶν
3155 2408 3212 2462 ὲν
3245 2404 3530 2478 Σαμαρείᾳ
3559 2400 3705 2456 κατά
3732 2394 3958 2486 καιροὺς

2365 2508 2462 2564 τοῦ
2509 2485 2747 2579 Ἰσραὴλ,
2779 2504 2838 2568 ὃς
2877 2504 3059 2575 δήκαὶ
3102 2496 3250 2554 οἷκον
3290 2495 3752 2551 πολυτελέστατον
3782 2485 3960 2557 ἑαυτῷ

2364 2600 2702 2671 ἀναστήσας,
2736 2596 2930 2651 πίπτει
2981 2594 3081 2666 μὲν
3115 2594 3246 2665 παρ’
3281 2589 3448 2645 αὑτοῦ
3487 2587 3584 2644 καὶ
3613 2580 3960 2656 παραχρῆμα

2364 2693 2654 2747 διόλλυται.
2697 2687 2996 2757 Διελέγχων
3021 2687 3079 2740 δὲ
3131 2683 3265 2747 Θεὸς
3304 2684 3379 2745 ὡς
3414 2679 3541 2750 είκῆ
3586 2672 3951 2744 πεποιηκότα,

2367 2784 2552 2856 φησίν·
2586 2781 2959 2854 ᾭκοδάμησας
2976 2776 3190 2847 σεαυτῷ
3205 2772 3354 2830 οἷκον
3379 2771 3718 2843 σύμμετρον,
3735 2761 3960 2835 ὑπερῷα

2369 2875 2618 2949 ριπιστά,
2648 2872 3012 2944 διεσταλμένα
3037 2869 3274 2940 Θυρίσιν,
3305 2862 3620 2934 έξυλωμένα
3642 2861 3708 2913 ὲκ
3732 2857 3962 2949 κέδρων,

2364 2945 2462 3024 καὶ
2489 2965 2828 3038 κεχρισμένα
2874 2963 2933 3016 ὲν
2990 2961 3185 3033 μίλτῳ.
3239 2957 3333 3029 Μὴ
3382 2951 3735 3024 βασιλεύσῃς,
3763 2949 3850 3038 ὅτι
3899 2945 3961 2998 ob

2366 3033 2728 3131 stapwﬁiivﬂqg
2770 3057 2828 3110 ὲν
2868 3053 3034 3126 Ἀχάζ
3062 3051 3140 3122 τῷ
3170 3049 3337 3122 πατρί
3389 3063 3506 3100 σου.
3534 3043 3753 3096 Βέλτιον
3795 3033 3868 3109 ἦν
3906 3051 3963 3089 σε

675 3148 848 3203 ποιεῖν
878 3148 1052 3218 κρίμα
1098 3149 1194 3203 καὶ
1242 3150 1588 3222 δικαιοσύνην
1641 3151 1833 3223 καλήν.
1874 3171 1895 3207 ι
1927 3151 2002 3210 Ού
2062 3153 2171 3226 γὰρ
2217 3154 2285 3215 ἂν
2321 3156 2577 3228 ὀνήσουσι
2611 3150 2876 3226 θησαυροὶ
2913 3149 3170 3220 ἀνόμους,
3206 3165 3225 3200 ι
3260 3143 3403 3199 κατά
3447 3140 3507 3196 τὸ
3548 3135 3962 3209 γεγραμμένον

684 3260 702 3294 ι
740 3239 1054 3311 δικαιοσύνη
1093 3241 1150 3293 δὲ
1191 3241 1415 3312 ῥύσεται
1453 3243 1519 3295 ὲκ
1552 3242 1808 3300 θανάτου.
1839 3263 1858 3298 ι

754 3331 919 3388 Vens.
947 3333 1108 3388 9.10.
1137 3331 1196 3387 Si
1230 3334 1367 3388 enim
1407 3335 1602 3403 fuerint
1625 3338 1815 3392 domus
1835 3337 2038 3403 multa,
2061 3354 2268 3408 magnw
2296 3342 2340 3403 C

679 3435 728 3486 et
768 3425 1020 3494 pulchre.
1062 3424 1282 3479 deserat
1334 3435 1519 3484 erant:
1555 3441 1648 3480 nec
1698 3438 1849 3482 erunt
1888 3430 1978 3499 qui
2033 3430 2266 3483 habitent

681 3518 736 3567 in
806 3514 936 3569 illis.
985 3512 1088 3567 Ubi
1142 3513 1282 3567 enim
1346 3513 1521 3572 decent
1585 3515 1720 3585 juga
1779 3517 1935 3572 haunt
2001 3517 2271 3583 laborant,

683 3606 879 3674 facient
928 3604 1267 3675 lagunculam
1308 3620 1502 3660 unam:
1544 3615 1592 3660 et
1631 3608 1722 3677 qui
1767 3608 1994 3663 sentiant
2056 3608 2269 3663 artabat

684 3713 796 3760 sex,
834 3697 990 3766 faciet
1022 3712 1296 3755 nutaturus
1326 3708 1453 3753 tres.

761 3790 1023 3846 Audierat
1060 3790 1204 3844 enim
1257 3787 1444 3860 procul
1498 3788 1666 3845 dubio
1727 3785 1992 3842 Dominus
2031 3785 2271 3843 Sabaoth

687 3882 911 3937 auribus
945 3881 1061 3937 suis
1110 3881 1396 3936 avaritiam
1455 3879 1820 3949 potentiorum
1867 3893 1973 3948 qua
2028 3877 2110 3933 usi
2147 3884 2270 3932 sunt

689 3975 744 4030 in
810 3972 966 4028 alios.
1000 3971 1139 4038 Quid
1170 3971 1346 4042 ergo?
1397 3968 1535 4024 Nutu
1577 3968 1877 4024 conticuit?
1931 3984 2058 4024 num
2114 3967 2276 4021 tacite

689 4066 934 4122 dimisit?
954 4080 1080 4118 nttnt
1107 4065 1202 4120 ira:
1223 4066 1430 4118 frenum
1452 4061 1670 4116 intulit?
1687 4059 2058 4130 Nequaquam,
2078 4059 2272 4128 inquit.

690 4158 888 4227 Atque
927 4156 1085 4224 hujus
1140 4155 1217 4210 rei
1275 4154 1621 4223 perspicuum
1685 4159 2088 4223 argumentum,
2130 4149 2276 4219 quod

690 4250 930 4306 ostendit
966 4250 1182 4304 irritum
1248 4246 1489 4303 studium
1537 4259 1660 4300 esse
1713 4259 1901 4298 eorum
1951 4242 2045 4312 qui
2097 4257 2276 4297 rerum

692 4341 988 4398 alienarum
1074 4353 1258 4394 amore
1341 4345 1611 4391 tenentur.
1668 4334 1801 4390 Nam
1878 4348 2000 4403 qua
2061 4332 2280 4388 tandem

693 4435 923 4499 utilitas,
966 4431 1158 4502 inquit,
1197 4431 1412 4486 domum
1472 4428 1652 4484 domui
1694 4429 1945 4498 jungere,
1997 4423 2281 4495 splendide

693 4529 859 4584 etiam
916 4535 1080 4596 atque
1131 4525 1420 4582 ambitiose
1476 4523 1744 4578 adornare
1791 4522 1956 4586 aedes,
2005 4520 2053 4576 si
2103 4517 2282 4573 nullus

694 4623 912 4678 futurus
947 4621 1053 4686 sit,
1089 4618 1287 4689 inquit,
1314 4617 1405 4687 qui
1432 4616 1485 4672 in
1519 4617 1602 4672 eis
1652 4615 1997 4671 habitaturus
2017 4613 2110 4677 sit,
2138 4611 2280 4667 bello

2457 3336 2600 3392 Ἐὰν
2631 3333 2744 3405 τὰρ
2771 3331 3058 3404 γένωνται
3077 3327 3259 3382 οἰκίαι
3286 3320 3528 3384 πολλαὶ,
3548 3322 3638 3386 είς
3655 3318 3966 3389 ἐρήμωσιν

2369 3428 2618 3482 ἔσονται
2661 3422 2917 3495 μεγάλαι
2962 3420 3063 3475 καί
3095 3416 3298 3472 καλαί·
3351 3413 3448 3468 καὶ
3479 3415 3591 3467 οὐκ
3638 3410 3888 3465 ἔσονται
3913 3411 3966 3463 οι

2370 3517 2755 3582 ἐνοικοῦντες
2799 3514 2870 3568 ἐν
2919 3509 3150 3576 αὑταῖς.
3214 3502 3297 3563 οὗ
3333 3504 3444 3576 γὰρ
3493 3503 3772 3574 spy-armi
3824 3499 3970 3554 δέκα

2373 3604 2546 3675 ζεύγη
2567 3603 2738 3669 ,βοῶν
2767 3600 3009 3669 ποιήσει
3048 3596 3333 3667 κεράμιον
3375 3595 3465 3648 ἓν·
3505 3591 3606 3648 καί
3639 3594 3672 3647 ό
3699 3591 3968 3660 σπείρων

2373 3695 2636 3766 ἀρτάϐας
2652 3693 2722 3759 ἐξ
2759 3690 3000 3759 ποιήσει
3024 3689 3214 3759 μέτρα
3238 3687 3392 3756 τρία.

2459 3786 2731 3857 Ἠκούσθη
2762 3786 2862 3856 μὲν
2897 3783 3006 3856 γὰρ
3039 3779 3506 3855 ὁμολογουμένως,
3536 3778 3728 3848 φησὶν,
3783 3776 3864 3839 εἰς
3900 3772 3968 3828 τά

2376 3877 2490 3936 ὦτα
2517 3880 2733 3953 Κυρίου
2757 3876 3008 3943 Σαϐαὼθ,
3041 3875 3110 3929 τὰ
3131 3874 3234 3946 τῆς
3271 3871 3392 3927 καθ’
3421 3871 3629 3943 ἐτέρων
3657 3867 3970 3934 πλεονεξίας

2377 3969 2704 4041 ἐγκλήματα
2728 3967 2836 4021 τῶν
2869 3964 3274 4036 δυνατωτέρων.
3308 3961 3373 4016 Τί
3403 3957 3498 4017 οὖν
3524 3959 3817 4031 σεσίγηκεν
3843 3957 3970 4028 ἄρα,

2380 4065 2630 4135 παρῆκεν
2658 4063 2858 4134 ἡσυχῇ,
2883 4059 2981 4116 καὶ
3015 4058 3235 4130 χαλινὸν
3274 4056 3546 4127 ἐπήνεγκε
3579 4055 3702 4115 ταῖς
3747 4043 3970 4124 ὀρθίαϊὴ

2381 4154 2669 4226 Οὐδαμῶς,
2699 4153 2854 4223 φησί.
2903 4151 3013 4206 Καὶ
3081 4148 3275 4205 τούτου
3334 4146 3512 4218 σαφής
3560 4142 3860 4209 ἀπόδειξις,
3912 4139 3972 4193 τδ

2382 4247 2592 4300 εἰκαῖον
2647 4245 2931 4315 ἀποφῆναι
2985 4245 3098 4306 τοῖς
3125 4241 3234 4295 τῶν
3271 4239 3572 4312 ἀλλοτρίων
3625 4237 3886 4309 ἐρασταῖς
3912 4232 3972 4286 τὺ

2383 4339 2477 4393 ἐπὶ
2503 4337 2679 4409 τούτῳ
2740 4336 3082 4405 σπούδασμα.
3142 4333 3279 4388 Ποία
3331 4332 3445 4404 γὰρ
3503 4331 3699 4402 ὃνησις
3721 4328 3816 4383 τοῦ
3852 4343 3972 4380 συν·-

2385 4429 2581 4484 ἀπτειν
2633 4429 2811 4483 οἰκίαν
2842 4426 2978 4499 πρὸς
3005 4426 3203 4491 οίκίαν,
3239 4423 3509 4496 λαμπρῶς
3537 4439 3596 4476 τε
3634 4421 3733 4476 καλ⁵
3765 4417 3970 4490 φιλοτξσο

2389 4535 2506 4589 μως
2535 4515 2970 4580 κατασκευάζειν
3009 4513 3215 4578 ἑστίας,
3252 4515 3300 4566 εί
3342 4514 3417 4584 μή
3465 4527 3547 4574 τις
3598 4509 3771 4573 ἔσται,
3805 4506 3970 4578 φησὶ,

2387 4611 2731 4680 κατοικήσων
2767 4610 2824 4661 ὲν
2847 4609 3059 4672 αὑταῖς,
3107 4607 3521 4677 δαπανήσαντος
3577 4602 3673 4657 τοῦ
3732 4599 3968 4671 πολέμου

693 4729 896 4783 parvos
950 4727 1106 4781 aeque
1158 4725 1222 4767 ac
1261 4723 1486 4780 magnos
1532 4705 1921 4765 consumente?
1953 4704 2096 4772 Quid
2151 4716 2265 4757 vert

2391 4701 2623 4773 μικροὺς
2652 4701 2746 4753 καὶ
2773 4698 3075 4770 μεγάλους;
3109 4697 3174 4750 Τί
3205 4680 3262 4750 δὲ
3286 4696 3395 4750 τῶν
3423 4693 3770 4766 εὐρυοτάτιινν
3795 4689 3973 4749 αὐτοῖς

697 4804 806 4859 illis
873 4800 1222 4860 emolumenti
1273 4799 1381 4855 erit
1425 4814 1492 4854 ex
1538 4798 1689 4868 agris
1739 4793 2117 4866 amplissimis,
2152 4808 2276 4848 cuut

699 4905 922 4965 propter
965 4891 1258 4948 avaritiam
1290 4889 1708 4962 possidentium,
1745 4887 1849 4947 hoc
1877 4895 1982 4952 est,
2011 4884 2279 4955 diripien-

701 4990 836 5042 tium
859 5027 875 5052 ,
913 4987 1120 5042 fructus
1155 4983 1432 5054 percipere
1482 4983 1623 5036 Deus
1665 4993 1771 5034 non
1812 4976 2134 5046 permittat?
2164 4975 2287 5030 Erit

700 5081 873 5146 enim,
914 5079 1018 5134 erit
1047 5086 1194 5133 tanta
1227 5075 1279 5134 iu
1319 5073 1465 5146 agris
1498 5070 1879 5133 iufecunditas,
1916 5078 1972 5124 ut
2000 5085 2068 5127 ex
2097 5070 2288 5140 viginti

703 5175 889 5238 boum,
923 5186 1017 5226 seu
1068 5171 1257 5225 decem
1337 5167 1588 5237 jugerum
1644 5162 1924 5218 laboribus
1981 5162 2036 5218 in
2092 5161 2290 5228 vineis,

705 5265 792 5318 vix
821 5277 924 5318 una
954 5269 1142 5329 surgat
1165 5257 1459 5329 amphora;
1492 5265 1547 5310 et
1574 5269 1640 5311 ex
1688 5253 1820 5310 satis
1873 5252 2143 5310 mensuris
2168 5265 2289 5316 sex,

707 5356 912 5415 reditus
973 5352 1243 5407 fructuum
1285 5364 1352 5404 ex
1401 5347 1610 5406 semine
1655 5345 1826 5414 iacto,
1868 5347 1953 5400 vix
2012 5343 2292 5401 dimidiata

708 5458 863 5518 parte
901 5441 1242 5515 proveniant.
1280 5439 1530 5500 Sufficiet
1574 5449 1780 5506 autem,
1813 5437 2028 5507 opinor,
2053 5436 2121 5493 ad
2159 5450 2294 5507 opus

711 5537 1016 5594 faciendqu
1067 5534 1208 5605 jugis
1240 5533 1425 5590 decent
1482 5532 1665 5594 boum,
1724 5529 1954 5585 multum
2005 5528 2121 5598 agri
2165 5529 2292 5582 viti-

712 5631 813 5683 bus
857 5625 1072 5691 consiti,
1124 5622 1350 5678 mttltum
1409 5621 1537 5678 item
1604 5630 1765 5679 terra:
1827 5621 2028 5678 arabis.
2084 5619 2295 5677 luutilis

714 5723 878 5792 igitur
933 5717 1223 5790 possessio,
1257 5724 1311 5771 et
1351 5714 1503 5787 plura
1532 5714 1842 5784 possidendi
1871 5716 2106 5772 studium
2135 5715 2296 5772 inane

792 5880 836 5908 ¹¹
891 5876 1090 5932 Jerem.
1127 5889 1288 5944 χχιιι,
1321 5873 1413 5930 25.
1524 5875 1567 5907 ⁸³
1599 5873 1757 5931 Prov.
1794 5889 1849 5942 ι,
1883 5871 1937 5925 2.

2386 4793 2581 4863 ὄφελος
2605 4791 2812 4864 ἀγρῶν,
2841 4791 3136 4862 εὐκαρπεῖν
3167 4789 3352 4852 αὐτοῖς
3370 4788 3469 4842 ούκ
3501 4785 3696 4848 ἐῶντος
3719 4777 3974 4845 Θεοῦ,διά

2390 4885 2488 4949 τὰς
2515 4882 2625 4936 τῶν
2647 4882 3023 4955 κτησαμένων,
3053 4882 3220 4952 ήγουν
3237 4878 3600 4952 ἁρπασάντων
3628 4871 3971 4938 πλεονεξίαςς

2396 4976 2591 5029 Ἔσται
2625 4974 2754 5045 γὰρ,
2789 4975 2940 5026 ἔσται
2965 4974 3023 5027 έν
3058 4970 3260 5042 ἀφορίᾳ
3286 4967 3523 5042 τοσαύτῃ
3559 4965 3630 5020 τὰ
3658 4966 3717 5018 ἐν
3757 4961 3972 5033 ἀγροῖς.

2395 5069 2470 5132 ὡς
2496 5067 2669 5122 εῐκοσι
2697 5067 2932 5137 μόσχων,
2973 5065 3093 5136 ήτοι
3124 5061 3334 5130 ζευγῶν
3387 5060 3526 5114 δέκα
3577 5055 3883 5111 πονούντων
3916 5053 3973 5103 ὲν

2395 5159 2741 5232 ἀμπελῶσιν,
2780 5158 2838 5211 ἓν
2893 5157 2989 5211 καὶ
3046 5154 3200 5227 μόλις
3248 5151 3501 5222 γενέσθαι
3558 5150 3843 5221 κεράμιονο
3883 5140 3973 5196 καὶ

2397 5253 2714 5324 σπαρέντων
2751 5250 2968 5323 μέτρων
2989 5249 3048 5316 ἓξ
3079 5249 3138 5300 ὲν
3159 5247 3347 5319 ἡμίσει
3377 5245 3476 5315 τῆς
3503 5242 3612 5298 τῶν
3646 5238 3976 5312 σπερμάτων

2396 5344 2703 5414 καταϐολῆς
2732 5343 2832 5414 τὴν
2859 5342 2966 5396 τῶν
2999 5340 3227 5412 καρπῶν
3254 5337 3506 5396 ἀπόδοσιν
3537 5335 3686 5389 ἰδεῖν.
3725 5327 3970 5402 Ἀρκέσει

2395 5437 2474 5504 δὲ,
2509 5433 2683 5507 οἶμαι,
2710 5434 2848 5506 πρὸς
2884 5431 3141 5505 ἐργασίαν
3171 5430 3391 5499 ζεύγεσι
3416 5428 3548 5482 δέκα
3570 5425 3728 5497 βοῶν,
3752 5419 3971 5484 πλείστη

2404 5530 2503 5599 μὲν
2528 5525 2908 5598 ἀμπελόφυτος
2958 5522 3053 5594 γῆ.
3096 5522 3338 5576 πλεῖστοι
3384 5519 3441 5574 δὲ
3480 5517 3680 5590 ὁμοίως
3726 5512 3972 5585 ἀρόσιμοι

2404 5620 2617 5690 κλῆροι.
2655 5617 2865 5673 Οὐκοῦν
2897 5616 3154 5687 ἀνόνητος
3183 5615 3217 5685 ή
3247 5614 3440 5684 κτῆσις
3462 5654 3476 5677 ,
3502 5611 3595 5664 καὶ
3646 5606 3741 5662 τοῦ
3785 5602 3972 5656 πλεον-

2405 5713 2583 5767 εκτεῖν
2635 5712 2842 5774 εἰκαῖος
2877 5711 2906 5761 ὁ
2951 5709 3132 5775 πόνος,
3161 5705 3208 5760 εί
3239 5706 3376 5778 μήτε
3425 5719 3506 5766 τις
3538 5700 3746 5768 οἰκήσει
3797 5693 3892 5755 τὰς
3919 5690 3974 5740 ἓν
