4178 6508
353 415 454 474 N9

1490 418 1555 474 IN
1594 418 1829 476 ISAIAM
1869 419 1997 475 LIB.
2039 420 2076 475 1.
2123 422 2337 479 ORAT.
2379 424 2467 479 Ill.

3509 424 3611 480 illo

347 540 462 601 τοῖς
478 550 701 590 αστεσιν
717 535 913 601 οίκίας.
946 536 1037 607 Μὴ
1063 535 1171 607 μὴν
1203 537 1500 608 εὐφορήσει
1525 538 1595 591 τὰ
1615 540 1672 591 ὲν
1705 540 1915 612 ἀγροῖς,

2041 550 2127 605 est,
2168 541 2270 598 nisi
2319 543 2392 599 sit
2441 542 2532 612 qui
2570 540 2761 597 domos
2790 540 2845 596 in
2879 541 3103 597 urbibus
3169 542 3455 599 inhabitet.
3502 544 3614 602 Nec

347 627 483 683 Θεοῦ
504 627 982 699 καταφθείροντος,
1008 628 1103 682 καὶ
1122 627 1221 699 τὴν
1239 628 1347 682 τῶν
1368 629 1657 702 ἀπλήστων
1679 631 1898 703 ἐλέγχον
1913 665 1930 675 ι

348 738 441 784 τος
469 720 703 774 ἀδικίαν.
746 719 966 791 Ἐπειδὴ
1012 720 1067 772 δὲ
1116 721 1212 773 καὶ
1268 720 1427 792 ήμῶν
1464 722 1694 786 ἕκαστος
1735 725 1794 777 ὲν
1825 726 1932 799 ἰδίᾳ

349 814 495 883 ψυχῇ
539 810 731 881 νοητὸν
764 810 877 882 ἔχει
902 809 1190 883 γεώργιον,
1227 813 1321 867 καὶ
1346 813 1438 866 τὸν
1468 813 1567 883 τῆς
1590 814 1933 888 δικαιοσύνης

350 900 640 973 ἐργάζεται
672 902 892 973 σπόρον,
916 901 1313 974 φυλαττώμεθα
1331 904 1391 957 τὸ
1416 904 1775 976 προσκρούειν
1791 907 1929 980 Θεῷ.

352 994 485 1047 Τότε
513 994 623 1065 γὰρ
657 993 799 1059 τότε,
836 994 1089 1065 καθάπερ
1134 989 1285 1048 οἷκον
1324 995 1537 1067 ἀσφαλῆ
1567 996 1662 1049 καὶ
1710 999 1931 1070 ἐρηρει-

354 1085 574 1156 σμένον,
619 1086 911 1156 οἰκήσομεν
954 1084 1053 1156 τὴν
1103 1085 1355 1157 πολυειδῆ
1410 1086 1507 1139 καὶ
1568 1088 1935 1157 παμποίκιλον

352 1176 573 1247 ἀρετήν,
618 1176 998 1249 πληθυνοῦμεν
1021 1177 1079 1231 δὲ
1116 1177 1279 1231 σίτων
1310 1176 1500 1250 ὥσπερ
1529 1179 1794 1243 κοιλάδες·
1846 1182 1932 1234 εὐ-

353 1266 650 1339 λογήσειδὲ
694 1270 723 1322 6
773 1267 883 1321 τῶν
930 1268 1065 1322 ὅλων
1094 1269 1226 1333 Θεὸς
1255 1268 1346 1322 τὸν
1377 1270 1579 1342 σπόρον
1619 1270 1807 1342 ήμῶν,
1838 1272 1933 1325 καὶ

352 1359 578 1431 αὐξήσει
612 1360 680 1413 τά
724 1360 1011 1431 γενήματα
1040 1361 1141 1431 τῆς
1178 1360 1524 1434 δικαιοσύνης
1571 1362 1748 1433 ήμῶν,
1788 1362 1935 1417 καθά

354 1467 519 1521 φησιν
539 1451 569 1504 6
598 1450 886 1514 θεσπέσιος
911 1448 1144 1515 Παῦλος.

428 1652 569 1706 Οὐαὶ
619 1653 672 1706 οι
720 1651 1078 1722 ἐγειρόμενοι
1121 1650 1203 1718 τῷ
1243 1653 1412 1723 πρωῒ,
1467 1653 1565 1709 καὶ
1604 1656 1672 1709 τὸ
1723 1658 1937 1729 σίκερα

349 1742 689 1810 διώκοντες,
734 1746 790 1797 οἱ
821 1742 1113 1813 μένοντες
1144 1744 1211 1799 τὸ
1245 1746 1362 1814 ὀψέ
1390 1761 1404 1776 ·
1434 1749 1468 1800 ό
1491 1746 1603 1816 γὰρ
1629 1743 1796 1817 οἶνος
1827 1752 1934 1805 αὐ-

350 1834 497 1902 τοὺς
513 1836 870 1905 συγκαύσει.
891 1836 1055 1890 Μετὰ
1079 1836 1188 1907 γὰρ
1215 1836 1458 1905 κιθάρας
1477 1840 1574 1891 καὶ
1594 1842 1937 1910 ψαλτηρίου

2034 634 2265 691 feliciter
2317 634 2638 705 provenient
2689 649 2809 704 qua:
2860 636 3073 689 suntin
3126 638 3306 706 agris,
3365 637 3472 692 Deo
3517 653 3615 694 va-

2034 736 2219 783 stante
2248 735 2304 782 et
2333 741 2520 781 eorum
2554 725 2875 795 iniustitiam
2900 736 3264 796 ‘coarguente.
3299 726 3439 793 Quia
3487 742 3616 785 vero

2033 817 2263 887 quisque
2302 824 2544 871 nostrum
2580 815 2763 869 animo
2795 828 2896 869 suo
2949 815 3119 869 habet
3170 816 3616 886 agricolationem

2035 908 2135 963 sub
2166 907 2569 979 intelligentiam
2606 906 2999 971 cadentem,pet
3041 915 3335 965 sementem
3394 906 3617 975 iustitia;

2035 1001 2208 1056 facit:
2260 1015 2551 1054 caveamus
2590 1013 2659 1054 ne
2708 999 2761 1053 in
2814 996 3175 1053 offensionem
3232 999 3480 1055 divinam.
3533 1000 3616 1053 in-

2034 1109 2337 1150 curramus.
2390 1092 2545 1148 Tunc
2589 1092 2771 1157 enim,
2820 1100 2950 1147 tunc
3015 1088 3243 1143 virtutes
3296 1090 3615 1158 multiplices

2035 1201 2098 1241 ac
2136 1184 2301 1239 varia
2350 1183 2404 1238 in
2455 1182 2608 1239 nobis
2643 1192 2899 1251 tanquam
2964 1178 3017 1234 in
3048 1178 3323 1233 domicilio
3393 1189 3507 1234 tuto
3550 1198 3616 1235 ac

2036 1276 2243 1330 munito
2276 1273 2617 1336 habitabunt,
2673 1280 2728 1327 et
2766 1271 3096 1326 frumentum
3148 1269 3303 1338 quasi
3356 1270 3410 1324 in
3465 1280 3611 1325 terra

2035 1365 2299 1437 profunda
2355 1364 2876 1436 multiplicabimus:
2925 1370 2980 1416 et
3037 1360 3413 1415 universorum
3474 1360 3620 1417 Deus

2036 1458 2228 1513 semini
2264 1465 2452 1511 nostro
2497 1455 2798 1520 benedicet,
2833 1462 2888 1509 et
2915 1451 3120 1506 fructus
3160 1450 3391 1521 justitize
3415 1460 3611 1506 nostra:

2036 1548 2274 1620 augebit,
2298 1548 2454 1603 sicuti
2486 1555 2540 1601 et
2570 1545 2781 1600 divinus
2807 1542 3003 1597 Paulus
3036 1541 3215 1610 inquit
3239 1539 3295 1572 ⁸*

2104 1638 2215 1710 87
2258 1638 2420 1693 Vens.
2486 1636 2570 1702 ll,
2641 1634 2725 1689 l2.
2761 1632 2852 1688 Va:
2906 1633 2988 1687 his
3023 1631 3112 1702 qui
3182 1627 3614 1699 expergiscantur

2036 1747 2210 1795 mane,
2246 1740 2296 1783 et
2317 1737 2586 1783 sectantur
2639 1728 2885 1792 siceram,
2919 1737 2966 1779 et
3022 1724 3092 1777 ad
3128 1736 3394 1791 vesperum
3454 1732 3615 1786 usque

2036 1836 2237 1875 moram
2286 1821 2525 1873 trahunt.
2571 1814 2762 1871 Vinum
2811 1817 2949 1870 enim
2997 1814 3272 1868 succendet
3302 1825 3411 1864 eos.
3470 1805 3616 1860 Nam

352 1928 453 1982 καὶ
480 1926 825 1998 τυμπάνων,
853 1927 960 1981 τὸν
983 1923 1153 1981 οἶνον
1182 1929 1453 1993 πίνουσι,
1477 1930 1575 1983 καὶ
1606 1932 1832 1998 αὐλῶν,
1858 1931 1930 1986 τὰ

2041 1929 2149 1968 cum
2181 1911 2384 1965 cithara
2422 1919 2470 1964 et
2495 1908 2772 1978 psalterio,
2810 1915 2860 1961 et
2884 1905 3143 1975 tympanis
3179 1913 3228 1957 et
3267 1901 3408 1956 tibiis
3438 1901 3617 1954 vinum

350 2019 423 2073 cs
448 2020 593 2089 ἔργα
606 2021 850 2088 Κυρίου,
872 2021 986 2074 οὐκ
1013 2020 1402 2089 ἐμϐλέπουσι,
1433 2022 1531 2076 καὶ
1559 2022 1630 2077 τὰ
1653 2024 1797 2095 ἔργα
1817 2024 1936 2080 τῶν

349 2111 571 2182 χειρῶν
592 2112 782 2166 αὐτοῦ
815 2113 887 2165 οὐ
914 2111 1340 2167 κατανοοῦσιν.

424 2203 693 2255 Συνάπτει
728 2202 840 2264 τοῖς
877 2199 1116 2272 πρώτοις
1143 2200 1308 2273 ἕτερα
1341 2203 1435 2258 καὶ
1469 2203 1798 2273 παγχάλεπα
1826 2204 1935 2259 τῶν

352 2289 624 2344 πλουσίων
646 2288 988 2361 ἐγκλήματα.
1019 2288 1300 2360 Πάρεσται
1328 2288 1437 2362 γάρ
1465 2290 1673 2354 αὐτοῖς,
1706 2292 1842 2363 πρός
1869 2308 1934 2361 γε

349 2383 431 2454 τῷ
461 2381 747 2453 βούλεσθαι
793 2381 1137 2434 πλεονεκτεῖν
1183 2380 1277 2434 καὶ
1309 2380 1622 2453 ἀκορέστως
1655 2382 1935 2453 βιάζεσθαι

351 2478 479 2539 τοὺς
506 2473 954 2544 ἀσθενεστέρους,
984 2472 1079 2527 καὶ
1104 2472 1163 2526 τὸ
1184 2473 1241 2524 ὲν
1261 2473 1444 2538 πότοις
1466 2469 1605 2527 εἶναι
1625 2475 1820 2544 φιλεῖν,
1842 2476 1936 2529 καὶ

351 2567 585 2636 τρυφαῖς
616 2564 1033 2634 ὲπιγάννυσθαι,
1061 2562 1269 2634 κώμοις
1298 2580 1357 2619 τε
1381 2565 1476 2618 καὶ
1507 2564 1700 2636 μέθαις
1726 2566 1935 2620 ἀκατα-

350 2655 612 2726 λήκτοις,
643 2656 741 2710 καὶ
780 2657 893 2718 τοῖς
942 2656 1007 2708 ὲκ
1059 2654 1417 2725 φιλοσαρκίας
1479 2656 1935 2728 καταμιαίνεσθαι

352 2751 573 2810 κακοῖς’
612 2749 707 2801 καὶ
747 2746 903 2801 τοῦτο
941 2745 1234 2818 ἐνδελεχῶς
1270 2745 1479 2801 οἴεσθαι
1510 2749 1621 2802 δεῖν
1648 2749 1848 2812 αὐτοὺς
1877 2751 1936 2802 ὲν

352 2843 518 2896 παντὶ
577 2845 642 2915 δὴ
695 2840 853 2895 τοῦτο
914 2841 1176 2910 πράττειν
1235 2838 1433 2912 καιρῷ.
1493 2841 1701 2906 Ἱκανὸς
1746 2841 1855 2911 γὰρ
1907 2843 1936 2896 6

352 2932 583 3013 πλοῦ-τος
614 2934 878 3005 άκονῆσαι
921 2932 1059 3004 πρὸς
1099 2931 1337 3004 τρυφὰς,
1381 2932 1597 2986 καὶτὸν
1633 2932 1720 2986 ἐπ’
1752 2934 1937 2999 αὐτοῖς

354 3025 617 3093 ἀφανίσαι
653 3024 834 3095 κόρον.
881 3023 1023 3077 Ἀλλ’
1056 3040 1077 3075 ι
1117 3023 1145 3076 6
1182 3023 1420 3095 σπείρων
1455 3024 1535 3087 είς
1560 3023 1658 3094 τὴν
1686 3023 1888 3097 σάρκα,
1910 3044 1930 3076 ι

354 3118 502 3171 καθά
541 3134 706 3188 φησιν
734 3118 763 3172 6
788 3115 1020 3182 Παῦλος,
1054 3134 1072 3167 t
1096 3116 1161 3169 ὲκ
1194 3116 1296 3187 τῆς
1327 3115 1527 3186 σαρκὸς
1570 3114 1776 3188 θερίσει
1810 3115 1938 3187 φθο-

356 3211 480 3283 ράν.
520 3230 539 3263 ι
573 3210 742 3275 Τέλος
785 3209 896 3281 γὰρ
924 3210 1025 3281 τῆς
1073 3208 1411 3280 προσκαίρου
1463 3208 1680 3280 τρυφῆς
1726 3209 1936 3281 μακρὸν

2034 2004 2237 2066 bibunt,
2275 2018 2431 2071 opera
2475 2016 2592 2055 vero
2618 1998 2827 2052 Domini
2852 2013 2952 2051 non
3001 1996 3298 2061 intuentur,
3348 2006 3440 2047 nec
3459 2002 3618 2061 opera

2034 2110 2288 2147 manuum
2318 2093 2434 2160 eius
2481 2089 2834 2145 considerant.

2106 2186 2360 2255 Adiungit
2395 2184 2586 2254 primis
2603 2182 2705 2235 alia
2739 2180 2906 2236 etiam
2934 2176 3259 2249 gravissima
3296 2170 3529 2230 crimina
3557 2168 3629 2223 ius

2034 2278 2245 2334 divites.
2320 2275 2452 2331 Nam
2503 2284 2863 2347 praeterquam
2926 2268 3069 2341 quod
3140 2264 3383 2321 avaritiae
3446 2258 3617 2318 dediti

2034 2371 2165 2433 sint,
2190 2380 2244 2424 ct
2282 2382 2446 2437 supra
2506 2366 2721 2422 modum
2765 2362 3058 2419 tenuiores
3099 2358 3451 2429 opprimant,
3512 2351 3617 2406 hoc

2036 2461 2163 2516 tnali
2220 2460 2429 2515 accedit
2476 2459 2664 2523 etiam,
2709 2466 2769 2511 ut
2822 2455 2934 2510 sint
2972 2452 3287 2522 frequentes
3309 2448 3363 2501 in
3421 2455 3617 2512 perpo-

2037 2553 2357 2620 tationibus,
2391 2562 2449 2607 ut
2479 2551 2691 2607 luxuria
2718 2547 2983 2611 dimuant,
3014 2554 3074 2599 ut
3100 2535 3616 2600 comessationibus,

2036 2646 2393 2701 ebrietatibus
2452 2644 2757 2707 continuis,
2797 2639 3119 2708 cazterisque
3173 2633 3330 2689 inalis
3375 2643 3495 2702 qua:
3545 2641 3617 2682 ex

2036 2739 2217 2793 carnis
2271 2736 2498 2792 libidine
2554 2734 2827 2798 oriuntur,
2893 2726 3395 2787 commaculentur:
3455 2719 3621 2789 idque

2035 2827 2253 2897 iugiter,
2296 2826 2518 2897 perinde
2546 2825 2699 2896 quasi
2729 2825 2832 2879 hoc
2855 2822 3007 2878 omni
3049 2831 3290 2889 tempore
3328 2828 3389 2872 se
3418 2814 3625 2869 debere

2036 2919 2217 2976 facere
2239 2918 2638 2974 existimarent.
2680 2914 2967 2984 Opulentia
2998 2912 3144 2968 enim
3175 2907 3392 2964 abunde
3421 2902 3619 2960 stimu-

2037 3014 2151 3068 lare
2204 3019 2381 3082 potest
2420 3009 2489 3064 ad
2554 3006 2879 3078 voluptates,
2924 3014 3250 3071 omnemque
3300 2995 3608 3052 satietatem

2037 3104 2092 3160 in
2138 3104 2244 3159 illis
2291 3103 2501 3158 tollere.
2550 3102 2622 3156 At
2683 3118 2703 3152 ι
2732 3097 2825 3169 qui
2875 3096 3109 3152 seruiunt
3152 3092 3205 3147 in
3265 3102 3452 3151 carne,
3482 3105 3501 3139 ι
3556 3092 3621 3139 ιιι

2038 3193 2214 3263 inquit
2244 3192 2461 3257 l’aulus,
2497 3209 2515 3242 ι
2549 3204 2616 3246 ex
2646 3203 2813 3245 carne
2846 3186 3035 3241 metiet
3062 3180 3466 3251 corruptionem
3498 3176 3566 3230 ".
3595 3191 3613 3225 ι

354 3262 738 3376 ξιᾷιδιηᾷέκξ
773 3262 926 3357 ε’ᾀέάι
963 3262 1235 3373 δάκρύονν,
1284 3262 1379 3356 καὶ
1430 3262 1701 3373 σαρκίκῆς
1726 3262 1937 3372 ’ἡδονῆς

2041 3262 2193 3340 Finis
2238 3283 2381 3339 enim
2438 3280 2751 3352 temporarii
2812 3280 2993 3341 luxus,
3053 3274 3213 3344 longa
3270 3280 3325 3326 et
3363 3265 3620 3340 perennis

355 3396 578 3467 ὄλεθρος
605 3397 633 3449 6
665 3394 895 3467 καρπός.
944 3393 1153 3466 Γράφει
1197 3393 1377 3448 τοίνυν
1409 3394 1544 3465 ἡμῖν
1589 3395 1619 3447 6
1650 3394 1941 3465 προφήτης

356 3487 457 3551 τὰς
490 3486 599 3539 τῶν
640 3484 910 3540 Ἰουδαίων
936 3485 1269 3557 ἀγερωχίας,
1316 3486 1411 3540 καὶ
1459 3487 1521 3540 τὸ
1562 3485 1810 3557 ἐξίτηλον
1859 3486 1940 3549 είς

355 3577 593 3650 τρυφὰς,
634 3577 729 3632 καὶ
766 3577 826 3631 τὸ
857 3576 1156 3649 κεχυμένον
1179 3579 1263 3642 είς
1298 3579 1559 3644 ἀσωτίας.
1596 3580 1782 3634 Πάντα
1807 3577 1937 3650 γὰρ,

356 3670 514 3739 φησι,
586 3667 777 3739 καιρὸν
832 3668 1204 3738 ἀπονέμοντες
1263 3669 1387 3756 ταῖς
1448 3664 1937 3738 γαστριμαργίαις,

357 3759 465 3813 ὑπὸ
490 3760 589 3831 τὴν
630 3761 706 3814 ἒω
739 3757 964 3830 ζητοῦσι
994 3759 1057 3812 τὸ
1085 3758 1303 3829 σίκερα,
1350 3758 1446 3813 καὶ
1488 3759 1602 3822 τοῖς
1628 3758 1784 3829 ήλίου
1817 3755 1939 3828 δρό-

361 3868 484 3923 μοις
535 3852 931 3907 συνεκτείνουσι
968 3852 1093 3915 τοὺς
1136 3852 1357 3914 πότους,
1402 3849 1495 3903 καὶ
1528 3848 1722 3920 μέχρις
1772 3847 1942 3918 αὐτῆς

362 3944 617 4014 μένοντες
642 3944 740 4015 τῆς
765 3944 1025 4015 ἑσπέρας.
1071 3943 1131 3997 ὐ
1158 3942 1269 4014 γὰρ
1298 3936 1439 4005 οίνος
1467 3940 1665 4003 αὐτοὺς
1697 3938 1941 4008 συγκαύη

363 4053 465 4091 σει.
503 4035 982 4107 Ὀμολογουμένως
1022 4035 1123 4106 μὲν
1164 4034 1275 4105 γὰρ
1307 4034 1530 4105 ἐμποιεῖ
1580 4048 1703 4086 τινα.
1747 4029 1944 4084 καῦσιν

358 4127 494 4199 ἄδην
525 4128 812 4199 πινόμενος
852 4130 965 4190 τοῖς
1012 4124 1343 4196 σπλάγχνοις
1371 4126 1401 4178 6
1439 4118 1600 4187 οἶνος.
1635 4121 1944 4190 Συγκαύσει

359 4218 419 4272 δὲ
446 4219 542 4272 καὶ
581 4218 782 4291 ἑτέρως
814 4217 910 4271 τοῦ
938 4217 1159 4289 μεθύειν
1183 4217 1311 4281 τοὺς
1339 4214 1598 4296 ἐραστάς,
1650 4214 1803 4268 ἔσται
1833 4213 1944 4285 γάρ

362 4310 550 4373 αὐτοῖς
581 4309 718 4381 πρὸς
749 4307 910 4363 τοῦτο
964 4307 1286 4373 κολάζοντος
1317 4306 1563 4377 ἀφορμή.
1619 4303 1945 4375 Συγκαυθή-

365 4417 554 4454 σονται
581 4400 641 4455 δὲ
672 4400 852 4472 πάντη
883 4417 942 4454 τε
962 4401 1057 4454 καὶ
1086 4399 1301 4463 πάντως
1321 4400 1399 4462 είς
1426 4397 1630 4468 φλόγας
1655 4396 1944 4466 πεμπόμε-

359 4511 444 4548 νοι
472 4493 574 4559 τὰς
596 4495 884 4567 διηνεκεῖς,
918 4495 1012 4548 καὶ
1039 4493 1449 4565 ήτοιμασμένας
1474 4490 1555 4563 τῷ
1582 4489 1816 4560 διαϐόλῳ
1849 4489 1946 4542 καὶ

2041 3378 2146 3433 erit
2191 3377 2457 3448 lacryma,
2489 3385 2544 3430 et
2583 3373 2818 3428 carnalis
2864 3367 3155 3438 voluptatis
3186 3364 3416 3428 fructus,
3459 3361 3622 3415 inter-

2040 3473 2167 3527 itus.
2212 3470 2479 3527 Describit
2549 3469 2734 3536 itaque
2779 3463 3041 3534 propheta
3094 3456 3251 3513 nobis
3305 3452 3636 3508 Iudaeorum-

2040 3564 2261 3626 fastum,
2317 3571 2373 3618 et
2456 3558 2957 3615 immoderationem
3035 3552 3241 3615 luxus,
3284 3545 3620 3614 ell'usamque

2041 3654 2535 3723 intemperantiam.
2592 3648 2764 3705 Omne
2821 3645 2967 3701 enim
3039 3650 3249 3712 tempus
3313 3634 3489 3691 ventri
3556 3646 3624 3687 ac

2040 3743 2180 3815 gula:
2217 3742 2479 3807 tribuunt,
2520 3738 2624 3795 sub
2653 3750 2908 3792 auroram
2963 3732 3196 3789 siceram
3246 3733 3517 3798 quaerunt,
3564 3732 3623 3776 et

2041 3836 2108 3890 ad
2148 3834 2280 3890 solis
2309 3846 2528 3887 cursum
2549 3825 2980 3898 compotationes
3013 3820 3363 3893 protrahunt,
3401 3829 3620 3885 perma-

2043 3936 2235 3982 nentes
2260 3936 2431 3993 usque
2481 3923 2548 3976 ad
2597 3930 2902 3988 vesperum.
2946 3913 3141 3969 Vinum
3191 3910 3336 3966 enim
3371 3906 3624 3962 incendet

2042 4032 2157 4073 eos.
2191 4018 2404 4072 Excitat
2451 4014 2650 4086 quippe
2696 4014 2747 4065 in
2780 4007 3081 4064 visceribus
3108 4002 3331 4073 largiter
3386 3998 3646 4054 bibentis.

2043 4110 2202 4181 plane
2260 4107 2535 4178 quoddam
2601 4103 2932 4159 incendium.
3005 4097 3145 4165 Quin
3200 4105 3255 4151 et
3298 4093 3425 4181 alio,
3463 4089 3646 4181 modo.

2046 4180 2228 4257 vinum
2267 4198 2559 4255 succendet
2598 4195 2715 4250 haec
2747 4190 3027 4248 ebrietatis
3068 4185 3358 4257 mancipia.
3395 4180 3624 4238 Occasio

2044 4296 2301 4352 nimirum
2358 4293 2466 4348 erit
2529 4299 2588 4346 ut
2641 4285 2963 4357 supplicium
3035 4283 3103 4337 de
3158 4280 3265 4335 illis
3329 4283 3615 4339 sumatur;

2045 4388 2311 4458 siquidem
2347 4385 2724 4450 incendentur,
2766 4378 2999 4450 ablegati
3031 4376 3087 4431 in
3126 4374 3378 4431 ﬂantum“
3424 4365 3628 4437 sempi-

2048 4488 2278 4539 ternam,
2314 4473 2530 4529 diabolo
2548 4473 2772 4544 ejusque
2800 4470 3006 4540 angelis
3027 4466 3375 4522 destinatam.
3400 4458 3639 4515 Scilicet:

359 4593 475 4654 τοῖς
517 4553 771 4660 ἀγγέλοις
799 4553 986 4646 αῦτοῦ.
1034 4553 1304 4661 ’ἑαύτῃτοι
1349 4553 1443 4642 καί
1474 4588 1503 4639 6
1525 4553 1938 4658 ’μέθυσος-ὁμοῦ

2049 4570 2176 4624 hinc
2197 4566 2443 4623 ebriosus
2478 4580 2582 4620 una
2607 4579 2730 4620 cum
2764 4564 2887 4618 aliis
2932 4557 3178 4631 profanis
3202 4570 3233 4609 a
3267 4553 3377 4607 Deo
3432 4563 3628 4605 exsors

2114 4663 2125 4671 .
2243 4669 2251 4671 _
2665 4656 2678 4671 ι
2826 4670 2829 4671 ,
2889 4669 2913 4671 μ
2935 4651 3199 4671 ---.ε-------
3272 4642 3605 4671 ε....-Α.Ιῖηι.ιιι

358 4685 477 4744 τοῖς
501 4682 680 4747 ἄλλοις
706 4682 953 4754 βεϐήλοις
978 4682 1291 4753 ἁπόκληρος
1322 4680 1471 4733 ἔσται
1497 4678 1647 4751 παρὰ
1681 4677 1823 4749 Θεῷ,
1848 4678 1944 4732 καὶ

360 4777 447 4839 εἰς
489 4774 588 4847 τὴν
635 4775 744 4829 τῶν
784 4774 1031 4848 οὐρανῶν
1078 4774 1355 4845 βασιλείαν
1401 4774 1502 4825 οὐκ
1553 4771 1941 4825 εἰσελεύσεται.

362 4865 511 4937 Ὅρα
542 4866 653 4938 γὰρ
695 4866 798 4936 ὅση
839 4864 949 4918 τῶν
990 4864 1262 4919 Ἰουδαίων
1295 4862 1485 4933 γέγονε
1530 4862 1675 4917 κατὰ
1716 4864 1945 4934 καιροὺς

360 4958 398 5029 ἡ
444 4957 538 5010 ἐπὶ
588 4957 651 5010 τδ
695 4960 892 5029 χρῆναι
953 4955 1475 5029 τρυφᾷν-ὲξιτηλία.
1526 4956 1701 5010 Ὅπου
1747 4956 1855 5027 γὰρ
1915 4956 1946 5008 6

360 5050 600 5121 κιθάρας
632 5049 842 5114 κτύπος
862 5089 878 5115 ,
914 5049 1008 5103 καὶ
1037 5050 1337 5121 τυμπάνων
1377 5044 1533 5120 ἦχος,
1574 5048 1670 5102 καὶ
1701 5047 1809 5102 τῶν
1848 5045 1947 5100 a6-

361 5142 605 5197 λούντων
640 5141 1113 5211 συναναφώνησις,
1155 5141 1253 5194 σῦν
1282 5138 1553 5211 εὐρυθμίᾳ
1583 5138 1677 5192 καὶ
1703 5138 1945 5210 κρότοις,

360 5234 484 5287 ἐκεῖ
527 5250 630 5286 που
667 5231 887 5295 πάντως
929 5231 1047 5284 ἐστὶ
1080 5229 1175 5283 καὶ
1221 5230 1330 5283 πᾶν
1376 5224 1518 5292 εἶδος
1561 5226 1943 5297 ἀκαθαρσίας,

361 5324 461 5379 καὶ
494 5324 565 5379 τὰ
600 5323 788 5397 κρυφῆ
816 5321 1115 5393 γιγνόμενα
1145 5323 1276 5393 παρ’
1303 5319 1503 5385 αὐτῶν,
1526 5318 1562 5373 ἀ
1598 5319 1692 5371 καὶ
1720 5317 1945 5389 αἰσχρόν

364 5419 481 5473 tem
506 5418 707 5487 λέγειν.
738 5418 938 5488 Ζημιοῖ
969 5416 1027 5471 δὲ
1059 5414 1215 5469 τοῦτο
1246 5414 1446 5478 αὐτοὺς
1471 5411 1532 5466 τὸ
1574 5412 1650 5483 μὴ
1675 5409 1936 5465 δύνασθαι

365 5511 607 5583 καθορᾷν
653 5510 754 5583 τὴν
784 5508 878 5565 τοῦ
915 5507 1054 5563 Θεοῦ
1081 5507 1263 5575 δόξαν,
1294 5508 1430 5580 μήτε
1469 5504 1577 5576 μὴν
1621 5504 1948 5569 ὲνατενίςειν

364 5606 480 5668 τοῖς
535 5603 720 5676 ἔργοις
779 5600 969 5656 αὑτοῦ.
1031 5601 1246 5673 ’Ὥσπερ
1295 5599 1405 5672 γὰρ
1463 5600 1492 5651 6
1546 5594 1641 5650 τοῦ
1695 5595 1948 5667 σώματος

364 5694 645 5767 ὀφθαλμὸς
666 5737 681 5762 ,
713 5696 747 5767 ἢ
789 5695 990 5761 κόνεως
1019 5692 1401 5765 ἐμϐαλούσης,
1434 5689 1467 5762 ἢ
1510 5690 1691 5760 λήμης
1724 5690 1949 5760 ἐγκεχυ-

437 5846 486 5881 ⁸⁸
510 5843 553 5903 ll
576 5845 707 5905 Cor.
757 5862 833 5909 Ix,
900 5845 985 5902 10.
1082 5846 1126 5879 ⁸⁸
1166 5843 1343 5901 Galal.
1388 5859 1466 5903 vt.
1495 5843 1547 5897 8.

2049 4663 2175 4726 erit,
2204 4669 2260 4716 et
2295 4674 2521 4729 regnum
2576 4656 2839 4713 caelorum
2887 4651 3202 4721 neutiquam
3272 4642 3639 4713 ingredietur.

2050 4756 2290 4811 Observa
2320 4763 2501 4807 autem
2540 4759 2746 4822 quanta
2800 4745 2971 4802 fuerit
3019 4743 3149 4800 olim
3208 4739 3520 4795 Judaeorum
3572 4733 3627 4788 in

2049 4846 2416 4920 voluptatibus
2458 4842 2836 4901 consectandis
2875 4838 3180 4901 effrenatio.
3231 4833 3337 4889 Ubi
3393 4842 3631 4898 namque

2052 4943 2277 4999 cithara
2295 4953 2460 4996 sonus
2489 4947 2594 5004 est,
2616 4947 2673 4994 et
2714 4947 3091 5008 tympanorum
3122 4931 3334 5002 pulsus,
3359 4921 3647 4981 ac-tibici-.

2053 5049 2183 5091 nqu
2218 5039 2513 5089 concentus
2550 5046 2677 5087 cum
2728 5040 3082 5084 numerorum
3137 5019 3507 5078 concinnitate
3573 5023 3643 5069 et.

2052 5127 2352 5198 plausibus,
2376 5125 2448 5180 ibi
2474 5124 2696 5180 omnino
2740 5132 2824 5177 est
2857 5129 2913 5175 et
2943 5130 3106 5175 omne
3141 5128 3312 5186 genus
3346 5108 3634 5173 fmditatis,

2053 5235 2227 5290 eaque
2302 5218 2439 5273 ﬁunt
2512 5218 2652 5272 clam
2728 5215 2797 5271 ab
2857 5214 2965 5270 illis
3014 5224 3133 5282 qua:
3195 5219 3353 5279 turpe
3405 5213 3494 5262 est
3548 5202 3634 5257 vel

2055 5313 2254 5368 dicere.
2300 5308 2455 5377 Quod
2492 5308 2710 5378 quidem
2750 5305 3139 5378 impedimento
3190 5300 3298 5355 illis
3331 5307 3438 5363 est,
3492 5309 3634 5366 quo-

2055 5405 2235 5460 minus
2273 5400 2501 5473 gloriam
2529 5400 2621 5455 Dei
2666 5400 3005 5461 iutueantur,
3040 5393 3268 5463 ejusque
3328 5403 3494 5460 opera
3550 5396 3635 5441 at-

2055 5498 2295 5554 tendant.
2328 5496 2460 5552 Nam
2500 5504 2554 5550 ut
2581 5494 2829 5564 corporis
2856 5490 3064 5554 oculus,
3093 5487 3180 5543 vel
3230 5483 3455 5556 pulvere
3492 5478 3635 5548 inje-

2055 5601 2180 5656 cto,
2237 5589 2321 5646 vcl
2372 5588 2630 5661 lippidine
2670 5584 2878 5652 offusa,
2936 5582 3021 5641 vel
3065 5580 3390 5637 obturbante
3439 5571 3625 5625 value.

2059 5699 2138 5753 re,
2193 5683 2338 5741 clare
2389 5697 2495 5739 non
2544 5687 2723 5751 potest
2768 5678 2989 5735 videre:
3043 5672 3125 5729 sic
3177 5680 3332 5726 mens
3391 5662 3646 5719 humana.
