4178 6498
659 367 766 426 I55

1649 372 1706 426 S.
1746 370 2022 427 CYlllLIJ
2063 371 2534 430 ALEXANDRI'NI
2573 375 2893 432 ARCHIEP.

3824 371 3926 427 156

658 484 803 539 enim
840 482 1030 537 mortis
1070 491 1247 537 terror
1273 495 1378 536 non
1415 483 1760 552 prosternet?
1789 483 1881 538 Vel
1917 499 2076 551 quem
2091 481 2227 538 'ocu-

2342 483 2399 536 δὲ
2421 484 2636 555 μεγάλα
2661 485 2958 554 φυσῶντες,
2995 481 3180 554 φησὶν,
3205 481 3421 535 ἔσονται
3458 483 3923 551 τεταπεινωμένοι

663 575 772 628 lum
818 575 1015 629 elatum
1049 583 1099 629 et
1123 575 1288 627 altum
1331 574 1720 644 suspicientem
1769 575 1950 643 gravis
1977 574 2242 629 etintole—

664 667 834 720 randa
891 666 1174 720 calamitas
1224 667 1464 737 quietum
1512 677 1567 721 et
1594 667 1826 736 sopitum
1851 682 1955 721 non
2013 667 2243 722 reddet?

659 757 805 821 lla-c,
841 757 1049 824 inquit,
1096 760 1277 811 omnia
1310 757 1400 812 ubi
1447 757 1750 824 evenerint,
1803 757 2090 813 extolletur
2131 757 2239 812 Do-

659 849 838 904 minus
891 849 1128 904 Sabaoth
1165 849 1251 904 die
1286 850 1395 912 illa,
1427 849 1477 904 id
1520 859 1622 915 est,
1658 859 1767 904 tum
1799 851 2014 921 quando
2045 850 2157 905 haec
2175 853 2241 906 de

659 940 767 994 illis
799 941 1063 1008 prtedicta
1095 939 1160 993 ad
1194 941 1400 994 exitum
1444 941 1753 995 dei-urrent.
1793 938 2087 994 Extollitur
2113 954 2239 993 vero

656 1030 919 1087 Dominus
966 1031 1204 1087 Sabamh
1259 1034 1312 1086 in
1337 1032 1541 1099 judicio
1580 1041 1634 1087 et
1659 1032 1892 1099 justitia,
1921 1047 2042 1085 eum
2088 1042 2240 1086 recto

655 1137 755 1176 suo
783 1131 838 1178 et
869 1134 1214 1178 sacrosancto
1242 1125 1452 1179 calculo
1491 1123 1543 1178 in
1586 1125 1840 1193 populum
1864 1126 2154 1192 superbum
2184 1134 2240 1179 et

655 1211 1057 1281 volnptuariutn
1122 1214 1528 1268 animadvertit.
1585 1212 1749 1269 Proin
1791 1216 2033 1269 aversari
2077 1215 2238 1270 lasci-

656 1304 822 1369 viam,
850 1306 1143 1375 carnisque
1175 1306 1425 1360 libidines
1475 1305 1695 1360 inutiles
1740 1305 1823 1359 vel
1850 1306 2027 1374 potius
2064 1306 2239 1374 impu-

659 1397 906 1450 rissimas
935 1415 1094 1465 quam
1125 1399 1440 1468 longissime
1470 1397 1762 1468 proﬂigare
1805 1399 2138 1460 Studeamus,
2172 1414 2238 1453 ne

655 1491 847 1534 contra
882 1483 1098 1538 insultet
1146 1486 1301 1540 nobis
1346 1484 1590 1541 infernus
1643 1487 2006 1554 inexplebilis.
2045 1488 2235 1544 Memi-

656 1573 834 1628 nimus
872 1578 1014 1630 enim
1065 1579 1404 1632 Ser-vatoretn
1444 1579 1690 1635 dixisse:
1735 1597 1753 1632 ι
1798 1578 1884 1635 Va:
1914 1581 2064 1634 vobis
2101 1583 2236 1637 divi-

655 1665 821 1732 tibus,
845 1668 968 1736 quia
1019 1669 1232 1724 habetis
1281 1671 1709 1726 consolationem
1753 1682 1987 1726 vestram
2032 1674 2134 1725 η.»
2174 1674 2237 1727 Et

653 1770 874 1813 rursus:
917 1777 934 1810 ι
968 1759 1112 1814 Beati
1154 1762 1242 1830 qui
1271 1762 1464 1832 lugetis
1510 1779 1672 1830 nunc,
1710 1766 1835 1834 quia
1867 1766 2229 1822 ridebitis’h

2346 575 2442 627 καὶ
2463 577 2667 647 ἄτιμοι.
2690 576 2802 630 Καὶ
2829 575 2948 629 τίνα
2977 574 3088 646 γὰρ
3121 574 3182 626 οὐ
3212 572 3569 626 ταπεινοῖτοῦ
3607 573 3840 626 θανάτου
3862 573 3924 626 τὸ

2343 665 2534 737 δεῖμα;
2572 670 2642 721 Ἢ
2679 669 2832 722 ποῖον
2863 665 3143 736 ὀφθαλμὸν
3169 663 3480 735 ἐπηρμένον
3521 664 3617 718 καὶ⁵
3653 664 3768 719 ἄνω
3805 664 3925 734 βλέ-

2346 775 2514 812 ποντα
2536 758 2682 830 δεινὴ
2705 761 2798 812 καὶ
2829 757 3107 820 δύσοιστος
3136 757 3196 810 οὐ
3225 756 3603 826 κατακοιμίζει
3627 755 3918 825 συμφορά;

2344 851 2561 904 Τούτων
2593 853 2674 917 δὲ,
2715 851 2902 923 φησὶν,
2939 850 3196 904 ἁπάντων
3230 847 3659 918 συμϐεϐηκότων
3696 845 3920 916 semet]-

2345 958 2497 993 σεται
2529 941 2731 1011 Κύριος
2764 939 3015 1004 Σαϐαὼθ,
3055 941 3112 993 ὲν
3162 941 3228 1010 τῇ
3279 938 3464 1009 ήμέρᾳ
3503 938 3723 1009 ἐκείνῃ.
3775 934 3920 989 τοῦτ’

2341 1032 2478 1096 ἐστι,
2509 1034 2628 1086 κατ’
2657 1035 2831 1085 ἐκεῖνο
2858 1030 2951 1084 τοῦ
2983 1029 3204 1100 καιροῦ,
3243 1029 3364 1084 καθ’
3389 1029 3446 1082 ὃν
3475 1030 3555 1090 είς
3584 1029 3758 1099 πέρας
3788 1027 3922 1099 δρα-

2344 1127 2525 1196 μεῖται
2559 1123 2629 1176 τά
2674 1125 2760 1176 ἐπ’
2801 1125 2984 1186 αὐτοῖς
3033 1121 3513 1194 προηγορευμένα.
3563 1120 3830 1190 ’Υψοῦται
3865 1121 3924 1175 δὲ

2344 1216 2502 1286 μόνος
2528 1215 2732 1287 Κύριος
2759 1214 2984 1270 Σαϐαὼθ
3021 1217 3078 1268 ὲν
3107 1215 3358 1285 κρίματι.
3391 1212 3482 1266 καὶ
3504 1213 3562 1266 ἐν
3580 1210 3922 1283 δικαιοσύνῃ,

2339 1305 2415 1368 ὡς
2455 1305 2588 1376 ὀρθῇ
2635 1304 2729 1358 καὶ
2779 1305 2903 1377 ὁσία
2938 1307 3004 1376 τῇ
3056 1304 3224 1375 ψήφῳ
3271 1301 3507 1366 κολάσας
3548 1301 3637 1355 τὸν
3683 1299 3926 1364 ἀλαζόνα

2338 1396 2485 1459 λαὸν,
2536 1396 2628 1451 τὸν
2666 1396 2868 1465 ἀπειθῆ
2917 1397 3010 1449 καὶ
3061 1394 3365 1464 φιλήδονον.
3413 1392 3784 1462 Παραιτητέον
3831 1386 3925 1446 οὗν

2339 1492 2449 1563 ἄρα
2494 1490 2594 1553 τὰς
2621 1490 2853 1561 τρυφὰς,
2898 1490 2993 1543 καὶ
3030 1488 3106 1552 ὡς
3131 1487 3405 1542 ἀπωτάτω
3442 1485 3715 1538 ποιεῖσθαι
3764 1499 3927 1539 σπου·

2338 1582 2588 1652 δάζωμεν
2609 1582 2708 1645 τάς
2746 1582 3036 1652 ἀνονήτους
3071 1579 3464 1649 φιλοσαρκίας,
3499 1577 3698 1648 μᾶλλον
3731 1576 3788 1630 δὲ
3825 1575 3926 1639 τὰς

2342 1673 2777 1743 μυσαρωτάτας,
2814 1672 2902 1724 ἵνα
2946 1671 3022 1742 μὴ
3057 1668 3457 1740 κατατρυφήσῃ
3482 1669 3575 1720 καὶ
3603 1666 3690 1734 ἐφ’
3723 1667 3862 1736 ἡμῖν
3895 1664 3926 1715 6

2338 1763 2614 1835 ἄπληστος
2664 1764 2816 1835 ᾅδης.
2859 1762 3212 1834 Μεμνήμεθα
3245 1761 3354 1832 γὰρ
3394 1759 3488 1813 τοῦ
3527 1759 3784 1830 Σωτῆρος
3834 1758 3926 1812 λέο

654 1847 872 1900 Desinet
914 1850 1060 1903 enim
1098 1850 1249 1904 labor
1302 1852 1354 1905 in
1385 1854 1644 1921 quietem,
1679 1863 1735 1908 et
1787 1855 2050 1910 bonorum
2083 1858 2227 1912 sudo

2347 1873 2537 1924 γοντος
2555 1871 2568 1884 ·
2606 1875 2624 1908 ι
2657 1855 2795 1910 Οὐαὶ
2829 1856 2958 1926 ὑμῖν
2986 1856 3099 1916 τοῖς
3125 1853 3424 1916 πλουσίοις,
3456 1854 3538 1906 ὅτι
3566 1853 3802 1922 ἀπέχετε
3827 1851 3928 1924 τὴν

653 1928 771 1990 ruin
801 1939 922 1993 ﬁnis
957 1941 1260 2009 voluptates
1294 1945 1605 1998 conciliabit
1628 1956 1890 2000 aeternum
1914 1948 2224 2014 duraturas,

651 2027 786 2082 Nam
828 2031 960 2098 «qui
999 2034 1232 2087 seminat
1281 2035 1330 2088 in
1382 2050 1566 2101 carne,
1620 2046 1675 2091 et
1735 2053 1802 2092 ex
1847 2053 2010 2092 carne
2065 2050 2227 2094 metet

653 2120 952 2187 interitum,
977 2141 995 2174 ι
1035 2123 1196 2177 sicuti
1232 2126 1489 2194 scriptum
1521 2138 1603 2181 est
1629 2129 1697 2192 ",
1734 2145 1754 2180 ι
1779 2137 1833 2182 et
1861 2130 1950 2197 qui
1994 2131 2228 2184 seminat

653 2212 706 2265 in
747 2214 961 2281 spiritu,
999 2223 1055 2269 et.
1077 2231 1142 2268 ex
1183 2217 1376 2286 spiritu
1412 2227 1576 2273 metet
1607 2220 1765 2273 vitam
1797 2230 2110 2275 aeternam.»

2333 1948 2680 2019 παράκλησιν
2710 1947 2885 2017 ὑμῶν.
2921 1967 2939 2000 ι
2993 1947 3103 2000 Καὶ
3133 1946 3332 2009 πάλιν,
3367 1946 3448 1998 ὅτι
3489 1962 3506 1994 ι
3554 1944 3839 2013 Μακάριοι
3877 1944 3928 1997 οἰ

2328 2039 2649 2102 πενθοῦντες
2677 2039 2793 2102 νῦν,
2814 2042 2896 2094 ὅτι
2920 2040 3197 2109 γελάσετε·
3229 2057 3246 2090 ι
3274 2035 3565 2106 καταλήξει
3587 2036 3695 2106 γὰρ
3714 2037 3742 2088 6
3763 2035 3928 2098 πόνος

2328 2134 2408 2196 εἰς
2436 2131 2749 2203 ἀναψυχήν,
2790 2133 2886 2186 καὶ
2915 2131 3136 2200 ἀγαθῶν
3168 2128 3408 2198 ἱδρώτων
3443 2128 3504 2180 τὸ
3542 2126 3717 2197 πέρας
3737 2166 3752 2189 ,
3786 2143 3926 2197 τρυ-

2333 2222 2438 2291 φῆς
2481 2222 2614 2292 ήμῐν
2665 2221 2818 2274 ἔσται
2855 2221 2956 2290 τῆς
2994 2223 3072 2281 είς
3121 2219 3294 2272 αἰῶνα
3333 2219 3608 2292 πρόξενον.
3659 2236 3678 2268 ι
3720 2217 3778 2270 '0
3812 2217 3926 2288 γὰρ

654 2307 895 2378 σπείρων
947 2309 1027 2373 είς
1082 2311 1182 2380 τὴν
1234 2311 1444 2382 σάρκα.
1498 2315 1564 2366 ὲκ
1619 2316 1718 2384 τῆς
1774 2315 1974 2386 σαρκὸς
2018 2316 2223 2388 θερίσει
2299 2316 2528 2389 φθορὰν,
2567 2335 2586 2369 ι
2650 2316 2798 2370 καθα
2846 2315 3199 2386 γέγραπται·
3248 2332 3266 2364 ι
3305 2313 3401 2366 καὶ
3446 2315 3475 2366 6
3551 2311 3793 2382 σπείρων
3842 2312 3925 2374 είς

651 2399 712 2452 τὸ
753 2399 1001 2470 πνεῦμα,
1046 2403 1111 2457 ὲκ
1156 2403 1250 2457 τοῦ
1300 2405 1609 2476 πνεύματος
1653 2407 1858 2478 θερίσει
1899 2409 2044 2480 ζωήν
2093 2410 2334 2464 αἰώνιον.
2382 2430 2402 2462 ι

719 2493 825 2563 91
862 2493 1028 2548 Vens.
1069 2495 1155 2551 17.
1198 2495 1266 2550 Et
1294 2511 1574 2567 pascentur
1612 2502 1832 2569 direpti,
1866 2513 1921 2554 ut
1959 2504 2134 2569 tauri,
2174 2513 2224 2557 et

649 2585 960 2640 solitudines
989 2604 1169 2644 eorum
1199 2591 1289 2659 qui
1317 2592 1456 2660 capti
1488 2602 1629 2656 sunt,
1661 2595 1786 2664 agni
1816 2594 2185 2663 depascentur.

719 2758 1024 2814 Constituta
1080 2761 1257 2816 adhuc
1311 2763 1526 2832 regione
1570 2763 1910 2832 Judmorum,
1955 2765 2224 2835 rebusque

649 2853 901 2905 secundis
929 2852 1176 2918 ﬁorente,
1201 2863 1390 2908 contra
1426 2857 1684 2925 sanguine
1714 2854 2011 2913 Israelitico
2038 2858 2224 2912 oriun-

648 2946 747 2998 dos
781 2944 1020 2998 ﬁnitima:
1062 2957 1253 3016 gentes
1293 2946 1713 3018 belligerabant;
1748 2949 1965 3019 Deoque
2005 2951 2225 3005 univer-

648 3036 828 3091 sitatis
861 3035 1109 3090 lsraclem
1146 3037 1299 3105 quasi
1335 3049 1492 3094 scuto
1527 3049 1868 3112 contegente,
1907 3040 2228 3097 rebellantes

2399 2503 2508 2557 Kal
2543 2500 3047 2569 βοσκηθήσονται
3094 2501 3148 2552 οἱ
3180 2498 3620 2568 διηρπασμένοι
3657 2497 3738 2563 ὡς
3776 2496 3926 2551 ταῦ-

2323 2611 2442 2661 ροι,
2487 2594 2586 2647 καὶ
2629 2592 2737 2658 τὰς
2775 2590 3035 2661 ἐρήμους
3080 2589 3199 2644 τῶν
3237 2589 3697 2659 ἀπειλημμένων
3740 2588 3926 2657 ἄρνες

2329 2685 2644 2755 φάγονται.

2401 2775 2752 2846 Συνεστὼσης
2775 2776 2853 2830 ἔτι
2881 2777 2980 2846 τῆς
3011 2775 3276 2830 Ἰουδαίων
3299 2774 3484 2846 χώρας
3512 2774 3602 2828 καὶ
3629 2773 3688 2827 ἐν
3713 2774 3926 2844 ἀκμαῖς

2329 2867 2497 2940 οὔσης
2523 2869 2618 2922 τοῦ
2653 2869 2967 2940 εὐημερεῖν,
2992 2869 3258 2939 ἐμάχοντο
3291 2867 3390 2937 μὲν
3425 2868 3561 2938 πρὸς
3586 2869 3711 2930 τοὺς
3741 2866 3802 2932 ἐξ
3834 2867 3927 2920 al-

2334 2975 2503 3030 ματος
2536 2958 2754 3030 Ἰσραήλ
2780 2959 2849 3011 τὰ
2883 2959 3141 3030 περίοικα
3166 2958 3274 3012 τῶν
3309 2957 3732 3029 ὲθνῶν.Ἑπειδὴ
3761 2957 3820 3010 δὲ
3856 2953 3928 3029 ἦν

2329 3051 2358 3104 6
2387 3051 2495 3104 τῶν
2527 3051 2664 3106 ὅλων
2687 3049 2820 3116 Θεὸς
2849 3053 2877 3104 6
2907 3050 3254 3115 συνασπίζων
3282 3049 3362 3121 τῷ
3387 3049 3624 3121 Ἰσραὴλ,
3653 3050 3928 3121 κεκράτη-

651 3127 731 3181 sic
765 3128 984 3192 devicit,
1022 3139 1078 3183 ut
1113 3144 1303 3185 omnes
1345 3131 1478 3185 citra
1525 3146 1757 3203 pugnam
1799 3136 2120 3204 expugnarit
2169 3143 2226 3189 et

2331 3160 2426 3197 κεν
2465 3143 2636 3208 οὕτως
2683 3144 2791 3198 τῶν
2833 3144 3245 3214 ἀνθεστηκότων
3278 3143 3354 3205 ὡς
3382 3143 3540 3213 νικᾷν
3569 3142 3795 3213 ἀμαχεὶ,
3828 3143 3928 3196 καὶ

651 3219 894 3288 fregerit,
927 3231 1209 3292 terrasque
1238 3238 1424 3280 eorum
1461 3224 1763 3295 diripuerit,
1801 3226 1964 3282 urbes
1997 3227 2225 3297 popula—

653 3321 737 3366 tus
767 3311 952 3376 fuerit,
983 3323 1035 3366 et
1068 3328 1153 3368 res
1179 3314 1382 3370 alienas
1409 3323 1662 3384 tanquam
1694 3327 1965 3387 potestate
1993 3320 2224 3388 quadarn

651 3410 706 3456 et
755 3404 1078 3457 auctoritate
1123 3405 1366 3472 przediti,
1420 3405 1624 3471 tulerit,
1675 3407 1866 3476 egerit.
1919 3405 1991 3460 At
2032 3406 2125 3460 ubi
2169 3406 2222 3461 in

651 3493 923 3548 Christum
948 3494 1109 3562 impie
1124 3506 1371 3565 egerunt,
1396 3495 1621 3550 Romani
1647 3498 1915 3553 exercitus
1939 3499 2224 3553 vastationi

651 3585 1045 3654 direptionique
1072 3586 1300 3656 expositi
1333 3596 1487 3648 sunt.
1535 3588 1698 3642 urbes
1731 3597 2015 3654 cremata),
2046 3590 2224 3644 omnia

651 3691 837 3731 eorum
870 3677 1006 3731 bona
1029 3678 1236 3748 direpta
1271 3694 1300 3732 a
1334 3679 1669 3736 victoribus:
1699 3680 1820 3735 dein
1857 3679 2224 3736 Romanorum

650 3769 820 3838 copiis
843 3770 1260 3826 subducentibus
1291 3787 1348 3827 se
1377 3787 1669 3842 parumper
1697 3787 1760 3827 ac
1780 3774 2112 3839 cedentibus,
2133 3773 2224 3843 qui

647 3861 776 3918 olim
800 3862 994 3932 direpti
1025 3873 1170 3928 sunt,
1205 3864 1563 3919 incursionem
1595 3862 1819 3930 iaciunt,
1840 3867 2002 3919 urbes
2031 3879 2095 3920 ac
2130 3865 2226 3919 do-

651 3969 767 4006 mos
791 3956 1179 4021 pen-vestigant,
1199 3964 1252 4025 et
1276 3955 1509 4025 reliquas
1533 3969 1619 4010 res
1652 3954 1970 4022 compilatas
1994 3955 2046 4009 in
2069 3970 2223 4009 suam

648 4046 849 4116 quique
897 4048 1166 4116 regionem
1228 4048 1543 4116 important.
1590 4045 1902 4116 Cujusmodi
1954 4056 2036 4100 est
2080 4047 2225 4115 quod

651 4135 806 4190 nobis
838 4135 979 4190 Deus
1014 4137 1381 4192 universitatis
1425 4136 1693 4206 significat
1735 4151 1866 4191 voce
1907 4136 2221 4206 prophetae:

655 4245 674 4278 ι
722 4227 1042 4291 Bacemate,
1090 4242 1355 4282 racetnate
1390 4228 1544 4294 quasi
1584 4228 1796 4282 vineam
1847 4227 2103 4297 reliquias
2143 4225 2224 4283 ls-

649 4319 815 4374 raelis
848 4337 861 4373 :
895 4320 1219 4374 revertimini
1255 4330 1506 4391 tanquam
1541 4319 1898 4374 vindemiator
1929 4320 1994 4373 ad
2019 4321 2221 4373 cartal-

647 4411 757 4466 lutn
791 4428 944 4468 suum
970 4413 1036 4466 ".
1073 4433 1091 4464 ι
1132 4411 1376 4467 Ρι-αιάίοἰι
1407 4412 1597 4480 igitur,
1635 4426 1740 4464 non
1773 4411 1904 4465 satis
1945 4409 2079 4474 fore,
2109 4412 2222 4465 haec

646 4502 820 4558 solum
859 4520 887 4556 a
924 4505 1172 4559 Romano
1213 4503 1376 4559 milite
1409 4518 1599 4574 passos
1636 4519 1779 4570 esse,
1824 4505 1918 4559 sed
1959 4513 2218 4573 prieterea

643 4612 712 4650 ex
745 4597 1093 4652 ﬁnitimarum
1125 4596 1364 4665 gentium
1396 4595 1713 4650 crudelitate
1758 4595 1871 4650 haec
1911 4610 2216 4658 accessura,

643 4690 830 4744 dicens
866 4708 879 4744 :
918 4708 935 4741 ι
962 4688 1026 4744 Et
1073 4699 1361 4759 pascentur
1402 4689 1490 4758 qui
1523 4688 1717 4759 direpti
1754 4698 1915 4752 sunt,
1963 4698 2217 4758 tanquam

647 4785 840 4838 tauri.»
861 4782 962 4850 Qui
988 4785 1131 4838 enim
1153 4783 1300 4846 olim,
1325 4783 1520 4852 inquit,
1544 4782 1829 4851 direptioni
1853 4797 2036 4835 eorum
2063 4781 2220 4836 facile

645 4873 1060 4942 patebant.quia
1082 4873 1220 4929 Deus
1240 4889 1395 4944 opem
1422 4872 1648 4936 ferebat,
1670 4873 1720 4926 hi
1743 4873 2013 4941 regionem
2029 4887 2216 4927 eorum

646 4967 936 5035 depascent
975 4982 1073 5021 ceu
1123 4967 1290 5029 tauri,
1333 4966 1384 5021 id
1429 4976 1531 5032 est,
1566 4965 1810 5030 feroces,
1867 4963 2217 5034 magnanimi,

647 5066 702 5112 et
741 5057 832 5126 qui
873 5057 1126 5111 invictam
1173 5057 1240 5111 ad
1294 5057 1652 5112 resistendum
1700 5055 1807 5108 vim
1855 5054 2102 5110 all'erent.
2155 5054 2222 5108 Et

647 5148 960 5204 solitudines
989 5164 1174 5203 eorum
1213 5150 1303 5220 qui
1342 5149 1513 5204 relicti
1545 5158 1691 5213 sunt,
1738 5148 1858 5218 agni
1905 5149 2218 5216 depascent.

648 5241 887 5296 Relictos
917 5241 1050 5296 dicit
1079 5241 1350 5296 obsessos.
1389 5240 1523 5309 Δειιὶ
1557 5240 1860 5303 comedent,
1891 5244 1991 5293 hoc
2014 5247 2122 5303 est,
2145 5237 2221 5292 illi

647 5349 835 5388 rursus
876 5333 968 5402 qui
1011 5343 1232 5388 suntex
1279 5333 1548 5403 gentibus.
1590 5331 1725 5387 Cum
1774 5334 1919 5388 enim
1967 5333 2113 5388 velut.
2153 5331 2223 5388 de

647 5427 820 5481 tauris
872 5427 1030 5480 verba
1085 5424 1334 5489 fecisset,
1379 5427 1674 5496 persistens
1721 5425 1775 5480 in
1813 5436 2004 5493 tropo,
2056 5441 2223 5496 agnos

647 5519 850 5588 adjecit
891 5536 904 5572 :
934 5528 993 5572 ut
1019 5529 1203 5573 tauros
1222 5533 1342 5573 esse
1368 5518 1526 5571 valde
1556 5517 1807 5572 robustos
1836 5516 2220 5588 intelligamus.

645 5612 798 5668 Alios
825 5624 953 5665 vero
977 5609 1069 5682 qui
1109 5609 1243 5666 tales
1274 5625 1379 5665 non
1409 5619 1554 5674 sunt,
1585 5608 1684 5664 sed
1707 5607 1991 5664 inferiores
2024 5624 2084 5663 ac
2117 5610 2221 5663 tui-

2326 3239 2654 3290 xaramoei’v
2695 3235 2959 3300 ἅπαντας,
2993 3236 3086 3288 καὶ
3113 3233 3440 3305 διαρπάζειν
3470 3233 3650 3287 αὐτῶν
3686 3233 3787 3298 τὰς
3812 3233 3926 3305 χώς

2329 3347 2450 3399 ρας,
2485 3330 2579 3382 καὶ
2612 3327 2914 3398 καταδῃοῦν
2944 3327 3041 3389 τὰς
3072 3328 3278 3391 πόλεις,
3316 3328 3469 3396 ἄγειν
3503 3344 3561 3379 τε
3605 3327 3700 3378 καὶ
3731 3326 3927 3398 φέρειν

2325 3418 2396 3472 τά
2442 3419 2642 3489 ἑτέρων
2687 3418 2802 3489 μετ’
2831 3417 3102 3481 ἐξουσίας.
3122 3417 3341 3488 Ἐπειδὴ
3369 3418 3426 3470 δὲ
3461 3417 3926 3487 δεδυσσεϐήκασιν

2327 3509 2407 3570 είς
2451 3507 2707 3577 Χριστὸν,
2743 3506 2838 3559 καὶ
2881 3505 3122 3558 δέδονται
3155 3505 3275 3569 ταῖς
3307 3506 3596 3576 Ῥωμαίων
3643 3510 3927 3577 στρατιαῖς

2326 3599 2407 3660 είς
2448 3596 2669 3667 ὄλεθρον
2715 3598 2810 3649 καὶ
2853 3596 3186 3667 διαρπαγὴν,
3242 3597 3665 3669 ἐνεπρήσθησαν
3717 3600 3819 3666 μὲν
3867 3600 3924 3654 ai

2327 3688 2533 3754 πόλεις,
2562 3688 2978 3760 διηρπάσθησαν
3007 3688 3063 3741 δὲ
3096 3689 3275 3742 πάντα
3306 3690 3371 3743 τά
3399 3690 3525 3743 ὄντα
3554 3690 3738 3753 αὑτοῖς
3768 3692 3927 3760 παρά

2324 3781 2434 3833 τῶν
2459 3781 2843 3852 νενικηκότων.
2887 3778 3020 3833 Εἶτα
3051 3781 3151 3851 τῆς
3193 3780 3480 3851 Ῥωμαίων
3511 3785 3770 3854 στρατιᾶς
3815 3783 3925 3836 ὐπ-

2325 3872 2582 3943 ενδούσης
2610 3871 2806 3943 βραχὺ,
2840 3873 3166 3943 κατέτρεχον
3194 3874 3243 3926 οἱ
3273 3873 3439 3926 πάλαι
3469 3873 3923 3945 διαρπαζόμενοι,

2327 3966 2512 4027 πόλεις
2544 3981 2605 4016 τε
2639 3965 2734 4018 καὶ
2768 3962 2954 4026 οἴκους
2985 3963 3432 4036 διερευνώμενοι,
3476 3966 3835 4036 συνεκόμιζόν
3866 3983 3926 4020 τε

2324 4057 2394 4112 τά
2418 4055 2600 4120 λοιπὰ,
2639 4057 2734 4109 καὶ
2760 4059 2839 4120 είς
2875 4056 2976 4120 τὰς
3017 4056 3168 4124 σφῶν
3195 4057 3375 4110 αὐτῶν
3403 4059 3679 4128 ἀπέφερον
3707 4057 3921 4128 χώρας.

2325 4146 2436 4200 Καί
2487 4163 2540 4199 τι
2587 4146 2828 4200 τοιοῦτον
2874 4148 3009 4216 ἡμῖν
3064 4146 3321 4216 ὑποδηλοῖ
3379 4147 3552 4216 λέγων
3585 4149 3613 4201 6
3644 4147 3753 4200 τῶν
3782 4148 3925 4202 ὅλων

2325 4237 2456 4300 Θεὸς
2476 4237 2564 4291 διὰ
2591 4238 2773 4309 φωνῆς
2804 4239 3085 4308 προφήτου
3107 4255 3120 4270 ο
3159 4258 3176 4289 ι
3203 4237 3538 4308 Καλαμᾶσθε
3555 4278 3570 4299 .
3596 4239 3924 4309 καλαμᾶσθε

2325 4327 2400 4390 ὡς
2433 4327 2676 4398 ἄμπελον
2719 4327 2790 4381 τά
2833 4327 2996 4381 λοιπά
3029 4329 3124 4381 τοῦ
3163 4329 3380 4399 Ἰσραήλ
3401 4345 3418 4360 ο
3446 4329 3814 4400 ἐπιστρέψατε
3846 4329 3924 4392 ὼς

2325 4420 2353 4471 6
2378 4418 2593 4491 τρυγῶν
2622 4420 2716 4472 ἐπὶ
2745 4419 2837 4472 τὸν
2869 4419 3174 4491 κάρταλλον
3203 4418 3388 4474 αὑτοῦ.
3426 4437 3445 4471 ι
3470 4420 3589 4472 Ὀτι
3619 4420 3800 4474 τοίνυν
3822 4421 3927 4473 οὐκ

2327 4512 2554 4583 ἀρκέσει
2614 4513 2749 4582 μόνα
2797 4512 2989 4566 παθεῖν
3021 4513 3218 4576 αὐτοὺς
3259 4512 3327 4566 τὰ
3371 4513 3436 4564 ὲκ
3481 4512 3579 4581 τῆς
3627 4511 3924 4583 Ῥωμαίων

2327 4603 2619 4673 στρατιᾶς,
2653 4601 3084 4673 προστεθήσεται
3111 4601 3168 4658 δὲ
3207 4602 3300 4655 καὶ
3327 4601 3392 4653 τά
3423 4601 3486 4654 ὲκ
3511 4601 3605 4671 τῆς
3637 4599 3924 4670 ὠμότητος

2321 4693 2431 4747 τῶν
2465 4693 2683 4765 ὁμόρων
2714 4690 2947 4765 ἐχθρῶν,
2984 4691 3350 4766 προαγορεύει
3382 4690 3559 4758 λέγων
3582 4706 3595 4720 °
3633 4709 3651 4741 ι
3688 4691 3797 4742 Καὶ
3837 4689 3926 4759 βο-

2326 4783 2690 4856 σκηθήσονται
2719 4785 2769 4837 οἱ
2796 4784 3196 4857 διηρπασμένοι
3225 4785 3298 4845 ὼς
3319 4781 3531 4855 ταῦροι.
3557 4801 3574 4832 ι
3598 4783 3661 4835 Ol
3684 4782 3792 4855 γάρ
3815 4784 3924 4836 πά-

2323 4877 2432 4942 λαι,
2470 4879 2656 4947 φησὶν,
2679 4877 2887 4948 ἕτοιμοι
2937 4875 3328 4948 διηρπασμὲνοι
3363 4876 3454 4929 ὑπ’
3491 4874 3693 4938 αὐτῶν,
3722 4875 3813 4928 διά
3859 4875 3924 4927 τὸ

2325 4968 2624 5040 ἐπαμύνειν
2653 4967 2807 5033 Θεὸν,
2837 4967 3382 5038 κατανεμηθήσονται
3406 4966 3503 5038 τήν
3525 4965 3710 5036 χώραν
3732 4965 3920 5019 αὐτῶν

2322 5059 2397 5123 ὼς
2429 5059 2644 5132 ταῦροι,
2678 5059 2822 5111 τοῦτ’
2849 5057 2983 5123 ἔστι,
3016 5057 3176 5109 δεινοὶ
3204 5058 3299 5110 καὶ
3324 5055 3621 5127 ἀγέρωχοι,
3657 5057 3751 5109 καὶ
3773 5055 3923 5123 ἄμα-

2320 5165 2415 5220 χον
2443 5147 2659 5218 ἔχοντες
2706 5148 2807 5218 τὴν
2842 5147 3175 5202 ἀντίστασιν.
3223 5146 3334 5198 Καὶ
3379 5145 3478 5208 τὰς
3525 5147 3765 5215 ἐρήμους
3809 5146 3923 5198 τῶν

2321 5241 2763 5313 ἀπειλειμμένων
2807 5242 2972 5312 ἄρνες
3021 5238 3795 5309 φάγονται.⁹Απειλειμμένων
3839 5239 3920 5303 δὲ,

2328 5335 2482 5405 φησι,
2511 5334 2618 5388 τῶν
2664 5332 3153 5406 πολιορκηθέντων.
3185 5331 3296 5394 Τάς
3338 5330 3537 5395 τοίνυν,
3571 5331 3753 5400 φησὶν,
3789 5333 3924 5402 ὲρηο

2335 5426 2608 5497 μωθείσας
2645 5427 2828 5491 πόλεις
2859 5425 2968 5478 τῶν
3006 5422 3475 5494 πολιορκηθέντων
3518 5421 3679 5492 ἄρνες
3713 5421 3922 5491 βοσκη-

2332 5516 2625 5587 θήσονται,
2655 5517 2801 5571 τοῦτ’
2829 5516 2946 5570 ἔστι
2987 5515 3149 5571 πάλιν
3194 5515 3244 5568 οἱ
3296 5514 3356 5579 ἐξ
3399 5512 3832 5584 ὲθνῶν.Ἐπειδή
3862 5513 3922 5566 δὲ

2331 5609 2494 5662 πάλιν
2536 5608 2612 5673 ὡς
2661 5611 2790 5682 περὶ
2834 5609 3049 5682 ταύρων
3095 5610 3230 5681 ἡμῖν
3277 5607 3572 5678 πεποίηται
3601 5603 3696 5659 τὸν
3734 5604 3918 5670 λόγον,

719 5766 761 5798 ³⁸
794 5766 906 5824 Luc
943 5782 1015 5830 Vt.
1048 5767 1137 5823 9-4.
1212 5768 1256 5798 '°
1317 5765 1506 5822 Matth.
1533 5779 1561 5818 v
1589 5807 1601 5828 ,
1637 5766 1691 5821 5.
1766 5768 1805 5800 ⁹¹
1841 5767 2014 5824 Calai.
2049 5783 2120 5829 γι.
2153 5771 2203 5824 8.

2387 5767 2586 5826 .lereut.
2636 5783 2708 5828 vt.
2762 5769 2816 5824 9.
