4178 6556
387 465 494 524 157

1577 467 1645 524 IN
1683 436 1924 524 ts'Atan
1961 467 2092 525 us.
2126 466 2168 524 ι.
2206 466 2416 527 οιιΑτ.
2455 468 2546 525 1v.

388 579 671 652 μεμένηκε
711 581 778 653 τῇ
821 582 1042 654 τροπῇ,
1089 581 1186 637 καὶ
1234 584 1625 655 προστέθεικεν
1668 587 1875 660 ἄρνας,
1906 587 1991 641 ἴνα

2100 587 2217 640 nori
2251 584 2447 641 robore
2472 582 2708 656 pra:diti,
2743 599 2913 657 agnos
2935 582 3290 657 appellemus.
3316 580 3399 639 Ad
3433 580 3685 643 eumdem

384 675 519 738 τοὺς
546 676 648 745 μὲν
679 676 819 745 ἀγαν
847 675 1103 747 ἰσχυροὺς
1126 676 1340 748 νοῶμεν
1365 682 1445 744 εἰς
1478 680 1735 754 μόσχους.
1769 680 1911 743 Τοὺς
1930 678 1988 733 δὲ

389 767 472 842 μὴ
503 767 678 832 οὕτως
712 768 957 840 ἔχοντας,
991 770 1402 842 ύποϐεὗηκότας
1430 772 1486 828 δὲ
1516 774 1573 827 ὲν
1599 772 1745 845 ίσχύῖ
1773 771 1948 844 μείονι
1966 810 1982 836 ,

388 858 629 930 λέγομεν
659 858 852 932 ἄρνας.
872 860 1030 917 Οῦτω
1056 863 1122 939 δὴ
1156 865 1250 922 καὶ
1280 865 1380 938 τὴν
1416 865 1649 919 ἑκάστου
1681 864 1792 920 τῶν
1825 863 1991 937 ρᾳθυ-

390 950 645 1021 μούντων
689 952 920 1026 καρδίαν
962 955 1018 1009 αί
1067 956 1304 1030 πονηραὶ
1352 958 1449 1012 καὶ
1486 957 1789 1029 ἀκάθαρτοι
1822 974 1993 1029 νεμη-

389 1042 653 1112 θήσονται
694 1044 984 1113 δυνάμεις,
1018 1045 1095 1112 ὡς
1132 1047 1324 1120 μόσχοι
1358 1049 1452 1105 καὶ
1497 1049 1682 1120 ἄρνες.
1716 1047 1904 1121 Τροφὴ
1933 1049 1992 1105 δὲ

390 1132 591 1197 αὐταῖς
627 1133 688 1187 τὸ
715 1135 998 1208 φιλήδονον
1022 1179 1038 1205 ,
1087 1138 1181 1193 καὶ
1210 1137 1304 1195 νοῦ
1334 1138 1476 1212 ῥοπὴ
1505 1138 1794 1210 βλέποντος
1825 1142 1904 1200 εἰς
1932 1138 1995 1194 τδ

390 1226 506 1298 πλη
515 1227 744 1300 μμελές.

1035 1344 1257 1401 ΛΟΓΟΣ
1286 1346 1361 1400 Δ’.

470 1473 620 1528 Οὐαὶ
661 1473 1067 1546 ἐπισπώμενοι
1116 1479 1227 1545 τὰς
1271 1479 1565 1550 ἁμαρτίας
1608 1481 1691 1549 ὡς
1741 1481 1994 1554 σχοινίῳ

381 1563 602 1638 μακρῷ
622 1566 721 1619 καὶ
749 1568 829 1634 ὠς
844 1567 1027 1637 ζυγοῦ
1048 1569 1245 1639 ίμάντι
1271 1570 1580 1642 δαμάλεως
1595 1573 1702 1641 τὰς
1716 1574 1990 1644 ἀνομίας,

389 1659 450 1710 οι
490 1656 809 1727 ,λέγον-τες⁸
860 1662 927 1713 Τὸ
970 1659 1151 1730 τάχος
1176 1661 1471 1732 ἐγμσάτω
1510 1662 1550 1718 d
1574 1665 1857 1735 ποιήσει,
1893 1666 1995 1720 ἵνα

391 1748 636 1819 ἴδωμεν,
667 1751 763 1803 καί
793 1751 1013 1806 ἐλθέτω
1046 1754 1085 1822 ἠ
1110 1754 1318 1823 ,βουλὴ
1350 1755 1457 1811 τοῦ
1495 1757 1671 1828 ἁγίου
1722 1757 1991 1829 Ἰσραὴλ,

392 1842 502 1896 ἵνα
528 1842 779 1913 γνῶμεν.

2090 692 2307 750 quoque
2337 675 2558 733 modum
2604 675 2797 731 inertis
2825 676 3090 747 cujusque
3130 682 3184 731 et
3222 673 3403 746 supini
3445 672 3687 729 hominis

2090 786 2206 833 cor,
2238 772 2418 841 prava:
2443 776 2499 824 et
2532 767 2757 836 impura
2789 775 3087 837 potestates
3118 765 3263 821 velut
3288 766 3453 821 boves
3482 773 3531 820 et
3558 763 3685 835 agni

2091 857 2522 921 devorabuntur,
2548 855 2765 925 illisque
2792 854 2990 910 cedent
3041 855 3093 910 in
3125 854 3305 910 cibum
3331 853 3680 925 voluptuarii,

2091 958 2149 1005 et
2188 948 2281 1018 qui
2330 946 2547 1004 animos
2602 953 2769 1019 atque
2819 944 3011 1002 oculos
3065 952 3391 1003 convertunt
3438 944 3507 1000 ad
3553 956 3686 1014 pec-

2094 1038 2348 1096 randum.

2624 1347 2736 1420 92
2774 1345 3036 1404 ORATIO
3074 1344 3163 1401 tv.

2165 1485 2298 1542 Car.
2345 1484 2413 1540 ν.
2460 1482 2629 1540 Vens.
2663 1485 2753 1549 18,
2805 1484 2890 1540 l9.
2957 1482 3050 1539 νω
3092 1483 3427 1537 trahentium
3471 1490 3687 1547 peccata

2096 1586 2350 1645 tanquam
2377 1575 2622 1646 funiculo
2654 1575 2835 1644 longo,
2860 1585 2908 1629 et
2935 1583 3183 1638 tanquam
3207 1571 3326 1643 jngi
3355 1571 3472 1625 loro
3489 1571 3685 1642 juven-

2095 1683 2171 1721 σιτ
2200 1667 2532 1736 iniquitates,
2583 1666 2880 1720 dicentibus
2909 1678 2929 1718 :
2962 1663 3077 1719 Cito
3120 1663 3535 1734 npptopinquent
3570 1678 3688 1731 qua:

2095 1758 2276 1825 faciet,
2297 1769 2349 1811 ut
2375 1757 2664 1820 videamus,
2682 1767 2729 1811 et
2753 1757 2924 1812 veniat
2949 1756 3229 1810 consilium
3250 1755 3423 1810 sancti
3441 1752 3686 1818 Israelis,

2098 1860 2151 1903 ut
2177 1851 2431 1903 sciamus.

478 1958 539 2013 Ὀ
585 1957 685 2031 μὲν
730 1959 840 2014 τῶν
871 1960 1009 2016 ὅλων
1038 1960 1373 2036 δημιουργὸς
1403 1963 1498 2020 καὶ
1522 1963 1748 2036 Κύριος,
1789 1964 1990 2036 ἡμερό-

2166 1960 2551 2018 liniversitatis
2578 1960 2758 2029 opifex
2796 1969 2849 2016 et
2887 1958 3172 2024 Dominus,
3199 1959 3451 2012 humanae
3479 1966 3688 2012 natura:

390 2068 521 2123 τητι
569 2050 737 2106 νικῶν
785 2056 886 2129 τῆς
931 2055 1224 2131 ἀνθρώπου
1275 2059 1491 2128 φύσεως
1536 2058 1637 2130 τὴν
1683 2056 1990 2123 ἀσθένειαν,

392 2142 723 2215 προσελάλει
755 2146 868 2208 τοῖς
906 2146 1285 2221 ἀρχαιοτέροις
1313 2149 1404 2207 διὰ
1431 2149 1541 2204 τῶν
1574 2149 1747 2219 ἁγίων
1773 2165 1992 2220 προφη-

389 2234 528 2298 τῶν,
553 2236 625 2289 τά
670 2235 738 2289 δι’
778 2229 854 2291 ὧν
882 2231 952 2311 ἦν
985 2238 1134 2305 εἰκὸς
1177 2242 1568 2314 μεταχωρήσαι
1606 2242 1743 2313 πρὸς
1770 2242 1841 2296 τὰ
1874 2240 1995 2312 βελ-

387 2325 518 2392 τίω,
548 2327 617 2382 τὰ
646 2328 816 2398 χείρω
861 2329 1148 2401 μεθέντας,
1177 2330 1275 2387 καὶ
1314 2332 1650 2404 φαυλότητος
1684 2333 1786 2405 μὲν
1829 2350 1995 2389 κατα-

389 2415 555 2488 λῆξαι
589 2419 685 2472 καὶ
718 2420 1018 2493 ἁμαρτίας,
1054 2422 1340 2478 διαϐιῶναι
1369 2424 1425 2478 δὲ
1463 2425 1662 2496 μᾶλλον
1703 2428 1761 2480 ἐν
1798 2426 1991 2498 ἀρετῇ.

390 2510 490 2567 καὶ
518 2510 820 2581 κατορθοῦν
849 2512 1068 2569 ἑλέσθαι
1113 2514 1176 2568 τὸ
1223 2516 1451 2585 ἀγαθόν.
1486 2516 1704 2588 Ταύτης
1737 2534 1797 2570 τε
1828 2516 1994 2573 ἕνεκα

390 2600 491 2669 τῆς
541 2598 745 2668 αίτίας,
775 2601 906 2655 ποτὲ
962 2603 1063 2675 μὲν
1110 2604 1297 2669 αὐτοῖς
1346 2605 1631 2677 παρετίθει
1660 2605 1729 2660 τὰ
1757 2605 1895 2677 γέρα
1924 2605 1995 2660 τά

390 2692 510 2755 τοῖς
540 2691 718 2759 ἁγίοις
738 2693 1157 2765 ηὐτρεπισμένα
1173 2710 1187 2724 ·
1211 2697 1342 2749 ποτὲ
1360 2695 1417 2750 δὲ
1444 2697 1572 2760 τοὺς
1590 2695 1692 2765 τῆς
1715 2696 1994 2760 κολάσεως

390 2783 666 2852 ἀφηγεῖτο
691 2784 949 2855 τρόπους,
978 2788 1105 2851 τοὺς
1136 2790 1251 2853 τοῖς
1282 2788 1737 2861 φιλαμαρτήμοσι
1756 2789 1994 2857 πρέπον-

2097 2054 2468 2111 inﬁrmitatem
2504 2053 2726 2107 vincens
2756 2050 3065 2113 clementia,
3089 2064 3185 2119 per
3209 2058 3428 2103 sanctos
3452 2047 3685 2117 prophe-

2096 2157 2179 2205 tas
2214 2147 2411 2202 aliatus
2454 2155 2537 2201 est
2588 2146 2856 2216 majores,
2904 2145 3045 2197 unde
3096 2157 3193 2197 eos
3240 2142 3307 2195 ad
3355 2141 3585 2195 meliora
3625 2153 3688 2194 se
3792 2184 3805 2195 η

2100 2237 2373 2307 recipere,
2402 2235 2674 2291 deteriora
2710 2233 3040 2303 relinquere,
3069 2248 3099 2286 a
3122 2231 3269 2286 vitiis
3296 2246 3361 2286 ac
3385 2229 3686 2287 sceleribus

2095 2330 2384 2396 desistere,
2425 2342 2490 2384 ac
2522 2328 2575 2382 in
2612 2326 2816 2382 virtute
2850 2323 3029 2396 potius
3065 2324 3416 2388 reviviscere,
3447 2337 3511 2378 ac
3535 2321 3684 2393 quod

2094 2420 2295 2477 bonum
2334 2428 2417 2476 est
2444 2418 2734 2490 diligenter
2764 2415 3042 2488 persequi,
3076 2423 3198 2469 erat
3229 2422 3684 2469 consentaneum.

2095 2513 2336 2585 Eamque
2366 2513 2436 2569 ob
2466 2527 2581 2567 rem
2614 2511 2720 2567 illis
2753 2525 2898 2566 nunc
2933 2508 3155 2582 praemia
3188 2506 3395 2562 sanctis
3418 2503 3684 2560 destinata

2095 2604 2378 2677 proponit,
2431 2618 2575 2659 nunc
2623 2601 3015 2673 suppliciorum
3059 2614 3262 2673 genera
3303 2598 3687 2669 peccatoribus

2094 2694 2256 2764 digna
2281 2693 2529 2764 exponit,
2562 2702 2621 2747 ut
2644 2692 2902 2749 omnibus
2926 2691 3104 2748 modis
3132 2690 3198 2745 ad
3223 2688 3275 2744 id
3301 2690 3446 2760 quod
3468 2687 3687 2758 expedit

2095 2787 2379 2857 perducat.
2417 2784 2528 2841 Sed
2576 2795 2689 2839 tum
2722 2783 2903 2839 nullus
2936 2792 3057 2839 erat
3095 2784 3292 2837 modus
3328 2791 3420 2834 aut
3450 2781 3536 2835 via
3565 2795 3687 2851 qua:

2092 2878 2402 2934 Jutlaeorum
2457 2878 2685 2950 ignavia:
2738 2875 3075 2947 depellenda:
3121 2876 3257 2931 satis
3310 2889 3434 2931 esse
3486 2873 3682 2946 ponit.

2094 2969 2232 3025 Nam
2270 2971 2322 3024 in
2367 2968 2652 3024 avaritiam
2686 2978 2741 3023 et
2772 2966 3048 3022 libidinem
3089 2965 3348 3038 prolapsi,
3392 2974 3448 3020 et
3490 2965 3686 3021 morbo

2098 3062 2459 3120 contumacia:
2488 3063 2540 3115 in
2563 3060 2731 3115 Deum
2754 3068 2999 3114 extreme
3028 3056 3359 3125 laborantes,
3386 3058 3439 3112 in
3464 3067 3686 3113 sanctos

391 2892 517 2943 τας,
560 2878 646 2930 ενα
700 2878 1039 2951 πανταχόθεν
1088 2881 1359 2953 συνελάσῃ
1412 2882 1550 2953 πρὸς
1608 2883 1670 2936 τὸ
1722 2880 2007 2953 ὼφελοῦν.’

406 2968 554 3023 Ἀλλ’
580 2968 753 3033 οὐδεὶς
798 2966 867 3042 ἦν
916 2972 1117 3046 τρόπος
1168 2976 1198 3028 6
1243 2974 1344 3042 τὰς
1392 2974 1664 3032 Ἰουδαίων
1716 2975 1992 3046 semita;

391 3058 725 3115 ἀπώσασθαι
767 3060 1556 3133 δυνάμενος.’Δπονενευκότες
1587 3067 1697 3138 γὰρ
1728 3068 1808 3130 είς
1837 3065 1990 3134 φιλο-

392 3151 619 3226 κερδίαν
653 3154 744 3206 καὶ
783 3154 1016 3224 τρυφὰς,
1052 3155 1146 3209 καὶ
1174 3157 1275 3228 τὴν
1303 3158 1541 3230 ἐσχάτην
1566 3159 1671 3231 ἤδη
1708 3156 1991 3224 νοσοῦντες

2096 3158 2391 3229 prophetas
2433 3153 2676 3229 graviter
2717 3151 2978 3207 concitati
3026 3159 3193 3219 sunt;
3244 3159 3298 3205 et
3340 3149 3432 3205 alii
3466 3150 3685 3221 quidem

390 3244 659 3298 ἀπόνοιαν
681 3245 823 3300 κατά
842 3246 977 3300 Θεοῦ
999 3281 1014 3306 ,
1034 3250 1148 3312 τοῖς
1167 3248 1341 3320 ἁγίοις
1362 3252 1669 3325 προφήταις
1687 3251 1991 3321 ἐπεφύοντο

2101 3249 2260 3304 dictis
2309 3262 2500 3302 eorum
2548 3244 2709 3301 tidem
2765 3258 2875 3299 non
2927 3242 3190 3299 habentes
3237 3242 3466 3299 dicere:
3508 3258 3528 3292 ι
3567 3239 3685 3295 Alia

390 3335 582 3393 δεινοί.
614 3336 725 3395 Καὶ
753 3337 803 3390 οἱ
831 3337 931 3410 μὲν
963 3318 1320 3409 ἀπιστοῦντες
1346 3318 1626 3410 παντελῶς
1651 3346 1764 3409 τοῖς
1794 3318 1862 3398 δι’
1886 3346 1984 3399 αὑ-

2095 3341 2252 3396 sobis
2282 3338 2585 3407 loquimini,
2612 3346 2668 3392 et
2700 3335 3023 3392 attnuntiate
3059 3334 3223 3389 alium
3256 3347 3499 3389 errorem
3527 3332 3615 3399 ";
3658 3349 3680 3386 ι

390 3427 507 3487 τῶν
552 3427 866 3501 λεγομένοις
908 3430 1174 3500 ἔφασκονσ
1201 3453 1219 3486 ι
1250 3434 1423 3489 Ἀλλα
1460 3437 1592 3506 ἡμῖν
1625 3435 1859 3502 λαλεῖτε,
1894 3438 1991 3491 καὶ

392 3515 760 3584 ἀναγγέλλετε
795 3518 984 3591 ἑτέραν
1012 3520 1281 3591 πλάνησιν
1304 3539 1318 3554 ο
1352 3542 1372 3574 ι
1407 3525 1457 3577 oi
1489 3524 1545 3578 δὲ
1578 3527 1863 3598 μονονουχὶ
1892 3528 1990 3582 καὶ

394 3607 825 3680 καταιτιώμενοι
859 3610 921 3666 τδ
947 3611 1049 3683 τῆς
1086 3610 1238 3677 θείας
1292 3613 1509 3684 φύσεως
1537 3616 1859 3682 ἀνεξίκακον
1898 3618 1993 3673 άλ-

393 3689 581 3760 λήλοις
621 3692 765 3747 κατὰ
797 3694 857 3749 τὸ
900 3695 1048 3761 εἰκὸς
1077 3698 1489 3769 προσγελῶντες
1514 3702 1756 3773 ἔφασκον
1785 3721 1798 3735 ·
1829 3703 1991 3759 Ἀλλά

401 3784 622 3858 μακρὰν
646 3787 702 3840 ai
731 3788 961 3859 ἡμέραι,
986 3789 1235 3845 ἀπόλωλε
1268 3794 1419 3847 πᾶσα
1449 3795 1661 3866 ὅρασις.
1705 3797 1817 3850 Καὶ
1858 3797 1992 3867 γοῦν

396 3874 505 3946 ἔφη
539 3893 643 3929 που
687 3877 819 3943 Θεὸς
865 3880 1003 3953 πρὸς
1049 3882 1142 3936 τὸν
1191 3885 1463 3956 μακάριον
1504 3884 1763 3959 ἰεζεχιήλ
1787 3904 1803 3920 ·
1843 3906 1862 3941 t
1893 3888 1991 3943 Υἱὲ

393 3966 711 4039 ἀνθρώπου,
750 3969 859 4027 ἰδοὺ
899 3974 928 4026 6
970 3967 1121 4038 οἶκος
1170 3973 1384 4047 Ἰσραὴλ
1428 3978 1457 4031 ό
1504 3977 1993 4051 παραπικραίνων,

396 4060 649 4129 λέγοντες
688 4060 958 4131 λέγουσιν·
995 4066 1061 4120 'H
1091 4068 1283 4140 ὅρασις
1316 4070 1384 4143 ῆν
1412 4062 1567 4135 οὗτος
1596 4074 1718 4148 ὁρᾷ,
1750 4073 1831 4138 είς
1856 4073 1993 4148 ἠμέ-

399 4173 502 4233 ρας
552 4155 773 4222 πολλάς.
807 4160 904 4216 καὶ
932 4160 1012 4224 είς
1044 4164 1272 4235 καιροὺς
1307 4167 1554 4236 μακροὺς
1589 4160 1745 4231 οὗτος
1778 4185 1994 4241 προφη-

392 4247 568 4304 τεύει.
601 4249 701 4304 Διά
748 4250 911 4307 τοῦτο
957 4253 1112 4307 εἰπὸν
1150 4255 1369 4320 αὐτοῖς·
1400 4257 1539 4313 Τάδε
1569 4257 1719 4327 λέγει
1762 4260 1994 4315 ’Δδωναῒ

395 4338 629 4413 Κύριος·
667 4343 742 4397 Ού
795 4344 871 4415 μὴ
908 4346 1196 4417 μηκύνωσι
1226 4348 1430 4413 πάντες
1473 4351 1521 4403 οἱ
1553 4349 1702 4416 λόγοι
1734 4369 1859 4423 μου,
1897 4351 1992 4418 οὓς

396 4432 467 4490 ἄν
515 4432 769 4505 λαλήσω·
805 4434 889 4487 ὅτι
932 4433 1154 4507 λαλήσω
1201 4437 1381 4506 λόγον,
1416 4439 1512 4495 καὶ
1560 4440 1794 4512 ποιήσω,
1845 4440 1994 4511 λέγει

409 4523 637 4577 Ἀδωναῖ
681 4524 907 4596 Κύριος.
935 4544 954 4577 ι
982 4526 1204 4599 Ἔτεροι
1256 4528 1315 4581 δὲ
1369 4528 1533 4583 πάλιν
1569 4532 1853 4605 μονονουχὶ
1900 4529 1997 4585 καὶ

2052 3436 2053 3439 “
2099 3433 2190 3490 alii
2228 3447 2375 3500 vero,
2414 3440 2623 3486 natura:
2650 3429 2848 3485 divinae
2889 3425 3207 3499 patientiam
3249 3439 3418 3497 prope
3456 3422 3685 3479 dixerim

2092 3532 2436 3585 accusantes,
2470 3522 2611 3575 inter
2637 3534 2718 3585 se,
2752 3527 2813 3572 ut
2842 3524 3088 3588 apparet,
3122 3514 3268 3586 loqui
3300 3529 3368 3570 ac
3393 3514 3685 3571 deridere:

2092 3613 2290 3670 Procul
2338 3613 2496 3668 abest
2536 3611 2679 3678 dies,
2726 3608 2887 3679 periit
2931 3608 3110 3663 omnis
3152 3606 3310 3663 visio.
3360 3605 3568 3663 Idcirco
3608 3608 3686 3661 ait

2093 3705 2237 3765 Deus
2275 3705 2343 3760 ad
2388 3705 2605 3761 beatum
2648 3700 3031 3757 Ezechielem:
3070 3718 3089 3753 ι
3124 3698 3227 3754 Fili
3258 3698 3521 3767 hominis,
3557 3712 3689 3755 ecce

2094 3802 2287 3855 domus
2314 3798 2475 3855 Israel
2502 3810 2856 3867 exasperans,
2888 3809 3105 3864 semper
3132 3793 3265 3849 dicit
3290 3812 3305 3848 :
3333 3791 3486 3849 Visio
3521 3807 3687 3864 quam

2095 3893 2185 3948 hic
2217 3891 2383 3957 videt,
2416 3900 2502 3946 est
2531 3889 2585 3945 in
2632 3889 2830 3944 multos
2867 3888 3006 3953 dies,
3036 3898 3091 3944 et
3136 3888 3189 3942 in
3222 3887 3515 3957 longinqua
3548 3896 3687 3941 tem-

2094 4000 2223 4057 pora
2265 3984 2355 4040 hic
2401 3982 2750 4039 vaticinatur.
2797 3979 3090 4048 Propterea
3136 3978 3225 4035 die
3255 3979 3363 4035 illis
3398 4000 3409 4035 :
3440 3977 3566 4033 ιιωο
3610 3978 3688 4032 ait

2095 4078 2305 4133 Adonai
2330 4076 2586 4135 Dominus
2607 4090 2623 4128 :
2647 4072 2765 4128 Non
2787 4072 3175 4145 protrahentur
3194 4086 3387 4127 omnes
3408 4082 3689 4125 sermones

2105 4170 2210 4226 mei
2246 4185 2383 4241 quos
2419 4169 2629 4241 loquar,
2659 4167 2785 4241 quia
2821 4166 3009 4237 loquar
3038 4179 3352 4222 sermonem
3377 4172 3435 4219 et
3458 4160 3706 4225 faciam,

2094 4266 2228 4321 dicit
2254 4264 2464 4320 Adonai
2499 4262 2758 4318 Dominus
2777 4262 2843 4316 “.
2879 4278 2899 4315 ι
2935 4259 3173 4318 Rursum
3205 4259 3298 4315 alii
3334 4268 3542 4314 tantum
3578 4271 3686 4313 non

2098 4353 2164 4409 de
2195 4369 2293 4408 sua
2338 4353 2579 4422 ipsorum
2620 4351 2795 4407 salute
2824 4360 2879 4406 et
2909 4352 3017 4406 vita
3050 4350 3429 4420 desperantes,
3462 4350 3533 4403 ita
3563 4348 3684 4402 ani-

2098 4445 2233 4499 mosi
2269 4454 2326 4500 et
2371 4446 2605 4501 audaces
2648 4443 2780 4503 facti
2825 4452 2971 4508 sunt,
3016 4442 3110 4514 qui
3157 4442 3323 4497 etiam
3375 4441 3686 4496 dixerunt:

2098 4534 2291 4592 Veniat
2313 4536 2423 4593 cito
2442 4538 2568 4593 belli
2595 4548 2808 4607 tempus
2833 4575 2850 4603 ,
2886 4552 2994 4591 non
3023 4535 3298 4590 invenient
3320 4550 3419 4589 nos
3443 4533 3689 4589 imbelles

392 4613 781 4691 ἀπεγνωκότες
810 4617 911 4686 τῆς
943 4615 1155 4669 ἑαυτῶν
1205 4616 1482 4690 σωτηρίας
1515 4619 1611 4673 καὶ
1660 4617 1825 4690 ζωῆς,
1859 4633 1991 4672 κατ-

2099 4640 2155 4686 et
2187 4630 2254 4684 ad
2288 4633 2539 4701 quemvis
2571 4628 2856 4700 strepitum
2890 4628 3223 4699 pavitantes,
3250 4627 3340 4696 qui
3371 4626 3684 4681 vastitatem

392 4689 758 4779 εθρασύνοντο
781 4708 881 4780 τῆς
904 4708 1077 4780 ὀργῆς
1096 4748 1111 4774 ,
1138 4710 1233 4763 καὶ
1257 4708 1325 4782 δὴ
1349 4710 1445 4765 καὶ⁵
1470 4710 1709 4784 ἔφασκον
1728 4727 1742 4741 ’
1765 4689 1991 4769 νἮκέτω

2100 4689 2487 4777 illaturi-sunt.
2528 4689 2727 4775 Sumus
2758 4728 2812 4772 et
2856 4689 2955 4773 nos
2998 4689 3232 4773 bellandi
3267 4689 3375 4772 non
3420 4715 3685 4787 imperiti,

391 4801 475 4877 τδη
493 4800 658 4871 τάχος
684 4803 713 4855 ό
734 4801 833 4878 τοῦ
868 4802 1107 4873 πολέμου
1136 4802 1350 4875 καιρὸς,
1379 4803 1481 4858 οὐκ
1511 4803 1808 4875 ἀνάνδρους
1842 4804 1993 4878 ἡμᾶς

393 4894 429 4963 ἣ
457 4893 742 4971 ψοφοδεεῖς
771 4894 932 4959 ὄντας
959 4895 1287 4966 εὑρήσουσιν
1301 4897 1350 4949 oi
1367 4896 1675 4969 καταδηοῦν
1691 4896 1988 4959 ἐθέλοντες.

407 4986 809 5057 Ἐμπειροπόλε
817 5003 910 5059 μοι
928 4988 1024 5040 καὶ
1040 4989 1220 5059 ἡμεῖς,
1240 4988 1333 5043 καὶ
1350 4983 1409 5043 εὖ
1429 4988 1631 5053 εἰδότες
1647 4988 1715 5043 τὰ
1729 4989 1989 5043 τακτικά.

394 5078 543 5144 Τοὺς
589 5077 767 5160 ταῦτα
812 5080 1229 5150 πεφροντικότας
1274 5080 1555 5148 ταλανίζει
1598 5084 1844 5150 δικαίως,
1898 5085 1992 5139 καί

394 5187 587 5240 φησιν·
611 5191 629 5221 ι
657 5171 793 5227 Οὐαὶ
808 5172 857 5225 oi
875 5171 1256 5242 ἐπισπώμενοι
1273 5175 1371 5237 τὰς
1388 5175 1660 5247 ἁμαρτίας
1676 5176 1751 5242 ὡς
1769 5178 1990 5248 σχοινίῳ

395 5261 617 5336 μακρῷ.
641 5263 736 5315 καὶ
751 5262 828 5332 ᾡς
857 5262 1025 5333 ζυγοῦ
1053 5266 1242 5337 ἱμάντι
1264 5266 1551 5337 δαμάλεως
1575 5268 1675 5333 τὰς
1698 5271 1983 5342 ἀνομίας.»

406 5356 717 5427 Ἀμαρτίας
746 5355 804 5409 δὲ
831 5358 924 5411 καὶ
956 5358 1190 5431 ἀνομίας
1218 5360 1277 5413 ὲν
1304 5359 1515 5426 τούτοις
1546 5361 1681 5432 φησὶ
1710 5362 1808 5427 τὰς
1846 5363 1988 5435 ὺπέρ

392 5462 462 5516 γε
494 5446 604 5513 τῶ,ν
633 5445 921 5518 ἁμαρτιῶν
963 5448 1239 5520 τιμωρίας
1286 5450 1407 5520 ἦτοι
1444 5448 1725 5517 κολάσεις,
1760 5452 1982 5522 μακρὰν

398 5538 505 5611 μὲν
525 5538 690 5603 οῦσας
719 5537 822 5602 ἔτι,
856 5540 953 5594 καὶ
970 5538 1125 5596 οῦπω
1158 5541 1409 5614 πλησίον,
1436 5542 1529 5597 διά
1546 5561 1631 5598 τοι
1648 5543 1710 5599 τὸ
1728 5523 1986 5611 ἀνεξικα-

394 5631 518 5689 κείν
564 5628 647 5683 ἔτι
688 5630 976 5701 βούλεσθαι
1011 5632 1104 5687 τὸν
1143 5633 1311 5700 Θεὸν,
1346 5634 1644 5705 ἑλκομένας
1687 5636 1745 5691 δὲ
1786 5638 1990 5710 τρόπον

395 5721 522 5777 τινὰ
546 5722 679 5794 παρ’
704 5724 901 5791 αὐτῶν,
927 5726 1013 5780 διὰ
1043 5728 1137 5781 τοῦ
1174 5727 1460 5799 βούλεσθαι
1494 5730 1586 5784 καὶ
1614 5733 1725 5796 τοῖς
1751 5733 1814 5786 ἐκ
1840 5732 1991 5798 θείας

472 5878 519 5914 ⁸⁸
556 5881 661 5941 15a.
701 5897 830 5950 us,
892 5884 976 5940 i0.
1048 5885 1311 5946 “Ezech.
1339 5901 1435 5954 xtl,
1485 5887 1688 5954 27,28.

2095 4824 2151 4869 et
2182 4814 2257 4868 rei
2300 4813 2552 4867 militaris
2594 4828 2700 4867 non
2742 4812 2939 4883 ignari.
2987 4810 3095 4865 Hos
3127 4825 3261 4881 ergo
3290 4809 3356 4863 ad
3394 4808 3540 4864 hunc
3570 4826 3690 4864 mo-

2096 4909 2221 4959 dum
2253 4904 2477 4960 all'ectos
2511 4905 2704 4960 merito
2728 4904 2894 4975 luget,
2924 4914 2977 4959 et
3012 4905 3223 4974 inquit:
3258 4902 3368 4976 93
3399 4922 3417 4957 ι
3447 4902 3539 4960 Vae
3572 4912 3683 4961 tra-

2097 4998 2352 5053 hentibus
2379 5008 2600 5068 peccata
2627 4997 2771 5053 velut
2794 4996 3035 5052 funicqu
3062 4997 3238 5065 longo,
3258 5005 3313 5051 et
3334 4996 3488 5066 quasi
3516 4996 3687 5066 jugali

2094 5091 2211 5147 loro
2229 5091 2498 5162 iuvencae,
2530 5093 2903 5164 iniquitates.»
2928 5090 3154 5147 Peccata
3182 5102 3235 5147 et
3259 5089 3579 5161 iniquitates
3599 5087 3688 5143 hic

2099 5183 2232 5239 dicit
2266 5185 2529 5256 supplicia
2562 5196 2618 5241 et
2651 5199 2841 5255 positas
2876 5199 2977 5256 pro
3010 5185 3248 5253 peccatis
3286 5204 3298 5238 :
3330 5179 3520 5253 procul
3556 5193 3689 5235 vero

2096 5278 2294 5333 abesse
2326 5278 2504 5332 adhuc
2541 5286 2595 5332 et
2638 5278 2877 5332 nondum
2911 5290 3099 5347 prOpe,
3139 5274 3280 5345 quod
3322 5274 3464 5328 Deus
3504 5270 3685 5326 adhuc

2098 5368 2210 5440 pati
2259 5368 2430 5435 velit;
2488 5369 2630 5424 trahi
2676 5378 2860 5425 autem
2911 5364 3312 5438 quodammodo
3356 5364 3423 5419 ab
3459 5361 3587 5425 illis,
3615 5375 3686 5417 eo

2097 5459 2243 5531 quod
2277 5459 2475 5515 divina:
2507 5459 2601 5516 ira:
2623 5460 2979 5516 acrimoniam
3007 5468 3063 5514 et
3087 5456 3439 5526 asperitatem
3467 5451 3680 5508 sensuri

2094 5551 2227 5609 sint.
2270 5550 2477 5620 Quibus
2506 5565 2605 5624 ego
2647 5551 2876 5623 singulis
2920 5551 3050 5607 illud
3093 5543 3584 5619 congruentissima
3625 5551 3683 5597 et

2098 5660 2227 5701 vere
2258 5644 2363 5702 dici
2412 5660 2570 5716 posse
2612 5645 2851 5703 arbitror
2886 5662 2901 5699 :
2940 5663 2958 5696 ι
2995 5641 3133 5699 Num
3170 5638 3385 5697 divitias
3418 5634 3680 5693 bonitatis

2099 5736 2216 5809 ejus
2256 5746 2310 5794 ct
2340 5737 2639 5796 tolerantiae
2670 5748 2722 5795 et
2762 5737 3004 5796 lenitatis
3046 5729 3406 5792 contemnis?
3448 5725 3678 5799 Ignoras
