4178 6502
315 409 412 465 161
1463 391 1526 448 IN
1567 389 1800 446 lSAlAM
1842 386 1972 444 [ΛΒ.
2014 391 2056 444 l.
2099 388 2308 445 ORAT.
2349 387 2440 445 iV.
3279 424 3282 428 -
3467 380 3573 438 {62

307 531 516 584 εἴλοντο
549 523 750 596 μᾶλλον
781 519 936 575 αὐτοὶ
962 517 1060 583 τὰς
1085 516 1151 570 ὲκ
1181 512 1273 569 τοῦ
1298 513 1619 579 κολάζεσθαι
1644 509 1889 582 πικρίας,

2023 517 2164 563 atem
2209 509 2520 577 elegerunt,
2555 514 2612 561 et
2655 505 2738 561 bis
2781 501 3117 574 gravissimis
3152 497 3366 570 quidem
3415 499 3573 553 malis

307 623 407 676 καὶ
436 591 561 681 τοῖς-
583 614 726 669 οὕτω
758 613 951 677 δεινοῖς
984 605 1346 680 ὲκτρύχεσθαι
1385 606 1595 668 κακοῖς.
1630 600 1902 656 Πεπονϐἐ-

2020 599 2242 654 livexari
2276 598 2601 654 maluerunt.
2649 598 2815 665 quue
2843 602 3129 665 propterea
3169 591 3277 646 illis
3311 592 3581 645 accidisse

307 731 399 766 ναι
431 710 488 762 δὲ
516 707 674 760 τοῦτό
701 719 864 775 φησιν
895 700 1114 764 αὐτοὺς,
1144 700 1226 752 ὅτι
1257 696 1542 765 γεγόνασιν
1588 697 1646 746 ὲν
1692 691 1904 754 ἑαυτοῖς

2020 693 2098 754 ιῑι,
2131 691 2275 761 quod
2317 691 2456 760 apud
2494 689 2702 759 seipsos
2751 687 3045 758 sapientes,
3080 692 3136 740 et
3168 685 3221 739 in
3253 683 3432 740 oculis
3465 683 3576 738 suis

310 800 546 866 συνετοὶ,
603 798 698 852 καὶ
745 794 975 848 ἐνώπιον
1026 790 1236 846 ἑαυτῶν
1283 782 1904 858 ὲπιστήμονες.Ἀληθὲς

2020 785 2295 838 trudentes
2325 784 2654 836 viderentur.
2679 780 2828 848 Quod
2857 777 3075 848 quidem
3101 791 3288 831 verum
3316 786 3419 841 est,
3450 776 3580 844 quia

311 896 396 948 δτι
420 891 563 946 κατὰ
577 891 672 960 τὴν
693 888 784 942 τοῦ
803 881 1210 955 Παροιμιαστοῦ
1232 881 1436 952 φωνὴν,
1457 899 1474 932 ι
1499 876 1911 946 Ἀνεξέλεγκτος

2027 885 2151 927 uxta
2182 871 2552 927 Paroemiastaa
2579 885 2766 926 vocem
2791 870 2844 901 ⁹⁶
2873 886 2886 922 :
2929 885 2946 920 ι
2978 867 3256 938 Sapientia
3287 866 3580 937 reprelien-

313 986 480 1055 σοφία
503 959 793 1037 πλανᾶται.
823 999 840 1032 ι
863 978 1122 1050 Φορτικὸν
1142 977 1200 1030 δὲ
1225 975 1317 1028 καὶ
1340 973 1630 1042 ἐπιζήμιον
1659 969 1721 1024 τὸ
1750 985 1904 1040 περι-

2020 968 2172 1023 sionis
2203 967 2514 1037 impatiens,
2532 972 2698 1019 errat.
2730 981 2749 1014 ι
2771 961 2839 1016 Et
2863 960 2963 1016 sibi
2997 959 3277 1028 [tradidere
3302 959 3498 1020 solere,
3524 965 3584 1012 et

310 1047 634 1142 αυτίζεσθαι
667 1074 842 1144 φιλεῖν
875 1047 990 1135 τοίς
1022 1068 1181 1123 τοῦτο
1218 1069 1353 1138 δρᾷν
1379 1064 1594 1119 εἰωθόσι
1615 1105 1630 1128 ,
1654 1063 1747 1116 καὶ
1773 1063 1905 1116 ἀπο-

2020 1071 2068 1109 :x
2099 1071 2198 1110 suo
2238 1055 2464 1108 arbitrio
2499 1053 2814 1123 jndicioque
2857 1050 2996 1113 solo,
3022 1048 3151 1118 quid
3197 1047 3330 1102 utiie
3355 1048 3585 1114 cognitu

311 1171 516 1224 διδόναι
545 1167 684 1240 μόνῃ
707 1168 774 1237 τῇ
814 1163 922 1235 ίδίᾳ
949 1161 1145 1233 γνώμῃ
1173 1160 1232 1214 τὸ
1260 1160 1438 1213 δοκεῖν
1459 1158 1657 1212 ειδέναι
1679 1155 1737 1210 τδ
1760 1155 1906 1225 ὠφε-

312 1261 464 1315 λοῦν.
496 1257 650 1313 Οὕτω
682 1257 775 1310 καὶ
808 1254 1047 1327 Γρὰμμα
1079 1252 1238 1322 φησὶν
1275 1250 1418 1319 ίερόν
1442 1265 1456 1280 ·
1502 1245 1562 1302 '0
1588 1249 1645 1301 δὲ
1691 1245 1905 1301 κατοιό-

318 1369 485 1423 μενος
513 1351 605 1404 καὶ
642 1345 1061 1418 καταφρονητὴς
1109 1344 1249 1415 ἀνὴρ
1293 1340 1509 1405 ἀλαζὼν
1540 1340 1692 1393 οὐδὲν
1725 1338 1784 1391 οὐ
1830 1335 1904 1408 μὴ

317 1443 552 1514 περάνῃ.
589 1439 803 1510 Ταύτην
839 1437 1054 1507 ἔχοντες
1089 1435 1185 1504 τὴν
1215 1432 1528 1504 ἀρρωστίαν
1565 1431 1645 1494 είς
1666 1429 1790 1483 νοῦν
1813 1428 1908 1482 καὶ

318 1537 552 1608 καρδίαν
597 1536 643 1587 οἱ
682 1531 790 1585 τῶν
820 1530 1093 1583 Ἰουδαίων
1127 1525 1460 1596 καθηγηταί,
1495 1523 1593 1586 τὰς
1625 1521 1776 1593 παρά
1812 1518 1905 1573 τοῦ

320 1627 576 1698 Σωτῆρος
621 1626 721 1678 ούκ
759 1622 1003 1692 ἐδέχοντο
1037 1613 1557 1690 συμϐου).άς.ἰίσαν
1586 1615 1714 1685 γὰρ,
1744 1609 1905 1685 ἦσαν,

319 1721 423 1773 οὐκ
473 1717 703 1770 ἐνώπιον
743 1714 947 1786 Κυρίου
1001 1712 1223 1785 μᾶλλον,
1276 1709 1395 1764 ἀλλ’
1426 1708 1654 1762 ἐνώπιον
1704 1706 1908 1760 ἑαυτῶν

2003 1146 2094 1210 sit,
2120 1146 2408 1216 explicare,
2439 1146 2490 1200 id
2515 1159 2676 1216 grave
2701 1153 2787 1198 est
2815 1152 2871 1198 et
2911 1141 3273 1212 perniciosum
3296 1140 3384 1196 bis
3407 1141 3505 1210 qui
3527 1141 3588 1194 iul

2007 1241 2191 1294 facere
2244 1249 2664 1295 consueverunt.
2724 1236 2818 1292 Sic
2867 1235 3030 1291 etiam
3085 1248 3239 1290 sacra
3299 1233 3592 1304 Scriptura-

2007 1332 2181 1402 inquit
2210 1349 2223 1384 :
2253 1331 2494 1386 lnsolens
2521 1339 2575 1385 et
2613 1337 2952 1396 contemptor
2974 1343 3038 1383 ac
3070 1327 3155 1381 vir
3183 1341 3439 1396 arrogans
3473 1338 3582 1378 non

2009 1424 2280 1494 proliciet.
2315 1425 2447 1480 Cum
2487 1422 2591 1477 boc
2628 1421 2792 1476 animi
2828 1421 3015 1475 morbo
3043 1420 3350 1474 laborarent
3370 1415 3583 1472 Judteo-

2009 1532 2127 1572 rum
2171 1520 2357 1584 duces,
2395 1515 2621 1571 consilio
2671 1513 2980 1569 Servatoris
3031 1528 3140 1567 non
3171 1511 3580 1580 acqttleverunt.

2008 1607 2178 1664 Erant
2205 1610 2374 1673 enim,
2403 1615 2560 1663 erant
2600 1608 2915 1676 prudentes,
2960 1619 3066 1661 non
3095 1604 3234 1674 apud
3274 1601 3588 1664 Dominum,

2009 1701 2100 1755 sed
2142 1700 2282 1769 apud
2322 1714 2400 1764 se,
2444 1696 2730 1768 supercilia
2767 1696 3032 1760 tollentes,
3079 1702 3136 1747 et
3166 1690 3272 1745 alte
3311 1689 3589 1759 sapientes

321 1811 702 1880 ἐπιστήμονες,
744 1778 1146 1877 ὲξοφρυώμενοι
1179 1804 1274 1874 μὲν
1302 1803 1394 1854 καὶ
1419 1801 1559 1872 μέγα
1588 1798 1910 1870 φρονοῦντες

2020 1801 2231 1860 propter
2270 1790 2575 1843 divinarum
2622 1787 2799 1859 legum
2848 1785 3156 1849 scientiam,
3196 1796 3319 1836 cum
3363 1778 3594 1858 suminis

322 1907 418 1957 ἐπὶ
466 1906 534 1974 τῇ
578 1901 686 1954 τῶν
734 1900 892 1954 θείων
937 1900 1140 1969 εἰδήσει
1181 1899 1386 1968 νόμων,
1423 1895 1722 1964 ἐγνωκότες
1754 1893 1811 1946 δὲ
1851 1893 1910 1946 τὸ

2020 1882 2144 1937 nihil
2193 1880 2470 1937 sciverint.
2521 1878 2658 1934 Caeci
2694 1879 2836 1934 enim
2881 1885 3056 1938 erant,
3091 1875 3243 1946 juxta
3280 1869 3593 1927 Servatoris

325 1992 550 2063 σύμπαν
577 1991 749 2043 οὐδέν.
778 1987 979 2056 Τυφλοὶ
1007 1987 1110 2058 γὰρ
1134 1981 1272 2056 ἦσαν
1299 1984 1513 2054 τυφλῶν
1541 1983 1744 2053 ὁδηγοὶ,
1771 1980 1909 2035 κατά

322 2086 424 2154 τὴν
453 2082 617 2137 αὑτοῦ
644 2080 734 2134 τοῦ
765 2081 1019 2150 Σωτῆρος
1053 2079 1256 2149 φωνήν.

401 2179 557 2233 Οὐαίε
574 2180 627 2232 οί
662 2177 979 2246 ἰσχύοντες
1005 2171 1192 2243 ὑμῶν,
1217 2173 1272 2225 οί
1299 2171 1406 2224 τὸν
1424 2165 1591 2224 οἶνον
1610 2167 1907 2230 πίνοντες.

325 2271 426 2328 καὶ
465 2273 520 2325 οἱ
554 2268 846 2325 δυνιισταὶ
888 2269 942 2322 οί
983 2265 1382 2334 κεραννύντες
1434 2261 1499 2314 τὸ
1552 2261 1763 2327 σίκερα
1789 2276 1802 2290 ·
1855 2258 1911 2311 οί

326 2361 705 2425 δικαιοῦντες
746 2358 852 2412 τὸν
899 2354 1088 2423 ἀσεϐῆ
1117 2353 1295 2408 ἕνεκα
1329 2351 1552 2419 δώρων,
1593 2349 1688 2402 καί
1723 2348 1788 2401 τὸ
1820 2345 1910 2400 δί-

329 2471 506 2509 καιον
525 2451 628 2508 τοῦ
657 2450 892 2505 δικαίου
921 2448 1216 2518 αἴροντες.

402 2546 468 2599 Ui
497 2549 596 2616 τῆς
640 2542 908 2596 Ἰουδαίων
945 2537 1268 2607 συναγωγῆς
1301 2533 1582 2606 ἁδρότεροι
1609 2550 1668 2586 τε
1702 2532 1793 2585 καὶ
1821 2530 1912 2584 εὐ-

331 2633 668 2705 κλεέστεροι,
690 2631 785 2686 καὶ
807 2631 865 2684 τὸ
894 2628 1150 2700 προῦχειν
1175 2626 1282 2679 τῶν
1309 2625 1482 2679 ἄλλων
1508 2627 1566 2677 ὲν
1583 2623 1784 2694 είδήσει
1807 2622 1913 2674 τῶν

331 2727 494 2778 θείων
528 2725 745 2794 ἔχοντες
783 2721 985 2788 νόμων,
1023 2719 1118 2771 καὶ
1151 2718 1249 2780 τὰς
1279 2714 1410 2787 παρ’
1443 2715 1628 2774 αὐτοῖς
1658 2711 1915 2779 ποιούμε-

330 2834 414 2872 νοι
443 2810 1032 2888 κρίσεις,διε6ἑ6ληντο
1060 2807 1202 2872 λίαν,
1233 2806 1308 2869 ὡς
1338 2805 1610 2873 ἄπληστον
1641 2803 1719 2864 εἰς
1752 2801 1917 2870 δωροσ·

2008 1988 2218 2037 vocem,
2250 1971 2416 2027 duces
2441 1983 2732 2026 caecorum.

2082 2170 2247 2226 Vens.
2272 2169 2361 2236 22,
2392 2167 2482 2224 25.
2551 2165 2637 2222 Vat
2681 2166 2760 2221 his
2792 2167 2879 2236 qui
2916 2167 3050 2218 inter
3095 2182 3178 2219 vos
3211 2162 3417 2217 robusti
3464 2170 3590 2214 sunt

2010 2263 2080 2318 ad
2102 2262 2374 2314 bibendum
2396 2263 2595 2321 vinum,
2622 2269 2668 2312 et
2691 2258 2852 2312 validi
2877 2259 2944 2312 ad
2972 2256 3290 2310 miscendam
3321 2256 3541 2308 siceram
3568 2266 3590 2308 :

2010 2355 2100 2424 qui
2118 2351 2414 2424 justi/inani
2457 2353 2672 2420 impium
2717 2358 2931 2420 propter
2971 2364 3207 2413 tttunera,
3241 2355 3291 2400 et
3321 2345 3590 2416 justitiam

2004 2447 2143 2516 justi
2174 2443 2362 2497 tollunt
2387 2444 2450 2497 ab
2477 2459 2558 2497 eo.

2083 2532 2354 2587 Primores
2388 2541 2442 2587 et
2507 2530 2824 2586 nobilissimi
2886 2527 3124 2585 Iudaicae
3174 2528 3493 2602 Synagogaa,
3539 2535 3594 2584 et

2014 2627 2104 2696 qni
2144 2626 2286 2678 inter
2309 2624 2444 2677 alios
2469 2623 2778 2693 cognitione
2813 2621 3118 2674 divinarum
3145 2621 3320 2690 legum
3377 2620 3589 2675 emine-

2017 2717 2167 2779 bant,
2193 2715 2507 2783 jn'diciaque
2555 2713 2692 2782 apud
2744 2726 2840 2766 eos
2876 2709 2984 2780 95
3029 2711 3374 2774 exercebant,
3414 2710 3596 2781 gravi.

2019 2815 2101 2859 ter
2134 2803 2292 2872 hujus
2323 2801 2568 2858 criminis
2597 2800 3032 2862 arcessebantur,
3081 2798 3233 2866 quasi
3293 2799 3360 2851 ad
3431 2797 3595 2866 largi-

329 2905 516 2958 δοκίαν
538 2902 868 2962 ἐκτείνοντες
900 2901 1058 2969 χεῖρα
1080 2935 1094 2958 ,
1129 2897 1222 2950 καὶ
1250 2896 1363 2955 τοῖς
1393 2893 1597 2946 ἀδικεῖν
1645 2889 1917 2944 ἐθέλουσιν

2021 2894 2194 2947 tiones
2252 2891 2595 2960 accipiendas
2627 2889 3002 2958 inexplebilem
3032 2902 3247 2942 manum
3294 2889 3595 2943 extenden-

331 2997 596 3064 ἀδελφοὺς
637 2993 734 3063 τὴν
770 2991 899 3061 παρ’
940 2986 1145 3041 ἑαυτῶν
1179 2986 1414 3047 εὐκόλως
1471 2979 1917 3043 καταπωλοῦντες

2021 2995 2118 3048 tes,
2140 2994 2194 3037 et
2221 2981 2416 3050 quibus
2441 2981 2654 3034 animus
2678 2989 2794 3035 erat
2826 2979 3076 3052 injuriam
3109 2979 3289 3034 facere
3315 2979 3596 3044 fratribus,

331 3090 514 3160 ψῆφον
537 3104 550 3118 ·
576 3087 753 3140 καίτοι
779 3082 872 3136 τοῦ
906 3082 1071 3151 νόμου
1105 3079 1352 3146 λέγοντος
1373 3074 1614 3146 ἐναργῶς
1632 3092 1646 3103 '
1691 3091 1708 3123 ‘
1731 3071 1917 3142 κρίμα

2020 3076 2104 3130 itis
2127 3073 2287 3129 facile
2336 3089 2491 3127 suum
2521 3070 2833 3142 suliragium
2877 3073 3191 3137 vendentes,
3269 3071 3398 3127 licet
3450 3071 3597 3126 clare

331 3177 543 3231 δίκαιον
586 3174 829 3245 κρίνατε.
864 3189 882 3222 t
914 3171 1040 3223 Ὀτι
1059 3167 1116 3222 δέ
1144 3169 1291 3220 ἐστιν
1325 3164 1520 3235 ἀληθὲς
1565 3165 1594 3217 ὃ
1637 3180 1799 3234 φημι,
1831 3177 1918 3213 πι-

335 3270 603 3324 στῶσεται
653 3267 827 3334 λέγων
876 3264 904 3317 δ
953 3261 1238 3332 προφήτης
1287 3255 1644 3328 Ἀμϐακούμ⁶
1702 3273 1721 3305 ι
1771 3254 1918 3317 Ἕως

331 3362 505 3426 τίνος,
541 3359 734 3430 Κύριε,
769 3353 1126 3426 κεκράξομαι,
1163 3353 1254 3404 καὶ
1287 3351 1384 3402 οὐκ
1416 3348 1745 3420 εἰσακούσῃ;
1792 3346 1918 3417 βοή-

334 3470 503 3526 σομαι
549 3452 683 3523 πρὸς
723 3449 780 3502 σὲ
815 3448 1189 3516 ἀδικούμενος,
1230 3445 1324 3496 καὶ
1355 3443 1415 3495 οὑ
1449 3439 1680 3506 σώσεις;
1718 3441 1836 3492 Ἵνα
1864 3439 1916 3491 τί

333 3546 545 3611 ἐδειξᾶς
585 3561 673 3616 μοι
708 3542 909 3604 κόπους
936 3539 1029 3592 καὶ
1059 3537 1274 3601 πόνους,
1301 3534 1613 3587 ἐπιϐλέπειν
1645 3532 1918 3585 ταλαιπω-

338 3640 464 3712 ρίαν
494 3638 586 3691 καὶ
613 3635 901 3694 ἀσέϐειανς
935 3629 1024 3697 Ἐξ
1059 3629 1306 3690 ἐναντίας
1342 3643 1450 3696 μου·
1478 3625 1668 3693 γέγονε
1701 3623 1914 3694 κρίσις,

335 3733 432 3786 καὶ
457 3732 485 3782 ὁ
509 3727 698 3800 κριτὴς
723 3725 1007 3796 λαμϐάνει.
1031 3720 1130 3775 Διά
1154 3720 1312 3773 τοῦτο
1331 3717 1702 3772 διεσκέδασται
1723 3716 1914 3784 νόμω,

338 3825 434 3877 καὶ
466 3823 525 3875 οὐ
559 3820 865 3886 διεξάγεται
891 3819 970 3880 εἰς
1001 3815 1150 3877 τέλος
1180 3811 1351 3884 κρίμα
1377 3850 1390 3874 ,
1426 3811 1506 3862 δτι
1537 3807 1736 3878 ἀσεϐὴς
1759 3821 1922 3860 κατα-

335 3913 651 3970 δυναστεύει
676 3913 768 3965 τὸν
795 3908 1227 3963 δίκαιον.Ἕνεκα
1265 3903 1453 3957 τούτου
1493 3899 1830 3967 ἐξελεύσεται
1859 3897 1922 3950 τδ

339 4007 518 4080 κρίμα
561 4003 1009 4075 διεστραμμένον.
1042 4018 1060 4052 ι
1097 3998 1208 4051 Καὶ
1237 3995 1398 4057 αὐτὸς
1440 3994 1498 4046 δέ
1545 3991 1647 4045 πού
1701 4007 1863 4061 φησιν
1892 3989 1921 4042 ὁ

340 4100 628 4160 θεσπέσιος
666 4095 894 4156 Ἡσαΐας
923 4089 1059 4162 πρὸς
1108 4088 1207 4160 τὴν
1240 4084 1612 4156 Ἰερουσαλὴμ,
1663 4085 1781 4155 ἦτοι
1823 4082 1921 4153 τὴν

337 4191 480 4245 Σιών
506 4208 518 4220 ·
563 4209 581 4240 ι
612 4187 675 4241 Οί
708 4183 966 4258 ἄρχοντές
1011 4197 1105 4234 σου
1142 4177 1477 4239 ἀπειθοῦσιν,
1512 4176 1756 4228 κοινωνοὶ
1800 4174 1924 4228 κλε⁴

337 4283 517 4348 πτῶν,
548 4278 869 4350 ἀγαπῶντες
898 4275 1065 4346 δῶρα,
1093 4270 1381 4333 διώκοντες
1409 4267 1754 4338 ἀνταπόδομα
1781 4282 1794 4295 ο
1827 4266 1921 4336 ὀρ-

339 4377 530 4447 φανοῖς
555 4373 614 4426 οὗ
648 4371 942 4442 κρίνοντες,
970 4366 1064 4420 καί⁸
1106 4363 1286 4435 κρίσει
1328 4361 1505 4431 χήρας
1532 4359 1590 4411 ού
1633 4357 1924 4428 προσέχον-

336 4486 454 4532 τες.
488 4486 508 4519 ι
554 4465 739 4518 Ταῦτα
783 4461 840 4515 δὲ
898 4459 1067 4532 ἔδρων
1111 4453 1352 4526 αἰσχρῶν
1410 4452 1712 4523 λημμάτων
1751 4449 1926 4521 ἠττώο

2021 3169 2166 3219 dicat
2209 3167 2328 3219 lex:
2366 3183 2384 3215 ι
2419 3163 2687 3218 Judicium
2714 3164 2918 3230 justum
2955 3162 3194 3231 judicate
3222 3162 3289 3215 ’⁷.
3334 3181 3352 3214 ι
3388 3160 3594 3217 Verum

2019 3272 2137 3312 esse
2163 3257 2303 3324 quod
2342 3256 2462 3309 (lico
2492 3255 2834 3308 conlirtnabit
2859 3255 3125 3325 propheta
3166 3253 3461 3317 Habacum,
3510 3255 3596 3309 tli-

2018 3365 2187 3405 cens:
2225 3367 2244 3400 ι
2285 3347 2576 3417 Quousque
2629 3347 2896 3412 clamabo,
2933 3357 2988 3402 et
3014 3363 3120 3402 non
3147 3346 3442 3402 exandies?
3495 3361 3593 3400 νος

2018 3441 2286 3496 cilerabor
2329 3439 2393 3492 ad
2441 3450 2490 3493 te
2532 3438 2635 3492 vim
2689 3439 2920 3507 patiens,
2993 3447 3049 3490 et
3118 3453 3223 3492 non
3312 3437 3601 3492 servabis?

2017 3532 2195 3598 Quare
2211 3529 2492 3584 ostendisu
2531 3527 2661 3582 ιιιίίιὶ
2696 3528 2908 3582 labores
2929 3535 2982 3582 et
3006 3527 3222 3584 dolores
3275 3537 3334 3582 ttt
3361 3529 3596 3584 viderem

2020 3623 2292 3678 miseriam
2339 3631 2389 3674 et
2449 3619 2820 3689 impietatem?
2869 3619 3068 3674 Contra
3100 3635 3186 3676 tne
3250 3618 3450 3674 factum
3513 3629 3600 3675 est

2013 3711 2300 3779 judicium,
2328 3720 2383 3766 et
2431 3709 2595 3777 jndex
2651 3710 2870 3778 accipit.
2917 3711 3038 3765 Ideo
3069 3712 3324 3781 dissipata
3368 3721 3453 3768 est
3486 3712 3597 3778 lex,

2019 3815 2072 3856 et
2096 3817 2199 3855 non
2226 3801 2540 3868 perductmu
2564 3807 2650 3854 est
2673 3801 2737 3853 ad
2771 3802 2928 3854 linem
2947 3799 3234 3869 judicium,
3255 3803 3378 3873 quia
3404 3804 3599 3873 impius

2021 3892 2273 3963 praevalet
2285 3891 2452 3959 justo.
2482 3892 2684 3946 idcirco
2697 3892 2860 3946 exibit
2875 3891 3140 3960 judicium
3163 3910 3473 3964 perversum
3491 3894 3557 3950 ".
3572 3914 3596 3949 ι

2023 3985 2242 4040 Divinus
2264 3997 2479 4052 quoque
2521 3981 2683 4038 Isaias
2718 3983 2829 4053 ipse
2859 3984 3147 4052 alloquitur
3173 3982 3478 4040 Ierusalem
3503 4001 3599 4042 seu

2023 4077 2188 4130 Sion:
2229 4092 2247 4126 ι
2289 4074 2567 4142 Principes
2602 4075 2678 4128 tui
2708 4089 2812 4128 non
2844 4075 3122 4138 obediunt,
3157 4076 3289 4131 socii
3316 4086 3444 4131 sunt
3511 4077 3597 4132 fu-

2023 4183 2162 4234 ram,
2191 4166 2417 4234 diligunt
2463 4180 2705 4230 munera,
2767 4165 2977 4219 inhiant
3050 4167 3307 4235 praemiis,
3385 4167 3603 4238 pupillis

2025 4259 2416 4328 nonjudicant,
2447 4257 2728 4326 etjudicio
2781 4257 2955 4312 vidua:
2990 4272 3094 4312 non
3158 4262 3533 4316 attendunt”.
3575 4279 3598 4314 ›

2027 4355 2149 4410 llaec
2181 4366 2358 4408 autem
2392 4353 2658 4416 fecerunt,
2704 4351 2940 4420 corrupti
2971 4353 3203 4408 sordidis
3260 4357 3601 4421 muneribus,

2027 4459 2089 4498 ac
2120 4443 2371 4497 fortassis
2403 4443 2568 4495 etiam
2618 4441 2783 4510 impie
2804 4441 3144 4511 colligentes,
3174 4451 3228 4497 et
3254 4445 3320 4498 ad
3363 4445 3601 4500 iornenta

342 4574 494 4630 μενοι
509 4573 522 4586 ⁸
544 4555 640 4609 καὶ
655 4552 794 4623 τάχα
815 4567 916 4603 που
945 4531 1010 4602 τὰ
1034 4547 1113 4610 είς
1138 4545 1334 4607 πότους
1355 4544 1447 4596 καὶ
1469 4539 1678 4626 τρυφᾷς
1700 4539 1917 4601 ἀνοσίως

2034 4535 2298 4588 foedarum
2340 4532 2673 4601 voluptatum
2715 4545 2781 4584 ex
2837 4531 3048 4600 injuriis
3079 4543 3449 4602 corrogantes.
3498 4535 3600 4592 Ac-

338 4623 737 4721 ἐρανιζόμενοι,
768 4643 860 4697 καὶ
907 4642 967 4708 ἐξ
1007 4638 1230 4694 ἀδικιῶν
1282 4623 1649 4703 συλλέγοντεςζ
1679 4633 1928 4686 Αίτιᾶται

338 4740 452 4811 γὰρ
467 4739 663 4801 αὐτοὺς
684 4736 772 4789 διὰ
786 4734 968 4805 φωνῆς
991 4733 1290 4804 προφήτου,
1308 4727 1499 4797 λέγων·
1520 4726 1629 4781 Καὶ
1649 4724 1717 4780 τὰ
1739 4725 1930 4795 ἱμάτια

339 4827 523 4885 αὐτῶν
547 4825 899 4898 δεσμεύοντες
920 4822 1192 4894 σχοινίοις,
1221 4819 1697 4890 παραπετάσματα
1714 4817 1929 4870 ἐποίουν

341 4921 582 4993 ἐχόμενα
608 4917 700 4973 τοῦ
733 4913 1122 4986 θυσιαστηρίου
1141 4955 1155 4978 ,
1181 4913 1275 4966 καὶ
1300 4907 1442 4966 οἶνον
1464 4913 1528 4964 ὲκ
1553 4905 1927 4978 συκοφαντιῶν

341 5015 528 5069 ἔπινον
553 5014 611 5064 ἐν
636 5008 713 5081 τῷ
739 5009 873 5079 οἴκῳ
891 5006 983 5061 τοῦ
1013 5003 1149 5059 Θεοῦ
1174 5002 1371 5058 αὐτῶν.
1387 5002 1522 5056 Οὐαὶ
1545 5002 1746 5066 τοίνυν,
1769 4997 1921 5068 φησὶ,

342 5107 456 5167 τοῖς
489 5102 670 5174 ἁδροϊς
697 5100 792 5154 καὶ
814 5097 1077 5164 δυνατοῖς,
1103 5098 1217 5159 τοῖς
1247 5095 1492 5167 ἀρτίουσι
1521 5091 1827 5164 περιέργως
1862 5087 1924 5141 τὸ

343 5195 558 5266 σίκερα,
590 5193 701 5256 τοῖς
730 5187 1069 5261 φιλοπόταις,
1100 5185 1196 5240 καὶ
1222 5183 1476 5252 ἀγαπῶσι
1510 5181 1700 5252 μέθην,
1721 5180 1834 5242 τοῖς
1865 5179 1925 5232 τὸ

343 5287 551 5341 δίκαιον
574 5284 790 5356 αἴρουσι
819 5279 910 5334 τοῦ
943 5279 1170 5343 δικαίου,
1199 5275 1342 5329 τοῦτ’
1361 5274 1496 5336 ἔστι,
1522 5277 1630 5337 τοῖς
1657 5271 1922 5341 κατακρί-

344 5392 497 5433 uouet
547 5353 647 5445 μὲν
677 5375 768 5426 τὸν
809 5369 1157 5442 ἠδικημένον,
1192 5353 1527 5436 ἀπονέμουσι
1555 5364 1612 5418 δὲ
1637 5364 1819 5435 ψῆφον
1844 5363 1924 5416 δια

344 5468 505 5525 λαίαν
521 5469 634 5531 τοῖς
652 5465 866 5519 εἰωθόσι
895 5463 1253 5516 πλεονεκτεῖν.
1275 5460 1386 5512 Καὶ
1402 5456 1579 5518 τοῦτο,
1606 5451 1780 5527 οἶμαι,
1806 5455 1923 5508 ἐστὶ

348 5559 405 5614 εδ
430 5558 732 5629 ἀναφανδὸν
766 5557 940 5609 εἰπεῖν
972 5553 1032 5608 τὸ
1063 5550 1297 5624 πονηρὸν
1323 5549 1507 5613 καλὸν,
1540 5548 1633 5602 καὶ⁴
1673 5547 1734 5600 τὸ
1762 5547 1925 5600 καλὸν

348 5650 604 5723 πονηρὸν,
635 5649 729 5703 καὶ
761 5647 946 5710 σκότος
975 5647 1054 5710 είς
1079 5643 1213 5714 φῶς,
1241 5643 1334 5699 καὶ
1367 5643 1428 5696 τὸ
1457 5641 1570 5712 φῶς
1601 5642 1680 5704 εἰς
1711 5641 1922 5704 σκότος,

2029 4634 2182 4680 cnsat
2207 4622 2404 4694 quippe
2433 4637 2526 4677 eos
2552 4635 2684 4675 voce
2709 4621 3002 4690 prophetae,
3034 4624 3218 4679 dicens
3242 4641 3257 4679 :
3295 4625 3482 4682 Vestes
3507 4642 3603 4683 eo-

2032 4731 2148 4771 rum
2189 4715 2484 4769 vincientes
2542 4711 2824 4775 funiculis,
2891 4714 3009 4769 vela
3060 4715 3303 4777 fecerunt
3349 4719 3607 4791 contigua

2031 4809 2206 4874 altari,
2240 4817 2295 4864 et
2327 4809 2509 4863 vinum
2540 4821 2604 4861 ex
2631 4807 3006 4879 sycophantiis
3067 4807 3321 4862 biberunt
3361 4810 3418 4863 in
3441 4810 3612 4866 domo

2031 4901 2125 4957 Del
2161 4901 2268 4957 sui.
2295 4899 2388 4956 Vat
2428 4901 2625 4968 itaque,
2661 4899 2854 4969 inquit,
2890 4897 2973 4952 his
3001 4897 3094 4966 qui
3124 4898 3328 4954 robusti
3386 4910 3516 4954 sunt
3551 4909 3612 4954 er

2030 4993 2216 5061 validi,
2269 4995 2359 5063 qui
2384 4993 2652 5063 exquisite
2675 4993 2905 5046 siceram
2942 4989 3220 5054 cuttdiunt,
3252 4991 3343 5059 qui
3395 4991 3610 5060 potioni

2031 5084 2329 5155 indulgent,
2381 5093 2436 5136 et
2479 5082 2740 5136 ebrietate
2792 5080 3148 5146 delectantur,
3182 5081 3274 5148 qui
3332 5080 3610 5150 justitiam

2030 5177 2230 5232 tollunt
2257 5191 2288 5229 a
2326 5176 2501 5244 justo,
2539 5174 2596 5229 id
2631 5183 2733 5236 est,
2774 5172 2980 5243 injuste
3009 5186 3332 5242 oppressum
3352 5176 3606 5228 condem-

2029 5281 2183 5339 nant,
2214 5279 2266 5326 et
2297 5284 2513 5325 causam
2542 5268 2824 5323 hominum
2846 5266 3088 5320 avaritia:
3109 5265 3439 5320 studentium
3460 5264 3606 5332 jnsta

2029 5364 2292 5420 sententia
2318 5359 2594 5428 adjuvant.
2630 5357 2694 5412 Et
2739 5359 2840 5414 hoc
2879 5358 3039 5428 plane
3095 5365 3200 5422 est,
3244 5367 3302 5411 ut
3345 5357 3605 5420 arbitror,

2033 5456 2237 5511 tnalnnt
2267 5453 2452 5508 dicere
2490 5453 2710 5516 bonum,
2736 5460 2790 5505 et
2830 5450 3028 5505 bonum
3086 5449 3309 5516 malum,
3361 5448 3610 5504 tenebras

2033 5547 2230 5612 lucem,
2279 5555 2333 5600 et
2367 5544 2540 5598 lucem
2570 5543 2844 5606 tenebras,
2877 5555 3128 5595 amarum
3154 5540 3333 5604 deice,
3362 5546 3412 5592 et
3441 5535 3608 5590 dulce

2034 5657 2299 5696 amarum.
2365 5638 2618 5711 Deptorat
2681 5647 2862 5694 autem
2922 5637 2974 5691 in
3030 5635 3283 5692 omnibus
3331 5631 3608 5698 robustos,

421 5806 468 5838 ⁹⁶
501 5806 659 5862 Prov.
693 5820 810 5872 XIX,
855 5802 938 5859 19.
1009 5802 1055 5834 ’⁷
1097 5801 1249 5856 Deut.
1289 5817 1326 5867 ι,
1361 5798 1447 5852 16.
1524 5799 1569 5831 ⁸⁸
1599 5796 1796 5854 ilabac.
1829 5813 1864 5865 ι,
1896 5795 1917 5851 ﬁ

2020 5835 2021 5844 η
2097 5799 2140 5829 η
2173 5796 2274 5850 lsa.
2311 5811 2347 5859 t,
2379 5793 2468 5850 23.
