4178 6498
550 350 651 408 Ιΰῦ

1537 347 1596 404 S.
1638 345 1918 404 CYRlLlJ
1960 341 2429 399 ALEXANDRINI
2470 340 2792 397 AliClllEP.

3725 339 3828 400 N4

549 467 919 540 przecellentcs
971 476 1024 524 et
1088 477 1472 540 praepotentes,
1539 466 1974 536 quandoquidem
2035 479 2130 534 po-

2240 463 2289 517 τὸ
2318 463 2514 534 πικρὸν
2547 462 2739 532 γλυκὺ,
2769 461 2862 516 καὶ
2895 459 2955 514 τὸ
2995 461 3165 530 γλυκὺ
3202 460 3421 533 πικρόν.
3442 461 3638 515 ’ἰστέον
3667 461 3724 515 δὲ
3744 463 3827 516 ὅτι

550 570 726 617 tentes
749 569 1000 630 potenter
1021 571 1075 616 et
1099 561 1303 616 acriter
1334 558 1752 630 torquebuntur,
1781 565 1836 612 et
1867 556 1954 612 cui
1987 555 2128 610 mul-

546 660 663 708 tum
705 653 945 707 additum
999 661 1104 718 est,
1155 654 1224 707 ab
1265 667 1331 708 eo
1386 651 1614 707 multant
1656 649 1925 719 exigetur,
1972 645 2129 717 juxta

546 761 734 801 vocem
771 744 1106 800 Servatoris.
1156 743 1275 799 Non
1306 743 1450 798 enim
1508 743 1620 812 pari
1677 740 1941 811 supplicio
2010 737 2132 793 alli-

546 836 760 890 cientur
788 835 1060 906 principes
1085 844 1136 891 el
1165 834 1389 890 subditi.
1447 826 1660 890 Etenim
1713 831 1768 887 hi
1830 837 2132 902 praetexunt

549 927 820 982 interdum
861 944 923 984 se
951 944 1058 984 non
1099 928 1241 983 scire
1265 927 1593 982 voluntatem
1641 923 1844 981 domini
1898 922 1980 978 sui
2016 941 2030 977 :
2075 930 2134 976 at

551 1019 625 1074 illi
662 1022 765 1074 etsi
811 1021 990 1076 sciant
1032 1021 1400 1084 exactissime,
1450 1034 1557 1074 non
1609 1017 1860 1072 iecerunt
1925 1023 2126 1068 tamen.

550 1111 791 1181 Eamque
823 1112 893 1166 ob
939 1127 1161 1166 causam
1192 1110 1387 1166 merito
1428 1109 1644 1166 duriora
1672 1107 1944 1179 patientur
1983 1105 2131 1162 abeo

548 1205 640 1274 qui
675 1219 889 1274 pinnam
929 1203 1154 1274 irrogat.

623 1375 785 1430 Vens.
823 1375 913 1429 2i.
947 1373 1231 1446 Propterea
1277 1375 1716 1446 quemadmodum
1742 1385 1993 1428 exuretur
2035 1374 2134 1428 eli-

549 1474 675 1535 pula
712 1485 742 1520 a
772 1470 995 1521 carbone
1026 1468 1182 1536 ignis,
1206 1478 1252 1521 et
1288 1470 1621 1520 comburetur
1659 1483 1688 1518 a
1717 1468 1934 1534 ﬂamma
1999 1483 2134 1519 reso-

552 1563 688 1620 luta.
748 1562 903 1613 raIlix
930 1577 1110 1613 eorum
1148 1562 1300 1630 quasi
1325 1563 1519 1631 lanugo
1545 1561 1664 1625 erit,
1695 1570 1740 1613 et
1804 1561 1902 1628 flos
1951 1575 2131 1612 eorum

551 1663 605 1704 ut
637 1653 768 1704 cinis
796 1655 1056 1704 ascendet.

615 1743 728 1815 96
754 1743 1037 1810 Quoniam,
1073 1741 1270 1813 inquit,
1295 1751 1483 1798 contra
1513 1757 1574 1798 se
1608 1741 1708 1814 ipsi
1741 1749 2131 1812 protraxerunt

2229 555 2445 609 δυνατοὶ
2461 554 2702 618 δυνατῶς
2726 548 3118 626 ἐτασθήσονται
3141 569 3155 582 ·
3179 553 3275 607 καὶ
3295 545 3340 621 ᾧ
3365 553 3664 626 παρέθεντο
3688 553 3826 606 πολὺ

2231 648 2618 720 περισσότερον
2655 645 2949 701 ἀπαιτοῦσι
3000 647 3130 716 παρ’
3166 644 3354 711 αὑτοῦ,
3408 646 3550 699 κατὰ
3585 647 3685 717 τὴν
3727 645 3826 701 τοῦ

2232 742 2482 812 Σωτῆρος
2513 742 2719 812 φωνήν.
2751 741 2824 795 Οὐ
2855 741 2962 812 γὰρ
2985 741 3086 811 ἴσῳ
3112 739 3298 812 τρόπῳ
3326 739 3394 793 τὰ
3420 739 3521 809 τῆς
3550 739 3828 801 κολάσεως

2231 833 2406 896 ἔσται,
2435 835 2550 896 τοῖς
2579 850 2639 885 τε
2693 833 3020 904 ἡγουμένοις
3047 823 3140 885 καὶ
3173 833 3285 894 τοῖς
3316 830 3421 884 ὑπὸ
3447 833 3604 902 χεῖρα
3633 830 3826 901 κειμέ-

2231 926 2442 988 νοις.οί
2476 917 2576 996 μὲν
2604 923 2714 995 γὰρ
2743 923 2856 978 ἐσθ’
2879 925 2968 977 ὅτε
2993 921 3393 994 προδαλοῦνται
3426 923 3487 975 τὸ
3517 923 3591 994 μὴ
3627 923 3826 976 εἰδέναι

2231 1016 2393 1087 τυχὸν
2413 1015 2475 1069 τὸ
2511 1015 2724 1087 θέλημα
2747 1015 2842 1070 τοῦ
2876 1016 3064 1087 κυρίου
3094 1015 3275 1072 αὐτῶν
3295 1031 3310 1045 ο
3345 1017 3394 1070 οἱ
3424 1015 3480 1068 δὲ
3507 1017 3684 1069 καίτοι
3705 1016 3826 1069 λίαν

2246 1108 2548 1177 ἐγνωκότες
2568 1108 2812 1180 ἀκριϐῶς
2835 1107 2894 1162 οὐ
2920 1109 3262 1180 δεδράκασιν.
3288 1108 3474 1179 Ταύτῃ
3497 1125 3580 1161 τοι
3601 1108 3826 1172 δικαίως

2231 1197 2667 1270 δυσαχθεστέραν
2698 1196 3030 1270 ὑπομενοῦσι
3063 1197 3162 1270 τὴν
3196 1197 3291 1252 τοῦ
3327 1197 3648 1262 κολάζοντος
3678 1199 3828 1270 κίνη-

2235 1305 2340 1342 σιν.

2304 1382 2407 1434 Διά
2458 1380 2657 1448 τοῦτο,
2710 1381 2784 1436 ὃν
2827 1383 3049 1452 τρόπον
3091 1381 3457 1450 καυθήσεται
3501 1384 3538 1451 ἠ
3585 1382 3826 1452 καλάμη

2233 1471 2352 1524 ὑπὸ
2414 1471 2710 1540 ἄνθρακος
2765 1473 2975 1542 πυρὸς,
3027 1475 3125 1528 καί
3171 1475 3660 1544 συγκαυθήσεται
3706 1471 3827 1528 ὑπὸ

2233 1557 2465 1626 φλογὸς
2496 1557 2836 1626 ἀνειμένης,
2879 1559 2915 1626 ἡ
2939 1547 3072 1626 ῥίζα
3101 1557 3302 1612 αὐτῶν
3330 1560 3411 1624 ὡς
3441 1559 3589 1628 χοῦς
3629 1558 3824 1620 ἔσται,

2234 1639 2332 1702 καὶ
2350 1648 2414 1701 τὸ
2437 1649 2620 1715 ἄνθος
2640 1650 2858 1715 αὐτῶν,
2883 1650 2964 1717 ὡς
2990 1650 3302 1720 κονιορτὸς
3327 1651 3716 1718 ἀναϐήσεται.

2317 1733 2538 1812 Ἐπειδὴ
2574 1741 2684 1813 γὰρ
2709 1742 2862 1795 αὐτοὶ
2908 1742 3032 1797 καθ’
3066 1735 3296 1810 ἑαυτῶν,
3340 1743 3535 1814 φησὶν,
3579 1742 3829 1796 ἐπεσπά-

549 1847 768 1904 peccata
800 1835 941 1888 velut
965 1833 1205 1888 funiculo
1246 1831 1427 1904 longo,
1474 1847 1574 1887 nec
1606 1831 1735 1887 recti
1780 1847 1959 1886 rerum
1982 1831 2129 1885 testi-

2240 1849 2395 1886 παντο
2423 1833 2520 1898 τὰς
2571 1833 2845 1905 ἁμαρτίας
2883 1833 2960 1897 ὡς
3002 1833 3222 1904 σχοινίῳ
3256 1832 3476 1904 μακρῷ,
3519 1834 3613 1886 καὶ
3665 1832 3828 1902 γεγό-

549 1938 787 1980 matures
848 1926 1084 1989 luerunt,
1143 1925 1498 1980 criminantes
1551 1922 1772 1987 bonttm,
1849 1922 2130 1977 laudantes

550 2019 776 2083 ntalnin,
811 2020 1089 2087 sapientes
1112 2017 1275 2072 etiam
1303 2017 1444 2085 apud
1470 2017 1702 2084 seipsos,
1727 2025 1781 2070 et
1804 2014 1977 2070 oculis
2018 2013 2133 2068 suis

551 2109 871 2178 prudentes,
906 2119 961 2163 et
987 2123 1108 2179 quas
1170 2108 1254 2162 his
1314 2105 1545 2160 imdiora
1586 2115 1741 2161 erant
1802 2115 2132 2176 spectantes,

552 2201 775 2270 impiutn
847 2211 1071 2271 propter
1145 2215 1368 2254 munera
1423 2199 1629 2268 justum
1689 2199 2126 2270 pronuntiantes,

545 2291 636 2362 jns
649 2291 797 2359 justo
821 2291 1110 2360 eripienles
1144 2309 1158 2345 :
1215 2291 1299 2346 his
1335 2289 1586 2346 omnibus
1631 2289 1698 2344 de
1719 2289 1918 2352 causis,
1950 2294 2138 2355 ,erunt

553 2382 784 2436 materia
822 2379 1256 2446 concremabilis,
1292 2381 1466 2436 instar
1495 2378 1743 2450 stipulae,
1772 2387 1827 2432 et
1867 2376 2007 2447 ignis
2061 2375 2141 2430 fo-

551 2487 792 2529 mentum
844 2484 900 2528 et
974 2471 1206 2527 ﬂamma:
1255 2487 1500 2527 accensae
1572 2487 1669 2526 eos
1731 2471 2134 2540 depascentur:

552 2576 612 2620 ut
663 2582 765 2619 una
791 2582 913 2620 cntn
945 2565 1219 2619 radicibus
1252 2565 1492 2634 ipsorum
1533 2577 1750 2634 quoque
1779 2560 1988 2614 fructus
2013 2572 2139 2613 coa-

551 2671 858 2724 sumantur,
890 2660 942 2713 id
969 2669 1072 2724 est,
1111 2669 1168 2712 ut
1198 2673 1319 2712 cum
1344 2658 1664 2726 parentibus
1694 2665 1750 2710 et
1766 2670 1832 2708 ex
1859 2653 1944 2707 his
1969 2654 2135 2706 etiam

557 2753 831 2823 procreati
867 2751 1028 2807 simul
1059 2752 1352 2813 intereant,
1384 2758 1439 2802 et
1495 2756 1752 2817 tanquam
1807 2742 2139 2813 pulvisculus

551 2857 649 2900 aut
703 2845 864 2910 cinis,
931 2843 1259 2914 rapidissimi
1329 2841 1474 2896 venti
1523 2843 1727 2911 impetu
1785 2835 2138 2907 dissipentur.

550 2941 850 2996 Accensam
875 2953 1001 2992 vero
1022 2936 1293 2990 ﬂammam
1324 2934 1479 3001 dicit,
1505 2947 1627 3003 quae
1651 2947 1683 2985 ε
1706 2929 1853 2986 nullo
1869 2929 2140 2984 exstincta

2231 1940 2385 1978 νασιν
2417 1924 2518 1977 οὐκ
2554 1923 2704 1994 ὀρθοὶ
2732 1923 2838 1976 τῶν
2883 1923 3225 1995 πραγμάτων
3251 1925 3456 1994 κριταὶ,
3488 1922 3828 1992 καταψέγον-

2229 2032 2323 2079 τες
2356 2015 2452 2085 μὲν
2480 2015 2541 2068 τὸ
2571 2015 2794 2083 ἀγαθὸν,
2823 2015 3176 2078 ἐπαινοῦντες
3197 2015 3253 2068 δὲ
3285 2008 3346 2068 τὸ
3372 2013 3628 2084 πονηρὸν,
3671 2011 3829 2083 σοφοί

2232 2123 2291 2159 τε
2315 2101 2456 2175 ἦσαν
2485 2107 2542 2158 ἑν
2577 2107 2814 2170 ἑαυτοῖς,
2841 2106 2937 2159 καὶ
2957 2099 3188 2159 ἐνώπιον
3211 2099 3420 2159 ἑαυτῶν
3441 2106 3828 2177 ἐπιστήμονες,

2234 2196 2333 2250 καὶ
2367 2195 2505 2268 πρὸς
2532 2197 2601 2251 τὰ
2644 2197 2724 2252 ἔτι
2759 2197 2968 2252 τούτων
3022 2198 3272 2269 αἰσχίονα
3334 2197 3656 2268 βλέποντες,
3685 2197 3831 2250 δεδι-

2235 2289 2510 2343 καιώκασι
2543 2291 2641 2361 μὲν
2672 2291 2835 2345 ἕνεκα
2874 2289 3064 2364 δώρων
3092 2293 3183 2345 τὸν
3215 2290 3410 2362 ἀσεόῆ,
3448 2291 3510 2345 τὸ
3533 2290 3590 2344 δὲ
3618 2290 3832 2343 δίκαιον

2234 2381 2330 2436 τοῦ
2351 2382 2561 2437 δικαίου
2599 2382 2788 2436 ἔλαϐον
2807 2399 2819 2413 ’
2856 2383 3060 2436 τούτων
3083 2383 3243 2438 ἕνεκα
3263 2383 3480 2437 πάντων
3498 2381 3574 2445 ὡς
3595 2380 3832 2435 εὐκατὰέ

2237 2490 2482 2546 πρηστος
2531 2474 2656 2547 ὕλη,
2715 2476 2811 2530 καὶ
2860 2475 3116 2547 καλάμης
3167 2475 3343 2547 δίκην,
3390 2475 3560 2546 πυρὸς
3617 2473 3830 2529 ἔσονται

2236 2565 2434 2637 τροφὴ,
2463 2567 2556 2619 καὶ
2586 2567 2783 2636 φλόγες
2808 2560 3005 2630 αὐτοὺς
3032 2560 3312 2638 ἁνειμέναι
3348 2565 3831 2637 κατανεμηθὴσον-

2238 2675 2362 2723 ται,
2399 2659 2476 2722 ὡς
2516 2658 2652 2730 ὁμοῦ
2683 2662 2801 2722 ταῖς
2849 2658 3025 2728 ῥίζαις
3055 2660 3179 2722 τοὺς
3217 2657 3277 2722 ἑξ
3303 2657 3480 2710 αὐτῶν
3513 2657 3835 2727 δαπανηθῐμ

2239 2766 2328 2802 ναι
2358 2753 2603 2822 καρποὺς
2624 2791 2639 2817 ,
2670 2750 2813 2803 τοῦτ’
2868 2750 3007 2816 ἐστι,
3059 2750 3425 2805 συνδιολέσθαι
3453 2752 3566 2814 τοῖς
3614 2751 3836 2804 τεκοῦσι

2239 2842 2309 2896 τὰ
2357 2843 2416 2908 ἑξ
2454 2843 2675 2910 αὐτῶν,
2742 2845 2834 2897 καὶ
2887 2844 2964 2909 ὡς
3006 2843 3133 2915 χοῦν
3166 2844 3199 2915 ἢ
3233 2844 3380 2898 κόνιν
3441 2844 3834 2917 ραγδαιοτάτου

2241 2935 2554 3008 πνεύματος
2578 2935 2990 3008 διαριπισθῆναι
3040 2935 3388 3007 προσὸολαῖς.
3433 2935 3751 3007 Ἀνειμένην
3775 2932 3834 2986 δὲ

551 3039 655 3085 est.
682 3025 875 3083 Incidit
897 3027 1042 3081 enim
1079 3028 1411 3095 quandoque
1434 3023 1574 3093 ignis
1611 3031 1667 3077 et
1695 3021 1750 3076 in
1781 3029 2042 3089 segetem,
2086 3025 2140 3074 et

2242 3029 2417 3100 φλόγα
2454 3031 2588 3101 φησι
2615 3029 2713 3102 τὴν
2755 3029 2846 3083 ὑπ’
2901 3028 3117 3096 οὐδενὸς
3167 3029 3558 3101 σϐεννυμένην.
3625 3029 3834 3100 Ἐμπέ-

553 3122 611 3177 in
641 3123 816 3186 vites,
864 3135 968 3174 non
1015 3128 1195 3173 tamen
1244 3119 1630 3179 incenduntur,
1657 3113 1784 3184 quia
1828 3111 1981 3168 multi
2019 3125 2144 3168 suc-

553 3216 803 3271 currunt,
842 3221 942 3261 nec
968 3204 1153 3259 sinunt
1190 3218 1315 3260 eum
1341 3203 1697 3269 invalescere,
1730 3208 1971 3270 utagros
1993 3199 2140 3256 nullo
2167 3177 2213 3242 ο

555 3299 878 3370 prohibente
912 3297 1286 3368 depopuletur.
1303 3293 1571 3350 Caeterum
1603 3293 1650 3349 si
1682 3291 1861 3347 nullus
1895 3291 2133 3358 laborat,

557 3407 658 3447 nec
696 3390 926 3444 ulterius
952 3403 1172 3445 cursum
1209 3386 1441 3441 ﬂammae
1473 3384 1720 3455 impedit,
1756 3395 1883 3438 tunc
1910 3398 2140 3438 accensa

554 3486 684 3548 erit,
735 3493 790 3536 et
845 3482 1040 3544 hbera,
1085 3489 1140 3533 et
1198 3477 1464 3534 ell‘renate
1512 3477 1874 3546 quodcunque
1922 3475 2141 3530 obvium

559 3572 804 3627 invadet.
848 3567 1028 3635 Quare
1063 3566 1171 3622 Deo
1220 3567 1588 3634 omnipotente
1649 3564 1861 3620 bellicis
1911 3565 2142 3620 calami-

561 3665 764 3721 tatibus
805 3680 900 3718 eos
960 3660 1271 3730 objiciente,
1340 3666 1398 3713 et
1451 3666 1804 3714 sacrosancto
1884 3655 2142 3726 suffragio

560 3758 856 3819 tnultante,
900 3768 1022 3808 cum
1072 3751 1250 3806 nullus
1291 3750 1532 3807 omnium
1589 3750 1903 3806 subveniret
1949 3768 1964 3804 :
2017 3749 2144 3807 hinc

559 3864 844 3906 accensam
896 3846 1090 3913 fact-tn,
1139 3845 1346 3916 optimo
1379 3844 1505 3913 jure
1551 3844 1687 3898 iratn
1742 3845 2008 3901 nominat.
2075 3841 2144 3898 Ut

558 3946 702 3999 enim
738 3943 931 3997 beatus
954 3941 1128 3996 Muses
1155 3941 1272 3993 ait:
1309 3954 1329 3990 ι
1364 3935 1504 3992 Deus
1531 3945 1714 3991 noster
1745 3936 1885 4005 ignis
1945 3949 2142 3992 consu-

561 4052 716 4092 mens
761 4043 865 4090 est.
913 4034 978 4088 Et
1020 4033 1064 4088 si
1086 4033 1342 4087 clauserit
1406 4038 1599 4084 contra
1653 4028 1950 4094 hominem,
2020 4029 2144 4098 quis

558 4128 852 4201 aperiet“?
887 4147 905 4180 ι
943 4125 1036 4181 llis
1100 4127 1262 4196 igitur
1308 4122 1528 4178 divinus
1588 4121 1756 4177 David
1807 4120 2008 4175 accinit
2063 4120 2147 4174 di-

558 4239 693 4278 cens
724 4240 739 4276 :
773 4238 792 4272 t
827 4220 909 4275 Tu
953 4217 1340 4283 formidabilis,
1364 4231 1396 4270 0
1426 4214 1676 4278 Domine,
1710 4214 1900 4282 ecquis
1929 4210 2145 4267 resistet

565 4319 663 4372 tibi
690 4315 751 4369 ’τ
797 4333 816 4367 ι
849 4311 1113 4369 Omnibus
1135 4309 1299 4380 igitur
1344 4307 1550 4362 viribus
1590 4303 1892 4376 eﬂugienda
1919 4313 2003 4360 est
2030 4302 2146 4358 bzec

565 4411 667 4473 ira,
712 4417 898 4478 utpote
927 4402 1187 4460 terribilis
1216 4413 1269 4455 et
1302 4397 1647 4454 inevitabilis.
1680 4395 1863 4466 Itaque
1889 4397 2147 4449 docemur

564 4503 620 4557 in
645 4500 897 4572 precibus
923 4498 1104 4551 dicere
1131 4513 1145 4550 :
1175 4512 1194 4547 ι
1235 4491 1482 4558 Domine,
1515 4504 1583 4545 ne
1605 4489 1660 4544 in
1685 4489 1868 4544 l'nrore
1891 4497 1984 4542 tuo
2024 4488 2147 4543 red-

2242 3138 2429 3175 πτωκε
2486 3121 2586 3192 μὲν
2622 3121 2732 3193 γὰρ
2775 3121 2808 3192 ἢ
2849 3119 3021 3192 ληίοις
3076 3121 3244 3192 ἤγουν
3283 3120 3552 3191 ἀμπέλοις
3601 3119 3712 3173 ἐσθ’
3741 3121 3836 3173 ὅτε

2243 3207 2385 3280 πῦρ·
2410 3209 2526 3262 ἀλλ’
2553 3208 2615 3262 οὑ
2644 3210 2868 3280 γέγονεν
2898 3211 3215 3283 ἀνημμένη,
3269 3211 3656 3282 ἑπαμυνόντων
3705 3210 3835 3265 πολ-

2239 3297 2368 3364 λῶν,
2415 3299 2510 3352 καὶ
2547 3299 2864 3370 προσελθεῖν
2896 3300 2997 3354 οὐκ
3029 3299 3266 3366 ἐώντων,
3307 3298 3432 3354 οὔτε
3466 3301 3573 3371 μὴν
3599 3301 3837 3354 ἁδιακωο

2239 3390 2416 3456 λύτως
2457 3391 2859 3462 κατανέμεσθαι
2883 3393 3011 3456 τοὺς
3044 3393 3270 3462 ἀγρούς.
3311 3392 3607 3457 Πονοῦντος
3635 3393 3693 3446 δὲ
3736 3393 3834 3447 οὐ·

2240 3482 2407 3548 δενὺς,
2459 3483 2630 3553 ἧγουν
2664 3483 3062 3549 ἀνακόπτοντος
3087 3485 3179 3538 τὸν
3209 3486 3468 3540 ἐπέκεινα
3508 3485 3707 3558 δρόμον
3734 3487 3837 3558 τῆς

2243 3572 2460 3643 φλογὸς,
2498 3573 2621 3627 τότε
2665 3573 2731 3645 δὴ
2778 3573 2896 3627 τότε
2936 3578 3031 3629 καὶ
3079 3575 3374 3648 ἁνημμένη
3418 3595 3503 3642 τις
3544 3578 3697 3631 ἔσται
3739 3579 3837 3630 καὶ

2242 3666 2461 3734 ἄφετος,
2515 3665 2612 3719 καὶ
2667 3666 2920 3736 ἀχάλινος
2981 3661 3119 3722 οῦσα
3182 3668 3321 3739 πρὸς
3375 3671 3484 3724 πᾶν
3523 3668 3701 3723 ὁτιοῦν
3724 3669 3836 3723 τῶν

2244 3756 2684 3828 παρακειμένων.
2716 3757 2925 3810 Οὐκοῦν
2953 3759 3253 3830 ἐπειδήπερ
3297 3762 3418 3823 ταῖς
3461 3759 3554 3814 τοῦ
3595 3760 3836 3831 πολέμου

2246 3850 2553 3919 συμφοραῖς
2580 3847 2946 3919 ὑποφέροντος
2980 3851 3178 3915 αὐτοὺς
3214 3850 3309 3903 τοῦ
3345 3853 3522 3904 πάντα
3559 3852 3839 3922 ίσχύοντος

2243 3939 2400 4006 Θεοῦ,
2433 3942 2526 3993 καὶ
2567 3941 2691 4012 ὁσία
2726 3942 2892 4014 ψήφῳ
2929 3943 3274 4010 κολάζοντος,
3331 3945 3507 4009 οὐδεὶς
3558 3945 3836 4009 παντελῶς

2245 4031 2538 4102 ἑπαμύνων
2557 4027 2625 4104 ἦν
2643 4050 2657 4065 ο
2680 4034 2855 4108 ταύτῃ
2877 4052 2957 4089 τοι
2982 4037 3074 4089 καὶ
3102 4037 3247 4108 μάλα
3268 4037 3494 4100 εἰκότως
3512 4037 3838 4109 ἀνημμένην

2245 4119 2419 4191 φλόγα
2444 4119 2540 4192 τὴν
2568 4122 2737 4194 ὀργὴν
2766 4123 3045 4196 ὀνομάζει.
3091 4125 3179 4189 Ὠς
3205 4125 3314 4198 γάρ
3354 4144 3521 4198 φησιν
3560 4127 3589 4180 ὁ
3645 4129 3832 4198 μακά-

2247 4229 2361 4285 ριος
2404 4214 2609 4286 Μωσῆς
2636 4229 2649 4243 ·
2696 4232 2715 4268 t
2789 4215 2846 4268 ὐ
2903 4216 3038 4282 Θεὸς
3075 4216 3233 4288 ήμῶν
3276 4216 3387 4290 πῦρ
3437 4217 3837 4273 καταναλίσκον

2244 4303 2415 4372 ἐστὶν,
2447 4305 2542 4359 καὶ
2570 4307 2665 4361 ἑὰν
2705 4305 2893 4378 κλείσῃ
2910 4308 3052 4360 κατὰ
3095 4307 3408 4380 ἀνθρώπου,
3441 4309 3526 4374 τίς
3547 4309 3781 4377 ἀνοίξεις
3809 4329 3829 4361 s

2246 4397 2356 4450 Καὶ
2408 4396 2569 4451 τοῦτο
2621 4398 2779 4463 εἰδὼς
2810 4401 2839 4453 ὁ
2877 4399 3163 4464 θεσπέσιος
3208 4400 3375 4455 Δασὶδ
3421 4399 3648 4472 ψάλλει·
3689 4419 3708 4453 ι
3761 4402 3835 4453 Σὺ

2251 4490 2481 4563 φοϐερὸς
2519 4485 2591 4556 εῐ,
2633 4491 2729 4545 καὶ
2773 4491 2856 4556 τίς
2905 4493 3286 4566 ἀντιστήσεται
3349 4511 3431 4549 σοι
3462 4494 3574 4550 ἀπὸ
3609 4495 3706 4566 τῆς
3739 4495 3836 4565 ὀρ-

565 4607 762 4663 arguas
789 4606 895 4654 me,
929 4604 1030 4643 nec
1074 4589 1153 4642 ira
1195 4597 1286 4640 tua
1320 4584 1552 4654 castiges
1595 4598 1682 4638 me
1714 4582 1754 4638 ³.
1791 4598 1811 4634 ι
1857 4578 1970 4634 Νοιι
1996 4580 2140 4636 enim

2249 4586 2353 4655 γῆς
2406 4601 2533 4650 σονς
2568 4602 2587 4636 ι
2645 4585 2766 4656 Χρὴ
2806 4581 2900 4639 οῦν
2934 4586 3044 4657 ἄρα
3090 4589 3253 4641 παντὶ
3305 4587 3484 4642 σθένει
3521 4588 3837 4659 χρωμένους

565 4685 822 4740 acerbum
878 4690 964 4736 est
995 4677 1275 4750 castigari,
1310 4677 1406 4731 sed
1431 4691 1500 4730 ex
1544 4675 1624 4730 ira
1684 4673 1838 4743 quasi
1870 4684 1924 4727 et
1957 4673 2145 4726 furore

568 4781 621 4836 id
651 4789 844 4835 contra
895 4792 995 4832 nos
1021 4775 1161 4840 fieri,
1194 4783 1248 4828 et
1301 4771 1586 4826 molestum
1618 4777 1724 4832 est,
1771 4777 1827 4822 et
1888 4765 2148 4821 intolera-

567 4872 697 4929 bile.
744 4872 838 4926 Sic
877 4880 934 4925 et
984 4869 1276 4939 propheta:
1323 4884 1342 4917 ι
1376 4864 1614 4931 Castiga,
1665 4879 1685 4913 ι
1719 4858 1916 4929 inquit,
1973 4875 1994 4911 t
2027 4873 2147 4921 nos,

571 4964 822 5028 Domine,
853 4977 1041 5018 verum
1071 4963 1124 5014 in
1158 4957 1387 5026 judicio,
1423 4955 1606 5010 nonin
1637 4952 1862 5007 furore:
1937 4964 2004 5005 ne
2049 4964 2150 5005 nos

572 5059 640 5113 ad
665 5071 950 5112 numerum
974 5052 1361 5124 paucissintunt
1389 5048 1622 5115 redigas.
1662 5062 1680 5096 ι

2251 4676 2633 4747 παραιτεῖσθαι
2652 4679 2752 4748 τὴν
2772 4677 2964 4750 ὀργήν·
2996 4679 3225 4752 φοὸερὸν
3252 4681 3362 4754 γὰρ
3397 4682 3457 4735 τὸ
3501 4681 3711 4754 χρῆμα,
3743 4682 3837 4734 καὶ

2249 4768 2660 4836 δυσδιάφυκτονο
2710 4771 2804 4823 καὶ
2836 4770 2966 4838 γοῦν
2995 4770 3353 4843 δεδιδάγμεθα
3375 4773 3556 4842 λέγειν
3585 4776 3642 4827 ὲν
3674 4791 3839 4845 προσ-

2248 4861 2468 4930 ευχαῖς·
2525 4879 2543 4912 t
2587 4845 2784 4931 Κύριε,
2847 4863 2923 4934 μὴ
2966 4863 3044 4934 τῷ
3092 4863 3249 4935 θυμῷ
3300 4881 3392 4918 σου
3443 4865 3670 4940 ἐλέγξῃς
3729 4883 3832 4936 με,

2253 4950 2390 5022 μηδὲ
2411 4955 2477 5023 τῇ
2503 4951 2639 5023 ὀργῇ
2677 4968 2770 5006 σου
2794 4953 3090 5024 παιδεύσῃς
3115 4971 3204 5024 με.
3247 4974 3265 5006 ι
3301 4956 3373 5008 υὺ
3402 4954 3508 5027 γὰρ
3536 4956 3704 5022 ἐστιν,
3735 4959 3837 5010 οὐκ

2252 5044 2399 5098 ἑστιν
2440 5045 2502 5098 τὸ
2541 5044 2892 5100 παιδεύεσθαι
2922 5045 3178 5116 χαλεπόν.
3205 5048 3466 5119 ⁴1ὀρτικὺν
3490 5049 3548 5101 δὲ
3585 5049 3678 5102 καὶ
3707 5049 3838 5101 δύσ-

573 5168 778 5216 οιστον,
808 5152 870 5206 τὸ
914 5153 974 5205 ἑν
1018 5150 1157 5221 ὀργῇ
1197 5147 1292 5201 καὶ
1334 5142 1494 5215 θυμῷ
1535 5139 1695 5196 τοῦτο
1731 5138 2070 5213 πράττεσθαι
2112 5139 2232 5195 καθ’
2265 5140 2426 5212 ἡμῶν
2455 5157 2468 5170 ·
2507 5139 2650 5195 οὕτω
2688 5141 2784 5196 καὶ
2823 5145 2852 5196 ὁ
2898 5145 3185 5216 προφήτης
3226 5144 3412 5214 ἔλεγεν
3436 5163 3450 5177 ·
3487 5163 3506 5197 ι
3545 5146 3840 5199 Παίδευσον

573 5250 743 5322 ἡμᾶς,
790 5247 984 5319 Κύριε,
1020 5243 1158 5316 πλὴν
1186 5245 1243 5297 ἑν
1277 5239 1478 5313 κρίσει,
1509 5238 1604 5292 καὶ
1651 5235 1728 5308 μὴ
1781 5236 1839 5288 ἐν
1874 5233 2052 5305 θυμῷ,
2094 5234 2182 5288 ῖνα
2223 5233 2300 5304 μὴ
2334 5233 2548 5304 ὀλίγους
2595 5236 2743 5306 ἡμᾶς
2779 5237 3034 5306 ποιήσῃς.
3075 5254 3094 5288 ο

640 5335 1030 5395 Vens.25.Non
1048 5336 1184 5390 enim
1202 5335 1281 5388 t-ol
1289 5339 1474 5386 uerunt
1491 5331 1651 5400 legem
1668 5327 1879 5381 Domini
1897 5326 2155 5390 Sabaoth,

574 5436 666 5492 sed
697 5433 972 5486 oraculum
1005 5427 1174 5482 sancti
1213 5423 1432 5479 lsraelt‘s
1458 5423 1761 5476 irritarunt.
1820 5417 1886 5470 Et
1923 5434 2155 5472 commo-

575 5538 660 5582 tus
687 5539 763 5580 est
787 5528 966 5595 lurore
994 5519 1248 5574 Dominus
1287 5515 1521 5571 Sabaoth
1564 5514 1618 5566 in
1651 5509 1900 5581 populum
1965 5527 2154 5573 suum,

2335 5327 2417 5379 Οὺ
2446 5325 2558 5395 γὰρ
2598 5326 2912 5396 ἠθέλησαν
2938 5330 3044 5382 τὸν
3066 5331 3256 5400 νόμον
3303 5331 3526 5399 Κυρίου
3573 5330 3840 5392 Σαϐαὼθ.

2262 5418 2421 5472 ἀλλὰ
2469 5419 2536 5472 τὸ
2579 5419 2788 5489 λόγιον
2819 5419 2926 5474 τοῦ
2950 5421 3122 5490 ἁγίου
3167 5423 3413 5490 Ἰσραὴλ
3457 5421 3839 5489 παρώξυναν.

2263 5511 2371 5564 Kal
2405 5509 2676 5580 ἐθυμώθη
2710 5510 2857 5581 ὀργῇ
2890 5513 3103 5580 Κύριος
3130 5511 3371 5566 Σαϐαὼθ
3401 5512 3497 5565 ἐπὶ
3539 5512 3648 5564 τὸν
3689 5512 3844 5566 λαὸν

577 5633 623 5679 et
654 5618 830 5690 nqecit
856 5629 1070 5670 martum
1095 5613 1149 5666 in
1171 5627 1281 5676 eos,
1316 5619 1361 5664 et
1383 5607 1638 5678 percussit
1662 5620 1772 5667 eos,
1795 5613 1840 5657 et
1860 5601 2132 5656 exacerbat

2263 5601 2473 5668 αὐτοῦ,
2499 5604 2596 5658 καὶ
2629 5604 2884 5659 ἐπέϐαλε
2919 5604 3033 5672 τὴν
3065 5603 3233 5674 χεῖρα
3263 5602 3450 5658 αὑτοῦ
3475 5603 3569 5659 ἐπ’
3593 5601 3843 5670 αὐτοὺς.

659 5774 865 5832 tDeut.
895 5787 972 5840 IV,
1004 5770 1095 5826 2i.
1172 5773 1191 5802 ³
1219 5765 1360 5825 ΡευΙ.
1397 5777 1559 5830 Lxxv,
1595 5761 1648 5815 8.
1729 5759 1747 5791 ³
1775 5757 1916 5816 Psal.
1959 5771 2032 5825 vt,
2063 5758 2116 5813 θ.
