4742 6492
540 410 643 466 165

1681 403 1748 461 ΙΝ
1793 403 2029 461 lSAlAlll
2072 403 2198 459 LIB.
2238 402 2282 462 Ι.
2322 404 2534 464 ORAT.
2580 407 2668 464 IV.

3725 402 3828 458 tuo

534 525 630 581 καί
660 522 967 588 ἐπάταξεν
991 520 1238 588 αὐτοὺς,
1269 520 1369 576 καὶ
1391 523 1753 593 παρωξύνθη
1783 524 1856 579 τὰ
1881 524 2011 594 ὄρη,
2031 524 2131 579 καὶ
2161 531 2206 586 Α
2234 535 2356 580 sunt
2379 544 2407 579 ιι

1953 543 2011 592 η,
2031 524 2131 579 καὶ
2161 531 2206 586 Α
2234 535 2356 580 sunt
2379 538 2599 596 montes,
2621 540 2667 581 et
2688 525 2796 598 97
2812 527 2955 597 facta
2997 532 3121 581 sunt
3141 522 3438 579 morticinio
3486 538 3664 579 eorum
3691 526 3826 578 velut

534 616 785 688 ἐγενήθη
819 614 895 669 τὰ
921 614 1247 685 θνησιμαῖα
1276 614 1482 670 αὐτῶν
1523 616 1605 683 ὡς
1631 617 1847 686 κοπρία
1875 617 2132 687 ἐνμέσῳ

537 710 697 766 ὀδοῦ.

616 803 672 855 '0
730 799 1048 871 σοφώτατος
1089 798 1362 872 Ἱερεμίας
1398 802 1519 865 ταῖς
1546 799 1657 855 τῶν
1691 800 1965 857 Ἰουδαίων
1986 802 2133 873 ἀμα-

540 894 704 958 θείαις
738 909 800 946 τε
836 893 933 947 καὶ
962 892 1291 963 ύπεροψίαις
1337 893 1660 963 ἐπιπλήττει
1691 892 1867 962 λέγων
1893 911 1908 925 ·
1950 912 1969 945 ι
2006 893 2134 957 Πῶς

542 987 731 1055 ἐρεῖτε,
765 984 851 1036 ὅτι
886 982 1049 1051 Σοφοί
1109 984 1278 1055 ἐσμεν
1330 985 1512 1055 ἡμεῖς,
1566 984 1663 1037 καὶ
1706 984 1869 1055 νόμος
1924 984 2133 1054 Κυρίου

544 1077 654 1150 μεθ’
681 1074 841 1147 ἡμῶν
876 1076 1064 1140 ἑστινς
1115 1075 1210 1140 Εἰς
1248 1076 1425 1147 μάτην
1456 1075 1691 1145 ἐγενήθη
1728 1076 1958 1145 σχοῖνος,
1995 1075 2132 1144 ψευι

541 1172 629 1241 δὴς
653 1168 1042 1241 γραμματεὺς,
1075 1167 1427 1240 ᾐσχύνθησαν
1453 1169 1630 1238 σοφοὶ,
1665 1168 2010 1238 ὲπτοήθησαν
2042 1169 2135 1221 καὶ

542 1263 798 1316 ἑάλωσαν.
823 1260 999 1330 Σοφία
1028 1261 1113 1324 τίς
1151 1263 1300 1314 ἐστιν
1343 1262 1400 1313 ὲν
1433 1262 1650 1326 αὐτοῖς;
1697 1262 1821 1315 Ὅτι
1848 1261 1941 1313 τὸν
1976 1260 2135 1330 λόγον

544 1353 741 1423 Κυρίου
765 1351 1205 1423 ἀπεδοκίμασαν.
1221 1372 1239 1404 ι
1266 1352 1621 1423 Προσήκαντο
1638 1352 1737 1424 μὲν
1760 1352 1868 1425 γὰρ
1884 1351 2137 1422 οὐδαμῶς

543 1448 599 1501 τὸ
647 1448 917 1517 κήρυγμα
959 1446 1021 1498 τὸ
1075 1446 1466 1516 εύαγγελικόν·
1504 1445 1621 1500 ἀλλ’
1656 1446 1780 1500 οὐδὲ
1826 1446 1991 1499 αὑτὸν
2044 1445 2136 1499 τὸν

544 1536 624 1591 διὰ
664 1535 913 1598 Μωσέως
953 1537 1283 1607 τετιμήκασι
1338 1535 1524 1605 νόμον.
1565 1534 1655 1599 Ὠς
1696 1536 1807 1608 γὰρ
1849 1536 2014 1599 αὐτὸς
2056 1534 2137 1588 εἴ·

549 1644 703 1699 ρηκεν
733 1630 761 1681 ὁ
790 1626 1067 1699 Χριστός·
1098 1644 1117 1678 ι
1165 1628 1227 1681 El
1262 1626 1578 1682 ἐπιστεύετε
1620 1629 1817 1700 Muta-ﬁ,
1856 1628 2137 1681 ἐπιστεύε-

546 1739 599 1775 τε
638 1720 701 1774 ἃν
742 1720 901 1790 ἐμοί’
953 1720 1083 1789 περὶ
1114 1719 1223 1791 γὰρ
1268 1720 1403 1792 ἐμοῦ
1436 1722 1646 1785 ἐκεῖνος
1674 1720 1945 1793 ἔγραψεν.
1979 1739 1997 1771 ι
2035 1722 2140 1774 Πε-

546 1812 973 1885 πλημμελήκασι
1021 1813 1200 1866 τοίνυν
1228 1814 1346 1866 κατ’
1373 1812 1562 1884 ἄμφω,
1598 1814 1694 1867 καὶ
1728 1813 2138 1886 ἀπεδοκίμασαν

2236 615 2394 684 ﬁmus
2415 617 2471 670 in
2502 617 2671 671 medio
2706 619 2824 672 vite.

2311 790 2762 863 Sapientissimus
2803 790 3070 847 Jeremias
3118 788 3390 846 inscitiam
3429 787 3737 845 Iudaeorum
3775 797 3831 845 et

2239 882 2549 951 superbiam
2580 892 2752 947 taxat,
2798 881 3023 939 dicens:
3066 900 3086 934 ι
3121 880 3405 949 Quomodo
3450 881 3665 949 dicetis,
3725 880 3831 937 Sa-

2240 976 2455 1045 pientes
2488 990 2677 1030 sumus
2723 990 2823 1031 nos
2850 1014 2865 1041 ,
2906 984 2961 1029 et
3002 974 3087 1030 lex
3125 974 3336 1029 Domini
3376 975 3518 1044 apud
3549 990 3647 1029 nos
3710 977 3831 1030 e-t?

2244 1066 2427 1122 Vanus
2455 1067 2629 1122 factus
2658 1078 2742 1122 est
2767 1066 2990 1137 juncus,
3016 1066 3249 1122 mendax
3291 1067 3507 1132 scriba;
3558 1066 3831 1137 podel’acti

2240 1168 2371 1216 sunt
2403 1160 2696 1230 sapientes,
2754 1161 3028 1231 perterriti
3074 1173 3223 1226 sunt,
3279 1170 3334 1216 et
3364 1160 3507 1229 capti
3554 1173 3697 1215 sunt.
3732 1161 3833 1214 Sa:

2244 1254 2445 1323 pientia
2506 1269 2755 1323 quaenam
2801 1252 2909 1308 illis
2971 1252 3214 1308 inest‘?
3271 1253 3538 1319 Quoniam
3601 1255 3827 1306 verbum

2244 1344 2458 1400 Domini
2510 1354 2899 1415 respuerant.»
2953 1344 3140 1415 Neque
3182 1345 3328 1401 enim
3388 1346 3833 1414 prtedicationeni

2245 1438 2521 1510 Evangelii
2550 1439 2910 1504 admiserunt,
2943 1438 3052 1494 imo
3079 1453 3178 1493 nec
3209 1438 3379 1506 ipsam
3406 1439 3579 1507 legem
3625 1453 3654 1491 a
3686 1437 3833 1492 Mose

2247 1533 2501 1587 traditam
2521 1530 2845 1586 coluerunt:
2881 1530 3120 1585 utetiam
3157 1531 3274 1600 ipse
3301 1529 3549 1585 Christus
3578 1531 3827 1584 dixerat:

2251 1643 2270 1677 ι
2318 1623 2375 1678 Si
2411 1623 2781 1678 credidissetis
2851 1621 3009 1688 Mosi,
3060 1622 3434 1677 credidissetis
3481 1623 3645 1677 mihi:
3705 1639 3831 1676 nam

2247 1718 2315 1773 de
2342 1733 2425 1771 me
2452 1717 2540 1771 ille
2563 1717 2783 1787 scripsit
2808 1717 2851 1770 ⁸.
2889 1734 2906 1767 ι
2946 1714 3150 1770 Contra
3207 1718 3499 1786 utrumque
3527 1730 3657 1787 ergo
3708 1715 3830 1770 deli:

2246 1818 2505 1879 querunt,
2541 1817 2596 1863 et
2652 1807 2748 1863 Dei
2780 1808 3004 1861 verbum
3048 1807 3402 1877 repudiarunt
3474 1807 3675 1869 tniseri,
3738 1821 3833 1861 ne-

547 1909 593 1960 ol
634 1906 851 1961 δείλαιοι
881 1905 977 1958 τὸν
996 1904 1089 1960 τοῦ
1130 1904 1267 1959 Θεοῦ
1301 1904 1495 1974 λόγον,
1534 1906 1673 1977 μήτε
1714 1907 1813 1969 τάς
1848 1906 1937 1960 διὰ
1968 1908 2137 1978 νόμου
2171 1902 2213 1957 Β
2243 1916 2347 1971 que
2378 1917 2420 1969 pa

1968 1908 2137 1978 νόμου
2171 1902 2213 1957 Β
2243 1916 2347 1971 que
2378 1901 2764 1969 praedictiones
2794 1899 2993 1969 legales
3016 1908 3073 1953 ut
3097 1913 3255 1953 veras
3280 1900 3622 1969 recipientes,
3659 1914 3832 1968 neque

550 1995 973 2068 προαγορεύσεις
994 1996 1071 2060 ὼς
1096 1995 1317 2067 ἀληθεῖς
1346 1995 1648 2067 δεχόμενοι,
1713 1997 1853 2069 μήτε
1902 1997 2008 2068 μὴν
2043 1998 2136 2051 τὸν

552 2087 805 2156 σωτήριον
842 2085 1206 2153 εύαγγελικδν
1243 2084 1629 2148 ἐπαινέσαντες
1656 2083 1831 2154 λόγον.
1867 2086 2138 2157 Ταύτῃτοι

550 2178 631 2232 διὰ
654 2178 1120 2248 φωνῆςΊερεμίου
1147 2179 1276 2250 περὶ
1302 2178 1483 2232 αὐτῶν
1512 2177 1615 2250 ἔφη
1640 2177 1793 2241 Θεός·
1813 2197 1831 2229 ι
1858 2179 2002 2251 Πρὸς
2018 2180 2141 2233 τίνα

552 2268 777 2341 λαλήσω,
812 2270 913 2323 καὶ
937 2268 1404 2341 διαμαρτύρομαι,
1437 2270 1531 2323 καὶ
1570 2269 1985 2336 είσακούσεται;
2029 2270 2139 2325 nos

553 2361 890 2433 ἀπερίτμητα
917 2361 989 2415 τά
1010 2355 1125 2415 ὦτα
1154 2362 1356 2427 αὐτῶν,
1388 2363 1485 2417 και
1503 2363 1563 2416 οὐ
1600 2362 1854 2416 δύνανται
1897 2362 2136 2418 ἀκούειν.

565 2446 684 2500 Ἰδοὺ
702 2446 763 2499 τὸ
791 2446 953 2518 ῥῆμα
982 2447 1191 2515 Κυρίου
1219 2446 1454 2518 ἐγενήθη
1480 2448 1663 2511 αὐτοῖς
1693 2449 1772 2512 είς
1798 2448 2102 2519 όνειδισμόν
2125 2464 2134 2476 ·

555 2536 609 2590 ού
629 2538 700 2607 μὴ
729 2535 1075 2608 βουληθῶσιν
1106 2536 1239 2589 αὐτὸ
1268 2534 1511 2590 ἀκούειν.
1549 2555 1567 2587 ι
1605 2534 2002 2601 Κατωνείδιζον
2029 2535 2140 2606 γάρ

554 2629 609 2681 τὸ
633 2630 778 2702 ῥῆμα
823 2628 1091 2701 Χριστοῦ,
1122 2632 1235 2691 τοῖς
1272 2629 1645 2700 ἀκροωμένοις
1679 2630 1808 2700 περὶ
1852 2626 2015 2683 αὑτοῦ
2049 2627 2139 2681 λέ-

556 2734 730 2788 γοντες
756 2734 770 2749 ο
798 2738 817 2771 ι
868 2718 1167 2789 Δαιμόνιον
1219 2718 1355 2789 ἔχει,
1399 2721 1493 2773 καὶ
1561 2718 1835 2790 μαίνεται,
1882 2720 1937 2771 τί
1972 2717 2140 2771 αὑτοῦ

555 2811 805 2879 datadata;
836 2830 856 2864 ι
914 2811 1129 2865 Οὐκοῦν
1165 2810 1466 2884 ἐπειδήπερ
1498 2811 1599 2864 ούκ
1624 2810 1894 2882 ⁴ἠθέλησαν
1920 2811 2014 2865 τὸν
2049 2816 2140 2865 νό-

562 2922 651 2976 μον
678 2905 882 2976 Κυρίου
917 2902 1174 2969 Σαΰαὼθ,
1207 2903 1572 2976 παρώτρυναν
1623 2902 1680 2957 δὲ
1718 2904 1813 2958 καὶ
1856 2904 1919 2957 τὸ
1957 2903 2139 2972 λόγιον

558 2995 641 3049 τοῦ
664 2997 817 3065 ἁγίου
860 2994 1112 3068 Ἰσραὴλ,
1160 2994 1304 3048 τοῦτ’
1342 2996 1481 3060 ἐστι,
1506 2993 1745 3067 Χριστοῦ
1770 3014 1784 3028 ·
1825 2994 2138 3067 Ἐθυμώθη,

560 3092 729 3159 φησιν,
776 3090 947 3161 ὀργῇ,
993 3089 1091 3143 καὶ
1130 3088 1402 3155 ἐπάταξεν
1432 3087 1651 3154 αὐτοὺς,
1681 3090 1778 3143 καὶ
1806 3088 2137 3161 παρωξύνθη

2239 1994 2461 2048 salutari
2513 1992 2932 2063 evangelicoque
2971 1990 3212 2045 sermoni
3264 1989 3645 2059 suﬂ‘ragantes.
3673 1990 3835 2045 Idcir-

2239 2100 2306 2141 co
2338 2100 2469 2140 voce
2496 2081 2749 2139 Jerentiae
2780 2084 2846 2138 de
2890 2083 3025 2152 ipsis
3070 2082 3283 2137 locutus
3330 2091 3414 2136 est
3443 2082 3627 2137 Deus:
3672 2099 3692 2134 ι
3753 2083 3833 2135 Ad

2240 2192 2401 2248 quem
2435 2178 2646 2248 loquar,
2712 2185 2769 2232 et
2817 2177 3191 2241 contestabor,
3218 2186 3275 2231 et
3325 2174 3626 2230 exaudiet?
3696 2174 3835 2228 Ecca

2243 2268 2640 2324 incircumcisze
2682 2283 2844 2323 aures
2906 2283 3135 2333 eorum,
3188 2281 3291 2322 nec
3346 2276 3575 2337 possunt
3623 2266 3830 2320 audire.

2244 2360 2384 2417 Ecce
2434 2361 2661 2415 verbum
2715 2357 2933 2415 Domini
2991 2358 3195 2413 factum
3247 2369 3332 2413 est
3378 2356 3485 2412 illis
3535 2356 3587 2412 in
3632 2370 3834 2425 Oppio-

2241 2452 2443 2508 brium.
2492 2450 2695 2507 Nolunt
2731 2452 2861 2506 illud
2895 2452 3085 2507 audire
3114 2452 3157 2508 ⁸.
3193 2470 3212 2504 ι
3250 2450 3472 2506 Probris
3500 2450 3643 2505 enim
3685 2462 3837 2504 com-

2244 2545 2585 2600 macularunt
2620 2547 2843 2599 verbum
2887 2542 3139 2609 Domini,
3196 2558 3319 2598 cum
3353 2544 3420 2599 de
3462 2543 3579 2613 ipso
3610 2541 3835 2596 audieno

2240 2638 2387 2693 tibus
2412 2637 2705 2692 dicerent:
2767 2654 2787 2688 r
2831 2634 3167 2691 Daemonium
3231 2633 3434 2698 habet,
3480 2643 3534 2689 et
3589 2631 3833 2699 insanit;

2242 2728 2371 2797 quid
2424 2727 2573 2781 illum
2615 2726 2861 2784 auditis'
2896 2726 2921 2780 ?
2963 2744 2982 2781 ι
3023 2726 3158 2781 Cum
3211 2741 3343 2798 ergo
3386 2725 3560 2797 legem
3620 2724 3831 2781 Domini

2244 2819 2483 2876 Sabaoth
2535 2835 2641 2874 non
2678 2819 2971 2884 voluerint,
3016 2818 3306 2874 irritarunt
3343 2818 3625 2873 oraculum
3657 2818 3834 2873 sancti

2251 2911 2456 2977 Israel,
2521 2912 2574 2966 id
2626 2918 2730 2977 est,
2785 2911 3010 2967 Christi.
3064 2911 3387 2965 Commotus
3441 2919 3560 2977 est,
3618 2908 3834 2979 inquit,

2245 3005 2450 3067 lurore,
2484 3014 2541 3059 et
2571 3003 2845 3074 percussit
2875 3017 2991 3069 eos,
3020 3011 3075 3059 et
3097 3001 3408 3058 exacerbati
3431 3010 3561 3056 sunt
3598 3010 3832 3056 montes.

2244 3096 2519 3165 Quasnam
2559 3096 2692 3150 dicit
2715 3096 2805 3151 hic
2832 3094 3088 3151 montes?
3117 3110 3295 3150 annon
3331 3093 3584 3149 videlicet
3632 3091 3835 3148 Roma-

558 3180 621 3234 τά
657 3180 773 3251 ὅρη.
808 3183 928 3236 Καὶ
959 3180 1087 3235 ποῖά
1117 3197 1283 3253 φησιν
1310 3182 1369 3235 ὲν
1401 3180 1611 3244 τούτοις
1640 3181 1781 3252 δρη;
1818 3182 1852 3254 ἢ
1894 3180 2138 3253 δηλονότι
2169 3238 2211 3259 ﬂ
2248 3205 2376 3244 num
2421 3188 2431 3244 i

1962 3180 2138 3235 λονότι
2169 3238 2211 3259 η
2248 3205 2376 3244 unm
2421 3188 2706 3259 imperium
2738 3195 2958 3259 propter
3001 3184 3345 3258 splendorem
3393 3186 3599 3255 gloriae,
3649 3199 3703 3242 et
3749 3186 3834 3241 di-

559 3273 650 3337 τάς
682 3238 976 3345 ῙΡιυμαίων
1007 3238 1204 3346 ἀρχάς,
1247 3271 1337 3327 διά
1374 3290 1457 3327 τοι
1491 3272 1552 3326 τὸ
1578 3238 1636 3326 έν
1828 3238 2139 3345 περιφανεῖ,
2168 3238 2212 3295 c

562 3367 648 3420 καὶ
687 3367 745 3421 τὸ
772 3369 830 3421 ὲύ
879 3366 1194 3438 ἀξιώμασιν
1228 3366 1575 3440 ἑπηρμένονς
1617 3366 1751 3420 ’Λπδ
1778 3367 1835 3421 δὲ
1876 3367 1972 3421 τοῦ
2003 3384 2145 3439 παρ-

563 3457 829 3529 οξυνθῆναι
857 3458 935 3513 τὰ
966 3458 1091 3530 ὅρη,
1118 3458 1343 3528 γέγονεν
1366 3457 1547 3511 αὐτῶν
1577 3458 1653 3522 ὼς
1684 3459 1889 3529 κοπρία
1917 3460 1986 3513 τὰ
2012 3459 2142 3529 θνη-

566 3556 763 3621 σιμαῖα,
794 3551 946 3607 τοῦτ’
980 3552 1153 3615 ἔστιν,
1198 3553 1246 3605 οἱ
1281 3553 1346 3605 ἐκ
1377 3550 1473 3605 τοῦ
1498 3550 1736 3621 πολέμου
1763 3550 1965 3622 νεκροὶ,
1995 3550 2143 3623 διερ-

567 3645 802 3716 ριμμένοι
828 3645 1109 3716 πανταχῆ,
1145 3644 1241 3699 καὶ
1261 3644 1404 3713 τάχα
1443 3659 1546 3697 που
1582 3642 1825 3712 κείμενοι
1876 3642 2140 3713 σωρηδὸν,

567 3738 652 3791 καὶ
670 3740 844 3793 πᾶσαν
873 3737 1063 3794 αὐτῶν
1084 3735 1429 3808 πιμπλάντες
1450 3733 1550 3809 τὴν
1567 3733 1773 3806 χώραν.
1806 3734 1918 3789 Καὶ
1940 3734 2144 3807 ἑτέρως

566 3830 618 3884 δὲ
646 3831 781 3887 κατά
815 3832 929 3885 τῶν
982 3828 1431 3903 παροτρυνόντων
1474 3827 1564 3882 διὰ
1592 3826 1691 3897 τῆς
1723 3824 2011 3889 ἀπειθείας
2050 3824 2144 3879 τὸν

566 3923 664 3976 τῶν
687 3925 820 3979 ὅλων
850 3923 1086 3995 Σωτῆρα
1130 3922 1285 3977 Θεόν.
1330 3918 1769 3993 Παροτρύνονται
1791 3919 1901 3992 γὰρ
1945 3921 2046 3992 ὅρη
2074 3919 2145 3974 τὰ

570 4016 738 4088 νοητὰ,
769 4016 919 4071 τοῦτ’
973 4015 1141 4080 ἐστιν,
1198 4013 1367 4085 ἀρχαὶ
1403 4017 1498 4067 καὶ
1526 4011 1792 4079 ἐξουσίαι,
1842 4013 1937 4067 καὶ
1957 4013 2008 4066 oi
2054 4029 2147 4067 κο-

572 4109 928 4181 σμοκράτορις
972 4105 1067 4160 τοῦ
1120 4104 1349 4169 σκότους
1375 4103 1591 4159 τούτου.
1623 4098 1700 4159 OB
1737 4102 1804 4175 δὴ
1835 4103 2143 4173 γεγονότος,

572 4201 709 4256 πᾶσα
755 4217 873 4264 πως
926 4197 1143 4268 ἀνάγκη
1192 4196 1282 4250 τὸν
1339 4194 1516 4267 ψυχῆς
1565 4195 1857 4265 ὑπομεῖναι
1915 4194 2147 4249 θάνατον

571 4294 684 4357 τοὺς
721 4289 1198 4363 ύπενηνεγμένους
1251 4288 1455 4351 αὐτοῖς.
1526 4286 1983 4360 Ἐπικουροῦντος
2046 4286 2145 4359 μὲν

572 4384 671 4457 γὰρ
705 4382 797 4439 τοῦ
823 4385 1007 4439 πάντα
1051 4379 1331 4451 ἰσχύοντος
1384 4377 1545 4443 Θεοῦ,
1578 4378 1684 4433 κᾶν
1736 4378 2147 4451 παροτρύνηται

575 4474 861 4547 καθ’ἡμῶν
880 4474 952 4528 τὰ
974 4472 1101 4544 ὅρη,
1144 4470 1302 4541 λόγος
1349 4469 1530 4524 αὐτῶν
1574 4469 1768 4533 οὐδείς.
1829 4468 2146 4539 Γέγραπται

2244 3282 2470 3353 gnitatis
2501 3279 2892 3337 eminentiam?
2923 3280 2999 3334 Eo
3020 3279 3163 3349 quod
3188 3279 3501 3335 exacerbati
3530 3289 3658 3335 sunt
3685 3295 3838 3333 mon-

2246 3384 2349 3440 tes,
2379 3375 2523 3431 facta
2548 3385 2679 3430 sunt
2709 3372 3017 3430 morticinia
3077 3389 3267 3429 eorum
3314 3374 3472 3445 quasi
3538 3373 3719 3439 ίίιιιυε,
3781 3373 3837 3428 id

2243 3475 2346 3532 est,
2381 3468 2471 3535 qui
2511 3466 2562 3520 in
2592 3464 2735 3521 bello
2762 3465 2958 3518 mortui
3017 3470 3163 3527 sunt,
3237 3463 3439 3532 passim
3491 3470 3548 3518 ct
3604 3464 3834 3532 sparsim

2244 3553 2471 3626 proiecti
2500 3563 2648 3615 sunt.
2684 3560 2739 3607 et
2768 3550 3068 3607 acervatim
3120 3548 3437 3621 iacuerunt,
3491 3549 3836 3604 universam-

2253 3663 2359 3719 que
2382 3646 2656 3717 regionem
2686 3658 2875 3700 eorum
2912 3643 3280 3713 repleverunt.
3321 3639 3631 3707 Quinetiam
3680 3640 3835 3695 aliter

2246 3741 2312 3797 de
2356 3741 2442 3797 bis
2480 3740 2571 3811 qui
2600 3754 2696 3809 per
2724 3738 3151 3796 inobedientiam
3198 3740 3442 3794 omnium
3481 3735 3835 3792 Servatorcm

2244 3834 2413 3889 Deum
2467 3832 2911 3896 cxscerbarunt,
2973 3828 3197 3901 intelligi
3239 3837 3443 3899 potest.
3503 3827 3828 3882 Exat-erbati

2245 3936 2372 3982 sunt
2399 3924 2544 3980 enim
2582 3931 2796 3979 montes
2816 3922 3215 3993 intelligibiles,
3236 3922 3289 3983 id
3320 3930 3429 3984 est,
3457 3919 3827 3988 principatus,

2246 4025 2299 4070 et
2324 4023 2643 4086 potestates,
2665 4020 2721 4066 et
2771 4013 2955 4067 mundi
3004 4011 3233 4079 domini;
3286 4020 3525 4067 rectores
3587 4007 3839 4066 tenebra-

2248 4124 2366 4163 rutn
2387 4108 2579 4162 harum
2607 4106 2652 4163 ⁸.
2677 4104 2830 4173 Quod
2863 4103 2954 4159 ubi
2979 4103 3060 4169 iit,
3091 4117 3186 4158 eos
3213 4103 3303 4174 qni
3326 4102 3524 4158 subditi
3559 4101 3665 4158 illis
3690 4111 3836 4167 sunt,

2252 4208 2484 4255 mortem
2529 4197 2725 4253 animae
2770 4198 2954 4254 subire
3003 4196 3226 4253 omnino
3255 4206 3341 4253 est
3390 4210 3695 4252 necessum.
3753 4194 3841 4251 Et-

2245 4291 2392 4347 enim
2434 4292 2544 4346 Deo
2570 4292 2779 4362 optimo
2808 4291 3046 4346 maximo
3075 4290 3353 4361 suppetias
3397 4289 3629 4353 ferente,
3665 4304 3839 4358 quan-

2246 4385 2445 4439 tumvis
2471 4393 2658 4439 contra
2684 4399 2784 4440 nos
2812 4385 3208 4440 excanduerint
3244 4393 3483 4449 montes,
3534 4383 3679 4439 nulla
3740 4396 3838 4437 eo-

2250 4491 2368 4530 rum
2397 4474 2536 4530 ratio
2563 4474 2817 4530 ltabenda
2842 4487 2947 4534 est.
2980 4475 3257 4546 Scriptum
3287 4488 3372 4531 est
3404 4476 3549 4531 enim
3577 4492 3590 4529 :
3620 4475 3841 4530 Castra-

574 4567 691 4639 γάρ,
713 4568 791 4623 ὅτι
822 4563 1178 4637 Παρεμδαλεῖ
1211 4562 1439 4632 ἄγγελος
1473 4561 1678 4635 Κυρίου
1707 4560 1893 4633 κύκλῳ
1916 4559 2026 4614 τῶν
2048 4577 2147 4630 φο-
2180 4579 2226 4636 D
2256 4565 2447 4620 metabi

1964 4559 2026 4613 ὒν
2048 4577 2147 4630 φο-
2180 4579 2226 4636 Ῑ)
2256 4565 2547 4620 metabitur
2575 4564 2801 4635 angelus
2866 4564 3077 4621 Domini
3130 4566 3277 4620 circa
3334 4565 3587 4620 timentes
3638 4568 3837 4635 ipsum,

578 4659 837 4730 δονμένων
870 4657 1057 4720 αὐτὸν,
1102 4655 1197 4709 καὶ
1250 4653 1474 4725 ῥύσεται
1535 4651 1754 4712 αὐτούς.
1796 4651 2149 4721 Ἀφιστάντος

575 4749 626 4803 δὲ
673 4750 768 4823 τὴν
811 4752 992 4821 χεῖρα,
1029 4746 1124 4801 καὶ
1166 4745 1268 4799 οὐκ
1313 4743 1393 4798 ἐτι
1445 4744 1643 4809 σώζειν
1695 4745 2049 4815 ἀνεχομένου,
2088 4745 2153 4799 τὸ

576 4843 812 4913 τηνικάδε
845 4838 1165 4911 κεισόμεθα,
1219 4838 1314 4891 καὶ
1354 4838 1598 4909 κοπρίων
1640 4836 1799 4909 δίκην
1833 4837 1938 4891 ὑπὸ
1983 4837 2152 4902 πόδας

576 4934 674 4990 τῶν
698 4934 906 5008 ἐχθρῶν
927 4932 1188 5006 ἐσόμεθα.

650 5044 771 5101 Ἐπὶ
819 5045 972 5102 πᾶσι
1022 5046 1260 5112 τούτοις
1317 5045 1432 5101 οὐκ
1483 5043 1841 5113 ἀπεστράφη
1870 5046 1905 5098 ό
1936 5045 2148 5116 θυμὸς,

581 5138 705 5193 ἀλλ’
757 5139 844 5194 ἔτι
875 5140 916 5208 ἠ
943 5139 1069 5208 χείρ
1134 5137 1374 5208 ὑψηλή.
1441 5136 1767 5206 Τοιγαροῦν
1810 5136 1947 5206 ἀρεῖ
1997 5138 2153 5192 σύσ-

583 5245 764 5299 σημον
791 5230 862 5283 ἑν
902 5229 1025 5296 τοῖς
1080 5230 1284 5284 ἔθνεσι
1338 5227 1466 5295 τοῖς
1520 5227 1778 5298 μακρὰν,
1826 5227 1924 5283 καί
1959 5228 2161 5298 συριεῖ

585 5321 770 5389 αὐτοῖς
794 5322 897 5376 ἀπ’
920 5322 1107 5391 ἄκρου
1138 5319 1252 5389 τῆς
1283 5320 1421 5391 τῆς.
1472 5320 1584 5376 Καὶ
1626 5320 1757 5375 ἰδοὺ
1809 5319 1961 5390 ταχὺ
2015 5322 2153 5375 κού-

588 5431 701 5482 φως
734 5415 1006 5485 ἔρχονται
1028 5433 1043 5447 ⁶
1062 5403 1145 5470 εὑ
1174 5413 1600 5477 πεινάσουσιν,
1633 5412 1779 5468 οὐδὲ
1822 5411 2152 5468 κοπιὰσου-

590 5521 711 5570 σιν,
750 5507 894 5563 οὐδὲ
947 5508 1385 5573 νυστάζουσιν,
1454 5505 1599 5560 οὐδὲ
1656 5504 2149 5575 κοιμηθήσονται,

591 5597 721 5652 οὐδὲ
772 5600 857 5669 μὴ
902 5604 1139 5657 ,λύσωσι
1191 5601 1300 5667 τὰς
1357 5598 1542 5666 ζώνας
1603 5598 1805 5654 αὐτῶν
1864 5599 1985 5654 ἀπὸ
2040 5598 2154 5665 τῆς

594 5689 807 5758 ὀσφύος
828 5690 1043 5760 αὐτῶν,
1064 5690 1191 5746 οὐδ’
1210 5693 1282 5746 οὐ
1292 5691 1381 5761 μὴ
1392 5690 1668 5762 ραγῶσιν
1687 5694 1742 5745 ol
1765 5690 2011 5760 ἱμάντες
2034 5689 2153 5744 τῶν

2246 4668 2301 4713 et
2329 4667 2488 4712 eruet
2530 4671 2647 4713 eos.
2682 4656 2778 4712 Sin
2815 4671 3034 4711 manum
3074 4657 3163 4713 ille
3202 4658 3558 4723 subtraxerit,
3597 4670 3696 4712 nec
3722 4657 3837 4727 jam

2248 4766 2469 4806 servare
2508 4749 2853 4815 sustinuerit,
2883 4756 3013 4807 tunc
3041 4749 3343 4819 jacebimus
3363 4792 3378 4814 ,
3409 4760 3465 4806 et
3500 4750 3643 4807 velut
3695 4760 3840 4806 ster-

2250 4856 2347 4897 cus
2373 4840 2599 4912 pedibus
2648 4840 2992 4897 inimicorum
3028 4842 3463 4897 substernemur.

2325 5042 2440 5115 98
2459 5042 2622 5098 Vens.
2640 5041 2830 5098 25-50.
2848 5042 2915 5098 In
2937 5045 3177 5099 omnibus
3201 5046 3281 5101 Itis
3294 5062 3398 5102 non
3419 5064 3603 5104 aversa
3629 5060 3705 5105 est
3734 5053 3840 5117 im,

2257 5139 2347 5192 sed
2379 5136 2555 5189 adhuc
2587 5151 2777 5189 manus
2802 5135 3031 5191 excelsa.
3069 5136 3265 5208 Itaque
3304 5138 3495 5194 levabit
3528 5142 3737 5211 signum
3782 5146 3838 5198 in

2258 5230 2503 5300 gentibus,
2539 5227 2860 5299 longinquis,
2899 5238 2949 5284 et
2993 5230 3289 5285 assibilobit
3336 5232 3443 5288 illis
3499 5233 3565 5287 ab
3608 5244 3840 5289 extremo

2258 5337 2433 5381 terra.
2472 5327 2541 5381 Et
2584 5336 2701 5377 ecce
2743 5322 2847 5375 cito
2904 5322 3085 5377 leviter
3122 5324 3378 5380 venient:
3425 5342 3529 5381 non
3585 5330 3837 5391 esuriem,

2261 5436 2423 5492 neque
2457 5419 2792 5482 laborabunt,
2838 5433 3000 5488 neque
3030 5419 3417 5485 clamitabunt,
3453 5438 3616 5490 neque
3657 5439 3841 5476 conso-

2258 5514 2486 5583 pientnr.
2527 5529 2690 5584 neque
2717 5512 2912 5567 solvent
2943 5513 3158 5583 cingula
3193 5530 3291 5568 sua
3330 5533 3361 5569 a
3395 5514 3574 5569 lumbo
3604 5531 3721 5581 suo,
3745 5532 3839 5569 ne-

2259 5620 2357 5674 que
2400 5616 2708 5672 rumpantur
2742 5603 2985 5673 corrigiw
3038 5603 3337 5659 calceorum
3395 5605 3627 5673 ipsorum
3655 5622 3675 5661 :
3717 5621 3844 5674 quo-

2262 5707 2379 5744 rum
2411 5690 2514 5745 tela
2551 5700 2709 5746 acuta
2738 5702 2884 5758 sunt,
2920 5701 2970 5747 et
3002 5709 3159 5748 arcus
3188 5709 3368 5748 eorum
3414 5695 3635 5749 extensi.
3670 5692 3840 5750 Pedes

657 5845 890 5904 Ἴθι-ειη.
923 5864 1035 5917 νιιι,
1090 5848 1146 5917 8,
1178 5851 1233 5905 9.
1309 5848 1330 5879 '
1357 5847 1513 5904 Joan.
1550 5860 1600 5915 ν,
1649 5844 1739 5902 46.
1820 5848 1841 5880 ⁸
1881 5844 2083 5903 Jerem.
2124 5862 2195 5915 νι,
2229 5847 2318 5902 10.
2397 5849 2412 5879 ⁷
2449 5846 2530 5903 lo:

1451 5863 1513 5904 tn.
1550 5860 1600 5915 ν,
1649 5844 1739 5902 46.
1820 5848 1841 5880 ⁸
1881 5844 2083 5903 Jerem.
2124 5862 2195 5915 νι,
2229 5847 2318 5902 10.
2397 5849 2412 5879 ⁷
2449 5846 2602 5904 Joau.
2638 5864 2690 5915 χ,
2717 5848 2807 5901 20.
2849 5848 2869 5879 ⁸
2898 5849 3090 5919 Epltes.
3130 5864 3205 5914 Vt,
3236 5848 3324 5902 12.
