  <div class='ocr_page' id='page_1' title='image "/cluster/home/n/w/nwhite01/storage/ocr_20150623/70/hvd.32044019207901/092.png"; bbox 0 0 4742 6486; ppageno 0'>
   <div class='ocr_carea' id='block_1_1' title="bbox 632 405 741 459">
    <p class='ocr_par' dir='ltr' id='par_1_1' title="bbox 632 405 741 459">
     <span class='ocr_line' id='line_1_1' title="bbox 632 405 741 459; baseline 0.009 -1"><span class='ocrx_word' id='word_1_1' title='bbox 632 405 741 459; x_wconf 72' lang='grc'><strong>169</strong></span> 
     </span>
    </p>
   </div>
   <div class='ocr_carea' id='block_1_2' title="bbox 1762 404 2717 467">
    <p class='ocr_par' dir='ltr' id='par_1_2' title="bbox 1762 404 2717 467">
     <span class='ocr_line' id='line_1_2' title="bbox 1762 404 2717 467; baseline 0.008 -8"><span class='ocrx_word' id='word_1_2' title='bbox 1762 404 1829 459; x_wconf 78' lang='lat' dir='ltr'><strong>IN</strong></span> <span class='ocrx_word' id='word_1_3' title='bbox 1861 405 2094 461; x_wconf 75' lang='lat' dir='ltr'><strong>lSAlAM</strong></span> <span class='ocrx_word' id='word_1_4' title='bbox 2136 406 2264 464; x_wconf 80' lang='lat' dir='ltr'><strong>LIB.</strong></span> <span class='ocrx_word' id='word_1_5' title='bbox 2306 409 2346 466; x_wconf 87' lang='grc' dir='ltr'><strong>Ι.</strong></span> <span class='ocrx_word' id='word_1_6' title='bbox 2384 408 2589 465; x_wconf 75' lang='lat' dir='ltr'><strong>ORAT.</strong></span> <span class='ocrx_word' id='word_1_7' title='bbox 2631 411 2717 467; x_wconf 83' lang='lat' dir='ltr'><strong>IV.</strong></span> 
     </span>
    </p>
   </div>
   <div class='ocr_carea' id='block_1_3' title="bbox 3782 426 3882 479">
    <p class='ocr_par' dir='ltr' id='par_1_3' title="bbox 3782 426 3882 479">
     <span class='ocr_line' id='line_1_3' title="bbox 3782 426 3882 479; baseline -0.02 0"><span class='ocrx_word' id='word_1_8' title='bbox 3782 426 3882 479; x_wconf 77' lang='grc' dir='ltr'><strong>1ἷο</strong></span> 
     </span>
    </p>
   </div>
   <div class='ocr_carea' id='block_1_4' title="bbox 628 519 2501 598">
    <p class='ocr_par' dir='ltr' id='par_1_4' title="bbox 628 519 2484 598">
     <span class='ocr_line' id='line_1_4' title="bbox 628 519 2484 598; baseline 0.003 -23"><span class='ocrx_word' id='word_1_9' title='bbox 628 525 726 575; x_wconf 87' lang='grc' dir='ltr'>λον</span> <span class='ocrx_word' id='word_1_10' title='bbox 753 522 849 573; x_wconf 81' lang='grc' dir='ltr'>καὶ</span> <span class='ocrx_word' id='word_1_11' title='bbox 887 519 1139 590; x_wconf 78' lang='grc' dir='ltr'>ἀπορίας.</span> <span class='ocrx_word' id='word_1_12' title='bbox 1170 521 1360 574; x_wconf 81' lang='grc' dir='ltr'>Σκοτοῐ</span> <span class='ocrx_word' id='word_1_13' title='bbox 1385 519 1493 592; x_wconf 80' lang='grc' dir='ltr'><strong>γὰρ</strong></span> <span class='ocrx_word' id='word_1_14' title='bbox 1521 522 1612 574; x_wconf 83' lang='grc' dir='ltr'>τὸν</span> <span class='ocrx_word' id='word_1_15' title='bbox 1640 522 1763 575; x_wconf 89' lang='grc' dir='ltr'>νοῦν</span> <span class='ocrx_word' id='word_1_16' title='bbox 1791 523 1861 576; x_wconf 85' lang='grc' dir='ltr'>τὰ</span> <span class='ocrx_word' id='word_1_17' title='bbox 1889 525 2216 595; x_wconf 77' lang='grc' dir='ltr'><strong>παγχάλεπα</strong></span> <span class='ocrx_word' id='word_1_18' title='bbox 2243 535 2289 588; x_wconf 78' lang='grc' dir='ltr'><strong>Α</strong></span> <span class='ocrx_word' id='word_1_19' title='bbox 2320 528 2484 598; x_wconf 90' lang='lat' dir='ltr'><strong>igitur</strong></span> 
     </span>
    </p>
   </div>
   <div class='ocr_carea' id='block_1_5' title="bbox 2008 519 3881 598">
    <p class='ocr_par' dir='ltr' id='par_1_5' title="bbox 2008 525 3881 598">
     <span class='ocr_line' id='line_1_5' title="bbox 2008 525 3881 598; baseline 0.01 -22"><span class='ocrx_word' id='word_1_20' title='bbox 2008 525 2216 595; x_wconf 84' lang='grc' dir='ltr'><strong>χάλεπα</strong></span> <span class='ocrx_word' id='word_1_21' title='bbox 2243 535 2289 588; x_wconf 78' lang='grc' dir='ltr'><strong>Α</strong></span> <span class='ocrx_word' id='word_1_22' title='bbox 2320 528 2484 598; x_wconf 90' lang='lat' dir='ltr'><strong>igitur</strong></span> <span class='ocrx_word' id='word_1_23' title='bbox 2517 532 2654 584; x_wconf 87' lang='lat' dir='ltr'><strong>Deus</strong></span> <span class='ocrx_word' id='word_1_24' title='bbox 2698 530 3065 585; x_wconf 84' lang='lat' dir='ltr'><strong>universitatis</strong></span> <span class='ocrx_word' id='word_1_25' title='bbox 3097 533 3312 588; x_wconf 86' lang='lat' dir='ltr'><strong>utilitati</strong></span> <span class='ocrx_word' id='word_1_26' title='bbox 3358 546 3551 590; x_wconf 73' lang='lat' dir='ltr'><strong>nostra:</strong></span> <span class='ocrx_word' id='word_1_27' title='bbox 3613 538 3664 591; x_wconf 88' lang='lat' dir='ltr'><strong>itt</strong></span> <span class='ocrx_word' id='word_1_28' title='bbox 3706 545 3881 594; x_wconf 85' lang='lat' dir='ltr'><strong>muni-</strong></span> 
     </span>
    </p>
   </div>
   <div class='ocr_carea' id='block_1_6' title="bbox 626 606 2211 685">
    <p class='ocr_par' dir='ltr' id='par_1_6' title="bbox 626 606 2211 685">
     <span class='ocr_line' id='line_1_6' title="bbox 626 606 2211 685; baseline 0.003 -21"><span class='ocrx_word' id='word_1_29' title='bbox 626 613 743 665; x_wconf 87' lang='grc' dir='ltr'><strong>τῶν</strong></span> <span class='ocrx_word' id='word_1_30' title='bbox 789 606 995 663; x_wconf 81' lang='grc' dir='ltr'><strong>κακῶν.</strong></span> <span class='ocrx_word' id='word_1_31' title='bbox 1060 611 1296 680; x_wconf 89' lang='grc' dir='ltr'>Ὀνίνησι</span> <span class='ocrx_word' id='word_1_32' title='bbox 1345 610 1636 682; x_wconf 78' lang='grc' dir='ltr'><strong>τοιγαροῦν</strong></span> <span class='ocrx_word' id='word_1_33' title='bbox 1694 611 1781 665; x_wconf 85' lang='grc' dir='ltr'><strong>διὰ</strong></span> <span class='ocrx_word' id='word_1_34' title='bbox 1823 613 2022 677; x_wconf 80' lang='grc' dir='ltr'>παντὸς</span> <span class='ocrx_word' id='word_1_35' title='bbox 2062 617 2211 685; x_wconf 76' lang='grc' dir='ltr'>ἡμᾶς</span> 
     </span>
    </p>
   </div>
   <div class='ocr_carea' id='block_1_7' title="bbox 625 700 2211 774">
    <p class='ocr_par' dir='ltr' id='par_1_7' title="bbox 625 700 2211 774">
     <span class='ocr_line' id='line_1_7' title="bbox 625 700 2211 774; baseline 0.002 -19"><span class='ocrx_word' id='word_1_36' title='bbox 625 705 659 755; x_wconf 84' lang='grc' dir='ltr'><strong>ό</strong></span> <span class='ocrx_word' id='word_1_37' title='bbox 693 703 805 754; x_wconf 84' lang='grc' dir='ltr'><strong>τῶν</strong></span> <span class='ocrx_word' id='word_1_38' title='bbox 832 700 969 754; x_wconf 79' lang='grc' dir='ltr'>ὅλων</span> <span class='ocrx_word' id='word_1_39' title='bbox 1000 700 1154 764; x_wconf 88' lang='grc' dir='ltr'>Θεός.</span> <span class='ocrx_word' id='word_1_40' title='bbox 1184 702 1423 755; x_wconf 84' lang='grc' dir='ltr'>Ποιεῖται</span> <span class='ocrx_word' id='word_1_41' title='bbox 1468 703 1577 772; x_wconf 83' lang='grc' dir='ltr'><strong>γὰρ</strong></span> <span class='ocrx_word' id='word_1_42' title='bbox 1612 703 1673 755; x_wconf 81' lang='grc' dir='ltr'><strong>οὐ</strong></span> <span class='ocrx_word' id='word_1_43' title='bbox 1728 702 1905 774; x_wconf 85' lang='grc' dir='ltr'>μάτην</span> <span class='ocrx_word' id='word_1_44' title='bbox 1955 706 2054 767; x_wconf 83' lang='grc' dir='ltr'>τὰς</span> <span class='ocrx_word' id='word_1_45' title='bbox 2102 706 2211 759; x_wconf 86' lang='grc' dir='ltr'><strong>τῶν</strong></span> 
     </span>
    </p>
   </div>
   <div class='ocr_carea' id='block_1_8' title="bbox 627 791 2213 864">
    <p class='ocr_par' dir='ltr' id='par_1_8' title="bbox 627 791 2213 864">
     <span class='ocr_line' id='line_1_8' title="bbox 627 791 2213 864; baseline 0.001 -18"><span class='ocrx_word' id='word_1_46' title='bbox 627 794 909 863; x_wconf 73' lang='grc' dir='ltr'><strong>ἐσομένων</strong></span> <span class='ocrx_word' id='word_1_47' title='bbox 952 791 1411 861; x_wconf 79' lang='grc' dir='ltr'><strong>προαγορεύσεις·</strong></span> <span class='ocrx_word' id='word_1_48' title='bbox 1478 792 1573 846; x_wconf 78' lang='grc' dir='ltr'>καὶ</span> <span class='ocrx_word' id='word_1_49' title='bbox 1615 793 1809 847; x_wconf 85' lang='grc' dir='ltr'><strong>δίεισιν</strong></span> <span class='ocrx_word' id='word_1_50' title='bbox 1848 794 2093 864; x_wconf 76' lang='grc' dir='ltr'>ἀκριϐῶς</span> <span class='ocrx_word' id='word_1_51' title='bbox 2142 795 2213 847; x_wconf 82' lang='grc' dir='ltr'>τὰ</span> 
     </span>
    </p>
   </div>
   <div class='ocr_carea' id='block_1_9' title="bbox 630 882 2211 955">
    <p class='ocr_par' dir='ltr' id='par_1_9' title="bbox 630 882 2211 955">
     <span class='ocr_line' id='line_1_9' title="bbox 630 882 2211 955; baseline 0.003 -20"><span class='ocrx_word' id='word_1_52' title='bbox 630 883 839 953; x_wconf 80' lang='grc' dir='ltr'><strong>μεγέθη</strong></span> <span class='ocrx_word' id='word_1_53' title='bbox 867 882 977 935; x_wconf 88' lang='grc' dir='ltr'><strong>τῶν</strong></span> <span class='ocrx_word' id='word_1_54' title='bbox 1033 883 1221 936; x_wconf 82' lang='grc' dir='ltr'>κακῶν</span> <span class='ocrx_word' id='word_1_55' title='bbox 1259 900 1272 913; x_wconf 89' lang='grc'><strong>·</strong></span> <span class='ocrx_word' id='word_1_56' title='bbox 1320 884 1384 937; x_wconf 80' lang='grc' dir='ltr'><strong>ἵν’</strong></span> <span class='ocrx_word' id='word_1_57' title='bbox 1443 884 1740 955; x_wconf 76' lang='grc' dir='ltr'><strong>ἐπειδήπερ</strong></span> <span class='ocrx_word' id='word_1_58' title='bbox 1780 884 2125 955; x_wconf 81' lang='grc' dir='ltr'>ἀνουθέτητοί</span> <span class='ocrx_word' id='word_1_59' title='bbox 2151 903 2211 939; x_wconf 87' lang='grc' dir='ltr'><strong>τε</strong></span> 
     </span>
    </p>
   </div>
   <div class='ocr_carea' id='block_1_10' title="bbox 628 973 2211 1045">
    <p class='ocr_par' dir='ltr' id='par_1_10' title="bbox 628 973 2211 1045">
     <span class='ocr_line' id='line_1_10' title="bbox 628 973 2211 1045; baseline 0.001 -18"><span class='ocrx_word' id='word_1_60' title='bbox 628 973 895 1036; x_wconf 80' lang='grc' dir='ltr'><strong>πολλάκις</strong></span> <span class='ocrx_word' id='word_1_61' title='bbox 930 974 1118 1044; x_wconf 73' lang='grc' dir='ltr'>ἐσμὲν,</span> <span class='ocrx_word' id='word_1_62' title='bbox 1151 975 1247 1027; x_wconf 74' lang='grc' dir='ltr'><strong>καὶ</strong></span> <span class='ocrx_word' id='word_1_63' title='bbox 1275 975 1622 1045; x_wconf 76' lang='grc' dir='ltr'><strong>πεποιήμεθα</strong></span> <span class='ocrx_word' id='word_1_64' title='bbox 1663 977 1792 1043; x_wconf 80' lang='grc' dir='ltr'>παρ’</span> <span class='ocrx_word' id='word_1_65' title='bbox 1812 974 1964 1029; x_wconf 86' lang='grc' dir='ltr'>οὐδὲν</span> <span class='ocrx_word' id='word_1_66' title='bbox 2006 976 2099 1029; x_wconf 82' lang='grc' dir='ltr'>τὸν</span> <span class='ocrx_word' id='word_1_67' title='bbox 2131 978 2211 1039; x_wconf 84' lang='grc' dir='ltr'><strong>είς</strong></span> 
     </span>
    </p>
   </div>
   <div class='ocr_carea' id='block_1_11' title="bbox 632 1063 2212 1134">
    <p class='ocr_par' dir='ltr' id='par_1_11' title="bbox 632 1063 2212 1134">
     <span class='ocr_line' id='line_1_11' title="bbox 632 1063 2212 1134; baseline -0.001 -18"><span class='ocrx_word' id='word_1_68' title='bbox 632 1063 975 1133; x_wconf 79' lang='grc' dir='ltr'><strong>μετάγνωσιν</strong></span> <span class='ocrx_word' id='word_1_69' title='bbox 993 1063 1264 1117; x_wconf 78' lang='grc' dir='ltr'><strong>καλοῦντα</strong></span> <span class='ocrx_word' id='word_1_70' title='bbox 1282 1064 1438 1130; x_wconf 87' lang='grc' dir='ltr'>λόγον</span> <span class='ocrx_word' id='word_1_71' title='bbox 1462 1100 1478 1125; x_wconf 96' lang='grc'><strong>,</strong></span> <span class='ocrx_word' id='word_1_72' title='bbox 1511 1064 1617 1117; x_wconf 85' lang='grc' dir='ltr'>κᾶν</span> <span class='ocrx_word' id='word_1_73' title='bbox 1645 1063 1777 1132; x_wconf 86' lang='grc' dir='ltr'>γοῦν</span> <span class='ocrx_word' id='word_1_74' title='bbox 1804 1063 2212 1134; x_wconf 82' lang='grc' dir='ltr'>ύποπτήξαντες</span> 
     </span>
    </p>
   </div>
   <div class='ocr_carea' id='block_1_12' title="bbox 625 1152 2210 1217">
    <p class='ocr_par' dir='ltr' id='par_1_12' title="bbox 625 1152 2210 1217">
     <span class='ocr_line' id='line_1_12' title="bbox 625 1152 2210 1217; baseline 0 -11"><span class='ocrx_word' id='word_1_75' title='bbox 625 1152 693 1206; x_wconf 76' lang='grc' dir='ltr'>τὸ</span> <span class='ocrx_word' id='word_1_76' title='bbox 718 1157 840 1217; x_wconf 79' lang='grc' dir='ltr'>ταῖς</span> <span class='ocrx_word' id='word_1_77' title='bbox 871 1152 1016 1207; x_wconf 74' lang='grc' dir='ltr'>οὕτω</span> <span class='ocrx_word' id='word_1_78' title='bbox 1050 1153 1250 1217; x_wconf 83' lang='grc' dir='ltr'>δειναῖς</span> <span class='ocrx_word' id='word_1_79' title='bbox 1290 1153 1549 1208; x_wconf 78' lang='grc' dir='ltr'>ὲναλῶναι</span> <span class='ocrx_word' id='word_1_80' title='bbox 1596 1153 1796 1217; x_wconf 86' lang='grc' dir='ltr'>δίκαις,</span> <span class='ocrx_word' id='word_1_81' title='bbox 1830 1154 1922 1207; x_wconf 85' lang='grc' dir='ltr'>τὸν</span> <span class='ocrx_word' id='word_1_82' title='bbox 1967 1153 2110 1207; x_wconf 78' lang='grc' dir='ltr'>θεῖον</span> <span class='ocrx_word' id='word_1_83' title='bbox 2153 1156 2210 1207; x_wconf 81' lang='grc' dir='ltr'>ὲν</span> 
     </span>
    </p>
   </div>
   <div class='ocr_carea' id='block_1_13' title="bbox 626 1243 2210 1315">
    <p class='ocr_par' dir='ltr' id='par_1_13' title="bbox 626 1243 2210 1315">
     <span class='ocr_line' id='line_1_13' title="bbox 626 1243 2210 1315; baseline -0.001 -17"><span class='ocrx_word' id='word_1_84' title='bbox 626 1246 849 1307; x_wconf 77' lang='grc' dir='ltr'><strong>ἑαυτοῖς</strong></span> <span class='ocrx_word' id='word_1_85' title='bbox 909 1243 1275 1315; x_wconf 81' lang='grc' dir='ltr'><strong>εἰσδεξώμεθα</strong></span> <span class='ocrx_word' id='word_1_86' title='bbox 1330 1244 1529 1314; x_wconf 78' lang='grc' dir='ltr'>φόϐον,</span> <span class='ocrx_word' id='word_1_87' title='bbox 1562 1246 1655 1297; x_wconf 75' lang='grc' dir='ltr'>καὶ</span> <span class='ocrx_word' id='word_1_88' title='bbox 1700 1244 2210 1307; x_wconf 82' lang='grc' dir='ltr'>ἁποσπουδάσαντες</span> 
     </span>
    </p>
   </div>
   <div class='ocr_carea' id='block_1_14' title="bbox 608 1333 2209 1409">
    <p class='ocr_par' dir='ltr' id='par_1_14' title="bbox 608 1333 2209 1409">
     <span class='ocr_line' id='line_1_14' title="bbox 608 1333 2209 1409; baseline -0.002 -20"><span class='ocrx_word' id='word_1_89' title='bbox 608 1333 701 1391; x_wconf 80' lang='grc' dir='ltr'><strong>’τὰ</strong></span> <span class='ocrx_word' id='word_1_90' title='bbox 727 1336 960 1408; x_wconf 78' lang='grc' dir='ltr'>πονηρὰ,</span> <span class='ocrx_word' id='word_1_91' title='bbox 1003 1337 1462 1409; x_wconf 84' lang='grc' dir='ltr'>μετακομίσωμεν</span> <span class='ocrx_word' id='word_1_92' title='bbox 1487 1336 1589 1405; x_wconf 81' lang='grc' dir='ltr'>τὴν</span> <span class='ocrx_word' id='word_1_93' title='bbox 1637 1334 1863 1406; x_wconf 83' lang='grc' dir='ltr'>καρδίαν</span> <span class='ocrx_word' id='word_1_94' title='bbox 1890 1335 1991 1398; x_wconf 75' lang='grc' dir='ltr'>ἐἷς</span> <span class='ocrx_word' id='word_1_95' title='bbox 2040 1350 2105 1403; x_wconf 85' lang='grc' dir='ltr'><strong>γε</strong></span> <span class='ocrx_word' id='word_1_96' title='bbox 2147 1334 2209 1386; x_wconf 84' lang='grc' dir='ltr'><strong>τὺ</strong></span> 
     </span>
    </p>
   </div>
   <div class='ocr_carea' id='block_1_15' title="bbox 623 1425 1613 1498">
    <p class='ocr_par' dir='ltr' id='par_1_15' title="bbox 623 1425 1613 1498">
     <span class='ocr_line' id='line_1_15' title="bbox 623 1425 1613 1498; baseline -0.007 -14"><span class='ocrx_word' id='word_1_97' title='bbox 623 1430 830 1498; x_wconf 82' lang='grc' dir='ltr'>χρῆναι</span> <span class='ocrx_word' id='word_1_98' title='bbox 862 1428 1049 1481; x_wconf 80' lang='grc' dir='ltr'>λοιπὸν</span> <span class='ocrx_word' id='word_1_99' title='bbox 1072 1428 1292 1480; x_wconf 79' lang='grc' dir='ltr'><strong>ἑλέσθαι</strong></span> <span class='ocrx_word' id='word_1_100' title='bbox 1314 1426 1374 1480; x_wconf 81' lang='grc' dir='ltr'>τὸ</span> <span class='ocrx_word' id='word_1_101' title='bbox 1393 1425 1613 1493; x_wconf 82' lang='grc' dir='ltr'>ἀγαθόν.</span> 
     </span>
    </p>
   </div>
   <div class='ocr_carea' id='block_1_16' title="bbox 699 1512 2211 1587">
    <p class='ocr_par' dir='ltr' id='par_1_16' title="bbox 699 1512 2211 1587">
     <span class='ocr_line' id='line_1_16' title="bbox 699 1512 2211 1587; baseline -0.002 -14"><span class='ocrx_word' id='word_1_102' title='bbox 699 1519 811 1573; x_wconf 80' lang='grc' dir='ltr'><strong>Καὶ</strong></span> <span class='ocrx_word' id='word_1_103' title='bbox 835 1520 1071 1587; x_wconf 77' lang='grc' dir='ltr'>ἐγένετο</span> <span class='ocrx_word' id='word_1_104' title='bbox 1100 1518 1208 1572; x_wconf 80' lang='grc' dir='ltr'><strong>τοῦ</strong></span> <span class='ocrx_word' id='word_1_105' title='bbox 1227 1517 1528 1582; x_wconf 78' lang='grc' dir='ltr'><strong>ἐνιαυτοῦ,</strong></span> <span class='ocrx_word' id='word_1_106' title='bbox 1584 1512 1657 1572; x_wconf 87' lang='grc' dir='ltr'><strong>οὗ</strong></span> <span class='ocrx_word' id='word_1_107' title='bbox 1694 1515 1998 1572; x_wconf 77' lang='grc' dir='ltr'><strong>ἀπέθανεν</strong></span> <span class='ocrx_word' id='word_1_108' title='bbox 2032 1516 2211 1582; x_wconf 78' lang='grc' dir='ltr'>Ὀζῖας</span> 
     </span>
    </p>
   </div>
   <div class='ocr_carea' id='block_1_17' title="bbox 624 1605 2210 1675">
    <p class='ocr_par' dir='ltr' id='par_1_17' title="bbox 624 1605 2210 1675">
     <span class='ocr_line' id='line_1_17' title="bbox 624 1605 2210 1675; baseline 0 -13"><span class='ocrx_word' id='word_1_109' title='bbox 624 1611 661 1662; x_wconf 83' lang='grc' dir='ltr'><strong>ό</strong></span> <span class='ocrx_word' id='word_1_110' title='bbox 679 1609 1002 1675; x_wconf 67' lang='grc' dir='ltr'>βασιλεὺς,</span> <span class='ocrx_word' id='word_1_111' title='bbox 1028 1606 1194 1663; x_wconf 75' lang='grc' dir='ltr'>εἶδον</span> <span class='ocrx_word' id='word_1_112' title='bbox 1222 1609 1330 1661; x_wconf 78' lang='grc' dir='ltr'><strong>τὸν</strong></span> <span class='ocrx_word' id='word_1_113' title='bbox 1350 1608 1568 1675; x_wconf 75' lang='grc' dir='ltr'>Κύριον</span> <span class='ocrx_word' id='word_1_114' title='bbox 1589 1605 1850 1670; x_wconf 79' lang='grc' dir='ltr'>Σαϐαὼθ,</span> <span class='ocrx_word' id='word_1_115' title='bbox 1874 1606 2210 1673; x_wconf 77' lang='grc' dir='ltr'>καθήμενον</span> 
     </span>
    </p>
   </div>
   <div class='ocr_carea' id='block_1_18' title="bbox 622 1697 2209 1768">
    <p class='ocr_par' dir='ltr' id='par_1_18' title="bbox 622 1697 2209 1768">
     <span class='ocr_line' id='line_1_18' title="bbox 622 1697 2209 1768; baseline 0 -15"><span class='ocrx_word' id='word_1_116' title='bbox 622 1700 729 1753; x_wconf 74' lang='grc' dir='ltr'><strong>ἐπὶ</strong></span> <span class='ocrx_word' id='word_1_117' title='bbox 757 1701 974 1768; x_wconf 83' lang='grc' dir='ltr'><strong>θρόνου</strong></span> <span class='ocrx_word' id='word_1_118' title='bbox 1007 1699 1255 1768; x_wconf 74' lang='grc' dir='ltr'><strong>ὑψηλοῦ</strong></span> <span class='ocrx_word' id='word_1_119' title='bbox 1306 1699 1405 1752; x_wconf 75' lang='grc' dir='ltr'><strong>καὶ</strong></span> <span class='ocrx_word' id='word_1_120' title='bbox 1441 1698 1777 1767; x_wconf 77' lang='grc' dir='ltr'>ἐπηρμένου</span> <span class='ocrx_word' id='word_1_121' title='bbox 1804 1714 1820 1729; x_wconf 86' lang='grc'><strong>·</strong></span> <span class='ocrx_word' id='word_1_122' title='bbox 1844 1697 1943 1752; x_wconf 70' lang='grc' dir='ltr'>καὶ</span> <span class='ocrx_word' id='word_1_123' title='bbox 1972 1700 2209 1768; x_wconf 75' lang='grc' dir='ltr'>πλήρης</span> 
     </span>
    </p>
   </div>
   <div class='ocr_carea' id='block_1_19' title="bbox 622 1791 2207 1881">
    <p class='ocr_par' dir='ltr' id='par_1_19' title="bbox 622 1791 2207 1881">
     <span class='ocr_line' id='line_1_19' title="bbox 622 1791 2207 1881; baseline -0.001 -33"><span class='ocrx_word' id='word_1_124' title='bbox 622 1796 661 1847; x_wconf 83' lang='grc' dir='ltr'><strong>ό</strong></span> <span class='ocrx_word' id='word_1_125' title='bbox 713 1791 872 1861; x_wconf 78' lang='grc' dir='ltr'>οἶκος</span> <span class='ocrx_word' id='word_1_126' title='bbox 913 1794 1025 1860; x_wconf 82' lang='grc' dir='ltr'>τῆς</span> <span class='ocrx_word' id='word_1_127' title='bbox 1067 1793 1255 1861; x_wconf 81' lang='grc' dir='ltr'><strong>δόξης</strong></span> <span class='ocrx_word' id='word_1_128' title='bbox 1285 1793 1490 1848; x_wconf 86' lang='grc' dir='ltr'>αὑτοῦ.</span> <span class='ocrx_word' id='word_1_129' title='bbox 1536 1793 1644 1846; x_wconf 81' lang='lat' dir='ltr'><strong>Kal</strong></span> <span class='ocrx_word' id='word_1_130' title='bbox 1684 1794 1980 1881; x_wconf 66' lang='lat' dir='ltr'><strong>Eepagpelp</strong></span> <span class='ocrx_word' id='word_1_131' title='bbox 2005 1794 2207 1862; x_wconf 74' lang='grc' dir='ltr'>εἱστή-</span> 
     </span>
    </p>
   </div>
   <div class='ocr_carea' id='block_1_20' title="bbox 2313 620 3883 700">
    <p class='ocr_par' dir='ltr' id='par_1_20' title="bbox 2313 620 3883 700">
     <span class='ocr_line' id='line_1_20' title="bbox 2313 620 3883 700; baseline 0.01 -28"><span class='ocrx_word' id='word_1_132' title='bbox 2313 620 2431 673; x_wconf 88' lang='lat' dir='ltr'><strong>bus.</strong></span> <span class='ocrx_word' id='word_1_133' title='bbox 2466 620 2575 676; x_wconf 81' lang='lat' dir='ltr'><strong>Nec</strong></span> <span class='ocrx_word' id='word_1_134' title='bbox 2604 622 2746 675; x_wconf 85' lang='lat' dir='ltr'><strong>enim</strong></span> <span class='ocrx_word' id='word_1_135' title='bbox 2784 623 2904 677; x_wconf 88' lang='lat' dir='ltr'><strong>sine</strong></span> <span class='ocrx_word' id='word_1_136' title='bbox 2941 637 3105 677; x_wconf 85' lang='lat' dir='ltr'><strong>causa</strong></span> <span class='ocrx_word' id='word_1_137' title='bbox 3149 624 3278 680; x_wconf 81' lang='lat' dir='ltr'><strong>facit</strong></span> <span class='ocrx_word' id='word_1_138' title='bbox 3327 625 3629 682; x_wconf 83' lang='lat' dir='ltr'><strong>futurorum</strong></span> <span class='ocrx_word' id='word_1_139' title='bbox 3688 634 3883 700; x_wconf 71' lang='lat' dir='ltr'><strong>praedi-</strong></span> 
     </span>
    </p>
   </div>
   <div class='ocr_carea' id='block_1_21' title="bbox 2313 707 3885 786">
    <p class='ocr_par' dir='ltr' id='par_1_21' title="bbox 2313 707 3885 786">
     <span class='ocr_line' id='line_1_21' title="bbox 2313 707 3885 786; baseline 0.011 -26"><span class='ocrx_word' id='word_1_140' title='bbox 2313 707 2549 762; x_wconf 87' lang='lat' dir='ltr'><strong>ctionem</strong></span> <span class='ocrx_word' id='word_1_141' title='bbox 2576 747 2591 774; x_wconf 89' lang='lat'><strong>,</strong></span> <span class='ocrx_word' id='word_1_142' title='bbox 2642 717 2697 763; x_wconf 86' lang='lat' dir='ltr'><strong>et</strong></span> <span class='ocrx_word' id='word_1_143' title='bbox 2744 720 2996 766; x_wconf 80' lang='lat' dir='ltr'><strong>accurate</strong></span> <span class='ocrx_word' id='word_1_144' title='bbox 3030 722 3213 767; x_wconf 84' lang='lat' dir='ltr'><strong>narrat</strong></span> <span class='ocrx_word' id='word_1_145' title='bbox 3265 718 3682 786; x_wconf 86' lang='lat' dir='ltr'><strong>magnitudinem</strong></span> <span class='ocrx_word' id='word_1_146' title='bbox 3720 722 3885 776; x_wconf 59' lang='lat' dir='ltr'><strong>malo.</strong></span> 
     </span>
    </p>
   </div>
   <div class='ocr_carea' id='block_1_22' title="bbox 2313 801 3883 872">
    <p class='ocr_par' dir='ltr' id='par_1_22' title="bbox 2313 801 3883 872">
     <span class='ocr_line' id='line_1_22' title="bbox 2313 801 3883 872; baseline 0.012 -23"><span class='ocrx_word' id='word_1_147' title='bbox 2313 810 2456 862; x_wconf 88' lang='lat' dir='ltr'><strong>rum,</strong></span> <span class='ocrx_word' id='word_1_148' title='bbox 2488 806 2548 852; x_wconf 92' lang='lat' dir='ltr'><strong>ut</strong></span> <span class='ocrx_word' id='word_1_149' title='bbox 2578 801 2839 867; x_wconf 87' lang='lat' dir='ltr'><strong>quoniam</strong></span> <span class='ocrx_word' id='word_1_150' title='bbox 2870 816 3013 871; x_wconf 71' lang='lat' dir='ltr'><strong>saepe</strong></span> <span class='ocrx_word' id='word_1_151' title='bbox 3048 803 3306 860; x_wconf 91' lang='lat' dir='ltr'><strong>indociles</strong></span> <span class='ocrx_word' id='word_1_152' title='bbox 3340 821 3549 872; x_wconf 87' lang='lat' dir='ltr'><strong>sumus,</strong></span> <span class='ocrx_word' id='word_1_153' title='bbox 3580 818 3633 865; x_wconf 91' lang='lat' dir='ltr'><strong>et</strong></span> <span class='ocrx_word' id='word_1_154' title='bbox 3670 825 3883 867; x_wconf 84' lang='lat' dir='ltr'><strong>sermo-</strong></span> 
     </span>
    </p>
   </div>
   <div class='ocr_carea' id='block_1_23' title="bbox 2312 888 3881 967">
    <p class='ocr_par' dir='ltr' id='par_1_23' title="bbox 2312 888 3881 967">
     <span class='ocr_line' id='line_1_23' title="bbox 2312 888 3881 967; baseline 0.011 -28"><span class='ocrx_word' id='word_1_155' title='bbox 2312 898 2435 940; x_wconf 87' lang='lat' dir='ltr'><strong>nem</strong></span> <span class='ocrx_word' id='word_1_156' title='bbox 2462 888 2529 941; x_wconf 86' lang='lat' dir='ltr'><strong>sd</strong></span> <span class='ocrx_word' id='word_1_157' title='bbox 2569 892 2943 958; x_wconf 77' lang='lat' dir='ltr'><strong>ptenitentlam</strong></span> <span class='ocrx_word' id='word_1_158' title='bbox 2985 903 3269 950; x_wconf 84' lang='lat' dir='ltr'><strong>vocantem</strong></span> <span class='ocrx_word' id='word_1_159' title='bbox 3305 896 3644 967; x_wconf 75' lang='lat' dir='ltr'><strong>negligimus,</strong></span> <span class='ocrx_word' id='word_1_160' title='bbox 3689 904 3881 956; x_wconf 86' lang='lat' dir='ltr'><strong>saltem</strong></span> 
     </span>
    </p>
   </div>
   <div class='ocr_carea' id='block_1_24' title="bbox 2313 985 3883 1054">
    <p class='ocr_par' dir='ltr' id='par_1_24' title="bbox 2313 985 3883 1054">
     <span class='ocr_line' id='line_1_24' title="bbox 2313 985 3883 1054; baseline 0.011 -25"><span class='ocrx_word' id='word_1_161' title='bbox 2313 985 2613 1035; x_wconf 86' lang='lat' dir='ltr'><strong>metuentes</strong></span> <span class='ocrx_word' id='word_1_162' title='bbox 2640 994 2710 1035; x_wconf 89' lang='lat' dir='ltr'><strong>ne</strong></span> <span class='ocrx_word' id='word_1_163' title='bbox 2747 991 2856 1035; x_wconf 88' lang='lat' dir='ltr'><strong>tam</strong></span> <span class='ocrx_word' id='word_1_164' title='bbox 2887 985 3072 1052; x_wconf 88' lang='lat' dir='ltr'><strong>grandi</strong></span> <span class='ocrx_word' id='word_1_165' title='bbox 3103 998 3261 1054; x_wconf 65' lang='lat' dir='ltr'><strong>poena</strong></span> <span class='ocrx_word' id='word_1_166' title='bbox 3303 985 3655 1054; x_wconf 87' lang='lat' dir='ltr'><strong>involvamur,</strong></span> <span class='ocrx_word' id='word_1_167' title='bbox 3691 992 3782 1047; x_wconf 91' lang='lat' dir='ltr'><strong>Dei</strong></span> <span class='ocrx_word' id='word_1_168' title='bbox 3816 994 3883 1046; x_wconf 84' lang='lat' dir='ltr'><strong>ti-</strong></span> 
     </span>
    </p>
   </div>
   <div class='ocr_carea' id='block_1_25' title="bbox 2312 1071 3877 1149">
    <p class='ocr_par' dir='ltr' id='par_1_25' title="bbox 2312 1071 3877 1149">
     <span class='ocr_line' id='line_1_25' title="bbox 2312 1071 3877 1149; baseline 0.009 -26"><span class='ocrx_word' id='word_1_169' title='bbox 2312 1083 2519 1124; x_wconf 89' lang='lat' dir='ltr'><strong>morem</strong></span> <span class='ocrx_word' id='word_1_170' title='bbox 2552 1071 2605 1125; x_wconf 90' lang='lat' dir='ltr'><strong>in</strong></span> <span class='ocrx_word' id='word_1_171' title='bbox 2653 1072 2810 1129; x_wconf 90' lang='lat' dir='ltr'><strong>nobis</strong></span> <span class='ocrx_word' id='word_1_172' title='bbox 2838 1075 3222 1143; x_wconf 79' lang='lat' dir='ltr'><strong>suscipiamus,</strong></span> <span class='ocrx_word' id='word_1_173' title='bbox 3264 1087 3319 1133; x_wconf 91' lang='lat' dir='ltr'><strong>et</strong></span> <span class='ocrx_word' id='word_1_174' title='bbox 3344 1080 3681 1136; x_wconf 85' lang='lat' dir='ltr'><strong>dediscentes</strong></span> <span class='ocrx_word' id='word_1_175' title='bbox 3716 1084 3877 1149; x_wconf 89' lang='lat' dir='ltr'><strong>tuala,</strong></span> 
     </span>
    </p>
   </div>
   <div class='ocr_carea' id='block_1_26' title="bbox 2311 1159 3881 1239">
    <p class='ocr_par' dir='ltr' id='par_1_26' title="bbox 2311 1159 3881 1239">
     <span class='ocr_line' id='line_1_26' title="bbox 2311 1159 3881 1239; baseline 0.011 -26"><span class='ocrx_word' id='word_1_176' title='bbox 2311 1159 2551 1216; x_wconf 85' lang='lat' dir='ltr'><strong>animum</strong></span> <span class='ocrx_word' id='word_1_177' title='bbox 2580 1162 2836 1233; x_wconf 83' lang='lat' dir='ltr'><strong>deinceps</strong></span> <span class='ocrx_word' id='word_1_178' title='bbox 2862 1165 2931 1220; x_wconf 88' lang='lat' dir='ltr'><strong>ad</strong></span> <span class='ocrx_word' id='word_1_179' title='bbox 2956 1168 3154 1223; x_wconf 90' lang='lat' dir='ltr'><strong>bonum</strong></span> <span class='ocrx_word' id='word_1_180' title='bbox 3192 1170 3624 1239; x_wconf 84' lang='lat' dir='ltr'><strong>amplecteudum</strong></span> <span class='ocrx_word' id='word_1_181' title='bbox 3652 1187 3881 1229; x_wconf 88' lang='lat' dir='ltr'><strong>convcr-</strong></span> 
     </span>
    </p>
   </div>
   <div class='ocr_carea' id='block_1_27' title="bbox 2313 1258 2511 1306">
    <p class='ocr_par' dir='ltr' id='par_1_27' title="bbox 2313 1258 2511 1306">
     <span class='ocr_line' id='line_1_27' title="bbox 2313 1258 2511 1306; baseline 0.01 -2"><span class='ocrx_word' id='word_1_182' title='bbox 2313 1258 2511 1306; x_wconf 84' lang='lat' dir='ltr'><strong>tamus.</strong></span> 
     </span>
    </p>
   </div>
   <div class='ocr_carea' id='block_1_28' title="bbox 2381 1517 3879 1599">
    <p class='ocr_par' dir='ltr' id='par_1_28' title="bbox 2381 1517 3879 1599">
     <span class='ocr_line' id='line_1_28' title="bbox 2381 1517 3879 1599; baseline 0.008 -28"><span class='ocrx_word' id='word_1_183' title='bbox 2381 1517 2511 1572; x_wconf 68' lang='lat' dir='ltr'><strong>Car.</strong></span> <span class='ocrx_word' id='word_1_184' title='bbox 2536 1517 2622 1573; x_wconf 70' lang='lat' dir='ltr'><strong>Vl.</strong></span> <span class='ocrx_word' id='word_1_185' title='bbox 2658 1520 2822 1576; x_wconf 72' lang='lat' dir='ltr'><strong>Vens.</strong></span> <span class='ocrx_word' id='word_1_186' title='bbox 2855 1522 2970 1577; x_wconf 69' lang='lat'><strong>1-5.</strong></span> <span class='ocrx_word' id='word_1_187' title='bbox 3014 1523 3081 1577; x_wconf 81' lang='lat' dir='ltr'><strong>Et</strong></span> <span class='ocrx_word' id='word_1_188' title='bbox 3115 1525 3314 1592; x_wconf 80' lang='lat' dir='ltr'><strong>factum</strong></span> <span class='ocrx_word' id='word_1_189' title='bbox 3339 1539 3414 1582; x_wconf 89' lang='lat' dir='ltr'><strong>est</strong></span> <span class='ocrx_word' id='word_1_190' title='bbox 3442 1545 3581 1582; x_wconf 83' lang='lat' dir='ltr'><strong>anno</strong></span> <span class='ocrx_word' id='word_1_191' title='bbox 3608 1545 3712 1599; x_wconf 87' lang='lat' dir='ltr'><strong>quo</strong></span> <span class='ocrx_word' id='word_1_192' title='bbox 3741 1546 3879 1583; x_wconf 87' lang='lat' dir='ltr'><strong>mar-</strong></span> 
     </span>
    </p>
   </div>
   <div class='ocr_carea' id='block_1_29' title="bbox 2312 1608 3880 1675">
    <p class='ocr_par' dir='ltr' id='par_1_29' title="bbox 2312 1608 3880 1675">
     <span class='ocr_line' id='line_1_29' title="bbox 2312 1608 3880 1675; baseline 0.007 -11"><span class='ocrx_word' id='word_1_193' title='bbox 2312 1619 2433 1664; x_wconf 83' lang='lat' dir='ltr'><strong>tuus</strong></span> <span class='ocrx_word' id='word_1_194' title='bbox 2460 1621 2535 1663; x_wconf 88' lang='lat' dir='ltr'><strong>est</strong></span> <span class='ocrx_word' id='word_1_195' title='bbox 2572 1608 2734 1666; x_wconf 77' lang='lat' dir='ltr'><strong>Ozias</strong></span> <span class='ocrx_word' id='word_1_196' title='bbox 2780 1630 2874 1667; x_wconf 77' lang='lat' dir='ltr'><strong>rea:</strong></span> <span class='ocrx_word' id='word_1_197' title='bbox 2914 1616 3017 1669; x_wconf 76' lang='lat' dir='ltr'><strong>vidi</strong></span> <span class='ocrx_word' id='word_1_198' title='bbox 3058 1616 3339 1672; x_wconf 82' lang='lat' dir='ltr'><strong>Dominum</strong></span> <span class='ocrx_word' id='word_1_199' title='bbox 3372 1618 3600 1673; x_wconf 81' lang='lat' dir='ltr'><strong>Sabaoth</strong></span> <span class='ocrx_word' id='word_1_200' title='bbox 3621 1622 3880 1675; x_wconf 85' lang='lat' dir='ltr'><strong>sedentem</strong></span> 
     </span>
    </p>
   </div>
   <div class='ocr_carea' id='block_1_30' title="bbox 2311 1704 3880 1782">
    <p class='ocr_par' dir='ltr' id='par_1_30' title="bbox 2311 1704 3880 1782">
     <span class='ocr_line' id='line_1_30' title="bbox 2311 1704 3880 1782; baseline 0.005 -25"><span class='ocrx_word' id='word_1_201' title='bbox 2311 1704 2369 1757; x_wconf 81' lang='lat' dir='ltr'><strong>in</strong></span> <span class='ocrx_word' id='word_1_202' title='bbox 2414 1704 2546 1759; x_wconf 85' lang='lat' dir='ltr'><strong>solio</strong></span> <span class='ocrx_word' id='word_1_203' title='bbox 2592 1709 2794 1761; x_wconf 78' lang='lat' dir='ltr'><strong>excelso</strong></span> <span class='ocrx_word' id='word_1_204' title='bbox 2842 1718 2889 1761; x_wconf 87' lang='lat' dir='ltr'><strong>et</strong></span> <span class='ocrx_word' id='word_1_205' title='bbox 2928 1711 3161 1774; x_wconf 80' lang='lat' dir='ltr'><strong>elevato;</strong></span> <span class='ocrx_word' id='word_1_206' title='bbox 3208 1721 3255 1763; x_wconf 89' lang='lat' dir='ltr'><strong>et</strong></span> <span class='ocrx_word' id='word_1_207' title='bbox 3286 1709 3436 1777; x_wconf 81' lang='lat' dir='ltr'><strong>plena</strong></span> <span class='ocrx_word' id='word_1_208' title='bbox 3481 1713 3664 1765; x_wconf 83' lang='lat' dir='ltr'><strong>domus</strong></span> <span class='ocrx_word' id='word_1_209' title='bbox 3712 1714 3880 1782; x_wconf 78' lang='lat' dir='ltr'><strong>gloria</strong></span> 
     </span>
    </p>
   </div>
   <div class='ocr_carea' id='block_1_31' title="bbox 2310 1794 3882 1866">
    <p class='ocr_par' dir='ltr' id='par_1_31' title="bbox 2310 1794 3882 1866">
     <span class='ocr_line' id='line_1_31' title="bbox 2310 1794 3882 1866; baseline 0.006 -19"><span class='ocrx_word' id='word_1_210' title='bbox 2310 1794 2444 1862; x_wconf 87' lang='lat' dir='ltr'><strong>ejus.</strong></span> <span class='ocrx_word' id='word_1_211' title='bbox 2510 1794 2577 1849; x_wconf 80' lang='lat' dir='ltr'><strong>Et</strong></span> <span class='ocrx_word' id='word_1_212' title='bbox 2610 1798 2884 1866; x_wconf 71' lang='lat' dir='ltr'><strong>Seraphin:</strong></span> <span class='ocrx_word' id='word_1_213' title='bbox 2934 1810 3181 1853; x_wconf 84' lang='lat' dir='ltr'><strong>steterunt</strong></span> <span class='ocrx_word' id='word_1_214' title='bbox 3236 1802 3430 1855; x_wconf 79' lang='lat' dir='ltr'><strong>circum</strong></span> <span class='ocrx_word' id='word_1_215' title='bbox 3464 1819 3578 1856; x_wconf 83' lang='lat' dir='ltr'><strong>eum</strong></span> <span class='ocrx_word' id='word_1_216' title='bbox 3611 1818 3630 1856; x_wconf 91' lang='lat'><strong><em>:</em></strong></span> <span class='ocrx_word' id='word_1_217' title='bbox 3660 1820 3752 1857; x_wconf 71' lang='lat' dir='ltr'><strong>sex</strong></span> <span class='ocrx_word' id='word_1_218' title='bbox 3780 1806 3882 1856; x_wconf 68' lang='lat' dir='ltr'><strong>alte</strong></span> 
     </span>
    </p>
   </div>
   <div class='ocr_carea' id='block_1_32' title="bbox 623 1861 2496 1962">
    <p class='ocr_par' dir='ltr' id='par_1_32' title="bbox 623 1861 2496 1953">
     <span class='ocr_line' id='line_1_32' title="bbox 623 1861 2496 1953; baseline 0 -13"><span class='ocrx_word' id='word_1_219' title='bbox 623 1903 845 1941; x_wconf 81' lang='grc' dir='ltr'>κεισαν</span> <span class='ocrx_word' id='word_1_220' title='bbox 872 1887 1075 1952; x_wconf 73' lang='grc' dir='ltr'>κύκλῳ</span> <span class='ocrx_word' id='word_1_221' title='bbox 1111 1884 1315 1939; x_wconf 83' lang='grc' dir='ltr'>αὐτοῦ.</span> <span class='ocrx_word' id='word_1_222' title='bbox 1362 1884 1472 1948; x_wconf 80' lang='grc' dir='ltr'><strong>Ἓξ</strong></span> <span class='ocrx_word' id='word_1_223' title='bbox 1521 1882 1811 1953; x_wconf 72' lang='grc' dir='ltr'>πτέρυγες</span> <span class='ocrx_word' id='word_1_224' title='bbox 1852 1861 2076 1949; x_wconf 50' lang='lat' dir='ltr'><strong>uitari,</strong></span> <span class='ocrx_word' id='word_1_225' title='bbox 2107 1861 2208 1939; x_wconf 75' lang='grc' dir='ltr'><strong>καί</strong></span> <span class='ocrx_word' id='word_1_226' title='bbox 2238 1861 2279 1917; x_wconf 75' lang='grc' dir='ltr'><strong><em>Β</em></strong></span> <span class='ocrx_word' id='word_1_227' title='bbox 2313 1886 2427 1951; x_wconf 81' lang='lat' dir='ltr'><strong>uni,</strong></span> <span class='ocrx_word' id='word_1_228' title='bbox 2475 1903 2496 1940; x_wconf 77' lang='grc' dir='ltr'>ε</span> 
     </span>
    </p>
   </div>
   <div class='ocr_carea' id='block_1_33' title="bbox 2010 1861 3883 1962">
    <p class='ocr_par' dir='ltr' id='par_1_33' title="bbox 2010 1861 3883 1962">
     <span class='ocr_line' id='line_1_33' title="bbox 2010 1861 3883 1962; baseline 0.005 -25"><span class='ocrx_word' id='word_1_229' title='bbox 2010 1885 2076 1949; x_wconf 64' lang='lat' dir='ltr'><strong>rl,</strong></span> <span class='ocrx_word' id='word_1_230' title='bbox 2107 1861 2208 1939; x_wconf 74' lang='grc' dir='ltr'>καὶ</span> <span class='ocrx_word' id='word_1_231' title='bbox 2238 1861 2279 1917; x_wconf 75' lang='grc' dir='ltr'><strong><em>Β</em></strong></span> <span class='ocrx_word' id='word_1_232' title='bbox 2313 1886 2427 1951; x_wconf 81' lang='lat' dir='ltr'><strong>uni,</strong></span> <span class='ocrx_word' id='word_1_233' title='bbox 2475 1897 2522 1940; x_wconf 85' lang='lat' dir='ltr'><strong>et</strong></span> <span class='ocrx_word' id='word_1_234' title='bbox 2557 1903 2647 1941; x_wconf 75' lang='lat' dir='ltr'><strong>sea:</strong></span> <span class='ocrx_word' id='word_1_235' title='bbox 2697 1861 2798 1942; x_wconf 76' lang='lat' dir='ltr'><strong>alte</strong></span> <span class='ocrx_word' id='word_1_236' title='bbox 2845 1890 3027 1954; x_wconf 88' lang='lat' dir='ltr'><strong>alteri;</strong></span> <span class='ocrx_word' id='word_1_237' title='bbox 3056 1892 3261 1945; x_wconf 84' lang='lat' dir='ltr'><strong>duabus</strong></span> <span class='ocrx_word' id='word_1_238' title='bbox 3295 1895 3500 1959; x_wconf 75' lang='lat' dir='ltr'><strong>quidem</strong></span> <span class='ocrx_word' id='word_1_239' title='bbox 3529 1895 3769 1947; x_wconf 68' lang='lat' dir='ltr'><strong>uelabant</strong></span> <span class='ocrx_word' id='word_1_240' title='bbox 3802 1895 3883 1962; x_wconf 79' lang='lat' dir='ltr'><strong>fa-</strong></span> 
     </span>
    </p>
   </div>
   <div class='ocr_carea' id='block_1_34' title="bbox 622 1971 2208 2043">
    <p class='ocr_par' dir='ltr' id='par_1_34' title="bbox 622 1971 2208 2043">
     <span class='ocr_line' id='line_1_34' title="bbox 622 1971 2208 2043; baseline -0.003 -13"><span class='ocrx_word' id='word_1_241' title='bbox 622 1976 696 2040; x_wconf 80' lang='grc' dir='ltr'><strong>ἑξ</strong></span> <span class='ocrx_word' id='word_1_242' title='bbox 719 1974 1008 2043; x_wconf 76' lang='grc' dir='ltr'><strong>πτέρυγες</strong></span> <span class='ocrx_word' id='word_1_243' title='bbox 1054 1973 1137 2039; x_wconf 83' lang='grc' dir='ltr'>τῷ</span> <span class='ocrx_word' id='word_1_244' title='bbox 1176 1973 1287 2028; x_wconf 80' lang='grc' dir='ltr'>ἐνί.</span> <span class='ocrx_word' id='word_1_245' title='bbox 1323 1972 1432 2027; x_wconf 79' lang='lat' dir='ltr'><strong>Kal</strong></span> <span class='ocrx_word' id='word_1_246' title='bbox 1490 1973 1622 2038; x_wconf 80' lang='grc' dir='ltr'>ταῖς</span> <span class='ocrx_word' id='word_1_247' title='bbox 1657 1972 1773 2041; x_wconf 82' lang='grc' dir='ltr'><strong>μὲν</strong></span> <span class='ocrx_word' id='word_1_248' title='bbox 1824 1971 2024 2037; x_wconf 76' lang='grc' dir='ltr'>δυσίν,</span> <span class='ocrx_word' id='word_1_249' title='bbox 2071 1988 2208 2025; x_wconf 79' lang='grc' dir='ltr'>κατ-</span> 
     </span>
    </p>
   </div>
   <div class='ocr_carea' id='block_1_35' title="bbox 621 2062 2203 2133">
    <p class='ocr_par' dir='ltr' id='par_1_35' title="bbox 621 2062 2203 2133">
     <span class='ocr_line' id='line_1_35' title="bbox 621 2062 2203 2133; baseline -0.003 -13"><span class='ocrx_word' id='word_1_250' title='bbox 621 2067 976 2120; x_wconf 70' lang='grc' dir='ltr'>εκάλυπτον</span> <span class='ocrx_word' id='word_1_251' title='bbox 1030 2065 1103 2118; x_wconf 83' lang='grc' dir='ltr'>τὰ</span> <span class='ocrx_word' id='word_1_252' title='bbox 1132 2064 1446 2133; x_wconf 83' lang='grc' dir='ltr'>πρόσωπα,</span> <span class='ocrx_word' id='word_1_253' title='bbox 1474 2064 1572 2115; x_wconf 77' lang='grc' dir='ltr'><strong>καί</strong></span> <span class='ocrx_word' id='word_1_254' title='bbox 1620 2064 1748 2129; x_wconf 81' lang='grc' dir='ltr'>ταῖς</span> <span class='ocrx_word' id='word_1_255' title='bbox 1775 2062 1918 2117; x_wconf 72' lang='grc' dir='ltr'>δυσὶ</span> <span class='ocrx_word' id='word_1_256' title='bbox 1952 2062 2203 2118; x_wconf 81' lang='grc' dir='ltr'>κατεκά-</span> 
     </span>
    </p>
   </div>
   <div class='ocr_carea' id='block_1_36' title="bbox 620 2152 2197 2222">
    <p class='ocr_par' dir='ltr' id='par_1_36' title="bbox 620 2152 2197 2222">
     <span class='ocr_line' id='line_1_36' title="bbox 620 2152 2197 2222; baseline -0.003 -11"><span class='ocrx_word' id='word_1_257' title='bbox 620 2162 864 2212; x_wconf 63' lang='grc' dir='ltr'>λυπτον</span> <span class='ocrx_word' id='word_1_258' title='bbox 899 2156 1043 2222; x_wconf 87' lang='grc' dir='ltr'>τοὺς</span> <span class='ocrx_word' id='word_1_259' title='bbox 1078 2155 1297 2220; x_wconf 81' lang='grc' dir='ltr'><strong>πόδας,</strong></span> <span class='ocrx_word' id='word_1_260' title='bbox 1339 2155 1436 2207; x_wconf 79' lang='grc' dir='ltr'>καὶ</span> <span class='ocrx_word' id='word_1_261' title='bbox 1490 2152 1619 2221; x_wconf 80' lang='grc' dir='ltr'>ταῖς</span> <span class='ocrx_word' id='word_1_262' title='bbox 1659 2153 1844 2208; x_wconf 80' lang='grc' dir='ltr'>δυσὶν</span> <span class='ocrx_word' id='word_1_263' title='bbox 1885 2154 2197 2208; x_wconf 77' lang='grc' dir='ltr'>ἐπέταντο.</span> 
     </span>
    </p>
   </div>
   <div class='ocr_carea' id='block_1_37' title="bbox 620 2245 2197 2318">
    <p class='ocr_par' dir='ltr' id='par_1_37' title="bbox 620 2245 2197 2318">
     <span class='ocr_line' id='line_1_37' title="bbox 620 2245 2197 2318; baseline -0.003 -14"><span class='ocrx_word' id='word_1_264' title='bbox 620 2251 735 2305; x_wconf 79' lang='lat' dir='ltr'><strong>Kal</strong></span> <span class='ocrx_word' id='word_1_265' title='bbox 784 2248 1148 2318; x_wconf 72' lang='grc' dir='ltr'>ἐκρέκρατον</span> <span class='ocrx_word' id='word_1_266' title='bbox 1196 2247 1395 2314; x_wconf 78' lang='grc' dir='ltr'>ἔτερος</span> <span class='ocrx_word' id='word_1_267' title='bbox 1453 2248 1603 2314; x_wconf 73' lang='grc' dir='ltr'>πρὸς</span> <span class='ocrx_word' id='word_1_268' title='bbox 1650 2246 1759 2300; x_wconf 76' lang='grc' dir='ltr'><strong>τὸν</strong></span> <span class='ocrx_word' id='word_1_269' title='bbox 1807 2245 2031 2314; x_wconf 75' lang='grc' dir='ltr'>ἕτερον,</span> <span class='ocrx_word' id='word_1_270' title='bbox 2097 2247 2197 2300; x_wconf 80' lang='grc' dir='ltr'>καὶ</span> 
     </span>
    </p>
   </div>
   <div class='ocr_carea' id='block_1_38' title="bbox 2314 1976 3885 2046">
    <p class='ocr_par' dir='ltr' id='par_1_38' title="bbox 2314 1976 3885 2046">
     <span class='ocr_line' id='line_1_38' title="bbox 2314 1976 3885 2046; baseline 0.005 -19"><span class='ocrx_word' id='word_1_271' title='bbox 2314 1976 2464 2039; x_wconf 78' lang='lat' dir='ltr'><strong>ciem,</strong></span> <span class='ocrx_word' id='word_1_272' title='bbox 2493 1977 2697 2031; x_wconf 84' lang='lat' dir='ltr'><strong>duabus</strong></span> <span class='ocrx_word' id='word_1_273' title='bbox 2732 1993 2850 2031; x_wconf 73' lang='lat' dir='ltr'><strong>vero</strong></span> <span class='ocrx_word' id='word_1_274' title='bbox 2879 1979 3177 2033; x_wconf 77' lang='lat' dir='ltr'><strong>obrelabant</strong></span> <span class='ocrx_word' id='word_1_275' title='bbox 3213 1982 3389 2046; x_wconf 75' lang='lat' dir='ltr'><strong>pedes,</strong></span> <span class='ocrx_word' id='word_1_276' title='bbox 3418 1993 3463 2034; x_wconf 83' lang='lat' dir='ltr'><strong>et</strong></span> <span class='ocrx_word' id='word_1_277' title='bbox 3494 1983 3698 2036; x_wconf 82' lang='lat' dir='ltr'><strong>duabus</strong></span> <span class='ocrx_word' id='word_1_278' title='bbox 3737 1984 3885 2036; x_wconf 78' lang='lat' dir='ltr'><strong>valu-</strong></span> 
     </span>
    </p>
   </div>
   <div class='ocr_carea' id='block_1_39' title="bbox 2311 2064 3882 2137">
    <p class='ocr_par' dir='ltr' id='par_1_39' title="bbox 2311 2064 3882 2137">
     <span class='ocr_line' id='line_1_39' title="bbox 2311 2064 3882 2137; baseline 0.007 -21"><span class='ocrx_word' id='word_1_279' title='bbox 2311 2064 2456 2118; x_wconf 82' lang='lat' dir='ltr'><strong>bant.</strong></span> <span class='ocrx_word' id='word_1_280' title='bbox 2493 2065 2903 2137; x_wconf 83' lang='lat' dir='ltr'><strong>Clamabantque</strong></span> <span class='ocrx_word' id='word_1_281' title='bbox 2936 2070 3068 2123; x_wconf 85' lang='lat' dir='ltr'><strong>alter</strong></span> <span class='ocrx_word' id='word_1_282' title='bbox 3109 2073 3178 2122; x_wconf 84' lang='lat' dir='ltr'><strong>ad</strong></span> <span class='ocrx_word' id='word_1_283' title='bbox 3221 2071 3462 2135; x_wconf 83' lang='lat' dir='ltr'><strong>alterunt,</strong></span> <span class='ocrx_word' id='word_1_284' title='bbox 3512 2083 3559 2126; x_wconf 89' lang='lat' dir='ltr'><strong>et</strong></span> <span class='ocrx_word' id='word_1_285' title='bbox 3600 2075 3882 2128; x_wconf 74' lang='lat' dir='ltr'><strong>dixerunt:</strong></span> 
     </span>
    </p>
   </div>
   <div class='ocr_carea' id='block_1_40' title="bbox 2307 2141 3883 2236">
    <p class='ocr_par' dir='ltr' id='par_1_40' title="bbox 2307 2141 3883 2236">
     <span class='ocr_line' id='line_1_40' title="bbox 2307 2141 3883 2236; baseline 0.008 -29"><span class='ocrx_word' id='word_1_286' title='bbox 2307 2141 2560 2220; x_wconf 65' lang='lat' dir='ltr'><strong>Sanctus,</strong></span> <span class='ocrx_word' id='word_1_287' title='bbox 2602 2170 2839 2223; x_wconf 80' lang='lat' dir='ltr'><strong>sanctus,</strong></span> <span class='ocrx_word' id='word_1_288' title='bbox 2885 2171 3098 2215; x_wconf 83' lang='lat' dir='ltr'><strong>sanctus</strong></span> <span class='ocrx_word' id='word_1_289' title='bbox 3146 2160 3404 2218; x_wconf 86' lang='lat' dir='ltr'><strong>Dominus</strong></span> <span class='ocrx_word' id='word_1_290' title='bbox 3435 2162 3687 2233; x_wconf 80' lang='lat' dir='ltr'><strong>Sabaom,</strong></span> <span class='ocrx_word' id='word_1_291' title='bbox 3728 2167 3883 2236; x_wconf 80' lang='lat' dir='ltr'><strong>plena</strong></span> 
     </span>
    </p>
   </div>
   <div class='ocr_carea' id='block_1_41' title="bbox 2307 2249 3113 2319">
    <p class='ocr_par' dir='ltr' id='par_1_41' title="bbox 2307 2249 3113 2319">
     <span class='ocr_line' id='line_1_41' title="bbox 2307 2249 3113 2319; baseline 0.005 -20"><span class='ocrx_word' id='word_1_292' title='bbox 2307 2256 2383 2299; x_wconf 87' lang='lat' dir='ltr'><strong>est</strong></span> <span class='ocrx_word' id='word_1_293' title='bbox 2420 2249 2587 2302; x_wconf 82' lang='lat' dir='ltr'><strong>omnis</strong></span> <span class='ocrx_word' id='word_1_294' title='bbox 2616 2259 2756 2303; x_wconf 87' lang='lat' dir='ltr'><strong>terra</strong></span> <span class='ocrx_word' id='word_1_295' title='bbox 2780 2250 2953 2319; x_wconf 81' lang='lat' dir='ltr'><strong>gloria</strong></span> <span class='ocrx_word' id='word_1_296' title='bbox 2982 2251 3113 2318; x_wconf 89' lang='lat' dir='ltr'><strong>ejus.</strong></span> 
     </span>
    </p>
   </div>
   <div class='ocr_carea' id='block_1_42' title="bbox 618 2335 3233 2409">
    <p class='ocr_par' dir='ltr' id='par_1_42' title="bbox 618 2335 3233 2409">
     <span class='ocr_line' id='line_1_42' title="bbox 618 2335 3233 2409; baseline 0.002 -17"><span class='ocrx_word' id='word_1_297' title='bbox 618 2342 859 2409; x_wconf 72' lang='grc' dir='ltr'>ἔλεγον·</span> <span class='ocrx_word' id='word_1_298' title='bbox 890 2340 1101 2408; x_wconf 78' lang='grc' dir='ltr'>Ἄγιος,</span> <span class='ocrx_word' id='word_1_299' title='bbox 1132 2337 1317 2406; x_wconf 76' lang='grc' dir='ltr'>ἅγιος,</span> <span class='ocrx_word' id='word_1_300' title='bbox 1370 2335 1537 2405; x_wconf 79' lang='grc' dir='ltr'>ἅγιος</span> <span class='ocrx_word' id='word_1_301' title='bbox 1561 2337 1774 2404; x_wconf 81' lang='grc' dir='ltr'>Κύριος</span> <span class='ocrx_word' id='word_1_302' title='bbox 1798 2338 2063 2401; x_wconf 80' lang='grc' dir='ltr'>Σαϐαὼθ,</span> <span class='ocrx_word' id='word_1_303' title='bbox 2082 2335 2324 2404; x_wconf 77' lang='grc' dir='ltr'><strong>πλήρης</strong></span> <span class='ocrx_word' id='word_1_304' title='bbox 2353 2336 2523 2391; x_wconf 81' lang='grc' dir='ltr'>πᾶσα</span> <span class='ocrx_word' id='word_1_305' title='bbox 2558 2338 2636 2408; x_wconf 76' lang='grc' dir='ltr'>γῆ</span> <span class='ocrx_word' id='word_1_306' title='bbox 2669 2339 2781 2407; x_wconf 84' lang='grc' dir='ltr'>τῆς</span> <span class='ocrx_word' id='word_1_307' title='bbox 2812 2340 2997 2409; x_wconf 78' lang='grc' dir='ltr'>δόξης</span> <span class='ocrx_word' id='word_1_308' title='bbox 3026 2343 3233 2397; x_wconf 83' lang='grc' dir='ltr'>αὐτοῦ.</span> 
     </span>
    </p>
   </div>
   <div class='ocr_carea' id='block_1_43' title="bbox 690 2426 2206 2498">
    <p class='ocr_par' dir='ltr' id='par_1_43' title="bbox 690 2426 2206 2498">
     <span class='ocr_line' id='line_1_43' title="bbox 690 2426 2206 2498; baseline -0.003 -12"><span class='ocrx_word' id='word_1_309' title='bbox 690 2433 769 2486; x_wconf 80' lang='grc' dir='ltr'><strong>Οὐ</strong></span> <span class='ocrx_word' id='word_1_310' title='bbox 798 2432 921 2485; x_wconf 79' lang='grc' dir='ltr'>καθ’</span> <span class='ocrx_word' id='word_1_311' title='bbox 943 2431 1039 2483; x_wconf 73' lang='grc' dir='ltr'>ἕνα</span> <span class='ocrx_word' id='word_1_312' title='bbox 1076 2429 1260 2498; x_wconf 73' lang='grc' dir='ltr'>τυχὸν,</span> <span class='ocrx_word' id='word_1_313' title='bbox 1298 2427 1422 2481; x_wconf 73' lang='grc' dir='ltr'>οὔτε</span> <span class='ocrx_word' id='word_1_314' title='bbox 1457 2426 1561 2498; x_wconf 74' lang='grc' dir='ltr'>μὴν</span> <span class='ocrx_word' id='word_1_315' title='bbox 1585 2427 1920 2492; x_wconf 85' lang='grc' dir='ltr'>ἀδιαστάτως</span> <span class='ocrx_word' id='word_1_316' title='bbox 1938 2429 1988 2482; x_wconf 83' lang='lat' dir='ltr'><strong>oi.</strong></span> <span class='ocrx_word' id='word_1_317' title='bbox 2025 2427 2206 2497; x_wconf 79' lang='grc' dir='ltr'>μακά-</span> 
     </span>
    </p>
   </div>
   <div class='ocr_carea' id='block_1_44' title="bbox 619 2519 2207 2597">
    <p class='ocr_par' dir='ltr' id='par_1_44' title="bbox 619 2519 2207 2597">
     <span class='ocr_line' id='line_1_44' title="bbox 619 2519 2207 2597; baseline -0.004 -17"><span class='ocrx_word' id='word_1_318' title='bbox 619 2543 731 2597; x_wconf 80' lang='grc' dir='ltr'>ριοι</span> <span class='ocrx_word' id='word_1_319' title='bbox 756 2523 1033 2595; x_wconf 79' lang='grc' dir='ltr'><strong>προφῆται</strong></span> <span class='ocrx_word' id='word_1_320' title='bbox 1055 2522 1152 2585; x_wconf 84' lang='grc' dir='ltr'><strong>τὰς</strong></span> <span class='ocrx_word' id='word_1_321' title='bbox 1175 2520 1282 2574; x_wconf 88' lang='grc' dir='ltr'><strong>τῶν</strong></span> <span class='ocrx_word' id='word_1_322' title='bbox 1302 2520 1542 2592; x_wconf 83' lang='grc' dir='ltr'>όράσεων</span> <span class='ocrx_word' id='word_1_323' title='bbox 1566 2519 1935 2588; x_wconf 74' lang='grc' dir='ltr'>ἀποκαλύψεις</span> <span class='ocrx_word' id='word_1_324' title='bbox 1965 2520 2207 2590; x_wconf 76' lang='grc' dir='ltr'>ἐδέχοντο</span> 
     </span>
    </p>
   </div>
   <div class='ocr_carea' id='block_1_45' title="bbox 620 2609 2205 2684">
    <p class='ocr_par' dir='ltr' id='par_1_45' title="bbox 620 2609 2205 2684">
     <span class='ocr_line' id='line_1_45' title="bbox 620 2609 2205 2684; baseline -0.004 -15"><span class='ocrx_word' id='word_1_325' title='bbox 620 2614 774 2684; x_wconf 75' lang='grc' dir='ltr'>παρὰ</span> <span class='ocrx_word' id='word_1_326' title='bbox 805 2612 963 2667; x_wconf 89' lang='grc' dir='ltr'><strong>Θεοῦ.</strong></span> <span class='ocrx_word' id='word_1_327' title='bbox 1010 2612 1138 2665; x_wconf 80' lang='grc' dir='ltr'><strong>’Δνά</strong></span> <span class='ocrx_word' id='word_1_328' title='bbox 1167 2611 1331 2682; x_wconf 80' lang='grc' dir='ltr'>μέρος</span> <span class='ocrx_word' id='word_1_329' title='bbox 1358 2610 1413 2662; x_wconf 84' lang='grc' dir='ltr'><strong>δὲ</strong></span> <span class='ocrx_word' id='word_1_330' title='bbox 1445 2610 1663 2679; x_wconf 77' lang='grc' dir='ltr'>μᾶλλον,</span> <span class='ocrx_word' id='word_1_331' title='bbox 1704 2609 1845 2663; x_wconf 82' lang='grc' dir='ltr'>κατὰ</span> <span class='ocrx_word' id='word_1_332' title='bbox 1871 2610 1934 2662; x_wconf 83' lang='grc' dir='ltr'>τὸ</span> <span class='ocrx_word' id='word_1_333' title='bbox 1958 2611 2205 2683; x_wconf 81' lang='grc' dir='ltr'>Δεσπότῃ</span> 
     </span>
    </p>
   </div>
   <div class='ocr_carea' id='block_1_46' title="bbox 617 2696 2204 2773">
    <p class='ocr_par' dir='ltr' id='par_1_46' title="bbox 617 2696 2204 2773">
     <span class='ocr_line' id='line_1_46' title="bbox 617 2696 2204 2773; baseline -0.003 -15"><span class='ocrx_word' id='word_1_334' title='bbox 617 2704 836 2759; x_wconf 84' lang='grc' dir='ltr'>δοκοῦν.</span> <span class='ocrx_word' id='word_1_335' title='bbox 868 2703 981 2757; x_wconf 82' lang='lat' dir='ltr'><strong>Kal</strong></span> <span class='ocrx_word' id='word_1_336' title='bbox 1008 2704 1067 2755; x_wconf 83' lang='grc' dir='ltr'>ὲν</span> <span class='ocrx_word' id='word_1_337' title='bbox 1098 2701 1313 2773; x_wconf 82' lang='grc' dir='ltr'><strong>χρόνοις</strong></span> <span class='ocrx_word' id='word_1_338' title='bbox 1348 2699 1471 2753; x_wconf 87' lang='grc' dir='ltr'><strong>καθ’</strong></span> <span class='ocrx_word' id='word_1_339' title='bbox 1505 2699 1597 2763; x_wconf 79' lang='grc' dir='ltr'>οὓς</span> <span class='ocrx_word' id='word_1_340' title='bbox 1630 2699 1787 2770; x_wconf 69' lang='grc' dir='ltr'>ἤθελε</span> <span class='ocrx_word' id='word_1_341' title='bbox 1824 2696 1983 2753; x_wconf 85' lang='grc' dir='ltr'>τοῦτο</span> <span class='ocrx_word' id='word_1_342' title='bbox 2013 2701 2145 2771; x_wconf 80' lang='grc' dir='ltr'>δρᾷν</span> <span class='ocrx_word' id='word_1_343' title='bbox 2175 2701 2204 2753; x_wconf 86' lang='grc' dir='ltr'><strong>ό</strong></span> 
     </span>
    </p>
   </div>
   <div class='ocr_carea' id='block_1_47' title="bbox 617 2791 2201 2862">
    <p class='ocr_par' dir='ltr' id='par_1_47' title="bbox 617 2791 2201 2862">
     <span class='ocr_line' id='line_1_47' title="bbox 617 2791 2201 2862; baseline -0.002 -13"><span class='ocrx_word' id='word_1_344' title='bbox 617 2794 1025 2849; x_wconf 82' lang='grc' dir='ltr'><strong>ἀποκαλύπτων</strong></span> <span class='ocrx_word' id='word_1_345' title='bbox 1053 2792 1221 2861; x_wconf 88' lang='grc' dir='ltr'>βαθέα</span> <span class='ocrx_word' id='word_1_346' title='bbox 1245 2792 1337 2844; x_wconf 73' lang='grc' dir='ltr'>καὶ</span> <span class='ocrx_word' id='word_1_347' title='bbox 1363 2792 1678 2862; x_wconf 81' lang='grc' dir='ltr'>ἀπόκρυφα,</span> <span class='ocrx_word' id='word_1_348' title='bbox 1707 2792 1801 2845; x_wconf 73' lang='grc' dir='ltr'>καὶ</span> <span class='ocrx_word' id='word_1_349' title='bbox 1830 2791 2113 2861; x_wconf 81' lang='grc' dir='ltr'>γινώσκων</span> <span class='ocrx_word' id='word_1_350' title='bbox 2134 2793 2201 2847; x_wconf 84' lang='grc' dir='ltr'><strong>τὰ</strong></span> 
     </span>
    </p>
   </div>
   <div class='ocr_carea' id='block_1_48' title="bbox 618 2881 2200 2955">
    <p class='ocr_par' dir='ltr' id='par_1_48' title="bbox 618 2881 2200 2955">
     <span class='ocr_line' id='line_1_48' title="bbox 618 2881 2200 2955; baseline 0 -17"><span class='ocrx_word' id='word_1_351' title='bbox 618 2882 1000 2955; x_wconf 85' lang='grc' dir='ltr'>κεκρυμμένα.</span> <span class='ocrx_word' id='word_1_352' title='bbox 1033 2883 1144 2936; x_wconf 81' lang='lat' dir='ltr'><strong>Kal</strong></span> <span class='ocrx_word' id='word_1_353' title='bbox 1194 2882 1303 2953; x_wconf 84' lang='grc' dir='ltr'>γὰρ</span> <span class='ocrx_word' id='word_1_354' title='bbox 1354 2881 1468 2934; x_wconf 79' lang='grc' dir='ltr'>ἔστι</span> <span class='ocrx_word' id='word_1_355' title='bbox 1514 2881 1651 2952; x_wconf 79' lang='grc' dir='ltr'><strong>μετά</strong></span> <span class='ocrx_word' id='word_1_356' title='bbox 1675 2882 1832 2936; x_wconf 88' lang='grc' dir='ltr'>τοῦτο</span> <span class='ocrx_word' id='word_1_357' title='bbox 1874 2882 2009 2950; x_wconf 75' lang='grc' dir='ltr'>φῶς,</span> <span class='ocrx_word' id='word_1_358' title='bbox 2056 2884 2200 2938; x_wconf 78' lang='grc' dir='ltr'>καθὰ</span> 
     </span>
    </p>
   </div>
   <div class='ocr_carea' id='block_1_49' title="bbox 617 2973 2199 3045">
    <p class='ocr_par' dir='ltr' id='par_1_49' title="bbox 617 2973 2199 3045">
     <span class='ocr_line' id='line_1_49' title="bbox 617 2973 2199 3045; baseline -0.001 -16"><span class='ocrx_word' id='word_1_359' title='bbox 617 2976 952 3045; x_wconf 82' lang='grc' dir='ltr'>γέγραπται.</span> <span class='ocrx_word' id='word_1_360' title='bbox 999 2974 1174 3037; x_wconf 75' lang='grc' dir='ltr'>Ὀζίου</span> <span class='ocrx_word' id='word_1_361' title='bbox 1212 2973 1497 3042; x_wconf 80' lang='grc' dir='ltr'><strong>τοιγαροῦν</strong></span> <span class='ocrx_word' id='word_1_362' title='bbox 1529 2973 1623 3026; x_wconf 87' lang='grc' dir='ltr'>τοῦ</span> <span class='ocrx_word' id='word_1_363' title='bbox 1666 2975 1761 3026; x_wconf 82' lang='grc' dir='ltr'>καὶ</span> <span class='ocrx_word' id='word_1_364' title='bbox 1820 2974 2069 3043; x_wconf 79' lang='grc' dir='ltr'>Ἀζαρίου</span> <span class='ocrx_word' id='word_1_365' title='bbox 2102 2993 2199 3027; x_wconf 85' lang='grc' dir='ltr'><strong>πε-</strong></span> 
     </span>
    </p>
   </div>
   <div class='ocr_carea' id='block_1_50' title="bbox 2387 2429 3883 2507">
    <p class='ocr_par' dir='ltr' id='par_1_50' title="bbox 2387 2429 3883 2507">
     <span class='ocr_line' id='line_1_50' title="bbox 2387 2429 3883 2507; baseline 0.007 -24"><span class='ocrx_word' id='word_1_366' title='bbox 2387 2429 2545 2499; x_wconf 86' lang='grc' dir='ltr'><strong>ιοο</strong></span> <span class='ocrx_word' id='word_1_367' title='bbox 2573 2430 2687 2486; x_wconf 88' lang='lat' dir='ltr'><strong>Nec</strong></span> <span class='ocrx_word' id='word_1_368' title='bbox 2734 2431 2917 2497; x_wconf 87' lang='lat' dir='ltr'><strong>simul,</strong></span> <span class='ocrx_word' id='word_1_369' title='bbox 2961 2448 3060 2488; x_wconf 90' lang='lat' dir='ltr'><strong>nec</strong></span> <span class='ocrx_word' id='word_1_370' title='bbox 3098 2434 3216 2490; x_wconf 84' lang='lat' dir='ltr'><strong>sine</strong></span> <span class='ocrx_word' id='word_1_371' title='bbox 3256 2436 3539 2492; x_wconf 80' lang='lat' dir='ltr'><strong>intervallo</strong></span> <span class='ocrx_word' id='word_1_372' title='bbox 3568 2438 3708 2492; x_wconf 88' lang='lat' dir='ltr'><strong>beati</strong></span> <span class='ocrx_word' id='word_1_373' title='bbox 3757 2455 3883 2507; x_wconf 83' lang='lat' dir='ltr'><strong>pro-</strong></span> 
     </span>
    </p>
   </div>
   <div class='ocr_carea' id='block_1_51' title="bbox 2309 2518 3879 2596">
    <p class='ocr_par' dir='ltr' id='par_1_51' title="bbox 2309 2518 3879 2596">
     <span class='ocr_line' id='line_1_51' title="bbox 2309 2518 3879 2596; baseline 0.008 -24"><span class='ocrx_word' id='word_1_374' title='bbox 2309 2518 2483 2589; x_wconf 74' lang='lat' dir='ltr'><strong>pltetie</strong></span> <span class='ocrx_word' id='word_1_375' title='bbox 2510 2521 2751 2576; x_wconf 78' lang='lat' dir='ltr'><strong>visorum</strong></span> <span class='ocrx_word' id='word_1_376' title='bbox 2789 2523 3146 2579; x_wconf 76' lang='lat' dir='ltr'><strong>revelationes</strong></span> <span class='ocrx_word' id='word_1_377' title='bbox 3172 2538 3500 2593; x_wconf 88' lang='lat' dir='ltr'><strong>acceperunt</strong></span> <span class='ocrx_word' id='word_1_378' title='bbox 3547 2545 3575 2582; x_wconf 88' lang='lat' dir='ltr'><strong>a</strong></span> <span class='ocrx_word' id='word_1_379' title='bbox 3623 2531 3751 2596; x_wconf 87' lang='lat' dir='ltr'><strong>Deo,</strong></span> <span class='ocrx_word' id='word_1_380' title='bbox 3784 2535 3879 2587; x_wconf 87' lang='lat' dir='ltr'><strong>sed</strong></span> 
     </span>
    </p>
   </div>
   <div class='ocr_carea' id='block_1_52' title="bbox 2309 2609 3883 2687">
    <p class='ocr_par' dir='ltr' id='par_1_52' title="bbox 2309 2609 3883 2687">
     <span class='ocr_line' id='line_1_52' title="bbox 2309 2609 3883 2687; baseline 0.011 -28"><span class='ocrx_word' id='word_1_381' title='bbox 2309 2609 2575 2677; x_wconf 75' lang='lat' dir='ltr'><strong>paulatim</strong></span> <span class='ocrx_word' id='word_1_382' title='bbox 2612 2620 2667 2665; x_wconf 91' lang='lat' dir='ltr'><strong>et</strong></span> <span class='ocrx_word' id='word_1_383' title='bbox 2709 2612 3008 2681; x_wconf 87' lang='lat' dir='ltr'><strong>sigillatim,</strong></span> <span class='ocrx_word' id='word_1_384' title='bbox 3043 2624 3204 2683; x_wconf 88' lang='lat' dir='ltr'><strong>prout</strong></span> <span class='ocrx_word' id='word_1_385' title='bbox 3236 2616 3461 2672; x_wconf 83' lang='lat' dir='ltr'><strong>Domino</strong></span> <span class='ocrx_word' id='word_1_386' title='bbox 3491 2621 3660 2674; x_wconf 90' lang='lat' dir='ltr'><strong>visum</strong></span> <span class='ocrx_word' id='word_1_387' title='bbox 3692 2632 3796 2687; x_wconf 89' lang='lat' dir='ltr'><strong>est,</strong></span> <span class='ocrx_word' id='word_1_388' title='bbox 3826 2635 3883 2676; x_wconf 89' lang='lat' dir='ltr'><strong>et</strong></span> 
     </span>
    </p>
   </div>
   <div class='ocr_carea' id='block_1_53' title="bbox 2310 2699 3883 2777">
    <p class='ocr_par' dir='ltr' id='par_1_53' title="bbox 2310 2699 3883 2777">
     <span class='ocr_line' id='line_1_53' title="bbox 2310 2699 3883 2777; baseline 0.008 -27"><span class='ocrx_word' id='word_1_389' title='bbox 2310 2707 2423 2752; x_wconf 90' lang='lat' dir='ltr'><strong>tum</strong></span> <span class='ocrx_word' id='word_1_390' title='bbox 2460 2713 2582 2754; x_wconf 90' lang='lat' dir='ltr'><strong>cum</strong></span> <span class='ocrx_word' id='word_1_391' title='bbox 2624 2699 2794 2755; x_wconf 86' lang='lat' dir='ltr'><strong>voluit</strong></span> <span class='ocrx_word' id='word_1_392' title='bbox 2825 2702 3006 2756; x_wconf 86' lang='lat' dir='ltr'><strong>lacere</strong></span> <span class='ocrx_word' id='word_1_393' title='bbox 3050 2704 3117 2765; x_wconf 85' lang='lat' dir='ltr'><strong>is,</strong></span> <span class='ocrx_word' id='word_1_394' title='bbox 3152 2703 3243 2771; x_wconf 89' lang='lat' dir='ltr'><strong>qui</strong></span> <span class='ocrx_word' id='word_1_395' title='bbox 3289 2706 3481 2775; x_wconf 75' lang='lat' dir='ltr'><strong>retegit</strong></span> <span class='ocrx_word' id='word_1_396' title='bbox 3532 2708 3793 2777; x_wconf 77' lang='lat' dir='ltr'><strong>profunda</strong></span> <span class='ocrx_word' id='word_1_397' title='bbox 3827 2719 3883 2763; x_wconf 76' lang='lat' dir='ltr'><strong>et</strong></span> 
     </span>
    </p>
   </div>
   <div class='ocr_carea' id='block_1_54' title="bbox 2309 2782 3880 2865">
    <p class='ocr_par' dir='ltr' id='par_1_54' title="bbox 2309 2782 3880 2865">
     <span class='ocr_line' id='line_1_54' title="bbox 2309 2782 3880 2865; baseline 0.008 -25"><span class='ocrx_word' id='word_1_398' title='bbox 2309 2795 2539 2848; x_wconf 81' lang='lat' dir='ltr'><strong>secreta.</strong></span> <span class='ocrx_word' id='word_1_399' title='bbox 2575 2796 2629 2842; x_wconf 89' lang='lat' dir='ltr'><strong>et</strong></span> <span class='ocrx_word' id='word_1_400' title='bbox 2657 2788 2746 2857; x_wconf 89' lang='lat' dir='ltr'><strong>qui</strong></span> <span class='ocrx_word' id='word_1_401' title='bbox 2777 2790 2987 2844; x_wconf 87' lang='lat' dir='ltr'><strong>occulta</strong></span> <span class='ocrx_word' id='word_1_402' title='bbox 3017 2794 3312 2859; x_wconf 90' lang='lat' dir='ltr'><strong>cognoscit.</strong></span> <span class='ocrx_word' id='word_1_403' title='bbox 3338 2795 3451 2849; x_wconf 81' lang='lat' dir='ltr'><strong>Lux</strong></span> <span class='ocrx_word' id='word_1_404' title='bbox 3476 2782 3621 2852; x_wconf 83' lang='lat' dir='ltr'><strong>enim</strong></span> <span class='ocrx_word' id='word_1_405' title='bbox 3649 2801 3786 2865; x_wconf 87' lang='lat' dir='ltr'><strong>apud</strong></span> <span class='ocrx_word' id='word_1_406' title='bbox 3815 2799 3880 2852; x_wconf 85' lang='lat' dir='ltr'><strong>il-</strong></span> 
     </span>
    </p>
   </div>
   <div class='ocr_carea' id='block_1_55' title="bbox 2306 2874 3879 2956">
    <p class='ocr_par' dir='ltr' id='par_1_55' title="bbox 2306 2874 3879 2956">
     <span class='ocr_line' id='line_1_55' title="bbox 2306 2874 3879 2956; baseline 0.008 -28"><span class='ocrx_word' id='word_1_407' title='bbox 2306 2874 2416 2930; x_wconf 90' lang='lat' dir='ltr'><strong>lunt</strong></span> <span class='ocrx_word' id='word_1_408' title='bbox 2444 2886 2547 2941; x_wconf 89' lang='lat' dir='ltr'><strong>est,</strong></span> <span class='ocrx_word' id='word_1_409' title='bbox 2574 2878 2712 2932; x_wconf 86' lang='lat' dir='ltr'><strong>sicut</strong></span> <span class='ocrx_word' id='word_1_410' title='bbox 2736 2880 2997 2946; x_wconf 90' lang='lat' dir='ltr'><strong>scriptum</strong></span> <span class='ocrx_word' id='word_1_411' title='bbox 3030 2894 3131 2938; x_wconf 89' lang='lat' dir='ltr'><strong>est.</strong></span> <span class='ocrx_word' id='word_1_412' title='bbox 3154 2883 3284 2939; x_wconf 84' lang='lat' dir='ltr'><strong>Ozia</strong></span> <span class='ocrx_word' id='word_1_413' title='bbox 3318 2886 3501 2954; x_wconf 80' lang='lat' dir='ltr'><strong>igitur,</strong></span> <span class='ocrx_word' id='word_1_414' title='bbox 3537 2888 3627 2956; x_wconf 88' lang='lat' dir='ltr'><strong>qui</strong></span> <span class='ocrx_word' id='word_1_415' title='bbox 3656 2897 3711 2941; x_wconf 85' lang='lat' dir='ltr'><strong>et</strong></span> <span class='ocrx_word' id='word_1_416' title='bbox 3744 2889 3879 2940; x_wconf 81' lang='lat' dir='ltr'><strong>Aza-</strong></span> 
     </span>
    </p>
   </div>
   <div class='ocr_carea' id='block_1_56' title="bbox 2307 2963 3879 3046">
    <p class='ocr_par' dir='ltr' id='par_1_56' title="bbox 2307 2963 3879 3046">
     <span class='ocr_line' id='line_1_56' title="bbox 2307 2963 3879 3046; baseline 0.009 -30"><span class='ocrx_word' id='word_1_417' title='bbox 2307 2963 2605 3021; x_wconf 85' lang='lat' dir='ltr'><strong>riasdictus</strong></span> <span class='ocrx_word' id='word_1_418' title='bbox 2645 2976 2757 3031; x_wconf 61' lang='lat' dir='ltr'><strong>‘est,</strong></span> <span class='ocrx_word' id='word_1_419' title='bbox 2782 2970 2954 3024; x_wconf 81' lang='lat' dir='ltr'><strong>adhuc</strong></span> <span class='ocrx_word' id='word_1_420' title='bbox 2982 2973 3361 3041; x_wconf 87' lang='lat' dir='ltr'><strong>superstite,&#39;et</strong></span> <span class='ocrx_word' id='word_1_421' title='bbox 3386 2976 3534 3045; x_wconf 80' lang='lat' dir='ltr'><strong>regni</strong></span> <span class='ocrx_word' id='word_1_422' title='bbox 3565 2977 3879 3046; x_wconf 81' lang='lat' dir='ltr'><strong>Hierosoly-</strong></span> 
     </span>
    </p>
   </div>
   <div class='ocr_carea' id='block_1_57' title="bbox 621 3056 2494 3137">
    <p class='ocr_par' dir='ltr' id='par_1_57' title="bbox 621 3056 2493 3137">
     <span class='ocr_line' id='line_1_57' title="bbox 621 3056 2493 3137; baseline -0.003 -19"><span class='ocrx_word' id='word_1_423' title='bbox 621 3066 836 3137; x_wconf 83' lang='grc' dir='ltr'>ριόντος</span> <span class='ocrx_word' id='word_1_424' title='bbox 867 3064 964 3129; x_wconf 73' lang='grc' dir='ltr'>ἔτι,</span> <span class='ocrx_word' id='word_1_425' title='bbox 994 3064 1087 3117; x_wconf 78' lang='grc' dir='ltr'><strong>καὶ</strong></span> <span class='ocrx_word' id='word_1_426' title='bbox 1119 3063 1243 3126; x_wconf 82' lang='grc' dir='ltr'>τοὺς</span> <span class='ocrx_word' id='word_1_427' title='bbox 1270 3063 1368 3132; x_wconf 82' lang='grc' dir='ltr'>τῆς</span> <span class='ocrx_word' id='word_1_428' title='bbox 1399 3062 1673 3131; x_wconf 77' lang='grc' dir='ltr'>βασιλείας</span> <span class='ocrx_word' id='word_1_429' title='bbox 1716 3066 1815 3133; x_wconf 83' lang='grc' dir='ltr'>τῆς</span> <span class='ocrx_word' id='word_1_430' title='bbox 1864 3065 1921 3117; x_wconf 79' lang='grc' dir='ltr'><strong>έν</strong></span> <span class='ocrx_word' id='word_1_431' title='bbox 1952 3065 2061 3127; x_wconf 78' lang='grc' dir='ltr'>τοῖς</span> <span class='ocrx_word' id='word_1_432' title='bbox 2108 3066 2201 3117; x_wconf 83' lang='grc' dir='ltr'><strong>Ἰε-</strong></span> <span class='ocrx_word' id='word_1_433' title='bbox 2228 3056 2270 3113; x_wconf 91' lang='lat' dir='ltr'><strong>C</strong></span> <span class='ocrx_word' id='word_1_434' title='bbox 2306 3056 2493 3109; x_wconf 79' lang='lat' dir='ltr'><strong>milani</strong></span> 
     </span>
    </p>
   </div>
   <div class='ocr_carea' id='block_1_58' title="bbox 2002 3056 3875 3137">
    <p class='ocr_par' dir='ltr' id='par_1_58' title="bbox 2002 3056 3875 3133">
     <span class='ocr_line' id='line_1_58' title="bbox 2002 3056 3875 3133; baseline 0.004 -17"><span class='ocrx_word' id='word_1_435' title='bbox 2002 3065 2061 3127; x_wconf 69' lang='lat' dir='ltr'><strong>ii;</strong></span> <span class='ocrx_word' id='word_1_436' title='bbox 2108 3066 2201 3117; x_wconf 82' lang='grc' dir='ltr'><strong>Ἰε-</strong></span> <span class='ocrx_word' id='word_1_437' title='bbox 2228 3056 2270 3113; x_wconf 92' lang='lat' dir='ltr'>C</span> <span class='ocrx_word' id='word_1_438' title='bbox 2306 3056 2493 3109; x_wconf 89' lang='lat' dir='ltr'><strong>mitani</strong></span> <span class='ocrx_word' id='word_1_439' title='bbox 2539 3057 2731 3112; x_wconf 90' lang='lat' dir='ltr'><strong>solium</strong></span> <span class='ocrx_word' id='word_1_440' title='bbox 2762 3069 3085 3130; x_wconf 86' lang='lat' dir='ltr'><strong>occupaute,</strong></span> <span class='ocrx_word' id='word_1_441' title='bbox 3120 3066 3429 3133; x_wconf 85' lang='lat' dir='ltr'><strong>superiores</strong></span> <span class='ocrx_word' id='word_1_442' title='bbox 3464 3082 3744 3123; x_wconf 85' lang='lat' dir='ltr'><strong>sermones</strong></span> <span class='ocrx_word' id='word_1_443' title='bbox 3775 3070 3875 3123; x_wconf 85' lang='lat' dir='ltr'><strong>Ita-</strong></span> 
     </span>
    </p>
   </div>
   <div class='ocr_carea' id='block_1_59' title="bbox 621 3151 2201 3227">
    <p class='ocr_par' dir='ltr' id='par_1_59' title="bbox 621 3151 2201 3227">
     <span class='ocr_line' id='line_1_59' title="bbox 621 3151 2201 3227; baseline 0.001 -20"><span class='ocrx_word' id='word_1_444' title='bbox 621 3154 948 3227; x_wconf 87' lang='grc' dir='ltr'>ροσολύμοις</span> <span class='ocrx_word' id='word_1_445' title='bbox 1005 3154 1280 3217; x_wconf 81' lang='grc' dir='ltr'>διέποντος</span> <span class='ocrx_word' id='word_1_446' title='bbox 1326 3151 1582 3223; x_wconf 84' lang='grc' dir='ltr'><strong>θρόνους,</strong></span> <span class='ocrx_word' id='word_1_447' title='bbox 1625 3155 1752 3217; x_wconf 77' lang='grc' dir='ltr'>τοὺς</span> <span class='ocrx_word' id='word_1_448' title='bbox 1804 3156 1896 3207; x_wconf 78' lang='grc' dir='ltr'><strong>ἐπὶ</strong></span> <span class='ocrx_word' id='word_1_449' title='bbox 1945 3157 2056 3217; x_wconf 82' lang='grc' dir='ltr'>τοῖς</span> <span class='ocrx_word' id='word_1_450' title='bbox 2100 3154 2201 3225; x_wconf 66' lang='grc' dir='ltr'>ἤδη</span> 
     </span>
    </p>
   </div>
   <div class='ocr_carea' id='block_1_60' title="bbox 616 3244 2201 3315">
    <p class='ocr_par' dir='ltr' id='par_1_60' title="bbox 616 3244 2201 3315">
     <span class='ocr_line' id='line_1_60' title="bbox 616 3244 2201 3315; baseline -0.001 -16"><span class='ocrx_word' id='word_1_451' title='bbox 616 3246 864 3315; x_wconf 77' lang='grc' dir='ltr'>φθάσασι</span> <span class='ocrx_word' id='word_1_452' title='bbox 912 3244 1203 3314; x_wconf 66' lang='grc' dir='ltr'>πεποίηται</span> <span class='ocrx_word' id='word_1_453' title='bbox 1254 3244 1446 3310; x_wconf 85' lang='grc' dir='ltr'>λόγους</span> <span class='ocrx_word' id='word_1_454' title='bbox 1503 3246 1533 3297; x_wconf 87' lang='grc' dir='ltr'><strong>ό</strong></span> <span class='ocrx_word' id='word_1_455' title='bbox 1596 3246 1863 3315; x_wconf 83' lang='grc' dir='ltr'>μακάριος</span> <span class='ocrx_word' id='word_1_456' title='bbox 1916 3248 2201 3315; x_wconf 69' lang='grc' dir='ltr'>προφήτης</span> 
     </span>
    </p>
   </div>
   <div class='ocr_carea' id='block_1_61' title="bbox 628 3330 2201 3407">
    <p class='ocr_par' dir='ltr' id='par_1_61' title="bbox 628 3330 2201 3407">
     <span class='ocr_line' id='line_1_61' title="bbox 628 3330 2201 3407; baseline -0.001 -18"><span class='ocrx_word' id='word_1_457' title='bbox 628 3336 885 3398; x_wconf 75' lang='grc' dir='ltr'>Ἡσαΐας.</span> <span class='ocrx_word' id='word_1_458' title='bbox 909 3330 1018 3389; x_wconf 85' lang='grc' dir='ltr'>Ἦν</span> <span class='ocrx_word' id='word_1_459' title='bbox 1043 3334 1142 3405; x_wconf 87' lang='grc' dir='ltr'>μὲν</span> <span class='ocrx_word' id='word_1_460' title='bbox 1173 3336 1282 3406; x_wconf 78' lang='grc' dir='ltr'><strong>γὰρ</strong></span> <span class='ocrx_word' id='word_1_461' title='bbox 1324 3335 1502 3398; x_wconf 77' lang='grc' dir='ltr'>Ὀζίας</span> <span class='ocrx_word' id='word_1_462' title='bbox 1527 3335 1620 3387; x_wconf 76' lang='grc' dir='ltr'><strong>καὶ</strong></span> <span class='ocrx_word' id='word_1_463' title='bbox 1671 3336 1948 3407; x_wconf 79' lang='grc' dir='ltr'>Ἀζαρίας,</span> <span class='ocrx_word' id='word_1_464' title='bbox 1978 3336 2085 3388; x_wconf 79' lang='grc' dir='ltr'><strong>τῶν</strong></span> <span class='ocrx_word' id='word_1_465' title='bbox 2118 3338 2201 3389; x_wconf 83' lang='grc' dir='ltr'>ὅτι</span> 
     </span>
    </p>
   </div>
   <div class='ocr_carea' id='block_1_62' title="bbox 619 3425 2203 3500">
    <p class='ocr_par' dir='ltr' id='par_1_62' title="bbox 619 3425 2203 3500">
     <span class='ocr_line' id='line_1_62' title="bbox 619 3425 2203 3500; baseline -0.002 -19"><span class='ocrx_word' id='word_1_466' title='bbox 619 3428 864 3500; x_wconf 75' lang='grc' dir='ltr'>μάλιστα</span> <span class='ocrx_word' id='word_1_467' title='bbox 888 3426 1322 3497; x_wconf 87' lang='grc' dir='ltr'>φιλοθεωτάτων,</span> <span class='ocrx_word' id='word_1_468' title='bbox 1364 3426 1724 3494; x_wconf 78' lang='grc' dir='ltr'>πεποιηκέναι</span> <span class='ocrx_word' id='word_1_469' title='bbox 1757 3426 1864 3496; x_wconf 86' lang='grc' dir='ltr'>γὰρ</span> <span class='ocrx_word' id='word_1_470' title='bbox 1888 3425 2104 3494; x_wconf 86' lang='grc' dir='ltr'>λέγεται</span> <span class='ocrx_word' id='word_1_471' title='bbox 2141 3426 2203 3478; x_wconf 80' lang='grc' dir='ltr'>τὸ</span> 
     </span>
    </p>
   </div>
   <div class='ocr_carea' id='block_1_63' title="bbox 614 3513 2201 3585">
    <p class='ocr_par' dir='ltr' id='par_1_63' title="bbox 614 3513 2201 3585">
     <span class='ocr_line' id='line_1_63' title="bbox 614 3513 2201 3585; baseline -0.001 -16"><span class='ocrx_word' id='word_1_472' title='bbox 614 3514 782 3578; x_wconf 63' lang='lat' dir='ltr'><strong>esse;</strong></span> <span class='ocrx_word' id='word_1_473' title='bbox 810 3517 867 3568; x_wconf 82' lang='grc' dir='ltr'>ὲν</span> <span class='ocrx_word' id='word_1_474' title='bbox 901 3515 1197 3585; x_wconf 77' lang='grc' dir='ltr'><strong>ὀφθαλμοῖς</strong></span> <span class='ocrx_word' id='word_1_475' title='bbox 1218 3514 1315 3567; x_wconf 85' lang='grc' dir='ltr'><strong>τοῦ</strong></span> <span class='ocrx_word' id='word_1_476' title='bbox 1341 3513 1497 3567; x_wconf 84' lang='grc' dir='ltr'><strong>Θεοῦ.</strong></span> <span class='ocrx_word' id='word_1_477' title='bbox 1530 3514 1678 3584; x_wconf 77' lang='grc' dir='ltr'>Πλὴν</span> <span class='ocrx_word' id='word_1_478' title='bbox 1708 3515 1768 3567; x_wconf 85' lang='grc' dir='ltr'><strong>οὐ</strong></span> <span class='ocrx_word' id='word_1_479' title='bbox 1805 3514 1967 3585; x_wconf 90' lang='grc' dir='ltr'>μέχρι</span> <span class='ocrx_word' id='word_1_480' title='bbox 2005 3515 2201 3578; x_wconf 84' lang='grc' dir='ltr'>παντὸς</span> 
     </span>
    </p>
   </div>
   <div class='ocr_carea' id='block_1_64' title="bbox 613 3602 2201 3675">
    <p class='ocr_par' dir='ltr' id='par_1_64' title="bbox 613 3602 2201 3675">
     <span class='ocr_line' id='line_1_64' title="bbox 613 3602 2201 3675; baseline -0.001 -17"><span class='ocrx_word' id='word_1_481' title='bbox 613 3604 915 3659; x_wconf 84' lang='grc' dir='ltr'><strong>διεσώσατο</strong></span> <span class='ocrx_word' id='word_1_482' title='bbox 958 3606 1130 3673; x_wconf 81' lang='grc' dir='ltr'>καλὴν</span> <span class='ocrx_word' id='word_1_483' title='bbox 1181 3604 1275 3657; x_wconf 78' lang='grc' dir='ltr'><strong>καὶ</strong></span> <span class='ocrx_word' id='word_1_484' title='bbox 1330 3602 1629 3673; x_wconf 78' lang='grc' dir='ltr'><strong>ἀμώμητον</strong></span> <span class='ocrx_word' id='word_1_485' title='bbox 1654 3604 1752 3674; x_wconf 82' lang='grc' dir='ltr'>τῆς</span> <span class='ocrx_word' id='word_1_486' title='bbox 1800 3604 2081 3665; x_wconf 79' lang='grc' dir='ltr'><strong>εὐσεϐείας</strong></span> <span class='ocrx_word' id='word_1_487' title='bbox 2104 3605 2201 3675; x_wconf 81' lang='grc' dir='ltr'>τὴν</span> 
     </span>
    </p>
   </div>
   <div class='ocr_carea' id='block_1_65' title="bbox 611 3693 2196 3766">
    <p class='ocr_par' dir='ltr' id='par_1_65' title="bbox 611 3693 2196 3766">
     <span class='ocr_line' id='line_1_65' title="bbox 611 3693 2196 3766; baseline -0.003 -14"><span class='ocrx_word' id='word_1_488' title='bbox 611 3698 801 3763; x_wconf 79' lang='grc' dir='ltr'>δόξαν.</span> <span class='ocrx_word' id='word_1_489' title='bbox 828 3697 1179 3765; x_wconf 82' lang='grc' dir='ltr'>Κατισχύσας</span> <span class='ocrx_word' id='word_1_490' title='bbox 1209 3695 1319 3766; x_wconf 83' lang='grc' dir='ltr'>γὰρ</span> <span class='ocrx_word' id='word_1_491' title='bbox 1343 3695 1431 3747; x_wconf 83' lang='grc' dir='ltr'><strong>διὰ</strong></span> <span class='ocrx_word' id='word_1_492' title='bbox 1459 3693 1596 3748; x_wconf 88' lang='grc' dir='ltr'><strong>Θεοῦ</strong></span> <span class='ocrx_word' id='word_1_493' title='bbox 1622 3694 1731 3747; x_wconf 85' lang='grc' dir='ltr'><strong>τῶν</strong></span> <span class='ocrx_word' id='word_1_494' title='bbox 1758 3695 1974 3765; x_wconf 85' lang='grc' dir='ltr'>ὁμόρων</span> <span class='ocrx_word' id='word_1_495' title='bbox 2007 3694 2196 3759; x_wconf 75' lang='grc' dir='ltr'>ἐθνῶν,</span> 
     </span>
    </p>
   </div>
   <div class='ocr_carea' id='block_1_66' title="bbox 614 3785 2201 3857">
    <p class='ocr_par' dir='ltr' id='par_1_66' title="bbox 614 3785 2201 3857">
     <span class='ocr_line' id='line_1_66' title="bbox 614 3785 2201 3857; baseline -0.003 -15"><span class='ocrx_word' id='word_1_496' title='bbox 614 3789 850 3842; x_wconf 83' lang='grc' dir='ltr'>πλεῖστὰ</span> <span class='ocrx_word' id='word_1_497' title='bbox 877 3797 935 3840; x_wconf 86' lang='grc' dir='ltr'><strong>τε</strong></span> <span class='ocrx_word' id='word_1_498' title='bbox 966 3789 1067 3842; x_wconf 85' lang='grc' dir='ltr'>ὅσα</span> <span class='ocrx_word' id='word_1_499' title='bbox 1108 3787 1204 3841; x_wconf 72' lang='grc' dir='ltr'>καὶ</span> <span class='ocrx_word' id='word_1_500' title='bbox 1236 3786 1643 3857; x_wconf 77' lang='grc' dir='ltr'><strong>ἀξιοθαύμαστα</strong></span> <span class='ocrx_word' id='word_1_501' title='bbox 1684 3785 1802 3838; x_wconf 86' lang='grc' dir='ltr'>κατ’</span> <span class='ocrx_word' id='word_1_502' title='bbox 1824 3785 2003 3837; x_wconf 86' lang='grc' dir='ltr'>αὐτῶν</span> <span class='ocrx_word' id='word_1_503' title='bbox 2033 3787 2201 3855; x_wconf 79' lang='grc' dir='ltr'>ἐργα-</span> 
     </span>
    </p>
   </div>
   <div class='ocr_carea' id='block_1_67' title="bbox 616 3876 2197 3950">
    <p class='ocr_par' dir='ltr' id='par_1_67' title="bbox 616 3876 2197 3950">
     <span class='ocr_line' id='line_1_67' title="bbox 616 3876 2197 3950; baseline -0.003 -17"><span class='ocrx_word' id='word_1_504' title='bbox 616 3881 879 3950; x_wconf 81' lang='grc' dir='ltr'>σάμενος,</span> <span class='ocrx_word' id='word_1_505' title='bbox 930 3882 1045 3942; x_wconf 77' lang='grc' dir='ltr'>τοῖς</span> <span class='ocrx_word' id='word_1_506' title='bbox 1076 3880 1176 3949; x_wconf 77' lang='grc' dir='ltr'>τῆς</span> <span class='ocrx_word' id='word_1_507' title='bbox 1207 3878 1514 3949; x_wconf 81' lang='grc' dir='ltr'>εὐπραγίας</span> <span class='ocrx_word' id='word_1_508' title='bbox 1562 3876 1898 3947; x_wconf 86' lang='grc' dir='ltr'>μεμέθυσται</span> <span class='ocrx_word' id='word_1_509' title='bbox 1943 3878 2197 3945; x_wconf 78' lang='grc' dir='ltr'>τρόποιςο</span> 
     </span>
    </p>
   </div>
   <div class='ocr_carea' id='block_1_68' title="bbox 613 3967 2198 4041">
    <p class='ocr_par' dir='ltr' id='par_1_68' title="bbox 613 3967 2198 4041">
     <span class='ocr_line' id='line_1_68' title="bbox 613 3967 2198 4041; baseline -0.004 -15"><span class='ocrx_word' id='word_1_510' title='bbox 613 3971 717 4026; x_wconf 76' lang='grc' dir='ltr'>καὶ</span> <span class='ocrx_word' id='word_1_511' title='bbox 762 3970 1093 4025; x_wconf 84' lang='grc' dir='ltr'>κατώλισθεν</span> <span class='ocrx_word' id='word_1_512' title='bbox 1154 3971 1233 4033; x_wconf 81' lang='grc' dir='ltr'><strong>είς</strong></span> <span class='ocrx_word' id='word_1_513' title='bbox 1280 3969 1598 4041; x_wconf 73' lang='grc' dir='ltr'>ὑπεροψίαν.</span> <span class='ocrx_word' id='word_1_514' title='bbox 1660 3968 1913 4037; x_wconf 78' lang='grc' dir='ltr'>’Δφίκετο</span> <span class='ocrx_word' id='word_1_515' title='bbox 1963 3967 2070 4037; x_wconf 85' lang='grc' dir='ltr'>γὰρ</span> <span class='ocrx_word' id='word_1_516' title='bbox 2119 3968 2198 4031; x_wconf 84' lang='grc' dir='ltr'><strong>είς</strong></span> 
     </span>
    </p>
   </div>
   <div class='ocr_carea' id='block_1_69' title="bbox 609 4057 2197 4131">
    <p class='ocr_par' dir='ltr' id='par_1_69' title="bbox 609 4057 2197 4131">
     <span class='ocr_line' id='line_1_69' title="bbox 609 4057 2197 4131; baseline -0.002 -18"><span class='ocrx_word' id='word_1_517' title='bbox 609 4058 778 4113; x_wconf 88' lang='grc' dir='ltr'>τοῦτο</span> <span class='ocrx_word' id='word_1_518' title='bbox 804 4058 1046 4131; x_wconf 82' lang='grc' dir='ltr'>γνώμης,</span> <span class='ocrx_word' id='word_1_519' title='bbox 1082 4060 1222 4112; x_wconf 80' lang='grc' dir='ltr'>ὥστε</span> <span class='ocrx_word' id='word_1_520' title='bbox 1267 4059 1361 4112; x_wconf 77' lang='grc' dir='ltr'>καὶ</span> <span class='ocrx_word' id='word_1_521' title='bbox 1414 4057 1747 4130; x_wconf 84' lang='grc' dir='ltr'>λειτουργίαν</span> <span class='ocrx_word' id='word_1_522' title='bbox 1806 4057 2051 4126; x_wconf 81' lang='grc' dir='ltr'>ἁρπάσαι</span> <span class='ocrx_word' id='word_1_523' title='bbox 2097 4058 2197 4127; x_wconf 84' lang='grc' dir='ltr'>τὴν</span> 
     </span>
    </p>
   </div>
   <div class='ocr_carea' id='block_1_70' title="bbox 614 4145 2197 4223">
    <p class='ocr_par' dir='ltr' id='par_1_70' title="bbox 614 4145 2197 4223">
     <span class='ocr_line' id='line_1_70' title="bbox 614 4145 2197 4223; baseline -0.003 -19"><span class='ocrx_word' id='word_1_524' title='bbox 614 4151 798 4223; x_wconf 77' lang='grc' dir='ltr'>ἱερὰν,</span> <span class='ocrx_word' id='word_1_525' title='bbox 813 4152 908 4204; x_wconf 78' lang='grc' dir='ltr'><strong>καὶ</strong></span> <span class='ocrx_word' id='word_1_526' title='bbox 935 4150 1269 4220; x_wconf 79' lang='grc' dir='ltr'>αὐτόκλητος</span> <span class='ocrx_word' id='word_1_527' title='bbox 1297 4148 1470 4201; x_wconf 75' lang='grc' dir='ltr'>ἐλθεῖν</span> <span class='ocrx_word' id='word_1_528' title='bbox 1501 4149 1591 4201; x_wconf 75' lang='grc' dir='ltr'><strong>ἐπὶ</strong></span> <span class='ocrx_word' id='word_1_529' title='bbox 1620 4147 1679 4200; x_wconf 84' lang='grc' dir='ltr'>τὸ</span> <span class='ocrx_word' id='word_1_530' title='bbox 1709 4147 1817 4200; x_wconf 82' lang='grc' dir='ltr'>δεῖν</span> <span class='ocrx_word' id='word_1_531' title='bbox 1847 4145 2094 4217; x_wconf 81' lang='grc' dir='ltr'>ἱερᾶσθαι</span> <span class='ocrx_word' id='word_1_532' title='bbox 2119 4145 2197 4215; x_wconf 82' lang='grc' dir='ltr'>τῷ</span> 
     </span>
    </p>
   </div>
   <div class='ocr_carea' id='block_1_71' title="bbox 610 4236 2196 4311">
    <p class='ocr_par' dir='ltr' id='par_1_71' title="bbox 610 4236 2196 4311">
     <span class='ocr_line' id='line_1_71' title="bbox 610 4236 2196 4311; baseline -0.004 -16"><span class='ocrx_word' id='word_1_533' title='bbox 610 4241 760 4311; x_wconf 84' lang='grc' dir='ltr'>Θεῷ.</span> <span class='ocrx_word' id='word_1_534' title='bbox 790 4239 1060 4294; x_wconf 82' lang='grc' dir='ltr'><strong>Εἰσελθὼν</strong></span> <span class='ocrx_word' id='word_1_535' title='bbox 1088 4241 1199 4311; x_wconf 75' lang='grc' dir='ltr'><strong>γὰρ</strong></span> <span class='ocrx_word' id='word_1_536' title='bbox 1248 4242 1329 4302; x_wconf 85' lang='grc' dir='ltr'><strong>είς</strong></span> <span class='ocrx_word' id='word_1_537' title='bbox 1361 4240 1453 4292; x_wconf 80' lang='grc' dir='ltr'>τὸν</span> <span class='ocrx_word' id='word_1_538' title='bbox 1494 4237 1636 4291; x_wconf 89' lang='grc' dir='ltr'>θεῖον</span> <span class='ocrx_word' id='word_1_539' title='bbox 1696 4238 1843 4300; x_wconf 79' lang='grc' dir='ltr'>ναὸν,</span> <span class='ocrx_word' id='word_1_540' title='bbox 1888 4238 1947 4289; x_wconf 85' lang='grc' dir='ltr'><strong>ού</strong></span> <span class='ocrx_word' id='word_1_541' title='bbox 1981 4236 2068 4290; x_wconf 82' lang='grc' dir='ltr'>διὰ</span> <span class='ocrx_word' id='word_1_542' title='bbox 2097 4236 2196 4307; x_wconf 83' lang='grc' dir='ltr'>τῆς</span> 
     </span>
    </p>
   </div>
   <div class='ocr_carea' id='block_1_72' title="bbox 2303 3147 3875 3226">
    <p class='ocr_par' dir='ltr' id='par_1_72' title="bbox 2303 3147 3875 3226">
     <span class='ocr_line' id='line_1_72' title="bbox 2303 3147 3875 3226; baseline 0.009 -26"><span class='ocrx_word' id='word_1_543' title='bbox 2303 3147 2419 3200; x_wconf 80' lang='lat' dir='ltr'><strong>ltuit</strong></span> <span class='ocrx_word' id='word_1_544' title='bbox 2443 3147 2629 3203; x_wconf 86' lang='lat' dir='ltr'><strong>beatus</strong></span> <span class='ocrx_word' id='word_1_545' title='bbox 2657 3150 2912 3219; x_wconf 85' lang='lat' dir='ltr'><strong>propheta</strong></span> <span class='ocrx_word' id='word_1_546' title='bbox 2941 3153 3130 3208; x_wconf 78' lang='lat' dir='ltr'><strong>Isaias.</strong></span> <span class='ocrx_word' id='word_1_547' title='bbox 3157 3154 3287 3208; x_wconf 85' lang='lat' dir='ltr'><strong>Nam</strong></span> <span class='ocrx_word' id='word_1_548' title='bbox 3314 3155 3606 3226; x_wconf 79' lang='lat' dir='ltr'><strong>Ozias,qui</strong></span> <span class='ocrx_word' id='word_1_549' title='bbox 3631 3158 3875 3224; x_wconf 86' lang='lat' dir='ltr'><strong>Azarias,</strong></span> 
     </span>
    </p>
   </div>
   <div class='ocr_carea' id='block_1_73' title="bbox 2303 3237 3875 3320">
    <p class='ocr_par' dir='ltr' id='par_1_73' title="bbox 2303 3237 3875 3320">
     <span class='ocr_line' id='line_1_73' title="bbox 2303 3237 3875 3320; baseline 0.008 -31"><span class='ocrx_word' id='word_1_550' title='bbox 2303 3237 2457 3291; x_wconf 73' lang='lat' dir='ltr'><strong>valde</strong></span> <span class='ocrx_word' id='word_1_551' title='bbox 2486 3238 2607 3306; x_wconf 88' lang='lat' dir='ltr'><strong>pius</strong></span> <span class='ocrx_word' id='word_1_552' title='bbox 2656 3250 2773 3320; x_wconf 75' lang='lat' dir='ltr'><strong>erat</strong></span> <span class='ocrx_word' id='word_1_553' title='bbox 2806 3252 2857 3293; x_wconf 91' lang='lat' dir='ltr'><strong>et</strong></span> <span class='ocrx_word' id='word_1_554' title='bbox 2892 3241 3195 3310; x_wconf 81' lang='lat' dir='ltr'><strong>religiosus,</strong></span> <span class='ocrx_word' id='word_1_555' title='bbox 3222 3245 3420 3315; x_wconf 83' lang='lat' dir='ltr'><strong>quippe</strong></span> <span class='ocrx_word' id='word_1_556' title='bbox 3451 3246 3542 3314; x_wconf 88' lang='lat' dir='ltr'><strong>qui</strong></span> <span class='ocrx_word' id='word_1_557' title='bbox 3578 3246 3772 3314; x_wconf 77' lang='lat' dir='ltr'><strong>legitur</strong></span> <span class='ocrx_word' id='word_1_558' title='bbox 3798 3250 3875 3303; x_wconf 80' lang='lat' dir='ltr'><strong>le-</strong></span> 
     </span>
    </p>
   </div>
   <div class='ocr_carea' id='block_1_74' title="bbox 2302 3326 3872 3406">
    <p class='ocr_par' dir='ltr' id='par_1_74' title="bbox 2302 3326 3872 3406">
     <span class='ocr_line' id='line_1_74' title="bbox 2302 3326 3872 3406; baseline 0.007 -26"><span class='ocrx_word' id='word_1_559' title='bbox 2302 3326 2444 3381; x_wconf 85' lang='lat' dir='ltr'><strong>cisse</strong></span> <span class='ocrx_word' id='word_1_560' title='bbox 2471 3339 2676 3382; x_wconf 89' lang='lat' dir='ltr'><strong>rectum</strong></span> <span class='ocrx_word' id='word_1_561' title='bbox 2712 3329 2762 3381; x_wconf 91' lang='lat' dir='ltr'><strong>in</strong></span> <span class='ocrx_word' id='word_1_562' title='bbox 2786 3329 2955 3385; x_wconf 91' lang='lat' dir='ltr'><strong>oculis</strong></span> <span class='ocrx_word' id='word_1_563' title='bbox 2987 3333 3078 3385; x_wconf 91' lang='lat' dir='ltr'><strong>Dei</strong></span> <span class='ocrx_word' id='word_1_564' title='bbox 3107 3351 3121 3386; x_wconf 91' lang='lat'><strong>:</strong></span> <span class='ocrx_word' id='word_1_565' title='bbox 3149 3345 3207 3387; x_wconf 91' lang='lat' dir='ltr'><strong>at</strong></span> <span class='ocrx_word' id='word_1_566' title='bbox 3232 3335 3498 3406; x_wconf 89' lang='lat' dir='ltr'><strong>integrant</strong></span> <span class='ocrx_word' id='word_1_567' title='bbox 3524 3346 3580 3391; x_wconf 90' lang='lat' dir='ltr'><strong>et</strong></span> <span class='ocrx_word' id='word_1_568' title='bbox 3612 3338 3872 3392; x_wconf 83' lang='lat' dir='ltr'><strong>illibatam</strong></span> 
     </span>
    </p>
   </div>
   <div class='ocr_carea' id='block_1_75' title="bbox 2303 3418 3866 3497">
    <p class='ocr_par' dir='ltr' id='par_1_75' title="bbox 2303 3418 3866 3497">
     <span class='ocr_line' id='line_1_75' title="bbox 2303 3418 3866 3497; baseline 0.009 -27"><span class='ocrx_word' id='word_1_569' title='bbox 2303 3418 2581 3484; x_wconf 81' lang='lat' dir='ltr'><strong>religionis</strong></span> <span class='ocrx_word' id='word_1_570' title='bbox 2616 3420 2839 3488; x_wconf 82' lang='lat' dir='ltr'><strong>gloriam</strong></span> <span class='ocrx_word' id='word_1_571' title='bbox 2876 3437 2972 3489; x_wconf 83' lang='lat' dir='ltr'><strong>per</strong></span> <span class='ocrx_word' id='word_1_572' title='bbox 3024 3423 3209 3478; x_wconf 84' lang='lat' dir='ltr'><strong>omnia</strong></span> <span class='ocrx_word' id='word_1_573' title='bbox 3249 3441 3354 3479; x_wconf 91' lang='lat' dir='ltr'><strong>non</strong></span> <span class='ocrx_word' id='word_1_574' title='bbox 3404 3428 3647 3483; x_wconf 86' lang='lat' dir='ltr'><strong>retinuit.</strong></span> <span class='ocrx_word' id='word_1_575' title='bbox 3696 3429 3866 3497; x_wconf 79' lang='lat' dir='ltr'><strong>Expu-</strong></span> 
     </span>
    </p>
   </div>
   <div class='ocr_carea' id='block_1_76' title="bbox 2300 3510 3864 3588">
    <p class='ocr_par' dir='ltr' id='par_1_76' title="bbox 2300 3510 3864 3588">
     <span class='ocr_line' id='line_1_76' title="bbox 2300 3510 3864 3588; baseline 0.008 -26"><span class='ocrx_word' id='word_1_576' title='bbox 2300 3510 2478 3579; x_wconf 86' lang='lat' dir='ltr'><strong>gnatis</strong></span> <span class='ocrx_word' id='word_1_577' title='bbox 2496 3512 2638 3564; x_wconf 92' lang='lat' dir='ltr'><strong>enim</strong></span> <span class='ocrx_word' id='word_1_578' title='bbox 2670 3511 2762 3565; x_wconf 90' lang='lat' dir='ltr'><strong>Dei</strong></span> <span class='ocrx_word' id='word_1_579' title='bbox 2796 3513 2998 3567; x_wconf 82' lang='lat' dir='ltr'><strong>auxilio</strong></span> <span class='ocrx_word' id='word_1_580' title='bbox 3029 3523 3084 3567; x_wconf 89' lang='lat' dir='ltr'><strong>et</strong></span> <span class='ocrx_word' id='word_1_581' title='bbox 3119 3515 3379 3571; x_wconf 80' lang='lat' dir='ltr'><strong>beneﬂcio</strong></span> <span class='ocrx_word' id='word_1_582' title='bbox 3414 3517 3657 3573; x_wconf 82' lang='lat' dir='ltr'><strong>ﬁnitimis</strong></span> <span class='ocrx_word' id='word_1_583' title='bbox 3682 3520 3864 3588; x_wconf 83' lang='lat' dir='ltr'><strong>genti-</strong></span> 
     </span>
    </p>
   </div>
   <div class='ocr_carea' id='block_1_77' title="bbox 2302 3599 3871 3673">
    <p class='ocr_par' dir='ltr' id='par_1_77' title="bbox 2302 3599 3871 3673">
     <span class='ocr_line' id='line_1_77' title="bbox 2302 3599 3871 3673; baseline 0.007 -21"><span class='ocrx_word' id='word_1_584' title='bbox 2302 3600 2422 3662; x_wconf 86' lang='lat' dir='ltr'><strong>bus,</strong></span> <span class='ocrx_word' id='word_1_585' title='bbox 2458 3609 2515 3654; x_wconf 92' lang='lat' dir='ltr'><strong>et</strong></span> <span class='ocrx_word' id='word_1_586' title='bbox 2567 3599 2813 3669; x_wconf 87' lang='lat' dir='ltr'><strong>pluribus</strong></span> <span class='ocrx_word' id='word_1_587' title='bbox 2859 3603 3301 3673; x_wconf 85' lang='lat' dir='ltr'><strong>admirandisque</strong></span> <span class='ocrx_word' id='word_1_588' title='bbox 3340 3606 3501 3661; x_wconf 86' lang='lat' dir='ltr'><strong>rebus</strong></span> <span class='ocrx_word' id='word_1_589' title='bbox 3540 3617 3732 3662; x_wconf 89' lang='lat' dir='ltr'><strong>contra</strong></span> <span class='ocrx_word' id='word_1_590' title='bbox 3775 3624 3871 3663; x_wconf 86' lang='lat' dir='ltr'><strong>eas</strong></span> 
     </span>
    </p>
   </div>
   <div class='ocr_carea' id='block_1_78' title="bbox 2299 3691 3889 3762">
    <p class='ocr_par' dir='ltr' id='par_1_78' title="bbox 2299 3691 3889 3762">
     <span class='ocr_line' id='line_1_78' title="bbox 2299 3691 3889 3762; baseline 0.004 -17"><span class='ocrx_word' id='word_1_591' title='bbox 2299 3692 2489 3761; x_wconf 84' lang='lat' dir='ltr'><strong>gestis,</strong></span> <span class='ocrx_word' id='word_1_592' title='bbox 2519 3691 2661 3747; x_wconf 83' lang='lat' dir='ltr'><strong>felici</strong></span> <span class='ocrx_word' id='word_1_593' title='bbox 2709 3695 2811 3749; x_wconf 90' lang='lat' dir='ltr'><strong>ltoc</strong></span> <span class='ocrx_word' id='word_1_594' title='bbox 2839 3709 3093 3756; x_wconf 80' lang='lat' dir='ltr'><strong>successu</strong></span> <span class='ocrx_word' id='word_1_595' title='bbox 3136 3696 3435 3752; x_wconf 87' lang='lat' dir='ltr'><strong>inebriatus</strong></span> <span class='ocrx_word' id='word_1_596' title='bbox 3467 3706 3569 3762; x_wconf 89' lang='lat' dir='ltr'><strong>est,</strong></span> <span class='ocrx_word' id='word_1_597' title='bbox 3611 3707 3666 3753; x_wconf 91' lang='lat' dir='ltr'><strong>et</strong></span> <span class='ocrx_word' id='word_1_598' title='bbox 3693 3699 3758 3752; x_wconf 91' lang='lat' dir='ltr'><strong>ad</strong></span> <span class='ocrx_word' id='word_1_599' title='bbox 3788 3714 3889 3757; x_wconf 31' lang='lat' dir='ltr'><strong>sua</strong></span> 
     </span>
    </p>
   </div>
   <div class='ocr_carea' id='block_1_79' title="bbox 2298 3783 3869 3854">
    <p class='ocr_par' dir='ltr' id='par_1_79' title="bbox 2298 3783 3869 3854">
     <span class='ocr_line' id='line_1_79' title="bbox 2298 3783 3869 3854; baseline 0.006 -19"><span class='ocrx_word' id='word_1_600' title='bbox 2298 3783 2498 3851; x_wconf 66' lang='lat' dir='ltr'><strong>pcrbiat</strong></span> <span class='ocrx_word' id='word_1_601' title='bbox 2527 3784 2806 3852; x_wconf 88' lang='lat' dir='ltr'><strong>scopulum</strong></span> <span class='ocrx_word' id='word_1_602' title='bbox 2837 3785 3084 3854; x_wconf 80' lang='lat' dir='ltr'><strong>impegit.</strong></span> <span class='ocrx_word' id='word_1_603' title='bbox 3126 3786 3203 3841; x_wconf 88' lang='lat' dir='ltr'><strong>Eo</strong></span> <span class='ocrx_word' id='word_1_604' title='bbox 3248 3788 3395 3842; x_wconf 91' lang='lat' dir='ltr'><strong>enim</strong></span> <span class='ocrx_word' id='word_1_605' title='bbox 3426 3791 3678 3844; x_wconf 69' lang='lat' dir='ltr'><strong>amentiae</strong></span> <span class='ocrx_word' id='word_1_606' title='bbox 3707 3792 3869 3845; x_wconf 86' lang='lat' dir='ltr'><strong>deve-</strong></span> 
     </span>
    </p>
   </div>
   <div class='ocr_carea' id='block_1_80' title="bbox 2299 3873 3871 3948">
    <p class='ocr_par' dir='ltr' id='par_1_80' title="bbox 2299 3873 3871 3948">
     <span class='ocr_line' id='line_1_80' title="bbox 2299 3873 3871 3948; baseline 0.004 -22"><span class='ocrx_word' id='word_1_607' title='bbox 2299 3873 2396 3934; x_wconf 88' lang='lat' dir='ltr'><strong>nit,</strong></span> <span class='ocrx_word' id='word_1_608' title='bbox 2436 3879 2496 3926; x_wconf 92' lang='lat' dir='ltr'><strong>ut</strong></span> <span class='ocrx_word' id='word_1_609' title='bbox 2534 3887 2747 3926; x_wconf 89' lang='lat' dir='ltr'><strong>sacrum</strong></span> <span class='ocrx_word' id='word_1_610' title='bbox 2781 3874 3140 3929; x_wconf 88' lang='lat' dir='ltr'><strong>ministerium</strong></span> <span class='ocrx_word' id='word_1_611' title='bbox 3174 3875 3276 3929; x_wconf 85' lang='lat' dir='ltr'><strong>sibi</strong></span> <span class='ocrx_word' id='word_1_612' title='bbox 3312 3878 3428 3946; x_wconf 89' lang='lat' dir='ltr'><strong>ipse</strong></span> <span class='ocrx_word' id='word_1_613' title='bbox 3472 3879 3784 3948; x_wconf 83' lang='lat' dir='ltr'><strong>arripuerit,</strong></span> <span class='ocrx_word' id='word_1_614' title='bbox 3816 3889 3871 3935; x_wconf 91' lang='lat' dir='ltr'><strong>et</strong></span> 
     </span>
    </p>
   </div>
   <div class='ocr_carea' id='block_1_81' title="bbox 2296 3966 3869 4031">
    <p class='ocr_par' dir='ltr' id='par_1_81' title="bbox 2296 3966 3869 4031">
     <span class='ocr_line' id='line_1_81' title="bbox 2296 3966 3869 4031; baseline 0.006 -14"><span class='ocrx_word' id='word_1_615' title='bbox 2296 3972 2506 4031; x_wconf 86' lang='lat' dir='ltr'><strong>sponte,</strong></span> <span class='ocrx_word' id='word_1_616' title='bbox 2537 3977 2641 4016; x_wconf 89' lang='lat' dir='ltr'><strong>non</strong></span> <span class='ocrx_word' id='word_1_617' title='bbox 2671 3974 2913 4030; x_wconf 78' lang='lat' dir='ltr'><strong>vocatus,</strong></span> <span class='ocrx_word' id='word_1_618' title='bbox 2946 3967 3011 4019; x_wconf 89' lang='lat' dir='ltr'><strong>ad</strong></span> <span class='ocrx_word' id='word_1_619' title='bbox 3041 3966 3378 4023; x_wconf 82' lang='lat' dir='ltr'><strong>sacriﬁcandi</strong></span> <span class='ocrx_word' id='word_1_620' title='bbox 3403 3985 3593 4024; x_wconf 89' lang='lat' dir='ltr'><strong>munus</strong></span> <span class='ocrx_word' id='word_1_621' title='bbox 3624 3987 3869 4027; x_wconf 78' lang='lat' dir='ltr'><strong>accesse-</strong></span> 
     </span>
    </p>
   </div>
   <div class='ocr_carea' id='block_1_82' title="bbox 2296 4050 3868 4122">
    <p class='ocr_par' dir='ltr' id='par_1_82' title="bbox 2296 4050 3868 4122">
     <span class='ocr_line' id='line_1_82' title="bbox 2296 4050 3868 4122; baseline 0.008 -19"><span class='ocrx_word' id='word_1_622' title='bbox 2296 4050 2682 4120; x_wconf 84' lang='lat' dir='ltr'><strong>rit.lngressus</strong></span> <span class='ocrx_word' id='word_1_623' title='bbox 2711 4054 2854 4105; x_wconf 90' lang='lat' dir='ltr'><strong>enim</strong></span> <span class='ocrx_word' id='word_1_624' title='bbox 2884 4054 2973 4107; x_wconf 89' lang='lat' dir='ltr'><strong>Dei</strong></span> <span class='ocrx_word' id='word_1_625' title='bbox 3005 4056 3285 4122; x_wconf 88' lang='lat' dir='ltr'><strong>templum,</strong></span> <span class='ocrx_word' id='word_1_626' title='bbox 3315 4071 3420 4111; x_wconf 92' lang='lat' dir='ltr'><strong>non</strong></span> <span class='ocrx_word' id='word_1_627' title='bbox 3445 4054 3755 4113; x_wconf 79' lang='lat' dir='ltr'><strong>Levitaruut</strong></span> <span class='ocrx_word' id='word_1_628' title='bbox 3784 4062 3868 4116; x_wconf 71' lang='lat' dir='ltr'><strong>vel</strong></span> 
     </span>
    </p>
   </div>
   <div class='ocr_carea' id='block_1_83' title="bbox 2297 4143 3868 4210">
    <p class='ocr_par' dir='ltr' id='par_1_83' title="bbox 2297 4143 3868 4210">
     <span class='ocr_line' id='line_1_83' title="bbox 2297 4143 3868 4210; baseline 0.006 -14"><span class='ocrx_word' id='word_1_629' title='bbox 2297 4143 2639 4196; x_wconf 84' lang='lat' dir='ltr'><strong>sacerdotum</strong></span> <span class='ocrx_word' id='word_1_630' title='bbox 2668 4156 2832 4210; x_wconf 88' lang='lat' dir='ltr'><strong>opera</strong></span> <span class='ocrx_word' id='word_1_631' title='bbox 2861 4143 3065 4196; x_wconf 86' lang='lat' dir='ltr'><strong>vicaria</strong></span> <span class='ocrx_word' id='word_1_632' title='bbox 3093 4145 3167 4197; x_wconf 88' lang='lat' dir='ltr'><strong>uti</strong></span> <span class='ocrx_word' id='word_1_633' title='bbox 3197 4145 3248 4198; x_wconf 93' lang='lat' dir='ltr'><strong>in</strong></span> <span class='ocrx_word' id='word_1_634' title='bbox 3280 4145 3573 4203; x_wconf 80' lang='lat' dir='ltr'><strong>oll&#39;etendis</strong></span> <span class='ocrx_word' id='word_1_635' title='bbox 3616 4149 3723 4204; x_wconf 89' lang='lat' dir='ltr'><strong>Deo</strong></span> <span class='ocrx_word' id='word_1_636' title='bbox 3774 4154 3868 4206; x_wconf 89' lang='lat' dir='ltr'><strong>bo-</strong></span> 
     </span>
    </p>
   </div>
   <div class='ocr_carea' id='block_1_84' title="bbox 2296 4232 3870 4311">
    <p class='ocr_par' dir='ltr' id='par_1_84' title="bbox 2296 4232 3870 4311">
     <span class='ocr_line' id='line_1_84' title="bbox 2296 4232 3870 4311; baseline 0.006 -25"><span class='ocrx_word' id='word_1_637' title='bbox 2296 4232 2425 4286; x_wconf 84' lang='lat' dir='ltr'><strong>sliis</strong></span> <span class='ocrx_word' id='word_1_638' title='bbox 2454 4232 2642 4297; x_wconf 89' lang='lat' dir='ltr'><strong>voluit,</strong></span> <span class='ocrx_word' id='word_1_639' title='bbox 2673 4233 2767 4288; x_wconf 77' lang='lat' dir='ltr'><strong>sed</strong></span> <span class='ocrx_word' id='word_1_640' title='bbox 2805 4234 2871 4288; x_wconf 85' lang='lat' dir='ltr'><strong>ad</strong></span> <span class='ocrx_word' id='word_1_641' title='bbox 2899 4234 3138 4288; x_wconf 90' lang='lat' dir='ltr'><strong>divinum</strong></span> <span class='ocrx_word' id='word_1_642' title='bbox 3180 4237 3350 4292; x_wconf 87' lang='lat' dir='ltr'><strong>altare</strong></span> <span class='ocrx_word' id='word_1_643' title='bbox 3371 4239 3641 4303; x_wconf 87' lang='lat' dir='ltr'><strong>assiliens,</strong></span> <span class='ocrx_word' id='word_1_644' title='bbox 3672 4252 3870 4311; x_wconf 64' lang='lat' dir='ltr'><strong>praeter</strong></span> 
     </span>
    </p>
   </div>
   <div class='ocr_carea' id='block_1_85' title="bbox 606 4324 2479 4402">
    <p class='ocr_par' dir='ltr' id='par_1_85' title="bbox 606 4326 2479 4402">
     <span class='ocr_line' id='line_1_85' title="bbox 606 4326 2479 4402; baseline -0.005 -15"><span class='ocrx_word' id='word_1_645' title='bbox 606 4332 726 4387; x_wconf 82' lang='grc' dir='ltr'><strong>τῶν</strong></span> <span class='ocrx_word' id='word_1_646' title='bbox 751 4330 990 4385; x_wconf 82' lang='grc' dir='ltr'>Λευῖτῶν</span> <span class='ocrx_word' id='word_1_647' title='bbox 1013 4332 1311 4402; x_wconf 85' lang='grc' dir='ltr'>μεσιτείας,</span> <span class='ocrx_word' id='word_1_648' title='bbox 1341 4330 1506 4401; x_wconf 72' lang='grc' dir='ltr'>ἤγουν</span> <span class='ocrx_word' id='word_1_649' title='bbox 1552 4329 1760 4399; x_wconf 81' lang='grc' dir='ltr'>ἱερέων,</span> <span class='ocrx_word' id='word_1_650' title='bbox 1804 4326 2193 4398; x_wconf 78' lang='grc' dir='ltr'>προσκομίζειν</span> <span class='ocrx_word' id='word_1_651' title='bbox 2226 4389 2265 4402; x_wconf 38' lang='lat' dir='ltr'><strong>ﬁ</strong></span> <span class='ocrx_word' id='word_1_652' title='bbox 2299 4339 2479 4378; x_wconf 90' lang='lat' dir='ltr'><strong>tuoreu</strong></span> 
     </span>
    </p>
   </div>
   <div class='ocr_carea' id='block_1_86' title="bbox 1994 4324 3867 4402">
    <p class='ocr_par' dir='ltr' id='par_1_86' title="bbox 1994 4324 3867 4402">
     <span class='ocr_line' id='line_1_86' title="bbox 1994 4324 3867 4402; baseline 0.005 -23"><span class='ocrx_word' id='word_1_653' title='bbox 1994 4326 2193 4396; x_wconf 64' lang='grc' dir='ltr'>»μίξειν</span> <span class='ocrx_word' id='word_1_654' title='bbox 2226 4389 2265 4402; x_wconf 36' lang='lat' dir='ltr'><strong>ﬁ</strong></span> <span class='ocrx_word' id='word_1_655' title='bbox 2299 4339 2502 4378; x_wconf 91' lang='lat' dir='ltr'><strong>morem</strong></span> <span class='ocrx_word' id='word_1_656' title='bbox 2522 4332 2577 4377; x_wconf 88' lang='lat' dir='ltr'><strong>et</strong></span> <span class='ocrx_word' id='word_1_657' title='bbox 2601 4324 2771 4395; x_wconf 83' lang='lat' dir='ltr'><strong>legem</strong></span> <span class='ocrx_word' id='word_1_658' title='bbox 2796 4341 3081 4397; x_wconf 80' lang='lat' dir='ltr'><strong>aggressus</strong></span> <span class='ocrx_word' id='word_1_659' title='bbox 3112 4336 3195 4382; x_wconf 88' lang='lat' dir='ltr'><strong>est</strong></span> <span class='ocrx_word' id='word_1_660' title='bbox 3227 4329 3501 4385; x_wconf 89' lang='lat' dir='ltr'><strong>incensum</strong></span> <span class='ocrx_word' id='word_1_661' title='bbox 3520 4330 3770 4388; x_wconf 88' lang='lat' dir='ltr'><strong>adolere:</strong></span> <span class='ocrx_word' id='word_1_662' title='bbox 3804 4348 3867 4388; x_wconf 84' lang='lat' dir='ltr'><strong>ac</strong></span> 
     </span>
    </p>
   </div>
   <div class='ocr_carea' id='block_1_87' title="bbox 606 4389 2479 4495">
    <p class='ocr_par' dir='ltr' id='par_1_87' title="bbox 606 4389 2479 4495">
     <span class='ocr_line' id='line_1_87' title="bbox 606 4389 2479 4495; baseline -0.005 -19"><span class='ocrx_word' id='word_1_663' title='bbox 606 4422 775 4495; x_wconf 71' lang='grc' dir='ltr'>ἤθελε</span> <span class='ocrx_word' id='word_1_664' title='bbox 805 4424 905 4486; x_wconf 79' lang='grc' dir='ltr'>τὰς</span> <span class='ocrx_word' id='word_1_665' title='bbox 950 4389 1143 4485; x_wconf 38' lang='grc' dir='ltr'>θυισίας</span> <span class='ocrx_word' id='word_1_666' title='bbox 1187 4389 1449 4491; x_wconf 23' lang='grc' dir='ltr'>τῷ*</span> <span class='ocrx_word' id='word_1_667' title='bbox 1493 4389 1632 4472; x_wconf 76' lang='grc' dir='ltr'>Ἀλλ’</span> <span class='ocrx_word' id='word_1_668' title='bbox 1685 4389 1771 4471; x_wconf 77' lang='grc' dir='ltr'><strong>ἐπ’</strong></span> <span class='ocrx_word' id='word_1_669' title='bbox 1808 4389 1944 4471; x_wconf 60' lang='lat' dir='ltr'><strong>alato</strong></span> <span class='ocrx_word' id='word_1_670' title='bbox 1968 4389 2028 4469; x_wconf 75' lang='grc' dir='ltr'><strong>τδ</strong></span> <span class='ocrx_word' id='word_1_671' title='bbox 2054 4416 2193 4469; x_wconf 84' lang='grc' dir='ltr'>θεῖον</span> <span class='ocrx_word' id='word_1_672' title='bbox 2226 4389 2270 4444; x_wconf 77' lang='lat' dir='ltr'><strong>D</strong></span> <span class='ocrx_word' id='word_1_673' title='bbox 2300 4414 2479 4483; x_wconf 87' lang='lat' dir='ltr'><strong>reprel</strong></span> 
     </span>
    </p>
   </div>
   <div class='ocr_carea' id='block_1_88' title="bbox 1992 4389 3865 4495">
    <p class='ocr_par' dir='ltr' id='par_1_88' title="bbox 1992 4389 3865 4490">
     <span class='ocr_line' id='line_1_88' title="bbox 1992 4389 3865 4490; baseline 0.004 -21"><span class='ocrx_word' id='word_1_674' title='bbox 2054 4416 2193 4469; x_wconf 84' lang='grc' dir='ltr'>θεῖον</span> <span class='ocrx_word' id='word_1_675' title='bbox 2226 4389 2270 4444; x_wconf 77' lang='lat' dir='ltr'><strong>D</strong></span> <span class='ocrx_word' id='word_1_676' title='bbox 2300 4389 2904 4485; x_wconf 27' lang='lat' dir='ltr'><strong>reprehensuswquidem</strong></span> <span class='ocrx_word' id='word_1_677' title='bbox 2942 4428 3025 4473; x_wconf 91' lang='lat' dir='ltr'><strong>est</strong></span> <span class='ocrx_word' id='word_1_678' title='bbox 3058 4431 3089 4470; x_wconf 89' lang='lat' dir='ltr'><strong>a</strong></span> <span class='ocrx_word' id='word_1_679' title='bbox 3131 4418 3270 4474; x_wconf 89' lang='lat' dir='ltr'><strong>tribu</strong></span> <span class='ocrx_word' id='word_1_680' title='bbox 3311 4421 3654 4484; x_wconf 86' lang='lat' dir='ltr'><strong>sacerdotali.</strong></span> <span class='ocrx_word' id='word_1_681' title='bbox 3712 4424 3865 4490; x_wconf 83' lang='lat' dir='ltr'><strong>quasi</strong></span> 
     </span>
    </p>
   </div>
   <div class='ocr_carea' id='block_1_89' title="bbox 606 4506 2196 4585">
    <p class='ocr_par' dir='ltr' id='par_1_89' title="bbox 606 4506 2196 4585">
     <span class='ocr_line' id='line_1_89' title="bbox 606 4506 2196 4585; baseline -0.006 -17"><span class='ocrx_word' id='word_1_682' title='bbox 606 4516 970 4585; x_wconf 79' lang='grc' dir='ltr'>ἀναπηδήσας</span> <span class='ocrx_word' id='word_1_683' title='bbox 1014 4513 1422 4583; x_wconf 77' lang='grc' dir='ltr'>θυσιαστήριον,</span> <span class='ocrx_word' id='word_1_684' title='bbox 1478 4510 1655 4580; x_wconf 82' lang='grc' dir='ltr'>θυμᾷν</span> <span class='ocrx_word' id='word_1_685' title='bbox 1703 4510 1885 4579; x_wconf 77' lang='grc' dir='ltr'><strong>ἐζήτει</strong></span> <span class='ocrx_word' id='word_1_686' title='bbox 1939 4507 2088 4579; x_wconf 79' lang='grc' dir='ltr'>παρὰ</span> <span class='ocrx_word' id='word_1_687' title='bbox 2134 4506 2196 4559; x_wconf 83' lang='grc' dir='ltr'>τὸ</span> 
     </span>
    </p>
   </div>
   <div class='ocr_carea' id='block_1_90' title="bbox 607 4600 2196 4674">
    <p class='ocr_par' dir='ltr' id='par_1_90' title="bbox 607 4600 2196 4674">
     <span class='ocr_line' id='line_1_90' title="bbox 607 4600 2196 4674; baseline -0.005 -14"><span class='ocrx_word' id='word_1_688' title='bbox 607 4605 806 4669; x_wconf 72' lang='grc' dir='ltr'>εἰωθὸς</span> <span class='ocrx_word' id='word_1_689' title='bbox 833 4605 1043 4658; x_wconf 77' lang='grc' dir='ltr'>καὶτὸν</span> <span class='ocrx_word' id='word_1_690' title='bbox 1096 4604 1281 4674; x_wconf 86' lang='grc' dir='ltr'>νόμον.</span> <span class='ocrx_word' id='word_1_691' title='bbox 1316 4605 1427 4658; x_wconf 76' lang='lat' dir='ltr'><strong>Kal</strong></span> <span class='ocrx_word' id='word_1_692' title='bbox 1478 4603 1737 4673; x_wconf 71' lang='grc' dir='ltr'>ἠλέγχετο</span> <span class='ocrx_word' id='word_1_693' title='bbox 1777 4602 1873 4672; x_wconf 84' lang='grc' dir='ltr'>μὲν</span> <span class='ocrx_word' id='word_1_694' title='bbox 1924 4600 2072 4669; x_wconf 75' lang='grc' dir='ltr'>παρὰ</span> <span class='ocrx_word' id='word_1_695' title='bbox 2097 4602 2196 4670; x_wconf 86' lang='grc' dir='ltr'><strong>τῆς</strong></span> 
     </span>
    </p>
   </div>
   <div class='ocr_carea' id='block_1_91' title="bbox 608 4691 2199 4766">
    <p class='ocr_par' dir='ltr' id='par_1_91' title="bbox 608 4691 2199 4766">
     <span class='ocr_line' id='line_1_91' title="bbox 608 4691 2199 4766; baseline -0.002 -18"><span class='ocrx_word' id='word_1_696' title='bbox 608 4696 1005 4766; x_wconf 76' lang='grc' dir='ltr'>ἱερατευούσης</span> <span class='ocrx_word' id='word_1_697' title='bbox 1036 4695 1212 4764; x_wconf 79' lang='grc' dir='ltr'>φυλῆς</span> <span class='ocrx_word' id='word_1_698' title='bbox 1234 4693 1310 4757; x_wconf 86' lang='grc' dir='ltr'>ὼς</span> <span class='ocrx_word' id='word_1_699' title='bbox 1358 4692 1549 4746; x_wconf 85' lang='grc' dir='ltr'>ἀνόσια</span> <span class='ocrx_word' id='word_1_700' title='bbox 1583 4692 1745 4763; x_wconf 88' lang='grc' dir='ltr'>δρῶν,</span> <span class='ocrx_word' id='word_1_701' title='bbox 1781 4693 1873 4745; x_wconf 71' lang='grc' dir='ltr'>καὶ</span> <span class='ocrx_word' id='word_1_702' title='bbox 1900 4691 2199 4763; x_wconf 86' lang='grc' dir='ltr'>παραλύειν</span> 
     </span>
    </p>
   </div>
   <div class='ocr_carea' id='block_1_92' title="bbox 605 4783 2199 4859">
    <p class='ocr_par' dir='ltr' id='par_1_92' title="bbox 605 4783 2199 4859">
     <span class='ocr_line' id='line_1_92' title="bbox 605 4783 2199 4859; baseline -0.003 -18"><span class='ocrx_word' id='word_1_703' title='bbox 605 4788 907 4859; x_wconf 73' lang='grc' dir='ltr'>ἐπιχειρῶν</span> <span class='ocrx_word' id='word_1_704' title='bbox 932 4788 1023 4841; x_wconf 82' lang='grc' dir='ltr'>τὸν</span> <span class='ocrx_word' id='word_1_705' title='bbox 1053 4787 1237 4857; x_wconf 79' lang='grc' dir='ltr'>νόμον.</span> <span class='ocrx_word' id='word_1_706' title='bbox 1278 4786 1496 4857; x_wconf 82' lang='grc' dir='ltr'>Ἐπειδὴ</span> <span class='ocrx_word' id='word_1_707' title='bbox 1530 4785 1585 4838; x_wconf 81' lang='grc' dir='ltr'><strong>δὲ</strong></span> <span class='ocrx_word' id='word_1_708' title='bbox 1636 4787 1746 4847; x_wconf 85' lang='grc' dir='ltr'>τοῖς</span> <span class='ocrx_word' id='word_1_709' title='bbox 1778 4784 1877 4853; x_wconf 80' lang='grc' dir='ltr'>τῆς</span> <span class='ocrx_word' id='word_1_710' title='bbox 1925 4783 2199 4853; x_wconf 80' lang='grc' dir='ltr'>βασιλείας</span> 
     </span>
    </p>
   </div>
   <div class='ocr_carea' id='block_1_93' title="bbox 605 4873 2190 4950">
    <p class='ocr_par' dir='ltr' id='par_1_93' title="bbox 605 4873 2190 4950">
     <span class='ocr_line' id='line_1_93' title="bbox 605 4873 2190 4950; baseline -0.003 -18"><span class='ocrx_word' id='word_1_711' title='bbox 605 4879 925 4950; x_wconf 82' lang='grc' dir='ltr'>αὐχήμασιν</span> <span class='ocrx_word' id='word_1_712' title='bbox 957 4878 1240 4949; x_wconf 75' lang='grc' dir='ltr'>ἐντρυφῶν</span> <span class='ocrx_word' id='word_1_713' title='bbox 1296 4874 1736 4946; x_wconf 86' lang='grc' dir='ltr'>προσνενέμηκεν</span> <span class='ocrx_word' id='word_1_714' title='bbox 1789 4874 1964 4944; x_wconf 80' lang='grc' dir='ltr'>ἐαυτῷ</span> <span class='ocrx_word' id='word_1_715' title='bbox 2013 4873 2190 4927; x_wconf 76' lang='grc' dir='ltr'>καὶτὸ</span> 
     </span>
    </p>
   </div>
   <div class='ocr_carea' id='block_1_94' title="bbox 609 4964 2189 5041">
    <p class='ocr_par' dir='ltr' id='par_1_94' title="bbox 609 4964 2189 5041">
     <span class='ocr_line' id='line_1_94' title="bbox 609 4964 2189 5041; baseline -0.004 -17"><span class='ocrx_word' id='word_1_716' title='bbox 609 4971 863 5041; x_wconf 80' lang='grc' dir='ltr'>ἱερᾶσθαι</span> <span class='ocrx_word' id='word_1_717' title='bbox 888 4970 1137 5040; x_wconf 74' lang='grc' dir='ltr'>πρέπεινο</span> <span class='ocrx_word' id='word_1_718' title='bbox 1163 4968 1257 5021; x_wconf 75' lang='grc' dir='ltr'><strong>καὶ</strong></span> <span class='ocrx_word' id='word_1_719' title='bbox 1277 4967 1405 5039; x_wconf 80' lang='grc' dir='ltr'>παρ’</span> <span class='ocrx_word' id='word_1_720' title='bbox 1435 4967 1588 5020; x_wconf 79' lang='grc' dir='ltr'><strong>οὐδὲν</strong></span> <span class='ocrx_word' id='word_1_721' title='bbox 1615 4965 1933 5034; x_wconf 86' lang='grc' dir='ltr'>ποιούμενος</span> <span class='ocrx_word' id='word_1_722' title='bbox 1955 4965 2053 5029; x_wconf 83' lang='grc' dir='ltr'><strong>τὰς</strong></span> <span class='ocrx_word' id='word_1_723' title='bbox 2081 4964 2189 5018; x_wconf 89' lang='grc' dir='ltr'><strong>τῶν</strong></span> 
     </span>
    </p>
   </div>
   <div class='ocr_carea' id='block_1_95' title="bbox 609 5054 2186 5131">
    <p class='ocr_par' dir='ltr' id='par_1_95' title="bbox 609 5054 2186 5131">
     <span class='ocr_line' id='line_1_95' title="bbox 609 5054 2186 5131; baseline -0.004 -16"><span class='ocrx_word' id='word_1_724' title='bbox 609 5064 804 5131; x_wconf 77' lang='grc' dir='ltr'>ἱερέων</span> <span class='ocrx_word' id='word_1_725' title='bbox 840 5060 1168 5131; x_wconf 75' lang='grc' dir='ltr'>συμεουλὰς,</span> <span class='ocrx_word' id='word_1_726' title='bbox 1200 5058 1461 5129; x_wconf 79' lang='grc' dir='ltr'>ἠλέγχετο</span> <span class='ocrx_word' id='word_1_727' title='bbox 1489 5057 1830 5127; x_wconf 81' lang='grc' dir='ltr'>παραχρῆμα</span> <span class='ocrx_word' id='word_1_728' title='bbox 1858 5054 2008 5127; x_wconf 72' lang='grc' dir='ltr'>παρὰ</span> <span class='ocrx_word' id='word_1_729' title='bbox 2032 5054 2186 5109; x_wconf 86' lang='grc' dir='ltr'><strong>Θεοῦ.</strong></span> 
     </span>
    </p>
   </div>
   <div class='ocr_carea' id='block_1_96' title="bbox 604 5144 2188 5223">
    <p class='ocr_par' dir='ltr' id='par_1_96' title="bbox 604 5144 2188 5223">
     <span class='ocr_line' id='line_1_96' title="bbox 604 5144 2188 5223; baseline -0.006 -17"><span class='ocrx_word' id='word_1_730' title='bbox 604 5153 964 5223; x_wconf 85' lang='grc' dir='ltr'>Δελέπρωται</span> <span class='ocrx_word' id='word_1_731' title='bbox 992 5152 1121 5221; x_wconf 83' lang='grc' dir='ltr'>γὰρ,</span> <span class='ocrx_word' id='word_1_732' title='bbox 1154 5152 1334 5212; x_wconf 81' lang='grc' dir='ltr'>αὐτοῖς</span> <span class='ocrx_word' id='word_1_733' title='bbox 1384 5146 1654 5217; x_wconf 88' lang='grc' dir='ltr'>μετώποις</span> <span class='ocrx_word' id='word_1_734' title='bbox 1696 5146 2065 5215; x_wconf 79' lang='grc' dir='ltr'>ὲπηνθηκότος</span> <span class='ocrx_word' id='word_1_735' title='bbox 2096 5144 2188 5197; x_wconf 86' lang='grc' dir='ltr'>τοῦ</span> 
     </span>
    </p>
   </div>
   <div class='ocr_carea' id='block_1_97' title="bbox 602 5234 2198 5311">
    <p class='ocr_par' dir='ltr' id='par_1_97' title="bbox 602 5234 2198 5311">
     <span class='ocr_line' id='line_1_97' title="bbox 602 5234 2198 5311; baseline -0.008 -14"><span class='ocrx_word' id='word_1_736' title='bbox 602 5242 836 5304; x_wconf 77' lang='grc' dir='ltr'>πάθους.</span> <span class='ocrx_word' id='word_1_737' title='bbox 870 5236 1039 5311; x_wconf 83' lang='grc' dir='ltr'>Οἶμαι</span> <span class='ocrx_word' id='word_1_738' title='bbox 1069 5241 1126 5293; x_wconf 85' lang='grc' dir='ltr'><strong>δὲ</strong></span> <span class='ocrx_word' id='word_1_739' title='bbox 1173 5240 1283 5292; x_wconf 87' lang='grc' dir='ltr'>δεῖν</span> <span class='ocrx_word' id='word_1_740' title='bbox 1331 5239 1468 5310; x_wconf 78' lang='grc' dir='ltr'>πρὸς</span> <span class='ocrx_word' id='word_1_741' title='bbox 1511 5236 1711 5307; x_wconf 76' lang='grc' dir='ltr'>ἀκριϐῆ</span> <span class='ocrx_word' id='word_1_742' title='bbox 1743 5236 1851 5289; x_wconf 86' lang='grc' dir='ltr'><strong>τῶν</strong></span> <span class='ocrx_word' id='word_1_743' title='bbox 1892 5234 2198 5305; x_wconf 84' lang='grc' dir='ltr'>εἰρημένων</span> 
     </span>
    </p>
   </div>
   <div class='ocr_carea' id='block_1_98' title="bbox 600 5325 2195 5403">
    <p class='ocr_par' dir='ltr' id='par_1_98' title="bbox 600 5325 2195 5403">
     <span class='ocr_line' id='line_1_98' title="bbox 600 5325 2195 5403; baseline -0.008 -15"><span class='ocrx_word' id='word_1_744' title='bbox 600 5334 813 5403; x_wconf 77' lang='grc' dir='ltr'>εἴδησιν</span> <span class='ocrx_word' id='word_1_745' title='bbox 848 5333 942 5386; x_wconf 77' lang='grc' dir='ltr'><strong>καὶ</strong></span> <span class='ocrx_word' id='word_1_746' title='bbox 969 5331 1111 5386; x_wconf 81' lang='grc' dir='ltr'>αὐτὰ</span> <span class='ocrx_word' id='word_1_747' title='bbox 1143 5331 1213 5384; x_wconf 77' lang='grc' dir='ltr'><strong>τὰ</strong></span> <span class='ocrx_word' id='word_1_748' title='bbox 1245 5332 1364 5384; x_wconf 82' lang='grc' dir='ltr'><strong>θεῖα</strong></span> <span class='ocrx_word' id='word_1_749' title='bbox 1393 5328 1735 5402; x_wconf 85' lang='grc' dir='ltr'>παραθέσθαι</span> <span class='ocrx_word' id='word_1_750' title='bbox 1773 5327 1961 5394; x_wconf 84' lang='grc' dir='ltr'>λόγια,</span> <span class='ocrx_word' id='word_1_751' title='bbox 1998 5326 2069 5377; x_wconf 76' lang='grc' dir='ltr'><strong>τὰ</strong></span> <span class='ocrx_word' id='word_1_752' title='bbox 2107 5325 2195 5376; x_wconf 73' lang='grc' dir='ltr'><strong>ἐπ’</strong></span> 
     </span>
    </p>
   </div>
   <div class='ocr_carea' id='block_1_99' title="bbox 596 5414 2196 5495">
    <p class='ocr_par' dir='ltr' id='par_1_99' title="bbox 596 5414 2196 5495">
     <span class='ocr_line' id='line_1_99' title="bbox 596 5414 2196 5495; baseline -0.008 -15"><span class='ocrx_word' id='word_1_753' title='bbox 596 5426 756 5495; x_wconf 74' lang='grc' dir='ltr'>αὐτῷ</span> <span class='ocrx_word' id='word_1_754' title='bbox 780 5425 1159 5495; x_wconf 86' lang='grc' dir='ltr'>γεγραμμένα.</span> <span class='ocrx_word' id='word_1_755' title='bbox 1182 5425 1336 5495; x_wconf 85' lang='grc' dir='ltr'>Ἔχει</span> <span class='ocrx_word' id='word_1_756' title='bbox 1359 5423 1415 5477; x_wconf 85' lang='grc' dir='ltr'><strong>δὲ</strong></span> <span class='ocrx_word' id='word_1_757' title='bbox 1445 5421 1636 5485; x_wconf 75' lang='grc' dir='ltr'>οὕτως’</span> <span class='ocrx_word' id='word_1_758' title='bbox 1667 5438 1685 5471; x_wconf 83' lang='grc' dir='ltr'>ι</span> <span class='ocrx_word' id='word_1_759' title='bbox 1723 5420 1808 5473; x_wconf 83' lang='grc' dir='ltr'>Ἐν</span> <span class='ocrx_word' id='word_1_760' title='bbox 1834 5418 1943 5471; x_wconf 80' lang='grc' dir='ltr'>ἔτει</span> <span class='ocrx_word' id='word_1_761' title='bbox 1967 5414 2196 5485; x_wconf 85' lang='grc' dir='ltr'>είκοστῷ</span> 
     </span>
    </p>
   </div>
   <div class='ocr_carea' id='block_1_100' title="bbox 595 5507 2197 5585">
    <p class='ocr_par' dir='ltr' id='par_1_100' title="bbox 595 5507 2197 5585">
     <span class='ocr_line' id='line_1_100' title="bbox 595 5507 2197 5585; baseline -0.008 -14"><span class='ocrx_word' id='word_1_762' title='bbox 595 5518 701 5571; x_wconf 78' lang='grc' dir='ltr'>καὶ</span> <span class='ocrx_word' id='word_1_763' title='bbox 732 5515 944 5584; x_wconf 76' lang='grc' dir='ltr'>ἑϐδόμῳ</span> <span class='ocrx_word' id='word_1_764' title='bbox 977 5514 1055 5585; x_wconf 79' lang='grc' dir='ltr'>τῷ</span> <span class='ocrx_word' id='word_1_765' title='bbox 1091 5512 1367 5585; x_wconf 78' lang='grc' dir='ltr'>Ἰεροϐοὰμ</span> <span class='ocrx_word' id='word_1_766' title='bbox 1399 5512 1607 5582; x_wconf 88' lang='grc' dir='ltr'>βασιλεί</span> <span class='ocrx_word' id='word_1_767' title='bbox 1641 5509 1877 5582; x_wconf 79' lang='grc' dir='ltr'>Ἰσραὴλ,</span> <span class='ocrx_word' id='word_1_768' title='bbox 1913 5507 2197 5560; x_wconf 66' lang='grc' dir='ltr'>ἐϐασίλευ-</span> 
     </span>
    </p>
   </div>
   <div class='ocr_carea' id='block_1_101' title="bbox 594 5596 2200 5676">
    <p class='ocr_par' dir='ltr' id='par_1_101' title="bbox 594 5596 2200 5676">
     <span class='ocr_line' id='line_1_101' title="bbox 594 5596 2200 5676; baseline -0.004 -17"><span class='ocrx_word' id='word_1_769' title='bbox 594 5622 698 5659; x_wconf 87' lang='grc' dir='ltr'><strong>σεν</strong></span> <span class='ocrx_word' id='word_1_770' title='bbox 738 5604 993 5676; x_wconf 74' lang='grc' dir='ltr'>’Δζαρίας</span> <span class='ocrx_word' id='word_1_771' title='bbox 1049 5605 1165 5667; x_wconf 82' lang='grc' dir='ltr'>υἱὸς</span> <span class='ocrx_word' id='word_1_772' title='bbox 1212 5603 1471 5673; x_wconf 76' lang='grc' dir='ltr'>Ἀμασίου</span> <span class='ocrx_word' id='word_1_773' title='bbox 1543 5601 1808 5672; x_wconf 82' lang='grc' dir='ltr'>βασιλέως</span> <span class='ocrx_word' id='word_1_774' title='bbox 1862 5598 2051 5653; x_wconf 81' lang='grc' dir='ltr'><strong>Ἰούδα.</strong></span> <span class='ocrx_word' id='word_1_775' title='bbox 2100 5596 2200 5662; x_wconf 74' lang='grc' dir='ltr'><strong>Ἓξ</strong></span> 
     </span>
    </p>
   </div>
   <div class='ocr_carea' id='block_1_102' title="bbox 681 5758 1201 5831">
    <p class='ocr_par' dir='ltr' id='par_1_102' title="bbox 681 5758 1201 5831">
     <span class='ocr_line' id='line_1_102' title="bbox 681 5758 1201 5831; baseline -0.006 -17"><span class='ocrx_word' id='word_1_776' title='bbox 681 5763 757 5831; x_wconf 81' lang='lat' dir='ltr'><strong>(l)</strong></span> <span class='ocrx_word' id='word_1_777' title='bbox 800 5761 958 5829; x_wconf 76' lang='lat' dir='ltr'><strong>Vulg.</strong></span> <span class='ocrx_word' id='word_1_778' title='bbox 993 5758 1201 5813; x_wconf 79' lang='lat' dir='ltr'><strong>Chelia.</strong></span> 
     </span>
    </p>
   </div>
   <div class='ocr_carea' id='block_1_103' title="bbox 930 5851 1609 5912">
    <p class='ocr_par' dir='ltr' id='par_1_103' title="bbox 930 5851 1609 5912">
     <span class='ocr_line' id='line_1_103' title="bbox 930 5851 1609 5912; baseline 0.003 -2"><span class='ocrx_word' id='word_1_779' title='bbox 930 5856 1199 5911; x_wconf 71' lang='lat' dir='ltr'><strong>PATROL.</strong></span> <span class='ocrx_word' id='word_1_780' title='bbox 1254 5853 1366 5912; x_wconf 81' lang='lat' dir='ltr'><strong>Gtt.</strong></span> <span class='ocrx_word' id='word_1_781' title='bbox 1424 5851 1609 5912; x_wconf 77' lang='lat' dir='ltr'><strong>LXX.</strong></span> 
     </span>
    </p>
   </div>
   <div class='ocr_carea' id='block_1_104' title="bbox 2296 4506 3867 4582">
    <p class='ocr_par' dir='ltr' id='par_1_104' title="bbox 2296 4506 3867 4582">
     <span class='ocr_line' id='line_1_104' title="bbox 2296 4506 3867 4582; baseline 0.004 -22"><span class='ocrx_word' id='word_1_782' title='bbox 2296 4506 2457 4574; x_wconf 89' lang='lat' dir='ltr'><strong>impie</strong></span> <span class='ocrx_word' id='word_1_783' title='bbox 2486 4520 2673 4574; x_wconf 79' lang='lat' dir='ltr'><strong>agens,</strong></span> <span class='ocrx_word' id='word_1_784' title='bbox 2702 4516 2758 4559; x_wconf 93' lang='lat' dir='ltr'><strong>et</strong></span> <span class='ocrx_word' id='word_1_785' title='bbox 2786 4506 2953 4575; x_wconf 85' lang='lat' dir='ltr'><strong>legem</strong></span> <span class='ocrx_word' id='word_1_786' title='bbox 2980 4508 3207 4563; x_wconf 84' lang='lat' dir='ltr'><strong>violans.</strong></span> <span class='ocrx_word' id='word_1_787' title='bbox 3250 4512 3319 4565; x_wconf 87' lang='lat' dir='ltr'><strong>At</strong></span> <span class='ocrx_word' id='word_1_788' title='bbox 3353 4511 3397 4565; x_wconf 94' lang='lat' dir='ltr'><strong>is</strong></span> <span class='ocrx_word' id='word_1_789' title='bbox 3421 4512 3582 4580; x_wconf 88' lang='lat' dir='ltr'><strong>regali</strong></span> <span class='ocrx_word' id='word_1_790' title='bbox 3607 4513 3867 4582; x_wconf 87' lang='lat' dir='ltr'><strong>dignitate</strong></span> 
     </span>
    </p>
   </div>
   <div class='ocr_carea' id='block_1_105' title="bbox 2295 4597 3867 4672">
    <p class='ocr_par' dir='ltr' id='par_1_105' title="bbox 2295 4597 3867 4672">
     <span class='ocr_line' id='line_1_105' title="bbox 2295 4597 3867 4672; baseline 0.004 -21"><span class='ocrx_word' id='word_1_791' title='bbox 2295 4597 2647 4662; x_wconf 86' lang='lat' dir='ltr'><strong>insolesceus,</strong></span> <span class='ocrx_word' id='word_1_792' title='bbox 2675 4598 2776 4652; x_wconf 91' lang='lat' dir='ltr'><strong>sibi</strong></span> <span class='ocrx_word' id='word_1_793' title='bbox 2812 4599 2950 4653; x_wconf 87' lang='lat' dir='ltr'><strong>hanc</strong></span> <span class='ocrx_word' id='word_1_794' title='bbox 2982 4601 3270 4655; x_wconf 81' lang='lat' dir='ltr'><strong>sacerdotii</strong></span> <span class='ocrx_word' id='word_1_795' title='bbox 3292 4600 3621 4656; x_wconf 76' lang='lat' dir='ltr'><strong>iunctionem</strong></span> <span class='ocrx_word' id='word_1_796' title='bbox 3644 4616 3867 4672; x_wconf 81' lang='lat' dir='ltr'><strong>arroga-</strong></span> 
     </span>
    </p>
   </div>
   <div class='ocr_carea' id='block_1_106' title="bbox 2295 4690 3867 4759">
    <p class='ocr_par' dir='ltr' id='par_1_106' title="bbox 2295 4690 3867 4759">
     <span class='ocr_line' id='line_1_106' title="bbox 2295 4690 3867 4759; baseline 0.004 -17"><span class='ocrx_word' id='word_1_797' title='bbox 2295 4690 2393 4751; x_wconf 89' lang='lat' dir='ltr'><strong>vit,</strong></span> <span class='ocrx_word' id='word_1_798' title='bbox 2413 4697 2705 4759; x_wconf 88' lang='lat' dir='ltr'><strong>spretoque</strong></span> <span class='ocrx_word' id='word_1_799' title='bbox 2727 4690 3067 4744; x_wconf 85' lang='lat' dir='ltr'><strong>sacerdomm</strong></span> <span class='ocrx_word' id='word_1_800' title='bbox 3091 4691 3342 4756; x_wconf 89' lang='lat' dir='ltr'><strong>consilio,</strong></span> <span class='ocrx_word' id='word_1_801' title='bbox 3373 4690 3656 4747; x_wconf 81' lang='lat' dir='ltr'><strong>confestim</strong></span> <span class='ocrx_word' id='word_1_802' title='bbox 3696 4709 3724 4746; x_wconf 87' lang='lat' dir='ltr'><strong>a</strong></span> <span class='ocrx_word' id='word_1_803' title='bbox 3758 4693 3867 4748; x_wconf 90' lang='lat' dir='ltr'><strong>Deo</strong></span> 
     </span>
    </p>
   </div>
   <div class='ocr_carea' id='block_1_107' title="bbox 2296 4780 3866 4854">
    <p class='ocr_par' dir='ltr' id='par_1_107' title="bbox 2296 4780 3866 4854">
     <span class='ocr_line' id='line_1_107' title="bbox 2296 4780 3866 4854; baseline 0.003 -19"><span class='ocrx_word' id='word_1_804' title='bbox 2296 4781 2664 4850; x_wconf 87' lang='lat' dir='ltr'><strong>redarguitur,</strong></span> <span class='ocrx_word' id='word_1_805' title='bbox 2685 4780 2830 4850; x_wconf 87' lang='lat' dir='ltr'><strong>lepra</strong></span> <span class='ocrx_word' id='word_1_806' title='bbox 2855 4781 3107 4837; x_wconf 85' lang='lat' dir='ltr'><strong>videlicet</strong></span> <span class='ocrx_word' id='word_1_807' title='bbox 3130 4796 3437 4852; x_wconf 89' lang='lat' dir='ltr'><strong>percussus,</strong></span> <span class='ocrx_word' id='word_1_808' title='bbox 3465 4784 3651 4840; x_wconf 87' lang='lat' dir='ltr'><strong>morbo</strong></span> <span class='ocrx_word' id='word_1_809' title='bbox 3676 4784 3727 4839; x_wconf 89' lang='lat' dir='ltr'><strong>itt</strong></span> <span class='ocrx_word' id='word_1_810' title='bbox 3755 4786 3866 4854; x_wconf 87' lang='lat' dir='ltr'><strong>ipsa</strong></span> 
     </span>
    </p>
   </div>
   <div class='ocr_carea' id='block_1_108' title="bbox 2297 4872 3867 4944">
    <p class='ocr_par' dir='ltr' id='par_1_108' title="bbox 2297 4872 3867 4944">
     <span class='ocr_line' id='line_1_108' title="bbox 2297 4872 3867 4944; baseline 0.003 -18"><span class='ocrx_word' id='word_1_811' title='bbox 2297 4872 2432 4927; x_wconf 87' lang='lat' dir='ltr'><strong>adeo</strong></span> <span class='ocrx_word' id='word_1_812' title='bbox 2456 4872 2633 4927; x_wconf 82' lang='lat' dir='ltr'><strong>fronte</strong></span> <span class='ocrx_word' id='word_1_813' title='bbox 2665 4872 3022 4943; x_wconf 85' lang='lat' dir='ltr'><strong>germittaute.</strong></span> <span class='ocrx_word' id='word_1_814' title='bbox 3056 4872 3172 4940; x_wconf 87' lang='lat' dir='ltr'><strong>Quo</strong></span> <span class='ocrx_word' id='word_1_815' title='bbox 3198 4880 3376 4929; x_wconf 87' lang='lat' dir='ltr'><strong>autem</strong></span> <span class='ocrx_word' id='word_1_816' title='bbox 3407 4872 3522 4929; x_wconf 73' lang='lat' dir='ltr'><strong>haec</strong></span> <span class='ocrx_word' id='word_1_817' title='bbox 3562 4889 3682 4944; x_wconf 66' lang='lat' dir='ltr'><strong>qua:</strong></span> <span class='ocrx_word' id='word_1_818' title='bbox 3723 4876 3867 4930; x_wconf 85' lang='lat' dir='ltr'><strong>dicta</strong></span> 
     </span>
    </p>
   </div>
   <div class='ocr_carea' id='block_1_109' title="bbox 2301 4961 3867 5035">
    <p class='ocr_par' dir='ltr' id='par_1_109' title="bbox 2301 4961 3867 5035">
     <span class='ocr_line' id='line_1_109' title="bbox 2301 4961 3867 5035; baseline 0.003 -21"><span class='ocrx_word' id='word_1_819' title='bbox 2301 4969 2429 5014; x_wconf 90' lang='lat' dir='ltr'><strong>sunt</strong></span> <span class='ocrx_word' id='word_1_820' title='bbox 2460 4961 2669 5030; x_wconf 90' lang='lat' dir='ltr'><strong>plenius</strong></span> <span class='ocrx_word' id='word_1_821' title='bbox 2711 4963 3101 5033; x_wconf 87' lang='lat' dir='ltr'><strong>intelligantur,</strong></span> <span class='ocrx_word' id='word_1_822' title='bbox 3146 4964 3327 5018; x_wconf 89' lang='lat' dir='ltr'><strong>divina</strong></span> <span class='ocrx_word' id='word_1_823' title='bbox 3356 4979 3572 5035; x_wconf 88' lang='lat' dir='ltr'><strong>quoque</strong></span> <span class='ocrx_word' id='word_1_824' title='bbox 3598 4966 3710 5034; x_wconf 87' lang='lat' dir='ltr'><strong>ipsa</strong></span> <span class='ocrx_word' id='word_1_825' title='bbox 3744 4981 3867 5019; x_wconf 89' lang='lat' dir='ltr'><strong>ora-</strong></span> 
     </span>
    </p>
   </div>
   <div class='ocr_carea' id='block_1_110' title="bbox 2296 5051 3870 5126">
    <p class='ocr_par' dir='ltr' id='par_1_110' title="bbox 2296 5051 3870 5126">
     <span class='ocr_line' id='line_1_110' title="bbox 2296 5051 3870 5126; baseline 0.003 -21"><span class='ocrx_word' id='word_1_826' title='bbox 2296 5051 2415 5105; x_wconf 88' lang='lat' dir='ltr'><strong>cula</strong></span> <span class='ocrx_word' id='word_1_827' title='bbox 2446 5067 2566 5122; x_wconf 64' lang='lat' dir='ltr'><strong>quae</strong></span> <span class='ocrx_word' id='word_1_828' title='bbox 2593 5053 2659 5107; x_wconf 89' lang='lat' dir='ltr'><strong>de</strong></span> <span class='ocrx_word' id='word_1_829' title='bbox 2685 5053 2789 5107; x_wconf 87' lang='lat' dir='ltr'><strong>hac</strong></span> <span class='ocrx_word' id='word_1_830' title='bbox 2819 5068 2877 5109; x_wconf 85' lang='lat' dir='ltr'><strong>re</strong></span> <span class='ocrx_word' id='word_1_831' title='bbox 2904 5054 3102 5122; x_wconf 83' lang='lat' dir='ltr'><strong>scripta</strong></span> <span class='ocrx_word' id='word_1_832' title='bbox 3127 5064 3272 5119; x_wconf 88' lang='lat' dir='ltr'><strong>sunt,</strong></span> <span class='ocrx_word' id='word_1_833' title='bbox 3302 5057 3614 5126; x_wconf 87' lang='lat' dir='ltr'><strong>apponenda</strong></span> <span class='ocrx_word' id='word_1_834' title='bbox 3635 5070 3756 5111; x_wconf 86' lang='lat' dir='ltr'><strong>esse</strong></span> <span class='ocrx_word' id='word_1_835' title='bbox 3782 5073 3870 5109; x_wconf 86' lang='lat' dir='ltr'><strong>ar-</strong></span> 
     </span>
    </p>
   </div>
   <div class='ocr_carea' id='block_1_111' title="bbox 2301 5140 3868 5220">
    <p class='ocr_par' dir='ltr' id='par_1_111' title="bbox 2301 5140 3868 5220">
     <span class='ocr_line' id='line_1_111' title="bbox 2301 5140 3868 5220; baseline 0.004 -24"><span class='ocrx_word' id='word_1_836' title='bbox 2301 5143 2494 5197; x_wconf 88' lang='lat' dir='ltr'><strong>bitror.</strong></span> <span class='ocrx_word' id='word_1_837' title='bbox 2527 5140 2619 5196; x_wconf 89' lang='lat' dir='ltr'><strong>Sic</strong></span> <span class='ocrx_word' id='word_1_838' title='bbox 2644 5154 2824 5199; x_wconf 88' lang='lat' dir='ltr'><strong>autem</strong></span> <span class='ocrx_word' id='word_1_839' title='bbox 2852 5156 2913 5199; x_wconf 90' lang='lat' dir='ltr'><strong>se</strong></span> <span class='ocrx_word' id='word_1_840' title='bbox 2936 5144 3175 5200; x_wconf 89' lang='lat' dir='ltr'><strong>habent:</strong></span> <span class='ocrx_word' id='word_1_841' title='bbox 3206 5162 3226 5197; x_wconf 80' lang='grc' dir='ltr'>ι</span> <span class='ocrx_word' id='word_1_842' title='bbox 3249 5146 3406 5202; x_wconf 85' lang='lat' dir='ltr'><strong>Anno</strong></span> <span class='ocrx_word' id='word_1_843' title='bbox 3424 5148 3679 5204; x_wconf 84' lang='lat' dir='ltr'><strong>vicesimo</strong></span> <span class='ocrx_word' id='word_1_844' title='bbox 3708 5153 3868 5220; x_wconf 82' lang='lat' dir='ltr'><strong>septi-</strong></span> 
     </span>
    </p>
   </div>
   <div class='ocr_carea' id='block_1_112' title="bbox 2296 5232 3870 5308">
    <p class='ocr_par' dir='ltr' id='par_1_112' title="bbox 2296 5232 3870 5308">
     <span class='ocr_line' id='line_1_112' title="bbox 2296 5232 3870 5308; baseline 0.008 -23"><span class='ocrx_word' id='word_1_845' title='bbox 2296 5246 2385 5286; x_wconf 90' lang='lat' dir='ltr'><strong>mo</strong></span> <span class='ocrx_word' id='word_1_846' title='bbox 2437 5232 2748 5289; x_wconf 79' lang='lat' dir='ltr'><strong>Jeroboatni</strong></span> <span class='ocrx_word' id='word_1_847' title='bbox 2789 5236 2931 5304; x_wconf 87' lang='lat' dir='ltr'><strong>regis</strong></span> <span class='ocrx_word' id='word_1_848' title='bbox 2964 5235 3151 5308; x_wconf 75' lang='lat' dir='ltr'><strong>lsrael,</strong></span> <span class='ocrx_word' id='word_1_849' title='bbox 3184 5239 3427 5308; x_wconf 82' lang='lat' dir='ltr'><strong>regnavit</strong></span> <span class='ocrx_word' id='word_1_850' title='bbox 3461 5239 3690 5295; x_wconf 80' lang='lat' dir='ltr'><strong>Azarias</strong></span> <span class='ocrx_word' id='word_1_851' title='bbox 3727 5242 3870 5297; x_wconf 79' lang='lat' dir='ltr'><strong>illius</strong></span> 
     </span>
    </p>
   </div>
   <div class='ocr_carea' id='block_1_113' title="bbox 2297 5321 3864 5393">
    <p class='ocr_par' dir='ltr' id='par_1_113' title="bbox 2297 5321 3864 5393">
     <span class='ocr_line' id='line_1_113' title="bbox 2297 5321 3864 5393; baseline 0.004 -19"><span class='ocrx_word' id='word_1_852' title='bbox 2297 5321 2553 5389; x_wconf 67' lang='lat' dir='ltr'><strong>Amaziae,</strong></span> <span class='ocrx_word' id='word_1_853' title='bbox 2587 5324 2729 5392; x_wconf 74' lang='lat' dir='ltr'><strong>regis</strong></span> <span class='ocrx_word' id='word_1_854' title='bbox 2759 5322 2918 5378; x_wconf 84' lang='lat' dir='ltr'><strong>Juda.</strong></span> <span class='ocrx_word' id='word_1_855' title='bbox 2945 5323 3114 5380; x_wconf 84' lang='lat' dir='ltr'><strong>Filius</strong></span> <span class='ocrx_word' id='word_1_856' title='bbox 3143 5328 3415 5382; x_wconf 82' lang='lat' dir='ltr'><strong>sexdecim</strong></span> <span class='ocrx_word' id='word_1_857' title='bbox 3443 5343 3705 5384; x_wconf 85' lang='lat' dir='ltr'><strong>annorum</strong></span> <span class='ocrx_word' id='word_1_858' title='bbox 3727 5339 3864 5393; x_wconf 85' lang='lat' dir='ltr'><strong>erat,</strong></span> 
     </span>
    </p>
   </div>
   <div class='ocr_carea' id='block_1_114' title="bbox 2295 5412 3879 5497">
    <p class='ocr_par' dir='ltr' id='par_1_114' title="bbox 2295 5412 3879 5497">
     <span class='ocr_line' id='line_1_114' title="bbox 2295 5412 3879 5497; baseline 0.004 -30"><span class='ocrx_word' id='word_1_859' title='bbox 2295 5427 2416 5467; x_wconf 89' lang='lat' dir='ltr'><strong>cum</strong></span> <span class='ocrx_word' id='word_1_860' title='bbox 2439 5424 2709 5480; x_wconf 68' lang='lat' dir='ltr'><strong>regnaret.</strong></span> <span class='ocrx_word' id='word_1_861' title='bbox 2734 5416 3103 5486; x_wconf 78' lang='lat' dir='ltr'><strong>Regnavitque</strong></span> <span class='ocrx_word' id='word_1_862' title='bbox 3118 5419 3507 5490; x_wconf 87' lang='lat' dir='ltr'><strong>quinquaginta</strong></span> <span class='ocrx_word' id='word_1_863' title='bbox 3531 5422 3665 5475; x_wconf 88' lang='lat' dir='ltr'><strong>duos</strong></span> <span class='ocrx_word' id='word_1_864' title='bbox 3694 5412 3879 5497; x_wconf 53' lang='lat' dir='ltr'><strong>annos;</strong></span> 
     </span>
    </p>
   </div>
   <div class='ocr_carea' id='block_1_115' title="bbox 2296 5502 3877 5580">
    <p class='ocr_par' dir='ltr' id='par_1_115' title="bbox 2296 5502 3877 5580">
     <span class='ocr_line' id='line_1_115' title="bbox 2296 5502 3877 5580; baseline 0.005 -25"><span class='ocrx_word' id='word_1_865' title='bbox 2296 5502 2347 5555; x_wconf 90' lang='lat' dir='ltr'><strong>in</strong></span> <span class='ocrx_word' id='word_1_866' title='bbox 2379 5503 2699 5560; x_wconf 79' lang='lat' dir='ltr'><strong>Jerusalem.</strong></span> <span class='ocrx_word' id='word_1_867' title='bbox 2727 5504 2931 5562; x_wconf 80' lang='lat' dir='ltr'><strong>Nomen</strong></span> <span class='ocrx_word' id='word_1_868' title='bbox 2959 5517 3138 5562; x_wconf 86' lang='lat' dir='ltr'><strong>autem</strong></span> <span class='ocrx_word' id='word_1_869' title='bbox 3158 5509 3348 5564; x_wconf 86' lang='lat' dir='ltr'><strong>matris</strong></span> <span class='ocrx_word' id='word_1_870' title='bbox 3373 5509 3560 5565; x_wconf 87' lang='lat' dir='ltr'><strong>Chalia</strong></span> <span class='ocrx_word' id='word_1_871' title='bbox 3584 5505 3877 5580; x_wconf 60' lang='lat' dir='ltr'><strong>(1)1’uitdo&#39;</strong></span> 
     </span>
    </p>
   </div>
   <div class='ocr_carea' id='block_1_116' title="bbox 2306 5590 3877 5670">
    <p class='ocr_par' dir='ltr' id='par_1_116' title="bbox 2306 5590 3877 5670">
     <span class='ocr_line' id='line_1_116' title="bbox 2306 5590 3877 5670; baseline 0 -18"><span class='ocrx_word' id='word_1_872' title='bbox 2306 5594 2629 5653; x_wconf 83' lang='lat' dir='ltr'><strong>Jerusalem.</strong></span> <span class='ocrx_word' id='word_1_873' title='bbox 2660 5596 2916 5670; x_wconf 86' lang='lat' dir='ltr'><strong>Fecitque</strong></span> <span class='ocrx_word' id='word_1_874' title='bbox 2946 5600 3088 5670; x_wconf 88' lang='lat' dir='ltr'><strong>quod</strong></span> <span class='ocrx_word' id='word_1_875' title='bbox 3118 5610 3322 5658; x_wconf 88' lang='lat' dir='ltr'><strong>rectum</strong></span> <span class='ocrx_word' id='word_1_876' title='bbox 3342 5609 3461 5657; x_wconf 87' lang='lat' dir='ltr'><strong>erat</strong></span> <span class='ocrx_word' id='word_1_877' title='bbox 3492 5602 3545 5656; x_wconf 89' lang='lat' dir='ltr'><strong>in</strong></span> <span class='ocrx_word' id='word_1_878' title='bbox 3572 5600 3740 5654; x_wconf 87' lang='lat' dir='ltr'><strong>oculis</strong></span> <span class='ocrx_word' id='word_1_879' title='bbox 3765 5590 3877 5653; x_wconf 62' lang='lat' dir='ltr'><strong>Do-I</strong></span> 
     </span>
    </p>
   </div>
   <div class='ocr_carea' id='block_1_117' title="bbox 3442 5838 3476 5898">
    <p class='ocr_par' dir='ltr' id='par_1_117' title="bbox 3442 5838 3476 5898">
     <span class='ocr_line' id='line_1_117' title="bbox 3442 5838 3476 5898; baseline 0 0"><span class='ocrx_word' id='word_1_880' title='bbox 3442 5838 3476 5898; x_wconf 90' lang='lat'><strong>6</strong></span> 
     </span>
    </p>
   </div>
  </div>
