4178 6504
661 399 755 452 ΓΗ

1652 392 1712 447 S.
1752 392 2025 449 CYRILLI
2068 389 2537 446 ALEXANDRINI
2579 391 2897 447 ARCHIEP.

3818 386 3915 442 I72

660 516 792 572 mini
821 515 972 585 juxta
994 514 1173 568 omnia
1207 527 1328 582 qua:
1385 511 1587 567 iecerat
1616 512 1863 567 Amasias
1900 522 2051 580 pater
2086 512 2240 581 ejus:

2347 511 2440 564 καὶ
2472 511 2604 565 δέκα
2642 511 2779 564 ἐτῶν
2811 506 2879 581 ἦν
2913 509 2972 561 ὲν
3000 508 3076 579 τῷ
3099 506 3405 577 βασιλεύειν
3436 503 3620 567 αὑτὸν,
3658 504 3752 558 καὶ
3784 522 3917 559 πεν-

660 612 898 659 attamen
937 602 1149 659 excelsa
1181 617 1288 658 non
1317 601 1559 658 sustulit.
1584 601 1777 657 Adhuc
1801 602 2030 671 populus
2064 602 2235 657 sacri—

660 694 866 756 ﬁcavit,
896 702 952 749 et
996 692 1228 748 sumtum
1278 692 1408 748 l‘ecit
1442 691 1496 746 in
1524 692 1784 747 excelsis.
1814 691 2015 762 Tetigit
2050 700 2236 745 autem

663 784 925 840 Dominus
972 798 1174 855 regem,
1219 792 1275 839 et
1309 783 1456 853 lepra
1491 792 1775 852 correptus
1796 791 1915 836 erat
1949 796 2125 852 usque
2168 779 2239 839 ad

663 876 805 931 diem
832 876 1021 930 mortis
1049 890 1162 930 sua:
1188 874 1231 929 ’.
1263 892 1282 926 ι
1319 872 1443 930 Haec
1472 872 1688 943 quidem
1718 872 1771 926 in
1798 870 2019 941 Regnis.
2052 871 2107 925 In
2134 870 2241 925 Pa-

664 966 1016 1036 ralipomenis
1038 966 1191 1035 101
1219 975 1422 1029 autem,
1452 972 1512 1019 ut
1532 964 1641 1019 dixi
1672 980 1688 1018 :
1723 983 1740 1016 ι
1766 962 1831 1018 Et
1858 971 1917 1018 ut
1932 963 2185 1026 obtinuit,
2212 980 2231 1014 ι

665 1059 868 1129 inquit,
894 1076 914 1111 ι
947 1057 1147 1113 elatum
1176 1066 1260 1112 est
1282 1071 1376 1111 cor
1405 1055 1522 1123 ejus
1563 1055 1628 1110 ad
1666 1054 2142 1125 corrumpendum.
2172 1053 2239 1110 Et

664 1150 863 1220 injuste
901 1150 1013 1218 egit
1054 1157 1238 1203 contra
1268 1147 1554 1202 Dominum
1581 1146 1747 1201 Deum
1781 1160 1960 1209 suum,
1992 1144 2241 1198 intravit-

662 1255 767 1309 que
808 1237 1062 1307 templum
1091 1235 1299 1292 Domini
1336 1243 1395 1290 ut
1427 1234 1668 1291 adoleret
1698 1236 1750 1290 in
1776 1235 1932 1289 altari
1962 1232 2240 1289 sullimen-

664 1341 861 1386 torum.
884 1327 1128 1383 introivit
1168 1337 1344 1383 autem
1368 1338 1489 1396 post
1514 1327 1692 1396 ipsum
1738 1325 2028 1380 Zacharias
2054 1339 2238 1381 sacer-

662 1421 781 1486 dos,
810 1428 866 1474 et
894 1433 998 1472 una
1021 1432 1143 1472 cum
1169 1431 1235 1472 eo
1261 1416 1568 1470 sacerdotes
1596 1413 1805 1467 Domini
1837 1413 2110 1482 octoginta
2134 1414 2240 1467 duo

662 1518 1046 1583 prmpotentes,
1078 1517 1136 1563 et
1163 1508 1380 1563 stabant
1408 1516 1596 1561 contra
1623 1504 1810 1559 Oziam
1846 1519 2049 1574 regem,
2074 1514 2127 1559 et
2160 1505 2242 1557 in-

662 1603 856 1671 quiunt
889 1618 903 1655 :
944 1598 1061 1654 Non
1098 1599 1223 1653 licet
1254 1598 1375 1661 tibi,
1416 1596 1571 1661 Ozia,
1612 1595 1832 1650 adolere
1859 1593 2107 1658 Domino,
2145 1594 2238 1648 sed

668 1708 835 1762 penes
854 1706 953 1745 nos
973 1699 1077 1754 est,
1098 1689 1187 1758 qui
1213 1687 1511 1742 sacerdotio
1535 1686 1828 1755 fungimur,
1850 1685 1938 1755 qui
1962 1684 2053 1738 lilii
2071 1685 2240 1738 Aaro-

664 1785 746 1838 nis
787 1797 1005 1848 sumus,
1034 1782 1127 1850 qui
1160 1779 1568 1834 sanctillcamur
1605 1778 1671 1832 ad
1711 1776 2053 1831 adolendutn.
2081 1775 2177 1829 Exi
2209 1789 2240 1828 e

2339 604 2574 672 τήκοντα
2622 603 2717 655 καὶ
2768 600 2860 653 δύο
2917 599 3011 669 ἔτη
3059 597 3408 652 ὲδασίλευσεν
3450 598 3507 649 ὲν
3541 596 3918 667 Ἰερουσαλὴμ,

2338 694 2433 746 καὶ
2458 693 2629 761 δνομα
2656 692 2756 761 τῆς
2795 691 2998 761 μητρὸς
3037 688 3203 743 αὐτοῦ
3229 686 3407 741 Χαλία
3444 686 3503 751 ἐξ
3540 687 3916 758 Ἰερουσαλήμ.

2337 782 2451 836 Kal
2480 781 2705 851 ἐποίησε
2738 780 2797 833 τὸ
2831 779 3048 841 εὐσεϐὲς
3076 781 3135 831 ὲν
3180 778 3475 847 ὀφθαλμοῖς
3520 777 3748 848 Κυρίου,
3777 778 3923 830 κατά

2340 873 2522 926 πάντα
2552 872 2652 924 ὅσα
2680 870 2934 941 ἐποίησεν
2974 868 3239 939 Ἀμαζίας
3275 871 3303 922 6
3342 869 3528 939 πατὴρ
3554 869 3741 924 αὑτοῦ.
3772 869 3920 938 Πλὴν

2338 963 2449 1015 τῶν
2478 960 2697 1030 ὑψηλῶν
2725 960 2826 1013 οὐκ
2855 958 3066 1029 ἐξῆρεν·
3116 957 3197 1011 ἔτι
3228 960 3257 1011 6
3312 957 3438 1020 λαὸς
3461 956 3746 1022 ὲθυσίαζεν
3765 997 3782 1023 ,
3826 958 3921 1009 καὶ

2338 1050 2568 1121 ἐθυμίαν
2599 1052 2658 1103 ὲν
2690 1052 2799 1113 τοῖς
2832 1049 3078 1119 ὑψηλοῖς.
3120 1049 3231 1101 Καὶ
3261 1047 3440 1118 ἥψατο
3459 1047 3661 1116 Κύριος
3696 1033 3791 1100 τοῦ
3825 1047 3921 1117 βα⁸

2342 1140 2551 1203 σιλέως.
2583 1140 2693 1193 Καὶ
2716 1136 2783 1211 ἦν
2809 1139 3217 1210 λελεπρωμένος
3263 1139 3369 1201 ἓως
3426 1138 3636 1209 ἡμέρας
3686 1138 3925 1191 θανάτου,

2336 1232 2523 1286 αὐτοῦ.
2562 1250 2580 1283 ι
2618 1232 2728 1285 Kal
2747 1232 2907 1285 ταυτὶ
2956 1231 3055 1301 μὲν
3107 1231 3165 1284 ὲν
3197 1232 3318 1293 ταῖς
3369 1229 3695 1293 Βασιλείαις.
3747 1230 3836 1282 Ἐν
3861 1230 3920 1282 δὲ

2340 1320 2867 1393 Παραλειπομέναις,
2894 1320 2969 1384 ὼς
2997 1320 3151 1391 ἔφην’
3186 1338 3205 1370 ι
3234 1319 3342 1372 Kal
3360 1318 3434 1381 ὼς
3464 1319 3780 1388 κατίσχυσε,
3817 1332 3923 1385 φη-

2342 1415 2447 1480 σὶν,
2488 1413 2678 1484 ὑψώθη
2705 1416 2739 1485 ή
2770 1413 2964 1484 καρδία
2982 1411 3147 1466 αὐτοῦ
3187 1411 3565 1479 καταφθεῖραι.
3596 1408 3707 1463 Καὶ
3729 1409 3921 1478 ἠδίκη-

2341 1523 2433 1561 σεν
2460 1508 2520 1561 ὲν
2536 1505 2723 1576 Κυρίῳ
2750 1504 2869 1574 Θεῷ
2900 1502 3083 1556 αὑτοῦ·
3139 1501 3233 1555 καὶ
3281 1500 3525 1570 εἰσῆλθεν
3572 1501 3649 1562 είς
3676 1498 3770 1551 τὸν
3797 1498 3925 1549 ναὸν

2338 1597 2542 1668 Κυρίου
2558 1596 2819 1665 θυμιάσαι
2834 1594 2926 1648 ἐπὶ
2944 1595 3005 1647 τὸ
3023 1593 3401 1664 θυσιαστήριον
3420 1590 3527 1643 τῶν
3543 1590 3921 1660 θυμιαμάτων⁸

2339 1688 2433 1741 καὶ
2462 1685 2709 1756 εἰσῆλθεν
2736 1683 2910 1737 ὀπίσω
2966 1682 3131 1736 αὑτοῦ
3189 1680 3443 1752 Ἀζαρίας
3479 1682 3507 1733 6
3567 1680 3770 1749 ἱερεὺς,
3827 1678 3923 1730 καὶ

2345 1779 2461 1849 μετ’
2489 1777 2655 1831 αὐτοῦ
2689 1777 2853 1847 ἱερεῖς
2879 1774 2973 1828 τοῦ
3008 1772 3210 1845 Κυρίου
3232 1772 3561 1842 ὀγδοήκοντα
3584 1770 3791 1825 καὶδύο
3817 1769 3925 1822 υἱοὶ

670 1869 1019 1932 sanctuario,
1070 1869 1196 1937 quia
1232 1867 1502 1922 recessisti
1546 1880 1576 1919 a
1624 1865 1873 1932 Domino,
1916 1872 1973 1920 et
2010 1879 2113 1918 non
2148 1864 2245 1920 erit

2348 1867 2581 1922 δυνατοί·
2609 1867 2704 1920 καὶ
2732 1866 2964 1936 ἔστησαν
2987 1864 3079 1917 ἐπὶ
3121 1862 3301 1927 Ὀζίαν
3331 1863 3423 1916 τὸν
3455 1862 3697 1933 βασιλέα,
3718 1861 3814 1915 καὶ
3846 1854 3926 1913 εἵ-

665 1962 758 2015 tibi
785 1962 886 2015 hoc
915 1960 1099 2031 gloriae
1126 1978 1153 2013 a
1180 1958 1308 2014 Deo.
1342 1958 1516 2013 Iratus
1543 1966 1629 2019 est
1674 1966 1853 2012 autem
1889 1955 2071 2021 Ozias,
2107 1966 2161 2011 et
2185 1957 2237 2010 in

668 2066 829 2106 manu
865 2049 982 2119 ejus
1022 2048 1353 2105 thurihulum
1388 2058 1524 2114 erat,
1559 2058 1618 2101 ut
1657 2048 1898 2102 adoleret
1926 2047 1977 2101 in
2019 2046 2237 2115 templo.

662 2138 906 2210 Cumque
955 2140 1125 2194 iratus
1159 2147 1304 2194 esset
1332 2139 1444 2206 ipse
1492 2137 1887 2202 sacerdotibus,
1936 2137 2082 2207 lepra
2121 2147 2240 2192 orta

664 2241 751 2287 est
780 2234 831 2287 in
873 2231 1052 2287 fronte
1086 2229 1202 2299 ejus
1230 2243 1415 2285 coram
1449 2230 1820 2284 sacerdotibus
1859 2234 1912 2284 in
1948 2230 2107 2285 domo
2137 2229 2243 2284 Do-

665 2321 817 2382 mini,
852 2334 1017 2389 supra
1056 2318 1234 2373 altare
1277 2316 1725 2371 aullimentorum.
1757 2318 2146 2388 Convertitque
2182 2333 2241 2373 se

664 2412 731 2464 ad
762 2425 885 2465 eum
906 2424 1149 2464 summus
1174 2409 1426 2463 sacerdos
1454 2418 1507 2461 et
1531 2410 1857 2476 sacerdotes,
1902 2418 1958 2463 et
1989 2424 2116 2464 ecce
2162 2409 2240 2463 le-

668 2516 862 2571 prosus
894 2510 980 2556 est
1026 2500 1080 2554 in
1113 2499 1311 2562 fronte,
1344 2509 1506 2569 atque
1552 2514 1673 2552 eunt
1726 2500 1851 2553 inde
1879 2513 2105 2569 pr0pere
2143 2499 2241 2569 eji-

667 2593 843 2647 ciunt.
877 2590 1009 2645 Nam
1032 2600 1086 2645 et
1111 2591 1224 2660 ipse
1255 2590 1529 2645 festinavit
1556 2590 1725 2655 exire,
1762 2590 1887 2657 quia
1919 2589 2099 2658 arguit
2119 2604 2240 2644 eum

669 2682 927 2737 Dominus
959 2682 1036 2738 ‘°.
1071 2700 1090 2733 ι
1130 2681 1263 2735 Cum
1292 2690 1469 2734 autem
1513 2680 1595 2734 lex
1625 2680 1855 2735 Mosaica
1884 2683 2137 2746 sanciret,
2165 2683 2242 2736 le-

668 2787 887 2841 prosum
912 2780 969 2825 ut
991 2771 1324 2825 immundum
1350 2771 1572 2824 omnino
1598 2784 1629 2825 e
1660 2771 1856 2827 castris
1888 2771 2240 2827 emittendum

668 2876 811 2925 esse,
837 2862 1082 2930 leprosus
1107 2875 1237 2914 vero
1270 2860 1599 2929 inquinaret,
1647 2876 1710 2915 ac
1751 2876 1846 2915 sua
1907 2862 2243 2916 immunditie

674 2952 935 3021 pollutum
964 2951 1215 3004 redderet
1241 2966 1363 3005 eum
1385 2951 1604 3020 quicum
1632 2950 1747 3020 ipse
1772 2962 2119 3017 versaretur;
2148 2953 2243 3007 ha-

670 3043 873 3097 bitaret
901 3053 1079 3095 tamen
1111 3041 1274 3097 Ozias
1307 3041 1721 3113 Hierosolymis,
1760 3042 1884 3096 hinc
1920 3052 2087 3098 totam
2117 3060 2241 3113 pro-

671 3134 955 3203 pemodum
976 3132 1276 3189 Jerusalem
1301 3134 1623 3202 inquinans:
1650 3136 1815 3188 tacuit
1840 3134 2117 3199 Dominus,
2136 3151 2240 3189 non

2350 1974 2459 2010 παν
2488 1956 2654 2026 αὐτῷ·
2691 1955 2765 2008 Οὔ
2797 1972 2909 2019 σοι,
2956 1952 3126 2017 Ὀζία,
3160 1952 3423 2022 θυμιάσαι
3454 1951 3532 2021 τῷ
3557 1951 3765 2023 Κυρίῳ,
3808 1950 3922 2003 ἀλλ’

2341 2051 2472 2120 ἡμῖν
2502 2050 2613 2111 τοῖς
2639 2046 2975 2118 ίερατεύουσι
3026 2046 3139 2107 τοῖς
3182 2044 3317 2106 υἱοῖς
3362 2041 3573 2114 Ἀαρὼν
3612 2046 3720 2107 τοῖς
3766 2044 3923 2113 ήγια-

2343 2140 2582 2212 σμένοις,
2617 2134 3155 2209 θυμιάσαι.ι”Εξελθε
3186 2134 3296 2189 ἀπὸ
3318 2134 3412 2188 τοῦ
3442 2134 3803 2205 ἀγιάσματος,
3842 2134 3923 2186 ὅτι

2341 2234 2585 2303 ἀπέστης
2614 2231 2722 2286 ἀπὸ
2750 2229 2976 2302 Κυρίου.
3004 2230 3115 2282 Kal
3143 2229 3242 2282 ούκ
3270 2228 3419 2281 ἔσται
3445 2244 3526 2280 σοι
3546 2226 3701 2279 τοῦτο
3731 2228 3811 2288 εἱς
3840 2225 3926 2278 δό-

2346 2324 2442 2389 ξαν
2476 2321 2627 2394 παρὰ
2652 2320 2854 2392 Κυρίου
2882 2317 3038 2373 Θεοῦ.
3071 2319 3183 2372 Kal
3218 2318 3473 2390 ἐθυμώθη
3508 2315 3708 2379 Ὀζίας
3744 2316 3837 2369 καὶ
3868 2318 3923 2367 ἐν

2341 2419 2407 2487 τῇ
2435 2415 2581 2486 χειρὶ
2632 2413 2795 2468 αὐτοῦ
2830 2413 2891 2467 τδ
2941 2412 3295 2483 θυμιατήριον
3337 2410 3432 2463 τοῦ
3464 2409 3723 2479 θυμιάσαι
3756 2410 3817 2461 ὲν
3846 2406 3923 2476 τῷ

2342 2507 2475 2578 ναῷ·
2511 2508 2568 2560 ἑν
2597 2506 2675 2577 τῷ
2703 2505 3019 2576 θυμωθῆναι
3041 2504 3202 2559 αὑτὸν
3231 2504 3365 2575 πρὸς
3397 2504 3522 2565 τοὺς
3552 2504 3736 2573 ἱερεῖς,
3773 2501 3868 2554 καί
3890 2502 3923 2569 ή

2343 2598 2520 2669 λέπρα
2540 2596 2816 2651 ἀνέτειλεν
2839 2596 2897 2649 ὲν
2917 2594 2995 2665 τῷ
3020 2579 3269 2665 ’μετώπῳ
3323 2592 3506 2657 αὑτοῦ,
3549 2592 3787 2645 ἐναντίον
3812 2589 3925 2642 τῶν

2314 2690 2534 2758 ,ἱερέων
2567 2690 2624 2741 ὲν
2645 2686 2722 2757 τῷ
2750 2686 2883 2756 οίκῳ
2908 2684 3137 2754 Κυρίου,
3184 2684 3369 2737 ἐπάνω
3400 2682 3491 2736 τοῦ
3536 2680 3925 2751 θυσιαστηρίου

2343 2780 2451 2835 τῶν
2479 2777 2859 2850 θυμιαμάτων.
2888 2778 2997 2830 Kal
3020 2774 3352 2844 ἐπέστρεψεν
3380 2774 3466 2826 ἐπ’
3496 2771 3655 2825 αὑτὸν
3681 2772 3709 2823 6
3744 2772 3927 2841 ἱερεὺς

2345 2873 2374 2925 6
2410 2869 2624 2941 πρῶτος
2655 2868 2749 2921 καὶ
2777 2868 2827 2919 οἱ
2870 2867 3055 2936 ἱερεῖς,
3088 2866 3183 2917 καὶ
3213 2865 3322 2917 ἰδοῦ
3353 2863 3512 2928 αὐτὸς
3530 2862 3728 2933 λεπρὸς
3768 2862 3827 2914 ὲν
3847 2861 3927 2930 τῷ

2348 2958 2601 3030 μετώπῳ.
2638 2958 2749 3011 Kal
2791 2957 3167 3010 κατέσπευσαν
3196 2954 3357 3007 αὑτὸν
3408 2953 3635 3016 ἐκεῖθεν,
3675 2952 3771 3005 καὶ
3815 2952 3927 3020 γὰρ

2344 3050 2503 3113 αύτδς
2537 3049 2798 3103 ἔσπευσεν
2821 3046 3074 3112 ἐξελθεῖν,
3104 3047 3185 3099 ὅτι
3211 3046 3433 3116 ἤλεγξεν
3462 3045 3622 3099 αὐτὸν
3646 3042 3870 3112 Κύριος.
3904 3061 3922 3094 ι

2359 3139 2580 3209 Ἐπειδὴ
2607 3139 2663 3192 δὲ
2720 3138 2816 3192 τοῦ
2866 3137 2954 3190 διά
2988 3136 3233 3199 Μωσέως
3282 3136 3705 3205 προστάττοντος
3758 3135 3929 3206 νόμου

671 3225 888 3292 quidem
928 3226 1219 3295 pr0plietas
1251 3235 1467 3280 sanctos
1494 3224 1821 3280 contumelia
1854 3226 2112 3289 alliciens,
2145 3228 2236 3279 sed

2347 3230 2535 3301 χρῆναι
2567 3230 2631 3301 δὴ
2669 3231 2885 3293 πάντως
2936 3227 3312 3297 ἐκπέμπεσθαι
3351 3227 3449 3297 τῆς
3480 3225 3831 3298 παρεμϐολῆς
3851 3225 3931 3288 ὡς

672 3318 852 3385 potius
882 3315 1249 3370 admonitione
1286 3330 1473 3369 eorum
1525 3315 1773 3384 indignos
1813 3316 2097 3370 declarans
2129 3331 2243 3379 eos,

672 3409 764 3478 qui
798 3410 960 3460 etiam
1001 3414 1195 3474 pra-ter
1223 3406 1552 3474 legislatoris
1586 3405 1921 3461 voluntatem
1971 3406 2247 3460 immundo

674 3499 1073 3553 cobabitarent.
1123 3496 1217 3551 Sic
1254 3496 1399 3550 enim
1434 3496 1609 3564 inquit
1644 3495 1836 3550 alicubi
1869 3505 1923 3550 et
1949 3497 2015 3550 ad
2033 3498 2248 3551 beatum

677 3588 1015 3642 Ezecltielem
1063 3606 1076 3641 :
1124 3605 1142 3637 ι
1175 3586 1242 3641 Ει
1270 3586 1506 3654 linguam
1531 3595 1674 3639 tuam
1702 3584 1894 3654 ligabo,
1921 3594 1976 3640 et
2006 3587 2251 3641 obmute-

675 3694 815 3741 sces,
848 3694 945 3733 nec
970 3680 1080 3732 eris
1114 3678 1218 3732 illis
1239 3686 1515 3749 corrector
1540 3686 1595 3729 et
1633 3691 1827 3731 censor
1857 3690 1873 3730 :
1908 3677 2033 3745 quia
2060 3678 2251 3733 domus

674 3784 1008 3838 exasperans
1032 3779 1115 3823 est
1155 3769 1223 3823 ".
1257 3787 1276 3821 ι
1313 3766 1589 3823 Obmutuit
1621 3766 1804 3837 igitur,
1848 3769 2139 3823 ostendens
2171 3770 2253 3822 ni-

680 3864 872 3916 mirum
904 3862 1350 3931 imlignationem.
1386 3860 1668 3915 Commota
1717 3870 1843 3915 sunt
1879 3861 2022 3915 enim
2058 3861 2251 3916 lliero-

676 3952 906 4022 solyma,
954 3961 1007 4005 et
1052 3966 1311 4005 concussa
1342 3961 1425 4005 est
1455 3951 1703 4006 universa
1746 3950 2053 4007 Iuda-orum
2084 3951 2251 4021 regio.

682 4042 835 4107 Quod
865 4039 1221 4108 intelligemus
1246 4054 1311 4093 ex
1347 4040 1431 4094 bis
1468 4054 1588 4107 qua!
1623 4040 1897 4110 propheta,
1928 4042 2091 4094 Amos
2124 4042 2256 4094 scri-
2304 4047 2309 4052 ‘

682 4132 806 4201 psit.
866 4129 1039 4182 Habet
1088 4130 1231 4182 enim
1262 4129 1341 4183 sic
1385 4146 1398 4180 :
1458 4147 1476 4179 ι
1508 4128 1683 4184 Verba
1737 4130 1900 4185 Amos
1946 4146 2065 4200 qua:
2114 4130 2253 4186 facta

679 4230 807 4279 sum
830 4222 881 4274 in
914 4219 1163 4274 Accarim
1216 4236 1281 4274 ex
1323 4218 1560 4284 Thecue,
1589 4236 1708 4289 quae
1748 4219 1883 4274 vidit
1911 4235 2072 4290 super
2097 4220 2256 4276 Jeru-

681 4313 865 4371 salem.
902 4312 1236 4380 tempOribus
1274 4311 1418 4366 Oziae
1452 4311 1596 4380 regis
1629 4310 1789 4375 Juda,
1821 4322 1875 4366 et
1924 4312 2257 4383 temporibus

679 4403 987 4459 Jerohoami
1021 4402 1115 4456 lilii
1150 4401 1280 4458 Joas
1311 4402 1451 4472 regis
1476 4400 1661 4467 Israel,
1690 4404 1900 4458 duobus
1943 4406 2103 4458 annis
2133 4414 2258 4457 ante

2347 3321 2656 3392 ἀκάθαρτον
2683 3321 2773 3374 τὸν
2802 3319 3021 3389 λεπρὸν,
3049 3318 3501 3387 καταμιαίνοντος
3530 3318 3587 3371 δὲ
3612 3319 3707 3370 καὶ
3747 3316 3932 3369 κοινὸν

2347 3409 2735 3478 ἀποφαίνοντος
2760 3410 2858 3478 τῆς
2886 3407 3227 3477 ἀκαθαρσίας
3244 3405 3337 3459 τοῦ
3362 3406 3561 3478 λεπροῦ
3587 3405 3676 3459 τὸν
3702 3405 3932 3457 συνόντα

2349 3498 2496 3569 αύτῷ
2524 3537 2538 3559 ,
2593 3499 2913 3569 κατῴκηκεν
2972 3498 3030 3550 ὲν
3078 3499 3190 3560 τοῖς
3255 3496 3647 3568 Ἱεροσολύμοις
3709 3496 3931 3559 Ὀζίας,

2354 3590 2635 3659 μονονουχὶ
2678 3586 2972 3658 σύμπασαν
3000 3588 3090 3642 διὰ
3113 3587 3305 3641 τούτου
3339 3587 3566 3657 μιαίνων
3593 3586 3693 3656 τὴν
3735 3584 3936 3655 Ἰερου-

2355 3680 2556 3751 σαλήμ.
2576 3680 2873 3750 Σεσίγηκεν
2892 3679 2920 3731 ὁ
2936 3680 3208 3749 Δεσπότης
3232 3680 3330 3732 οὐκ
3351 3678 3630 3748 ἀτιμάζων
3649 3679 3934 3748 προφήτας

2354 3772 2564 3837 ἁγίους,
2605 3771 2854 3837 ἀναξίους
2878 3771 2933 3825 δὲ
2963 3771 3163 3842 μᾶλλον
3202 3770 3515 3840 ἀποφαίνων
3538 3768 3637 3837 τῆς
3668 3769 3797 3838 παρ’
3832 3768 3933 3820 αύ-

2354 3862 2448 3915 τοῦ
2493 3862 2773 3925 νουθεσίας
2805 3864 2931 3926 τοὺς
2987 3861 3328 3933 ἀκαθάρτους
3368 3859 3743 3924 συνοικοῦντας
3780 3861 3935 3930 παρά

2354 3971 2417 4023 γε
2446 3954 2506 4007 τὸ
2542 3953 2618 4024 τῷ
2640 3952 2904 4026 νομοθέτῃ
2944 3952 3152 4007 δοκοῦν.
3188 3951 3345 4006 Οὕτω
3377 3952 3485 4022 γάρ
3536 3950 3636 4005 πού
3672 3968 3805 4020 φησι
3836 3953 3932 4003 καὶ⁵

2355 4042 2491 4112 πρὸς
2516 4042 2605 4096 τὸν
2642 4042 2909 4113 μακάριον
2943 4041 3222 4112 Ἰεζεχιήλο
3251 4059 3270 4094 ι
3298 4042 3406 4095 Kal
3433 4041 3531 4111 τήν
3550 4040 3801 4110 γλῶσσάν
3834 4057 3931 4092 σου

2360 4136 2626 4205 συνδήσω,
2660 4135 2754 4188 καὶ
2777 4133 3222 4204 ἀποκωφωθήσῃ·
3267 4132 3363 4186 καὶ
3389 4131 3488 4185 οὐκ
3510 4131 3607 4202 ἔσῃ
3638 4132 3821 4194 αὐτοῖς
3849 4133 3931 4193 εἰς

2356 4225 2524 4296 ἀνδρα
2559 4223 2869 4295 εὐθύνοντα,
2923 4223 3005 4275 ὅτι
3035 4217 3180 4285 οἶκος
3214 4219 3667 4290 παραπικραίνων
3694 4218 3861 4273 ἐστίν.
3905 4237 3925 4268 ι

2371 4315 2764 4383 ’Δποσεσίγηκε
2789 4314 2988 4375 τοίνυν,
3008 4313 3183 4366 καίτοι
3215 4311 3473 4366 δεικνύων
3493 4312 3592 4382 τήν
3620 4312 3935 4382 ἀγανάκτη-

2360 4424 2466 4460 σιν.
2488 4406 2770 4459 Σέσεισται
2808 4404 2916 4474 γὰρ
2944 4403 3012 4456 τά
3052 4403 3419 4474 Ἰεροσόλυμα,
3454 4403 3548 4458 καὶ
3596 4403 3929 4473 κατεδονήθη

684 4504 838 4550 terrae
863 4502 1065 4549 motum
1104 4494 1169 4545 η.
1196 4511 1215 4545 ι
1253 4493 1543 4563 Postquam
1588 4503 1765 4548 autem
1817 4495 2041 4549 ohiisset
2096 4493 2245 4549 Ozias

2361 4498 2511 4550 πᾶσα
2543 4495 2651 4547 τῶν
2688 4494 2957 4547 Ἰουδαίων
2987 4494 3156 4566 χώρα.
3187 4493 3460 4564 Εἰσόμεθα
3487 4494 3544 4547 δὲ
3571 4492 3842 4547 καὶτοῦτο
3860 4494 3929 4546 δι’

682 4584 843 4640 desiit
881 4595 1096 4652 tempus
1148 4584 1372 4650 silentii,
1416 4585 1732 4655 divinasque
1787 4586 2021 4641 visi0nes
2053 4588 2245 4641 sanctis

2359 4582 2435 4641 ὧν
2460 4585 2752 4655 ἐγεγράφει
2776 4584 2804 4635 ὁ
2837 4564 3119 4655 προφήτης
3162 4584 3361 4654 Ἀμώς.
3392 4585 3546 4653 Ἔχει
3579 4584 3684 4654 γάρ
3734 4584 3929 4645 οὕτως·

682 4672 957 4742 prophetis
985 4671 1124 4727 Deus
1168 4673 1552 4728 universitatis
1586 4675 1837 4728 reddidit.
1872 4675 2100 4743 Ideoque
2132 4692 2254 4742 pro-

679 4765 841 4829 pheta
869 4763 1036 4818 lsaias
1072 4781 1087 4818 :
1121 4764 1219 4817 «Et
1247 4765 1445 4818 factum
1463 4775 1565 4828 est,
1591 4763 1784 4834 inquit,
1813 4780 1954 4819 anno
1979 4780 2085 4833 quo
2110 4779 2254 4818 mor-

683 4862 807 4906 tuus
836 4860 921 4906 est
946 4851 1107 4907 Ozias
1131 4868 1244 4916 rex,
1267 4853 1424 4922 102
1453 4853 1562 4907 vidi
1586 4853 1869 4907 Dominum
1896 4852 2136 4906 Sabaoth
2170 4868 2255 4906 se-

682 4942 895 4996 dentem
915 4942 967 4997 in
991 4944 1124 4997 solio
1143 4944 1356 4999 excelso
1374 4955 1427 4998 et
1443 4943 1674 5000 elevato.
1690 4962 1707 4993 ι
1727 4942 2046 5013 PrOphetam
2074 4953 2252 4996 autem

681 5033 880 5086 vidisse
913 5033 1107 5087 Filium
1142 5035 1192 5089 in
1218 5035 1392 5104 gloria
1429 5034 1520 5088 Dei
1564 5043 1619 5089 et
1663 5034 1859 5095 Patris,
1902 5049 2058 5088 nemo
2102 5034 2255 5088 dubi-

684 5129 799 5175 tare
836 5125 1059 5191 poterit,
1106 5140 1229 5179 cum
1289 5123 1528 5180 Joannes
1577 5125 1779 5180 scribat
1805 5126 1871 5180 de
1908 5141 1974 5181 eo
2017 5137 2249 5194 aperte:

686 5229 705 5261 ι
752 5209 876 5265 Παῖς
926 5222 1104 5268 autem
1154 5214 1290 5268 dixit
1340 5213 1527 5277 Isaias,
1581 5217 1797 5283 quando
1846 5215 1979 5269 vidit
2027 5216 2251 5285 gloriam

682 5304 820 5371 ejus,
851 5304 1027 5373 deque
1077 5320 1145 5359 eo
1171 5304 1379 5359 locutus
1413 5316 1495 5360 est
1524 5306 1586 5359 η.
1633 5327 1651 5360 ι
1706 5307 1896 5375 Specta
1932 5322 2061 5361 vero
2114 5309 2244 5362 mihi

682 5391 874 5444 divina:
901 5392 1178 5460 dignitatis
1215 5394 1600 5459 praestantiam,
1656 5404 1713 5448 et
1764 5395 1817 5447 in
1849 5409 2061 5448 omnem
2103 5411 2250 5450 crea-

684 5487 856 5530 turam
898 5478 1254 5532 dominatum.
1291 5479 1383 5532 llle
1420 5482 1560 5534 enim
1602 5490 1683 5536 est
1724 5482 1776 5535 in
1808 5482 2023 5538 excelso
2058 5494 2111 5539 et
2139 5486 2247 5539 ele-

680 5578 804 5621 vato
836 5567 1046 5635 throno,
1086 5567 1467 5638 pulcherrimis
1512 5572 1657 5642 regni
1689 5572 1988 5644 insignibus
2032 5577 2246 5646 egregie

740 5723 769 5767 ,'
808 5718 873 5775 IV
913 5718 1043 5792 Reg.
1078 5735 1167 5788 xv,
1206 5721 1318 5776 1-5.
1392 5717 1507 5779 “ll
1536 5724 1711 5781 ParaL
1754 5742 1901 5793 xx",
1936 5729 2119 5784 16-20.

2365 4697 2382 4728 ι
2404 4677 2565 4744 Λόγοι
2612 4676 2791 4744 Ἀμὼς
2824 4675 2873 4728 οἳ
2908 4676 3158 4744 ἐγένοντο
3178 4676 3235 4728 ὲν
3270 4675 3572 4745 Ἀκκαρεὶμ
3605 4674 3663 4726 ὲν
3692 4674 3929 4733 Θεκουὲ,

2357 4766 2449 4829 οὒς
2470 4766 2577 4820 ῖδεν
2594 4764 2733 4836 ὑπὲρ
2764 4766 3075 4835 Ἰερουσαλὴ
3084 4784 3123 4835 μ
3142 4767 3199 4818 ὲν
3220 4765 3452 4835 ἡμέραις
3476 4765 3649 4829 Ὀζίου
3669 4764 3934 4834 βασιλέως

2369 4856 2570 4919 Ἰούδα,
2606 4857 2699 4909 καὶ
2745 4858 2802 4909 ὲν
2830 4857 3066 4926 ἡμέραις
3119 4856 3401 4926 Ἰεροδοάμ
3453 4854 3547 4908 τοῦ
3595 4853 3745 4916 Ίωᾶς
3776 4854 3936 4923 βασις-

2356 4946 2742 5022 λέωςἸσραήλ
2764 4946 2870 5017 πρὸ
2906 4945 3001 4998 δύο
3044 4945 3180 4998 ἐτῶν
3218 4945 3313 4998 τοῦ
3365 4944 3612 5015 σεισμοῦ.
3642 4963 3659 4995 ι
3710 4944 3930 5015 Ἐπειδὴ

2355 5034 2410 5087 δὲ
2459 5034 2845 5103 τετελεύτηκεν
2911 5034 3091 5098 Ὀζίας
3160 5033 3556 5103 συγκατέληξεν
3623 5032 3770 5103 αύτῷ
3828 5035 3931 5101 τῆς

2356 5125 2566 5195 σιωπῆς
2596 5127 2624 5178 6
2649 5126 2858 5195 καιρός.
2891 5124 3000 5177 Kal
3036 5124 3197 5177 πάλιν
3223 5125 3391 5178 ἐδίδου
3417 5125 3514 5185 τὰς
3540 5123 3794 5185 θεοπτίας
3816 5127 3932 5185 τοῖς

2353 5216 2528 5283 ἀγίοις
2563 5218 2868 5286 προφήταις
2901 5217 2929 5267 6
2955 5216 3061 5267 τῶν
3098 5216 3233 5268 ὅλων
3263 5216 3412 5278 Θεός.
3449 5215 3631 5287 Ταύτῃ
3655 5215 3735 5267 τοί
3763 5231 3934 5285 φησιν

2353 5306 2382 5357 6
2408 5307 2689 5375 προφήτης
2721 5304 2945 5367 Ἡσαΐας
2969 5320 2982 5331 ·
3018 5323 3037 5355 ι
3066 5305 3174 5357 Kal
3205 5305 3420 5372 ἐγένετο
3446 5303 3538 5357 τοῦ
3572 5304 3819 5358 ἐνιαυτοῦ
3867 5299 3933 5355 οὗ

2353 5395 2622 5449 ἀπέθανεν
2662 5394 2843 5460 Ὀζίας
2863 5397 2891 5448 6
2921 5394 3194 5465 βασιλεὺς,
3227 5396 3333 5449 ίδον
3362 5396 3451 5449 τὸν
3474 5394 3675 5465 Κύριον
3703 5392 3932 5447 Σαϐαὼθ

2354 5486 2658 5556 καθήμενον
2691 5486 2782 5539 ἐπὶ
2819 5486 3006 5557 θρόνου
3033 5484 3237 5557 ὑψηλοῦ
3272 5488 3365 5540 καὶ
3393 5486 3720 5557 ἐπηρμένου.
3749 5502 3767 5535 ι
3808 5484 3934 5536 Ὅτι

2357 5577 2454 5647 μὲν
2488 5572 2580 5631 οὖν
2609 5577 2700 5631 τὸν
2745 5576 2871 5630 Υίὸν
2925 5580 2953 5631 6
2988 5578 3272 5649 προφήτης
3322 5576 3570 5630 τεθέαται
3624 5579 3680 5629 ὲν
3706 5577 3773 5646 τῇ
3803 5573 3934 5645 δόξῃ

2197 5732 2235 5761 ¹¹
2272 5731 2467 5787 Ezeclt.
2508 5747 2588 5799 ιιι,
2621 5730 2710 5786 26.
2782 5734 2823 5765 ¹²
2857 5733 3039 5786 Amos.
3076 5748 3115 5795 ι,
3155 5732 3203 5786 l.
3282 5732 3326 5763 ¹³
3350 5730 3503 5785 Joan.
3534 5745 3630 5796 ιιι,
3661 5728 3748 5783 ll.
