4178 6492
360 390 453 447 I73

1513 390 1580 447 ΙΝ
1617 390 1853 448 ιεΑιΑιι
1890 389 2017 448 LIB.
2056 391 2098 447 1.
2139 390 2350 449 οιιΑτ.
2390 390 2479 448 IV.

3516 398 3618 452 174

351 510 447 565 τοῦ
486 508 621 564 Θεοῦ
644 511 739 565 καὶ
761 511 993 582 Πατρὸς,
1021 511 1123 565 οὐκ
1149 511 1215 567 ἂν
1248 511 1537 568 ὲνδοιάσειέ
1561 531 1667 581 τις,
1695 512 1940 567 Ἰωάννου

2048 521 2357 569 coronatus.
2390 512 2669 582 Suprema:
2705 512 2832 568 item
2866 520 3180 583 potestates,
3216 514 3411 585 quibus
3437 519 3619 573 mulne

351 605 655 672 γράφοντος
713 604 957 673 ἐναργῶς
1006 605 1136 676 περὶ
1192 604 1393 659 αὐτοῦ·
1429 606 1644 659 (Ταῦτα
1674 605 1732 660 δὲ
1784 601 1937 659 εἶπεν

240 707 257 718 ⁸
364 695 614 759 Ἡσαΐας,
638 696 725 748 ὅτε
756 696 835 749 ίδε
865 693 962 765 τὴν
988 694 1146 759 δόξαν
1180 696 1367 759 αὐτοῦ,
1401 696 1497 751 καὶ
1536 695 1765 767 ὲλάλησε
1807 695 1938 766 περὶ

354 787 573 841 αὐτοῦ.»
617 786 809 857 Ἀθρει
840 787 896 839 δέ
920 805 1010 857 μοι
1038 788 1136 859 τῆς
1170 787 1507 857 θεοπρεποῦς
1574 786 1850 857 ὑπεροχῆς
1877 786 1938 839 τὸ

350 878 591 949 ἀξίωμα,
625 877 721 931 καὶ
748 876 810 930 τὸ
842 876 981 931 κατὰ
1009 877 1191 945 πάσης
1222 876 1451 939 κτίσεως
1488 876 1708 948 κράτος.
1746 876 1805 929 '0
1838 874 1937 945 μὲν

350 970 459 1040 γάρ
489 969 636 1022 ἐστιν
663 966 748 1037 ἐφ’
775 967 978 1037 ὑψηλοῦ
1022 984 1081 1021 τε
1115 968 1207 1019 καὶ
1246 967 1561 1038 ἐπηρμένου
1605 967 1795 1038 θρόνου
1825 969 1938 1032 τοῖς

349 1062 452 1131 τῆς
479 1060 757 1133 βασιλείας
818 1062 1282 1131 ὲκπρεπεστάτοις
1330 1060 1640 1130 αὐχήμασιν
1686 1057 1746 1112 εὖ
1791 1059 1938 1130 μάλα

349 1152 814 1223 κατεστεμμένος.
862 1155 926 1207 Αἱ
986 1152 1043 1205 δὲ
1086 1152 1347 1205 ἀνωτάτω
1401 1150 1678 1219 δυνάμεις,
1711 1150 1833 1221 μεθ’
1870 1150 1938 1215 ἃς

346 1245 502 1299 οὐδὲν
530 1243 789 1298 ἐπέκεινα
816 1243 924 1297 τῶν
972 1243 1213 1315 γενητῶν
1265 1239 1404 1297 εἶναι
1454 1243 1693 1312 λέγεται,
1749 1240 1935 1312 κύκλῳ

347 1337 662 1407 περιιστᾶσι
692 1336 845 1401 τάξιν
875 1335 1093 1406 ἔχουσαι
1129 1336 1228 1406 τὴν
1250 1336 1547 1407 οἰκετικὴν,
1581 1334 1674 1389 καὶ
1694 1336 1817 1399 ταῖς
1842 1335 1935 1388 εὑ·

343 1429 585 1499 φημίαις
614 1429 1136 1500 καταγεραίρουσαι.
1186 1428 1379 1500 Πλήρη
1411 1446 1468 1480 τε
1502 1422 1639 1480 εἷναί
1678 1444 1811 1499 φησι
1838 1426 1935 1498 τὴν

342 1519 451 1588 γῆν
475 1517 696 1572 ἃπασαν
718 1519 817 1589 τῆς
844 1517 1002 1588 δόξης
1023 1517 1206 1571 αὐτοῦ.
1242 1519 1451 1589 Χρῆναι
1484 1518 1540 1571 δὲ
1568 1518 1936 1589 ὑπολαμϐάνω

345 1610 423 1681 μὴ
453 1612 511 1663 ὲν
539 1614 788 1675 τοπικοῖς
810 1610 1066 1681 ύψώμασι
1092 1610 1184 1663 τὸν
1215 1610 1356 1664 θεῖον
1405 1610 1612 1664 οἴεσθαι
1660 1593 1934 1665 τεθεῖσθαι

342 1700 557 1772 θρόνον.
587 1701 795 1772 Εῦηθες
844 1701 956 1772 γὰρ
1003 1702 1098 1755 καὶ
1126 1699 1384 1754 ἀσύνετον
1423 1701 1614 1773 κομιδῇ
1641 1702 1700 1754 τὸ
1746 1702 1936 1773 χρῆμά

341 1793 519 1848 ἐστιν.
570 1793 737 1862 ’Υψοῦ
786 1792 891 1846 δὲό
938 1787 1082 1856 θεῖος
1103 1791 1338 1845 τέθειται
1384 1791 1592 1862 θρόνος,
1651 1791 1790 1845 καθὸ
1840 1793 1937 1846 καὶ¹

2042 616 2130 656 res
2151 602 2344 671 genitae
2368 604 2673 673 superiores
2704 603 2974 673 leguntur,
3003 605 3362 679 undequaque
3386 609 3617 665 circum»

2042 699 2212 757 Stant,
2264 691 2685 747 domesticorum
2724 693 2901 749 locum
2946 702 3211 765 tenentes,
3254 713 3487 770 eumque
3527 715 3618 755 or-

2040 790 2234 838 nantes
2267 782 2538 838 laudibus.
2578 801 2597 835 ι
2622 783 2782 839 Plena
2806 795 2910 850 est,
2941 786 3137 855 inquit,
3179 797 3321 844 terra
3359 792 3618 846 universa

2040 874 2207 943 gloria
2247 873 2384 941 ejus.
2419 892 2437 925 ›
2462 871 2558 931 Dei
2587 885 2767 931 autem
2803 879 3053 933 thronum
3084 881 3261 935 nonin
3283 883 3618 938 sublimitate

2038 965 2144 1021 loci
2178 967 2464 1021 terminata
2494 969 2753 1038 positum,
2779 984 2899 1025 meo
2923 968 3153 1040 judicio,
3186 975 3504 1030 existimare
3529 978 3616 1030 de-

2038 1058 2228 1113 bemus
2262 1075 2276 1111 :
2307 1059 2357 1113 id
2385 1059 2528 1114 enim
2558 1060 2802 1130 profecto
2847 1063 3068 1118 stultum
3100 1075 3181 1119 est
3212 1075 3265 1119 et
3303 1067 3552 1122 frivolum
3598 1087 3613 1123 :

2038 1158 2094 1203 at
2148 1150 2201 1203 in
2243 1149 2458 1205 sublimi
2517 1151 2612 1206 Dei
2670 1152 2898 1208 thronus
2942 1154 3145 1224 positus
3195 1166 3298 1222 est,
3349 1168 3619 1227 quatenus

2040 1239 2209 1295 divini
2242 1242 2393 1311 regni
2428 1241 2602 1313 gloria
2645 1257 2862 1298 onmem
2891 1255 3139 1299 naturain
3182 1247 3282 1301 sub
3313 1248 3616 1319 intelligen-

2053 1328 2181 1383 tiam
2204 1332 2511 1397 cadentem,
2541 1347 2801 1403 superare
2836 1334 3175 1406 intelligitur.
3210 1338 3412 1392 Deinde
3444 1340 3616 1394 sessio

2037 1435 2158 1489 quae
2187 1422 2252 1475 de
2290 1436 2354 1477 eo
2381 1424 2603 1491 dicitur,
2637 1425 2800 1479 veluti
2834 1424 3143 1479 firmitatem
3175 1436 3231 1481 et
3263 1428 3614 1483 stabilitatem

2039 1511 2093 1565 in
2128 1515 2316 1568 eodem
2354 1516 2620 1571 bonorum
2669 1527 2857 1573 tenore
2890 1519 3358 1590 constantiamque
3403 1521 3618 1576 videtur

2038 1606 2354 1662 subnotare.
2387 1607 2576 1664 Psallit
2598 1611 2743 1665 enim
2773 1613 2852 1668 sic
2877 1622 2932 1667 et
2963 1614 3153 1668 beatus
3184 1612 3352 1668 David
3380 1630 3395 1670 :
3425 1632 3444 1667 ι
3478 1613 3615 1668 Dens

2038 1698 2193 1751 sedet
2223 1699 2276 1751 in
2324 1700 2517 1755 throno
2557 1711 2745 1756 saneto
2783 1717 2883 1756 suo
2914 1702 2978 1755 “.
3012 1721 3031 1754 ι
3070 1702 3136 1756 Ει
3168 1705 3428 1774 propheta
3462 1704 3616 1759 Jere-

2044 1790 2182 1844 mias
2212 1792 2279 1844 ad
2302 1805 2426 1845 eum
2457 1793 2589 1847 dicit
2619 1810 2633 1847 :
2675 1811 2693 1845 ι
2724 1794 2803 1847 Tu
2838 1795 2995 1849 sedes
3029 1796 3079 1849 in
3126 1798 3541 1865 sempiternum,
3565 1808 3620 1850 e'.

340 1886 549 1937 νοεῖται
576 1886 756 1955 πάσης
782 1884 1040 1937 ἐπέκεινα
1063 1883 1281 1952 φύσεως
1306 1887 1508 1955 νοητῆς
1545 1884 1645 1954 τῆς
1672 1886 1769 1938 τοῦ
1793 1884 1929 1939 Θεοῦ

2044 1892 2134 1931 nos
2165 1880 2408 1947 perimus
2442 1882 2497 1936 in
2530 1884 2923 1952 sempiternum
2959 1886 3024 1940 ¹⁵.
3063 1904 3081 1937 ι
3120 1883 3349 1955 Semper
3384 1887 3529 1941 enim
3563 1896 3619 1941 et

342 1977 631 2046 βασιλείας
655 1976 853 2048 ήδόξα.
889 1977 955 2029 Ἢ
982 1976 1038 2029 δὲ
1067 1975 1283 2039 κάθισις
1309 1977 1338 2046 ἡ
1366 1975 1631 2029 ὲπάύτοῦ
1650 1977 1746 2046 τὴν
1767 1976 1932 2030 οἱονεὶ

341 2068 679 2138 βεϐαιότητα
702 2086 762 2120 τε
797 2068 892 2122 καὶ
921 2071 978 2123 έν
1014 2068 1304 2138 ταυτότητι
1341 2066 1451 2121 τῶν
1474 2066 1695 2135 ἀγαθῶν
1723 2068 1931 2139 ἵδρυσιν

338 2177 405 2211 τε
432 2160 527 2213 καὶ
563 2158 821 2230 διαμονὴν
851 2159 1026 2213 ἔοικεν
1065 2158 1383 2229 ὑποδηλοῦν.
1426 2158 1632 2213 Ψάλλει
1655 2159 1761 2229 γὰρ
1788 2158 1932 2212 οῦτω

340 2252 443 2304 καὶ
466 2254 494 2304 ὁ
516 2251 801 2315 θεσπέσιος
831 2252 1014 2305 Δα6ίδ·
1049 2274 1067 2304 ι
1106 2253 1164 2306 Ὀ
1190 2252 1322 2316 Θεὸς
1346 2250 1582 2320 κάθηται
1613 2251 1703 2304 ἐπὶ
1742 2251 1931 2322 θρόνου

340 2341 506 2409 ἁγίου
535 2340 723 2395 αὑτοῦ.
753 2359 772 2394 ι
837 2342 945 2395 Καὶ
985 2342 1093 2412 μὴν
1132 2342 1227 2396 καὶ
1267 2342 1296 2395 ὀ
1344 2344 1630 2413 προφήτης
1670 2343 1934 2413 Ἱερεμίας

338 2433 485 2504 πρὸς
513 2434 677 2489 αὐτόν
743 2433 847 2487 πού
904 2450 1098 2503 φησιν’
1142 2452 1161 2486 ι
1202 2434 1325 2487 Ὅτι
1370 2434 1435 2487 σὺ
1480 2434 1788 2504 καθήμενος
1841 2434 1932 2487 τὸν

338 2524 540 2591 αἰῶνα,
570 2525 666 2578 καὶ
694 2525 856 2595 ἡμεῖς
884 2523 1249 2595 ἀπολλύμενοι
1275 2524 1369 2577 τὸν
1396 2524 1587 2578 αἰῶνα.
1615 2544 1633 2575 ι
1677 2526 1791 2578 Ἀεὶ
1824 2525 1933 2597 γὰρ

338 2616 442 2669 καὶ
465 2617 525 2669 ὲν
559 2615 723 2670 παντὶ
779 2615 956 2686 χρόνῳ
986 2615 1198 2686 φθαρτή
1235 2616 1294 2668 τέ
1340 2616 1489 2669 ἐστιν
1515 2618 1549 2687 ἡ
1586 2616 1931 2687 πεποιημένη

340 2704 531 2773 φύσις,
565 2705 659 2759 καὶ
688 2705 806 2758 τῶν.
830 2705 1069 2776 γενητῶν
1100 2706 1158 2758 ὲν
1193 2705 1404 2768 τούτοις
1429 2705 1491 2759 τὸ
1525 2705 1741 2776 μέτρον·
1762 2707 1934 2775 non-

338 2814 439 2850 ται
472 2797 555 2863 δὲ,
586 2796 663 2860 ῶς
689 2796 851 2867 ἔφην,
881 2800 913 2867 ἡ
950 2796 1167 2850 πάντων
1195 2796 1429 2866 τεχνίτις
1458 2797 1553 2849 καὶ
1603 2797 1935 2868 δημιουργὸς

342 2889 536 2957 σοφία,
569 2888 713 2942 τοῦτ’
742 2888 911 2951 ἔστιν,
943 2890 1237 2960 ἀκλόνητον
1291 2889 1404 2958 ἔχει
1426 2887 1522 2959 τὴν
1567 2890 1624 2941 ἐν
1648 2889 1935 2958 ταυτότητι

339 2980 632 3051 διαμονήν.
663 2980 852 3050 Πλήρη
874 2979 929 3032 δὲ
961 2975 1100 3033 εἶναι
1134 2998 1267 3052 φησι
1324 2980 1414 3034 τὸν
1452 2974 1599 3033 οἷκον
1643 2980 1742 3051 τῆς
1777 2980 1936 3051 δόξης

341 3070 541 3125 αὐτοῦ.
580 3069 747 3124 υῦπω
783 3070 891 3142 γὰρ
938 3071 1393 3143 δεδυσσεῆηκότος
1451 3070 1546 3125 τοῦ
1600 3071 1806 3143 Ἰσραὴλ
1856 3072 1937 3134 εἰς

338 3163 442 3217 τὸν
471 3162 678 3233 Κύριον
706 3163 863 3233 ἡμῶν
907 3164 1117 3235 Ἰησοῦν
1169 3162 1258 3217 τὸν
1288 3162 1541 3235 Χριστὸν,
1574 3162 1814 3233 ἐπλήρου
1844 3162 1935 3216 τὸν

339 3252 500 3327 οἶκρν
531 3230 623 3309 τὸν
663 3230 861 3319 ένντοῖς
920 3230 1402 3325 ἰεροσολύμοιςτὴ
1450 3254 1546 3308 τοῦ
1605 3230 1741 3307 Θεοῦ
1789 3254 1936 3318 δόξα.
1965 3230 2009 3289 C'

355 3347 586 3417 Ἐπειδὴ
608 3347 666 3400 δὲ
699 3348 1010 3418 ἠρνήσαντο
1038 3346 1136 3416 τὴν
1171 3345 1448 3416 βασιλείαν
1486 3344 1672 3409 αὐτοῦ,
1706 3346 1799 3399 καὶ
1841 3363 1940 3398 πε-

343 3437 642 3492 πτώκασιν
694 3440 775 3502 εἰς
804 3437 1149 3506 ,ἀνοσιότητα
1200 3437 1437 3506 τρόπων.
1492 3430 1568 3489 Ob
1629 3436 1814 3489 ἕνεκεν
1843 3435 1941 3507 τὴν

345 3531 542 3600 φωνὴν
568 3529 810 3599 ἥκουσαν
841 3529 1110 3597 λέγοντος·
1142 3547 1160 3578 ι
1184 3529 1314 3581 ’ἰδοὺ
1335 3528 1553 3597 ἀφίεται
1584 3528 1711 3598 ύμῖν
1742 3529 1771 3581 ό
1794 3522 1941 3592 οἶκος

346 3619 533 3690 ὑμῶν.
560 3637 579 3671 ι
629 3620 877 3689 Ἐκάστῳ
899 3619 956 3672 δὲ
983 3617 1092 3671 τῶν
1147 3618 1428 3688 Σεραφεὶμ
1458 3616 1516 3683 ἒξ
1565 3615 1941 3687 ὲμπεφυκέναι

346 3712 492 3781 φησι
512 3710 611 3774 τὰς
643 3711 941 3781 πτέρυγας,
972 3708 1048 3773 ῶς
1087 3710 1207 3772 ταῖς
1239 3710 1335 3779 μὲν
1357 3708 1477 3762 δυσὶ
1506 3707 1942 3763 κατακαλύπτειν

345 3801 419 3855 τὸ
448 3802 758 3873 πρόσωπον,
784 3803 903 3864 ταῖς
924 3801 982 3854 δὲ
1019 3800 1141 3853 δυσὶ
1186 3801 1312 3863 τοὺς
1359 3799 1544 3865 πόδας,
1587 3798 1854 3853 πέτασθαι
1886 3797 1943 3851 δὲ

347 3894 477 3955 ταῖς
506 3891 738 3956 λοιπαῖς.
770 3891 1194 3962 Διερμηνεύεται
1225 3889 1281 3943 δὲ
1302 3891 1604 3961 Σεραφεὶμ,
1627 3888 1943 3962 ἐμπρησταὶ

348 3986 479 4055 ἦτοι
511 3984 914 4059 θερμαίνοντες.
948 3983 1173 4054 Ψυχρὸν
1212 3982 1322 4052 γὰρ
1364 3982 1515 4035 οὐδὲν
1551 3980 1703 4051 παρά
1729 3996 1794 4049 γε
1824 3982 1943 4055 ταῖς

349 4076 473 4131 ἄνω
524 4076 839 4147 δυνάμεσιν,
886 4076 1052 4147 αἴπερ
1083 4074 1149 4128 ἂν
1209 4071 1316 4126 εἷεν
1352 4073 1588 4144 μάλιστα
1634 4071 1728 4124 καὶ
1776 4071 1940 4139 ἐγγὺς

350 4166 516 4221 Θεοῦ.
550 4168 736 4239 Ταύτῃ
767 4184 847 4220 τοι
888 4168 984 4221 καὶ
1008 4168 1167 4237 ἡμεῖς
1199 4164 1352 4219 αὐτοὶ
1379 4161 1707 4233 κολλώμενοι
1736 4160 1826 4214 διὰ
1855 4161 1945 4213 πί-

353 4275 531 4321 στεως
554 4259 647 4312 καὶ
673 4257 950 4321 πολιτείας
997 4256 1096 4326 τῆς
1148 4254 1363 4325 ἀγαθῆς
1414 4254 1508 4307 καὶ
1564 4251 1942 4323 ὲννομωτάτης

352 4354 579 4418 ζέοντες
613 4351 1026 4423 ἀποτελούμεθα
1075 4350 1154 4422 τῷ
1192 4349 1480 4420 πνεύματι,
1507 4348 1599 4401 καὶ
1629 4347 1821 4417 θερμοὶ
1844 4346 1943 4417 τὴν

350 4448 584 4515 ἀγάπην
616 4445 714 4517 τὴν
746 4446 827 4508 είς
855 4444 1010 4497 Θεὸν.
1043 4441 1318 4513 Σύμϐολον
1344 4441 1401 4494 δὲ
1450 4439 1510 4494 τὸ
1549 4441 1667 4503 ταῖς
1719 4436 1944 4509 πτέρυξι

2036 1972 2261 2027 omnino
2295 1976 2633 2043 corruptioni
2682 1976 2916 2031 obnoxia
2958 1987 3044 2033 est
3086 1992 3267 2032 rerum
3312 1988 3529 2043 natura,
3564 1988 3622 2033 et

2038 2077 2229 2117 eorum
2265 2080 2385 2134 qua:
2412 2075 2590 2120 ortum
2623 2066 2823 2122 habent
2869 2083 3122 2124 mensura
3163 2070 3408 2138 quaedam
3441 2078 3527 2123 est
3556 2084 3622 2124 ac

2044 2155 2328 2210 terminus.
2379 2156 2545 2211 Sedet
2600 2167 2805 2223 autem,
2842 2160 2916 2213 uti
2969 2159 3103 2224 dixi,
3151 2161 3395 2214 omnium
3438 2176 3619 2216 rerum

2038 2243 2451 2300 architectatrix
2488 2258 2544 2301 et
2584 2249 2769 2318 opifex
2821 2249 3110 2318 sapientia,
3156 2250 3204 2303 id
3240 2262 3343 2314 est,
3396 2251 3621 2306 immota

2038 2343 2144 2401 est,
2182 2343 2238 2390 et
2280 2336 2468 2391 eodem
2502 2341 2659 2394 modo
2704 2350 3007 2409 permanet.
3052 2340 3275 2395 Plenam
3330 2341 3462 2395 dicit
3500 2356 3622 2397 esse

2040 2428 2256 2483 domum
2285 2429 2453 2500 gloria
2487 2428 2627 2498 ejus.
2696 2432 2828 2484 Nam
2858 2430 3091 2501 quandiu
3120 2430 3284 2487 lsraei
3314 2448 3420 2488 non
3455 2434 3622 2486 admi-

2039 2518 2112 2573 sit
2159 2519 2492 2589 impietatem
2552 2532 2742 2577 contra
2792 2522 3078 2577 Dominum
3139 2533 3385 2579 nostrum
3436 2523 3620 2580 .Iesunt

2040 2608 2357 2676 Christum,
2418 2611 2592 2682 gloria
2650 2613 2743 2667 Dei
2810 2611 3352 2679 llierosolymitanam
3404 2615 3620 2669 domum

2041 2700 2300 2770 implevit.
2337 2702 2442 2756 Sed
2492 2712 2778 2773 postquam
2814 2716 3081 2775 negarunt
3132 2721 3356 2776 regnum
3385 2707 3523 2783 ejus.
3566 2708 3620 2761 in

2042 2807 2252 2847 morum
2295 2792 2625 2861 impietatem
2668 2806 3017 2863 proruerunt.
3054 2796 3264 2851 ldeireo
3297 2798 3624 2852 audiverunt

2042 2893 2229 2933 vocem
2278 2878 2511 2934 dicentis
2559 2897 2571 2933 :
2621 2897 2640 2931 ι
2672 2881 2809 2934 Ecce
2861 2881 3182 2951 relinquitur
3226 2883 3382 2938 vobis
3430 2885 3622 2939 domus

2045 2978 2221 3023 vestra
2250 2969 2463 3025 deserta
2495 2969 2559 3023 “.
2589 2990 2606 3019 ι
2646 2968 2953 3041 Unicuique
2977 2981 3154 3026 autem
3203 2972 3487 3043 Seraphitn
3526 2989 3621 3028 sex

2043 3061 2158 3115 alas
2199 3059 2425 3115 adnatas
2467 3076 2588 3116 esse
2628 3061 2783 3128 dicit,
2819 3074 2876 3116 ut
2921 3063 3126 3116 duabus
3158 3062 3371 3129 faciem,
3410 3065 3620 3119 duabus

2045 3153 2207 3222 pedes
2235 3162 2494 3224 tegerent,
2543 3154 2765 3224 reliquis
2798 3155 3064 3210 volarent.
3102 3153 3416 3225 Seraphim,
3467 3157 3619 3227 igniti

2043 3262 2135 3300 seu
2172 3245 2443 3301 ferventes
2473 3247 2784 3315 exponitur.
2833 3246 2889 3300 In
2926 3248 3139 3315 superis
3162 3249 3306 3301 enim
3341 3252 3622 3318 potestati-

2043 3338 2144 3391 bus
2185 3337 2317 3393 nihil
2368 3337 2646 3407 frigidum,
2698 3348 2753 3392 ut
2807 3354 2926 3407 qua:
2969 3339 3213 3407 proxime
3258 3340 3427 3395 Deum
3472 3351 3617 3396 sunt.

2042 3428 2153 3483 Nos
2183 3430 2345 3483 etiam
2397 3431 2501 3484 hoc
2550 3434 2707 3483 modo
2734 3444 2831 3499 per
2863 3430 3020 3484 fidem
3074 3439 3129 3484 et
3176 3430 3377 3485 bonam
3409 3431 3623 3502 legique

2046 3520 2282 3574 maxime
2309 3530 2728 3574 eonsentaneam
2762 3520 2886 3574 vita}
2914 3520 3308 3575 institutionem
3335 3522 3409 3576 illi
3431 3524 3620 3593 agglu-

2046 3612 2223 3675 tinati,
2250 3612 2443 3680 spiritu
2478 3612 2747 3667 ferventes
2778 3613 3115 3681 perficimur,
3153 3623 3209 3669 et
3257 3615 3526 3670 charitate
3568 3617 3622 3670 in

2048 3705 2205 3775 103
2231 3704 2395 3759 Deum
2425 3706 2698 3759 ardentes.
2714 3703 2881 3759 Porro
2914 3703 3198 3777 Seraphin:
3223 3706 3323 3761 alis
3352 3708 3528 3761 velare
3552 3707 3623 3762 fa-

2045 3798 2182 3851 ciem
2197 3807 2249 3851 et
2269 3796 2457 3865 pedes,
2474 3804 2527 3850 et
2548 3795 2760 3849 duobus
2782 3795 2986 3859 volare,
3008 3795 3310 3866 symbolum
3332 3807 3434 3861 est,
3456 3799 3622 3851 nemi-

2045 3903 2168 3942 nem
2188 3902 2345 3956 posse
2359 3886 2442 3941 vel
2462 3886 2809 3957 principium,
2829 3886 2913 3941 vel
2935 3886 3094 3941 linem
3110 3889 3504 3944 sententiarum
3528 3902 3621 3945 aut

2044 3992 2352 4032 sermonum
2383 3978 2449 4032 de
2479 3979 2588 4034 Deo
2608 3979 2981 4048 introspicere.
3001 3978 3173 4048 Caput
3193 3981 3336 4035 enim
3370 3989 3423 4034 et
3458 3981 3623 4038 facies

2044 4070 2331 4140 designant
2376 4071 2722 4139 principium,
2769 4070 2935 4124 linem
2984 4071 3167 4139 pedes.
3212 4070 3372 4127 Caret
3418 4074 3620 4127 etenim

2046 4161 2315 4230 principio
2352 4159 2642 4227 Divinitas,
2680 4170 2734 4215 et
2777 4161 2900 4225 linis
2936 4171 3020 4216 est
3058 4164 3260 4218 nescia.
3308 4161 3417 4219 Nos
3443 4175 3620 4221 autem

2047 4249 2136 4301 vix
2168 4249 2440 4303 intuemur
2477 4265 2536 4304 ea
2566 4265 2687 4319 quae
2721 4250 2774 4303 in
2819 4250 2996 4304 medio
3036 4250 3383 4320 interiacent,
3413 4269 3500 4319 ea,
3543 4255 3622 4309 in-

2046 4356 2230 4409 quam,
2270 4356 2391 4409 qua:
2416 4352 2658 4409 tempore
2690 4342 2844 4409 fiunt,
2874 4358 2983 4412 quo
3013 4357 3074 4397 ea
3097 4357 3217 4411 qua:
3244 4359 3348 4399 non
3390 4354 3538 4409 sunt,
3570 4348 3621 4401 in

2046 4429 2302 4485 effectum
2331 4432 2621 4500 aliquando
2649 4434 3042 4501 producuntur.
3072 4432 3269 4490 Volant
3287 4435 3544 4507 denique,
3567 4448 3626 4493 nt

352 4537 801 4592 κατακαλύπτειν
830 4536 900 4589 τὰ
930 4534 1208 4607 Σεραφεὶμ
1234 4533 1294 4585 τό
1307 4548 1367 4584 τε
1392 4530 1683 4601 πρόσωπον
1703 4528 1943 4591 καὶτοὺς

2049 4521 2141 4589 qui
2182 4520 2317 4574 nihil
2344 4522 2720 4589 proculcatum
2770 4522 2970 4577 habent
3008 4538 3102 4577 seu
3140 4522 3410 4592 abjeetum
3441 4543 3456 4580 :
3492 4528 3622 4595 quin

353 4629 550 4691 πόδας,
574 4626 838 4680 πέτασθαι
870 4626 925 4679 δὲ
951 4628 1071 4689 ταῖς
1096 4624 1266 4687 δυσὶν,
1296 4621 1389 4676 τοῦ
1422 4622 1496 4691 μὴ
1516 4619 1776 4675 δύνασθαί
1792 4636 1946 4682 τινας

354 4720 393 4791 ἢ
429 4718 602 4789 ἀρχὴν
632 4719 665 4789 ἢ
697 4718 850 4781 τέλος
909 4718 1041 4788 ὁρᾷν
1107 4715 1325 4771 ἐννοιῶν
1390 4715 1424 4785 ἢ
1476 4714 1650 4781 λόγων
1683 4711 1791 4766 τῶν
1821 4712 1949 4782 περὶ

355 4811 523 4866 Θεοῦ.
562 4809 823 4881 Σημαίνει
851 4809 950 4879 μὲν
979 4808 1089 4881 γὰρ
1109 4808 1209 4879 τὴν
1233 4806 1407 4879 ἀρχὴν
1439 4807 1472 4876 ὴ
1501 4802 1731 4874 κεφαλὴ,
1770 4804 1861 4857 καὶ
1887 4802 1948 4855 τὸ

355 4904 682 4976 πρόσωπον,
712 4902 774 4956 τὸ
802 4902 860 4955 δέ
892 4918 955 4970 γε
998 4901 1152 4964 τέλος
1209 4901 1261 4954 οἱ
1318 4899 1496 4961 πόδες.
1528 4897 1794 4967 Ἀναρχον
1839 4894 1946 4964 γὰρ

356 4997 425 5049 τὸ
445 4997 601 5049 Θεῖον
626 4994 722 5047 καὶ
744 4992 1001 5063 τελευτᾷν
1025 4993 1126 5045 οὐκ
1148 4990 1305 5054 εἶδός.
1330 4987 1745 5062 Προοσάλλομεν
1766 4985 1823 5039 δὲ
1836 4987 1949 5048 τοῖς

357 5087 453 5141 διὰ
485 5088 653 5158 μέσου
683 5084 837 5156 μόλις
854 5087 966 5147 τοῖς
995 5083 1137 5137 κατά
1164 5099 1226 5151 γε
1252 5085 1377 5145 τοὺς
1397 5080 1620 5151 χρόνους
1643 5078 1806 5149 φημὶ,
1829 5075 1951 5129 καθ’

362 5180 482 5245 οὓς,
510 5179 578 5232 τὰ
614 5179 716 5232 οὐκ
747 5178 880 5230 ὄντα
913 5175 1045 5231 ποτὲ
1079 5171 1339 5245 παρήχθη
1389 5172 1526 5240 πρὸς
1560 5168 1809 5239 ὓπαρξιν.
1851 5167 1955 5220 [ιέ-

365 5272 552 5325 τονταί
592 5287 655 5340 γε
693 5269 800 5341 μὴν
834 5268 910 5332 ὡς
952 5268 1104 5322 οὐδὲν
1149 5266 1363 5337 ἔχοντες
1387 5264 1449 5315 τὸ
1492 5256 1951 5334 κατερριμμένον.

378 5361 551 5431 ’Υψοῦ
575 5361 632 5414 δὲ
656 5360 861 5432 μᾶλλον
886 5359 974 5412 ἀεὶ
1000 5358 1062 5411 τὸ
1095 5356 1353 5427 φρόνημα
1381 5353 1516 5423 πρὸς
1542 5352 1694 5404 Θεόν.
1742 5349 1817 5402 Ού
1846 5348 1953 5417 γάρ

362 5471 448 5507 τοι
476 5453 596 5506 καθ’
636 5454 784 5524 ἡμᾶς
804 5449 1059 5522 φρονοῦσι
1086 5449 1155 5502 τὰ
1192 5446 1363 5507 κάτω,
1391 5444 1504 5498 ἀλλ’
1531 5446 1586 5497 ὲν
1618 5441 1949 5512 ἀπορρήτοις

365 5546 511 5600 τισιν
538 5542 827 5613 ὑψώμασιν
869 5539 1087 5595 ἐννοιῶν
1127 5539 1182 5592 αἱ
1230 5535 1487 5591 ἀνωτάτω
1541 5532 1797 5600 δυνάμεις
1859 5528 1949 5582 τὸν

369 5635 571 5688 οἰκεῖον
603 5633 788 5703 έχουσι
822 5631 968 5685 νοῦν.
1002 5629 1261 5699 Εὔφημον
1309 5627 1365 5680 δὲ
1418 5624 1512 5678 καὶ
1545 5616 1605 5675 τὸ
1646 5621 1821 5690 στόμα
1851 5618 1949 5673 αύ-

2051 4612 2227 4680 potius
2266 4612 2373 4666 alte
2414 4627 2628 4678 semper
2675 4613 2887 4666 illorum
2926 4628 3078 4668 mens
3113 4615 3165 4667 in
3214 4614 3382 4670 Deum
3430 4615 3621 4670 fertur.

2048 4701 2164 4757 Non
2197 4703 2367 4766 enim,
2400 4712 2458 4757 ut
2491 4718 2611 4767 nos,
2651 4704 2765 4759 hate
2787 4703 2972 4758 infnna
3008 4704 3229 4774 sapiunt
3267 4706 3349 4761 liiB
3380 4717 3624 4776 potestac

2050 4806 2130 4851 tes
2153 4810 2437 4866 supremae,
2466 4796 2558 4850 sed
2578 4804 2810 4849 mentem
2842 4794 3043 4849 habent
3062 4797 3276 4852 arcanis
3304 4800 3623 4867 quibusdam

2049 4885 2440 4940 sententiarum
2469 4884 2895 4940 sublimitatibus
2923 4884 3139 4940 afﬁxam
3168 4896 3220 4941 et
3256 4888 3620 4956 coniunctam.

2050 4978 2124 5033 Os
2152 4993 2369 5048 quoque
2399 4993 2586 5033 eorum
2613 4978 2827 5043 plenum
2853 4988 2938 5033 est
2971 4978 3165 5034 faustis
3199 4980 3625 5036 ominationibus

2052 5085 2115 5122 ac
2140 5069 2409 5128 laudibus.
2446 5069 2685 5125 Gloriatu
2711 5070 2856 5125 enim
2908 5070 3219 5135 det-autaut,
3264 5073 3427 5141 idque
3458 5072 3625 5127 alter-

2055 5161 2140 5214 nis
2180 5160 2411 5222 vieibus,
2449 5176 2553 5215 non
2597 5160 2725 5229 quia
2756 5160 3146 5232 defatigantur,
3176 5172 3235 5217 ut
3275 5176 3375 5234 ego
3408 5164 3625 5234 quidem

2052 5254 2312 5317 arbitror,
2351 5254 2445 5309 sed
2481 5254 2688 5309 honore
2712 5253 2816 5309 sibi
2853 5265 3039 5308 mutuo
3063 5255 3281 5320 cedunt,
3316 5265 3367 5309 et
3391 5256 3625 5309 vicissim

2054 5340 2394 5397 laudationes
2425 5343 2679 5395 reddunt.
2720 5340 2916 5397 Omnia
2954 5342 3099 5397 enim
3141 5356 3335 5412 supera
3380 5343 3630 5395 ordinate

2058 5436 2193 5489 linnt
2213 5448 2275 5488 ae
2298 5434 2573 5489 decenter.
2607 5431 2744 5487 Cum
2781 5448 2911 5490 vero
2942 5453 2961 5485 ‹
2991 5432 3225 5489 Sanetus
3257 5450 3275 5484 ι
3310 5442 3391 5487 ter
3419 5432 3626 5492 dicunt,

2056 5526 2315 5580 claudunt
2347 5527 2601 5595 hymnum
2631 5524 2683 5578 in
2713 5524 2839 5589 hoc,
2870 5543 2889 5577 ι
2934 5524 3192 5579 Dominus
3220 5522 3480 5585 Sabaoth,
3511 5541 3530 5573 ι
3576 5522 3628 5573 in

2060 5632 2163 5669 una
2184 5617 2398 5671 deitatis
2433 5624 2623 5670 natura
2648 5622 2896 5671 sanetam
2920 5615 3319 5672 constituentes
3344 5609 3623 5664 Triadetn.

448 5790 657 5848 u’Psal.
693 5805 837 5859 XLVI,
872 5788 925 5844 9.
1004 5788 1047 5820 ¹¹
1084 5786 1310 5842 Darut-h.
1351 5800 1433 5847 ιιι,
1473 5783 1525 5837 3.
1607 5781 1649 5811 ‘°
1680 5778 1867 5833 Matth.
1895 5792 2052 5842 χχιιι,
2082 5776 2174 5830 38.
