4134 6490
585 431 696 490 *175

1579 423 1635 477 8.
1678 419 1952 476 CYRlIJJ
1994 415 2468 474 ALEXANDRINI
2508 415 2826 473 ARCIIIEP.

3749 413 3853 470 176

591 545 900 603 Snbsistere
939 541 1084 596 enim
1127 537 1342 593 Patrem
1381 539 1540 607 plane
1581 538 1833 602 dicimus,
1877 537 1953 591 sic
1997 536 2159 589 etiam

2280 536 2405 608 ταῖς.
2449 531 2798 600 Δοξολογοῦσι
2832 529 2941 601 γὰρ
2969 529 3063 584 καὶ
3086 529 3248 582 τοῦτο
3285 525 3343 595 ἐξ
3384 525 3638 598 ἀμοιϐῆς,
3674 526 3737 580 οὗ
3764 527 3855 581 διά.

590 639 808 704 Filium,
845 643 901 690 et
929 633 1196 703 Spiritum
1232 641 1502 685 sanctum.
1539 628 1724 699 Neque
1757 645 1882 684 vero
1919 643 2054 696 quos
2089 629 2170 681 di-

588 730 784 794 cimus,
815 727 867 780 in
910 722 1218 779 naturalem
1267 721 1501 791 aliquam
1542 721 1910 774 diversitatem
1949 719 2052 772 ulla
2083 733 2171 772 ra-

590 821 669 875 tio
702 819 966 880 dissecat,
998 815 1092 870 sed
1123 815 1175 867 in
1209 813 1407 884 triplici
1456 811 1732 883 hypostasi
1761 827 1860 864 una
1891 811 2060 864 deitas
2088 809 2170 863 in-

593 909 869 977 telligitur.
908 905 1020 960 lloc
1055 904 1272 974 quidem
1327 903 1484 958 nobis
1528 911 1780 958 testatum
1825 900 2033 956 faciunt
2074 916 2172 970 per

590 1002 690 1055 hos
715 1008 934 1054 sanctos
958 995 1249 1064 Seraphim
1283 1037 1298 1059 ,
1339 997 1428 1065 qui
1473 995 1777 1049 universam
1823 1004 2022 1047 terram
2058 1008 2172 1046 ma-

589 1090 787 1160 jestate
817 1089 933 1157 ejus
979 1087 1196 1157 plenam
1250 1087 1520 1150 dictitant,
1570 1083 1750 1138 futura
1792 1082 2169 1153 prmciuentcs,

593 1191 646 1236 et
678 1181 1068 1235 administrata:
1091 1193 1187 1248 per
1211 1179 1484 1232 Christum
1519 1176 1940 1245 dispensationis
1978 1185 2174 1246 mysm-

577 1273 734 1336 _rium
772 1271 1218 1341 praenuntiantes.
1255 1266 1579 1336 Priusquam
1602 1267 1744 1320 enim
1780 1265 2018 1321 Verbum
2045 1281 2173 1322 caro

597 1365 796 1418 factum
841 1370 1007 1425 esset,
1042 1361 1128 1414 ille
1169 1361 1403 1426 themon,
1435 1359 1523 1414 ille
1555 1359 1814 1419 exitialis,
1857 1358 1942 1412 ille
1983 1359 2170 1426 draco,

596 1456 686 1510 ille
733 1453 995 1519 delector,
1033 1452 1216 1506 orbem
1257 1459 1529 1504 terrarum
1583 1452 1903 1517 occupabat,
1942 1462 1996 1505 et
2020 1468 2174 1506 crea-

598 1554 717 1600 tura
752 1560 862 1614 pra:
899 1543 1159 1598 Creatore
1188 1551 1240 1594 et
1273 1539 1566 1595 Conditore
1597 1542 1964 1596 adorabatur:
1998 1551 2054 1595 at
2083 1544 2170 1598 ubi

598 1637 775 1693 factus
800 1643 904 1702 ;est
949 1635 1110 1688 homo
1160 1632 1495 1701 unigenitum
1550 1633 1644 1686 Dei
1693 1631 1948 1697 Verbum,
1995 1634 2174 1690 omnis

597 1736 742 1782 terra
783 1725 1062 1794 majestate
1089 1723 1205 1790 ejus
1252 1722 1453 1792 repleta
1487 1731 1590 1777 est.
1623 1721 1700 1778 Illi
1736 1725 1879 1778 enim
1904 1723 2081 1780 ﬂectet
2117 1741 2176 1780 se

595 1831 952 1887 omnegenu,
985 1825 1038 1870 et
1072 1815 1145 1868 illi
1179 1829 1371 1869 omnes
1410 1815 1608 1885 lingua:
1643 1831 1708 1870 ac
1743 1816 1912 1871 tribus
1949 1821 2176 1872 conﬁte-

2267 641 2332 693 γε
2363 625 2422 677 τὸ
2473 623 2727 692 κάμνειν,
2787 621 3040 690 καθάπερ
3094 617 3330 688 ἐγῷμαι,
3377 614 3761 689 παραχωροῦοτ
3793 615 3854 668 δὲ

2273 714 2472 786 μᾶλλον
2500 712 2599 775 τὰς
2620 711 2782 782 τιμὰς
2813 710 3076 782 ἀλλήλως,
3112 709 3206 762 καὶ
3250 707 3707 778 ἀντιδωρούμεναι
3752 708 3857 771 τὰς

2266 799 2592 872 δοξολογίας.
2629 802 2818 856 Πάντα
2846 801 2954 873 γὰρ
2987 803 3044 854 ἐν
3074 801 3264 871 κόσμῳ
3285 799 3352 853 τὰ
3381 799 3511 853 ἄνω.
3533 798 3666 868 Τρὶς
3688 797 3743 850 δέ
3767 799 3846 858 τὸ,

2274 915 2295 949 ι
2332 895 2520 964 ’Ἄγιος
2544 914 2562 948 ι
2589 895 2866 963 λέγουσαι,
2893 892 3273 946 κατακλείουσι
3299 890 3395 961 τήν
3425 887 3752 957 δοξολογίαν,
3773 891 3851 952 είς

2266 975 2348 1054 τδ,
2374 1007 2392 1040 ‹
2415 987 2619 1058 Κύριος
2642 984 2923 1049 Battiadae,»
2949 987 3007 1037 ἐν
3022 985 3122 1055 μιᾷ
3137 985 3384 1053 θεότητος
3408 979 3677 1052 φύσειιτὴν
3691 981 3852 1049 ἁγίαν

2267 1077 2508 1141 τιθέντες
2539 1077 2763 1148 Τριάδα.
2829 1075 3159 1144 ’Υφεστάναι
3194 1075 3293 1145 μὲν
3337 1075 3445 1145 γὰρ
3483 1071 3852 1142 ὁμολογουμέ-

2274 1187 2381 1233 νως
2419 1169 2598 1239 φαμέν
2618 1168 2708 1221 τὸν
2741 1167 2992 1239 Πατέρα·
3042 1166 3186 1220 οὕτω
3221 1165 3277 1218 δέ
3319 1165 3412 1218 καὶ
3453 1163 3544 1216 τὸν
3578 1163 3722 1227 Υίδν,
3758 1163 3855 1215 καὶ

2269 1262 2331 1315 τὸ
2364 1261 2589 1332 Πνεῦμα
2614 1260 2675 1313 τὺ
2697 1260 2869 1328 ἅγιον.
2897 1259 3008 1313 Καὶ
3031 1257 3188 1326 λόγος
3216 1257 3388 1320 οὐδεὶς
3420 1255 3697 1326 διατέμνει
3717 1254 3855 1326 πρὸς

2272 1352 2576 1424 ἑτερότητα
2614 1351 2850 1420 φυσικὴν
2885 1349 2995 1402 τῶν
3032 1348 3438 1418 ὠνομασμένων
3466 1346 3713 1411 ἕκαστον,
3738 1343 3857 1397 ἀλλ’

2275 1448 2333 1498 ἐν
2365 1445 2700 1498 ὑποστάσεσι
2726 1442 2876 1514 τρισὶ
2906 1445 3107 1496 νοεῖται
3142 1440 3241 1512 μία
3269 1439 3480 1508 θεότης.
3522 1438 3632 1492 Καὶ
3668 1437 3734 1490 δι’
3754 1437 3858 1491 αύ-

2272 1535 2382 1588 τῶν
2417 1538 2450 1607 ἡ
2462 1537 2551 1606 μίν
2582 1533 2740 1588 τοῦτο
2769 1532 3186 1605 μεμαρτύρηται
3216 1531 3324 1583 τῶν
3357 1530 3528 1598 ἁγίων
3555 1529 3857 1601 Σεραφεὶμ,

2275 1625 2324 1678 οἳ
2350 1625 2446 1679 καὶ
2477 1624 2658 1696 πλήρη
2684 1626 2868 1677 πᾶσαν
2891 1622 2990 1694 τὴν
3018 1623 3121 1693 γῆν
3143 1618 3282 1675 εἶναι
3327 1621 3546 1689 λέγουσι
3568 1621 3667 1691 τῆς
3699 1619 3861 1690 δόξης

2275 1714 2464 1775 αὐτοῦ,
2487 1711 3000 1785 προαναφωνοῦντες
3014 1711 3082 1764 τὰ
3103 1711 3357 1781 ἐσόμενα,
3382 1709 3475 1764 καὶ
3497 1710 3594 1779 τῆς
3621 1709 3708 1763 διὰ
3727 1710 3863 1780 Χρι-

2279 1806 2404 1860 στοῦ
2429 1804 2805 1874 γεγενημένης
2861 1802 3171 1874 οἰκονομίας
3219 1799 3750 1874 προαναγγέλλοντες
3798 1800 3863 1852 τὸ

594 1911 819 1972 btmtur,
849 1924 910 1962 ac
942 1907 1017 1960 illi
1054 1907 1314 1972 servient,
1345 1907 1498 1976 juxta
1533 1908 1583 1961 id
1615 1910 1756 1975 quod
1787 1909 2045 1979 scriptum
2069 1921 2170 1966 est.

2282 1899 2601 1971 μυστήριον.
2641 1897 2777 1966 Πρὶν
2802 1896 2898 1966 μὲν
2925 1894 3034 1966 γὰρ
3058 1895 3236 1966 σάρκα
3267 1891 3517 1962 γενέσθαι
3548 1891 3641 1945 τὸν
3661 1891 3860 1959 Λόγον,

596 1998 964 2057 Proclamavit
1018 2008 1073 2053 et
1109 1999 1209 2052 hoe
1253 2005 1380 2051 ante
1412 2000 1601 2052 beatus
1640 1997 1809 2052 David
1863 1999 1916 2053 in
1955 2000 2171 2070 spiritu;

597 2091 734 2146 dixit
766 2091 910 2145 enim
944 2108 958 2144 :
998 2107 1016 2140 ι
1048 2087 1252 2144 Omnes
1287 2097 1476 2157 gentes
1513 2103 1648 2159 quas
1693 2089 1889 2155 fecisti,
1933 2093 2170 2158 venient,

597 2187 651 2237 et
696 2180 1001 2234 adorabunt
1050 2193 1236 2233 coram
1296 2186 1347 2231 te
1385 2177 1450 2231 ¹⁷.
1495 2196 1514 2229 ι
1567 2176 1680 2233 lloc
1721 2179 2019 2248 perfectum
2066 2193 2170 2248 est,

599 2279 790 2325 vocata
818 2269 1058 2341 gentium
1094 2269 1463 2336 multitudine,
1499 2277 1556 2324 et
1584 2271 1793 2324 cunctis
1832 2286 1952 2324 eum
1984 2271 2077 2340 qui
2108 2273 2174 2326 de

599 2361 756 2416 nobis
794 2370 849 2415 et
891 2374 988 2430 pro
1024 2361 1182 2414 nobis
1209 2361 1408 2426 factus,
1441 2367 1525 2414 est
1565 2361 1934 2429 adorantibus,
1970 2363 2173 2434 quique

599 2470 696 2522 per
729 2452 965 2523 seipsum
1003 2460 1184 2506 manet
1215 2468 1376 2520 supra
1401 2453 1606 2507 omnia.

2280 1992 2605 2063 κατεκράτει
2630 1991 2732 2060 τῆς
2762 1989 2853 2043 ὑπ’
2881 1987 3107 2060 οὐρανὸν
3140 1989 3168 2040 6
3197 1986 3406 2056 δαίμων
3436 1988 3464 2039 6
3486 1985 3802 2056 ἀλητήριος,
3835 1985 3865 2036 6

2279 2085 2515 2158 δράκων,
2549 2084 2577 2137 6
2604 2082 2934 2152 ἀποστάτης.
2990 2077 3375 2151 Προσεκυνήθη
3423 2077 3480 2131 δὲ
3497 2094 3591 2131 και
3624 2078 3655 2148 ἡ
3683 2077 3866 2140 κτίσις

2281 2181 2431 2250 παρὰ
2466 2177 2558 2230 τὸν
2591 2175 2851 2229 κτίσαντα
2880 2173 2975 2227 καὶ
3020 2173 3278 2242 Ποιητήν·
3334 2169 3520 2241 ἐπειδὴ
3553 2169 3610 2222 δέ
3635 2169 3866 2238 γέγονεν

2280 2268 2565 2339 ἄνθρωπος
2598 2266 2626 2318 6
2657 2263 2950 2335 μονογενὴς
2979 2262 3073 2316 τοῦ
3105 2260 3239 2336 Θεοῦ
3273 2260 3466 2329 Λόγος,
3507 2259 3867 2330 πεπλήρωται

2280 2359 2380 2428 τῆς
2416 2357 2573 2426 δόξης
2601 2353 2766 2408 αὑτοῦ
2816 2355 2965 2406 πᾶσα
3003 2351 3094 2422 γῆ.
3151 2349 3374 2420 Κάμψει
3418 2349 3527 2420 γὰρ
3554 2349 3704 2420 αὐτῷ
3728 2347 3868 2402 “πᾶν

2280 2451 2432 2520 γόνυ,
2458 2448 2552 2502 καὶ
2588 2449 2738 2502 πᾶσα
2767 2445 2929 2516 φυλὴ,
2960 2446 3055 2498 καὶ
3075 2444 3318 2512 γλῶσσαι
3352 2441 3864 2519 ἐξομολογήσοντςιι⁹

597 2546 693 2599 καὶ
756 2543 907 2614 αὐτῷ
957 2541 1334 2606 δουλεύσουσι,
1414 2543 1555 2596 κατὰ
1632 2543 1693 2596 τὸ
1759 2543 2163 2615 γεγραμμένον.
2233 2538 2722 2612 Προανακεκράγει
2759 2537 2815 2589 δὲ
2867 2533 2963 2588 καὶ
3021 2533 3176 2587 τοῦτο
3224 2535 3254 2585 ό
3285 2531 3554 2604 μακάριος
3601 2532 3766 2586 Δασὶδ
3806 2536 3869 2584 ὲν

604 2636 902 2706 πνεύματι·
927 2635 1032 2704 ἔφη
1058 2635 1188 2704 γάρ·
1216 2654 1236 2686 ι
1278 2635 1462 2688 Πάντα
1487 2634 1554 2687 τὰ
1584 2634 1710 2706 ἔθνη
1747 2636 1847 2688 ὅσα
1894 2636 2192 2706 ἐποίησας,
2253 2633 2467 2705 ἥξουσι,
2504 2633 2600 2684 καὶ
2627 2627 3099 2708 προσκυνήσουσιν
3141 2623 3370 2679 ἐνώπιόν
3424 2641 3542 2688 σου,
3595 2624 3788 2696 Κύριε.
3841 2645 3860 2676 ι

600 2727 770 2780 Τοῦτό
799 2744 880 2780 τοι
906 2725 1214 2777 τετέλεσται
1242 2723 1585 2795 κεκλημένης
1623 2725 1722 2794 τῆς
1788 2725 1848 2791 ἐξ
1911 2723 2080 2776 ἐθνῶν
2115 2722 2374 2794 πληθύος*
2429 2721 2524 2772 καὶ
2571 2713 3022 2789 προσκυνούντων
3052 2714 3310 2768 ἁπάντων
3342 2712 3423 2784 τῷ
3451 2712 3520 2766 δι’
3562 2713 3712 2784 ἡμᾶς
3742 2717 3868 2768 καθ’

609 2823 762 2892 ἡμᾶς
812 2820 1126 2889 γενομένῳ,
1190 2819 1523 2890 μεμενηκότι
1580 2820 1637 2874 δέ
1695 2819 1764 2873 δι’
1819 2820 2012 2875 ἐαυτὸν
2071 2821 2212 2890 ὑπὲρ
2248 2817 2445 2872 πάντα.

674 2908 833 2978 10h
861 2907 1026 2962 Vens.
1060 2908 1114 2962 4.
1154 2907 1426 2962 Elevatum
1460 2919 1534 2964 est
1564 2911 1961 2979 superliminare
1998 2928 2030 2965 a
2059 2927 2176 2965 voce

596 3019 699 3072 qua
730 3000 1046 3065 clamabant,
1073 3011 1118 3054 et
1149 3001 1333 3054 domus
1368 3001 1562 3067 repleta
1590 3011 1663 3054 est
1690 3001 1854 3070 fumo.

669 3089 1076 3160 Contemplatus
1129 3099 1211 3144 est
1246 3092 1389 3145 enim
1433 3091 1690 3162 propheta
1736 3092 2022 3146 Dominum
2072 3092 2177 3148 Sa-

600 3181 765 3236 baoth
800 3183 1076 3235 sedentem
1130 3180 1184 3234 in
1219 3181 1356 3235 solio
1390 3182 1534 3236 celso
1584 3195 1637 3238 et
1667 3183 1906 3247 elevato,
1942 3185 2176 3239 circuat-

601 3269 869 3325 stantibus
921 3269 1158 3338 undique
1213 3271 1418 3325 sanctis
1473 3270 1778 3340 Seraphim,
1833 3281 1886 3326 et
1937 3273 2180 3328 laudibus

601 3360 877 3418 continuis
913 3375 1035 3414 eum
1085 3360 1609 3430 percelebrantibus.
1667 3362 1967 3416 Allirmavit
2013 3365 2177 3418 etiam

596 3453 823 3507 domum
868 3449 1035 3505 fuisse
1076 3451 1288 3520 plenam
1319 3451 1486 3520 gloria
1515 3452 1651 3519 ejus.
1687 3451 1838 3507 Nune
1874 3469 2001 3509 tero
2026 3469 2180 3508 com-

603 3551 807 3597 tnotnm
839 3555 960 3596 esse
1001 3541 1130 3596 dicit
1183 3541 1637 3610 superliminare,
1689 3553 1742 3598 et
1783 3545 1996 3598 domum
2032 3543 2180 3600 fumo

599 3633 896 3703 Oppletam,
924 3633 1082 3701 idque
1105 3633 1260 3702 quasi
1295 3649 1322 3686 a
1351 3648 1486 3688 voce
1514 3674 1528 3699 ,
1565 3650 1667 3704 qua
1696 3637 1865 3691 sancti
1896 3635 2178 3708 Seraphim

603 3725 924 3780 clamarunt.
961 3723 1212 3795 Nunquid
1252 3741 1381 3797 ergo
1433 3741 1621 3782 vocem
1668 3729 1909 3784 dicemus
1960 3745 2178 3786 causam

607 3816 775 3872 fuisse
828 3831 1014 3871 eorum
1066 3832 1184 3886 ane
1239 3818 1288 3871 in
1352 3819 1511 3872 domo
1543 3819 1894 3875 acciderunt?
1927 3820 2087 3892 Atqui
2127 3823 2180 3879 id

601 3909 840 3975 sentire,
875 3908 1005 3977 quid
1046 3907 1098 3960 ni
1130 3910 1200 3963 sit
1234 3908 1384 3962 valde
1414 3911 1692 3976 ineptum?
1719 3913 1960 3978 Quonam
2017 3914 2181 3986 igitur

602 4009 760 4068 pacto
793 3999 980 4052 horum
1005 4000 1289 4052 verborum
1325 4001 1744 4068 intelligentiam
1787 4006 2180 4072 assequemur?

602 4085 815 4157 Optime
860 4095 917 4141 et
960 4089 1251 4156 sapienter.
1284 4089 1423 4142 Aule
1459 4089 1766 4143 Servatoris
1817 4092 1986 4144 nostri
2020 4093 2180 4144 inhu-

605 4179 969 4232 manationem
1000 4191 1052 4232 et
1078 4178 1392 4243 adventum,
1428 4179 1552 4233 dum
1579 4181 1754 4233 adlmc
1787 4179 1953 4234 Israel
1991 4198 2182 4236 secun-

606 4273 730 4324 dum
767 4273 938 4340 legem
973 4268 1232 4323 inolIense
1259 4271 1606 4340 etiuculpate
1640 4272 1806 4324 vitam
1851 4272 2177 4338 institueret,

607 4362 916 4431 pereelcbre
970 4361 1099 4415 iliud
1137 4362 1426 4430 templum,
1471 4361 1615 4432 qttod
1660 4362 2051 4435 Hierosolymis
2082 4380 2181 4420 ex-

607 4452 804 4506 struxit
836 4451 1131 4516 Solomon‘,
1165 4452 1334 4520 gloria
1381 4452 1561 4506 divina
1604 4455 1934 4524 replebatur.
1962 4455 2096 4510 Nam
2127 4457 2178 4511 in

2355 2907 2465 2965 Καὶ
2492 2906 2723 2974 ἐπήρθη
2753 2902 2817 2956 τὸ
2849 2900 3190 2970 ὑπέρθυρον
3227 2899 3347 2954 ἀπὸ
3395 2898 3504 2966 τῆς
3540 2898 3746 2969 φωνῆς
3787 2896 3869 2972 ἧς

2281 2999 2624 3066 ἐκέκραγον,
2661 2992 2762 3047 καὶ
2806 2995 2837 3045 ό
2865 2988 3032 3056 οἶκος
3076 2990 3357 3058 ἐπλήσθη
3389 2991 3643 3045 καπνοῦ.

2352 3088 2618 3143 Τεθέατχι
2645 3085 2742 3156 μὲν
2766 3083 2875 3153 γὰρ
2907 3085 2936 3136 6
2969 3085 3252 3154 προφήτης
3274 3082 3364 3135 τὸν
3397 3083 3599 3154 Κύριον
3630 3084 3864 3138 Σαϐαὼθ

2283 3181 2593 3252 καθήμενον
2644 3177 2736 3230 ἐπὶ
2768 3175 2958 3246 θρόνου
2997 3175 3201 3244 ὑψηλοῦ
3236 3175 3330 3228 καὶ
3369 3173 3701 3246 ἐπηρμένου,
3762 3195 3868 3229 πε-

2285 3275 2648 3352 ριεστηκότων
2699 3273 2758 3324 ἐν
2795 3269 2978 3340 κύκλῳ
3015 3269 3124 3322 τῶν
3176 3270 3348 3338 ἁγίων
3409 3271 3708 3340 Σεραφεὶμ,
3767 3274 3869 3323 καὶ

2284 3368 2683 3436 ἅκαταλήκτοις
2729 3361 3056 3430 δοξολογίαις
3106 3359 3495 3430 εὐφημούντων
3534 3359 3715 3413 αὐτόν.
3773 3363 3870 3412 Δι-

2283 3456 2596 3513 εόεεαιοῦτο
2626 3455 2704 3517 δὲ,
2742 3454 2825 3506 ὅτι
2869 3452 3081 3522 πλήρης
3107 3454 3134 3505 6
3157 3447 3303 3514 οἶκος
3349 3452 3447 3522 τῆς
3469 3450 3626 3522 δόξης
3672 3453 3863 3505 αὑτοῦ.

2280 3551 2394 3606 Νῦν
2433 3551 2490 3604 δέ
2539 3545 2776 3618 ἐπῆρθαί
2825 3556 2956 3615 φησι
2997 3543 3059 3596 τὸ
3112 3543 3437 3614 ὑπέρθυρον,
3478 3541 3868 3614 ἐμπεπλῆσθαι

2280 3643 2336 3695 δέ
2366 3641 2460 3695 καὶ
2489 3639 2582 3692 τὸν
2611 3633 2757 3691 οἶκον
2805 3633 3034 3697 καπνοῦ,
3073 3635 3166 3687 καὶ
3199 3634 3304 3686 ἀπό
3335 3650 3396 3701 γε
3433 3634 3532 3703 τῆς
3567 3635 3750 3701 φωνῆς
3793 3629 3870 3705 ἧς

2281 3733 2582 3802 ἐκέκραγον
2621 3730 2688 3782 τὰ
2728 3728 2860 3797 ἅγια
2880 3725 3175 3798 Σεραφείμ.
3207 3719 3332 3795 Ἆρ’
3366 3718 3458 3776 οῦν
3502 3723 3732 3794 ἐροῦμεν
3763 3723 3868 3794 τὴν

2282 3825 2462 3895 φωνὴν
2492 3822 2671 3876 αἰτίαν
2699 3819 2958 3890 γενέσθαι
2986 3817 3093 3870 τῶν
3139 3814 3561 3886 συμϐεδηκότων
3587 3815 3663 3886 τῷ
3689 3815 3824 3885 οἴκῳ
3848 3832 3864 3877 ;

2282 3915 2472 3969 Καίτοι
2524 3913 2642 3976 πῶς
2689 3911 2750 3965 ού
2802 3910 3004 3980 σφόδρα
3059 3909 3206 3960 ἐστὶν
3259 3906 3492 3970 ἀκαλλὲς
3539 3907 3599 3960 τὸ
3645 3910 3866 3977 φρονεῖν

2283 4006 2494 4059 ἑλέσθαι
2526 4005 2716 4066 ταυτίς
2763 4002 2897 4054 Τίνα
2939 3998 3003 4070 δὴ
3051 3994 3144 4051 οὖν
3177 3998 3376 4068 τρόπον
3421 3999 3541 4060 ταῖς
3584 3996 3691 4050 τῶν
3719 4013 3864 4067 προσ

2282 4097 2549 4168 κειμένων
2603 4092 3016 4164 προσϐαλοῦμεν
3051 4090 3314 4156 ἐννοίαις;
3373 4089 3606 4161 Ἀριστά
3659 4107 3716 4142 τε
3766 4091 3866 4142 καὶ

2283 4191 2484 4260 σοφῶς,
2522 4186 2636 4257 Πρὸ
2673 4187 2769 4256 μὲν
2793 4185 2892 4254 τῆς
2918 4184 3010 4237 τοῦ
3046 4185 3294 4255 Σωτῆρος
3320 4182 3477 4254 ἡμῶν
3511 4182 3868 4252 ἐνανθρωπή-

2283 4298 2420 4344 σεως
2447 4281 2540 4334 καὶ
2569 4276 2882 4347 ἐπιδημίας,
2916 4275 2994 4328 ἔτι
3025 4275 3122 4345 τὴν
3156 4277 3212 4327 ἐν
3232 4273 3383 4345 νόμῳ
3415 4272 3687 4327 πολιτείαν
3715 4275 3867 4326 ἀκω-

2280 4372 2454 4435 λύτως
2478 4388 2538 4423 τε
2583 4370 2679 4424 καὶ
2719 4367 3140 4436 ἀνεπιπλήκτως
3174 4365 3448 4428 διέποντος
3479 4363 3574 4418 τοῦ
3620 4365 3864 4436 Ἰσραὴλ,

2282 4463 2496 4534 πλήρης
2519 4457 2585 4532 ἦν
2615 4463 2644 4514 6
2679 4458 2962 4529 διαϐόητος
2995 4459 3200 4520 ἐκεῖνος
3223 4455 3358 4520 νεὼς
3391 4457 3450 4509 ἐν
3481 4459 3592 4522 τοῖς
3637 4456 3865 4527 Ἱεροσου

604 4557 672 4596 eo
709 4543 1092 4597 sacriﬁcabant
1137 4559 1202 4597 ex
1256 4543 1388 4608 legis
1419 4546 1755 4616 praescripto.
1790 4546 2055 4602 Caeterum
2090 4549 2176 4603 ubi

2281 4555 2474 4624 λύμοις
2506 4552 2564 4604 ὃν
2592 4549 2844 4620 Σολομὼν
2875 4548 3196 4618 ἀνεδείματο
3237 4551 3335 4620 τῆς
3362 4543 3520 4616 δόξης
3565 4547 3658 4602 τοῦ
3701 4547 3861 4602 Θεοῦ.

607 4637 672 4688 de
701 4634 854 4689 cmlis
883 4635 1188 4690 venientem
1222 4637 1273 4690 in
1309 4637 1540 4690 humana
1570 4635 1764 4702 forma,
1795 4648 1851 4692 et
1878 4653 1945 4693 ex
1982 4639 2098 4709 lege
2126 4650 2180 4694 et

605 4726 884 4795 prophetis
933 4727 1280 4795 prmdieatnm
1351 4742 1456 4781 non
1511 4739 1862 4798 receperunt,
1910 4730 2019 4784 imo
2057 4731 2180 4785 vita:

607 4819 902 4887 principem
931 4818 1040 4871 vita
1080 4819 1394 4888 privarunt,
1431 4818 1719 4886 dereliquit
1747 4821 1965 4874 domum
2001 4837 2177 4886 suam,

608 4909 975 4964 haereditatem
995 4923 1148 4964 suam
1183 4909 1411 4964 dimisit.
1449 4909 1678 4965 Divertit
1705 4911 1848 4966 enim
1880 4912 1945 4966 ad
1970 4922 2174 4981 gentes,

605 5001 853 5055 etomnis
883 5011 1024 5055 terra
1056 5002 1227 5070 gloria
1262 5003 1378 5071 ejus
1403 5002 1624 5071 impleta
1665 5013 1770 5068 est,
1799 5005 1945 5074 regio
1968 5003 2179 5060 Iudaeo-

607 5110 723 5147 rum
770 5094 821 5146 in
855 5095 1167 5147 vastitatem
1207 5095 1422 5148 redacta
1462 5103 1574 5158 est,
1608 5097 1974 5167 templumque
2005 5097 2180 5168 ipsmn

607 5185 906 5238 incensum.
940 5185 1168 5252 Quando
1201 5185 1365 5254 igitur
1398 5185 1550 5256 juxta
1595 5188 1931 5255 prophetiam
1963 5197 2016 5242 et
2047 5202 2184 5255 pra:-

605 5264 931 5341 dietionem,
967 5292 1096 5331 voce
1147 5287 1463 5329 sanctorum
1520 5277 1801 5345 Seraphitn
1849 5277 2060 5346 impleta
2097 5286 2185 5332 est

605 5365 856 5420 universa
889 5376 1032 5419 terra
1091 5365 1372 5432 majestate
1403 5369 1554 5436 ejus,
1593 5378 1719 5422 tunc
1769 5368 2184 5435 superliminare

607 5459 794 5528 templi
818 5468 1147 5513 commotum
1168 5469 1270 5523 est,
1301 5457 1550 5527 fumoque
1574 5459 1849 5526 impletum
1871 5468 1973 5513 est.
1996 5461 2180 5528 itaque

609 5553 734 5616 hoc,
763 5567 782 5600 ι
807 5547 853 5602 Δ
873 5564 1004 5604 voce
1030 5565 1133 5618 qua
1161 5548 1521 5613 clamabant"
1554 5550 1808 5618 temporis
1831 5549 2182 5619 signiﬁcatio-

607 5655 732 5696 nem
796 5641 1002 5695 habet:
1063 5655 1161 5695 nec
1210 5654 1431 5710 prorsus
1462 5639 1756 5710 doxologiee
1812 5655 1946 5710 Opus
1982 5651 2064 5696 est
2097 5642 2179 5697 vel

675 5793 890 5852 "Psal.
915 5794 1195 5862 1.\'x.tt\',-8.

2296 4644 2611 4698 Ἐπετέλουν
2657 4641 2767 4714 γὰρ
2812 4645 2870 4694 ἐν
2918 4640 3067 4712 αὐτῷ
3116 4639 3216 4703 τὰς
3257 4639 3397 4692 κατὰ
3445 4639 3609 4711 νόμον
3647 4640 3860 4702 θυσίας.

2297 4731 2516 4801 Ἐπειδὴ
2547 4730 2603 4783 δὲ
2651 4730 2740 4784 τὸν
2769 4729 2828 4794 ἐξ
2864 4727 3094 4800 ούρανοῦ
3134 4727 3434 4798 ἀφιγμένον
3467 4729 3524 4780 ἐν
3571 4727 3861 4798 ἀνθρωπία

2288 4826 2490 4894 μορφῇ,
2529 4823 2622 4875 καὶ
2654 4821 2739 4874 διὰ
2785 4822 2951 4892 νόμου
2986 4821 3078 4872 καὶ
3123 4818 3417 4890 προφητῶν
3446 4819 3862 4890 κεκηρυγμένον

2283 4915 2346 4968 ού
2406 4915 2785 4984 προσήκαντο,
2854 4911 3052 4981 μᾶλλον
3103 4911 3160 4963 δὲ
3213 4912 3310 4963 καὶ
3372 4910 3700 4964 ἀπεκτόνασι
3767 4911 3864 4964 τὸν

2285 5005 2527 5076 ἀρχηγὸν
2577 5005 2674 5075 τῆς
2727 5003 2896 5075 ζωῆς,
2945 5004 3270 5073 ἐγκατέλιπε
3321 4999 3610 5065 τὸνοῖκον
3669 5002 3860 5067 αὐτοῦ,

2285 5093 2463 5164 ἀφῆκε
2499 5093 2598 5162 τὴν
2620 5093 2982 5164 κληρονομίαν
3011 5091 3196 5146 αὑτοῦ.
3244 5091 3598 5146 Ἀπονένευκε
3645 5092 3753 5165 γὰρ
3781 5095 3863 5158 είς

2284 5183 2353 5237 τὰ
2389 5183 2536 5254 ἔθνη,
2568 5183 2662 5237 καὶ
2694 5183 3047 5254 πεπλήρωται
3095 5183 3193 5254 μὲν
3223 5185 3370 5238 πᾶσα
3403 5185 3434 5254 ή
3475 5184 3672 5255 γῆτῆς
3703 5184 3863 5255 δόξης

2285 5274 2469 5328 αὑτοῦ.
2508 5275 2868 5346 Παραδέδοται
2898 5275 2956 5328 δέ
3001 5275 3111 5328 τῶν
3157 5275 3424 5328 Ἰουδαίων
3455 5276 3487 5345 ή
3519 5275 3674 5348 χώρα
3725 5278 3864 5348 πρὸς

2286 5367 2588 5438 ἐρήμωσιν,
2620 5365 3007 5436 ἐμπέπρησται
3033 5364 3090 5417 δὲ
3140 5365 3232 5418 καὶ
3276 5366 3437 5429 αὐτὸς
3463 5366 3493 5418 ὁ
3537 5367 3690 5431 νεώς.
3732 5369 3863 5422 Ὅτε

2284 5456 2462 5510 τοίνυν
2492 5457 2629 5510 κατά
2669 5473 2732 5524 γε
2763 5456 2862 5526 τὴν
2903 5455 3235 5526 προφητείαν
3265 5457 3430 5527 ήγουν
3464 5459 3864 5531 προαγόρευσιν

2288 5548 2406 5618 ἤτοι
2452 5548 2634 5618 φωνὴν
2677 5547 2782 5602 τῶν
2818 5550 2985 5614 ἁγίων
3033 5549 3311 5620 Σεραφεὶμ
3343 5549 3586 5619 ἐπλήσθη
3632 5552 3782 5604 πᾶσα
3829 5552 3864 5620 ή

2287 5641 2360 5712 γῆ
2383 5641 2483 5712 τῆς
2515 5641 2670 5711 δόξης
2708 5640 2893 5706 αὑτοῦ,
2923 5641 3042 5694 τότε
3087 5639 3298 5696 ἐπήρθη
3339 5641 3399 5694 τὸ
3431 5641 3740 5712 ὑπέρθυρον
3765 5641 3864 5696 τοῦ
