4134 6504
295 411 391 470 177

1461 431 1527 486 IN
1569 433 1797 490 ιδΑιΑδι
1836 438 1961 496 LIB.
2005 442 2042 496 l.
2076 441 2282 499 ORAT.
2325 443 2410 502 IV.

3446 461 3550 516 178

291 524 438 631 ναοῦ,
474 527 901 638 κταὶενεπλήσθη
931 539 1160 596 καπνοῦ.
1203 543 1414 601 οὐκοῦν
1444 549 1527 612 τὸ,
1561 569 1580 604 ‹
1617 551 1725 605 ἀπὸ
1769 555 1863 625 τῆς

1970 553 2214 616 eli‘ectus.
2281 557 2622 614 Connnotum
2681 573 2863 620 autem
2915 579 3036 621 esse
3102 566 3536 638 superlimiuare.

289 621 472 713 φωνῆς
492 616 559 692 ἧς
577 623 900 694 ἐκέκραγον.
929 646 950 680 ι
985 631 1178 700 χρόνου
1214 637 1415 706 μᾶλλόν
1443 641 1560 694 ἐστι
1593 659 1658 713 ση
1669 616 1859 712 μαντί-

288 710 403 774 κδν,
426 713 545 782 οὐχὶ
569 713 632 784 δὴ
657 718 874 781 πάντως
899 720 999 789 τῆς
1022 721 1330 794 δοξολογίας
1363 727 1523 800 ἔργον
1552 710 1869 788 καὶ-ἁποτὲ-

286 813 340 894 Αε
349 820 479 873 σμα.
496 806 568 874 Ση
575 807 752 874 μαίνει
771 809 846 875 δὲ,
866 806 1040 882 οἶμαι,
1051 814 1130 879 τὸ,
1143 835 1160 866 ι
1173 816 1420 889 Ἐπήρθη
1433 821 1492 873 τὸ
1507 821 1830 894 ὑπέρθυρον,
1843 843 1862 876 ι

283 891 345 989 τό
366 897 789 989 καταλελεῖςεθαι
819 903 910 958 τὸν
935 909 1077 964 ναόν.
1111 913 1230 967 ’Ότι
1255 914 1424 970 δὲκαὶ
1453 891 1864 989 ἐμπεπρησται.

284 980 347 1079 τὸ
363 985 752 1079 ἐμπεπλῆσθαι
772 993 950 1062 λέγειν
966 999 1127 1055 αὑτὸν
1143 1004 1373 1057 καπνοῦ.
1399 1007 1460 1058 Εἰ
1477 980 1530 1060 δὲ
1556 1008 1620 1079 δή
1746 1009 1871 1079 βού-

283 1073 433 1128 λοιτο
469 1078 562 1130 καὶ
598 1079 718 1133 καθ’
748 1081 936 1154 ἕτερον
963 1088 1161 1157 τρόπον
1183 1091 1253 1144 τὰ
1277 1094 1455 1148 τοιάδε
1479 1099 1640 1155 νοεῖν,
1672 1101 1765 1152 καὶ
1798 1098 1870 1152 τά

284 1166 432 1219 κατὰ
457 1169 653 1233 παντὸς
682 1172 774 1226 τοῦ
795 1176 904 1228 τῶν
936 1177 1203 1233 Ἰουδαίων
1229 1181 1414 1248 ἔθνους
1436 1188 1748 1258 πεπράχθαι
1775 1188 1864 1242 λέ-

282 1273 405 1324 γειν
433 1258 572 1313 αὐτὰ
595 1262 818 1330 νοητῶς,
843 1265 944 1318 οὐκ
963 1266 1028 1320 ἂν
1058 1270 1295 1341 ἁμάρτοι
1324 1273 1416 1326 τοῦ
1454 1277 1754 1345 πρέποντος
1780 1278 1868 1331 λο-

280 1350 506 1440 γισμοῦ.
541 1351 669 1404 Ὅτε
690 1354 798 1427 γὰρ
826 1359 926 1427 τῆς
953 1358 1046 1411 τοῦ
1070 1361 1322 1432 Σωτῆρος
1344 1366 1500 1434 ήμῶν
1521 1367 1676 1438 δόξης
1696 1367 1867 1440 ἐπλή-

282 1437 388 1508 σθη
440 1440 588 1493 πᾶσα
625 1443 658 1512 ἡ
701 1444 770 1512 γῆ
816 1447 1167 1518 κεκλημένων
1198 1451 1285 1504 διὰ
1346 1452 1444 1522 τῆς
1478 1454 1712 1519 πίστεως
1757 1437 1868 1509 τῶν

277 1526 476 1592 ἐθνῶν,
495 1529 615 1584 τότε
636 1532 736 1602 τῆς
754 1535 1017 1590 Ἰουδαίων
1046 1537 1282 1604 διανοίας
1300 1543 1448 1596 πᾶσα
1479 1545 1577 1615 μὲν
1600 1545 1864 1615 ἀσφάλεια

275 1617 504 1710 λέλυται
531 1627 893 1696 πνευματική.
927 1629 1151 1683 Καπνοῦ
1173 1631 1227 1685 δὲ
1251 1633 1407 1705 δίκην
1431 1636 1481 1688 οἱ
1503 1635 1748 1701 τάλανες,
1767 1637 1865 1710 τὴν

276 1708 348 1762 ὲκ
380 1708 479 1780 τῆς
505 1710 747 1782 ἀμαθίας
778 1714 946 1786 ἀχλὺν
977 1718 1230 1785 λαϐόντες
1261 1725 1342 1787 είς
1385 1725 1508 1777 νοῦν
1551 1726 1742 1795 τυφλοὶ
1771 1708 1862 1796 γε-

272 1801 471 1869 γόνασι
518 1805 744 1876 νοητῶς.
794 1809 1060 1882 Ταύτῃτοι
1107 1813 1197 1866 καὶ
1247 1817 1275 1867 6
1312 1816 1500 1889 Σωτὴρ
1543 1820 1726 1883 αὐτοῖς
1757 1822 1860 1874 ἐπ-

1971 647 2284 718 signilicat,
2317 659 2374 704 ut
2403 651 2614 718 opinor,
2670 654 2887 708 dissolvi
2925 657 3178 726 templum
3217 660 3542 714 :iucensum

1971 739 2097 793 item
2140 755 2283 809 esse,
2311 756 2376 795 ex
2416 757 2480 796 eo
2511 745 2652 808 quod
2687 745 2892 814 impleri
2935 745 3081 802 fumo
3118 749 3281 814 dicat,
3322 751 3532 818 perspi-

1969 843 2128 884 cuum
2179 840 2283 886 est.
2317 832 2410 886 Sin
2443 833 2668 888 voluerit
2704 838 2825 903 quis
2865 837 2971 890 alio
3001 839 3158 892 modo
3193 842 3307 894 bare
3344 837 3541 893 intelli-

1968 935 2130 988 gere,
2168 930 2223 976 et
2268 922 2334 976 de
2363 925 2507 976 omni
2548 934 2706 994 gente
2763 925 2984 981 Judaica
3041 943 3105 982 ea
3137 929 3548 998 intelligibiliter

1969 1009 2206 1076 perfecta
2235 1025 2358 1065 esse
2387 1012 2605 1074 dixerit,
2637 1029 2664 1066 a
2697 1030 2841 1069 recta
2887 1017 3094 1072 ratione
3125 1033 3230 1072 non
3264 1022 3544 1074 exorbita-

1968 1101 2126 1157 verit.
2161 1101 2438 1170 Siquidem
2470 1119 2591 1158 cum
2619 1105 2925 1161 Servatoris
2952 1110 3121 1161 nostri
3155 1109 3327 1186 gloria
3358 1113 3538 1168 omnis

1967 1199 2110 1245 terra
2147 1193 2346 1260 repleta
2370 1204 2532 1259 esset,
2571 1197 2776 1251 vocatis
2806 1215 2900 1267 per
2930 1199 3091 1253 ﬁdem
3125 1202 3393 1269 gentibus,
3430 1213 3543 1256 tum

1966 1280 2272 1336 Judtrorum
2332 1285 2498 1339 animi
2531 1288 2598 1342 de
2648 1289 2792 1341 omni
2825 1289 3090 1356 spirituali
3125 1291 3424 1346 secmitate
3480 1307 3543 1347 ac

1969 1371 2357 1447 tranquillitate
2389 1375 2574 1428 dimoti
2613 1391 2676 1430 ac
2710 1376 2899 1444 deiecti
2949 1388 3108 1444 sunt,
3156 1393 3220 1431 ac
3248 1379 3298 1431 in
3335 1394 3539 1432 morem

1967 1459 2122 1528 l'tnni,
2167 1463 2356 1516 nebula
2399 1465 2750 1534 iguorationis
2797 1469 2848 1522 in
2885 1469 3122 1523 animum
3181 1469 3543 1532 intromissa,

1969 1553 2149 1608 miseri
2203 1555 2450 1609 homines
2497 1557 2627 1612 εαξρί
2687 1559 2842 1630 105
2901 1559 3118 1613 fuerunt
3163 1560 3541 1631 intelligentia.

1968 1642 2104 1698 llinc
2163 1651 2216 1697 et
2309 1645 2563 1700 Sel'vator
2639 1648 2888 1703 tiamavit
2959 1649 3131 1703 illis:
3203 1667 3224 1701 ι
3277 1648 3547 1714 Quandiu,

1966 1732 2138 1788 lucem
2189 1735 2399 1790 habetis
2423 1778 2438 1802 ,
2469 1738 2738 1793 ambulate
2771 1741 2821 1792 in
2878 1741 3029 1804 luce,
3059 1756 3126 1794 ne
3177 1743 3415 1794 tenebra:
3448 1755 3544 1792 vos

1966 1837 2232 1894 occupent
2270 1828 2333 1881 ¹³.
2371 1847 2390 1879 ι
2424 1826 2731 1883 Judaeornm
2774 1840 2950 1883 autem
2987 1843 3196 1884 mentes
3224 1831 3457 1885 lubricas
3483 1837 3541 1884 et.

273 1893 482 1962 εφὼνει
508 1896 679 1966 λέγων
698 1913 713 1929 ⁸
739 1917 757 1951 t
784 1899 930 1964 Ἕως
959 1903 1020 1955 τὸ
1059 1904 1174 1972 φῶς
1205 1904 1378 1976 ἔχετε,
1411 1913 1760 1980 περιπατεῖτε
1803 1914 1861 1965 ὲν

1966 1917 2151 1971 labiles
2190 1933 2345 1982 esse,
2385 1934 2448 1972 ac
2481 1920 2625 1973 omni
2652 1923 2833 1988 generi
2869 1923 3336 1991 perturbationum
3366 1923 3534 1974 obno-

271 1985 358 2055 τῷ
384 1988 545 2058 φωτὶ,
577 1991 664 2044 ῖνα
707 1990 782 2062 μὴ
817 1994 850 2065 ή
897 1995 1086 2049 σκοτία
1116 1997 1260 2067 ὑμᾶς
1299 1998 1600 2072 καταλάϐῃ.
1646 2020 1666 2052 ι
1706 2001 1770 2053 Τί
1801 2001 1861 2056 δέ

269 2076 429 2133 ἐστιν
473 2081 719 2152 ἀσφαλὴς
765 2083 859 2136 καὶ
907 2084 1174 2150 εὐάλωτος
1215 2088 1324 2142 τῶν
1368 2090 1636 2143 Ἰουδαίων
1668 2093 1696 2144 6
1734 2090 1859 2156 νοῦς

1967 2007 2104 2070 xias,
2139 2022 2240 2074 ope
2262 2023 2494 2078 superna
2527 2009 2833 2076 destitutas,
2860 2013 3047 2082 ecquis
3082 2014 3297 2066 tandem
3332 2020 3413 2065 est
3445 2010 3539 2079 qui

1965 2094 2244 2160 ambigat?

270 2167 418 2238 πρὸς
457 2170 565 2222 πᾶν
585 2168 762 2224 ὁτιοῦν
792 2173 900 2226 τῶν
929 2174 1120 2231 παθῶν
1163 2177 1484 2250 ἐπικουρίας
1522 2179 1622 2250 τῆς
1685 2180 1889 2235 ἄνωθεν
1919 2181 2124 2254 ἕρημος
2181 2183 2279 2250 ῶν,
2324 2185 2441 2249 πῶς
2483 2185 2548 2240 ἂν
2595 2187 2890 2241 ἐνδοιάσειέ
2935 2207 3016 2253 τις
3069 2190 3176 2243 τῶν
3219 2183 3277 2243 εὗ
3327 2190 3545 2258 φρονεῖν

268 2257 546 2310 εἰωθότων
567 2277 582 2325 ;

347 2352 455 2408 Kal
509 2349 668 2419 εἶπα,
717 2350 784 2410 Ὦ
818 2358 1005 2426 τάλας
1049 2360 1196 2431 ἐγὼ,
1251 2362 1340 2416 ὅτι
1394 2365 1858 2435 κατανένυπμαι,

269 2443 369 2498 ὅτι
417 2444 729 2513 ἄνθρωπος
790 2445 910 2514 ὢν,
953 2451 1052 2504 καί
1102 2451 1407 2522 ἀκάθαρτα
1453 2455 1628 2525 χείλη
1681 2456 1859 2526 ἔχων,

267 2532 349 2584 ἐν
364 2533 536 2601 μέσῳ
563 2535 717 2590 λαοῦ
749 2536 1053 2608 ἀκάθαρτα
1087 2541 1264 2611 χειλη
1289 2542 1538 2610 ἔχοντος
1559 2544 1674 2614 ἐγὼ
1696 2543 1858 2598 οὶκῶο

2033 2362 2194 2418 VERS.
2225 2363 2274 2418 5-
2312 2362 2382 2416 Et
2409 2365 2541 2429 dixi,
2568 2365 2612 2415 0
2638 2381 2718 2418 me
2743 2366 2986 2420 miserum
3008 2406 3024 2430 ,
3055 2369 3178 2436 quia
3201 2379 3545 2439 compunctus

1957 2467 2074 2506 sum
2097 2453 2260 2518 :quia
2281 2468 2398 2504 cum
2424 2453 2576 2505 homo
2606 2454 2704 2506 sim
2725 2494 2738 2514 .
2766 2463 2815 2506 et
2844 2455 3118 2508 immunda
3150 2455 3294 2510 labia
3324 2458 3543 2524 habens,

1957 2541 2013 2594 in
2038 2541 2208 2594 medio
2245 2541 2424 2610 populi
2447 2542 2721 2595 immunda
2763 2543 2904 2598 labia
2935 2547 3173 2600 habentis
3200 2564 3293 2618 ego
3327 2548 3544 2606 habito:

269 2625 376 2675 καὶ
442 2625 551 2677 τὸν
594 2625 865 2690 βασιλέα
918 2630 1140 2698 Κύριον
1203 2633 1447 2686 Σαϐαὼθ
1503 2630 1674 2688 εἶδον
1735 2633 1863 2700 τοῖς

1966 2644 2008 2686 et
2057 2648 2227 2696 reqem
2257 2631 2540 2686 Dominum
2567 2633 2804 2688 Sabaoth
2827 2635 2931 2690 vidi
2956 2637 3120 2692 oculis
3154 2641 3304 2694 uicis.

270 2714 632 2782 ὀφθαλμοῖς.

365 2805 423 2858 'U
452 2805 540 2859 διὰ
577 2805 669 2860 τοῦ
716 2809 992 2879 πανσόφου
1022 2809 1265 2874 Μωσέως
1293 2812 1628 2883 προστέταχε
1676 2813 1861 2883 νόμος,

275 2896 359 2968 μὴ
411 2899 908 2968 συναναμίγνυσθαι
955 2904 1066 2964 τοῖς
1111 2903 1286 2971 ἁγίοις
1327 2904 1418 2957 τὸν
1465 2905 1714 2976 βέϐηλον,
1764 2907 1862 2958 καὶ

271 2985 453 3057 πολλή
500 3002 584 3050 τις
629 2986 768 3055 ἄγαν
803 2989 837 3060 ἡ
886 2990 1208 3060 ὲπιτήρησις
1246 2991 1398 3062 παρὰ
1429 2995 1540 3055 τοῖς
1589 2993 1863 3056 Ἰουδαίοις

272 3081 340 3132 ὲν
375 3079 604 3144 τούτοις.
638 3081 746 3134 Καὶ
773 3081 901 3150 γοῦν
929 3085 1039 3145 τοῖς
1067 3084 1242 3150 ἁγίοις
1275 3085 1592 3148 ἀποστόλοις
1620 3085 1862 3139 ἁλιεύον-

2038 2807 2149 2862 Lex
2180 2823 2276 2878 per
2307 2807 2489 2862 Mosen
2526 2809 2988 2876 sapientissimum
3024 2812 3242 2878 sanxit,
3283 2813 3547 2882 profanus

1967 2915 2089 2955 cum
2126 2900 2326 2954 sanctis
2352 2915 2418 2954 ne
2448 2902 2641 2954 habeto
2675 2903 3084 2966 commercium,
3119 2903 3284 2972 inque
3315 2919 3380 2958 eo
3397 2906 3541 2973 apud

1963 2991 2178 3048 Judatos
2211 3008 2421 3050 summa
2474 3003 2592 3048 erat
2650 2993 2978 3050 observatio.
3034 2995 3263 3050 Sanctos
3327 3011 3549 3066 quoque

1965 3084 2236 3152 apostolos
2288 3083 2401 3152 jam
2462 3084 2734 3150 piscantes
2775 3082 3042 3136 allocutus
3083 3091 3168 3137 est
3225 3083 3487 3140 Dominus
3525 3102 3543 3140 :

275 3188 370 3224 σιν
402 3171 482 3225 ἐτι
521 3171 860 3244 προσεφώνει
901 3172 1074 3241 λέγων
1113 3175 1142 3226 6
1171 3175 1402 3245 Κύριος·
1452 3177 1766 3230 «Χαλάσατε
1796 3177 1862 3230 τὰ

1972 3175 2284 3238 «ῡίηιίιιὶιρ,
2304 3176 2570 3244 inquiens,
2597 3173 2728 3227 retia
2751 3182 2925 3227 vestra
2947 3173 3014 3227 ad
3036 3182 3316 3240 capturam
3349 3193 3401 3229 τι
3431 3191 3546 3244 quo

270 3264 476 3318 δίκτυα
521 3264 674 3335 ὑμῶν
703 3266 783 3329 εἰς
821 3267 1047 3335 ἄγραν.)
1089 3265 1163 3320 Οὖ
1207 3268 1270 3338 δὴ
1319 3269 1626 3336 γεγονότος,
1664 3269 1861 3338 ἰχθύων

275 3351 386 3421 μὲν
420 3351 629 3422 πλῆθος
674 3355 997 3424 συνείληπτο
1044 3355 1199 3416 πολὺ,
1252 3355 1613 3426 τεθαυμακὼς
1661 3357 1718 3408 δὲ
1766 3355 1861 3410 τοῦ

271 3439 443 3510 λόγου
466 3443 565 3512 τὴν
588 3442 814 3516 δύναμιν
845 3447 872 3499 ὁ
905 3447 1187 3510 θεσπέσιος
1209 3446 1431 3512 Πέτοος,
1471 3465 1489 3498 t
1526 3447 1861 3516 Προσέπεσε,

272 3533 438 3602 φησὶ,
476 3537 590 3596 τοῖς
635 3536 825 3604 γόνασι
878 3538 972 3590 τοῦ
1015 3537 1206 3608 Ἰησοῦ,
1240 3539 1450 3606 λέγων*
1492 3537 1713 3603 Ἔξελθε
1768 3539 1863 3592 ἀπ’

274 3622 448 3693 ἐμοῦ,
477 3626 558 3678 ὅτι
586 3626 724 3698 ἀνὴρ
752 3627 1075 3698 ἁμαρτωλός
1122 3630 1259 3697 εἰμι,
1297 3628 1489 3698 Κύριε.
1532 3648 1549 3680 ι
1601 3629 1739 3682 Ἀλλ’
1767 3631 1867 3683 οὐκ

273 3713 346 3766 ἂν
373 3717 403 3766 6
435 3715 640 3786 Πέτρος
686 3719 948 3790 ἠθέλησεν
987 3719 1241 3773 ἀπελθεῖν
1286 3721 1380 3773 ἀπ’
1412 3720 1577 3774 αὐτοῦ
1608 3721 1697 3774 τὸν
1727 3722 1863 3792 Χρι-

276 3805 430 3860 στόν.
493 3808 709 3881 Ἐπειδὴ
740 3811 796 3863 δὲ
829 3811 946 3883 ᾔδει
994 3811 1088 3864 τόν
1128 3811 1225 3865 τοῦ
1258 3812 1423 3882 νόμου
1460 3814 1683 3876 σκοπὸν,
1716 3813 1862 3884 ὠμοο

272 3895 432 3965 λόγει
465 3898 566 3968 μὲν
595 3900 675 3952 ὃτι
715 3901 1039 3971 ἁμαρτωλός
1067 3903 1216 3955 ἐστιν
1240 3943 1254 3967 ,
1306 3903 1494 3955 ἐδεδίει
1535 3903 1591 3955 δὲ
1618 3903 1694 3976 τῷ
1724 3903 1863 3976 ἁγίῳ

277 3990 544 4050 συνεῖναι,
595 3991 736 4045 κατά
761 4008 823 4058 γε
853 3992 915 4044 τὸ
957 3994 1234 4064 κρατῆσαν
1268 3994 1356 4047 ἀεὶ
1385 3993 1537 4065 παρὰ
1567 3997 1680 4058 τοῖς
1735 3996 1866 4049 Ἰου-

274 4075 452 4141 δαίοις
500 4077 639 4142 ἔθος.
707 4081 1033 4150 Ἀφιγμένου
1077 4083 1134 4136 δέ
1177 4101 1306 4137 ποτε
1348 4083 1440 4137 τοῦ
1485 4085 1722 4156 Χριστοῦ
1767 4085 1863 4140 καὶ

278 4169 368 4230 εἰς
387 4167 486 4238 τὴν
514 4168 696 4238 χώραν
722 4170 830 4225 τῶν
850 4172 1226 4244 Γεργεσηνῶν,
1253 4169 1370 4228 εἶτα
1398 4174 1862 4245 τεθεραπευκότος
1891 4183 1893 4185 ’

278 4259 414 4321 τοὺς
445 4261 506 4312 ὲν
527 4264 640 4325 τοῖς
686 4263 970 4333 μνημείοις
999 4264 1384 4335 δαιμωνῶντας
1411 4266 1638 4337 ἀγρίως,
1671 4265 1862 4318 τεθαυ-

281 4348 498 4420 μάκασι
541 4352 639 4420 μὲν
675 4353 772 4424 τὴν
818 4353 1164 4425 θεοσημείαν.
1206 4357 1350 4427 Ἔφη
1394 4357 1448 4410 δὲ
1488 4358 1516 4410 6
1559 4357 1859 4431 Ματθαῖος,

277 4443 366 4494 ὅτι
432 4461 451 4493 ι
509 4443 663 4496 Πᾶσα
706 4447 740 4512 ἡ
789 4445 945 4509 πόλις
996 4445 1216 4516 ἐξῆλθεν
1269 4449 1348 4510 είς
1395 4447 1718 4517 συνάντησιν
1764 4445 1859 4500 τοῦ

255 4515 471 4602 ’Ἰησοῦ
493 4547 508 4562 ⁸
543 4535 638 4588 καὶ
667 4535 866 4600 ἰδόντες
909 4515 1090 4601 αὑτὸν,
1126 4540 1510 4610 παρεκάλεσαν
1558 4515 1862 4610 μεταϐῆναι

278 4623 396 4677 ἀπὸ
419 4624 528 4676 τῶν
551 4626 715 4696 ὁρίων
735 4627 934 4682 αὐτῶν.
975 4648 994 4680 ι
1029 4631 1220 4684 Καίτοι
1249 4630 1365 4696 πῶς
1396 4633 1494 4684 οὐκ
1519 4630 1628 4684 ἔδει
1662 4631 1863 4701 μᾶλλον

284 4715 699 4785 μεταποιεῖσθαι
731 4718 826 4771 τοῦ
853 4719 1334 4790 τεθεραπευκότος,
1377 4723 1472 4776 καὶ
1519 4722 1860 4793 παρακαλεῖν

280 4809 613 4878 προσμεῖναί
642 4827 700 4862 τε
729 4812 935 4876 αὐτοῖς,
970 4813 1062 4864 καὶ
1098 4811 1308 4864 πολλῶν
1341 4813 1540 4884 ἐτέρων
1569 4813 1861 4882 θαυμάτων

278 4898 540 4966 γενέσθαι
577 4900 907 4972 δημιουργόν
935 4920 950 4968 ;
996 4901 1136 4955 Ἀλλ’
1166 4899 1234 4974 ἦν
1265 4903 1548 4967 εὐλαϐείας
1589 4904 1864 4971 ἀπόδειξις

283 4989 409 5044 κατ’
435 4990 614 5044 ἐκεῖνο
639 4992 830 5063 καιροῦ
858 4992 950 5045 καὶ
972 4993 1137 5064 τιμῆς
1165 4996 1279 5056 τοῖς
1306 4993 1479 5063 ἁγίοις
1509 4994 1865 5066 ὀφειλομένης

280 5080 484 5151 τρόπος
509 5081 570 5133 τὸ
603 5081 987 5154 παραιτεῖσθαί
1011 5101 1162 5146 τινας
1187 5083 1425 5152 ἐγγίζειν
1466 5085 1670 5148 αὐτοῖς.
1714 5086 1867 5139 Ματ-

285 5171 442 5225 θαίου
490 5173 825 5244 κεκλημένου
872 5174 967 5228 καὶ
1012 5174 1476 5246 ἀκολουθήσαντος
1502 5174 1580 5245 τῷ
1620 5177 1864 5248 Χριστῷ,

285 5259 408 5316 εἶτα
454 5265 785 5334 κεκληκότος
817 5265 977 5318 αὑτὸν
1020 5267 1100 5328 εἰς
1133 5266 1224 5320 τὸν
1258 5263 1404 5320 οἷκον
1435 5266 1600 5320 αὐτοῦ
1625 5282 1641 5298 ο
1687 5285 1705 5318 ι
1756 5268 1868 5320 Καὶ

289 5357 456 5420 ίδοὺ,›
483 5359 636 5429 φησι,
673 5358 886 5410 (πολλώ⁹
913 5357 1229 5430 ἁμαρτωλοὶ
1252 5359 1346 5412 καὶ
1374 5358 1600 5411 τελῶναι
1623 5357 1866 5422 ἐλθόντες

288 5449 667 5502 συνανέκειντο
710 5449 788 5519 τῷ
843 5447 1019 5519 Ἰησοῦ
1070 5451 1306 5513 καὶτοῖς
1357 5449 1628 5521 μαθηταῖς
1676 5449 1862 5504 αὐτοῦ.

287 5539 400 5592 Καὶ
431 5540 628 5605 ἰδόντες
656 5544 704 5594 ol
728 5543 1006 5613 Φαρισαῖοι
1031 5542 1215 5611 ἔλεγον
1237 5545 1350 5606 τοῖς
1375 5543 1640 5613 μαθηταῖς
1663 5542 1826 5596 αὑτοῦ
1846 5558 1860 5572 ·

290 5631 391 5685 Διὰ
434 5633 486 5687 τί
531 5635 672 5704 μετὰ
725 5634 837 5686 τῶν
883 5633 1223 5706 ἁμαρτωλῶν
1275 5635 1369 5688 καὶ
1401 5635 1649 5688 τελωνῶν
1693 5633 1864 5688 ἐσθίει

1967 3265 2111 3322 facto
2136 3305 2150 3327 .
2185 3282 2378 3334 magna
2411 3265 2628 3334 quidem
2662 3264 2890 3332 piscitun
2929 3265 3216 3319 multitudo
3237 3276 3390 3335 capta
3423 3277 3542 3333 est,

1965 3373 2030 3414 ac
2064 3357 2278 3412 divinus
2317 3355 2510 3411 Petrus
2542 3355 2688 3410 verbi
2726 3357 2830 3409 vim
2865 3355 3162 3411 admiratus
3198 3375 3210 3410 :
3239 3375 3258 3409 ι
3286 3359 3495 3412 Accidit
3525 3396 3544 3421 ,

1966 3449 2063 3512 ait,
2125 3449 2191 3501 ad
2232 3460 2402 3517 genus
2459 3444 2585 3500 Jesu
2641 3445 2872 3498 dicens:
2911 3444 3124 3498 Recede
3177 3459 3208 3498 a
3253 3460 3374 3512 me,
3417 3462 3542 3500 nam

1967 3541 2128 3594 homo
2182 3548 2433 3607 peccator
2465 3551 2608 3600 sum,
2653 3534 2876 3590 Domine
2907 3537 2972 3588 ¹⁹.
3017 3553 3035 3587 ι
3078 3535 3302 3590 Nolebat
3361 3546 3542 3592 tamen

1965 3628 2158 3684 Petrus
2217 3628 2493 3683 Christum
2549 3643 2577 3680 a
2627 3641 2685 3680 se
2731 3627 2919 3690 abire,
2984 3627 3076 3680 sed
3140 3628 3361 3695 cognito
3407 3628 3546 3696 legis

1966 3733 2150 3788 scopo,
2179 3733 2237 3773 se
2272 3729 2610 3786 peccatorem
2651 3717 2932 3772 confessus
2971 3727 3074 3783 est,
3103 3733 3165 3772 ac
3193 3734 3315 3773 cum
3348 3729 3542 3774 saneto

1966 3824 2087 3863 esse
2113 3809 2345 3872 horruit,
2379 3810 2677 3862 secundum
2709 3822 2850 3868 eam.
2889 3823 3007 3876 quae
3039 3824 3253 3878 semper
3277 3813 3418 3878 apud
3445 3808 3542 3863 Ju-

1966 3899 2110 3952 dacos
2158 3899 2481 3962 invaluerat,
2515 3899 2985 3952 consuetudinem.
3019 3897 3152 3952 Cum
3182 3899 3346 3956 etiam
3377 3900 3541 3954 Chri-

1965 4000 2081 4043 sms
2113 3989 2164 4042 in
2200 3989 2473 4057 regionem
2513 3987 2934 4055 Gergesinorum
2958 3990 3250 4059 aliquando
3282 3994 3542 4058 venisset,

1963 4080 2160 4136 deinde
2199 4083 2249 4135 in
2285 4084 2649 4137 monumentis
2688 4083 3002 4137 immaniter
3035 4099 3066 4137 a
3100 4088 3342 4140 daemone
3373 4101 3540 4140 vexa-

1966 4182 2050 4228 tos
2077 4182 2342 4236 curasset,
2369 4175 2607 4244 divinum
2626 4174 2841 4243 quidem
2865 4175 3077 4244 signum
3107 4177 3356 4229 admirati
3384 4189 3539 4244 sunt;

1962 4273 2198 4318 attamen
2259 4263 2397 4317 dixit
2456 4263 2740 4320 Mattbams
2795 4282 2810 4319 :
2884 4284 2903 4316 ι
2956 4265 3089 4319 Tota
3133 4267 3325 4321 civitas
3374 4268 3542 4320 exivit

1963 4355 2175 4408 obviam
2216 4352 2367 4418 Jesu,
2402 4366 2455 4409 et
2490 4372 2609 4410 cum
2651 4357 2914 4412 vidissent
2947 4357 3094 4410 illum
3118 4397 3133 4422 ,
3168 4359 3431 4425 rogabant
3483 4369 3540 4412 ut

1965 4458 1994 4497 a
2052 4444 2246 4500 ﬁnibus
2301 4446 2536 4513 ipsorum
2567 4447 2886 4502 abscederet
2915 4447 2982 4502 ’°.
3016 4466 3035 4499 ι
3066 4451 3256 4500 Annon
3288 4463 3417 4500 vero
3441 4449 3539 4501 de-

1969 4535 2127 4591 cebat
2164 4537 2335 4605 magis
2365 4545 2424 4589 ut
2473 4552 2596 4590 eum
2645 4541 2736 4606 qui
2780 4548 3067 4592 curaverat
3119 4538 3448 4599 detinerent,
3482 4549 3539 4594 et

1968 4633 2224 4693 rogarent
2256 4625 2336 4680 uti
2362 4625 2514 4695 apud,
2537 4640 2596 4680 se
2625 4635 2892 4689 maneret,
2925 4635 2979 4681 et
3010 4625 3112 4678 alia
3132 4641 3348 4694 quoque
3378 4626 3534 4696 plura

1968 4718 2230 4772 miracula
2287 4716 2563 4786 patraret?
2593 4714 2789 4770 Verum
2830 4716 2938 4771 illis
2977 4716 3319 4785 temporibus
3365 4716 3541 4786 signi-

1968 4810 2146 4864 ﬁcatio
2173 4819 2291 4864 erat
2318 4810 2640 4864 reverentius
2665 4808 2970 4877 cujusdam,
2999 4818 3054 4862 et
3089 4809 3309 4863 honoris
3335 4808 3554 4862 sanctis.

1964 4902 2132 4957 debiti
2160 4901 2349 4956 modus
2374 4900 2616 4970 quidam,
2643 4915 2861 4960 cavere.
2888 4914 2953 4952 ne
2966 4901 3056 4969 qui
3073 4915 3167 4954 eos
3192 4902 3542 4955 accederent.

1963 4993 2246 5048 Matthaeus
2273 4993 2438 5047 etiam
2471 5006 2592 5045 cum
2634 5000 2859 5046 vocatus
2889 4999 3208 5059 sequeretur
3239 4989 3551 5055 Christum,

1965 5101 2030 5140 ac
2057 5095 2240 5153 postea
2269 5099 2392 5138 eum
2425 5084 2476 5136 in
2511 5085 2725 5136 domum
2749 5097 2900 5137 suam
2929 5083 3213 5137 invitasset
3237 5101 3250 5136 :
3281 5102 3300 5133 ι
3325 5081 3484 5144 Ecce,
3515 5103 3536 5134 ι

1966 5175 2161 5244 inquit,
2193 5191 2213 5225 ι
2252 5174 2403 5228 multi
2428 5182 2742 5243 peccatores
2772 5183 2828 5228 et
2849 5172 3118 5242 publicani
3163 5185 3534 5235 accesserunt.

1966 5277 2022 5322 et
2048 5265 2419 5322 accubuerunt
2451 5281 2576 5319 cum
2608 5264 2732 5320 Jesu
2782 5277 2839 5321 et
2876 5265 3152 5334 discipulis
3199 5266 3335 5333 ejus.
3389 5265 3539 5330 Quod

1972 5357 2062 5411 ubi
2101 5357 2359 5411 vidissent
2412 5355 2668 5410 Pharisazi
2697 5396 2711 5421 ,
2765 5359 3018 5411 dixerunt
3047 5356 3324 5425 discipulis
3375 5359 3489 5423 ejus
3523 5374 3538 5409 :

1969 5450 2154 5516 Quare
2195 5463 2316 5503 cum
2385 5450 2684 5517 publicanis
2735 5459 2790 5504 et
2842 5447 3213 5518 peccatoribus
3270 5448 3377 5500 edit
3407 5463 3540 5513 pne-

1971 5550 2157 5608 ceptor
2191 5550 2368 5594 vester
2392 5541 2529 5594 "1?»
2569 5541 2827 5610 lntelligis
2862 5556 2990 5610 ergo
3014 5555 3108 5594 eos
3142 5540 3412 5592 Christum
3450 5554 3541 5589 ac-

1969 5647 2164 5689 cusare
2192 5671 2208 5697 ,
2263 5632 2404 5701 quod
2459 5632 2576 5701 lege
2609 5635 2916 5704 posthabita
2953 5632 3184 5688 voluerit
3227 5643 3348 5684 cum
3383 5627 3542 5682 malis

369 5784 412 5816 “
434 5783 589 5841 Joan.
622 5801 718 5852 xtl,
745 5787 834 5841 55.
917 5788 956 5818 ⁸³
988 5786 1118 5843 Luc.
1144 5803 1197 5855 ν,
1223 5788 1276 5842 4-
1301 5787 1356 5844 8.
1434 5791 1478 5821 ²⁰
1511 5789 1696 5843 Matth.
1732 5803 1848 5853 vm,

2042 5790 2084 5820 “
2130 5786 2318 5842 Matth.
2348 5803 2422 5853 ix,
2460 5786 2542 5854 ιο,
2575 5787 2657 5841 ll.
