4134 6550
610 484 711 540 179

1598 481 1656 538 8.
1697 482 1977 539 CYRILLI
2014 484 2486 542 ALEXANDRINI
2523 484 2841 541 ARCIIIEP.

3750 492 3839 546 180

611 604 792 660 cibum
824 616 1039 672 capere.
1070 599 1287 656 Incusat
1337 615 1500 672 porro
1554 601 1696 659 Deus
1728 620 1843 669 eos,
1900 607 2059 678 106
2089 608 2181 676 qui

2301 608 2649 672 Βδιδάσκαλος
2672 606 2861 678 ὑμῶν;
2899 622 2919 658 ι
2951 604 3124 673 Συνῆς
3152 596 3246 658 οῦν
3277 604 3423 667 ὅπως
3454 603 3527 667 ὼς
3552 603 3841 675 ήμεληκότα

611 694 851 749 Iudaica:
886 691 1181 764 Syuagogaa
1214 692 1505 761 primatum
1542 706 1907 765 occuparunt,
1937 712 2034 765 per
2059 713 2186 766 pro-

613 784 854 853 phetam,
889 783 1112 838 dicens:
1153 802 1172 834 ι
1200 782 1343 838 Inter
1376 793 1622 839 sanctum
1656 794 1712 840 et
1767 785 2050 857 profanum
2082 803 2188 842 non

616 875 1012 931 discreverunt.
1053 893 1072 926 ι
1124 874 1463 932 Reverentia:
1494 876 1677 949 igitur,
1705 888 1764 933 ut
1816 878 1967 948 dixi,
1999 880 2190 935 modus

613 972 766 1029 erat,
836 972 892 1020 et
950 964 1203 1031 legalium
1262 978 1651 1036 praeceptorum
1699 968 1935 1035 traditio,
1987 977 2049 1024 ut
2094 985 2188 1025 eos

614 1055 825 1111 versari
862 1069 985 1110 cum
1019 1057 1222 1111 sanctis
1250 1057 1477 1122 nollent,
1509 1059 1561 1113 in
1590 1059 1787 1128 quibus
1812 1061 1923 1114 vitii
1955 1061 2192 1129 suspicio

615 1149 867 1214 haereret,
902 1158 957 1203 et
1010 1148 1099 1217 qui
1141 1164 1244 1203 non
1304 1150 1564 1205 haberent
1618 1165 1648 1205 a
1700 1152 1937 1221 peccatis
1965 1151 2192 1207 liberam

617 1239 1027 1294 conscientiam.
1071 1239 1201 1295 Tale
1232 1240 1490 1309 quiddam
1526 1240 1686 1295 etiam
1726 1242 1883 1296 beato
1918 1243 2195 1312 prophetae

617 1328 882 1385 accidisse
908 1330 1141 1396 videtur,
1176 1330 1404 1400 ideoque
1423 1332 1537 1386 ait:
1566 1350 1585 1383 ‹
1624 1330 1876 1387 Miserum
1909 1348 2011 1398 me,
2065 1332 2193 1403 quia

617 1430 973 1490 compunctus
1011 1436 1182 1476 sum.»
1209 1422 1318 1476 Nec
1347 1423 1472 1492 quia
1501 1434 1855 1492 compunctus
1896 1434 2035 1491 erat,
2065 1439 2195 1493 pro-

618 1521 802 1580 pterea
841 1513 1006 1567 miser
1030 1512 1125 1567 fuit
1154 1530 1169 1567 :
1202 1527 1323 1566 nam
1356 1514 1457 1568 hoc
1512 1522 1669 1583 pacto
1698 1513 2018 1584 intelligere,
2064 1515 2193 1584 quid

625 1604 679 1657 ui
714 1603 1057 1672 perineptum
1084 1604 1107 1657 ?
1135 1605 1227 1658 sed
1258 1606 1380 1674 quia
1412 1616 1766 1673 compunctus
1799 1621 1948 1673 sum,
1997 1606 2192 1676 inquit,

619 1711 648 1749 a
679 1696 1035 1763 conscientia,
1068 1697 1320 1752 nimirum
1352 1699 1472 1753 ideo
1495 1698 1774 1755 dicebam:
1808 1700 1883 1755 «Ο
1915 1715 2002 1755 me
2029 1700 2194 1754 misc-

619 1802 760 1854 rum,
785 1788 911 1857 quia
943 1788 1106 1843 homo
1135 1803 1252 1843 sum
1273 1826 1290 1853 ,
1323 1797 1380 1844 et
1413 1790 1689 1845 immunda
1720 1790 1863 1845 labia
1900 1791 2091 1856 habeo,
2141 1790 2193 1844 in

620 1878 798 1933 medio
820 1878 999 1948 populi
1033 1864 1327 1935 immunda
1345 1879 1485 1935 labia
1514 1880 1765 1935 habentis
1794 1895 1891 1950 ego
1914 1881 2120 1941 habito.
2143 1888 2197 1935 et

2289 694 2383 748 τοῦ
2412 695 2576 765 νόμου
2604 693 2939 765 κατῃτιῶντο
2964 692 3056 746 τὸν
3084 691 3340 763 Χριστὸν,
3373 691 3462 745 διά
3482 708 3561 745 τοι
3600 692 3660 745 τὸ
3688 692 3842 748 θέλειν

2291 786 2698 840 συνδιαιτᾶσθαι
2751 788 3027 858 πονηροῖς.
3106 785 3453 839 Ἐπαιτιᾶται
3521 782 3581 836 δέ
3626 801 3724 837 που
3763 786 3843 840 καὶ

2291 875 2423 939 Θεὸς
2451 876 2578 939 τοὺς
2607 876 2709 945 τῆς
2765 874 3036 929 Ἰουδαίων
3076 873 3411 942 Συναγωγῆς
3449 873 3845 943 προσεγκεῖσθαι

2291 968 2553 1040 λαχόντας
2572 970 2661 1023 διὰ
2690 970 2968 1041 προφήτου
3001 967 3227 1035 λέγων’(
3267 966 3395 1020 Ἀνὰ
3416 965 3577 1035 μέσον
3598 966 3744 1033 ἁγίου
3766 968 3846 1021 καὶ

2296 1053 2526 1125 βεϐήλου
2565 1056 2625 1108 οὐ
2660 1055 2980 1108 διέστελλον.
3008 1074 3025 1106 ι
3050 1054 3351 1117 Εὑλαϐείας
3373 1050 3467 1106 οὖν
3499 1054 3605 1124 ἄρα
3646 1055 3844 1123 τρόπος,

2294 1148 2371 1211 ὡς
2402 1148 2558 1220 ἔφην,
2587 1148 2683 1201 καὶ
2716 1146 2958 1219 νομικῶν
2991 1147 3342 1216 ὲνταλμάτων
3373 1144 3669 1214 παράδοσις
3698 1146 3755 1198 τὸ
3785 1148 3848 1218 μή

2297 1239 2535 1291 συνεῖναι
2570 1237 2746 1290 θέλειν
2773 1240 2887 1300 τοῖς
2923 1238 3101 1305 ἁγίοις
3128 1237 3256 1300 τοὺς
3285 1237 3343 1289 ὲν
3376 1235 3645 1305 ὑπολήψει
3676 1235 3846 1304 φαυλό-

2294 1345 2476 1399 τητος,
2536 1330 2631 1382 καὶ
2684 1329 2784 1383 οὐκ
2847 1329 3135 1401 ἐλεύθερον
3198 1326 3482 1400 ἁμαρτιῶν
3543 1326 3754 1397 ἔχοντας
3800 1328 3852 1380 τὸ

2299 1421 2554 1485 συνειδός.
2611 1422 2864 1476 Τοιοῦτόν
2922 1440 2976 1476 τι
3030 1421 3125 1476 καὶ
3164 1423 3193 1475 ό
3255 1421 3524 1492 μακάριος
3589 1420 3851 1489 προφήτης

2296 1514 2489 1584 όρᾶται
2523 1513 2727 1578 παθὼν,
2765 1513 3025 1587 ταύτῃτοί
3050 1531 3213 1584 φησιν
3235 1530 3248 1543 ·
3291 1533 3309 1563 ι
3342 1509 3411 1565 *Ω
3432 1512 3597 1574 τάλας
3632 1510 3754 1578 ἐγὼ,
3783 1510 3851 1564 ὅτι

2298 1605 2723 1676 κατανένυγμαι.
2755 1625 2774 1659 ι
2810 1607 2921 1660 Kal.
2945 1607 3006 1659 οὐ
3040 1605 3127 1659 διὰ
3148 1604 3307 1658 τοῦτο
3338 1603 3531 1667 τάλας,
3578 1603 3658 1655 ὅτι
3700 1616 3852 1654 καταο

2297 1695 2569 1750 νένυκται.
2597 1697 2722 1760 Πῶς
2754 1698 2854 1751 οὐκ
2878 1696 3072 1769 εῦηθες
3101 1696 3259 1750 τοῦτο
3282 1694 3426 1748 οὕτω
3452 1696 3593 1747 νοεῖν
3613 1708 3626 1724 ³
3654 1691 3759 1745 ἀλλ’
3785 1692 3853 1744 ὄτι

2298 1787 2715 1852 κατανένυκται,
2765 1790 2950 1861 φησὶν,
2989 1789 3094 1841 ὑπὸ
3146 1786 3240 1839 τοῦ
3276 1785 3597 1848 συνειδότος,
3639 1782 3783 1853 δῆλον
3807 1781 3855 1833 δὲ

2298 1877 2379 1930 ὅτι
2411 1876 2498 1931 διὰ
2529 1876 2687 1930 τοῦτο
2709 1878 2865 1950 ἔφην’
2905 1897 2925 1931 ‹
2952 1873 3021 1931 Ὦ
3067 1876 3235 1940 τάλας
3286 1874 3417 1943 ἐγὼ,
3469 1876 3553 1926 ὅτι
3599 1871 3857 1943 ἄνθρωπος

622 1982 805 2038 regem
862 1970 1146 2025 Dominum
1197 1970 1436 2027 Sabaoth
1471 1971 1579 2027 vidi
1620 1972 1793 2027 oculis
1826 1973 1981 2025 meis.
2015 1990 2033 2023 ι
2064 1971 2197 2025 Nam

2306 1967 2403 2032 ὢν,
2432 1969 2527 2022 καὶ
2572 1969 2858 2039 ἀκάθαρτα
2889 1970 3043 2041 χείλη
3078 1968 3238 2038 ἔχων,
3286 1968 3344 2020 ὲν
3397 1966 3547 2037 μέσῳ
3588 1963 3711 2016 λαοῦ
3739 1964 3857 2016 ἀκά-

621 2076 747 2114 cum
778 2062 954 2117 sancti
1002 2062 1287 2133 Seraphin)
1348 2064 1550 2119 mundo
1601 2074 1659 2119 et
1709 2063 2049 2120 sanctissimo
2106 2076 2202 2117 ore

620 2152 808 2209 laudes
833 2152 1183 2222 cecinissent,
1214 2155 1391 2210 timuit
1421 2153 1530 2224 ille,
1552 2171 1582 2210 a
1608 2155 1716 2211 Deo
1735 2157 1933 2226 quippe
1955 2156 2200 2219 edoctus,

620 2258 727 2296 non
760 2242 1013 2313 ignorans
1039 2244 1350 2301 indecoram
1385 2263 1508 2304 esse
1541 2249 1593 2304 in
1629 2264 1725 2305 ore
1754 2248 2057 2319 peccatoris
2087 2249 2204 2303 lau-

618 2333 917 2402 dationem,
950 2338 1404 2406 quemadmodum
1436 2341 1699 2410 scriptum
1719 2352 1822 2397 est.
1864 2342 2030 2396 Erant
2057 2342 2201 2397 enim

621 2427 896 2482 immunda
937 2427 1097 2498 plane
1133 2429 1500 2486 lsraelitarum
1545 2433 1687 2488 labia
1717 2474 1732 2499 ,
1791 2442 1975 2503 utpote
2018 2433 2109 2503 qui
2149 2434 2200 2487 in

620 2517 907 2575 Dominum
954 2529 1195 2577 nostrum
1242 2522 1427 2579 Jesum
1465 2525 1740 2581 Christum
1771 2527 2015 2581 convicia
2053 2525 2203 2594 jece-

623 2620 769 2667 runt.
799 2609 894 2666 Sin
916 2625 1045 2668 vero
1065 2614 1454 2684 aiatpropheta
1482 2631 1540 2671 se
1567 2632 1784 2686 quoque
1807 2618 2077 2687 ejusmodi
2104 2619 2201 2671 ha-

622 2704 751 2755 bere
780 2701 953 2768 labia,
984 2702 1112 2759 licet
1149 2702 1455 2759 Israeliticae
1489 2706 1783 2776 impietatis
1811 2709 1970 2776 plane
2006 2723 2202 2777 expers

619 2788 786 2845 fuerit
809 2831 828 2858 ,
860 2792 1092 2850 dicimus
1139 2809 1262 2848 eum
1303 2804 1360 2848 ut
1387 2806 1634 2851 sanctqu
1660 2798 1725 2852 de
1761 2812 1821 2852 se
1850 2800 2090 2853 modeste
2126 2799 2203 2852 lo-

621 2881 743 2949 qui,
771 2891 963 2951 estque
995 2886 1295 2954 probabile,
1347 2897 1618 2957 quatenus
1655 2900 1772 2943 erat
1819 2903 1887 2942 ex
1937 2892 2202 2958 sanguine

619 2972 811 3039 Israel,
839 2978 1077 3045 seipsum
1110 2979 1255 3031 omni
1294 2978 1523 3033 crimine
1569 2994 1675 3033 non
1709 2980 1975 3046 eximere,
2006 2996 2200 3048 perva—

620 3073 803 3133 gatum
838 3076 1019 3122 autem
1068 3068 1251 3137 populi
1306 3069 1500 3123 vitium
1561 3080 1786 3136 nmare,
1824 3079 1882 3125 ut
1913 3080 2095 3126 servet
2126 3071 2201 3126 ita

621 3156 744 3211 illos
801 3158 893 3225 qui
958 3167 1348 3224 peccaverant.
1391 3160 1484 3213 Vel
1524 3159 1775 3215 human-.e
1814 3171 2021 3215 naturae
2058 3177 2201 3215 mor-

622 3245 746 3300 bum
774 3248 1064 3301 conﬁtetur
1104 3264 1119 3301 :
1150 3247 1454 3310 cuiusmodi
1491 3258 1575 3302 est
1610 3249 1740 3309 illud
1771 3251 1981 3305 aheato
1999 3251 2200 3306 Davide

622 3346 811 3396 contra
858 3354 1073 3396 onmem
1124 3341 1398 3396 hominem
1459 3342 1708 3396 dictum:
1748 3360 1766 3394 ι
1815 3344 1925 3414 Ego
1992 3344 2101 3399 dixi
2148 3345 2199 3399 in

622 3445 848 3487 excessu
882 3446 1029 3487 meo:
1063 3431 1253 3489 Omnis
1290 3433 1453 3488 homo
1482 3432 1716 3487 mendax
1746 3435 1815 3487 ι’.
1862 3454 1881 3487 ι
1927 3433 2023 3490 Est
2057 3436 2202 3491 enim

624 3523 825 3579 inlecta
854 3526 1042 3579 morbo
1069 3526 1333 3581 mendacii
1363 3541 1426 3582 ac
1471 3526 1724 3581 vanitatis
1753 3542 1910 3581 mens
1943 3526 2203 3594 humana,

619 3615 750 3670 licet
796 3614 939 3669 malo
997 3615 1099 3671 hoc
1159 3615 1456 3671 liberentur
1501 3618 1761 3688 quidam,
1799 3617 2092 3673 sobrietate
2146 3618 2206 3674 id

621 3705 1046 3765 lucrifacientes.
1110 3708 1314 3763 Timuit
1362 3724 1493 3781 ergo
1563 3711 1825 3780 prepheta
1884 3712 2027 3781 quod
2078 3727 2203 3767 eum

621 3801 858 3854 mundus
884 3814 990 3855 non
1025 3810 1187 3865 esset,
1208 3801 1662 3868 quemadmodum
1692 3812 1842 3857 certe
1878 3815 2006 3858 sunt
2029 3804 2204 3860 sancti

622 3892 934 3962 Serapbim,
993 3891 1275 3946 Dominum
1311 3891 1549 3948 Sabaoth
1603 3895 1999 3963 contemplatus
2045 3895 2207 3950 luerit

620 3993 678 4039 et
721 3984 994 4048 tacuerit,
1059 3991 1223 4053 atque
1274 3983 1410 4038 adeo
1469 3998 1500 4037 a
1564 3982 1818 4039 laudibus
1865 3985 2205 4042 celebrandis

622 4077 973 4143 abstinuerit,
1010 4076 1153 4145 quod
1194 4090 1289 4130 ore
1318 4090 1426 4130 non
1466 4075 1539 4129 ita
1582 4077 1784 4131 mundo
1815 4078 1887 4132 sit
1918 4078 2202 4148 praylitus.

623 4166 779 4234 Quod
811 4176 991 4221 autem
1020 4166 1170 4235 puris
1208 4164 1369 4220 labiis
1391 4164 1668 4220 celebrare
1708 4165 1893 4221 laudes
1921 4177 2202 4237 oporteat,

622 4275 693 4314 ex
740 4273 807 4313 eo
832 4258 977 4327 quod
1007 4256 1227 4328 quidam
1268 4266 1582 4311 sanctorum
1641 4257 2033 4327 discipulorum
2073 4259 2208 4315 dicit

624 4350 692 4405 de
745 4350 971 4418 lingua,
1035 4349 1253 4418 planum
1306 4349 1425 4403 fieri
1503 4359 1681 4419 potest
1718 4366 1733 4404 :
1768 4370 1786 4403 ι
1838 4352 1929 4407 Illa
1996 4353 2206 4408 lauda-

623 4453 747 4492 mus
772 4436 1058 4491 Dominum
1073 4448 1127 4491 et
1157 4436 1403 4502 Patrem,
1432 4447 1487 4494 et
1509 4438 1597 4492 illa
1619 4440 1996 4498 maledicimus
2030 4443 2205 4498 homi-

622 4544 722 4584 nes
743 4529 809 4583 ad
834 4528 1243 4583 similitudinem
1278 4527 1370 4582 Dei
1406 4531 1672 4585 conditos.
1706 4531 1821 4586 Non
1845 4542 2080 4602 oportet,
2101 4534 2202 4586 fra-

2304 2059 2477 2132 θαρτα
2525 2060 2677 2131 χείλη
2729 2061 2943 2131 ἔχοντος
2993 2060 3105 2129 ἐγὼ
3154 2057 3318 2111 οἰκῶ·
3375 2057 3469 2110 καὶ
3517 2055 3607 2108 τὸν
3663 2052 3857 2123 βασιλέα

2301 2152 2505 2222 Κύριον
2541 2151 2768 2207 Σαϐαὼθ
2814 2153 2922 2206 ῖδον
2966 2155 3079 2215 τοῖς
3132 2150 3430 2220 ὀφθαλμοῖς
3488 2164 3643 2220 μου.)
3665 2145 3857 2216 Ἐπειδὴ

2302 2244 2412 2316 γὰρ
2475 2244 2545 2298 τά
2599 2246 2732 2314 ἆγια
2786 2244 3066 2315 Σεραφεὶμ
3125 2242 3386 2314 καθαροῖς
3446 2241 3542 2292 καὶ
3594 2238 3859 2305 πανάγνοις

2305 2336 2566 2407 στόμασιν
2599 2335 2882 2390 ἐποιοῦντο
2916 2336 3012 2399 τὰς
3038 2334 3368 2403 δοξολογίας,
3410 2332 3582 2385 δέδιεν
3620 2330 3769 2392 αὐτὸς
3809 2329 3859 2381 τδ

2303 2428 2514 2499 χρῆμα,
2550 2428 2886 2491 θεοδίδακτος
2932 2425 3026 2490 ὢν,
3080 2426 3175 2480 καὶ
3205 2428 3304 2479 οὐκ
3350 2425 3622 2495 ἀγνοήσας
3657 2422 3733 2474 ὃτι
3775 2420 3860 2490 οὺχ

2303 2518 2504 2590 ὡραῖος
2534 2516 2681 2582 αἶνος
2734 2521 2791 2572 ὲν
2844 2520 3071 2590 στόματι
3105 2516 3454 2590 ἀμαρτωλοῦ,
3495 2514 3639 2569 καθά
3682 2514 3859 2583 γέγρα-

2303 2626 2458 2667 πται.
2499 2605 2606 2663 Ἦν
2634 2610 2735 2680 μὲν
2766 2610 2871 2683 γάρ
2904 2610 3354 2681 ὁμολογουμένως
3410 2608 3692 2678 ἀκάθαρτα
3724 2605 3858 2674 χείλη

2302 2703 2398 2756 τοῦ
2468 2702 2712 2775 Ἰσραήλ·
2770 2702 3223 2774 δεδυσφημήκασι
3275 2700 3383 2772 γάρ
3412 2703 3491 2764 είς
3544 2700 3635 2752 τὸν
3680 2698 3860 2767 Κύριον

2301 2794 2458 2865 ἡμῶν
2488 2794 2699 2865 Ἰησοῦν
2740 2795 2832 2848 τὸν
2878 2794 3134 2866 Χριστόν.
3190 2795 3252 2847 Ei
3287 2793 3345 2846 δὲ
3399 2792 3464 2863 δὴ
3516 2790 3663 2858 λέγοι
3708 2789 3793 2840 καὶ
3837 2788 3860 2838 ό

2304 2888 2610 2959 προφήτης,
2639 2888 2721 2940 ὅτι
2757 2888 2852 2940 καὶ
2881 2879 3043 2949 αὺτδς
3072 2887 3184 2957 ἔχοι
3211 2886 3279 2940 τὰ
3311 2886 3465 2957 χείλη
3492 2884 3731 2947 τοιαῦτα,
3758 2879 3861 2934 καί·

2300 2994 2382 3029 τοι
2418 2977 2519 3047 τῆς
2554 2978 2649 3031 τοῦ
2692 2978 2911 3050 Ἰσραὴλ
2960 2977 3281 3041 δυσσεϐείας
3331 2978 3641 3050 ἀμοιρήσας
3683 2989 3857 3028 παντε-

2301 3066 2429 3131 λῶς,
2471 3068 2650 3138 φαμὲν
2682 3069 2765 3121 ὅτι
2800 3068 3081 3139 μετριάζει
3124 3068 3221 3139 μὲν
3262 3068 3337 3131 ὡς
3380 3067 3533 3135 ἅγιος
3563 3109 3578 3132 ,
3636 3063 3770 3127 εἰκὸς
3812 3061 3859 3114 δὲ

2301 3159 2382 3212 ὅτι
2413 3161 2507 3213 καὶ
2548 3158 2625 3223 ὼς
2653 3160 2917 3230 ὑπάρχων
2960 3159 3017 3225 ἐξ
3056 3161 3289 3230 αἵματος
3358 3158 3600 3230 Ἰσραὴλ,
3634 3158 3729 3211 οὐκ
3769 3155 3858 3220 ἔξω

2302 3249 2483 3319 τίθησι
2527 3251 2626 3321 τῆς
2654 3252 2834 3315 αἰτίας
2868 3252 3080 3304 ἑαυτόν.
3131 3250 3268 3303 Ἀλλ’
3304 3248 3575 3320 ὑποφέρει
3606 3248 3681 3319 τῷ
3720 3244 3861 3315 κοινῷ

2306 3341 2400 3394 τοῦ
2441 3341 2571 3395 λαοῦ
2627 3343 3085 3415 πλημμελήματι,
3139 3341 3328 3406 σώζων
3376 3340 3463 3393 διὰ
3511 3339 3700 3393 τούτου
3754 3338 3861 3399 τοὺς

2306 3435 2691 3506 ἡμαρτηκότας
2726 3451 2741 3467 ·
2776 3436 2943 3507 ήγουν
2994 3437 3091 3505 τῆς
3124 3432 3413 3505 ἀνθρώπου
3446 3432 3661 3501 φύσεως
3695 3429 3862 3500 ὁμολο-

2306 3530 2394 3597 γεῖ
2425 3528 2522 3594 τὴν
2555 3527 2729 3584 νόσον.
2776 3528 2986 3582 Ὀποῖόν
3020 3529 3136 3580 ἐστι
3182 3528 3244 3580 τὸ
3293 3526 3444 3597 παρά
3479 3524 3577 3578 τοῦ
3615 3523 3862 3596 μακαρίου

2306 3619 2490 3685 Δαϐιδ,
2523 3619 2665 3672 κατά
2683 3618 2777 3672 τοῦ
2805 3619 3004 3679 παντὸς
3025 3617 3311 3690 ἀνθρώπου
3335 3617 3629 3687 λεγόμενον
3650 3630 3663 3644 δ
3689 3633 3707 3666 ι
3742 3611 3863 3682 Ἐγὼ

2305 3708 2435 3765 εἶπα
2463 3713 2521 3765 ὲν
2553 3714 2619 3782 τῇ
2655 3710 2907 3764 ἐκστάσει
2947 3726 3068 3782 pou‘
3102 3711 3217 3773 Πᾶς
3255 3709 3543 3778 ἄνθρωπος
3572 3706 3814 3776 ψεύστης.
3843 3722 3859 3754 ι

2306 3805 2473 3857 Νοσεῖ
2516 3805 2626 3876 γὰρ
2679 3803 2739 3857 τὸ
2775 3802 2967 3873 ψεῦδος
3003 3805 3036 3874 ἡ
3090 3801 3377 3874 ἀνθρώπου
3428 3802 3659 3864 διάνοια,
3694 3799 3786 3853 κᾶν
3822 3797 3863 3849 ιι

2306 3895 2731 3949 ἀπαλλάττοιντό
2782 3911 2927 3958 τινες
2983 3894 3076 3947 τοῦ
3130 3892 3325 3958 κακοῦ,
3385 3893 3546 3964 νήψει
3592 3892 3653 3946 τὸ
3698 3890 3865 3960 χρῆμι

2307 3987 2701 4058 κερδαίνοντες.
2731 3985 2880 4039 Δέδιε
2912 3986 3093 4040 τοίνυν
3119 3987 3147 4039 ό
3178 3988 3459 4055 προφήτης
3487 3984 3571 4037 ὃτι
3606 3982 3677 4053 μὴ
3708 3979 3839 4049 ὑπάρ

2308 4097 2418 4151 χων
2448 4078 2591 4132 οὕτω
2636 4078 2901 4151 καθαρὸς,
2942 4078 3193 4149 καθάπερ
3221 4077 3413 4147 ἀμέλει
3446 4075 3514 4128 τὰ
3553 4077 3682 4143 ἆγια
3718 4074 3852 4141 Σεραε

2308 4170 2464 4240 φεὶμ,
2500 4168 2753 4223 τεθέαται
2806 4168 2903 4239 μὲν
2947 4168 3038 4220 τὸν
3088 4167 3294 4237 Κύριον
3328 4165 3581 4230 Σαϐαὼθ,
3632 4163 3863 4231 σεσίγηκε

2305 4262 2381 4327 δὲ,
2402 4262 2578 4316 καίτοι
2602 4260 2799 4331 μᾶλλον
2818 4259 3046 4328 ὀφείλων
3076 4255 3395 4325 δοξολογεῖν,
3416 4256 3503 4308 διὰ
3530 4254 3593 4308 τὸ
3624 4254 3697 4324 μὴ
3717 4249 3865 4309 οὕτως

2307 4352 2451 4422 ἔχειν
2485 4351 2723 4422 καθαρὸν
2752 4350 2814 4403 τὸ
2849 4349 3045 4418 στόμα.
3083 4348 3205 4401 Ὀτι
3231 4346 3287 4399 δὲ
3318 4346 3422 4417 χρὴ
3464 4345 3722 4415 καθαροῖς
3764 4337 3866 4391 στό-

2310 4440 2474 4514 μασιν
2501 4443 2847 4513 ὑμνολογεῖν,
2878 4440 3045 4509 σαφὲς
3076 4438 3142 4491 ἂν
3167 4438 3377 4506 γένοιτο
3418 4436 3545 4507 περὶ
3588 4436 3683 4504 τῆς
3709 4429 3867 4500 γλώσ-

2307 4550 2406 4603 σης
2439 4533 2689 4600 λέγοντος
2731 4531 2847 4594 ένδς
2881 4530 2989 4584 τῶν
3032 4530 3204 4600 ἁγίων
3261 4526 3538 4599 μαθητῶψ
3577 4547 3594 4579 ι
3633 4527 3716 4579 Ἐν
3742 4523 3861 4591 αὐτῇ

624 4631 737 4677 tres
759 4621 884 4684 mei,
902 4620 1015 4676 haec
1032 4620 1111 4677 sic
1134 4620 1273 4676 ﬁeri.
1315 4621 1566 4692 Nunquid
1599 4622 1719 4679 fons
1737 4638 1803 4678 ex
1818 4628 2006 4680 eodem
2036 4626 2193 4696 107

2301 4622 2627 4693 εὐλογοῦμεν
2673 4623 2762 4675 τὸν
2808 4621 3013 4692 Κύριον
3059 4622 3153 4675 καὶ
3207 4621 3450 4692 Πατέρα.
3481 4620 3593 4673 Καὶ
3640 4620 3694 4670 ὲν
3743 4613 3863 4681 αὐτῇ

620 4711 889 4768 foramine
903 4711 1090 4767 ebullit
1109 4711 1319 4767 dulcem
1346 4720 1401 4769 et
1421 4728 1661 4767 amaram
1702 4716 1923 4784 aquam?
1951 4715 2199 4786 Nunquid

2310 4714 2678 4787 καταρώμεθα
2722 4714 2847 4777 τοὺς
2880 4713 3203 4786 ἀνθρώπους
3231 4754 3247 4777 ,
3293 4714 3420 4775 τοὺς
3464 4710 3587 4765 καθ’
3635 4706 3867 4779 ὁμοίωσιν

620 4812 822 4873 potest,
842 4802 1035 4858 fratres
1053 4804 1178 4867 mei,
1205 4804 1493 4860 (icusoleas
1506 4805 1750 4873 proferre
1765 4807 1891 4860 ?aut
1905 4808 2029 4861 vitis
2044 4808 2199 4862 licus?

2310 4806 2443 4860 Θεοῦ
2488 4805 2799 4875 γεγονότας.
2832 4805 2907 4859 Οὐ
2956 4806 3083 4875 χρὴ,
3129 4803 3347 4872 ἀδελφοί
3390 4818 3514 4873 μου,
3546 4800 3714 4855 ταῦτα
3743 4794 3868 4849 οὕτω

624 4893 1047 4963 Sicnequeidem
1064 4894 1181 4951 l‘ons
1195 4896 1391 4951 salsam
1405 4905 1457 4951 et
1475 4897 1688 4952 dulcem
1708 4913 1902 4968 aquam
1925 4900 2161 4955 edere“.
2176 4919 2195 4952 ι

2310 4897 2575 4968 γίνεσθαι.
2607 4899 2755 4969 Μήτι
2780 4900 2814 4969 ή
2851 4898 3001 4968 πηγὴ
3047 4899 3111 4950 ὲκ
3153 4896 3249 4967 τῆς
3286 4894 3457 4965 αὐτῆς
3480 4892 3620 4961 ὀπῆς
3654 4888 3797 4960 βρύει
3816 4883 3867 4935 τὸ

621 4983 795 5052 γλυκὺ
843 4984 1023 5038 καὶτὸ
1049 4986 1279 5054 πικρόν;
1342 4987 1435 5059 Μὴ
1487 4986 1730 5053 δύναται,
1772 4989 1991 5059 ἀδελφοί
2040 5008 2165 5061 μου,
2207 4991 2346 5061 συκῆ
2399 4989 2582 5053 ἐλαίας
2634 4990 2892 5061 ποιῆσαι;
2941 4988 2975 5059 ἦ
3024 4987 3267 5057 ἄμπελος
3324 4986 3501 5049 σῦκα;
3537 4984 3723 5045 Οῦτως
3762 4973 3866 5032 οὐδὲ

622 5072 821 5130 ἁλυκὸν
854 5074 1025 5142 γλυκὺ
1059 5076 1284 5147 ποιῆσαι
1314 5076 1477 5151 ὕδωρ.
1511 5096 1530 5131 ι

698 5167 857 5223 Vens.
883 5167 938 5230 6,
978 5168 1033 5223 7.
1063 5168 1130 5223 Et
1149 5170 1338 5225 minus
1371 5174 1526 5226 estad
1546 5188 1628 5226 me
1650 5189 1784 5228 unus
1801 5190 1866 5228 ex
1889 5174 2163 5245 Seraphim
2179 5218 2194 5239 ,

2377 5168 2487 5224 Kal
2515 5166 2830 5235 ἀπεστάλη
2879 5164 3030 5233 πρὸς
3063 5164 3142 5234 μὲ
3169 5162 3239 5218 ἓν
3271 5162 3391 5217 τῶν
3428 5162 3735 5231 Σεραφεὶμ,
3781 5156 3866 5211 καὶ

622 5265 670 5310 σι
716 5258 770 5310 in
806 5273 968 5311 manu
1010 5257 1231 5313 habebat
1255 5262 1563 5328 carbonem,
1588 5280 1738 5333 quem
1770 5265 1969 5333 forcipe
2000 5268 2197 5332 accepit

2304 5261 2376 5314 ἐν
2402 5260 2476 5330 τῇ
2506 5260 2656 5329 χειρί
2697 5255 2861 5329 εἶχεν
2891 5258 3190 5325 ἄνθρακα,
3223 5255 3297 5310 ὃν
3335 5254 3409 5324 τῇ
3438 5256 3638 5308 λαὸίδι
3670 5254 3867 5308 ἐλαϐεν

623 5347 688 5401 ab
726 5348 909 5413 altari,
962 5361 1009 5404 et
1071 5352 1240 5422 tetigit
1283 5369 1340 5408 os
1375 5370 1565 5420 meum,
1609 5369 1659 5411 et
1697 5358 1832 5411 dixit
1856 5371 1875 5410 :
1906 5358 2037 5413 Ecce
2072 5360 2192 5413 teti-

2304 5354 2423 5409 ἀπὸ
2452 5352 2560 5408 τοῦ
2596 5350 3054 5418 θυσιαστηρίου.
3088 5349 3194 5403 Καὶ
3230 5347 3429 5416 ἥψατο
3454 5345 3563 5402 τοῦ
3585 5343 3865 5413 στόματός

623 5440 698 5509 git
728 5442 826 5494 hoc
851 5440 993 5494 labia
1031 5451 1148 5508 tua,
1186 5454 1235 5498 et
1258 5445 1451 5502 adimet
1490 5447 1790 5518 iniquitates
1822 5457 1964 5513 tuas,
1996 5459 2043 5504 et
2079 5465 2194 5519 pec-

2301 5465 2439 5517 μου,
2482 5444 2582 5500 καὶ
2606 5442 2803 5499 εἶπεν·
2840 5442 2997 5499 Ἰδοὺ
3026 5442 3227 5510 ἥψατο
3266 5440 3442 5494 τοῦτο
3476 5438 3597 5492 τῶν
3636 5434 3868 5507 χειλέων

622 5543 743 5589 cata
776 5542 869 5587 tua
914 5535 1240 5590 emundabit.

2306 5552 2445 5601 σου,
2486 5537 2585 5591 καὶ
2622 5535 2839 5606 ἀφελεῖ
2859 5535 2964 5601 τὰς
2988 5534 3242 5603 ἀνομίας
3276 5548 3415 5595 σου,
3447 5530 3544 5584 καὶ
3571 5529 3678 5595 τὰς
3699 5528 3866 5595 ἁμαρ·

2308 5630 2440 5695 tiae
2466 5643 2583 5683 σου
2624 5625 3048 5697 περικαθαριεῖ.

694 5708 921 5765 Divinus
969 5709 1168 5768 Paulus
1201 5712 1393 5769 scribit
1426 5715 1492 5770 de
1515 5708 1717 5772 sanctis
1746 5717 1972 5788 angelis,
2002 5733 2196 5777 omnes

2389 5722 2447 5775 '0
2499 5710 2787 5783 θεσπέσιος
2828 5718 3027 5790 γράφει
3093 5715 3303 5780 Παῦλος
3366 5713 3495 5786 περὶ
3550 5713 3658 5767 τῶν
3711 5708 3862 5776 ἁγίων

699 5864 746 5897 ³³
775 5862 916 5921 Psal.
954 5882 1076 5930 ειν.
1125 5869 1210 5925 ll.
1288 5871 1332 5904 “
1360 5869 1475 5929 Jac.
1505 5888 1588 5936 tu,
1613 5874 1665 5930 9.
