4134 6484
1371 452 1438 507 IN
1482 444 1707 505 ISA-IAM
1753 444 1878 498 LIB.
1921 442 1969 496 l.
1998 440 2204 496 ORAT.
2249 439 2339 495 IV.
3400 436 3502 489 I82

254 458 354 512 181

251 567 543 639 ἀγγέλων,
582 565 663 619 ὅτι
719 565 918 641 πάντες
958 566 1067 620 είσὶ
1112 566 1460 637 λειτουργικὰ
1511 563 1820 633 πνεύματα,

1942 570 2043 611 asse
2080 554 2425 611 administros
2459 552 2717 621 spiritus,
2748 551 2823 606 ad
2873 548 3230 607 ministerium
3274 546 3506 616 delega-

250 636 358 722 εἰς⁷
389 655 663 710 διακονίαν
709 640 1147 727 ἀποστελλόμενα
1196 636 1305 711 διά
1341 658 1465 719 τοὺς
1529 654 1819 726 μέλλοντας

1942 661 2009 701 os
2051 653 2273 716 propter
2321 656 2415 699 eos
2446 641 2540 710 qui
2590 640 2961 696 luereditatem
3000 638 3192 694 salutis
3220 636 3495 705 accepturi

250 748 610 820 κληρονομεῖν
669 746 961 817 σωτηρίαν.
1018 748 1127 801 Καὶ
1174 749 1235 802 τὸ
1280 748 1469 818 χρῆμά
1517 747 1666 799 ἔστιν
1723 745 1824 796 οὐκ

1942 745 2046 790 sunt
2067 736 2134 789 “.
2166 733 2319 801 Quod
2345 747 2453 788 non
2486 740 2570 788 est
2607 728 3132 796 obscurum.,0mnia
3160 740 3394 797 namque
3425 727 3497 780 ab

249 818 587 909 ἀσυμφανές.
614 837 800 891 Πάντα
836 838 935 908 μὲν
971 837 1081 910 γὰρ
1107 839 1166 891 ὲν
1205 839 1395 909 κόσμῳ
1433 838 1500 891 τὰ
1526 837 1676 907 παρὰ
1704 836 1824 897 ταίς

1943 827 2028 883 llis
2065 827 2331 898 supremis
2365 824 2717 895 potestatibus
2757 831 2948 878 ornate
2978 821 3363 891 splendideque
3401 818 3508 872 ad‘

249 932 367 984 ἄνω
386 929 648 998 δυνάμεσι
669 929 764 982 καὶ
790 930 955 999 τιμῆς
975 930 1091 1001 ἦτοι
1122 928 1463 999 λειτουργίας
1492 928 1668 998 μέτρα
1692 926 1822 994 παρ’

250 1021 469 1082 αὐταῖς,
500 1020 593 1073 καὶ
618 1019 734 1091 ὅροι
759 1018 1026 1073 τέθεινται
1056 1019 1155 1090 τῆς
1184 1020 1414 1073 ἑκάστου
1445 1018 1631 1086 δόξης,
1674 1013 1825 1084 παρά

249 1127 317 1177 γε
347 1110 442 1163 τοῦ
466 1110 641 1164 πάντα
670 1110 811 1163 κατὰ
832 1111 893 1163 τὸ
913 1110 1060 1178 αὐτῷ
1077 1110 1265 1164 δοκοῦν
1296 1108 1644 1179 διανέμοντος
1662 1104 1822 1158 Θεοῦ.

252 1202 402 1273 Πλὴν
434 1196 514 1264 εἷς
552 1201 637 1270 ἐφ’
680 1198 885 1255 ἅπασιν
916 1203 945 1255 6
981 1201 1167 1271 ζυγὸς,
1215 1202 1310 1255 καὶ
1341 1198 1673 1271 ὑπηρετοῦσι
1703 1196 1826 1250 νεύ-

253 1309 392 1361 μασι
420 1294 532 1354 τοῖς
549 1293 921 1356 Δεσποτικοῖς,
947 1292 1048 1345 οὐκ
1076 1291 1411 1357 ἀπαξιοῦντα
1432 1291 1531 1360 τὴν
1555 1287 1824 1351 δουλείαν,

249 1382 370 1436 ἀλλ’
402 1384 462 1435 ὲν
494 1382 659 1454 μοίρᾳ
687 1382 857 1453 τιμῆς
890 1384 987 1437 καὶ
1021 1382 1178 1454 δόξης
1218 1381 1684 1452 καταλογιζόμενά
1731 1397 1829 1432 που

249 1474 311 1525 τὸ
344 1475 404 1526 ὲν
432 1473 643 1537 τούτοις
684 1475 927 1543 γνήσιον.
976 1473 1503 1545 Προαναμοριροῦται
1548 1471 1726 1526 τοίνυν
1771 1472 1830 1523 ὲν

248 1564 553 1634 ὀφθαλμοῖς
591 1562 686 1617 τοῦ
723 1565 999 1635 προφήτου
1029 1564 1089 1617 τὸ
1125 1564 1362 1635 Χριστοῦ
1401 1564 1717 1635 μυστήριον,
1744 1562 1832 1617 διὰ

250 1655 361 1707 τῶν
414 1656 527 1709 ἄνω
571 1655 853 1725 δυνάμεων
896 1651 956 1709 εὖ
1005 1656 1150 1725 μάλα
1179 1654 1616 1725 διακονούμενον.
1671 1655 1833 1706 Ἀπο-

252 1744 534 1798 στέλλεται
565 1742 696 1813 γοῦν
726 1744 783 1799 ἓν
810 1744 917 1798 τῶν
945 1747 1223 1818 Σεραφείμ
1243 1746 1488 1817 ἄνθρακα
1510 1744 1653 1815 έχον,
1683 1744 1741 1797 ὁν
1762 1746 1828 1814 τῇ

250 1832 433 1886 λαϐίδι
476 1833 667 1887 ἔλαϐεν
694 1833 802 1887 ἀπὸ
827 1833 922 1887 τοῦ
957 1834 1367 1904 θυσιαστηρίου.
1400 1836 1509 1889 Καὶ
1537 1835 1695 1888 τοῦτο
1718 1833 1827 1904 ἄρα

1928 917 2326 981 ministrentur,
2361 923 2416 969 et
2459 913 2680 969 honoris
2706 952 2721 978 ,
2773 920 2825 966 et
2863 910 3351 965 administrationis
3386 916 3501 963 ter-

1929 1008 2060 1063 mini
2119 1007 2366 1075 llnesque
2434 1004 2617 1074 gloria:
2686 1004 2880 1069 cuique
2948 1008 3074 1054 sunt
3128 996 3403 1052 constituti
3471 1010 3503 1048 a

1930 1100 2067 1164 Deo,
2106 1097 2199 1168 qui
2235 1096 2415 1151 omnia
2467 1109 2563 1164 pro
2600 1092 2863 1147 arbitratu
2907 1103 3008 1145 suo
3062 1087 3358 1156 dispensat.
3408 1085 3504 1139 At-

1928 1189 2021 1260 qui
2060 1188 2201 1244 idem
2241 1186 2393 1257 quasi
2419 1185 2606 1255 jugum
2636 1192 2720 1239 est
2752 1181 3005 1237 omnibus
3049 1176 3255 1233 sanctis
3291 1174 3502 1244 spiriti-

1929 1280 2052 1345 bus,
2078 1286 2135 1334 et
2172 1276 2385 1331 Domini
2412 1276 2562 1330 nutui
2592 1272 2856 1337 serviunt,
2910 1285 3012 1323 non
3056 1266 3331 1337 indignam
3359 1279 3496 1320 cen-

1931 1378 2114 1425 sentes
2137 1368 2479 1431 servitutem,
2526 1364 2621 1420 sed
2650 1362 2839 1418 honori
2875 1359 3131 1428 laudique
3165 1354 3505 1411 ducentes‘id

1933 1469 2183 1530 prompto
2241 1473 2305 1512 ac
2366 1455 2573 1511 liberali
2633 1453 2814 1507 animo
2865 1450 3067 1505 facere.
3124 1446 3507 1515 Praalignratur

1935 1551 2097 1618 igitur
2124 1549 2194 1604 ob
2224 1547 2409 1603 oculos
2453 1546 2727 1616 propheta:
2792 1539 3107 1612 mysterium
3146 1536 3371 1599 Christi,
3412 1550 3510 1603 per

1935 1655 2158 1709 superas
2201 1646 2496 1709 potestates
2538 1635 2738 1705 optime
2783 1630 3239 1687 administratum.
3277 1624 3509 1679 Mittitur

1935 1731 2116 1800 itaque
2161 1744 2193 1783 e
2226 1727 2509 1797 Seraphim
2559 1739 2721 1787 unus,
2770 1723 3059 1778 carbonem
3090 1717 3315 1780 habens,
3346 1730 3509 1785 quem

1935 1820 2006 1875 de
2038 1834 2129 1874 ara
2163 1817 2393 1887 sumpsit
2430 1815 2655 1885 forcipe.
2699 1810 2825 1868 Haec
2862 1812 3080 1865 demum
3131 1816 3250 1864 erat
3302 1807 3507 1863 Christi

250 1921 321 1993 ἦν
364 1925 604 1997 Χριστοῦ
640 1924 928 1996 σύμὸολον,
970 1886 1128 1987 ager
1172 1886 1641 1996 uagas...
1670 1886 1827 1995 ήμῶν

1942 1907 2257 1980 signiﬁcatio
2289 1886 2355 1962 iet
2413 1904 2842 1975 repraesentatio,
2884 1901 2975 1971 qui
3003 1910 3225 1971 propter
3274 1914 3372 1953 nos
3442 1912 3509 1952 ac

252 2014 659 2084 προσεκόμισεν
686 2011 877 2066 ἑαυτὸν
906 2011 983 2083 τῷ
1014 2012 1133 2083 Θεῷ
1167 2014 1262 2066 καὶ
1297 2013 1495 2084 Πατρὶ,
1522 2016 1602 2076 εἰς
1635 2012 1828 2066 θυσίαν

252 2106 636 2175 πνευματικήν
672 2104 921 2176 καθαρὰν
952 2105 1046 2159 καὶ
1087 2105 1355 2176 ἀϐέϐηλον
1389 2107 1485 2159 καὶ
1532 2108 1612 2168 εἰς
1658 2105 1832 2176 ὁσμήν

252 2198 510 2261 εὐωδίας.
543 2196 730 2271 Ταύτῃ
752 2214 836 2251 τοι
862 2197 959 2250 καὶ
990 2197 1136 2270 μάλα
1162 2197 1388 2261 εἰκότως
1417 2199 1481 2251 ὲκ
1512 2197 1607 2251 τοῦ
1646 2197 1834 2251 θυσια-

252 2289 485 2361 οτηρίου
510 2288 865 2359 λαμϐάνεται.
898 2289 1302 2359 Παρεικάζεταί
1324 2305 1388 2357 γε
1422 2288 1531 2359 μὴν
1578 2287 1830 2359 ἄνθρακι’

250 2378 349 2428 καὶ
379 2376 473 2431 διὰ
500 2376 659 2431 ποίαν
686 2378 870 2431 αἰτίαν
900 2378 1076 2447 εἰπεῖν
1103 2377 1594 2447 άναγκαίον.Ἐθος
1618 2379 1683 2448 τῇ
1714 2376 1833 2430 θεο-

252 2465 511 2536 πνεύστῳ
537 2467 728 2539 Γραφῇ
768 2469 905 2538 πυρὶ
944 2468 1047 2540 τὴν
1076 2469 1228 2523 Θείαν
1260 2469 1617 2540 παρεικάζειν
1648 2470 1831 2538 φύσιν.

258 2559 444 2629 Ὠφθη
488 2559 598 2632 γὰρ
627 2560 772 2614 οὕτω
809 2559 886 2631 τῷ
939 2561 1197 2632 μακαρίῳ
1249 2560 1465 2632 Ἰσραὴλ
1510 2562 1569 2614 ὲν
1608 2560 1686 2631 τῷ
1718 2560 1835 2631 δρει

254 2650 478 2721 Χωρὴμ
502 2652 621 2722 ἦτοι
648 2653 779 2706 Σινᾶ
799 2655 866 2723 τῇ
890 2653 1075 2725 ήμέρᾳ
1091 2653 1189 2725 τῆς
1211 2654 1530 2724 ἐκκλησίας.
1561 2652 1718 2707 Οὖτω
1740 2654 1836 2707 καὶ

252 2743 408 2813 αὐτῷ
431 2743 511 2815 τῷ
534 2744 789 2816 μακαρίῳ
818 2746 993 2817 Μωσῇ
1015 2746 1363 2816 ποιμαίνοντι
1401 2745 1545 2800 κατὰ
1580 2744 1680 2817 τὴν
1704 2744 1836 2816 ἔρη-

254 2852 380 2907 μον,
417 2837 478 2889 ὲν
506 2836 633 2889 εἰδει
657 2837 828 2906 πυρὸς
852 2837 911 2890 ὲν
937 2836 1013 2909 τῷ
1046 2836 1193 2909 βάτῳ
1220 2836 1364 2891 κατὰ
1396 2838 1645 2909 καιροὺς,
1679 2836 1836 2908 ὤφθη

251 2946 315 2982 τε
345 2929 445 2983 καὶ
477 2929 819 3000 προσελάλει.
846 2931 1057 3001 ’Ὠσπερ
1097 2926 1192 2983 οῦν
1223 2931 1259 2983 ὁ
1298 2928 1501 3000 ἄνθραξ
1533 2928 1689 2993 ξύλον
1718 2928 1839 2981 ἐστὶ

252 3023 323 3089 τῇ
356 3019 541 3089 φύσει,
571 3020 709 3088 πλὴν
740 3021 859 3084 ὅλος
881 3021 948 3074 δι’
977 3021 1100 3074 ὅλου
1135 3019 1482 3091 μεμέστωται
1517 3019 1611 3072 τοῦ
1641 3018 1835 3090 πυρὸς,

254 3112 351 3164 καὶ
375 3112 481 3182 τὴν
504 3111 667 3166 αὑτοῦ
697 3111 926 3183 δύναμίν
963 3129 1023 3166 τε
1066 3113 1162 3166 καὶ
1201 3112 1484 3182 ἐνέργειαν
1515 3111 1657 3182 ἔχει’
1694 3111 1837 3166 κατὰ

253 3199 474 3263 τοῦτον,
498 3196 683 3272 οἶμαι,
717 3200 918 3279 τρόπον
950 3201 1108 3254 νοοῖτ’
1136 3200 1204 3255 ἂν
1233 3199 1458 3264 εἰκότως
1495 3201 1589 3253 καὶ
1619 3199 1781 3262 αὐτὸς
1803 3200 1832 3253 6
1865 3215 1907 3273 ο

256 3291 469 3363 Κύριος
496 3292 653 3362 ήμῶν
686 3290 892 3363 Ἰησοῦς
920 3293 949 3345 6
968 3291 1203 3362 Χριστός
1224 3308 1238 3322 ·
1275 3308 1295 3343 ι
1325 3290 1527 3358 Γέγονε
1553 3288 1662 3361 γὰρ
1698 3289 1837 3360 σὰρξ

257 3384 287 3433 6
327 3381 531 3450 Λόγος,
560 3381 657 3435 καὶ
694 3382 1002 3452 ἐσκήνωσεν
1032 3382 1090 3436 έν
1114 3383 1269 3452 ἡμῖν.
1312 3399 1332 3434 ι
1379 3380 1518 3433 Ἀλλ’
1554 3382 1602 3433 εί
1632 3379 1725 3433 καὶ
1769 3374 1840 3450 ἦν

258 3473 385 3526 καθ’
429 3474 579 3543 ἡμᾶς
619 3470 895 3544 ὁρώμενος
938 3470 1225 3543 ἄνθρωπος
1271 3470 1669 3542 οἰκονομικῶς,
1726 3469 1839 3524 ἀλλ’

256 3558 353 3616 οὖν
399 3563 550 3617 ἅπαν
576 3562 638 3616 τὸ
673 3563 772 3632 τῆς
818 3562 1069 3633 θεότητος
1101 3562 1378 3633 πλήρωμα
1421 3562 1744 3632 κατῴκησεν
1782 3562 1841 3614 ὲν

258 3654 454 3725 αὐτῷ,
507 3655 647 3709 κατά
691 3655 756 3723 γέ
814 3671 957 3724 φημι
1008 3654 1098 3707 τὸν
1155 3654 1255 3723 τῆς
1316 3652 1565 3717 ὲνώσεως
1616 3653 1839 3724 τρόπον.

259 3746 540 3817 Ταύτῃτοι
575 3746 671 3799 καὶ
700 3745 789 3799 διὰ
823 3744 925 3815 τῆς
954 3744 1089 3809 ἰδίας
1115 3745 1315 3816 σαρκὸς
1365 3743 1843 3815 θεοπρεπεστάτας

260 3839 405 3910 ἔχων
430 3839 622 3910 ὁρᾶται
650 3837 749 3900 τὰς
776 3838 1077 3907 ἐνεργείας.
1102 3835 1321 3905 Ἥψατο
1345 3833 1476 3904 γοῦν
1518 3834 1617 3905 τῆς
1656 3832 1840 3907 σοροῦ,

262 3933 360 3985 καὶ
392 3931 661 4002 ἀνέστησε
703 3930 794 3984 τὸν
813 3928 1083 3983 τεθνεῶτα
1110 3928 1210 3998 τῆς
1231 3928 1407 3998 χήρας
1432 3926 1568 3979 υίόν.
1593 3926 1704 3979 Καὶ
1736 3925 1843 3995 μὴν

260 4025 359 4077 καὶ
385 4022 599 4085 πτύσας
629 4020 854 4075 ἐνετίθει
875 4020 1096 4090 τυφλοῖς
1122 4018 1184 4074 τὸ
1210 4018 1448 4089 βλέπειν,
1484 4017 1642 4089 πηλῷ
1671 4035 1842 4072 κατα-

264 4114 441 4186 χρίων
486 4114 612 4177 τοὺς
659 4111 993 4182 ὀφθαλμούς.
1038 4109 1307 4182 ’Δνθρακι
1351 4109 1417 4180 δὴ
1463 4105 1556 4163 οὖν
1590 4104 1650 4163 εὖ
1698 4108 1845 4180 μάλα

263 4204 674 4277 παρεικαστέον
702 4203 792 4257 τὸν
808 4202 1175 4273 Ἐμμανουήλ,
1197 4200 1256 4265 ὃς
1283 4201 1332 4253 εἰ
1364 4201 1460 4254 καὶ
1486 4198 1699 4268 γένοιτό
1729 4216 1847 4261 πως

263 4300 324 4353 έν
357 4299 477 4361 τοῖς
512 4296 799 4368 ἡμετέροις
846 4293 1099 4365 χείλεσιν,
1155 4293 1332 4363 πάντη
1367 4309 1427 4345 τε
1482 4291 1577 4346 καὶ
1628 4291 1847 4354 πάντως

265 4393 499 4464 ἀφαιρεῖ
541 4391 640 4453 τὰς
680 4388 975 4460 ἁμαρτίας,
1028 4387 1123 4441 καὶ
1174 4385 1561 4457 περικαθαριεῖ
1590 4384 1690 4448 τὰς
1722 4385 1848 4436 ἀνο-

268 4486 422 4553 μίας.
469 4475 603 4535 Εἷτα
645 4479 761 4542 πῶς
804 4481 861 4531 ὲν
887 4480 999 4541 τοῖς
1041 4477 1330 4549 ἡμετέροις
1371 4474 1609 4546 χείλεσιν
1658 4473 1843 4539 έσται;

269 4578 444 4629 Ὅταν
482 4573 584 4642 τὴν
629 4572 809 4625 πίστιν
841 4569 1192 4639 ὁμολογῶμεν
1218 4566 1317 4639 τὴν
1354 4569 1435 4628 εἰς
1463 4564 1645 4618 αὐτόν.
1689 4562 1846 4617 Οὕτω

268 4663 366 4715 καὶ
409 4661 440 4713 ὁ
489 4657 773 4720 θεσπέσιος
818 4657 1020 4727 γράφει
1071 4654 1314 4719 Παῦλος·
1346 4672 1365 4706 ι
1409 4654 1605 4722 Ἐγγύς
1646 4669 1741 4706 σου
1787 4652 1849 4705 τὸ

274 4753 432 4824 ρἧά
464 4751 633 4815 ἐστιν,
675 4750 733 4802 ὲν
775 4747 852 4818 τῷ
884 4746 1110 4817 στόματί
1148 4763 1264 4809 σ⁰υ’
1313 4745 1410 4797 καὶ
1453 4747 1511 4798 ἐν
1540 4746 1606 4814 τῇ
1647 4742 1847 4821 καρδίᾳ

275 4861 395 4897 σου*
445 4841 594 4895 τοῦτ’
627 4840 745 4893 ἐστι
786 4840 849 4892 τὸ
890 4839 1040 4908 ῥῆμα
1070 4836 1171 4907 τῆς
1199 4835 1457 4899 πίστεως,
1504 4833 1533 4887 ὃ
1578 4832 1852 4905 κηρύσσο-

278 4950 402 5004 μεν.
452 4933 578 4988 Ὀτι
614 4931 711 4984 ἐὰν
754 4929 1097 5000 ὁμολογήσῃς
1156 4928 1213 4979 έν
1259 4924 1338 4996 τῷ
1386 4923 1615 4994 στόματί
1649 4938 1742 4976 σου
1770 4922 1852 4975 ὅτι

276 5026 487 5097 Κύριος
540 5021 772 5094 Ἰησοῦς,
817 5023 911 5075 καὶ
940 5018 1242 5091 πιστεύσῃς
1277 5018 1335 5071 ὲν
1365 5017 1432 5085 τῇ
1484 5013 1684 5086 καρδίᾳ
1733 5030 1853 5076 σου,

275 5117 364 5171 ὅτι
410 5118 442 5170 ὁ
489 5114 623 5175 Θεὸς
677 5112 839 5166 αὐτὸν
894 5111 1114 5182 ἤγειρεν
1177 5110 1242 5161 ὲκ
1286 5105 1532 5178 νεκρῶν,
1594 5104 1850 5177 σωθήσῃ·

282 5206 485 5281 καρδία
530 5204 640 5277 γὰρ
695 5203 1009 5258 πιστεύεται
1067 5202 1148 5265 είς
1211 5198 1593 5269 δικαιοσύνην,
1627 5197 1853 5268 στόματι

282 5300 343 5353 δὲ
372 5296 718 5367 ὁμολογεῖται
742 5295 822 5359 εἰς
856 5293 1147 5365 σωτηρίαν.
1188 5310 1207 5343 ι
1238 5291 1418 5343 Ἔστω
1445 5288 1626 5341 τοίνυν
1654 5288 1713 5341 ἐν
1740 5287 1854 5349 τοῖς

283 5394 518 5467 χείλεσιν
550 5391 706 5463 ἡμῶν
732 5388 765 5442 ὅ
798 5388 938 5450 θεῖος
984 5383 1209 5456 ἄνθραξ,
1249 5381 1279 5434 6
1312 5381 1400 5435 τὸν
1447 5382 1512 5434 ὲκ
1547 5381 1646 5451 τῆς
1678 5380 1857 5449 ἁμαρ-

284 5487 409 5549 τίας
456 5481 817 5551 καταφλέγων
840 5474 1123 5548 συρφετὸν,
1156 5473 1251 5526 καὶ
1278 5472 1374 5524 τὸν
1409 5473 1472 5524 ὲκ
1503 5470 1603 5539 τῆς
1627 5468 1857 5539 ἀνομίας

288 5578 538 5647 ὲγτήκων
606 5572 776 5644 ῥύπον
798 5611 814 5633 ,
860 5568 953 5621 καί¹
1001 5564 1219 5631 ζέοντας
1262 5563 1410 5632 ἡμᾶς
1457 5558 1734 5614 ἀποτελῶν
1783 5556 1859 5627 τῷ

292 5668 586 5737 πνεύματι.
617 5665 679 5717 Εἰ
718 5662 776 5715 δὲ
806 5661 871 5731 δή
914 5659 1124 5727 λέγοιτο
1157 5659 1222 5727 τῇ
1254 5654 1426 5709 λαὸίδι
1465 5650 1858 5722 λαμϐάνεσθαι,

372 5824 412 5853 ⁸⁸
456 5820 614 5878 Hebr.
647 5836 685 5886 ι,
720 5817 799 5874 14.
879 5818 921 5848 ³⁵
952 5813 1106 5868 Jonn.
1139 5828 1175 5878 ι,
1214 5809 1300 5865 Η.
1373 5809 1418 5840 ’⁸
1452 5806 1605 5863 Rom.
1640 5820 1712 5868 xt,
1747 5806 1801 5858 8.
1877 5802 1918 5833 ’⁷

1934 2009 2116 2056 nestra
2149 2012 2311 2053 causa
2341 1995 2577 2065 seipsum
2621 1993 2674 2047 in
2721 1990 3048 2046 sacrificium
3080 1986 3381 2059 spirituale,
3407 2000 3510 2054 pu-

1935 2106 2054 2147 rum
2089 2104 2155 2145 ac
2189 2086 2555 2158 impollutum,
2586 2081 2803 2146 obtulit,
2851 2081 2904 2135 in
2941 2080 3164 2135 odorem
3192 2077 3372 2133 suavis
3394 2076 3509 2130 ιω.

1933 2181 2175 2253 grantiae.
2228 2180 2416 2247 Itaque
2471 2190 2581 2231 non
2632 2174 2730 2229 abs
2793 2187 2852 2227 re
2902 2172 2969 2226 de
3020 2169 3176 2225 altari
3224 2167 3511 2237 accipitur.

1934 2274 2103 2340 Quam
2120 2256 2307 2326 'autem
2339 2269 2409 2323 ob
2436 2280 2653 2323 causam
2688 2263 3017 2319 assimiletur
3065 2274 3249 2330 prunas
3272 2298 3301 2326 ,-
3320 2259 3509 2312 dicen-

1937 2366 2063 2419 dum
2113 2371 2198 2417 est
2247 2358 2579 2415 necessario.
2620 2352 2917 2409 Familiare
2949 2361 3035 2406 est
3061 2349 3353 2418 Scriptura
3375 2346 3512 2400 divi-

1936 2456 2079 2509 nitus
2118 2451 2388 2520 inspirata:
2438 2446 2673 2504 divinam
2738 2453 2987 2499 naturam
3016 2441 3133 2512 igni
3155 2451 3513 2507 comparare-

1938 2546 2028 2601 Sic
2073 2545 2219 2597 enim
2266 2540 2516 2611 apparuit
2558 2535 2742 2593 lsraeli
2793 2536 2848 2590 in
2915 2541 3095 2588 monte
3144 2530 3358 2586 Choreb
3416 2541 3517 2591 seu

1940 2637 2092 2701 Sina,
2124 2637 2175 2690 in
2239 2635 2326 2688 die
2358 2629 2814 2701 congregationis.
2877 2625 2970 2681 Sic
3014 2624 3179 2679 etiam
3210 2621 3310 2691 ipsi
3353 2620 3523 2675 beato

1937 2727 2067 2782 Mosi
2094 2724 2333 2795 pascenti
2364 2724 2415 2777 in
2440 2724 2677 2784 deserto,
2701 2719 2880 2789 specie
2923 2716 3062 2785 ignis
3106 2714 3236 2768 olim
3286 2713 3337 2766 in
3373 2713 3512 2765 rubo

1938 2827 2259 2888 conspectus
2315 2822 2419 2879 est,
2476 2820 2531 2867 et
2574 2810 2997 2879 colloquebatur.
3051 2800 3516 2870 Quemadmodum

1940 2908 2105 2979 igitur
2132 2907 2295 2961 carbo
2335 2904 2536 2973 lignum
2577 2902 2792 2971 quidem
2818 2906 3007 2952 natura
3030 2902 3140 2959 est,
3155 2908 3340 2946 verum
3373 2901 3519 2945 totus

1938 2999 2083 3056 omni
2114 3013 2180 3052 ex
2219 3003 2371 3067 parte
2399 2993 2505 3062 igni
2530 2992 2721 3062 plenus
2762 2997 2868 3053 est,
2907 2986 3128 3056 ejusque
3158 2985 3266 3038 vim
3303 2991 3358 3037 et
3391 2980 3517 3035 em-

1940 3091 2225 3147 cacitatem
2290 3086 2493 3141 habet:
2530 3087 2597 3138 ad
2655 3082 2928 3146 eumdem,
2990 3087 3137 3148 puto,
3191 3075 3410 3129 modum
3457 3080 3517 3125 et

1942 3183 2056 3252 ipse
2077 3178 2338 3235 Dominus
2376 3184 2557 3231 noster
2606 3172 2765 3227 Iesus
2806 3170 3056 3226 Christus
3104 3164 3302 3221 merito
3334 3172 3525 3234 potest

1944 3272 2212 3342 intelligi:
2261 3267 2433 3323 «Caro
2453 3267 2598 3321 enim
2631 3262 2868 3317 Verbum
2920 3259 3115 3313 factum
3146 3268 3248 3323 est,
3303 3267 3359 3312 et
3409 3256 3509 3310 ba-

1941 3362 2131 3419 bitavit
2165 3361 2218 3414 in
2236 3359 2388 3415 nobis
2404 3360 2506 3411 ".t
2544 3356 2742 3411 Verum
2778 3353 3025 3423 quamvis
3046 3360 3192 3405 esset
3219 3350 3379 3403 homo
3411 3361 3508 3399 no-

1943 3453 2025 3507 bis
2080 3450 2271 3506 similis
2331 3448 2542 3504 ratione
2596 3444 3033 3516 dispensationis,
3097 3451 3277 3494 tamen
3337 3436 3517 3495 omnis

1943 3542 2217 3615 plenitudo
2244 3540 2539 3596 divinitatis
2566 3539 2621 3594 in
2649 3553 2715 3594 eo
2740 3536 3021 3600 habitavit,
3076 3536 3235 3589 modo
3294 3530 3519 3599 inquam

1943 3633 2181 3689 unionis.
2225 3631 2364 3687 Hinc
2394 3639 2449 3686 et
2505 3629 2559 3685 in
2601 3642 2766 3683 carne
2792 3641 2888 3682 sua
2922 3624 3083 3694 108
3115 3623 3268 3693 plane
3295 3622 3519 3676 divinis»

1946 3725 2138 3781 simam
2189 3721 2449 3791 operandi
2513 3720 2767 3775 virtutem
2813 3719 3014 3772 habere
3043 3716 3310 3769 cernitur.
3349 3712 3531 3766 Tacto-

1947 3817 2210 3887 siquidem
2242 3815 2441 3881 loculo,
2485 3822 2754 3868 mortuum
2791 3810 2965 3865 viduae
2998 3807 3164 3861 lilium
3195 3805 3519 3867 suscitavit;

1946 3919 2144 3965 etcum
2192 3906 2502 3975 inspuisset,
2529 3902 2643 3957 luto
2669 3900 2907 3955 inunctis
2935 3896 3131 3959 oculis,
3152 3894 3311 3950 caecis
3340 3894 3518 3947 visum

1946 4000 2219 4063 restituit.
2258 3994 2585 4050 Rectissime
2618 4006 2749 4061 ergo
2801 3993 2887 4045 hic
2926 3986 3245 4042 Emmanuel
3295 3985 3533 4041 carboni

1948 4091 2345 4161 comparandus
2368 4096 2474 4149 est,
2532 4085 2624 4155 qui
2666 4084 2713 4139 si
2763 4084 2815 4137 in
2861 4082 3064 4137 nostris
3102 4078 3513 4149 quodammodo

1947 4185 2104 4242 labiis
2126 4182 2308 4238 fuerit.
2347 4178 2567 4235 omnino
2598 4184 2817 4246 peccata
2841 4171 3070 4236 auferet,
3100 4180 3156 4226 et
3185 4170 3507 4239 iniquitates

1947 4273 2295 4347 expurgabit.
2324 4268 2606 4336 Quomodo
2637 4275 2816 4320 autem
2861 4264 2915 4318 in
2965 4262 3123 4317 labiis
3148 4262 3344 4316 nostris
3376 4257 3517 4315 erit?

1948 4366 2160 4437 quando
2193 4364 2369 4426 Iidem,
2394 4375 2512 4430 qua:
2534 4359 2586 4411 in
2615 4357 2786 4426 ipsum
2816 4364 2919 4418 est,
2958 4352 3191 4408 confessi
3222 4350 3515 4405 fuerimus.

1950 4459 2025 4514 lta
2051 4468 2105 4513 et
2137 4456 2349 4511 divinus
2396 4452 2593 4507 Paulus
2642 4448 2929 4516 περι-ονε
2993 4454 3046 4501 te
3105 4444 3328 4499 verbum
3385 4452 3506 4507 est,

1879 4539 1922 4595 Ῑ)
1952 4552 2005 4606 in
2037 4562 2132 4603 ore
2187 4556 2299 4610 tuo,
2334 4555 2387 4599 et
2425 4544 2478 4596 in
2530 4542 2694 4596 corde
2754 4548 2868 4603 tuo;
2936 4539 3051 4592 haec
3097 4544 3182 4590 est
3210 4532 3521 4603 praedicatio

1953 4640 2075 4697 ﬁdei
2123 4652 2285 4710 quam
2333 4634 2707 4706 praedicamus.
2760 4630 2898 4697 Quia
2949 4628 2994 4683 si
3037 4625 3316 4710 confessus
3351 4622 3529 4679 fueris

1952 4747 2046 4788 ore
2083 4708 2175 4785 tuo
2214 4728 2497 4782 Dominum
2532 4722 2740 4788 Jesum,
2791 4729 2847 4775 et
2890 4708 3185 4773 credideris
3217 4714 3380 4771 corde
3429 4725 3533 4770 tuo.

1946 4812 2122 4882 Deum
2139 4818 2590 4887 exeitasseipsum
2613 4830 2645 4870 e
2691 4811 2939 4874 mortuis,
2964 4807 3267 4865 servaberis
3309 4824 3323 4861 :
3360 4806 3523 4862 corde

1954 4916 2098 4972 enim
2132 4913 2371 4970 creditur
2415 4909 2482 4964 ad
2528 4904 2994 4977 iustiﬁcationem,
3045 4916 3143 4957 ore
3177 4908 3355 4963 autem
3385 4913 3521 4953 con-

1958 5007 2124 5063 fessio
2161 5004 2220 5058 ﬁt
2240 5004 2306 5057 ad
2340 5000 2567 5056 salutem
2596 4997 2642 5030 “
2669 4997 2736 5051 ".
2766 5014 2786 5048 ι
2821 4994 2903 5048 Sit
2928 4995 3108 5065 itaque
3136 4993 3188 5045 in
3242 4990 3397 5044 labiis
3430 5005 3529 5044 no-

1959 5097 2091 5154 stris
2120 5095 2335 5149 divinus
2366 5091 2552 5151 carbo.
2601 5088 2694 5158 qui
2720 5085 2923 5155 peccati
2965 5081 3284 5153 quisquilias
3325 5081 3524 5143 exurit,

1960 5200 2016 5246 et
2041 5184 2341 5257 iniquitatis
2385 5182 2574 5238 sordes
2595 5179 2788 5248 liquat,
2815 5185 2871 5233 et
2892 5190 2994 5230 nos
3023 5174 3220 5245 spiritu
3251 5172 3544 5229 ferventes.

1964 5278 2156 5336 reddit.
2180 5274 2331 5343 Quod
2356 5281 2535 5328 autem
2563 5270 2763 5325 dicitur
2795 5266 3002 5336 forcipe
3059 5264 3249 5335 accipi,
3304 5264 3523 5333 elegan-

1961 5380 2042 5425 ter
2066 5367 2369 5436 intelliges;
2417 5362 2559 5433 quod
2608 5362 2764 5416 tidem
2819 5359 2873 5413 in
2904 5359 3019 5428 ipso
3052 5371 3116 5411 ac
3161 5355 3524 5425 cognitionem

1962 5460 2222 5531 legalibus
2277 5465 2333 5512 et
2376 5454 2705 5527 propheticis
2757 5451 3185 5509 institutionibus
3220 5450 3335 5502 sive
3383 5460 3525 5513 pra:-

1963 5550 2323 5611 dictionibus,
2388 5555 2643 5615 tanquam
2707 5543 2961 5614 quapiam
3011 5540 3215 5608 forcipe
3260 5536 3537 5605 capimus-

1966 5639 2118 5697 Unde
2156 5638 2354 5711 passim
2384 5635 2448 5691 ad
2485 5635 2767 5693 veritatem
2799 5633 3129 5705 probandam
3157 5668 3179 5697 ,
3215 5634 3551 5682 sanctorum,

1946 5799 2073 5855 ibid.
2108 5798 2189 5851 l0.
