4134 6494
1398 431 1468 488 ΙΝ
1505 431 1740 487 ιεΑιΑιι
1781 431 1910 486 LIB.
1957 432 1996 485 l.
2034 431 2243 488 ORAT.
2282 430 2367 489 IV.

3404 433 3505 490 186

234 560 446 622 πίστιν,
477 554 805 625 πεποίηνται
844 551 944 622 τὴν
981 547 1154 617 καλὴν
1199 547 1512 618 ὁμολογίαν,
1545 547 1724 617 ἥψατο
1763 546 1822 600 δὲ

1951 551 2141 605 ιιιυειεί
2176 548 2352 604 Moses
2387 549 2820 615 sapientissimus
2846 548 2986 601 dicat
3019 566 3033 603 :
3072 566 3089 600 ι
3121 549 3384 614 Obsecro,
3408 553 3513 605 Do-

229 652 330 706 καὶ
363 647 545 703 αὐτῶν
571 648 602 700 6
626 644 833 716 ἄνθραξ
852 683 866 705 ,
900 642 1022 696 τότε
1053 641 1148 695 καὶ
1186 641 1480 709 κέκληνται
1513 639 1649 709 πρὸς
1677 640 1817 691 ἀποο

231 739 450 810 στολὴν,
496 737 593 790 καὶ
634 732 965 806 ἠκολούθουν
1014 729 1299 801 ἀμελλητὶ,
1345 729 1521 783 καίτοι
1569 727 1819 796 λέγοντος

229 830 330 886 τοῦ
364 829 646 898 πανσόφου
672 825 951 888 Μωσέως-ο
985 843 1004 874 ι
1036 822 1239 892 Δέομαι
1262 861 1278 885 ,
1309 820 1506 890 Κύριε,
1542 818 1822 891 προχείρι-

234 941 325 980 σαι
364 922 523 976 ἄλλον
566 919 885 990 δυνάμενον,
913 917 972 970 δν
998 913 1350 982 ἀποστελεῖςγ·
1390 932 1409 966 ι
1466 912 1731 983 Ἰερεμίου
1764 910 1821 964 δὲ

234 1014 399 1068 πάλιν
420 1030 438 1046 ·
472 1030 493 1064 ι
513 1012 573 1065 Ὀ
605 1009 702 1073 ὢν,
729 1010 978 1062 Δέσποτα
996 1006 1193 1078 Κύριε,
1239 1004 1350 1058 ἰδοὺ
1385 1003 1487 1056 οὑκ
1522 1002 1822 1072 ἐπίσταμαι

232 1106 438 1169 λαλεῖν,
463 1105 544 1158 ὅτι
584 1102 694 1167 ἐγὼ
731 1099 995 1171 νεώτερός
1023 1099 1159 1168 είμι.
1199 1115 1218 1148 ι
1262 1094 1598 1165 Θερμότεροι
1631 1093 1695 1164 δὴ
1727 1086 1823 1146 οὖν

235 1197 373 1269 πρὸς
425 1194 727 1265 ἀποστολὴν
785 1191 883 1245 καὶ
944 1187 1221 1244 διακονίαν
1278 1184 1389 1239 τῶν
1445 1182 1823 1256 ἀρχαιοτέρων

232 1287 409 1357 ἁγίων
460 1289 511 1339 οἱ
560 1289 620 1340 ὲν
670 1283 909 1356 Χριστῷ.
964 1282 1075 1336 Καὶ
1121 1278 1297 1350 σαφὴς
1344 1276 1411 1331 ἂν
1453 1276 1665 1345 γένοιτο
1708 1274 1806 1327 τοῦ

1927 643 2092 705 nilne,
2142 648 2333 708 coepta
2375 639 2538 691 alium
2570 648 2871 709 potentem,
2897 654 3056 708 quem
3090 643 3276 695 mittas
3293 643 3395 697 ⁸⁵.»
3446 644 3509 697 Iit

1925 727 2191 784 Jeremias
2238 729 2434 783 iterum
2473 748 2485 783 :
2531 746 2551 780 ι
2592 729 2670 782 Tu
2700 728 2794 798 qui
2848 744 2987 793 es,o
3041 731 3355 786 Dominator
3406 733 3510 785 Dn-

1930 820 2095 883 mine,
2155 834 2283 875 ecce
2345 834 2451 873 non
2503 818 2618 873 scio
2669 819 2839 887 loqui,
2886 820 3140 888 quoniam
3190 838 3293 893 ego
3328 824 3512 890 junior

1931 926 2053 967 sum
2088 910 2158 965 ³ο.
2202 930 2219 963 ι
2285 911 2664 966 Ferventiores
2699 911 2862 981 igitur
2925 912 2992 965 ad
3047 915 3404 981 apostolatum
3457 923 3513 968 ct

1933 1001 2295 1057 ministerium
2327 1002 2663 1067 Christiani,
2699 1018 2859 1072 quam
2896 1013 3108 1057 veteres
3158 1006 3351 1059 sancti.
3387 1005 3515 1058 illu-

1932 1094 2067 1149 stris
2097 1104 2282 1148 autem
2309 1094 2471 1163 hujus
2497 1095 2576 1150 rei
2617 1105 2773 1165 typus
2808 1109 2928 1150 esse
2951 1095 3147 1163 poterit
3174 1095 3362 1150 beatus
3383 1112 3508 1166 pro-

1930 1184 2092 1252 pheta
2138 1182 2332 1248 lsaias,
2372 1194 2495 1255 post
2544 1185 2802 1239 carbonis
2849 1193 3134 1251 attactum,
3159 1200 3282 1239 cum
3313 1185 3513 1240 clamat

1929 1283 1987 1330 et
2010 1276 2143 1330 dicit
2172 1297 2187 1332 :
2219 1296 2239 1328 ι
2269 1276 2411 1331 Ecce
2440 1292 2561 1348 ego,
2594 1278 2748 1331 mitte
2776 1291 2881 1331 me.
2908 1295 2929 1327 ι

233 1382 561 1453 πράγματος
608 1380 776 1441 τύπος
818 1380 847 1431 6
898 1376 1164 1447 μακάριος
1208 1372 1496 1442 προφήτης
1551 1368 1814 1434 Ἡσαΐας,
1852 1369 1991 1439 μετά
2048 1370 2147 1442 τὴν
2173 1371 2266 1426 τοῦ
2324 1371 2595 1443 ἄνθρακος
2651 1371 2868 1442 ἐπαφὴν
2900 1368 3293 1442 ἀνακεκραγώς
3324 1385 3385 1422 τε
3418 1368 3514 1421 καὶ

231 1476 411 1543 λέγων
434 1473 528 1527 τό·
572 1491 590 1524 ι
639 1471 768 1524 Ἰδοὺ
800 1469 931 1539 ἐγὼ,
964 1465 1281 1522 ἀπόστειλόν
1323 1481 1412 1535 με.
1454 1482 1474 1514 ι

302 1571 416 1627 Καὶ
430 1566 628 1623 εἷπεν·
656 1567 1003 1635 Πορεύθητι,
1033 1565 1131 1618 καὶ
1156 1559 1334 1616 εἶπον
1359 1560 1440 1627 τῷ
1468 1558 1596 1626 ,λαῷ
1612 1558 1821 1624 τούτῳ·

2006 1554 2169 1607 Vsus.
2207 1552 2261 1616 9,
2298 1552 2384 1607 ll).
2422 1550 2487 1604 Et
2523 1553 2659 1606 dixit
2696 1567 2715 1606 :
2762 1551 3131 1620 Proﬁciscere.
3190 1564 3240 1605 et
3288 1555 3374 1607 die
3413 1571 3511 1624 po-

245 1663 422 1731 Ἀκοῇ
445 1662 755 1725 ἀκούσετε,
780 1659 877 1713 καὶ
898 1659 970 1713 οὑ
980 1657 1066 1727 μὴ
1087 1657 1338 1725 συνῆτε·
1368 1655 1468 1710 καὶ
1483 1654 1826 1720 ,βλέποντες

1946 1647 2054 1699 aulo
2076 1646 2197 1698 huic
2231 1659 2251 1699 :
2286 1644 2444 1712 110
2467 1642 2667 1697 Auditu
2695 1644 2942 1704 audietis,
2977 1653 3146 1697 etnon
3174 1645 3513 1711 intelligetis;

228 1755 543 1823 βλέψετε,
592 1752 691 1806 καὶ
740 1752 811 1806 οὐ
848 1748 934 1820 μὴ
990 1748 1182 1818 ῑδητε.
1226 1746 1563 1815 Ἐπαχύνθη
1612 1740 1722 1812 γὰρ
1775 1741 1815 1809 ἡ

1946 1746 1981 1789 ιι
2011 1736 2242 1790 videntes
2266 1736 2527 1795 videbitis,
2561 1745 2609 1788 et
2647 1751 2751 1788 non
2796 1734 3060 1788 videbitis.
3090 1733 3344 1788 Crassum
3374 1738 3511 1789 enim

234 1848 458 1917 καρδία
492 1845 597 1900 τοῦ
638 1844 792 1901 λαοῦ
826 1844 1065 1906 τούτου,
1108 1840 1209 1895 καὶ
1256 1839 1382 1905 τοῖς
1433 1837 1585 1890 ὠσὶν
1625 1832 1827 1889 αὐτῶν

1946 1829 2169 1897 eﬁ‘ectum
2225 1836 2300 1881 est
2347 1842 2441 1880 cor
2486 1828 2663 1896 populi
2711 1826 2908 1896 hujus,
2949 1834 2999 1880 et
3038 1826 3257 1881 auribus
3288 1830 3516 1897 graviter

229 1939 471 2008 ,ϐαρέως
529 1937 808 2005 ἤκουσαν
831 1975 847 2000 ,
892 1934 994 1988 καί
1051 1933 1195 1999 τοὺς
1245 1928 1591 2000 ὀφθαλμοὺς
1626 1924 1827 1982 αὐτῶν

1946 1919 2253 1982 tudierunt,
2310 1926 2359 1971 et
2415 1917 2595 1971 oculos
2646 1933 2769 1970 suos
2814 1917 3187 1979 occluserunt.
3239 1918 3514 1986 nequando

236 2006 621 2100 ἐκάμμυσαν,
660 2029 743 2099 μή
785 2041 932 2081 ποτε
976 2025 1148 2079 ιδωσι
1180 2024 1307 2089 τοῖς
1338 2018 1697 2090 ὀφθαλμοῖς,
1729 2015 1828 2069 καὶ

1946 2013 2137 2064 νὶάεαηι
2196 2008 2388 2074 oculis,
2438 2019 2486 2061 et
2537 2009 2758 2063 auribus
2779 2009 3025 2071 audiant,
3062 2016 3109 2061 et
3144 2007 3301 2061 corde
3328 2006 3518 2060 intelli-

236 2124 368 2190 τοῖς
397 2122 551 2176 ὠσίν
577 2121 910 2181 ἀκούσωσι,
959 2116 1060 2172 καί
1086 2114 1164 2184 τῇ
1189 2113 1403 2183 καρδίᾳ
1441 2108 1701 2174 συνῶσι,
1727 2107 1827 2161 καὶ

236 2211 673 2280 ἐπιστρέψωσι,
705 2209 806 2263 καὶ
830 2209 1086 2277 ίάσωμιιι
1112 2206 1355 2271 αὐτούς.

313 2302 582 2379 Πώρωσιν
611 2302 709 2373 μὲν
743 2301 853 2354 ἀπὸ
885 2299 1083 2370 μέρους
1120 2296 1450 2366 γεγενῆσθαι
1472 2294 1551 2364 τῷ
1590 2294 1827 2363 Ἰσραὴλ,

238 2398 267 2449 6
295 2394 589 2456 θεσπέσιος
626 2392 828 2464 γράφει
859 2390 1105 2452 Παῦλος·
1144 2388 1520 2459 διερμηνεύων
1549 2382 1607 2439 δὲ
1638 2385 1832 2455 ὥσπερ

238 2488 367 2541 τίνα
418 2487 620 2558 τρόπον
678 2485 861 2546 αὐτοῖς
922 2482 1021 2552 τὴν
1066 2479 1325 2550 πώρωσιν
1366 2478 1566 2545 συνέϐη
1614 2476 1829 2530 παθεῖν.

252 2602 269 2633 ι
285 2582 454 2651 Ἄχρι
470 2579 579 2651 γὰρ
601 2579 861 2648 σήμερον,
890 2574 1077 2645 φησιν,
1102 2572 1266 2643 ἡνίκα
1290 2571 1357 2624 ἂν
1388 2568 1833 2637 ἀναγινώσκηται

240 2674 494 2738 Μωσῆς,
532 2669 797 2739 κάλυμμα
847 2666 941 2720 ἐπὶ
978 2665 1078 2736 τὴν
1112 2662 1339 2734 καρδίαν
1390 2660 1568 2715 αὐτῶν
1594 2661 1827 2712 κεῖται.»

244 2764 365 2817 Καὶ
396 2763 505 2833 γάρ
536 2756 605 2832 ἦν
647 2757 941 2813 ἀκόλουθον
973 2760 1091 2818 τοῖς
1126 2757 1210 2819 εἰς
1250 2753 1411 2808 τοῦτο
1438 2751 1622 2804 λοιπὸν
1647 2748 1838 2820 ἀγριό-

240 2870 413 2925 τητος
454 2853 671 2924 τρόπων
705 2849 1085 2920 ὠλισθηκόσιν,
1122 2847 1199 2910 ὡς
1238 2844 1373 2900 πολὺ
1427 2844 1607 2897 νοσεῖν
1645 2840 1707 2894 τὸ
1745 2840 1835 2905 ὲξο

242 2949 426 3015 ἡνιον,
477 2944 571 2997 καὶ⁵
618 2944 756 3014 μήτε
805 2943 918 3004 τοῖς
966 2938 1212 3001 Μωσέως
1271 2937 1598 3008 γράμμασιν
1664 2934 1836 2987 εἴκειν

242 3038 544 3099 ἐθέλοντες,
594 3036 730 3106 μήτε
775 3033 881 3104 μὴν
909 3035 1023 3095 τοῖς
1069 3032 1245 3099 ἁγίοις
1288 3029 1629 3098 προφήταις·
1663 3041 1836 3095 προσ-

244 3128 405 3199 θείην
452 3127 496 3179 δ’
538 3125 603 3180 ἂν
648 3129 731 3180 ὅτι
780 3125 915 3195 μηδὲ
969 3122 1124 3193 αὑτῴ
1181 3122 1261 3193 τῷ
1308 3117 1549 3191 Χριστῷ,

245 3222 457 3291 νοητῆς
499 3219 699 3289 ἀχλύος
744 3214 1259 3287 καταλαμϐάνεσθαι
1299 3214 1500 3283 σκότῳ,
1548 3213 1642 3266 καὶ
1683 3210 1841 3277 ὀλίγα

246 3314 557 3379 διενεγκεῖν
597 3310 708 3364 τῶν
747 3308 1091 3379 ἀναισθήτων
1121 3306 1305 3361 λίθων.
1342 3305 1561 3373 Ταύτην
1600 3298 1693 3356 οὖν
1731 3301 1842 3373 άρα

246 3408 492 3459 ποιεῖται
523 3404 623 3473 τὴν
673 3400 1072 3473 προαγόρευσιν
1117 3401 1146 3451 ό
1188 3397 1295 3450 τῶν
1332 3396 1469 3450 ὅλων
1524 3394 1687 3457 Θεὸς,
1747 3393 1842 3445 καὶ

245 3498 329 3567 τῷ
357 3497 609 3567 προφήτῃ
650 3494 941 3564 παρεγγυᾷ
976 3486 1460 3562 προκαταμηνύειν
1504 3486 1722 3548 αὐτοῖς·
1759 3486 1843 3538 ὃτι

256 3609 275 3642 ι
303 3591 473 3657 ’Δκοῇ
519 3586 781 3642 ἀκούσετε
830 3586 925 3638 καὶ
966 3584 1026 3636 οὺ
1060 3584 1133 3653 μὴ
1179 3580 1400 3650 συνῆτε·
1428 3580 1521 3632 καὶ
1557 3576 1842 3648 βλέποντες

252 3681 506 3751 βλέψετε,
539 3679 631 3731 καὶ
655 3678 735 3731 οὐ.
755 3677 829 3748 μὴ
862 3676 1034 3745 ἴδητε.
1066 3693 1084 3723 ι
1141 3672 1403 3740 Γεγόνασι
1432 3669 1542 3740 γὰρ
1577 3668 1840 3738 αὐτήκοοι

249 3773 355 3842 τῆς
401 3770 495 3823 τοῦ
540 3770 790 3840 Σωτῆρος
828 3768 1012 3837 φωνῆς
1036 3782 1050 3797 ·
1094 3762 1332 3827 ἐδίδαξεν
1371 3762 1429 3815 ὲν
1479 3760 1842 3828 συναγωγαῖς,

252 3860 732 3936 προσπεφώνηκεν
775 3860 833 3910 ὲν
877 3858 991 3918 τοῖς
1039 3851 1437 3924 Ἰεροσολύμοις
1494 3848 1838 3912 πλειστάκις,

252 3957 380 4012 ἀλλ’
404 3952 543 4026 ἦσαν
572 3956 627 4006 ὲν
654 3951 754 4021 ἴσῳ
776 3952 888 4013 τοῖς
919 3946 1042 4019 μηδ’
1072 3947 1211 4009 ὅλως
1238 3943 1555 4014 ἀκηκοόσιν,
1581 3942 1845 4010 Γεγόνασι

254 4049 460 4119 Θεωροὶ
492 4044 600 4099 τῶν
624 4042 942 4115 παραδόξως
963 4038 1387 4108 τετελεσμένων.
1417 4035 1713 4089 Τεθέανται
1735 4033 1845 4103 γὰρ

253 4140 501 4210 λεπροὺς
546 4136 643 4190 τοῦ
693 4134 902 4197 πάθους
936 4129 1416 4203 ἀπηλλαγμένους,
1453 4122 1847 4195 ἀναπηδῶντας

254 4231 496 4301 χωλοὺς,
528 4226 760 4296 τυφλοὺς
793 4222 1221 4286 ἀναδλέποντας,
1252 4217 1481 4289 νεκροὺς
1524 4215 1590 4267 ὲκ
1631 4212 1848 4284 μνημάο

257 4340 377 4377 των
418 4317 843 4389 ἀνισταμένους·
868 4315 984 4369 ἀλλ’
1017 4312 1329 4382 ὠφέληνται
1362 4310 1460 4380 μὲν
1500 4306 1621 4359 κατ’
1656 4303 1848 4357 οὐδένα

257 4413 492 4485 τρόπον,
519 4411 710 4479 ὥσπερ
736 4409 792 4462 δὲ
831 4409 925 4461 καὶ
951 4405 1133 4459 αὐτῶν
1165 4404 1428 4475 ὀμμάτων
1466 4396 1845 4469 ἐστερημένοι,

259 4504 540 4559 διετέλουν
565 4503 613 4554 οἱ
637 4501 881 4554 δείλαιοι.
922 4497 1108 4569 Ταύτῃ
1145 4513 1227 4549 τοι
1266 4494 1360 4548 καὶ
1381 4489 1729 4553 ὀνειδίζονται
1759 4485 1849 4539 διὰ

262 4596 377 4665 τῆς
420 4594 530 4648 τῶν
561 4592 730 4661 ἀγίων
760 4590 966 4661 φωνῆς,
1010 4588 1087 4651 ὼς
1139 4587 1427 4656 γεγονότες
1469 4581 1557 4638 ἀεὶ
1613 4579 1846 4649 σκληροο

262 4688 559 4762 τράχηλοι,
597 4686 691 4739 καὶ
724 4682 969 4745 ἀπειθεῖς
1002 4682 1069 4751 τῇ
1112 4678 1334 4749 καρδίᾳ,
1369 4676 1464 4730 καὶ
1493 4672 1851 4735 ἀπεκτονότες

268 4782 485 4850 ἁγίους.
516 4776 771 4831 Δεδόσθαι
805 4790 869 4842 γε
895 4772 1000 4843 μὴν
1029 4772 1128 4841 τὴν
1155 4770 1409 4839 πώρωσιν
1438 4767 1625 4829 αὐτοῖς
1660 4779 1847 4833 φησιν,

269 4872 365 4925 ῐνα
400 4870 475 4940 μὴ
510 4868 660 4922 ἴδωσι
699 4868 810 4928 τοῖς
846 4862 1166 4931 ὀφθαλμοῖς,
1202 4860 1297 4914 καὶ
1316 4857 1518 4911 συνῶσι
1538 4858 1605 4926 τῇ
1629 4854 1852 4940 καρδία,

270 4964 374 5017 καὶ
404 4938 803 5030 επιστρέψωσι,
836 4957 929 5007 καὶ
960 4954 1179 5022 ἰάσηται
1211 4952 1414 5012 αὐτοῖς.
1453 4948 1564 5000 Καὶ
1593 4945 1755 4997 τοῦτο
1784 4938 1855 5014 ἦν

276 5054 393 5126 ἄρα
424 5053 521 5105 καὶ
568 5051 713 5121 μάλα
751 5047 959 5117 σαφῶς,
999 5047 1137 5113 ὅπερ
1178 5042 1285 5111 ἔφη
1329 5038 1564 5110 Χριστὸς
1608 5035 1857 5091 ἀπειθεῖν

272 5146 574 5217 ᾑρημένοις
596 5159 609 5173 ⁸
659 5160 678 5193 ί
713 5141 808 5210 Μὴ
856 5136 1154 5207 γογγύζετε
1191 5133 1305 5203 μετ’
1353 5130 1601 5200 ἀλλήλων
1623 5145 1636 5157 ·
1671 5127 1851 5188 οὐδεὶς

274 5238 500 5291 δύναται
550 5234 725 5289 ἐλθεῖν
763 5232 900 5305 πρός
954 5246 1042 5300 με,
1086 5226 1180 5280 ἐὰν
1230 5224 1304 5295 μὴ
1346 5225 1376 5276 6
1419 5222 1610 5292 Πατήρ
1654 5236 1756 5289 μου
1822 5218 1854 5271 6

277 5330 504 5400 πέμψας
550 5342 617 5397 με
660 5323 862 5392 ἐλκύσῃ
913 5318 1098 5374 αὐτόν.
1136 5335 1155 5369 ι
1203 5313 1313 5367 Καὶ
1354 5313 1549 5366 πάλιν·
1601 5329 1619 5361 ι
1665 5310 1782 5371 Πᾶς
1827 5308 1858 5361 6

277 5398 518 5481 ἀκούσας
548 5414 700 5485 παρὰ
735 5411 830 5465 τοῦ
865 5409 1097 5479 Πατρδς,
1124 5406 1342 5477 ἔρχεται
1380 5402 1516 5472 πρός
1544 5417 1630 5470 με.
1654 5418 1671 5448 ι
1712 5398 1856 5451 Οὐκ-

280 5510 376 5564 οὖν
403 5510 462 5561 οὐ
493 5508 784 5577 κέκληνται
814 5502 949 5574 πρὸς
979 5500 1274 5568 ἐπίγνωσιν
1305 5496 1399 5549 τοῦ
1434 5493 1588 5559 Υίοῦ,
1619 5493 1688 5546 δι’
1713 5492 1857 5544 ἀπο-

284 5600 570 5670 καλύψεως
607 5597 705 5652 τοῦ
731 5595 865 5650 Θεοῦ
900 5594 995 5649 καὶ
1026 5592 1259 5663 Πατρὸς,
1282 5591 1365 5643 δτι
1394 5588 1527 5660 μηδὲ
1549 5583 1690 5658 ἦσαν
1718 5584 1859 5648 ἄξιοι

286 5691 385 5761 τῆς
416 5691 486 5745 δι’
517 5687 684 5745 αὑτοῦ
720 5686 996 5758 σωτηρίας
1021 5685 1115 5738 καὶ
1138 5682 1305 5751 ζωῆς.
1348 5682 1411 5735 Εἰ
1442 5679 1498 5732 δὲ
1521 5679 1586 5749 δή
1620 5694 1704 5740 τις
1732 5676 1859 5747 βού-

1929 2113 2073 2173 gent,
2103 2111 2152 2157 et
2182 2112 2576 2167 convertantur,
2616 2112 2662 2155 et
2697 2118 2877 2157 sanam
2912 2118 3020 2156 €08.

2003 2277 2430 2331 Excaecationem
2461 2291 2527 2330 ex
2584 2283 2738 2342 parte
2794 2274 2992 2332 factam
3057 2271 3245 2327 lsraeli
3300 2271 3519 2325 divinus

1932 2368 2132 2423 Paulus
2159 2370 2375 2434 scribit,
2411 2370 2776 2435 interpretans
2799 2364 2912 2419 fere
2934 2364 3389 2433 quemadmodum
3414 2363 3519 2417 illis

1933 2462 2295 2515 excazcatione
2335 2459 2444 2527 pati
2478 2457 2784 2527 contigerit.
2831 2474 2851 2507 ι
2886 2457 2967 2509 Ad
3014 2456 3332 2510 hodiernum
3359 2454 3513 2517 enim

1935 2567 2105 2621 usque
2142 2552 2304 2615 diem,
2331 2550 2530 2619 inquit,
2572 2547 2788 2618 quando
2832 2547 3028 2616 legitur
3083 2546 3298 2609 Moses,
3336 2545 3512 2599 velum

1936 2642 2085 2698 cordi
2100 2656 2287 2697 eorum
2312 2639 2713 2709 imponitur'°‘.
2740 2657 2759 2690 ι
2783 2636 2992 2691 Etenim
3020 2636 3111 2706 qui
3138 2635 3206 2690 ad
3236 2636 3394 2690 istam
3418 2634 3515 2687 de-

1936 2750 2083 2790 mum
2134 2748 2345 2793 morum
2385 2731 2655 2786 feritatem
2721 2728 2927 2799 delapsi
2975 2735 3130 2791 sunt,
3190 2736 3250 2782 ut
3284 2726 3524 2781 ell‘renes

1937 2824 2116 2895 plane,
2174 2837 2350 2892 neque
2390 2820 2646 2885 Mosaicis
2681 2820 2924 2889 scriptis.
2959 2832 3135 2885 neque
3161 2817 3370 2871 sanctis
3400 2832 3524 2885 prn-

1937 2918 2140 2987 phetis,
2169 2914 2308 2971 addo
2338 2914 2525 2978 etiam,
2558 2926 2732 2982 neque
2771 2911 2873 2981 ipsi
2908 2908 3131 2965 Christo
3164 2907 3391 2963 obedire
3424 2922 3521 2960 vo-

1941 3009 2177 3069 luerint;
2203 3022 2298 3061 eos
2333 3004 2542 3060 nebulae
2594 3002 2952 3072 intelligibilis
2976 2999 3332 3057 circumfundi
3371 3010 3523 3054 tene-

1608 3116 1687 3187 τῷ
1712 3092 1840 3185 ’τῆς
1867 3106 1908 3161 C
1942 3101 2078 3164 bris,
2101 3107 2156 3153 et
2190 3099 2413 3153 minimo
2456 3097 2636 3150 minus
2665 3110 2696 3148 a
2749 3094 3017 3163 lapidibus
3070 3107 3231 3149 sensu
3283 3092 3529 3147 carenti-

1940 3194 2043 3250 bus
2093 3192 2304 3255 abesse,
2339 3199 2763 3244 consentaneum
2801 3195 2904 3241 est.
2934 3184 3049 3240 Hoc
3107 3183 3333 3254 proinde
3384 3184 3527 3237 vati-

1944 3285 2149 3340 cinium
2184 3281 2419 3336 instituit
2445 3279 2821 3333 universorum
2840 3276 2999 3340 Deus,
3032 3286 3089 3332 et
3110 3276 3269 3345 jubet
3298 3276 3524 3345 prophe-

1946 3386 2053 3431 tam
2078 3373 2396 3430 denuntiare
2419 3372 2554 3427 illis:
2579 3389 2597 3423 t
2627 3371 2824 3425 Auditu
2840 3369 3093 3434 audietis,
3118 3378 3173 3423 et
3193 3383 3298 3424 non
3321 3367 3525 3421 intelli-

1945 3470 2084 3539 getis
2135 3510 2150 3533 ,
2197 3475 2253 3521 et
2298 3465 2545 3519 videntes
2607 3461 2883 3527 videbitis,
2923 3469 2979 3516 et
3035 3475 3141 3513 non
3192 3458 3462 3512 videbitis.
3500 3474 3519 3508 ι

1945 3560 2185 3615 Fuerunt
2217 3560 2359 3613 enim
2401 3556 2501 3624 ipsi
2530 3555 2692 3609 auriti
2734 3563 2918 3619 testes,
2946 3551 3336 3618 auditoresque
3372 3547 3527 3600 vocis

1947 3652 2254 3708 Servatoris
2282 3667 2296 3717 ;
2320 3649 2503 3705 docuit
2534 3648 2585 3703 iu
2629 3646 2943 3718 synagogis,
2992 3641 3248 3700 clamavit
3278 3654 3525 3708 saepenu-

1947 3760 2096 3800 mero
2151 3740 2560 3812 Hierosolymis,
2609 3754 2673 3794 ac
2705 3738 2927 3808 perinde
2980 3743 3137 3790 erant
3204 3747 3271 3793 ac
3308 3732 3353 3788 si
3393 3730 3528 3784 nihil

1946 3837 2171 3893 Otnnino
2203 3835 2556 3889 audivissent.
2597 3830 2944 3900 Spectatores
2981 3840 3161 3887 rerum
3197 3820 3530 3877 admirabili-

1950 3941 2028 3984 ter
2052 3942 2213 3996 supra
2248 3924 2408 3987 lidem
2449 3933 2724 3993 gestarqu
2748 3922 2989 3974 luerunt.
3024 3917 3353 3984 Spectarunt
3383 3911 3531 3965 enim

1948 4021 2199 4089 loprosos
2222 4017 2413 4083 morbo
2438 4015 2720 4078 liberatos,
2751 4009 3062 4073 exsilientes
3091 4006 3333 4069 claudos,
3356 4017 3535 4057 caecos

1948 4114 2217 4174 videntes,
2242 4116 2487 4165 mortuos
2526 4120 2560 4161 e
2601 4103 2963 4159 monumentis
3034 4107 3417 4171 resurgentes:
3465 4102 3524 4148 at

1950 4205 2058 4261 illis
2101 4204 2218 4258 haec
2276 4200 2499 4256 minime
2520 4195 2862 4268 proluerunt,
2919 4193 3014 4257 sed
3054 4191 3236 4245 miseri
3287 4188 3535 4243 homines

1950 4304 2211 4366 perpetuo
2260 4292 2416 4363 quasi
2449 4290 2629 4346 orbati
2672 4289 2803 4358 ipsis
2824 4286 2997 4341 oculis
3044 4284 3389 4339 exstiterunt.
3420 4279 3534 4332 llac

1951 4388 2017 4442 de
2045 4401 2208 4442 causa
2232 4399 2363 4438 voce
2401 4390 2713 4439 sanctorum
2741 4379 2943 4449 probro
2976 4377 3083 4431 illis
3108 4374 3353 4435 vertitur,
3391 4371 3532 4439 quod

1955 4492 2171 4547 semper
2207 4476 2525 4547 fprtel'racta:
2578 4472 2807 4527 cervicis
2858 4470 3079 4533 iuerint,
3114 4480 3179 4521 ac
3228 4468 3394 4520 corde
3432 4465 3534 4516 itu-

1957 4567 2240 4639 morigeri,
2276 4573 2605 4631 sanctosque
2660 4561 2979 4617 occiderint.
3014 4558 3205 4612 Datam
3235 4572 3367 4611 vero
3430 4555 3534 4608 illis

1958 4675 2077 4717 esse
2106 4657 2408 4714 caecitatem
2455 4654 2606 4716 dicit.
2653 4668 2721 4707 ne
2751 4652 2969 4705 videant
3016 4648 3208 4710 oculis,
3263 4657 3320 4701 et
3373 4644 3535 4698 corde

1959 4752 2285 4821 intelligant,
2356 4756 2412 4804 et
2453 4752 2862 4806 convertantur,
2914 4750 2970 4797 et
3032 4748 3337 4797 saneteos.
3415 4735 3535 4790 Hoc

1957 4842 2172 4897 demum
2208 4847 2346 4893 erat
2403 4837 2563 4907 plane
2634 4834 2779 4904 quod
2837 4833 3085 4891 Christus
3133 4829 3268 4887 dixit
3308 4827 3532 4896 his,qni

1958 4932 2216 4988 nolebant
2281 4930 2553 4986 credere:
2593 4946 2613 4979 ι
2647 4927 2724 4981 Ne
2782 4923 3129 4980 murmuretis
3185 4923 3328 4975 inter
3383 4936 3476 4974 vos
3515 4937 3530 4973 :

1957 5040 2116 5080 nemo
2178 5032 2353 5093 potest
2409 5021 2596 5074 venire
2649 5019 2716 5073 ad
2755 5034 2858 5080 tne,
2904 5016 3007 5071 nisi
3044 5014 3201 5067 Pater
3234 5014 3326 5081 qui
3379 5012 3532 5066 misit

1961 5132 2068 5181 me,
2123 5115 2348 5171 traxerit
2385 5128 2508 5167 eum
2556 5112 2625 5165 “.
2657 5130 2675 5164 ι
2712 5109 2777 5163 Ει
2813 5123 3005 5163 rursus
3062 5124 3074 5160 :
3122 5125 3143 5161 ι
3184 5104 3374 5161 Omnis
3443 5105 3535 5172 qui

1962 5208 2170 5265 audivit
2201 5223 2229 5261 ιι
2270 5206 2429 5260 Patre
2454 5214 2512 5259 et
2536 5204 2745 5267 didicit,
2791 5202 2939 5256 venit
2971 5202 3038 5254 ad
3086 5213 3171 5253 me
3202 5198 3269 5251 “.
3296 5217 3315 5249 ι
3351 5195 3538 5264 Itaque

1963 5305 2028 5359 ad
2056 5302 2386 5372 agnitionem
2421 5297 2620 5352 Christi
2648 5310 2743 5364 per
2775 5294 3159 5349 revelationem
3194 5290 3285 5344 Dei
3333 5298 3388 5342 et
3438 5288 3539 5341 Pa-

1964 5395 2063 5450 tris
2145 5390 2322 5447 vocati
2373 5405 2477 5445 nnn
2533 5396 2682 5452 sunt,
2716 5386 2859 5456 quod
2910 5385 3087 5439 salute
3134 5382 3304 5451 ipsius
3326 5388 3379 5433 et
3423 5379 3535 5432 vita

1962 5487 2107 5555 digni
2167 5500 2272 5538 non
2330 5491 2507 5537 erant.
2544 5479 2600 5534 Si
2635 5479 2723 5533 cui
2751 5478 2927 5546 placet
3008 5476 3175 5530 alium
3205 5485 3418 5527 sensum
3454 5468 3537 5521 his

1964 5579 2141 5634 verbis
2168 5589 2459 5647 apponere,
2498 5572 2653 5641 ιιι
2688 5572 2831 5626 hunc
2874 5569 2941 5624 ad
2975 5567 3194 5622 modum
3254 5561 3536 5628 intelliget.

1963 5670 2215 5726 Praedicit
2245 5668 2389 5724 enim
2419 5668 2796 5722 universorum
2832 5662 2998 5728 Dens,
3065 5668 3125 5713 ut
3182 5655 3272 5725 qui
3309 5652 3415 5708 scit
3443 5665 3540 5706 occ

372 5849 416 5880 "
448 5844 623 5902 Exod.
655 5858 731 5913 tv,
772 5844 858 5900 13.
936 5843 978 5875 ³⁰
1027 5841 1227 5897 Jerem.
1271 5854 1307 5906 ι,
1336 5839 1386 5892 ti.
1466 5836 1534 5868 ³³⁸
1565 5834 1606 5889 ιι
1635 5832 1758 5895 Cor.
1792 5847 1840 5886 nr

1946 5832 1997 5887 5.
2067 5831 2103 5860 ³¹
2139 5827 2289 5882 Jnan.
2320 5840 2395 5890 VI,
2428 5824 2515 5877 Η.
2586 5822 2627 5852 ³⁵
2664 5820 2792 5875 ibid.
2827 5817 2913 5871 45.
