4134 6488
609 422 710 478 187
1600 416 1657 472 S.
1699 415 1969 473 CYRILLI
2010 415 2480 473 ALEXANDRINI
2522 416 2844 473 ARCHIEP.
3774 418 3876 478 ίδὸ

608 534 751 589 culta
776 540 828 585 ct
862 528 1062 593 futura,
1097 528 1300 598 aitque,
1331 527 1553 583 omnino
1584 543 1679 585 eos
1723 531 1953 592 visuros,
1988 541 2044 585 et
2090 547 2172 583 au-

2286 529 2429 581 λοιτο
2476 529 2803 601 προσὸαλεῖν
2842 527 3047 598 ἑτέρως
3105 528 3229 591 ταῖς
3270 526 3382 582 τῶν
3428 527 3741 600 εἰρημένων
3790 533 3878 585 ὲν·

607 625 841 684 dituros,
890 633 1172 674 mansuros
1220 629 1404 673 autem
1444 632 1508 673 ac.
1554 619 1597 673 si
1629 634 1733 674 non
1758 620 2060 683 audissent,
2096 636 2161 675 ne

2291 621 2476 685 νοίαις,
2511 623 2734 693 συνήσει
2761 621 3007 674 τοιῶσδε.
3044 622 3417 693 Προαγορεύει
3451 623 3550 692 μὲν
3574 623 3684 693 γὰρ
3712 626 3741 677 δ
3768 626 3878 677 τῶν

608 728 713 782 que
788 711 1137 780 contemplati
1207 709 1460 776 fuissent,
1534 711 1699 780 idque
1767 711 1900 780 ipsis
1960 723 2172 782 propter

2285 713 2421 765 ὃλων
2469 712 2622 779 Θεὸς,
2670 713 2747 776 ὠς
2796 712 3082 782 γινώσκων
3133 713 3203 766 τὰ
3252 714 3634 785 κεκρυμμένα,
3685 718 3779 768 καὶ
3809 716 3878 769 τὰ

609 802 804 856 mentis
841 818 953 857 sua:
1003 802 1265 856 malitiam
1315 803 1583 857 accidere.
1612 803 1775 858 Addit
1804 804 2018 868 deinde,
2054 806 2172 858 dum

2283 804 2535 873 ἐσόμενα,
2594 805 2689 859 καί
2746 822 2930 876 φησιν,
2984 806 3065 858 ὅτι
3130 805 3308 875 πάντη
3375 821 3435 857 τε
3506 806 3602 858 καὶ
3658 808 3878 869 πάντως

608 893 722 947 hinc
774 892 1010 957 faciunt,
1058 893 1172 947 suis
1202 894 1438 963 ipsorum
1478 892 1743 963 capitibus
1800 894 2069 958 insidiari,
2128 905 2172 951 el

2284 896 2504 964 ὄψονται
2551 896 2650 966 μὲν
2699 897 2795 950 καὶ
2840 896 3197 961 ἀκούσονται,
3232 895 3455 967 μενοῦσί
3502 912 3566 964 γε
3628 897 3737 967 μὴν
3801 898 3877 959 ὡς

604 986 917 1055 pertinacia).
945 989 1133 1039 morbo
1158 985 1485 1049 laborantes,
1516 1000 1615 1040 nec
1649 986 1835 1040 audire
1868 987 2025 1053 velle,
2084 1003 2172 1043 net

2292 987 2431 1056 μήτε
2472 986 2793 1056 ἀκηκοότες,
2844 988 2981 1057 μήτε
3017 986 3411 1057 συντιθέμενοι,
3442 987 3538 1039 καὶ
3575 987 3735 1040 τοῦτο
3770 1005 3877 1040 πα-

604 1079 790 1131 videre
837 1093 995 1146 posse
1032 1095 1045 1131 :
1086 1096 1104 1129 ι
1138 1076 1215 1131 Ne
1262 1077 1479 1131 videant
1524 1079 1719 1141 oculis,
1751 1089 1805 1133 et
1836 1078 2061 1132 audiant
2088 1094 2172 1132 au-

2290 1074 2475 1139 θὸντες
2504 1078 2569 1129 ὲκ
2613 1077 2895 1148 μοχθηρᾶς
2936 1078 3091 1131 αὐτοὶ
3124 1077 3224 1149 τῆς
3251 1077 3391 1141 ιδίας
3413 1078 3661 1150 γνώμης.
3692 1081 3874 1151 Προσ-

608 1171 756 1225 ribus
779 1211 796 1235 ,
836 1182 891 1225 et
933 1178 1253 1224 convertant
1281 1184 1377 1235 se,
1423 1179 1478 1223 et
1523 1185 1707 1225 sanem
1729 1186 1885 1226 eos.»
1920 1172 2172 1227 Auctore:

2289 1169 2485 1237 επάγει
2527 1168 2583 1221 δὲ
2624 1168 2857 1233 τούτοις,
2906 1170 2987 1223 ὄτι
3019 1170 3191 1222 ταῦτα
3224 1169 3459 1241 δρῶντες
3490 1172 3721 1232 ἐκεῖνοι,
3753 1174 3877 1234 ταῖς

604 1264 788 1329 itaque
843 1264 926 1317 sui
982 1263 1223 1332 ipsorum
1276 1262 1529 1317 interitus
1580 1264 1823 1326 fuerunt,
1859 1279 1982 1319 cum
2019 1279 2119 1318 nec
2150 1279 2172 1317 a

2290 1259 2450 1322 ἰδίαις
2471 1260 2884 1313 ἐπιϐουλεύουσι
2911 1261 3196 1330 κεφαλαῖς.
3226 1263 3650 1334 Ἦρρωστήκασι
3680 1262 3788 1333 7&9
3814 1262 3877 1314 τὸ

603 1354 821 1409 Christo
876 1362 1035 1407 acute
1082 1355 1240 1408 dictis
1293 1367 1480 1407 aurem
1534 1353 1877 1417 adhiberent,
1930 1368 2032 1408 nec
2069 1370 2172 1409 sua:

2286 1351 2566 1423 δυσήκοον,
2609 1352 2706 1405 καὶ
2748 1353 2809 1406 τὸ
2860 1352 3227 1424 μὴδύνασθαι
3268 1355 3530 1427 καθορᾷν,
3579 1375 3598 1407 ι
3631 1356 3748 1409 ’Ὶνα
3796 1357 3874 1428 μὴ

604 1447 802 1501 mentis
850 1446 1063 1500 oculum
1105 1445 1397 1515 aperirent.
1458 1442 1514 1498 Si
1551 1446 1696 1499 enim
1756 1447 1857 1501 hoc
1902 1446 2178 1512 fecissent,

603 1538 855 1593 conversi
898 1537 1149 1601 fuissent,
1197 1546 1253 1591 et
1290 1538 1332 1592 si
1359 1539 1561 1593 cultum
1591 1551 1751 1606 quem
1779 1538 2020 1608 oportuit
2054 1539 2181 1593 reli-

603 1629 873 1699 quissent,
922 1627 1127 1683 salvam
1171 1641 1233 1681 ac
1267 1641 1456 1682 sanam
1488 1642 1642 1683 suam
1686 1637 1919 1683 mentem
1964 1642 2184 1683 conser-

600 1730 839 1774 νειεεθιιι.

2290 1442 2440 1495 ῖδωσι
2485 1445 2597 1508 τοῖς
2626 1443 2951 1514 ὀφθαλμοῖς,
2984 1446 3079 1498 καὶ
3123 1448 3238 1509 τοῖς
3287 1446 3421 1500 ὠσὶν
3448 1447 3746 1509 ἀκούσωσι,
3778 1450 3877 1501 καὶ

2289 1536 2713 1606 ἐπιστρέφουσι,
2750 1538 2843 1590 καὶ
2885 1538 3104 1609 ἰάσομαι
3154 1538 3376 1603 αὐτούς.
3414 1559 3432 1591 ι
3476 1539 3650 1593 Αίτιοι
3694 1540 3877 1593 τοίνυν

2290 1628 2446 1681 αὐτοὶ
2472 1629 2570 1698 τῆς
2605 1629 2755 1699 σφῶν
2783 1629 2962 1683 αὐτῶν
2990 1630 3286 1699 γεγόνασιν
3315 1630 3613 1695 ἀπωλείας,
3646 1633 3786 1703 μήτε
3814 1631 3878 1683 τὸ

2290 1717 2381 1785 οὖς
2411 1720 2751 1792 παραθέντες
2788 1724 2902 1784 τοῖς
2941 1721 3091 1791 παρά
3130 1722 3369 1792 Χριστοῦ
3411 1722 3728 1793 λεγομένοις
3752 1718 3873 1787 ὀξὺ,

603 1813 741 1883 μήτε
793 1811 898 1882 μὴν
944 1814 1036 1867 τὸν
1083 1816 1181 1885 τῆς
1232 1815 1440 1869 ἑαυτῶν
1494 1814 1731 1878 διανοίας
1778 1814 2163 1886 ἀνευρύνοντες
2231 1815 2530 1885 ὀφθαλμόν.
2567 1818 2630 1869 Εἰ
2667 1818 2773 1888 γάρ
2838 1816 2995 1870 τοῦτο
3048 1816 3239 1888 ἔδρων,
3277 1818 3622 1890 ὑπέστρεψαν
3650 1817 3738 1884 ἀν,
3778 1819 3878 1873 καὶ

597 1905 699 1973 τῆς
754 1906 1100 1978 καθηκούσης
1146 1909 1444 1980 θεραπείας
1483 1910 1867 1980 τετυχηκότες,
1923 1908 2059 1962 σῶόν
2095 1927 2157 1962 τε
2196 1910 2290 1963 καὶ
2317 1909 2447 1978 ὑγιᾶ
2473 1908 2563 1962 τὸν
2600 1909 2807 1963 έαυτῶν
2835 1909 3161 1963 διεσώσαντο
3187 1909 3332 1964 νοῦν.

672 1999 837 2055 Vens.
877 2004 966 2066 Η,
1003 2005 1088 2058 12.
1133 2004 1198 2058 Et
1246 2006 1359 2059 dixi
1399 2021 1416 2059 :
1453 2007 1756 2074 Quousque,
1800 2005 2058 2059 Domine?
2108 2005 2172 2058 Et

2348 2006 2457 2059 Kal
2484 2001 2642 2058 εἶπα·
2660 2005 2815 2071 Ἕως
2844 2007 3010 2069 πότε,
3041 2005 3240 2073 Κύριε;
3266 2002 3374 2058 Kal
3393 1998 3744 2067 εἷπεν-’Ἕως
3768 2003 3878 2057 dr-

598 2094 735 2147 dm‘t
774 2111 792 2148 :
828 2094 1001 2149 Donec
1023 2108 1287 2152 vastentur
1306 2099 1477 2165 urbes,
1505 2109 1559 2153 ut
1584 2116 1685 2153 non
1707 2101 1771 2153 sit
1794 2101 1881 2168 qui
1905 2100 2177 2166 inhabitet,

597 2199 646 2242 et
677 2188 883 2253 domus,
915 2200 969 2242 ut
1001 2207 1102 2243 non
1127 2192 1229 2244 sint
1262 2192 1518 2253 homines,
1542 2201 1589 2245 et
1615 2202 1753 2245 terra
1792 2191 2182 2261 derelinquetur

598 2282 825 2337 deserta.
859 2283 926 2336 Et
956 2296 1068 2350 post
1104 2287 1216 2337 Im'c
1245 2284 1504 2354 elongnbit
1541 2286 1681 2341 Deus
1723 2286 1976 2354 homines,
2014 2296 2060 2341 et
2090 2288 2180 2341 de-

600 2374 770 2428 relicti
798 2376 1289 2445 multiplicabuntur
1316 2377 1369 2431 in
1398 2387 1558 2432 terra.

670 2547 973 2603 Verebatur
1024 2552 1305 2621 propheta,
1359 2566 1425 2607 ne
1459 2561 1716 2624 perpetua
1762 2563 1818 2609 et
1846 2554 2175 2623 sempiterna

598 2640 894 2694 excaecatio
940 2640 1283 2695 induceretur
1316 2642 1593 2697 lsraelitis.
1654 2643 1885 2713 Ideoque
1934 2655 2085 2714 rogat
2119 2657 2177 2699 ut

599 2739 811 2800 tempus
851 2732 985 2786 sciat
1032 2747 1139 2801 quo
1184 2732 1283 2787 hoc
1334 2732 1572 2787 futurum
1627 2747 1731 2799 est,
1789 2746 1844 2791 et
1900 2752 2178 2807 quousque

596 2822 945 2890 protrahetur
974 2823 1087 2876 haec
1129 2823 1284 2892 quasi
1316 2824 1619 2892 aegrotatio.
1661 2824 1740 2878 Ad
1792 2841 1913 2894 quae
1955 2842 2178 2896 respon-

595 2915 727 2967 dens
759 2912 918 2973 Deus,
972 2914 1328 2967 vastationem
1382 2914 1623 2982 ipsorum
1675 2912 2175 2984 Hierosolymorum

596 3004 943 3073 prmiiuntiat,
989 3006 1232 3073 adeoque
1261 3005 1525 3059 universa:
1563 3003 1871 3060 Judaeorum
1916 3006 2173 3074 regionis,

595 3105 650 3148 et
674 3096 847 3165 inquit
885 3110 900 3149 :
934 3112 953 3145 ι
1002 3093 1179 3149 Donec
1219 3105 1498 3149 vastentur
1531 3095 1716 3159 urbes,
1766 3104 1824 3148 ut
1865 3111 1971 3149 non
2023 3096 2177 3149 inha-

594 3185 855 3251 bitentur,
880 3197 934 3241 et
965 3188 1177 3251 domus,
1203 3197 1261 3240 ut
1288 3203 1395 3242 non
1432 3188 1539 3240 sint
1574 3186 1839 3240 homines.
1879 3206 1898 3237 ι
1933 3187 2084 3254 Quod
2107 3188 2174 3242 ad

595 3286 897 3332 extremum
929 3279 1132 3343 evenit,
1162 3293 1286 3332 cum
1321 3278 1685 3347 Vespasianus
1706 3288 1760 3332 et
1788 3279 1941 3334 Titus
1974 3288 2170 3333 terram

2282 2095 2623 2166 épnywﬁém
2657 2097 2867 2161 πόλεις
2888 2096 3047 2164 παρὰ
3080 2095 3147 2149 τὸ
3179 2095 3266 2164 μὴ
3303 2094 3707 2149 κατοικεῖσθαι
3728 2134 3746 2161 ,
3774 2094 3878 2147 καὶ

2281 2184 2451 2251 οἴκοι,
2497 2187 2656 2255 παρὰ
2704 2189 2768 2241 τὸ
2808 2188 2895 2256 μὴ
2939 2184 3090 2241 εἷναι
3126 2187 3477 2255 ἀνθρώπους
3502 2226 3517 2249 ,
3562 2186 3663 2239 καὶ
3714 2184 3753 2251 ή
3796 2182 3875 2254 γῆ

2282 2277 2823 2345 καταλειφθήσεται
2852 2278 3093 2344 ἕρημος.
3122 2275 3229 2329 Kal
3246 2275 3397 2343 μετὰ
3429 2274 3615 2327 ταῦτα
3639 2290 3875 2342 μακρυ-

2281 2368 2371 2421 νεῖ
2403 2372 2435 2422 ό
2469 2369 2614 2434 Θεὸς
2640 2368 2781 2434 τοὺς
2818 2365 3191 2435 ἀνθρώπους,
3219 2366 3318 2420 xal
3357 2369 3413 2421 οἱ
3442 2366 3878 2436 καταλειφθέν-

2280 2477 2379 2524 τες
2415 2459 2955 2527 πληθυνθήσονται
2975 2459 3074 2512 ἐπὶ
3107 2458 3218 2529 τῆς
3238 2458 3373 2528 γῆς.

2352 2550 2531 2603 Δέδιεν
2562 2552 2590 2603 ὁ
2623 2551 2927 2621 προφήτης,
3083 2550 3193 2620 ἄρα
3224 2548 3498 2620 διηνεκὴς,
3545 2550 3638 2603 καὶ
3667 2549 3878 2602 ἀκατά-

2279 2641 2475 2711 ληκτος
2535 2644 2890 2713 έπενήνεκται
2940 2643 3052 2704 τοῖς
3107 2640 3167 2705 ἐξ
3220 2640 3433 2712 Ἰσραὴλ
3494 2643 3528 2711 ἡ
3590 2639 3874 2711 πώρωσις.

2279 2732 2465 2803 Ταύτῃ
2510 2750 2589 2785 τοι
2625 2734 2719 2786 καὶ
2751 2732 3035 2805 διαμαθεῖν
3084 2732 3228 2799 ἀξιοῖ
3275 2732 3367 2785 τὸν
3404 2734 3615 2803 χρόνον,
3656 2731 3777 2786 καθ’
3813 2733 3877 2785 δν

2278 2826 2429 2879 ἔσται
2468 2825 2625 2879 τοῦτο
2662 2827 2868 2890 αὐτοῖς,
2920 2826 3016 2879 καλ⁸
3066 2826 3227 2897 μέχρι
3268 2824 3411 2888 τινος
3450 2824 3770 2895 παρατείνει
3811 2824 3876 2877 τὸ

2280 2919 2641 2991 ἀρρώστημα.
2666 2920 2775 2971 Καὶ
2806 2918 2941 2988 πρός
2969 2935 3033 2987 γε
3055 2918 3118 2989 δὴ
3148 2917 3319 2971 ταῦτα
3347 2917 3478 2981 Θεὸς
3511 2916 3876 2988 προαγορεύει

2276 3012 2374 3082 τὴν
2403 3009 2604 3081 δῄωσιν
2632 3009 2812 3063 αὐτῶν
2841 3026 2899 3062 τε
2933 3008 3043 3063 τῶν
3086 3008 3496 3080 Ἰεροσολύμων,
3524 3008 3617 3061 καὶ⁵
3651 3008 3877 3076 ἀπάσης

2277 3103 2375 3172 τῆς
2426 3102 2692 3155 Ἰουδαίων
2737 3099 2939 3171 χώρας,
2984 3100 3076 3153 καί
3112 3116 3296 3170 φησιν’
3324 3118 3343 3150 ι
3372 3100 3514 3162 Ἕως
3555 3098 3619 3152 ἂν
3650 3101 3877 3169 ἐρημω-

2277 3192 2410 3246 θὼσι
2461 3192 2644 3254 πόλεις
2696 3190 2850 3261 παρά
2902 3190 2964 3243 τὸ
3022 3189 3097 3261 μὴ
3138 3190 3533 3255 κατοικεῖσθαι,
3581 3191 3677 3244 καὶ
3730 3185 3874 3243 οἶκοι

2278 3283 2514 3365 παράςτὸ
2546 3282 2620 3353 μὴ
2653 3278 2791 3335 εἶναι
2822 3281 3159 3353 ἀνθρώπους.
3194 3300 3213 3333 s
3258 3284 3323 3335 Ὃ
3355 3282 3418 3353 δὴ
3456 3285 3547 3336 καὶ
3579 3283 3657 3345 εἰς
3692 3283 3875 3352 πέρας

595 3368 895 3436 Jodaicam,
923 3379 1044 3438 post
1065 3369 1376 3424 Servatoris
1402 3368 1805 3424 cruciﬁxionem
1835 3378 1891 3424 et
1927 3371 1979 3424 in
2004 3370 2172 3425 ctelos

2277 3362 2610 3445 ἐκϐέϐηκεν,
2659 3373 3069 3428 Οὐεσπασιανοῦ
3130 3391 3190 3427 τε
3240 3374 3336 3429 καὶ
3381 3374 3541 3427 Τίτου
3586 3374 3875 3446 καταδῃω-

594 3462 1020 3529 assumptionetn
1051 3500 1067 3525 ,
1097 3461 1403 3533 depopulati
1442 3471 1585 3516 sunt.
1633 3461 1785 3528 Quod
1838 3472 2017 3517 autem
2061 3464 2175 3519 hare

592 3553 844 3623 supplicii
907 3568 1158 3609 mensura
1227 3554 1703 3621 inobedieutibus,
1768 3563 1827 3609 ut
1893 3555 2175 3625 hucusque

593 3643 859 3699 duntaxat
886 3646 1183 3714 patiantur,
1216 3660 1324 3701 non
1355 3647 1713 3712 adhibebitur,
1758 3656 1811 3701 et
1833 3649 1974 3716 quod
2001 3648 2055 3701 in
2091 3658 2175 3702 to-

596 3746 712 3790 tum
745 3751 869 3790 cum
908 3745 1019 3791 tota
1051 3738 1223 3805 stirpe
1252 3754 1360 3793 non
1391 3739 1461 3792 sit
1496 3740 1768 3809 periturus
1802 3738 1983 3805 Israel,
2007 3741 2175 3811 signi-

593 3827 722 3881 ﬁcat
752 3828 938 3884 dicens
976 3848 987 3882 :
1026 3848 1045 3881 ι
1082 3829 1145 3883 Ει
1168 3840 1287 3897 post
1320 3832 1432 3884 haec
1459 3830 1614 3899 longe
1646 3830 1807 3886 faciet
1830 3832 1968 3887 Deus
2003 3833 2175 3887 horni-

593 3934 712 3983 nes,
744 3929 799 3974 et
822 3921 1067 3976 derelicti
1095 3922 1598 3991 multiplicabuntur
1635 3924 1688 3978 in
1726 3933 1890 3979 terra.
1930 3943 1949 3976 ι
1993 3923 2175 3994 Longe

592 4027 723 4065 vero
750 4011 876 4067 laeti
898 4030 932 4088 ιι
958 4014 1066 4068 Deo
1109 4013 1351 4079 luerunt,
1386 4030 1505 4069 cum
1545 4022 1602 4069 et
1645 4026 1882 4080 sanctos,
1912 4025 1966 4070 et
1999 4015 2172 4084 ipsum

592 4117 756 4170 porro
778 4104 901 4157 vita:
924 4103 1218 4173 principem
1248 4104 1642 4158 interfecerint.
1684 4105 1785 4171 Qui
1832 4119 1959 4159 vero
2001 4104 2171 4159 relicti

554 4246 557 4247 ν
594 4197 834 4259 fuerunt,
861 4197 912 4250 id
942 4205 1043 4258 est,
1072 4196 1205 4251 salvi
1244 4197 1676 4266 acsuperstites,
1706 4206 1760 4250 et
1799 4196 1888 4263 qui
1933 4197 1983 4249 in
2017 4197 2173 4251 Chri-

593 4298 738 4342 stum
775 4288 1143 4352 crediderunt,
1168 4287 1257 4354 qui
1286 4296 1341 4342 et
1371 4297 1492 4341 sunt
1522 4286 1765 4353 reliquias
1792 4287 1950 4356 112
1983 4287 2169 4354 Israel,

595 4378 1093 4447 multiplicabuntur
1133 4392 1148 4432 :
1192 4378 1351 4448 idque
1404 4378 1457 4432 in
1496 4378 1760 4446 principio
1798 4380 1917 4434 libri
1943 4382 2172 4449 ipsemet

592 4470 755 4524 etiam
786 4472 973 4524 beatus
998 4469 1162 4524 Isaias
1192 4470 1535 4540 significavit,
1574 4486 1695 4523 cum
1742 4470 1854 4525 ait:
1888 4490 1906 4522 ι
1967 4471 2032 4526 Et
2067 4474 2167 4529 nisi

593 4558 851 4614 Dominus
901 4560 1138 4637 Sabaoth
1196 4560 1507 4629 reliquisset
1561 4561 1718 4615 nobis
1768 4578 1976 4626 semen,
2027 4565 2171 4617 velut

595 4650 825 4707 Sodoma
855 4652 980 4706 facti
1013 4652 1322 4717 fuissemus,
1352 4653 1737 4707 etGontort'lta:
1775 4655 1981 4707 similes
2034 4654 2169 4707 fuis-

594 4757 774 4798 semus
807 4744 871 4796 ³³.
903 4762 920 4795 ι
969 4744 1105 4799 Aliis
1153 4759 1314 4814 porro
1371 4728 1585 4799 videtur
1621 4748 1783 4798 etiam
1840 4747 1997 4797 aliter
2055 4747 2168 4798 haec

592 4835 755 4887 verba
810 4834 1169 4905 intelligenda.
1233 4838 1517 4901 Qnazrente
1572 4836 1714 4889 enim
1783 4835 2060 4905 propheta,
2113 4844 2168 4888 et

591 4922 809 4978 volente
855 4927 995 4979 scire
1047 4942 1326 4996 quousque
1380 4937 1436 4982 et
1494 4928 1731 4995 qnandiu
1784 4933 2169 4981 extenderetur

592 5016 904 5080 excaecatio,
940 5021 1229 5088 respondet
1255 5019 1397 5072 Deus
1435 5038 1450 5074 :
1482 5037 1500 5070 ι
1543 5019 1720 5073 Donec
1749 5030 2030 5074 vastentur
2076 5036 2167 5074 ur-

594 5106 707 5173 bes,
740 5116 927 5163 utnon
960 5110 1288 5173 habitentur,
1320 5111 1612 5171 ctdomus,
1656 5118 1714 5163 ut
1763 5124 1865 5163 non
1907 5111 2018 5165 sint
2069 5110 2167 5165 bo-

593 5197 786 5261 mines,
842 5208 898 5252 et
946 5200 1181 5268 posthaec
1238 5198 1509 5267 elongabit
1554 5197 1695 5253 Deus
1735 5198 1978 5253 homines
2014 5215 2027 5251 :
2060 5216 2079 5250 ι
2110 5208 2166 5252 ut

592 5287 717 5342 inde
742 5288 1225 5343 consummationis
1253 5298 1466 5358 tempus
1517 5290 1894 5360 intelligamus.
1940 5288 2166 5356 Oportet

591 5383 735 5434 enim
770 5382 1001 5449 prinmm
1028 5379 1164 5432 bella
1186 5388 1243 5433 et
1287 5394 1534 5435 rumores
1571 5380 1831 5435 bellorum
1864 5379 2073 5444 audire,
2113 5387 2169 5431 et

590 5485 805 5539 gentem
832 5472 884 5523 in
911 5480 1149 5537 gentem,
1178 5479 1232 5525 et
1256 5486 1479 5543 regnum
1507 5488 1694 5530 contra
1727 5488 1948 5543 regnum
1991 5472 2168 5526 insur-

592 5580 741 5634 gere,
770 5570 824 5617 et
851 5564 1015 5619 urbes
1058 5580 1121 5620 ac
1167 5567 1356 5624 domos
1404 5569 1622 5624 vastari.
1680 5566 1882 5621 Deinde
1927 5565 2000 5619 ita
2053 5564 2167 5620 fore

592 5666 705 5710 tum
737 5656 920 5719 tinent,
948 5672 1056 5725 quo
1091 5658 1247 5731 longe
1277 5660 1405 5719 facti
1435 5670 1559 5716 sunt
1602 5657 1871 5723 homines,
1917 5657 2167 5726 deinceps

666 5819 709 5851 ³³
770 5819 869 5875 lsa.
904 5836 939 5887 ι,
988 5827 1040 5877 'J.

2278 3467 2485 3520 σάντων
2511 3469 2608 3535 τὴν
2640 3465 2900 3519 Ἰουδαίαν
2929 3466 3067 3536 μετά
3091 3464 3183 3518 τὸν
3211 3465 3305 3519 τοῦ
3329 3466 3579 3536 Σωτῆρος
3610 3464 3870 3535 σταυρὸν,

2276 3556 2372 3610 καὶ
2400 3556 2666 3627 ἀνάληψιν
2703 3558 2803 3626 τὴν
2830 3560 2909 3620 είς
2934 3556 3216 3627 οὐρανούς.
3257 3558 3378 3610 Ὀτι
3400 3556 3456 3608 δὲ
3489 3557 3548 3609 οὑ
3588 3554 3748 3626 μέχρι
3771 3553 3869 3608 τοῦ

2274 3648 2445 3700 ταῦτα
2470 3649 2684 3708 παθεῖν,
2714 3647 3186 3719 ὲκμετρηθήσεται
3219 3649 3331 3710 τοῖς
3365 3645 3681 3701 ἀπειθοῦσιν
3711 3648 3744 3715 ἡ
3774 3645 3873 3699 κό-

2276 3737 2452 3800 λασις,
2511 3736 2635 3790 οὔτε
2679 3736 2784 3807 μὴν
2811 3738 2891 3799 εἰς
2914 3736 3059 3790 ἅπαν
3086 3738 3250 3807 ἤγουν
3278 3736 3553 3807 ὁλὸρῤιζος
3592 3736 3619 3788 ὁ
3649 3733 3873 3806 Ἰσραὴλ

2274 3831 2579 3901 οἰχήσεται,
2602 3829 2942 3899 καταμηνύει
2967 3828 3162 3897 λέγων·
3200 3846 3219 3881 ι
3258 3830 3369 3882 Καὶ
3398 3828 3535 3899 μετά
3560 3826 3732 3880 ταῦτα
3762 3843 3872 3897 μα-

2276 3924 2467 3993 κρυνεῖ
2508 3925 2536 3975 ὁ
2578 3922 2708 3983 Θεὸς
2746 3922 2873 3985 τοὺς
2897 3920 3235 3993 ἀνθρώπους,
3267 3922 3360 3974 καὶ
3388 3922 3439 3974 οἱ
3475 3919 3869 3988 καταλειφθέν-

2274 4030 2385 4077 τες,
2423 4012 2893 4083 πληθυνθήσονται
2928 4012 3022 4066 ἐπὶ
3043 4013 3142 4083 τῆς
3176 4014 3298 4082 γῆς.
3343 4032 3361 4064 s
3409 4011 3872 4084 Ἐμακρύνθησαν

2276 4101 2375 4171 μὲν
2408 4100 2517 4171 γάρ
2547 4101 2654 4153 ἀπὸ
2684 4101 2839 4167 Θεοῦ,
2868 4102 2963 4156 κα)⁸
2990 4101 3177 4169 ἁγίους
3198 4103 3577 4166 ἀπεκτονότες,
3607 4102 3866 4173 προσθέν·

2272 4210 2362 4256 τες
2394 4193 2452 4246 δὲ
2480 4192 2573 4247 τὸν
2605 4193 2846 4264 ἀρχηγὸν
2877 4194 2977 4264 τῆς
3008 4192 3169 4264 ζωῆς.
3209 4195 3273 4246 Οί
3303 4193 3358 4247 δὲ
3389 4192 3453 4264 δὴ
3478 4192 3871 4261 καταλειφθέν»-

2271 4302 2382 4350 τες,
2422 4284 2569 4337 τοῦτ’
2603 4283 2770 4348 ἐστιν,
2808 4285 2857 4337 οἱ
2898 4285 3383 4355 περισεσωσμένοι,
3423 4284 3518 4338 καὶ
3561 4300 3867 4337 πεπιστευ-

2270 4378 2425 4442 κότες
2467 4379 2547 4441 εἰς
2595 4376 2851 4447 Χριστὸν,
2890 4375 2939 4428 οἳ
2990 4375 3084 4428 καί
3133 4377 3238 4427 εἰσι
3279 4374 3342 4427 τὸ
3380 4374 3732 4444 κατάλειμμα
3768 4375 3866 4429 τοῦ

2282 4465 2521 4537 Ἰσραὴλ,
2545 4468 2602 4518 ἐν
2626 4464 2816 4534 πολλῇ,
2836 4464 3022 4533 φησὶν,
3045 4462 3259 4517 ἔσονται
3283 4462 3502 4534 πληθύῖ.
3526 4462 3867 4516 Πεπίστευκε

2271 4558 2379 4627 γὰρ
2411 4556 2471 4608 ού
2523 4555 2697 4626 βραχὺ
2731 4554 2901 4625 μέρος
2934 4553 3027 4607 τοῦ
3073 4554 3312 4625 Ἰσραὴλ,
3355 4554 3448 4606 καὶ
3484 4553 3643 4606 τοῦτο
3675 4557 3731 4607 ὲν
3761 4556 3866 4625 ἀρ-

2275 4650 2397 4717 χαῖς
2451 4646 2543 4699 τοῦ
2592 4644 2798 4714 βιὸλίου
2856 4646 2951 4699 καὶ
2984 4645 3146 4709 αὐτὸς
3188 4648 3216 4698 ὁ
3261 4644 3532 4716 μακάριος
3575 4648 3866 4717 προφήτης

2284 4738 2510 4802 Ἡσαΐας
2558 4739 2861 4809 μεμήνυκε,
2910 4737 3103 4805 λέγων’
3140 4757 3157 4789 ι
3187 4736 3295 4789 Καὶ
3326 4738 3375 4789 εἰ
3417 4737 3492 4807 μὴ
3520 4737 3722 4808 Κύριος
3755 4739 3865 4791 Σα-

2272 4828 2420 4883 ϐαὼθ
2457 4828 2816 4897 ἐγκατέλιπεν
2857 4829 2987 4898 ἡμῖν
3020 4828 3261 4899 σπέρμα,
3296 4828 3372 4890 ὡς
3398 4827 3606 4899 Σόδομα
3644 4827 3709 4881 ἂν
3740 4830 3866 4896 εγε-

2269 4919 2406 4990 νήθη
2417 4936 2535 4989 μεν,
2554 4919 2648 4972 καὶ
2673 4918 2749 4981 ὡς
2774 4918 3028 4988 Γομόρρα
3062 4916 3129 4970 ἂν
3152 4916 3535 4987 ὡμοιώθημεν.
3575 4936 3595 4969 s
3613 4919 3776 4971 Δοκεῖ
3805 4918 3865 4972 δέ

2269 5029 2379 5064 τισι
2412 5012 2505 5065 καὶ
2532 5009 2734 5080 ἑτέρως
2761 5011 2901 5063 νοεῖν
2931 5008 3041 5061 τῶν
3071 5008 3447 5080 προκειμένων
3477 5008 3575 5080 τὴν
3604 5009 3859 5080 δύναμιν.

2270 5105 2649 5174 Διερωτῶντος
2676 5101 2734 5154 δὲ
2761 5100 2856 5155 τοῦ
2889 5101 3193 5172 προφήτου,
3215 5101 3311 5152 καὶ
3335 5100 3635 5170 ἀναμαθεῖν
3658 5101 3863 5155 ἐθέλον.

2271 5212 2364 5258 τος
2392 5197 2471 5256 εἰς
2503 5194 2623 5247 τίνα
2658 5193 2753 5246 καὶ
2783 5192 2948 5246 πόσον
2977 5190 3340 5261 ὲκταθήσεται
3370 5192 3561 5263 καιρὸν
3602 5195 3636 5263 ἡ
3663 5193 3863 5265 πώρω-

2272 5303 2376 5352 σις,
2425 5285 2777 5356 ἀποκρίνεται
2812 5284 2980 5346 Θεόςο
3021 5301 3041 5335 ι
3081 5284 3227 5347 Ἕως
3273 5282 3339 5336 ἂν
3383 5284 3746 5355 ὲρημωθώσιν
3804 5287 3861 5338 al

2271 5378 2474 5440 πόλεις,
2502 5376 2655 5448 παρά
2673 5376 2734 5429 τὸ
2774 5374 2848 5446 μὴ
2879 5373 3271 5440 κατοικεῖσθαι,
3310 5377 3404 5428 καὶ
3432 5371 3591 5441 οἶκοι,
3624 5375 3773 5447 παρά
3802 5377 3862 5429 τὸ

2274 5471 2349 5543 μὴ
2392 5465 2531 5524 εἷναι
2571 5468 2927 5541 ἀνθρώπους,
2982 5469 3076 5522 καὶ
3106 5468 3245 5536 μετά
3312 5467 3485 5524 ταῦτα
3520 5471 3788 5541 μακρυνεῖ
3831 5470 3860 5521 ὁ

2240 5616 2245 5619 Α
2271 5565 2402 5629 Θεὸς
2425 5564 2546 5626 τοὺς
2568 5560 2908 5634 ἀνθρώπους·
2936 5580 2954 5611 ι
2982 5560 3067 5614 ἵνα
3092 5559 3179 5614 διὰ
3194 5560 3385 5614 τούτου
3416 5561 3623 5631 νοῶμεν
3642 5562 3733 5614 τὸν
3756 5560 3858 5629 τῆς

2275 5654 2581 5718 συντελείας
2615 5652 2823 5723 καιρόν.
2858 5654 2951 5706 Δεῖ
2975 5652 3083 5723 γὰρ
3112 5652 3377 5724 πρότερον
3405 5652 3671 5723 πολέμους
3708 5654 3856 5723 ἡμεῖς
