4742 6534
552 471 664 526 189

1701 472 1770 530 ΙΝ
1810 473 2038 530 ISAIAM
2077 475 2204 532 LIB.
2246 477 2286 533 Ι.
2326 478 2537 536 ORAT.
2579 477 2667 537 IV.

3725 480 3826 538 190

548 592 814 656 ἀκοῦσαι,
857 592 952 646 καὶ
997 592 1167 657 ἀκοὰς
1217 593 1467 664 πολέμων
1493 631 1507 655 ,
1559 593 1858 663 ἀναστῆναί
1892 612 1952 647 τε
1987 595 2138 658 ἔθνος
2167 605 2210 659 Α
2241 599 2421 653 nimirt

1951 637 1952 642 η
1987 595 2138 658 ἔθνος
2167 605 2210 659 Α
2241 599 2496 654 nimirum
2525 609 2646 670 post
2681 608 2890 670 tempus
2928 599 3345 656 resurrectionis
3388 598 3650 668 integram
3707 599 3824 652 lun-

548 687 643 738 ἐπ’
677 684 852 748 ἔθνος,
895 682 990 736 καὶ
1023 682 1296 752 βασιλείας
1335 685 1427 736 ἐπὶ
1462 683 1756 753 βασιλείας,
1783 687 2138 757 ἐρημωθῆναι

547 794 614 829 τε
663 775 872 836 πόλεις,
915 775 1010 827 καὶ
1055 774 1256 838 οἴκους,
1291 771 1389 828 εἴθ’
1430 775 1572 829 οὕτω
1606 775 1667 830 τὸ
1713 776 1892 839 τέλοςο
1933 778 2050 847 μεθ’
2079 778 2139 832 ὃν

553 865 929 936 μακρύνονται
960 866 1144 920 λοιπὸν
1173 870 1222 920 oi
1250 866 1548 939 ἄνθρωποι,
1581 869 1717 939 μετὰ
1753 869 1844 923 τὸν
1877 871 1976 940 τῆς
2003 871 2138 924 ἀνα-

553 959 800 1021 στάσεως
831 958 1073 1027 δηλονότι
1119 961 1330 1029 καιρὸν,
1360 960 1451 1012 τὸν
1484 960 1661 1030 εὐαγῆ
1692 962 1784 1014 καὶ
1814 961 2139 1032 μακραίωνα

548 1049 846 1114 διαζῶντες
874 1050 1010 1119 βίον,
1043 1051 1392 1122 ἀνῃρημένης
1439 1054 1518 1116 εἰς
1561 1053 1706 1106 ἆπαν
1752 1053 1851 1123 τῆς
1908 1053 2136 1124 φθορᾶς,

549 1141 647 1194 καὶ
672 1141 1098 1212 κατηργημένου
1126 1141 1219 1195 τοῦ
1243 1143 1493 1206 θανάτου,
1529 1161 1600 1197 κα
1621 1145 1837 1214 ἁπάσης
1866 1146 2141 1215 ἁμαρτίας

2245 706 2474 762 gamque
2528 692 2693 747 vitam
2746 694 3008 757 viventes,
3053 693 3530 762 interitu.prorsns
3589 691 3818 756 sublato.

2246 793 2417 838 morte
2445 785 2744 844 exinanita.
2783 785 3040 854 omnique
3066 793 3287 852 peccato
3330 784 3598 837 submoto.
3636 781 3818 836 Excre-

2246 885 2427 928 catnm
2458 889 2582 928 vero
2607 874 2857 928 lsraelem
2879 890 3016 938 esse,
3049 884 3101 928 et
3121 874 3378 928 extremis
3397 874 3576 925 mundi
3614 882 3821 942 tempo-

2246 967 2397 1021 ribus
2423 968 2745 1028 vocandum.
2774 981 2895 1020 cum
2932 967 3210 1035 Scriptura
3253 965 3513 1018 divinitus
3557 948 3815 1030 inspirata

2246 1057 2387 1112 clare
2409 1057 2656 1120 afﬁrmet,
2682 1057 2980 1125 producere
3009 1068 3064 1111 et
3088 1058 3406 1126 conquirere
3451 1057 3570 1111 fidei
3618 1056 3820 1110 facien-

2246 1149 2326 1200 d:e
2356 1157 2692 1216 argumenta,
2719 1145 3080 1202 frustraneum
3105 1163 3226 1201 esse
3259 1149 3513 1200 arhitror.

545 1232 920 1304 ἐξῃρημένης.
964 1236 1084 1288 Ὅτι
1133 1235 1191 1288 δὲ
1232 1236 1566 1306 πεπώρωται
1601 1240 1630 1291 6
1671 1237 1908 1310 Ἰσραὴλ,
1967 1239 2292 1309 κεκλήσεται
2331 1257 2395 1308 γε
2457 1240 2562 1310 μὴν
2625 1243 2683 1293 ὲν
2733 1242 2978 1310 ἐσχάτοις
3036 1239 3128 1294 τοῦ
3188 1240 3379 1302 αἰῶνος
3418 1242 3658 1310 καιροῖς,
3719 1241 3818 1309 τῆς

547 1328 909 1382 θεοπνεύστου
949 1329 989 1380 Γ
994 1330 1172 1400 ραφῆς
1197 1329 1458 1402 λεγούσης
1496 1330 1684 1401 σαφῶς
1712 1349 1771 1385 τε
1815 1334 1909 1386 καὶ
1937 1334 2202 1404 ἐναργῶς,
2241 1337 2446 1388 εἰκαῖον
2474 1331 2625 1405 οἶμαι
2653 1335 2712 1388 τὸ
2739 1335 3117 1400 διατείνεσθαι,
3150 1336 3243 1390 καὶ
3268 1334 3452 1406 ζητεῖν
3473 1335 3543 1387 τὰ
3565 1333 3818 1388 τελοῦντα

546 1422 690 1494 πρὸς
722 1424 1116 1495 πληροφορίαν.

619 1518 737 1573 Καὶ
783 1520 868 1572 ἐτι
912 1519 1007 1571 ἐπ’
1060 1517 1248 1587 αὐτῆς
1296 1520 1426 1574 ἐστι
1485 1520 1550 1574 τὸ
1608 1521 1982 1587 ἐπιδέκατον,
2034 1521 2131 1576 καὶ

547 1610 741 1666 πάλιν
779 1610 1022 1664 ἔσονται
1065 1612 1153 1676 είς
1200 1611 1512 1680 προνομὴν
1549 1612 1630 1677 ὡς
1661 1613 1990 1681 τερέϐινθος
2033 1614 2132 1667 καὶ

544 1701 629 1767 ὡς
667 1700 945 1766 βάλανος
981 1701 1128 1756 ὅταν
1151 1702 1383 1771 ἐκπέσῃ
1417 1705 1536 1758 ἀπὸ
1569 1704 1678 1772 τῆς
1704 1705 1894 1774 θήκης
1922 1707 2130 1762 αὐτοῦ.

617 1793 1000 1864 Διαμέμνηται
1033 1794 1129 1846 καὶ
1160 1793 1256 1848 νῦν
1289 1795 1528 1865 ἱστορίας
1559 1797 1588 1848 ὁ
1621 1796 1960 1866 προφητικὸς
1993 1798 2127 1867 ἡμῖν

2309 1523 2476 1580 Vsus.
2511 1524 2599 1604 ἰᾷ.
2625 1525 2694 1578 Et
2722 1527 2894 1580 adhuc
2918 1527 2970 1580 in
2993 1526 3084 1578 illa
3115 1534 3190 1579 est
3213 1525 3512 1588 decimatio,
3553 1533 3601 1578 et
3638 1541 3816 1577 rursus

2236 1627 2389 1669 erunt
2415 1617 2694 1682 direptioni
2734 1628 2789 1669 ut
2826 1617 3168 1681 terebinthus,
3215 1627 3260 1669 et
3301 1625 3358 1669 ut
3403 1617 3557 1685 glans
3606 1616 3817 1684 quando

2236 1708 2484 1761 exciderit
2513 1724 2577 1761 ea:
2605 1708 2756 1760 theca
2783 1725 2904 1762 sua.

2307 1799 2498 1854 lncidit
2529 1800 2692 1854 etiam
2727 1815 2866 1852 nunc
2897 1799 2948 1852 in
2995 1799 3320 1854 mentionem
3371 1799 3609 1853 historiae
3675 1814 3804 1867 pro-

543 1884 729 1952 λόγος,
761 1885 828 1955 ἢν
861 1885 1180 1953 ἀναγκαῖον,
1222 1884 1298 1949 ὡς
1342 1885 1539 1950 ἔοικεν,
1587 1889 1781 1941 εἰπεῖν’
1822 1888 1975 1941 ἔσται
2021 1889 2131 1961 γὰρ
2164 1884 2205 1912 ⁸³
2235 1890 2415 1961 phetic

1940 1906 1975 1940 ιι
2021 1889 2131 1961 γὰρ
2164 1884 2205 1912 ⁸³
2235 1890 2448 1961 phetica
2479 1889 2676 1956 oratio,
2709 1906 2869 1959 quam
2901 1907 3122 1944 necesse
3159 1901 3284 1962 est"
3311 1901 3370 1944 ut
3408 1891 3636 1955 videtur,
3669 1907 3813 1944 com-

543 1975 692 2029 οὕτω
724 1976 893 2044 σαφὲς
931 1976 990 2029 τὸ
1028 1975 1375 2046 δηλούμενον.
1413 1979 1978 2050 Καταστρατευόντων
2015 1997 2130 2034 τοι-

539 2066 754 2140 γαροῦν
810 2066 914 2136 τῆς
969 2067 1240 2146 Ἰουοδαίων
1297 2067 1499 2140 χώρας,
1560 2069 1636 2133 ὡς
1690 2070 1791 2142 ήδη
1847 2074 2126 2141 προεῖπον,

542 2157 957 2214 οὐεσπασιανοῦ
999 2174 1061 2211 τε
1090 2159 1186 2212 καὶ
1224 2158 1407 2224 Τίτου,
1431 2159 1793 2232 δεδαπάνηται
1825 2162 1923 2232 μὲν
1957 2165 1990 2234 ή
2021 2162 2129 2216 τῶν

555 2249 828 2303 Ἰουδαίων
867 2249 1042 2320 χώρα,
1090 2249 1279 2304 πόλεσί
1327 2268 1387 2304 τε
1419 2252 1555 2322 ὁμοῦ
1601 2252 1696 2306 κα)⁸
1734 2253 1916 2316 αὐτοῖς
1959 2254 2130 2317 οἴκοις

541 2341 1008 2413 ἐμπεπρησμένη,
1055 2341 1236 2412 θέαμα
1288 2343 1497 2410 δεινὸν,
1554 2346 1647 2398 καὶ
1700 2345 1899 2412 παντὸς
1943 2346 2126 2400 οίκτου

544 2433 744 2502 μεστὸν
786 2435 897 2497 τοῖς
929 2431 1130 2505 ὁρῶσιν
1164 2429 1255 2505 ἦν,
1293 2435 1635 2505 ὀλιγανδρίας
1669 2437 1825 2506 ήκειν
1851 2438 1932 2500 εἰς
1967 2437 2128 2491 τοῦτο

539 2523 730 2577 λοιπὸν
751 2524 812 2577 τὸ
837 2525 987 2587 ἔθνος
1010 2526 1214 2590 αὐτοῖς,
1243 2527 1319 2589 ὡς
1340 2528 1438 2598 τῆς
1459 2527 1718 2598 ἀληθείας
1742 2529 1842 2582 οὑκ
1875 2530 2127 2600 ἀφαμαρ-

537 2617 654 2666 τεῖν
693 2614 788 2667 τὸν
819 2614 1064 2683 λέγοντα,
1099 2615 1507 2687 ’περιλελεῖφθαι
1558 2617 1708 2686 μόλις
1755 2619 1813 2670 ἐν
1858 2618 1995 2688 αὐτῇ
2030 2616 2124 2671 τοῦ

539 2706 745 2768 παντὸς
795 2705 966 2776 δήμου
1014 2704 1077 2759 τὸ
1131 2706 1472 2761 ἐπιδέκατον.
1522 2702 1652 2760 Εἶτα
1713 2708 2119 2762 διατετελέκασι

536 2797 771 2867 χρόνους
813 2797 966 2860 τινὰς
997 2797 1321 2868 τρεφόμενοι
1361 2797 1458 2868 μὲν
1491 2800 1548 2852 ἐν
1599 2799 1812 2870 εἰρήνῃ,
1855 2799 1995 2868 πλὴν
2024 2801 2124 2853 οὐκ

537 2887 646 2951 ἔξω
677 2887 972 2958 δειμάτων,
1007 2888 1102 2942 τοῦ
1138 2890 1232 2942 καὶ
1266 2888 1506 2952 είσαῦθις
1544 2889 1737 2943 παθεῖν
1770 2890 1872 2962 τὴν
1899 2889 2120 2961 δῄωσιν,

534 2979 562 3032 δ
593 2979 661 3049 δὴ
696 2979 792 3030 καὶ
824 2979 1068 3047 γέγονεν.
1113 2978 1390 3052 ’Δδριανὺς
1423 2980 1532 3052 γὰρ
1574 2982 1716 3035 κατὰ
1757 2983 1983 3054 καιροὺς
2011 2981 2122 3036 τῶν

2233 1995 2538 2036 memorare
2575 1999 2590 2036 :
2635 1982 2715 2036 sic
2778 1982 2884 2036 erit
2921 1982 3061 2050 quod
3106 1983 3394 2051 exponitur
3441 1981 3808 2036 manifestum.

2232 2071 2676 2142 Oppugnantibus
2707 2072 2869 2141 igitur
2917 2073 3190 2142 regionem
3240 2071 3545 2135 Judaicam,
3602 2083 3659 2124 ut
3693 2072 3808 2142 jam

2230 2174 2353 2218 aute
2378 2164 2512 2227 dixi,
2549 2163 2875 2232 Vespasiano
2911 2173 2966 2217 et
3007 2163 3150 2226 Tito,
3213 2164 3326 2233 ipsa
3378 2163 3512 2217 adeo
3549 2164 3679 2216 urbs
3716 2161 3812 2217 Ju-

2231 2254 2466 2307 tlaeornm
2493 2255 2672 2308 excisa
2707 2264 2810 2319 est,
2845 2271 2949 2308 una
2979 2270 3099 2309 cum
3131 2254 3440 2309 civitatibus
3479 2265 3534 2310 et
3557 2255 3811 2310 domibus

2228 2353 2444 2409 exusta,
2475 2354 2529 2398 et
2562 2344 2928 2414 spectaculum
2973 2345 3192 2400 crudele
3234 2345 3357 2410 fuit,
3399 2361 3462 2399 ac
3503 2345 3809 2399 videntibus

2227 2450 2388 2504 quam
2430 2435 2910 2492 luctuosissimum.
2947 2437 3156 2492 Etenim
3193 2437 3261 2492 ad
3313 2447 3514 2490 tantam
3565 2439 3805 2492 virorum

2227 2528 2550 2596 paucitatem
2595 2543 2726 2598 gens
2758 2528 2972 2582 illorum
3005 2529 3217 2591 recidit,
3254 2538 3367 2582 uta
3403 2543 3528 2582 vero
3557 2528 3806 2582 deﬂuxu-

2227 2632 2319 2672 rus
2343 2635 2447 2673 non
2491 2619 2582 2683 sit,
2627 2619 2716 2687 qui
2757 2619 2844 2672 vix
2884 2620 3050 2673 totius
3080 2619 3259 2688 populi
3297 2619 3707 2674 decimationem
3751 2619 3803 2673 in

2224 2724 2286 2765 ea
2313 2710 2644 2780 superfuisse
2662 2710 2879 2764 dixerit.
2899 2709 3100 2762 Deinde
3128 2711 3522 2779 aliquantulum
3550 2711 3805 2780 temporis

2226 2801 2277 2856 iu
2304 2815 2435 2871 pace
2462 2801 2555 2855 alti
2579 2801 2995 2868 conservatique
3043 2811 3478 2868 permanserunt,
3518 2818 3621 2856 non
3666 2802 3802 2854 citra

2225 2904 2425 2947 metum
2466 2902 2642 2946 tamen
2699 2892 2861 2946 etiam
2905 2891 3158 2961 deinceps
3204 2893 3560 2946 Vastatiouem
3611 2907 3804 2961 perpe-

2226 2983 2388 3039 tiendi
2422 2984 2598 3053 :quod
2629 2982 2826 3039 factum
2861 2991 2967 3039 est.
2996 2981 3130 3037 Nam
3174 2982 3443 3036 Adrianus
3476 2983 3602 3036 olim
3651 2983 3800 3051 regni

543 3070 837 3140 Ῥωμαίων
876 3071 1149 3142 βασιλείας
1197 3071 1398 3126 διέπων
1433 3074 1560 3136 τοὺς
1611 3073 1846 3139 θάκους,
1883 3075 1978 3128 καὶ
2013 3075 2120 3147 μὴν
2222 3074 2416 3129 Roma!

1925 3075 1978 3128 αἱ
2013 3075 2120 3147 μὴν
2222 3074 2450 3129 Romani
2493 3074 2683 3129 solium
2732 3083 2940 3137 tenens,
2991 3082 3048 3128 et
3095 3073 3395 3128 Antiochus
3443 3071 3690 3137 lllustris,
3747 3074 3798 3124 in

543 3163 819 3232 Ἀντίοχος
844 3163 1073 3233 ἐπίκλην
1112 3163 1432 3234 Ἐπιφανὴς,
1470 3164 1813 3236 κατέδραμον
1856 3168 1954 3236 τῆς
1988 3167 2118 3219 Ἰου-
2146 3180 2190 3239 c
2225 3164 2416 3234 regioni

1926 3183 1954 3228 ς
1988 3167 2118 3219 ἰου-
2146 3180 2190 3239 c
2225 3164 2496 3234 regionem
2527 3162 2836 3218 Judteorum
2874 3163 3240 3218 incursionem
3284 3163 3550 3224 fecerunt,
3580 3172 3634 3216 et
3668 3161 3799 3215 nihil

533 3251 702 3305 δαίων
729 3252 936 3324 χώρας,
968 3253 1066 3307 καὶ
1097 3253 1249 3306 οὐδὲν
1274 3248 1342 3324 ἦν
1371 3255 1428 3306 ἐν
1467 3253 1645 3324 μείοσι
1674 3253 1783 3306 τῶν
1814 3253 1980 3306 πάλαι
2015 3271 2116 3307 καο
2219 3255 2406 3324 superi

1927 3272 1980 3306 αι
2015 3271 2116 3307 καο
2219 3255 2559 3324 superiorum
2593 3254 2855 3308 malorum
2891 3253 3048 3323 113
3086 3268 3190 3307 non
3223 3263 3338 3308 erat
3386 3253 3440 3307 in
3481 3254 3600 3307 istis
3641 3252 3800 3304 mini-

535 3343 652 3398 κῶν
710 3344 1248 3417 προσερημουμένων
1306 3343 1594 3414 λειψάνων,
1637 3344 2000 3415 πεμπομένων
2039 3347 2119 3408 είς
2218 3344 2323 3398 mis
2357 3361 2408 3414 qt

1925 3362 2000 3397 ων
2039 3347 2119 3408 είς
2218 3344 2323 3398 mis
2357 3346 2594 3414 quidem,
2627 3345 2873 3413 reliquiis
2906 3345 3225 3409 devastatis,
3263 3345 3444 3399 missis
3474 3345 3527 3398 in
3571 3343 3796 3412 captivi-

535 3436 919 3504 αἰχμαλωσίαν
965 3436 1074 3489 τῶν
1115 3435 1586 3507 κατειλημμένων,
1630 3437 1718 3489 ὅτε
1767 3435 1863 3490 καὶ
1904 3435 1974 3490 τὰ
2010 3435 2118 3488 τῶν
2222 3442 2385 3488 tatem

1924 3435 1974 3490 τὰ
2010 3435 2118 3488 τῶν
2222 3442 2385 3488 tatem
2435 3435 2520 3488 his
2571 3436 2662 3504 qui
2719 3435 3092 3504 comprehensi
3143 3445 3318 3495 erant.
3379 3435 3593 3504 quando
3637 3436 3797 3488 etiam

537 3528 877 3582 Μακαϐαίων
909 3529 1106 3600 συνέϐη
1133 3528 1384 3598 γενέσθαι
1407 3528 1574 3598 πάθη.
1599 3527 1720 3582 Τῶν
1751 3529 2003 3583 τοιούτων
2034 3529 2114 3582 δι-

536 3621 840 3690 ηγημάτων
861 3621 996 3690 ήμῖν
1024 3622 1259 3674 ποιεῖται
1293 3620 1392 3689 τὴν
1422 3621 1642 3691 μνήμην
1689 3622 1746 3672 ὲν
1776 3619 2116 3692 προηγορεύ-

542 3727 619 3764 σει
641 3713 805 3766 πάλιν
825 3713 855 3765 6
876 3712 984 3765 τῶν
1010 3712 1147 3766 ὅλων
1161 3711 1295 3774 Θεὸς
1315 3711 1407 3766 καί
1436 3729 1617 3784 φησιν⁸
1647 3731 1665 3764 ι
1693 3714 1812 3766 Ἔτι
1840 3715 1926 3766 ἐπ’
1949 3715 2116 3784 αὐτῆς

541 3804 650 3856 ἐστι
699 3803 766 3856 τὸ
813 3803 1150 3868 ἐπιδέκατον,
1187 3804 1280 3857 καὶ
1308 3805 1467 3858 πάλιν
1495 3804 1647 3859 ἔσται
1668 3806 1747 3868 είς
1778 3807 2108 3876 προνομήν.»

541 3894 612 3948 Οὐ
633 3895 744 3966 γὰρ
770 3894 874 3958 ἔξω
901 3895 1177 3964 φροντίδος
1205 3894 1467 3962 κείσεται,
1506 3897 1660 3966 φησὶ,
1695 3897 1798 3948 κᾶν
1835 3899 1881 3948 εί
1910 3897 1967 3949 ἐν
2001 3896 2113 3948 λει-

537 3983 720 4052 ψάνοις
750 3985 984 4053 γένοιτο,
1023 3987 1120 4039 καὶ
1152 3985 1309 4038 τοῦτο
1353 3989 1589 4057 μικροῖς,
1633 3987 1742 4040 τῶν
1787 3987 2056 4040 Ἰουδαίων
2085 3988 2113 4039 6

536 4075 720 4145 δῆμος³
752 4075 868 4129 ἀλλ’
895 4077 1048 4129 ἐσται
1068 4075 1230 4129 πάλιν
1250 4078 1330 4139 είς
1352 4078 1649 4147 προνομήν.
1682 4078 1972 4146 Γενήσεται
1992 4077 2048 4130 δὲ
2077 4080 2109 4148 ή

537 4166 679 4237 χώρα
711 4167 807 4221 καὶ
831 4167 954 4220 τότε
980 4167 1143 4221 πάλιν
1173 4168 1355 4231 αὐτοῖς
1385 4168 1461 4231 ὡς
1486 4169 1810 4240 τερέϐινθος,
1836 4171 1928 4222 καὶ
1959 4171 2112 4223 αύτοῖ⁹

535 4256 588 4309 δὲ
628 4258 705 4321 ὡς
759 4256 1005 4328 βάλανος,
1053 4259 1142 4310 ὅτε
1192 4257 1397 4328 ἐκπέσῃ
1431 4259 1538 4312 ἀπὸ
1571 4258 1672 4327 τῆς
1711 4258 1882 4329 θήκης
1921 4259 2106 4314 αὐτοῦ.

536 4347 699 4401 Φυτδν
724 4349 822 4418 μὲν
850 4348 958 4418 γὰρ
988 4350 1020 4419 ή
1048 4347 1378 4418 τερέϐινθος,
1399 4349 1512 4401 ἀλλ’
1539 4349 1587 4401 εί
1613 4348 1824 4416 γένοιτο
1846 4349 1953 4401 τῶν
1985 4349 2110 4417 φύλ-

537 4436 636 4489 λων
664 4436 927 4506 ἀποϐολὴ,
961 4436 1096 4489 πολὺ
1124 4436 1189 4506 δὴ
1216 4435 1340 4489 λίαν
1367 4435 1476 4504 ἔχει
1503 4435 1564 4488 τὸ
1590 4436 1846 4504 ἀτερπὲς,
1877 4436 2109 4506 ξηροτά-

535 4543 653 4589 tua;
695 4527 831 4597 ἔχων
871 4527 996 4590 τοὺς
1032 4525 1264 4588 κλῶνας.
1304 4527 1457 4580 Κατὰ
1477 4525 1663 4580 τοῦτον
1685 4521 1836 4596 οἶμαι
1865 4525 1957 4578 τὸν
1979 4528 2106 4596 τρό-
2135 4509 2182 4566 Ῐ)

539 4632 649 4676 πον,
683 4617 778 4670 καὶ
801 4615 953 4686 χώρα
997 4614 1247 4668 παθοῦσα
1272 4615 1380 4668 τῶν
1406 4615 1754 4669 ἐνοικούντων
1782 4616 1952 4687 αὐτὴν
1976 4617 2104 4688 ἐρή-

545 4709 811 4776 μωσιν,ἐν
843 4707 942 4778 ἴσῳ
973 4725 1078 4760 που
1111 4707 1329 4769 πάντως
1360 4707 1546 4778 ξηροῖς
1569 4706 1722 4760 ἐσται
1756 4711 1962 4776 φυτοῖς,
1986 4710 2102 4768 τοῖς

539 4800 652 4852 κατ’
689 4801 854 4872 αὐτὴν
894 4801 996 4854 οὐκ
1039 4800 1222 4870 ἔχουσι
1265 4800 1366 4870 τὴν
1400 4799 1586 4869 ἄνθην,
1626 4792 1761 4853 ἀλλά
1795 4801 1890 4854 καὶ
1930 4801 2104 4871 αὐτῆς

539 4891 804 4963 παθούσης
831 4893 930 4963 τῆς
956 4891 1204 4960 φυλλίδος
1233 4890 1328 4959 τὴν
1350 4891 1638 4961 ἀποϐολήν.
1679 4891 1912 4961 Ὀμοίως
1945 4894 1978 4963 ή
2009 4893 2103 4962 βά·-

540 4978 689 5042 λανος
709 4982 913 5052 καρπὸς
940 4981 1039 5050 μέν
1066 4982 1184 5033 ἐστι
1209 4979 1388 5050 δρυός·
1422 4980 1550 5032 ὅταν
1576 4980 1634 5034 δὲ
1668 4980 1768 5050 τῆς
1799 4980 1972 5052 θήκης
2004 4983 2100 5035 ἐκ-

542 5071 698 5142 πέσῃ,
721 5073 836 5124 τότε
866 5071 1258 5142 παρακείσεται
1282 5072 1393 5134 τοῖς
1416 5070 1659 5124 εἰωθόσιν
1685 5071 1854 5141 αὐτήν
1883 5072 2104 5125 κατανέ-

544 5161 730 5230 μεσθαι
753 5161 856 5214 τῶν
888 5161 1061 5224 ζώων.
1086 5159 1296 5214 Οὐκοῦν
1323 5161 1356 5230 ή
1388 5160 1484 5230 μὲν
1513 5161 1621 5214 τῶν
1657 5161 1921 5216 Ἰουδαίων
1949 5161 2101 5233 χώρα

545 5250 836 5320 μεμίμηται
858 5251 957 5322 τὴν
979 5248 1290 5320 τερέϐινθον
1319 5249 1699 5304 ἀποϐαλοῦσαν
1727 5251 1798 5306 τὰ
1823 5252 2013 5321 φῦλλα.
2037 5255 2100 5308 Οἱ

541 5342 597 5396 δὲ
633 5341 821 5414 τάύτης
857 5341 1320 5405 ἀποπεπτωκότες
1349 5341 1435 5395 διὰ
1482 5341 1575 5396 τοῦ
1625 5343 1854 5414 δραμεῖν
1905 5346 1983 5406 είς
2014 5347 2103 5397 al-

515 5433 858 5519 εχμαλιικπίαν,
887 5434 965 5497 ὼς
996 5434 1216 5503 βάλανοι
1267 5433 1561 5497 κείσονται,
1613 5436 1894 5504 μονονουχὶ
1928 5434 2100 5506 θήκης

516 5588 528 5604 ι
547 5526 676 5588 ιδίας
701 5527 1108 5588 ἐκπεπτωκότες
1128 5527 1227 5595 τῆς
1251 5524 1581 5596 ἐνεγκούσης
1611 5526 1828 5590 αὐτούς.
1851 5527 2102 5582 Τοιοῦτόν

517 5627 593 5694 ἔτι
630 5616 713 5668 καὶ
747 5617 775 5669 6
806 5613 1054 5686 Σολομῶν
1088 5631 1271 5686 φησιν’
1312 5633 1329 5666 ι
1362 5616 1572 5686 Ὥσπερ
1609 5616 1795 5685 ὄρνεον
1843 5619 1974 5674 ὅταν
2007 5620 2101 5672 ἐκ·

622 5786 661 5818 ³⁸
699 5788 826 5847 Prov
887 5806 1056 5852 uvu,
1092 5792 1144 5846 8.

2217 3524 2644 3580 Maccabteorum
2697 3526 2837 3580 mala
2889 3527 3223 3581 acciderunt.
3268 3523 3582 3592 Huiusmodi
3637 3526 3800 3594 igitur

2218 3617 2562 3670 historiarum
2600 3617 2930 3670 mentionem
2966 3616 3124 3670 nobis
3155 3615 3284 3670 facit
3308 3618 3484 3669 demto
3523 3615 3574 3667 in
3610 3615 3801 3669 vatici-

2217 3707 2307 3760 nio
2340 3706 2709 3760 universitatis
2737 3705 2900 3770 Deus,
2930 3716 2983 3760 et
3009 3706 3180 3775 inquit
3211 3724 3223 3759 :
3252 3706 3591 3760 «Adhuccrit
3621 3707 3672 3758 in
3707 3705 3796 3758 illa

2214 3797 2523 3860 decimatio,
2553 3805 2607 3850 et
2628 3812 2815 3852 rursus
2843 3797 2944 3850 erit
2977 3796 3320 3864 direptioni.»
3352 3794 3465 3849 Non
3488 3798 3630 3849 enim
3659 3811 3787 3849 cura

2214 3889 2499 3960 ahjicietur
2528 3890 2706 3958 populi
2729 3889 2958 3953 Judaici,
2996 3890 3205 3943 tametsi
3235 3889 3442 3957 positus
3470 3889 3539 3942 sit
3588 3889 3640 3942 in
3670 3888 3796 3942 reli-

2213 3982 2356 4053 quiis
2373 3984 2552 4051 parvis
2582 4000 2596 4036 :
2617 3983 2709 4036 sed
2735 3997 2923 4036 rursus
2940 3982 3043 4034 erit
3066 3980 3370 4048 direptioni.
3390 3979 3606 4047 Eritque
3632 3981 3794 4032 etiam

2214 4085 2339 4128 tunc
2353 4075 2547 4128 iterum
2563 4073 2666 4129 illis
2681 4075 2827 4143 regio
2845 4087 2942 4127 ceu
2964 4072 3317 4135 terebinthus,
3333 4081 3386 4124 et
3399 4071 3498 4139 ipsi
3515 4084 3611 4123 ceu
3642 4069 3796 4138 glans

2210 4165 2424 4234 quando
2463 4163 2722 4219 ceciderit
2763 4179 2794 4217 e
2843 4164 2998 4217 theca
3043 4178 3160 4216 sua.
3209 4163 3386 4216 Arbor
3438 4161 3654 4229 quidem
3708 4167 3794 4214 est

2212 4255 2570 4317 terebinthus,
2599 4263 2654 4306 at
2682 4253 2724 4306 si
2770 4251 2896 4305 folia
2945 4250 3288 4316 deduxerint,
3342 4249 3497 4303 valde
3547 4250 3653 4303 erit
3697 4251 3791 4302 de-

2213 4344 2422 4406 formis,
2485 4357 2662 4396 ramos
2704 4341 2906 4396 habens
2957 4342 3310 4396 aridissituos.
3364 4338 3488 4393 Pari
3569 4341 3781 4394 ratione

2210 4435 2372 4486 etiam
2410 4433 2578 4500 regio,
2629 4441 2687 4484 ut
2739 4433 2868 4486 mihi
2913 4433 3145 4494 videtur,
3205 4447 3328 4486 cum
3388 4431 3790 4486 habitatoribus

2210 4523 2322 4577 suis
2366 4523 2709 4584 destituetur,
2742 4522 2934 4576 similis
2963 4524 3184 4576 omnino
3211 4524 3317 4577 erit
3350 4523 3637 4577 arboribus
3680 4523 3790 4574 ari-

2210 4616 2314 4680 dis,
2355 4628 2472 4682 quaa
2501 4612 2686 4666 liorem
2737 4627 2890 4667 suum
2944 4629 3050 4667 non
3100 4615 3321 4676 habent,
3372 4614 3466 4668 sed
3522 4623 3576 4666 et
3636 4611 3784 4666 foliis

2210 4705 2599 4760 destituuntur.
2654 4703 2920 4758 Similiter
2965 4703 3118 4773 glans
3171 4703 3378 4758 fructus
3435 4703 3654 4772 quidem
3705 4715 3790 4758 est

2210 4813 2470 4868 quercus;
2520 4798 2736 4869 quando
2777 4804 2956 4852 autem
3001 4796 3156 4852 theca
3207 4797 3493 4861 exciderit,
3541 4807 3650 4851 ttun
3704 4798 3788 4853 his

2212 4906 2331 4959 quae
2363 4905 2482 4944 eam
2528 4891 2816 4958 depascere
2843 4889 3022 4943 solent
3074 4888 3440 4942 animantibus
3491 4890 3784 4959 prostitue-

2213 4989 2320 5036 tur.
2357 4981 2589 5036 Proinde
2619 4979 2923 5036 Judaeorum
2969 4981 3119 5050 regio
3160 4981 3372 5034 imitata
3430 4991 3514 5034 est
3558 4983 3788 5035 terebin-

2211 5073 2360 5127 thum
2399 5088 2518 5142 qua:
2551 5071 2678 5126 folia
2711 5071 2933 5139 abiecit.
2975 5070 3078 5137 Qui
3131 5080 3310 5124 autem
3355 5086 3417 5125 ea
3458 5070 3783 5136 excidi-rint,

2209 5163 2263 5218 in
2294 5163 2662 5230 captivitatem
2687 5161 2971 5230 fugientes,
3008 5161 3263 5231 jacebuut
3291 5161 3461 5216 inStar
3485 5161 3778 5230 glandium,

2209 5253 2590 5320 propemodum
2624 5267 2720 5305 sua
2773 5251 2954 5316 theca,
2999 5259 3162 5314 terra,
3199 5251 3440 5320 inquam,
3495 5266 3612 5320 qua!
3663 5252 3784 5304 tulit

2202 5361 2296 5400 eos
2328 5343 2625 5398 exturbati.
2677 5341 2864 5398 Simile
2919 5341 3170 5409 quiddam
3238 5351 3293 5394 ct
3339 5340 3592 5395 Solomon
3645 5342 3721 5395 ait
3765 5357 3780 5393 :

2205 5455 2224 5489 ι
2263 5434 2413 5492 Sicut
2444 5436 2559 5489 avis
2594 5449 2717 5489 cum
2753 5431 3008 5487 ceciderit
3036 5445 3101 5484 ex
3132 5445 3231 5485 suo
3266 5431 3413 5496 nido,
3442 5432 3520 5484 sic
3539 5442 3592 5484 et
3621 5432 3782 5484 homo

2201 5543 2320 5584 cum
2345 5543 2442 5582 suo
2472 5527 2590 5582 loco
2614 5522 2972 5580 dimovebitur
3005 5520 3074 5576 “.
3119 5539 3138 5573 ι
3187 5521 3327 5588 Quid
3375 5521 3516 5574 enim
3566 5520 3650 5573 his
3688 5519 3777 5588 qui

2202 5619 2255 5675 in
2287 5618 2604 5689 captivitate
2633 5625 2758 5674 sunt
2800 5613 2920 5670 ﬁeri
2969 5621 3145 5684 potest
3191 5609 3587 5667 miserabilius?
3639 5608 3778 5676 Quid
