4134 6506
630 380 728 438 191

1626 386 1683 440 S.
1721 384 2002 445 CYl‘tIlLl
2042 387 2511 447 ALEXANDRINI
2547 388 2866 447 ARCIIIEP.

3792 390 3899 451 193

627 513 761 553 vero
795 508 901 551 tam
938 498 1193 552 miserum
1226 507 1384 553 estet
1421 509 1527 553 tam
1559 500 1929 569 proculcatmn
1972 518 2032 557 ac
2073 518 2201 555 con-

2309 502 2453 574 πέσῃ
2492 502 2555 555 ἐκ
2590 503 2689 572 τῆς
2734 504 2870 566 ἰδίας
2912 503 3123 567 καλιᾶς,
3154 503 3298 558 οὕτω
3328 504 3422 558 καὶ
3453 503 3738 575 ἄνθρωπος
3768 504 3898 560 ὅταν

634 590 949 657 temptibile,
981 607 1137 659 quam
1176 591 1420 646 homines
1447 593 1499 645 iu
1534 608 1749 647 manum
1788 594 2008 647 victoris
2049 593 2186 648 inci-

631 681 799 734 dere?

2296 595 2623 666 ἀποσπασθῇ
2649 598 2712 648 ὲκ
2741 596 2847 648 τῶν
2880 597 3025 649 ἰδίων
3056 598 3257 650 τόπων.
3302 618 3319 649 ι
3346 598 3412 650 Τί
3445 599 3555 668 γὰρ
3582 597 3647 651 ἂν
3683 598 3898 665 γένοιτο

2311 686 2419 739 τῶν
2475 686 2533 738 ἐν
2578 686 2927 757 αἰχμαλωσίᾳ
2976 688 3035 740 τὸ
3080 688 3462 759 οἰκτρότερον;
3517 690 3582 741 Τί
3628 688 3685 741 δὲ
3722 684 3898 750 οὕτως

630 769 858 822 ἐλεεινὸν
893 770 986 822 καὶ
1018 789 1233 843 πεπατη
1244 772 1422 843 μένον,
1458 774 1533 836 ὠς
1561 772 1882 844 ἀνθρώπους
1908 772 2014 825 ὑπὸ
2052 775 2211 844 χεῖρα
2238 776 2425 826 πεσεῖν
2456 774 2564 828 τῶν
2599 775 3041 845 κεκρατηκότων.

698 862 825 916 CAP.
865 862 976 921 VII.
1004 880 1149 918 rens.
1187 865 1235 917 1.
1265 865 1328 919 Et
1363 869 1559 933 factum
1590 877 1662 920 est
1704 867 1755 920 in
1792 867 1971 919 diebus
2006 867 2203 919 Aclmzi

626 951 728 1019 ﬁlii
761 952 1032 1017 Joatham,
1060 954 1161 1023 ﬁlii
1188 955 1331 1009 Ozia:
1359 958 1490 1025 regis
1523 956 1702 1021 ludat,
1728 959 1963 1011 ascendit
1997 956 2203 1011 Rham-

627 1060 723 1096 sou
753 1060 843 1097 rex
877 1042 1068 1113 Syritc,
1103 1056 1150 1099 et
1190 1044 1390 1101 lecee
1412 1048 1551 1115 [ilius
1586 1046 1833 1102 Romelia:
1874 1064 1967 1102 rex
2011 1047 2201 1115 Israel,

628 1142 807 1183 contra
824 1128 1117 1187 Jerusalem
1149 1136 1217 1187 ad
1252 1136 1592 1189 obsidendum
1627 1154 1762 1203 eam,
1793 1148 1838 1191 et
1875 1153 1978 1191 non
2021 1148 2206 1207 potue-

628 1234 748 1275 runt
783 1240 1080 1294 expugnare
1114 1242 1249 1279 eam.
1354 1246 1355 1249 ‘

697 1311 798 1378 Qui
843 1314 892 1366 in
938 1313 1233 1382 Scriptnris
1280 1317 1537 1373 divinitus
1588 1319 1867 1388 inspiratis
1918 1320 2199 1375 historiam

628 1413 687 1454 ιιι
722 1418 833 1455 rem
862 1403 1105 1458 frivolam
1157 1409 1454 1474 repndiant,
1504 1410 1728 1477 fugiunt,
1771 1420 1827 1464 ιιι
1871 1411 2100 1477 videtur,
2138 1429 2202 1465 ro

629 1510 736 1561 quo
765 1497 918 1550 decet
949 1498 1125 1561 modo,
1170 1514 1231 1552 ea
1268 1515 1385 1568 quae
1418 1502 1470 1553 in
1516 1501 1643 1570 ipsis
1671 1503 1872 1570 scripta
1927 1515 2072 1569 sunt,
2121 1505 2195 1559 in-

632 1585 887 1653 telligere.
913 1587 1219 1655 Speculatio
1250 1590 1390 1642 enim
1416 1591 1701 1659 spiritalis,
1731 1608 1850 1661 qua:
1876 1594 2012 1647 bona
2035 1604 2118 1649 est
2149 1605 2203 1649 et

631 1677 798 1739 utilis,
829 1687 883 1731 et
927 1678 1289 1747 intelligentia:
1336 1682 1520 1735 oculos
1569 1684 1803 1737 maxime
1860 1684 2200 1751 collustrans,

630 1768 1032 1823 corllatissimos
1077 1772 1291 1839 quidem
1342 1773 1531 1840 elIicil;
1569 1778 1782 1846 quando
1817 1778 1976 1848 114
2024 1790 2200 1831 autem

627 1858 829 1926 aliquid
872 1860 1130 1917 historice
1174 1872 1383 1932 gestum
1431 1882 1498 1921 ex
1550 1872 1720 1923 sacris
1775 1868 1995 1923 Litteris
2050 1871 2202 1924 nobis

627 1947 872 2017 aﬂertur,
924 1960 1048 2009 tunc
1117 1955 1259 2009 illam
1327 1974 1446 2027 qua:
1504 1974 1572 2013 ex
1634 1961 1857 2015 historia
1910 1962 2197 2015 utilitatem

2383 868 2493 921 Kal
2531 867 2766 936 ἐγένετο
2796 868 2866 921 ἐν
2893 868 3022 931 ταῖς
3043 867 3289 937 ἡμέραις
3318 865 3501 935 Ἀχαζ
3515 867 3621 921 τοῦ
3658 868 3899 937 Ἰωαθὰμ

2310 960 2418 1016 τοῦ
2453 962 2588 1015 υἱοῦ
2633 959 2814 1021 Ὀζῖου
2841 959 3148 1027 ,ϐασιλέως
3193 958 3398 1022 Ἰούδα,
3445 959 3629 1025 ἀνέϐη
3686 959 3900 1013 Ῥαασ-

2312 1052 2442 1105 σὼν
2468 1052 2769 1118 βασιλεὺς
2800 1052 3051 1120 ΣιιρΙας,
3083 1051 3179 1105 καί
3211 1049 3401 1104 Φακεὲ
3425 1049 3555 1116 υίὸς
3594 1052 3898 1117 Ῥομελίου

2309 1143 2612 1208 ,ϐασιλεὺς
2645 1142 2883 1211 Ἰσραὴλ
2944 1141 3042 1195 ἐπὶ
3103 1141 3493 1210 Ἰερουσαλὴμ
3553 1141 3898 1209 πολεμῆσαι

2310 1235 2525 1303 αὐτὴν,
2554 1236 2654 1289 καὶ
2686 1236 2796 1289 οὐκ
2825 1233 3223 1301 ἠδυνήθησαν
3252 1232 3653 1300 πολιορκῆσαι
3682 1234 3897 1298 αὐτὴν.

2382 1329 2445 1379 Oi
2484 1325 2581 1396 τὴν
2622 1328 2680 1377 ἐν
2710 1327 2826 1387 ταῖς
2860 1324 3241 1387 θεοπνεύστοις
3275 1325 3518 1395 Γραφαῖς
3550 1324 3792 1392 ἱστορίαν
3823 1323 3900 1385 ὡς

2311 1416 2476 1469 ἕωλον
2524 1414 2972 1485 παραιτούμενοι,
3020 1413 3281 1483 φεύγουσι
3331 1412 3475 1465 κατὰ
3530 1411 3591 1464 τὸ
3637 1412 3785 1474 εἰκὸς
3839 1411 3902 1463 τὸ

2309 1506 2450 1557 νοεῖν
2491 1502 2773 1564 δύνασθαι,
2814 1502 2937 1555 καθ’
2967 1503 3025 1555 ὃν
3053 1502 3318 1572 προσήκει
3345 1501 3564 1572 τρόπον,
3601 1501 3671 1553 τὰ
3710 1503 3767 1553 ἐν
3797 1500 3896 1553 αύ-

2308 1598 2419 1657 τοῖς
2446 1595 2827 1665 γεγραμμένα.
2869 1594 3083 1666 Θεωρία
3115 1594 3214 1663 μὲν
3242 1592 3353 1661 γὰρ
3387 1591 3729 1662 πνευματικὴ
3759 1592 3899 1661 καλή

2309 1705 2367 1740 τε
2399 1688 2492 1740 καὶ
2524 1687 2866 1757 ὀνησιφόρως,
2903 1687 2997 1739 καὶ
3030 1686 3128 1756 τῆς
3156 1684 3395 1747 διανοίας
3416 1683 3508 1736 τὸν
3534 1683 3816 1753 ὀφθαλμὸν
3838 1679 3901 1735 εὖ

2314 1778 2457 1848 μάλα
2524 1776 3061 1848 καταλαμπρύνουσα
3114 1774 3567 1844 νουνεχεστάτους
3623 1772 3898 1832 ἁποτελει.

2311 1874 2482 1926 Ὅταν
2519 1872 2577 1925 δέ
2620 1891 2673 1925 τι
2705 1872 2819 1924 τῶν
2879 1868 3166 1941 ἱστορικῶς
3219 1868 3631 1940 πεπραγμένων
3672 1867 3759 1919 διὰ
3788 1865 3901 1918 τῶν

2312 1964 2476 2036 ἰερῶν
2504 1966 2636 2035 ημῖν
2660 1962 3007 2034 Γραμμάτων
3037 1960 3380 2030 εἰσφέρηται,
3405 1959 3528 2011 τότε
3573 1957 3637 2027 δὴ
3676 1957 3799 2009 τότε
3839 1957 3903 2008 τὸ

628 2043 890 2108 nascitur,
936 2050 1189 2116 aucupari
1233 2050 1407 2113 decet,
1456 2062 1512 2106 ut
1550 2052 1888 2122 Scripturam
1940 2054 2202 2109 divinitus

2308 2056 2372 2107 ὲκ
2428 2054 2527 2124 τῆς
2581 2052 2824 2121 ἱστορίας
2875 2051 3145 2122 χρήσιμον
3198 2047 3466 2120 θηρᾶσθαι
3520 2048 3742 2117 πρέπει,
3811 2046 3903 2099 ἵνα

630 2134 949 2202 inspiratam
983 2144 1338 2211 undecunque
1362 2158 1459 2197 nos
1486 2155 1538 2198 et
1559 2161 1778 2200 Servare
1808 2156 1860 2201 et
1885 2146 2076 2215 juvare
2107 2164 2203 2217 ap-

626 2238 833 2294 pareat.
888 2229 1115 2284 Enarrat
1168 2234 1349 2303 itaque
1402 2237 1554 2289 nobis
1607 2238 1751 2291 hisce
1796 2238 1976 2292 verbis
2026 2254 2206 2293 sermo

628 2320 998 2386 propheticus,
1024 2337 1144 2391 qurc
1163 2334 1403 2394 tempore
1428 2328 1574 2396 regni
1609 2328 1754 2382 Oziaa
1787 2330 2032 2385 tribubus
2066 2330 2202 2385 Jnda

628 2420 681 2461 et
715 2408 1011 2479 Beniamin,
1047 2415 1338 2485 decemque
1361 2417 1607 2473 tribubus
1631 2420 1682 2474 in
1708 2421 1979 2485 Samaria,
2012 2438 2130 2491 quae
2152 2434 2205 2478 et

629 2499 885 2569 I'thraim
924 2504 1342 2562 nominabantur
1374 2520 1426 2562 et
1454 2509 1644 2576 Israel,
1679 2513 2044 2582 contigerunt.
2070 2513 2204 2567 Cum

630 2603 761 2644 vero
786 2601 1018 2659 quatuor
1042 2610 1226 2663 regum
1288 2600 1619 2667 temporibus
1673 2602 1919 2656 universa
1970 2605 2207 2673 prophe-

636 2679 723 2732 tiae
769 2682 943 2735 oratio
1000 2684 1182 2739 habita
1231 2686 1324 2751 sit,
1367 2704 1486 2757 quae
1528 2690 1799 2760 sigillatim
1864 2696 2202 2761 contingunt,

630 2770 782 2837 ponit
829 2774 1111 2843 propheta,
1149 2778 1522 2849 significatque
1575 2784 1907 2847 necessario,
1961 2786 2205 2840 ordinem

629 2862 763 2917 visis
814 2874 975 2935 atque
1031 2870 1375 2926 sermonibus
1438 2874 1554 2927 suis
1614 2875 1875 2943 optimum
1922 2878 2205 2931 adhibens.

631 2952 894 3010 Defuncto
926 2958 1087 3028 igitur
1130 2961 1347 3027 Azaria,
1397 2964 1487 3031 qui
1534 2974 1590 3018 et
1632 2963 1812 3030 Ozias,
1875 2968 2113 3022 succedit
2156 2972 2206 3023 in

632 3058 857 3113 regnum
886 3044 1162 3114 Joalham,
1187 3065 1519 3122 scopumque
1546 3068 1609 3107 ac
1651 3055 1891 3109 instituta
1927 3059 2096 3125 patris
2124 3059 2205 3111 sui

632 3146 951 3203 persecutus
972 3149 1072 3194 est.
1117 3141 1321 3196 Dicitur
1357 3144 1554 3214 quippe
1582 3155 1635 3199 et
1670 3146 1784 3215 ipse
1812 3146 1862 3199 in
1892 3148 2066 3201 oculis
2113 3147 2210 3201 Do-

629 3226 765 3281 mini
798 3226 990 3283 fecisse
1020 3238 1249 3296 rectum,
1277 3237 1729 3302 quemadmodum
1768 3249 1822 3290 et
1859 3236 2051 3305 Ozias;
2111 3255 2204 3293 ve-

631 3334 752 3373 rum
790 3321 1002 3376 excelsa
1034 3340 1135 3377 non
1164 3326 1405 3391 sustulit,
1437 3327 1530 3381 sed
1561 3330 1856 3382 etianmum
1889 3334 2119 3398 populus
2154 3332 2204 3385 in

2308 2142 2646 2214 πανταχόθεν
2675 2144 2824 2212 ἡμᾶς
2864 2144 2896 2212 ἠ
2933 2140 3290 2202 θεόπνευστος
3324 2137 3515 2209 Γραφὴ
3552 2136 3806 2200 σώζουσα
3840 2153 3900 2189 τε

2308 2236 2400 2288 καὶ
2424 2234 2711 2305 ὠφελοῦσα
2740 2234 3018 2303 φαίνηται.
3058 2233 3377 2301 ’Δφηγεῖται
3396 2230 3577 2283 τοίνυν
3615 2231 3643 2282 6
3680 2244 3899 2297 προφη-

2306 2325 2457 2389 τικὸς
2483 2328 2613 2396 ἡμῖν
2641 2326 2699 2378 ἐν
2723 2324 2933 2383 τούτοις
2966 2323 3124 2391 λόγος
3153 2322 3223 2375 τά
3259 2322 3319 2374 ἐν
3353 2322 3563 2391 καιροῖς
3584 2320 3684 2389 τῆς
3720 2318 3900 2382 Ὀζίου

2310 2418 2586 2488 βασιλείας
2621 2415 3007 2487 συμϐεϐηκότα
3030 2418 3143 2477 τοῖς
3168 2412 3229 2478 ἐξ
3257 2412 3427 2467 Ἰούδα
3459 2414 3553 2465 καὶ⁵
3581 2411 3897 2479 Βενιαμεὶν,

2248 2511 2265 2522 ⁸
2309 2509 2401 2562 καὶ
2430 2511 2550 2571 ταῖς
2576 2510 2633 2560 ἐν
2651 2510 2717 2577 τῇ
2745 2506 3029 2577 Σαμαρείᾳ
3054 2505 3183 2559 δέκα
3208 2503 3421 2573 φυλαῖς,
3454 2502 3511 2557 αἶ
3534 2503 3627 2555 καὶ
3656 2500 3898 2571 Ἐφραῖμ

2308 2599 2674 2669 ὠνομάζοντο,
2712 2598 2805 2651 καὶ
2835 2597 2935 2667 μέν
2964 2612 3045 2649 τοι
3074 2596 3170 2649 καὶ
3201 2594 3442 2665 Ἰσραήλ.
3490 2593 3708 2661 Ἐπειδὴ
3750 2592 3809 2644 δέ
3840 2592 3900 2644 ἐν

2310 2693 2519 2760 καιροῖς
2538 2688 2823 2758 τεσσάρων
2849 2686 3110 2757 βασιλέων
3134 2686 3163 2736 6
3185 2684 3407 2755 σύμπας
3432 2684 3530 2753 τῆς
3553 2681 3899 2754 προφητείας

2308 2783 2501 2851 γέγονε
2520 2781 2695 2849 λόγος,
2718 2781 2785 2833 τὰ
2812 2782 2868 2833 ἐν
2896 2780 3008 2840 τοῖς
3035 2776 3265 2830 ἑκάστου
3289 2778 3500 2846 καιροῖς
3521 2773 3898 2843 συμϐαίνοντα

2309 2874 2520 2944 τίθησιν
2561 2874 2590 2925 6
2623 2871 2929 2942 προφήτης,
2970 2871 3064 2923 καὶ⁵
3096 2867 3409 2935 ἀναγκαίως
3446 2864 3896 2933 ἐπισημαίνεται,

2258 2980 2261 2981 ⁷
2308 2965 2461 3029 τάξιν
2514 2966 2630 3027 ταῖς
2676 2962 2955 3033 ὁράσεσιν,
3001 2962 3120 3031 ἦτοι
3176 2962 3290 3022 τοῖς
3335 2955 3532 3011 ἐαυτοῦ
3580 2956 3759 3023 λόγοις
3794 2955 3898 3025 τὴν

2310 3054 2540 3122 ἀρίστην
2568 3050 2843 3113 ἐπιτιθείς.
2873 3048 3178 3110 Τεθνεῶτος
3198 3045 3489 3117 τοιγαροῦν
3520 3044 3775 3115 ’Δζαρίου
3801 3045 3898 3097 καὶ

2308 3143 2402 3195 τοῦ
2450 3143 2647 3205 Ὀζίου,
2686 3141 2985 3209 διαδέχεται
3024 3138 3122 3209 τὴν
3160 3136 3434 3207 βασιλείαν
3476 3134 3720 3199 Ἰωαθὰν,
3767 3136 3900 3203 ἡκο-

2308 3234 2539 3306 λούθησέ
2588 3251 2647 3286 τε
2697 3231 2773 3303 τῷ
2809 3232 3013 3302 σκοπῷ,
3059 3230 3152 3284 καὶ
3196 3231 3307 3292 τοῖς
3353 3226 3754 3298 ἐπιτηδεύμασι
3800 3225 3900 3280 τοῦ

2314 3327 2444 3380 ἰδίου
2473 3326 2696 3396 πατρός.
2738 3323 2966 3391 Λέγεται
2999 3321 3097 3393 μὲν
3130 3321 3239 3391 γὰρ
3268 3319 3363 3373 καὶ
3390 3319 3554 3383 αὐτὸς
3595 3321 3653 3373 ἐν
3692 3318 3901 3386 ὀφθαλ-

633 3411 868 3467 excelsis
924 3413 1196 3474 adolebat.
1257 3416 1323 3471 Et
1372 3417 1533 3473 Ozias
1582 3420 1798 3487 quidem
1857 3433 2055 3489 praeter
2129 3423 2205 3478 fas

2315 3420 2434 3487 μοῖς
2454 3417 2660 3486 Κυρίου
2689 3414 2913 3483 ποιῆσαι
2941 3414 3000 3465 τὸ
3023 3412 3200 3475 εὐθὲς,
3228 3412 3372 3465 καθὰ
3398 3413 3492 3465 καὶ
3521 3411 3723 3476 Ὀζίας,
3754 3411 3900 3481 πλὴν

633 3513 851 3555 sacrum
882 3517 1075 3557 munus
1097 3504 1308 3571 ambiit,
1344 3515 1398 3560 et
1439 3507 1636 3563 offerre
1671 3508 1889 3564 incensa
1922 3526 2210 3580 aggressus

635 3600 738 3653 est,
769 3601 821 3645 et
848 3609 966 3647 eam
997 3596 1065 3648 ob
1096 3610 1311 3649 causam
1356 3596 1501 3665 lepra
1543 3598 1769 3653 allectus
1815 3610 1920 3654 est.
1959 3599 2208 3656 .lnatham

634 3691 813 3736 autem
840 3700 945 3737 non
975 3688 1074 3741 sic.
1116 3684 1408 3755 Postquam
1437 3698 1490 3742 et
1521 3687 1610 3743 ille
1649 3689 1929 3759 migrasset
1975 3706 2005 3744 e
2050 3691 2206 3757 vivis,

636 3775 963 3843 enbrogatur
999 3776 1048 3829 in
1084 3792 1305 3847 regnum
1334 3779 1602 3843 Achazus,
1641 3781 1984 3848 imperitante
2033 3783 2210 3838 adlmc

635 3863 913 3929 Israelitis,
943 3866 997 3921 id
1033 3876 1134 3932 est,
1180 3870 1363 3923 decem
1405 3871 1675 3936 tribubus,
1711 3870 1923 3927 Phacee
1962 3875 2068 3928 lilio
2102 3874 2209 3927 Ro-

637 3955 832 4010 melire.
870 3956 967 4010 llic
990 3958 1184 4011 bellum
1211 3971 1395 4016 contra
1417 3963 1689 4016 Achazum
1726 3974 1779 4018 et
1803 3963 1993 4019 Jutlam
2023 3966 2207 4030 movit,

636 4057 689 4099 et
718 4062 825 4101 uno
851 4050 937 4102 die
960 4060 1172 4103 centum
1205 4052 1389 4121 viginti
1421 4054 1585 4107 millia
1619 4055 1909 4109 interemit.
1960 4056 2210 4111 lrritatus

637 4149 725 4191 cst
764 4142 907 4194 enim
973 4143 1341 4200 universitatis
1399 4147 1560 4211 Dcus,
1628 4161 1847 4217 prepter
1905 4150 2205 4218 itnpietates

636 4230 859 4293 Achazi,
907 4231 972 4286 de
1006 4248 1111 4301 quo
1170 4236 1431 4303 scriptum
1496 4246 1581 4292 est
1632 4250 1823 4307 quarto
1876 4238 2207 4308 Regnormn,

639 4324 781 4390 quod
813 4323 863 4376 in
904 4324 990 4377 via
1027 4326 1165 4394 regis
1194 4326 1353 4380 Israel
1395 4329 1702 4383 amlmlarit.
1751 4330 1877 4384 Erat
1923 4331 2066 4385 enim
2129 4332 2212 4384 vir

640 4412 857 4481 impius,
881 4422 935 4468 et
968 4417 1238 4470 serviebat
1268 4418 1445 4481 idolis,
1476 4429 1529 4473 et
1549 4420 1747 4474 liberos
1764 4435 1890 4475 suos
1907 4436 2002 4489 per
2034 4422 2208 4491 ignem

639 4504 899 4571 traduxit,
934 4506 1222 4561 immundis
1250 4508 1584 4565 daemonibus
1612 4512 1947 4567 sacrificans.
1980 4510 2211 4581 Tempo-

638 4594 786 4648 ribus
811 4595 993 4664 itaque
1023 4596 1187 4665 ipsius
1226 4600 1396 4668 regni,
1433 4609 1485 4653 et
1519 4601 1635 4670 ipse
1670 4600 1878 4655 Phacee
1924 4601 2064 4657 illius
2098 4602 2204 4656 Ro-

637 4684 830 4749 tnelirc,
856 4696 907 4739 et
937 4686 1210 4741 Rhaasson
1238 4705 1329 4743 rex
1356 4692 1539 4757 Aram,
1573 4691 1625 4744 id
1670 4701 1755 4745 est
1798 4691 1986 4760 Syriae,
2021 4700 2208 4746 contra

636 4773 1006 4849 Hicrosnlyma
1071 4789 1123 4833 et
1165 4778 1299 4835 Juda
1356 4783 1766 4851 compirarunt,
1838 4792 2209 4850 veneruntque

637 4870 1020 4937 pupulabundi.
1066 4870 1262 4926 Verum
1292 4888 1395 4926 non
1426 4882 1681 4942 ceperunt
1712 4873 1923 4928 urbem.
1958 4871 2210 4927 Acbazus

638 4972 839 5025 autem,
874 4961 1283 5030 impressionem
1315 4962 1702 5018 intolerabilem
1723 4974 1990 5026 metuens,
2013 4978 2209 5017 acervo

637 5053 983 5120 pecuniarum
1020 5069 1215 5121 magno
1257 5066 1539 5124 congesto,
1600 5055 1664 5108 ad
1716 5053 2207 5124 Tbcglaphasarum

635 5157 813 5210 regem
863 5146 1206 5215 Assyriorum
1250 5148 1452 5215 legatos
1490 5147 1670 5211 mittit,
1732 5162 1926 5214 rogans
1980 5159 2039 5200 ut
2084 5148 2210 5201 velit

635 5233 736 5287 sibi
772 5236 1013 5288 subsidio
1072 5253 1212 5299 esse,
1264 5246 1427 5303 utque
1467 5246 1651 5289 contra
1710 5235 1987 5288 lihaasson
2053 5250 2202 5288 arma

636 5327 831 5395 capiat.
857 5327 1005 5392 Quod
1031 5330 1192 5380 etiam
1231 5321 1522 5381 atl'exitnm
1553 5328 1867 5395 perductum
1898 5337 2014 5390 est;
2051 5327 2208 5398 115

636 5417 1019 5488 profectusque
1061 5418 1315 5488 Assyrius
1347 5419 1487 5485 cepit
1533 5420 1867 5481 Damascum,
1920 5420 2209 5473 obtrunca-

636 5512 717 5565 vit
749 5510 1046 5564 Rhaasson.
1081 5509 1290 5564 Mortuo
1323 5521 1501 5565 autem
1539 5510 1749 5565 Phacec
1790 5511 1898 5565 tilio
1930 5510 2205 5577 Romeliee,

638 5602 732 5673 qui
767 5602 1027 5671 regnavit.
1057 5602 1109 5655 iu
1146 5600 1393 5655 Samaria
1422 5617 1584 5671 Super
1622 5600 1895 5667 lsraelem,
1932 5615 2206 5671 sceptrum

640 5692 874 5760 capessit
900 5691 1036 5749 Osee
1074 5693 1215 5747 ﬁlius
1249 5693 1385 5759 Ehe;
1420 5709 1527 5764 quo
1556 5703 1835 5765 regnante,
1872 5693 2076 5748 invadit
2107 5694 2209 5747 Sa-

644 5784 873 5842 mariam
910 5782 1255 5840 Salmanasar
1279 5786 1551 5854 Assyrius,
1588 5796 1861 5855 totamque
1903 5785 2210 5853 occupavit,

2312 3508 2378 3561 τὰ
2399 3506 2576 3576 ὑψηλά
2607 3506 2706 3558 οὐκ
2736 3505 2947 3574 ἐξῆρεν,
2976 3502 3089 3556 ἀλλ’
3116 3502 3197 3555 ἐτι
3227 3503 3255 3554 6
3279 3501 3407 3565 λαὸς
3427 3502 3669 3572 ἐθυμίων
3703 3504 3761 3555 ἐν
3783 3504 3902 3565 τοῖς

2312 3599 2555 3668 ὑψηλοῖς.
2591 3598 2698 3650 Καὶ
2722 3596 2953 3665 ἐζήτησε
2991 3596 3089 3664 μὲν
3124 3595 3304 3658 Ὀζίας
3329 3595 3478 3665 παρὰ
3502 3595 3563 3647 τὸ
3593 3594 3712 3660 ἐξὸν
3749 3595 3903 3665 ἱερα-

2310 3692 2495 3745 τεῦσαι
2521 3688 2659 3759 Θεῷ,
2690 3690 2784 3741 καὶ
2822 3688 3207 3758 προσενεγκεῖν
3247 3685 3591 3755 θυμιάματα,
3620 3686 3715 3738 καὶ
3744 3684 3900 3737 λελέ-

2312 3798 2525 3853 πρωται
2555 3782 2759 3849 ταύτης
2783 3779 2945 3832 ἕνεκα
2971 3779 3069 3847 τῆς
3096 3778 3291 3841 αἰτίας.
3314 3776 3536 3832 Ἰωαθάν
3565 3795 3628 3846 γε
3655 3777 3764 3848 μὴν
3797 3777 3901 3846 οὐχ

2310 3873 2502 3936 οὓτως.
2544 3871 2759 3943 Ἐπειδὴ
2787 3871 2843 3924 δὲ
2874 3871 2966 3925 καὶ¹
2995 3871 3156 3933 αὐτὸς
3195 3870 3429 3937 ἁπεϐίω,
3462 3870 3762 3940 διαδέχεται
3796 3870 3902 3938 τὴν

2313 3962 2591 4034 βασιλείαν
2636 3963 2665 4014 6
2706 3961 2903 4031 Ἀχαζ,
2956 3960 3330 4032 βασιλεύοντος
3381 3961 3475 4014 ἐπὶ
3520 3961 3612 4014 τὸν
3656 3960 3899 4030 Ἰσραὴλ,

2311 4049 2454 4102 τοῦτ’
2477 4049 2616 4112 ἐστι,
2645 4048 2753 4103 τῶν
2780 4049 2988 4102 δώδεκα
3016 4049 3220 4119 φυλῶν,
3244 4050 3419 4103 Φακεὲ
3441 4049 3558 4103 υἰοῦ
3589 4049 3897 4118 Ῥομελίου.

2312 4136 2482 4206 Οὗτος
2536 4142 2792 4213 κεκίνηκε
2838 4142 3074 4212 πόλεμον
3120 4142 3261 4195 κατᾶ
3306 4142 3401 4195 τοῦ
3441 4141 3616 4211 Ἀχαζ
3665 4142 3759 4195 καὶ
3799 4141 3899 4196 τοῦ

2312 4234 2503 4299 Ἰούδα,
2538 4235 2634 4288 καὶ
2660 4234 2947 4287 ἀπέκτεινε
2980 4233 3080 4303 μὲν
3110 4234 3169 4285 ὲν
3203 4236 3300 4304 μιᾷ
3340 4234 3525 4304 ἡμέρᾳ
3570 4234 3767 4286 ἑκατὸν
3800 4234 3900 4286 καλ⁵

2312 4323 2486 4377 εἴκοσι
2511 4322 2774 4393 χιλιάδας.
2807 4322 3197 4392 Παρωτρύνετο
3230 4323 3339 4393 γὰρ
3384 4324 3413 4374 ὁ
3442 4322 3551 4374 τῶν
3589 4322 3726 4375 ὅλων
3762 4323 3899 4385 Θεὸς

2312 4413 2370 4463 ἐν
2401 4414 2519 4473 ταῖς
2540 4410 2635 4463 τοῦ
2655 4410 2830 4479 Ἀχαζ
2849 4410 3206 4477 δυσσεϐείαις,
3235 4412 3360 4481 περί
3374 4406 3436 4465 οὗ
3467 4413 3561 4464 καὶ
3586 4412 3898 4481 γέγραπται

2312 4503 2369 4554 ἐν
2406 4504 2472 4571 τῇ
2512 4501 2748 4570 τετάρτῃ
2781 4500 2889 4552 τῶν
2920 4501 3234 4564 Βασιλειῶν,
3269 4502 3352 4553 ὅτι
3395 4502 3666 4573 ἐπορεύθη
3704 4505 3759 4555 ἐν
3789 4504 3899 4574 ὁδῷ

2315 4592 2576 4662 βασιλέως
2627 4592 2861 4662 Ἰσραήλ.
2897 4592 3089 4660 Γέγονε
3135 4594 3243 4663 γὰρ
3280 4594 3420 4665 ἀνὴρ
3468 4596 3755 4665 δυσσεϐὴς,
3800 4597 3901 4649 καὶ

2312 4682 2668 4753 λελάτρευκεν
2700 4682 2958 4746 εἰδώλοις,
3009 4684 3102 4737 καὶ
3142 4683 3211 4737 τὰ
3254 4685 3420 4738 τέκνα
3464 4686 3628 4738 αὑτοῦ
3664 4687 3899 4755 διήγαγε

2311 4773 2398 4826 διὰ
2428 4772 2599 4843 πυρὸς
2628 4771 2982 4842 καταθυμιῶν
3009 4776 3120 4835 τοῖς
3147 4774 3477 4845 ἀκαθάρτοις
3500 4776 3770 4845 δαίμοσιν.
3805 4777 3900 4833 Ἐν

2309 4866 2521 4933 καιροῖς
2542 4863 2827 4934 τοιγαροῦν
2854 4863 2951 4932 τῆς
2968 4863 3161 4917 ἐαυτοῦ
3190 4866 3465 4933 βασιλείας
3494 4867 3900 4937 συνεφράξαντο

2310 4957 2451 5010 κατά
2482 4972 2542 5009 τε
2575 4954 2683 5008 τῶν
2722 4953 3111 5024 Ἰεροσολύμων
3146 4955 3241 5007 καὶ
3279 4954 3469 5020 Ἰούδα,
3502 4957 3662 5021 αὑτός
3696 4974 3755 5010 τε
3784 4959 3895 5010 Φα-

2309 5049 2401 5102 κεὲ
2436 5049 2464 5100 6
2489 5045 2583 5100 τοῦ
2617 5045 2896 5116 Ῥομελίου
2922 5085 2937 5109 ,
2962 5046 3056 5099 καὶ
3084 5044 3363 5100 Ῥαασσὼν
3395 5045 3648 5116 βασιλεὺς
3695 5050 3893 5118 Ἀρὰμ,

2307 5139 2454 5193 τοῦτ’
2500 5138 2615 5191 ἐστι
2660 5136 2878 5207 Συρίας.
2932 5137 3043 5189 Καὶ
3092 5132 3255 5207 ἦλθον
3302 5138 3379 5202 ὡς
3427 5139 3894 5211 καταδῃώσοντες,

2310 5232 2450 5303 πλὴν
2481 5232 2579 5300 οὐχ
2610 5226 2751 5283 εἷλον
2785 5229 2882 5298 τὴν
2904 5228 3078 5284 πόλιν.
3110 5229 3303 5293 Δεδιὼς
3328 5229 3386 5282 δὲ
3421 5230 3519 5301 τὴν
3542 5231 3730 5299 ἔφοδον
3762 5233 3896 5299 dod-

2312 5342 2474 5396 ρητον
2506 5319 2670 5377 οὖσαν
2700 5325 2730 5375 6
2756 5321 2949 5391 Ἀχαξ,
2977 5321 3224 5394 ἄθροισιν
3268 5322 3366 5394 μὲν
3401 5327 3638 5378 ποιεῖται
3673 5325 3896 5395 χρημά-

2310 5431 2418 5467 των
2450 5412 2671 5481 πολλὴν,
2699 5411 3063 5483 πρεσϐεύεται
3098 5413 3155 5466 δὲ
3202 5414 3337 5484 πρὸς
3381 5414 3472 5468 τὸν
3524 5413 3746 5483 βασιλέα
3786 5414 3926 5467 τῶν

2329 5504 2629 5575 Ἀσσυρίων
2675 5502 3153 5572 Θεγλαφολλασὰρ,
3213 5503 3590 5572 ἐπαμύνεσθαί
3622 5522 3681 5557 τε
3743 5505 3894 5575 αὐτῷ

2318 5596 2644 5668 παρακαλεῖ,
2676 5595 2770 5648 καὶ
2793 5594 3366 5667 καταστρατεύσασθαι
3393 5594 3489 5648 τοῦ
3535 5595 3838 5657 Ῥαασσὼν,
3868 5596 3894 5648 ὃ

2320 5689 2383 5758 δὴ
2421 5690 2513 5741 καὶ
2569 5689 2649 5749 εἰς
2701 5686 2876 5756 πέρας
2921 5686 3226 5754 ἐνήνεκται.
3266 5685 3465 5739 Ἐλθὼν
3510 5685 3567 5738 δὲ
3612 5686 3890 5756 Ἀσσύριος

2321 5774 2429 5833 εἷλε
2471 5779 2567 5850 τὴν
2598 5777 2903 5846 Δαμασκὸν,
2935 5777 3215 5829 ἀπέκτεινε
3246 5778 3302 5830 δὲ
3335 5777 3427 5830 καὶ
3457 5777 3548 5831 τὸν
3584 5777 3887 5831 Ῥαασσών,
