4134 6484
245 433 344 488 193

1397 415 1464 470 ΙΝ
1507 415 1736 473 ISAIAM
1777 414 1904 470 LIB.
1942 415 1982 471 I.
2017 414 2225 470 ORAT.
2271 413 2359 467 ιν.
2460 442 2463 443 ν

3311 414 3315 418 ’
3386 429 3490 487 194

245 522 668 592 Τελευτήσαντος
711 517 766 570 δὲ
806 515 900 568 καὶ
928 511 1020 566 τοῦ
1051 511 1225 565 Φακεὲ
1264 509 1358 563 τοῦ
1407 510 1684 580 Ῥομελίου
1719 509 1811 562 τοῦ

1918 508 2165 564 lsraclem
2188 507 2459 577 captivum
2491 505 2731 575 abduxit,
2775 519 2830 566 et
2865 511 2917 566 in
2963 509 3158 568 llnilms
3197 514 3486 576 Persarum

235 613 657 685 βασιλεύσαντος
683 608 822 662 κατὰ
855 605 952 676 τὴν
985 603 1298 675 Σαμαρείαν
1323 603 1416 654 ἐπὶ
1450 602 1540 685 τὸν
1572 600 1808 672 Ἰσραὴλ,

236 684 542 774 διαδέχεται
565 701 626 755 τὸ
653 700 928 769 σκῆπτρον
964 695 1120 765 Ὠσηὲ
1152 693 1266 757 υίὸς
1295 693 1456 757 Ἦλα,
1483 684 1544 746 οὗ
1575 691 1816 763 βασιλεύο

234 813 454 859 σαντος,
483 794 701 864 ἔρχεται
725 788 866 843 κατὰ
896 788 994 859 τὴν
1039 786 1350 857 Σαμαρείαν
1396 784 1763 854 Σαλμανασάρ
1787 783 1816 835 ό

233 888 542 958 Ἀσσύριος,
591 885 685 938 καὶ
736 877 844 935 εἷλε
905 880 1003 952 μὲν
1049 881 1247 938 πᾶσαν,
1288 876 1588 946 ἀπεκόμισε
1627 875 1684 928 δὲ
1725 874 1816 927 τὸν

246 980 467 1052 Ἰσραὴλ
519 977 880 1048 αἰχμάλωτον,
934 973 1029 1025 καὶ
1073 969 1367 1042 ἀπῴκησεν
1405 969 1462 1021 ἐν
1505 969 1619 1029 τοῖς
1666 967 1816 1035 δρεσι

230 1070 465 1142 Περσῶν
497 1070 590 1122 καὶ
619 1067 836 1137 Μήδων·
875 1058 992 1116 εἶτα
1027 1061 1180 1124 τινὰς
1218 1060 1325 1112 τῶν
1357 1060 1446 1128 ὑφ’
1479 1057 1658 1128 ἑαυτῷ
1685 1073 1818 1110 κατ-

230 1163 407 1216 οικεῖν
462 1159 710 1213 ἐκέλευσε
750 1155 847 1226 τὴν
901 1150 1230 1222 Σαμαρείαν,
1267 1149 1356 1202 τόν
1390 1164 1450 1200 τε
1489 1149 1553 1200 ὲκ
1580 1145 1814 1209 Χουνθὰ,

230 1250 328 1304 καὶ
359 1249 453 1302 τὸν
477 1245 881 1317 Σαπφαρουῖαν.
911 1243 1230 1313 Γέγραπται
1268 1239 1376 1312 γὰρ
1408 1238 1581 1297 οὕτως
1616 1239 1672 1291 ὲν
1697 1240 1817 1300 ταῖς

229 1339 574 1400 Βασιλείαις,
609 1337 704 1390 καὶ
737 1334 945 1405 μακρὸς
979 1332 1078 1403 μὲν
1123 1333 1152 1384 6
1179 1333 1260 1400 ἐφ’
1297 1331 1509 1399 ἑκάστῳ
1537 1328 1646 1382 τῶν
1674 1329 1819 1399 εἰρη-

230 1431 416 1502 μένων
444 1428 600 1496 λόγος
638 1427 788 1498 παρά
835 1442 898 1494 γε
943 1426 1008 1494 τῇ
1051 1421 1392 1491 Θεοπνεύστῳ
1422 1420 1636 1492 Γραφῇ,
1678 1418 1817 1483 πλὴν

228 1523 545 1592 πεποίημαι
611 1519 711 1590 τὴν
769 1520 1043 1587 ἀφήγησιν
1101 1514 1512 1585 βραχυλογήσας
1575 1513 1652 1574 ὡς
1714 1511 1814 1566 ενι.

237 1608 513 1678 Ἐροῦμεν
558 1607 615 1658 δὲ
651 1606 744 1660 καὶ
789 1604 892 1658 ἀνὰ
929 1604 1091 1674 μέρος
1126 1603 1351 1664 ἕκαστα,
1379 1604 1498 1664 ταῖς
1542 1599 1650 1654 τῶν
1683 1618 1818 1672 προ-

224 1699 508 1767 κειμένων
539 1697 768 1758 ἐννοίαις
799 1696 1072 1766 ὲπόμενοι.
1092 1695 1178 1748 Ἐν
1201 1696 1320 1757 ταῖς
1343 1693 1579 1763 ἡμέραις
1617 1692 1815 1757 τοίνυν,

224 1785 420 1853 φησὶν,
452 1784 626 1855 ’Δχαζ
666 1783 758 1837 τοῦ
797 1783 1019 1837 Ἰωαθὰν
1051 1782 1146 1836 τοῦ
1173 1781 1290 1835 υίοῦ
1336 1782 1510 1846 Ὀζίου
1553 1781 1816 1850 βασιλέως

237 1873 437 1937 Ἰούδα,
511 1874 1010 1943 συμπεφωνήκασιν
1072 1873 1101 1925 6
1147 1889 1206 1926 τε
1257 1871 1534 1925 Ῥαασσὼν
1567 1873 1814 1942 βασιλεὺς

1922 613 1987 654 ac
2023 597 2300 653 Medorum
2342 596 2674 654 collocavit:
2719 601 2912 657 deinde
2954 606 3217 674 quosdam
3261 611 3351 679 qui
3396 626 3486 668 se-

1918 706 2040 745 cum
2065 697 2237 755 erant,
2259 689 2422 759 jussit
2461 689 2696 746 incolere
2725 689 3045 759 Samariam,
3091 700 3181 767 qui
3207 701 3273 754 de
3303 701 3487 757 Chun-

1927 783 2014 836 tlia
2046 791 2096 835 et
2127 781 2538 850 Sappliarviam.
2583 780 2673 836 Sic
2715 783 2856 837 enim
2895 786 2946 839 in
2991 785 3189 856 chnis
3224 792 3483 862 scriptum

1918 882 2022 927 est.
2067 873 2132 926 Et
2181 872 2394 941 quidem
2441 872 2508 926 de
2550 873 2773 943 singulis
2812 890 2931 944 qum
2961 877 3098 929 dicta
3155 891 3282 934 sunt
3329 882 3483 952 longa

1919 975 2005 1019 est
2041 966 2092 1018 in
2121 964 2398 1032 Scriptura
2431 964 2687 1019 divinitus
2717 966 2976 1034 inspirata
3032 969 3230 1033 oratio,
3261 981 3316 1025 at
3355 989 3484 1026 nar.

1921 1060 2182 1113 rationem
2233 1059 2372 1113 lianc
2419 1068 2617 1128 quanta
2665 1058 2813 1113 licuit
2858 1059 3120 1128 brevitate
3176 1075 3488 1128 persecutus

1921 1079 2182 1113 ΠΙΙΙΟΠΕΙΙΙ
2235 1079 2372 1113 lianc
2419 1079 2617 1128 quanta
2665 1079 2813 1113 ιισιιιι
2859 1079 3120 1114 urevuuc
3176 1079 3488 1128 persecutus

1919 1167 2059 1204 sum.
2098 1150 2203 1206 Sed
2239 1151 2602 1220 particulatim
2633 1152 2875 1205 dicemus
2904 1079 3134 1221 singtﬁa,
3175 1153 3488 1206 verborum-

1919 1259 2024 1313 que
2050 1243 2370 1298 seuteutiam
2395 1244 2585 1297 ordine
2613 1243 3020 1312 explicabimus.
3067 1243 3262 1297 Diebus
3301 1244 3485 1313 igitur,

1919 1337 2112 1404 inquit,
2147 1335 2346 1389 Achazi
2375 1334 2467 1388 ﬁlii
2510 1333 2777 1397 Joatham,
2830 1335 2921 1388 filii
2964 1335 3089 1390 Ozae
3137 1337 3278 1404 regis
3325 1335 3484 1395 .luda.

1920 1427 2202 1480 liliaassnn
2237 1443 2329 1481 rex
2361 1427 2549 1489 Aram,
2581 1427 2685 1482 hoc
2726 1436 2809 1480 est
2841 1425 3035 1497 Syrim,
3075 1438 3128 1482 et
3167 1426 3377 1482 Pliacee
3423 1430 3487 1482 ii-

1919 1518 2023 1572 lius
2057 1517 2314 1572 Romeliae
2340 1533 2437 1572 rex
2457 1517 2638 1581 Israel,
2669 1520 3049 1586 couspirarunt
3074 1529 3256 1573 contra
3299 1519 3488 1574 ΙΙὶιϊο-

1919 1609 2149 1682 ssiyma,
2184 1617 2239 1664 et
2272 1612 2636 1677 pervenerunt
2669 1610 2938 1664 civitatem
2977 1609 3224 1673 deleturi,
3250 1625 3367 1663 eam
3401 1621 3485 1663 ta-

1921 1717 2041 1756 men
2070 1715 2380 1770 oppugnare
2414 1715 2518 1754 non
2559 1709 2874 1770 potuerunt.
2913 1701 3062 1756 Dicta
3097 1710 3228 1785 sunt
3256 1702 3368 1756 lucc
3401 1703 3486 1756 in—

1918 1791 2230 1860 scriptionis
2254 1799 2308 1844 et
2337 1789 2668 1860 prmia-tionis
2704 1789 2821 1844 loco
2850 1800 2905 1844 et
2944 1805 3042 1845 ceu
3085 1807 3182 1860 per
3222 1791 3490 1845 narratin-

1920 1894 2040 1932 nem
2067 1890 2405 1933 eventorum.
2449 1878 2752 1934 Declaravit
2787 1880 2914 1934 item
2958 1881 3238 1935 consilium
3285 1883 3487 1950 ipsum-

235 1964 444 2036 Ἀρὰμ,
479 1965 620 2019 τοῦτ’
647 1965 782 2030 ἐστι,
814 1965 1031 2036 Συρίας,
1059 1966 1150 2018 καὶ
1184 1965 1357 2018 Φακεὲ
1391 1964 1504 2028 υίὸς
1535 1964 1807 2035 Ῥομελίου

1915 1983 2014 2038 que
2040 1977 2310 2032 conatum,
2340 1968 2664 2038 subjicitque
2689 1970 2943 2023 continuo
2965 1971 3038 2024 rei
3060 1970 3226 2040 ipsius
3242 1972 3441 2025 exitum
3470 1989 3483 2024 :

226 2054 492 2126 βασιλεὺς
525 2057 760 2129 Ἰσραὴλ,
800 2057 942 2110 κατὰ
976 2057 1084 2110 τῶν
1115 2056 1520 2127 Ἰεροσολύμων,
1556 2056 1813 2124 ἀφίκοντο

1879 2116 1887 2124 ,
1921 2076 2023 2112 nou
2055 2060 2197 2113 enim
2227 2069 2514 2129 potuerant
2540 2073 2658 2114 eam
2687 2075 3017 2130 oppugnare.

221 2143 282 2196 se
311 2145 781 2216 καταδῃώσοντες,
807 2146 948 2216 πλὴν
967 2145 1066 2199 οὐκ
1089 2144 1429 2214 ἠδυνήθησαν
1457 2145 1815 2216 πολιορκῆσαι
1849 2148 2040 2218 αὑτήν.
2075 2149 2304 2220 Εἴρηται
2323 2150 2381 2203 δὲ
2429 2149 2602 2203 ταῦτα
2648 2150 2786 2214 τέως
2799 2152 2858 2203 ὲν
2888 2153 3211 2222 προγραφῆς
3237 2153 3484 2222 δυνάμει,

223 2238 324 2292 καὶ
355 2240 433 2302 ὡς
456 2241 514 2291 ὲν
540 2241 813 2310 ἀφηγήσει
838 2241 931 2293 τοῦ
956 2241 1382 2310 συμϐεϐηκότος.
1410 2242 1570 2310 Δηλοῖ
1590 2244 1696 2311 γὰρ
1744 2245 1844 2311 τὴν
1884 2245 2076 2313 σκέψιν
2137 2247 2232 2298 καὶ
2281 2247 2414 2299 αὐτὸ
2460 2246 2518 2300 δὲ
2551 2246 2611 2300 τὺ
2669 2246 2996 2318 ἐγχείρημα,
3049 2249 3386 2319 προσεπάγει
3431 2250 3490 2303 δὲ

223 2337 595 2406 παραχρῆμα,
648 2336 740 2388 καὶ
782 2336 844 2388 τὸ
882 2334 974 2388 τοῦ
1021 2336 1344 2405 πράγματος
1373 2337 1563 2406 πέρας·
1605 2339 1679 2391 Ού
1709 2339 1816 2407 γὰρ
1849 2339 2213 2410 ἠδυνήθησαν,
2241 2342 2396 2411 φησὶ,
2425 2341 2784 2411 πολιορκῆσαι
2813 2341 3002 2411 αὑτήν.

300 2427 414 2479 Καὶ
463 2427 766 2494 ἀνηγγέλη
813 2429 901 2491 εις
934 2426 1040 2478 τόν
1072 2422 1239 2479 οἶκον
1291 2427 1465 2479 Δαϐὶδ
1511 2427 1812 2496 λέγοντες,

223 2520 272 2570 Σ
279 2516 674 2585 υνεφώνησεν
704 2519 872 2586 Ἀρὰμ
895 2517 1044 2585 πρὸς
1067 2519 1172 2571 τὸν
1187 2519 1455 2587 Ἑςςραῒμ,
1474 2521 1566 2572 καὶ
1595 2520 1812 2587 ἐξέστη

222 2608 265 2674 ἡ
297 2611 474 2676 ψυχὴ
516 2607 724 2670 αὐτοῦ,
774 2609 873 2660 καί
901 2609 941 2675 ἠ
975 2607 1148 2677 ψυχὴ
1178 2611 1282 2663 τοῦ
1309 2610 1461 2663 λαοῦ
1504 2611 1712 2676 αὐτοῦ,
1743 2610 1816 2664 ὃν

219 2702 459 2768 τρόπον
499 2699 644 2754 ὅταν
686 2699 756 2753 ἐν
819 2699 1020 2770 δρυμῷ
1077 2699 1267 2764 ξύλον
1303 2701 1422 2755 ὑπὸ
1477 2702 1814 2770 πνεύματος

220 2791 526 2859 σαλευθῇ.

305 2883 690 2953 Ὀρισάμενος,
731 2880 806 2942 ὡς
837 2879 991 2950 ἔφην,
1017 2878 1127 2933 τῶν
1161 2879 1515 2950 διηγημάτων
1543 2879 1644 2950 τὴν
1673 2879 1810 2950 πρό-

221 2989 422 3042 φασιν,
460 2972 554 3024 καὶ
579 2969 654 3034 ὡς
683 2973 741 3023 ὲν
770 2969 960 3040 βραχεί
985 2969 1265 3041 κεφαλαίῳ
1305 2969 1607 3040 συλλήϐδην
1638 2968 1808 3022 είπὼν

218 3065 282 3116 τὸ
308 3063 623 3135 ἐγχείρημα
657 3063 764 3115 τῶν
793 3062 886 3114 δύο
918 3061 1203 3130 βασιλέων,
1240 3063 1334 3114 καὶ
1359 3062 1441 3115 ὅτι
1471 3061 1606 3131 πρὸς
1635 3061 1808 3130 πέρας

2000 2431 2160 2484 Vens.
2192 2431 2246 2485 2.
2296 2430 2367 2485 Et
2421 2435 2778 2485 renuntiatum
2829 2445 2904 2486 est
2950 2434 3129 2486 domui
3189 2432 3403 2486 Daridis
3455 2450 3489 2486 a

1920 2521 2230 2588 dicentibus,
2289 2521 2620 2590 Conspiravit
2688 2524 2853 2577 Aram
2935 2539 3052 2576 eum
3119 2522 3394 2590 Ephraim,
3440 2539 3490 2578 et

1919 2622 2250 2666 consternata
2285 2623 2362 2665 est
2407 2615 2586 2666 anima
2633 2613 2770 2682 ejus,
2805 2624 2854 2668 et
2913 2615 3095 2667 anima
3135 2617 3314 2682 papuli
3354 2616 3490 2685 ejus,

1919 2703 2356 2773 quemadmodum
2388 2704 2442 2756 in
2463 2705 2592 2758 silva
2614 2703 2811 2774 lignum
2837 2722 2870 2758 a
2895 2717 3045 2759 vento
3074 2715 3329 2761 moretur.

1986 2875 2213 2930 Deiinita
2244 2891 2307 2932 ac
2337 2876 2632 2943 declarata,
2672 2886 2732 2932 ut
2791 2879 3059 2948 dicebam,
3115 2885 3484 2939 narrationum

1914 2966 2224 3028 occasione,
2252 2974 2306 3018 et
2364 2975 2616 3033 tanquam
2689 2967 2742 3019 in
2788 2966 2936 3022 brevi
2985 2985 3193 3024 summa
3244 2988 3491 3042 compre-

1918 3057 2126 3112 lrensim
2152 3069 2348 3110 conatu
2381 3059 2608 3111 duorum
2645 3073 2826 3128 regum
2860 3073 3298 3130 commemorato,
3330 3075 3493 3134 uttu

217 3156 416 3216 αὐτοῖς
443 3156 543 3206 οὑκ
571 3153 868 3223 ἐκϐέϐηκεν
896 3155 924 3205 6
949 3152 1147 3213 σκοπὸς
1169 3192 1184 3215 ,
1246 3152 1468 3222 ἄρχεται
1500 3152 1684 3206 λοιπὸν
1712 3153 1811 3206 ἀνὰ

1919 3150 1984 3204 ad
2008 3149 2211 3203 exitum
2247 3164 2432 3202 eorum
2457 3148 2679 3204 consilia
2732 3165 2837 3204 non
2886 3155 3250 3220 pervenerint,
3304 3155 3495 3225 inripll

222 3248 404 3318 μέρος
429 3247 635 3298 ’ἑκαστα
677 3243 998 3314 κατισχνοῦν
1030 3242 1108 3312 τῷ
1147 3242 1308 3312 λόγῳ.
1351 3242 1650 3314 Ἀνηγγέλη
1677 3243 1805 3314 γὰρ⁹

220 3339 423 3410 φησὶν,
458 3338 539 3400 είς
566 3337 655 3388 τὸν
687 3331 832 3388 οἷκον
871 3334 1051 3393 Δαϐὶδ.
1099 3333 1242 3386 τοῦτ’
1272 3334 1408 3399 ἐστι,
1440 3335 1532 3386 τὸν
1569 3333 1812 3404 βασιλεύ-

221 3447 382 3488 οντα,
415 3427 510 3480 καὶ
536 3425 875 3496 ἀπήγγελλον
910 3425 991 3476 ὅτι
1026 3423 1401 3492 συνεφώνησεν
1454 3423 1633 3494 Ἀρὰμ
1675 3425 1810 3494 πρὸς

223 3523 313 3572 τὸν
391 3520 652 3587 Ἐφραίμ.
741 3516 919 3587 Ἀρὰμ
993 3515 1049 3568 δέ
1110 3531 1240 3584 φησι
1283 3515 1374 3566 τὸν
1423 3514 1631 3585 Σύρον,
1715 3516 1810 3567 καὶ

231 3611 484 3683 Ἑφραῒμ
502 3611 698 3678 ὁμοίως
719 3608 815 3671 τὰς
843 3609 900 3660 ὲν
916 3607 1192 3677 Σαμαρείᾳ
1221 3606 1352 3659 δέκα
1373 3607 1562 3674 φυλάς.
1594 3606 1808 3676 Ἐπειδὴ

223 3704 278 3756 δὲ
302 3701 485 3754 ταῦτα
514 3716 700 3752 τουτον
747 3699 858 3768 ἔχει
885 3697 975 3750 τὸν
1008 3698 1224 3766 τρόπον,
1256 3696 1484 3750 ἐπύθετο
1513 3696 1608 3750 καὶ
1642 3698 1809 3750 πεπί-

225 3807 460 3844 στευκεν
484 3793 511 3842 6
535 3785 682 3850 οἶκος
703 3787 882 3847 Δαϐὶδ,
901 3786 1045 3839 τοῦτ’
1076 3787 1240 3851 ἔστιν,
1262 3790 1291 3840 6
1315 3786 1509 3856 Ἀχαζ.
1528 3787 1746 3857 Ἐξέστη
1776 3789 1808 3858 ή

221 3880 377 3952 ψυχὴ
405 3879 568 3932 αἱ)τοί
617 3880 711 3930 καὶ
738 3879 771 3948 ἡ
798 3876 944 3948 ψυχὴ
976 3877 1069 3928 τοῦ
1108 3875 1237 3928 λαοῦ
1279 3876 1466 3938 αὑτοῦ,
1523 3876 1581 3928 ὃν
1611 3877 1808 3946 τρόπον

219 3973 357 4024 ὅταν
387 3971 446 4022 ἐν
477 3971 672 4038 δρυμῳ
693 3967 846 4032 ξύλον
875 3967 978 4020 ὑπὸ
1004 3967 1310 4037 πνεύματος
1343 3965 1598 4037 σαλευϐᾔ.
1630 3967 1702 4019 Τὸ
1723 3968 1803 4032 δὲ,

219 4062 449 4130 ἐξέστη,
487 4063 668 4128 τίθησι
717 4057 930 4120 κοινῶς,
981 4058 1102 4110 ἀντὶ⁵
1145 4057 1263 4121 τοῦ,
1321 4058 1658 4128 κατεπλάγη,
1716 4061 1810 4110 καὶ

223 4153 430 4225 μικρὸν
482 4152 573 4203 καὶ
617 4149 788 4218 αὐτῆς
834 4148 1160 4201 ὲκπέπτωκε
1195 4150 1407 4218 φρενός.
1440 4150 1519 4202 Τὰ
1583 4151 1690 4220 γάρ
1725 4168 1809 4203 τοι

216 4245 381 4300 δεινὰ
415 4243 524 4296 τῶν
547 4241 840 4312 δειμάτων,
878 4239 1039 4293 ἱκανά
1063 4239 1178 4302 πώς
1205 4241 1321 4292 ἐστι
1360 4242 1438 4304 είς
1463 4240 1523 4293 τὸ
1553 4246 1807 4296 κατασεί-

220 4354 318 4390 σαι
358 4333 623 4389 δύνασθαι
648 4331 742 4385 τὸν
783 4331 927 4396 νοῦν,
959 4329 1054 4384 καὶ
1083 4330 1448 4400 καταδονῆσαι
1482 4333 1581 4401 τὴν
1609 4333 1806 4403 ψυχὴν,

217 4428 320 4481 καί
377 4443 433 4479 τι
475 4427 716 4479 τοιοῦτον
771 4425 1060 4493 ὑπομεῖναι
1104 4421 1302 4483 δοκεῖν,
1330 4423 1511 4476 ὁποῖον
1539 4423 1605 4476 ἂν
1642 4425 1809 4479 πάθοι

219 4520 322 4570 καὶ
351 4517 417 4570 τὸ
449 4517 509 4568 ὲν
531 4517 755 4588 δρυμοῖς
780 4515 957 4581 ξύλον,
983 4512 1309 4582 πνευμάτων
1337 4513 1543 4586 ἀγρίων
1577 4515 1810 4586 προσϐο-

217 4611 346 4673 λαῖς
405 4609 532 4679 τῇδὲ
586 4625 646 4661 τε
691 4610 916 4662 κάκεῖσε
959 4603 1461 4677 διαρῤιπτούμενον.
1510 4607 1704 4676 Γέγονε
1753 4609 1810 4662 δὲ

223 4702 472 4772 μάλιστα
496 4701 606 4769 τῆς,
626 4698 827 4761 δειλίας
853 4700 885 4768 ἡ
919 4699 1206 4768 πρόφασις,
1232 4699 1350 4768 ἦτοι
1381 4697 1480 4768 τῆς
1503 4699 1807 4762 ἐκστάσεως

219 4792 378 4862 αύτῷ
409 4791 468 4844 τὸ
504 4789 868 4860 συμϐεϐηκός.
910 4789 1046 4860 Ἤδη
1083 4789 1191 4859 γὰρ
1222 4787 1358 4859 ἔφην
1386 4790 1471 4842 ὅτι
1499 4788 1810 4859 βασιλεύονο

219 4901 316 4946 τος
354 4881 544 4946 αὑτοῦ,
584 4881 956 4950 πεπολεμήκει
1009 4880 1146 4950 πρὸς
1191 4879 1283 4933 τὸν
1327 4880 1523 4934 Ἰούδαν
1559 4884 1588 4935 6
1615 4881 1808 4947 Φακεὲ,

221 4973 322 5026 καὶ
350 4972 560 5026 ἀνεῖλεν
595 4973 656 5024 ὲκ
687 4970 780 5024 τοῦ
811 4969 938 5024 λαοῦ
987 4972 1044 5022 ὲν
1077 4971 1177 5041 μιᾷ
1209 4971 1391 5042 ἡμέρᾳ
1418 4971 1611 5025 ἑκατὸν
1639 4972 1812 5025 εἴκοσι

221 5064 494 5134 χιλιάδας.
535 5064 661 5115 Ὅτε
709 5062 889 5115 τοίνυν
929 5063 1019 5116 καὶ
1081 5063 1238 5133 μόνος
1278 5064 1307 5115 6
1332 5063 1505 5115 Φακεὲ
1555 5063 1810 5126 τοσοῦτος

225 5156 474 5222 γέγονεν.
502 5154 577 5216 ὡς
604 5153 931 5221 κατισχῦσαι
965 5154 1164 5225 ῥᾳδίως
1192 5153 1302 5206 τῶν
1340 5154 1397 5205 ὲν
1426 5155 1538 5217 τοῖς
1580 5153 1810 5221 Ἰεροσο-

221 5245 424 5313 λύμοις
448 5259 462 5273 ⁸
501 5244 618 5307 πῶς
660 5245 760 5297 οὐκ
789 5243 894 5296 ἔδει
940 5244 1029 5297 τὸν
1068 5246 1126 5297 ὲν
1153 5247 1266 5307 τοῖς
1296 5244 1543 5312 ἐσχάτοις
1579 5243 1813 5308 ἐνδείξα-

224 5337 359 5387 σθαι
404 5336 588 5404 φόϐον,
639 5338 800 5391 αὐτόν
844 5355 904 5390 τε
949 5338 1039 5390 τὸν
1077 5336 1268 5406 Ἀχαζ.
1311 5335 1404 5388 καὶ
1432 5333 1520 5387 τὸν
1545 5336 1629 5386 ἐπ’
1660 5335 1806 5406 αὐτῷ

223 5427 381 5490 λαὸν,
417 5430 917 5497 συμπεφωνηκότος
941 5429 1034 5481 τοῦ
1059 5428 1252 5498 Σύρου,
1280 5428 1374 5480 καὶ
1408 5427 1808 5494 συνεξοπλίζον-

222 5534 320 5582 τος
350 5517 429 5589 τῷ
467 5519 704 5590 Ἐφραῒμ
739 5521 876 5591 μετὰ
901 5520 1010 5572 τῶν
1047 5517 1455 5590 Ἱεροσολύμωνς

301 5610 409 5664 Kal
472 5605 603 5664 εἷπε
647 5613 863 5679 Κύριος
911 5611 1060 5678 πρὸς
1107 5611 1369 5672 Ἡσαΐαν,
1415 5607 1658 5674 Ἔξελθε
1723 5610 1810 5674 εις

223 5699 616 5768 συνάντησιν
646 5689 838 5771 Ἀχῖιζ,
895 5702 977 5756 σὺ
1025 5701 1125 5755 καὶ
1178 5704 1210 5755 ὀ
1244 5701 1656 5769 καταλειφθεὶς
1701 5702 1810 5755 Ἰα-

225 5790 389 5848 σῡῦν
433 5795 622 5859 όυὶός
671 5809 811 5863 σου,
873 5793 1023 5863 πρὸς
1059 5792 1175 5863 τὴν
1225 5794 1648 5865 κολυμϐήθραν
1700 5794 1808 5861 τῆς

1911 3238 2165 3305 deinceps
2193 3251 2286 3305 per
2317 3247 2498 3306 partes
2523 3239 2732 3308 singula
2759 3242 2914 3309 quasi
2938 3245 3183 3297 oratione
3216 3249 3488 3315 persequi.

1912 3329 2296 3384 llemmtiatum
2341 3340 2470 3392 est,
2519 3331 2715 3400 inquit,
2775 3333 2952 3386 domui
3018 3333 3254 3400 Davidis,
3284 3338 3334 3392 id
3384 3349 3488 3406 est,

1911 3421 2180 3490 regnanti,
2212 3427 2267 3474 et
2295 3423 2688 3476 anuuntiarunt
2712 3423 2876 3478 Aram
2915 3439 3036 3479 cum
3068 3425 3320 3495 Ephraim
3353 3444 3490 3484 cou-

1910 3514 2170 3581 spirasse.
2217 3513 2382 3567 Aram
2423 3527 2557 3568 vero
2607 3515 2802 3586 Syrum
2856 3517 3008 3582 dicit,
3053 3518 3309 3588 Ephraim
3341 3522 3492 3576 simt-

1913 3601 2037 3656 liter
2081 3603 2266 3656 decem
2313 3601 2483 3657 tribus
2514 3602 2567 3656 in
2605 3603 2873 3659 Samaria.
2908 3605 3031 3661 llaec
3058 3624 3178 3660 cum
3209 3610 3278 3664 ita
3311 3625 3369 3664 se
3389 3613 3490 3665 lia.

1912 3691 2138 3758 berent,
2177 3692 2379 3745 audivit
2421 3704 2478 3746 et
2519 3695 2747 3748 credidit
2780 3696 2972 3750 domus
3004 3699 3200 3764 David,
3236 3700 3338 3754 hoc
3377 3715 3488 3768 est,

1911 3783 2495 3840 Achaz.Cuustcrnata
2511 3795 2594 3837 est
2630 3785 2807 3838 anima
2825 3787 2960 3856 ejus,
3001 3791 3248 3843 etauima
3283 3792 3486 3860 p0puli,

1911 3873 2708 3940 quemadmodumcuminsiIVa
2741 3873 2939 3944 lignum
2977 3893 3004 3929 a
3037 3888 3196 3933 vento
3221 3891 3486 3936 movetur.

1913 3963 2042 4018 Illud
2059 3973 2238 4018 autem
2279 3964 2840 4033 ὲξέστη,οοιιειενηηια
2857 3980 2949 4020 seu
2981 3977 3191 4034 stupore
3231 3979 3488 4022 commota

1910 4063 2008 4118 est,
2037 4056 2186 4124 ponit
2216 4057 2573 4109 communiter
2589 4071 2706 4124 pro,
2723 4056 3227 4128 κατεπλάγη,ιιϐ
3243 4063 3484 4128 perculsa

1910 4151 2015 4207 est,
2045 4153 2100 4198 et
2126 4145 2508 4212 propemodum
2561 4146 2672 4212 ipsa
2707 4156 2886 4200 mente
2917 4149 3141 4201 excidit.
3200 4149 3278 4201 Ex
3309 4152 3488 4218 gravi-

1912 4235 2011 4289 bus
2057 4236 2200 4288 enim
2243 4235 2540 4290 terroribus
2595 4237 2906 4292 concutitur
2932 4253 3103 4304 mens,
3163 4241 3485 4310 animusque

1911 4330 2232 4396 exagitatur,
2297 4329 2545 4396 idemque
2594 4330 2806 4383 videtur
2831 4331 2936 4398 pati
2970 4332 3111 4398 quod
3172 4331 3370 4400 lignum
3431 4335 3484 4388 iu

1913 4417 2064 4472 silvis
2089 4432 2356 4471 saevorum
2389 4430 2674 4473 ventorum
2693 4421 2890 4490 impetu
2921 4421 3024 4476 huc
3052 4422 3174 4476 illuc
3193 4423 3483 4491 jactatum.

1914 4507 2094 4564 Causa
2131 4519 2307 4562 autem
2333 4517 2508 4564 metus
2533 4509 2648 4565 sive
2669 4521 2948 4566 exstaseos
2981 4525 3044 4566 ac
3070 4513 3487 4580 perturbationis

1915 4601 1964 4655 ei
2021 4599 2123 4653 fuit
2203 4600 2253 4653 id
2281 4603 2422 4670 quod
2477 4602 2798 4672 contigerat.
2852 4601 2969 4656 Jam
3017 4605 3161 4656 enim
3219 4605 3484 4671 dicebam,

1917 4691 2010 4746 illo
2071 4703 2334 4761 regnante
2406 4693 2615 4748 Pliacee
2675 4694 2961 4748 adversum
3034 4693 3229 4749 .Iudam
3287 4698 3482 4750 bellmu

1913 4785 2234 4852 suscepisse,
2287 4793 2342 4836 et
2405 4799 2517 4839 uno
2574 4784 2660 4838 die
2687 4799 2752 4839 ex
2810 4785 3004 4856 popqu
3040 4796 3254 4841 centum
3295 4789 3482 4856 Viginti

1917 4874 2080 4928 millia
2118 4889 2150 4928 e
2191 4874 2368 4928 medio
2392 4875 2693 4932 sustulisse.
2755 4877 2890 4931 Cum
2917 4878 3079 4947 igitur
3105 4881 3256 4933 solus
3277 4881 3484 4935 Phacee

1915 4964 2036 5019 talis
2071 4973 2360 5033 tantusque
2397 4968 2682 5032 exstiterit,
2710 4977 2768 5021 ut
2821 4967 2980 5023 facile
3029 4967 3471 5040 Hierosolymita-

1911 5067 2014 5107 nos
2086 5055 2400 5122 superarit,
2453 5070 2630 5109 annon
2700 5055 2785 5110 his
2849 5059 3106 5113 extremis
3155 5061 3482 5128 temporibus

1911 5155 2022 5199 tum
2063 5147 2341 5200 Acliazum
2397 5147 2595 5216 ipsum,
2643 5156 2754 5200 tum
2789 5149 3034 5203 subditos
3085 5150 3276 5205 timere
3318 5169 3484 5221 opor—

1913 5238 2183 5298 tuit,cum
2238 5239 2574 5292 consenserit
2625 5237 2814 5308 Syrus,
2861 5247 2918 5293 et
2979 5255 3126 5294 arma
3190 5245 3481 5313 copiasque

1915 5341 2038 5381 cum
2070 5325 2322 5397 Ephraim
2356 5328 2639 5384 adversum
2678 5327 3052 5402 Hierosolyma
3085 5333 3268 5387 tulerit
3298 5335 3321 5388 ἲ

1992 5609 2153 5663 Vens.
2181 5610 2234 5664 5.
2271 5609 2341 5664 Et
2377 5611 2511 5665 dixit
2544 5610 2800 5666 Dominus
2827 5613 2896 5667 ad
2939 5613 3136 5668 laniant
3169 5633 3189 5670 :
3229 5616 3490 5686 Egredere

1916 5700 1970 5754 in
2015 5716 2287 5754 occursum
2332 5700 2554 5766 Achazi,
2596 5711 2651 5754 tu
2681 5711 2728 5756 et
2780 5703 3057 5758 derelictus
3113 5704 3281 5758 Jusub
3343 5707 3487 5774 ﬁliua

1918 5802 2061 5857 tuus,
2109 5794 2180 5848 ad
2238 5792 2492 5862 piscinam
2537 5793 2822 5862 superioris
2853 5795 2951 5851 vita
2985 5796 3101 5865 agri
3142 5793 3378 5862 fullonis.
3418 5797 3488 5856 E.
