2371 3271
707 194 758 223 193

707 253 776 280 dices
798 252 832 283 ei,
865 250 979 277 Observa
1004 254 1031 276 ut
1058 248 1187 283 quiescas,
1211 252 1238 274 et
1267 255 1298 273 ne
1330 251 1441 278 metuas,
1468 247 1537 275 ηεΑ

707 299 797 325 anima
823 302 869 324 tua
885 295 1034 323 debilitatur
1054 303 1070 321 a
1088 294 1167 328 lignis
1182 293 1285 320 duobus
1302 293 1426 319 titiommt
1453 291 1497 325 fu-

706 344 833 370 mantium
847 343 967 369 istorum.
991 340 1057 369 Cum
1086 341 1155 367 enim
1171 340 1212 366 ira
1226 339 1325 374 furori:
1340 338 1390 365 mei
1404 337 1497 372 fuerit,

707 390 801 416 iterum
828 389 940 414 sanubo.

740 474 856 502 Omnino
871 473 989 501 clemens
1003 478 1044 501 est
1069 478 1096 500 et
1128 472 1283 501 misericors
1305 472 1444 505 Dominus,
1473 476 1500 500 et

704 528 799 548 omnes
825 521 948 548 homines
984 520 1085 547 servari
1116 519 1183 552 vult,
1216 523 1244 546 et
1270 520 1304 546 ad
1333 519 1499 553 agnitionem

705 567 828 594 veritatis
852 566 988 598 venire",
1027 566 1172 599 omniaque
1195 565 1327 601 gubernat
1353 565 1499 598 sapienter,

705 612 804 646 cuique
820 611 915 638 salutis
929 612 999 638 viam
1023 612 1181 645 aequabilem
1206 611 1368 648 planantque
1382 610 1496 636 faciens.

706 656 783 689 Quod
802 657 837 683 ita
854 664 915 683 esse
929 664 962 683 ex
987 657 1053 691 ipsis
1077 656 1158 683 rebus
1186 655 1250 683 licet
1270 655 1346 682 nobis
1372 662 1496 682 cernere.

710 701 778 729 Nam
796 701 920 729 Achazus
937 701 987 728 fuit
1003 701 1155 731 idololatra,
1168 699 1358 727 abominabilis
1369 704 1395 726 et
1408 699 1500 733 profa-

706 755 767 774 nus.
783 747 851 774 Cum
866 752 955 773 autem
975 746 1001 773 in
1028 746 1105 773 malis
1121 754 1172 773 non
1192 745 1325 781 fugiendis
1347 745 1402 779 jam
1436 753 1499 772 vcr-

705 797 825 825 saretur,
837 799 865 819 et
879 792 1079 819 calamitatibus
1110 797 1214 819 tantum
1244 799 1295 818 non
1339 791 1498 819 inebriatqu

704 844 786 873 atque
818 839 1034 876 obrutumqeum
1063 838 1292 866 clementissimus
1329 837 1500 870 conspicatus

705 889 789 916 esset,
808 883 1005 918 c0nsequcndae
1026 883 1059 910 ab
1086 884 1143 917 ipso
1173 883 1269 910 salutis
1295 889 1368 916 spem
1396 882 1459 909 facit
1486 890 1501 909 e

704 930 829 964 vestigio,
848 938 879 956 ac
896 930 1039 964 pollicetur
1062 929 1203 961 auxilium,
1221 935 1249 955 ttt
1283 929 1316 956 ab
1332 928 1495 955 idolomauia

705 975 832 1007 desistat,
873 976 1036 1009 studeatque
1067 976 1122 1010 jam
1153 975 1204 1001 sibi
1224 982 1238 1000 a
1263 974 1398 1008 prioribus
1429 975 1500 1002 vitiis

705 1017 856 1056 temperare
869 1040 877 1053 ,
891 1025 918 1047 el
936 1028 1004 1048 vera:
1023 1020 1070 1048 Dei
1091 1021 1254 1053 cognitionis
1269 1020 1354 1047 lucem
1368 1020 1499 1053 recipere.

704 1066 797 1102 Itaque
828 1067 956 1102 propheta
990 1066 1100 1100 iubetur
1125 1066 1150 1092 ei
1188 1065 1294 1092 obviam
1331 1066 1419 1093 facere
1448 1075 1499 1093 una

704 1119 837 1147 praesente
853 1112 966 1145 Jasobo,
1002 1112 1046 1146 qui
1066 1111 1199 1138 derelictio
1216 1116 1243 1138 et
1254 1111 1393 1138 derelictus
1417 1119 1501 1145 expo-

704 1161 789 1191 nitur,
817 1159 901 1193 figttra
938 1157 1135 1193 propemodum
1160 1156 1333 1192 significante
1372 1162 1499 1192 tanquam

703 1204 731 1230 in
746 1203 868 1238 symbolo
894 1203 1014 1234 Achazo,
1039 1203 1241 1229 conservandas
1268 1209 1329 1230 esse
1368 1202 1501 1237 reliquias

703 1248 783 1282 Iuda,
798 1249 843 1284 qui
866 1249 920 1276 Deo
935 1249 1097 1275 adhaeserat.
1123 1247 1227 1283 Typum
1243 1249 1315 1275 enim
1337 1247 1382 1275 Dei
1400 1256 1500 1282 repra-

704 1299 815 1322 sentans
836 1295 978 1329 propheta,
1006 1294 1197 1329 percommode
1223 1293 1301 1321 alfert
1327 1294 1501 1328 pollicitatio-

705 1348 766 1368 nem
784 1340 876 1367 auxilii
894 1340 920 1367 in
936 1340 1040 1374 piscina
1051 1340 1199 1373 superioris
1228 1340 1278 1367 via:
1297 1341 1355 1375 agri
1377 1341 1501 1370 fullonis.

704 1386 802 1421 Figura
822 1393 928 1413 rursum
956 1390 999 1412 est
1014 1385 1094 1420 117
1126 1385 1228 1417 piscina
1259 1386 1388 1413 salutaris
1419 1386 1501 1414 fontis

705 1433 773 1460 sacri
789 1432 930 1467 baptismi,
961 1439 1021 1466 quae
1050 1440 1099 1459 nos
1123 1432 1204 1458 etiam
1228 1432 1255 1458 in
1284 1432 1355 1459 viam
1391 1432 1501 1460 deducit

704 1479 882 1514 superiorem,
898 1483 924 1505 et
937 1478 1046 1505 fullonis
1065 1479 1115 1505 sub
1143 1478 1348 1513 intelligentiam
1366 1480 1499 1513 cadentis,

706 1523 731 1550 id
746 1527 798 1555 est,
813 1522 870 1556 ejus
894 1523 940 1556 qui
966 1522 1062 1549 sordes
1078 1527 1186 1550 nostras
1209 1530 1305 1550 ontnes
1330 1523 1458 1559 detergit,
1474 1529 1499 1551 et

705 1568 739 1595 ab
769 1566 981 1603 inquinamentis
1010 1567 1117 1595 liberat.
1148 1567 1238 1594 Firma
1274 1573 1316 1596 est
1345 1569 1402 1596 haec
1434 1577 1534 1606 ergoc

706 1613 882 1648 pollicitatio;
902 1618 930 1640 et
960 1613 986 1640 in
1015 1614 1099 1647 figura
1127 1613 1284 1647 particulari
1307 1614 1415 1649 sapiens
1439 1615 1506 1641 mni-

707 1668 768 1694 gma
786 1668 818 1687 ac
833 1659 982 1687 insinuatio
1000 1659 1038 1686 rei
1059 1659 1192 1694 generalis
1215 1665 1241 1686 et
1265 1667 1311 1694 per
1325 1659 1474 1692 Christum,
1490 1668 1505 1687 a

706 1705 839 1740 propheta
853 1705 951 1732 tradita
963 1708 1015 1731 est.
1033 1704 1078 1731 Ait
1092 1709 1181 1731 autent
1198 1712 1205 1730 :
1223 1713 1233 1729 ι
1247 1705 1313 1732 Vide
1325 1710 1353 1731 ut
1368 1706 1504 1739 quiescas,

706 1755 734 1779 et
761 1759 794 1778 ne
811 1751 919 1784 timeas,
943 1757 993 1777 nec
1008 1750 1098 1779 anima
1123 1755 1166 1777 tua
1193 1750 1360 1783 debilitetur,
1374 1759 1388 1778 a
1402 1752 1506 1779 duobus

707 1798 790 1832 lignis
809 1797 934 1824 titionutn
948 1796 1060 1823 istorum
1082 1795 1299 1831 fumigantium.)
1322 1798 1398 1831 Quod
1429 1800 1502 1833 quie-

707 1850 785 1870 scere
799 1842 928 1876 curisque
940 1848 1047 1873 vacare,
1066 1846 1094 1868 et
1109 1849 1123 1868 a
1150 1842 1374 1877 trepidatiouibus
1385 1845 1506 1872 molestis

707 1885 821 1915 liberum
839 1895 901 1914 esse
917 1888 1053 1921 pracipiat
1068 1896 1075 1914 :
1101 1888 1224 1914 vocantis
1238 1888 1365 1914 nimirum
1389 1895 1442 1921 est,
1470 1890 1506 1916 id-

707 1941 760 1968 que
769 1933 989 1968 prudentissime,
1001 1933 1034 1959 ad
1045 1932 1238 1965 obedientiam,
1247 1938 1274 1960 et
1283 1934 1363 1961 veluti
1375 1935 1506 1962 reducen-

707 1978 744 2006 tis
755 1979 788 2005 ad
800 1977 942 2012 principia,
968 1982 996 2004 ut
1009 1977 1080 2005 colat
1090 1985 1232 2005 sermones
1243 1978 1360 2010 divinos,
1374 1984 1401 2006 et
1433 1980 1506 2007 veri-

709 2027 790 2049 tatem
808 2030 901 2049 eorum
912 2029 972 2056 qua:
988 2022 1054 2054 dixi,
1077 2026 1205 2057 prompte
1221 2030 1271 2050 suo
1282 2023 1412 2058 sutl'ragio
1441 2032 1506 2051 con-

709 2068 825 2094 ﬁteatur.
855 2067 939 2094 Faces
957 2074 1023 2094 vero
1044 2072 1070 2094 ct
1087 2068 1158 2102 ligna
1189 2067 1320 2095 fumantia
1348 2074 1427 2096 vocat
1447 2077 1505 2102 cos,

708 2114 755 2147 qui
773 2118 866 2140 contra
884 2112 960 2139 illum
976 2113 1179 2146 conspirarttut,
1195 2113 1272 2147 quasi
1290 2114 1334 2148 qui
1350 2114 1429 2148 paulo
1443 2120 1502 2149 post

243 2163 247 2187 ι
709 2163 737 2185 et
752 2165 812 2185 esse
837 2163 864 2184 et
891 2164 1004 2192 regnare
1034 2157 1146 2184 desituri
1179 2158 1244 2184 sint.
1272 2158 1505 2191 Quemadmodum

709 2204 894 2239 enimlignum
913 2211 960 2230 seu
987 2203 1047 2230 titio
1076 2204 1184 2238 quando
1203 2212 1235 2231 ex
1257 2205 1317 2240 igne
1344 2206 1504 2233 extrahitur,

708 2249 823 2284 fumigat
853 2249 975 2284 quidem,
1000 2256 1093 2276 verum
1129 2250 1217 2284 ignem
1252 2250 1278 2277 in
1299 2258 1360 2278 sese
1386 2251 1502 2285 amplius

708 2296 808 2322 habere
824 2295 939 2322 desinit:
954 2295 1011 2329 pari
1030 2303 1136 2331 quoque
1153 2297 1267 2330 ratione,
1279 2297 1405 2330 arbitror,
1423 2298 1503 2324 homo

708 2341 749 2367 vel
768 2341 839 2371 vim,
855 2340 896 2368 vel
927 2341 965 2368 rei
994 2341 1110 2375 alicujus
1135 2342 1217 2369 finem
1252 2343 1380 2375 facturus,
1405 2344 1501 2371 merito

710 2385 753 2412 fax
775 2386 829 2412 dici
846 2386 955 2420 poterit,
970 2393 1016 2413 aut
1028 2387 1128 2422 lignum
1145 2389 1234 2415 adhuc
1247 2389 1394 2424 fumigans.
1409 2390 1499 2416 Crete-

708 2439 767 2457 rttm
786 2431 831 2457 ubi
844 2438 890 2457 eos
910 2433 1017 2459 timidos
1045 2434 1190 2460 admodum
1207 2439 1232 2460 et
1251 2441 1367 2461 utterore
1402 2443 1500 2470 magno

248 2471 253 2475 ’
707 2475 830 2502 defectos
847 2484 906 2503 esse
923 2478 1094 2513 intelligeret,
1114 2479 1186 2513 quod
1220 2479 1381 2506 dimicantes
1406 2485 1498 2506 contra

215 2530 220 2534 ι
702 2520 813 2546 Phacce
829 2521 1012 2557 vincerentur,
1028 2525 1138 2558 etquod
1164 2530 1271 2552 centum
1296 2525 1389 2560 viginti
1416 2526 1498 2553 millia

696 2571 732 2589 ex
746 2563 833 2609 ιίυαξι,
850 2571 878 2591 ut
892 2567 960 2601 dixi,
986 2577 1040 2597 uno
1066 2570 1110 2597 die
1137 2570 1325 2597 corruisscut:
1354 2571 1434 2598 etiam
1460 2572 1501 2598 his

686 2606 934 2654 le'jriCIJIlntItentis
973 2621 1021 2641 eos
1056 2614 1162 2646 eximit,
1192 2619 1219 2641 et
1245 2615 1349 2648 inquit:
1371 2615 1501 2647 «Quando

676 2653 769 2671 em"!
796 2652 837 2677 ira
850 2652 961 2684 furoris
974 2659 1025 2685 mei
1040 2658 1131 2690 fuerit,
1149 2660 1246 2687 iterum
1262 2660 1389 2691 sanabo,»
1406 2659 1433 2686 id
1446 2666 1496 2693 est,

635 2694 868 2753 b’gigsi‘lqllﬂm
887 2702 1073 2736 cecidissent,
1086 2705 1136 2732 nisi
1153 2705 1229 2733 furor
1247 2712 1322 2732 tneus
1334 2705 1359 2731 in
1389 2713 1497 2732 tuanuut

614 2734 800 2795 [fgzuum
824 2748 877 2768 €05
897 2748 1076 2777 lradidisset.
1094 2750 1158 2783 Sed,
1177 2750 1273 2785 inquit,
1292 2750 1314 2777 si
1345 2750 1426 2778 fuerit
1459 2752 1496 2778 ira

742 2784 842 2795 ,ΜΔ-...μ
874 2793 891 2795 ᾲ
972 2793 978 2795 .

589 2784 721 2838 ε’χδῖ
742 2784 844 2838 fetura
865 2793 1025 2838 qHBSdam
1043 2802 1169 2828 accensa,
1183 2803 1277 2823 rursus
1292 2803 1339 2824 eos
1361 2797 1405 2831 qui
1425 2798 1496 2832 passi

744 2831 876 2886 ξδηπθο·
906 2834 991 2867 Nam
1005 2841 1051 2875 qui
1077 2849 1110 2868 ex
1135 2842 1172 2869 ira
1204 2842 1324 2875 tradidit,
1357 2831 1435 2870 facile
1465 2851 1495 2870 ex

737 2880 758 2914 Ι.
778 2885 857 2912 Ti")
898 2897 947 2925 ΙΙ,
969 2897 1000 2923 4·

172 3095 945 3235 Κ

1517 915 1537 941 Β

1207 187 1236 215 S.
1257 185 1395 214 CYRILLI
1413 184 1651 214 ALEXANDRINI
1670 185 1834 213 ARCIIIEP.

2281 187 2317 214 196

1555 244 1617 271 ἅνω
1643 244 1715 271 ὀδοῦ
1737 244 1791 271 τοῦ
1814 244 1907 278 ἀγροῦ
1932 244 1986 272 τοῦ
2010 243 2154 278 κναφέως.
2188 244 2240 271 Καὶ
2261 245 2318 279 ἐρεῖς

1549 288 1645 323 αὐτῷ,
1672 290 1807 322 Φύλαξαι
1825 290 1879 317 τοῦ
1903 289 2073 324 ἡσυχάσαι,
2095 290 2142 316 καὶ
2168 289 2209 324 μὴ
2235 292 2318 325 φοϐοῦ,

1546 335 1624 369 μηδὲ
1640 335 1658 369 ἡ
1681 335 1766 370 ψυχή
1780 343 1839 362 σου
1853 335 2017 363 ἀσθενείτω
2032 335 2092 362 ἀπὸ
2106 334 2165 362 τῶν
2177 335 2229 362 δύο
2241 336 2319 368 ξύλων

1549 381 1609 408 τῶν
1637 381 1739 408 δαλῶν
1768 381 1827 408 τῶν
1858 381 2082 416 καπνιζομένων
2109 381 2229 408 τούτων.
2248 383 2320 409 ὀταν

1549 427 1605 462 γὰρ
1619 427 1691 461 ὀργὴ
1709 427 1762 454 τοῦ
1776 426 1871 461 θυμοῦ
1885 435 1944 461 μου
1960 426 2093 461 γένηται,
2101 425 2198 465 ..πάλιν
2210 425 2318 460 ἰάσομαι.

1586 472 1758 507 Οίκτείρμων
1785 472 1868 503 ὅντως
1894 472 1940 498 καὶ
1962 471 2087 506 ἐλεήμων
2116 472 2130 497 ὁ
2152 470 2263 506 Κύριος.
2286 472 2320 498 καὶ

1552 518 1658 550 πάντας
1671 517 1833 553 ἀνθρώπους
1846 517 1933 544 ἐθέλει
1948 516 2076 552 σωθῆναι,
2089 515 2136 542 καὶ
2149 516 2188 546 εἰς
2198 515 2320 549 ἐπίγνωσιν

1551 563 1681 598 ἀληθείας
1694 563 1790 590 ὲλθείν·
1806 563 1944 598 οἰκονομεί
1963 563 1991 588 δὲ
2009 561 2099 588 πάντα
2115 560 2217 596 σαφῶς.
2230 562 2270 588 καὶ
2287 571 2321 588 χει-

1550 610 1711 637 ταλειαινων
1726 610 1834 645 ἑκάστῳ
1846 609 1897 644 τῆς
1910 609 2047 644 σωτηρίας
2058 608 2107 643 τὴν
2118 608 2186 634 ὁδόν.
2201 608 2251 634 Καὶ
2261 608 2320 634 τοῦτο

1550 656 1617 691 ἡμῖν
1642 655 1672 687 ἐξ
1697 655 1786 682 αὐτῶν
1811 655 1900 681 ἔνεστι
1914 654 1969 681 τῶν
1990 654 2162 689 πραγμάτων
2182 652 2261 684 οὕτως
2276 654 2321 688 ἕχον

1553 701 1626 727 ἰδεῖν.
1646 700 1728 736 Ἀνὴρ
1746 700 1795 735 μὲν
1808 700 1863 735 γὰρ
1879 699 1992 734 γέγονεν
2006 699 2200 734 εἰδωλολάτρης
2217 700 2230 724 ὸ
2244 698 2320 733 Ἄχας,

1552 745 1679 781 βδελυρδς
1704 746 1752 772 καὶ
1777 745 1899 780 βέϐηλος.
1924 744 2034 780 Ἐπειδὴ
2054 744 2082 771 δὲ
2107 742 2143 780 ἦν
2160 745 2188 771 ὲν
2213 743 2321 778 deditng

1551 791 1602 827 ἤδη
1619 792 1725 823 κακοῖς,
1743 791 1790 817 καὶ
1803 791 1946 826 μονονουχὶ
1962 790 2097 826 μεθύοντα
2110 791 2170 820 ταῖς
2194 791 2321 825 συμφοραῖς

1551 837 1565 862 ό
1594 836 1810 871 φιλοικτείρμων
1836 835 1974 868 τεθέαται,
2004 836 2183 871 προστίθησιν
2209 835 2281 866 εὐθὺς
2300 836 2321 861 τὺ

1552 882 1652 916 ἐξεῖναι
1676 882 1835 917 μετα).αχεῖν
1859 883 1908 917 τῆς
1929 882 1995 918 παρ’
2017 881 2098 908 αὐτοῦ
2123 882 2264 917 σωτηρίας,
2285 882 2321 907 ὑπ-

1553 930 1684 963 ισχνεῖται
1700 928 1729 954 δὲ
1740 928 1788 963 τὴν
1807 928 1977 963 ἐπικουρίαν,
1992 928 2036 954 ἴνα
2051 927 2143 963 παύσῃ
2161 927 2253 963 μανίας
2265 927 2322 953 sitim-

1551 974 1695 1009 λομσζνοῦς.
1725 974 1772 1001 καὶ
1791 974 1960 1009 ἀποσχέσθαι
1988 974 2187 1009 παρασκευάζῃ
2213 973 2261 1000 τῶν
2284 973 2320 1008 ήδη

1557 1020 1831 1056 προσεπταισμένων,
1861 1020 1907 1046 καὶ
1928 1020 1957 1046 τὺ
1978 1020 2027 1054 τῆς
2046 1019 2164 1055 ἀληθοῦς
2182 1019 2321 1053 θεογνωσίας

1552 1066 1711 1099 ἐκδέξασθαι
1725 1066 1792 1101 φῶς.
1811 1066 1978 1100 Προστάττει
1992 1065 2082 1092 τοίνυν
2105 1066 2119 1092 ό
2137 1065 2271 1101 προφήτης
2284 1065 2321 1091 in"

1552 1112 1669 1147 αντῆσαί
1692 1121 1721 1138 τε
1735 1111 1810 1146 αὐτῷ
1834 1111 1960 1142 συνόντος
1981 1105 2101 1146 Ἶασοῦμ,
2128 1111 2158 1143 ὃς
2179 1112 2321 1144 ὑπόλειμμα

1553 1160 1599 1185 καὶ
1614 1157 1873 1192 ὑπολελειμμένος
1899 1157 2097 1192 ἑρμηνεύεται·
2136 1156 2268 1191 μονονουχὶ
2287 1155 2320 1181 τοῦ

1551 1205 1638 1231 τύπου
1665 1204 1845 1239 σημαίνοντος
1868 1203 1905 1235 ὡς
1923 1204 1951 1229 ὲν
1978 1202 2106 1238 συμϐόλῳ
2122 1203 2163 1238 τῷ
2181 1201 2270 1237 Ἀχαζ,
2292 1201 2322 1226 ὅτι

1553 1250 1705 1286 σωθήσεται
1721 1249 1752 1275 τὺ
1775 1249 1933 1284 ὑπόλειμμα
1949 1248 1996 1275 τοῦ
2022 1247 2106 1275 Ἰούδα
2133 1248 2201 1283 μετὰ
2215 1246 2275 1274 Θεοῦ
2286 1254 2322 1281 με·

1553 1295 1679 1331 μενηκός.
1697 1295 1765 1321 Θεοῦ
1781 1295 1835 1330 γὰρ
1858 1296 1898 1326 εἰς
1922 1294 2005 1321 τύπον
2020 1294 2034 1320 ὁ
2053 1296 2198 1328 προφήτης
2210 1292 2322 1327 λαμϐάνε-

1551 1348 1608 1371 ται,
1626 1337 1656 1366 εὖ
1681 1339 1709 1365 δὲ
1732 1339 1764 1374 δὴ
1787 1339 1890 1374 σφόδρα
1912 1340 1962 1374 τῆς
1977 1339 2139 1375 ἐπικουρίας
2166 1339 2274 1365 ποιεῖται
2286 1337 2322 1370 τὴν

1552 1385 1700 1419 ὑπόσχεσιν
1733 1384 1779 1411 ἐπὶ
1800 1385 1833 1419 τῇ
1863 1384 2044 1419 κολυμϐήθρᾳ
2070 1384 2119 1419 τῆς
2147 1384 2203 1410 ἄνω
2223 1382 2274 1409 ὁδοῦ
2288 1381 2322 1407 τοῦ

1552 1430 1636 1466 ἀγροῦ
1658 1429 1704 1456 τοῦ
1730 1430 1865 1464 κναςςέως.
1884 1429 1974 1460 Tum;
1991 1430 2019 1456 δὲ
2034 1429 2115 1456 πάλιν
2137 1431 2154 1464 ἡ
2171 1426 2323 1462 κολυμϐήθρα

1551 1475 1600 1510 τῆς
1616 1474 1751 1510 σωτηρίου
1771 1475 1864 1509 πηγῆς
1883 1474 1930 1501 τοῦ
1945 1474 2024 1508 ἁγίου
2039 1474 2237 1510 βαπτίσματος,
2254 1474 2269 1508 ἣ
2287 1473 2322 1498 καὶ

1557 1522 1597 1552 είς
1622 1521 1682 1547 ὁδὸν
1706 1522 1779 1555 ἡμᾶς
1807 1520 1941 1555 ἀποφέρει
1966 1521 2015 1555 τὴν
2034 1521 2100 1551 ἄνω,
2126 1521 2174 1547 καὶ
2191 1519 2236 1546 τοῦ
2248 1517 2323 1554 νοητοῦ
2370 1531 2371 1537 η

1558 1567 1693 1601 κναφέως,
1718 1566 1790 1593 τοῦτ’
1805 1566 1873 1598 ἔστι,
1900 1567 1947 1593 τοῦ
1964 1567 2052 1593 πάντα.
2082 1566 2169 1601 ῥύπον
2194 1566 2265 1602 ἡμῶν
2288 1566 2323 1591 ὲι-

1558 1613 1721 1647 σμήχοντος,
1740 1611 1787 1638 καὶ
1805 1610 2022 1642 ἀπαλλάττοντος
2036 1611 2193 1646 μολυσμῶν.
2213 1609 2323 1644 Ἀσφαλὴς
2370 1620 2371 1646 ξ

1557 1656 1604 1685 οὖν
1629 1658 1646 1692 ἡ
1665 1657 1819 1692 ὑπόσχεσις,
1845 1657 1892 1683 καὶ
1904 1656 1941 1688 ὡς
1959 1657 1987 1682 ἐν
2010 1656 2088 1692 τύπῳ
2100 1656 2153 1691 τῆς
2169 1659 2274 1693 μερικῆς
2287 1655 2324 1688 τῆς
2370 1655 2371 1686 ξ

1558 1691 1673 1731 καθόλου
1689 1691 1739 1729 και
1750 1703 1794 1729 διὰ
1809 1702 1938 1737 Χριστοῦ,
1955 1702 2036 1737 σοφὸν
2047 1702 2152 1729 δέδοται
2168 1691 2209 1738 τῷ.
2221 1702 2324 1737 προφήτῃ

1555 1750 1586 1776 τὸ
1603 1750 1725 1784 αἴνιγμα.
1750 1748 1819 1784 Φησὶ
1833 1749 1861 1775 δὲ
1877 1748 1916 1780 τὸ,
1936 1758 1944 1774 ι
1960 1749 2098 1775 Φυλάσσου
2128 1749 2176 1776 τοῦ
2202 1749 2323 1784 ήσυχάςιιι,
2370 1751 2371 1773 1

1560 1796 1607 1822 καὶ
1623 1795 1660 1830 μὴ
1677 1794 1759 1829 φοϐοῦ
1770 1814 1776 1826 ,
1798 1794 1864 1829 μηδὲ
1883 1794 1983 1830 ἡψυχὴ
2000 1803 2045 1820 σου
2063 1794 2211 1821 ἀσθενείτω
2225 1795 2273 1821 ἀπὸ
2284 1793 2324 1819 τῶν

1555 1840 1602 1868 δύο
1628 1841 1714 1874 ξύλων
1733 1840 1787 1866 τῶν
1806 1840 1894 1867 δαλῶν
1920 1840 1973 1866 τῶν
1992 1840 2201 1875 καπνιζομένων
2213 1840 2321 1867 τούτων.ι

1556 1887 1612 1914 Καὶ
1628 1886 1657 1913 τὸ
1677 1887 1726 1920 μὲν
1750 1887 1906 1913 ἐπιτάττειν
1922 1887 2036 1921 ἠρεμεῖν
2055 1886 2103 1913 καὶ
2121 1886 2264 1921 φροντίδων
2278 1885 2325 1918 δίχα
2370 1887 2371 1897 ‘

1556 1932 1697 1964 διατελεῖν,
1727 1932 1775 1958 καὶ
1804 1933 1858 1967 μὴν
1886 1932 1933 1958 καὶ
1965 1931 2101 1966 δειμάτων
2127 1930 2324 1958 ἀπαλλάττεσθαι

1556 1977 1683 2012 χαλεπῶν
1696 1986 1702 1992 ·
1722 1977 1865 2009 καλοῦντος
1882 1975 1915 2011 ἦν
1928 1977 1983 2012 ἄρα
1996 1978 2043 2004 καὶ
2059 1978 2132 2013 μάλα
2149 1978 2283 2014 ἐμφρόνως
2295 1976 2325 2005 εἰς

1557 2023 1722 2054 εὐπείθειαν,
1751 2023 1797 2049 καὶ
1822 2023 1903 2049 οἱονεὶ
1927 2025 1966 2054 εἰς
1980 2023 2069 2060 ἀρχὰς
2094 2024 2270 2059 ἀναφέροντος
2289 2020 2324 2046 τῦῦ

1557 2068 1656 2103 χρῆναι
1667 2070 1749 2104 τιμᾷν
1766 2069 1827 2100 τοὺς
1844 2069 1908 2104 περὶ
1928 2069 1995 2095 Θεοῦ
2010 2069 2116 2103 λόγους,
2139 2071 2188 2096 καὶ
2200 2066 2238 2100 οἷς
2254 2066 2323 2095 avii-

1558 2122 1603 2147 γοι
1617 2114 1647 2140 τὸ
1662 2114 1761 2149 ἀληθὲς
1776 2114 1892 2148 ἑτοίμως
1907 2114 2130 2149 ἐπιψηφίζεσθαι.
2146 2114 2246 2146 Δαλοὺς
2258 2112 2326 2140 δὲκαὶ

1557 2159 1624 2193 ξύλα
1638 2159 1825 2193 καπνιζόμενα
1839 2159 1925 2192 καλεῖ,
1941 2161 2005 2191 τοὺς
2018 2160 2078 2187 κατ’
2095 2161 2179 2187 αὐτοῦ
2197 2167 2325 2195 συμπεφω-

1557 2205 1684 2241 νηκότας,
1703 2205 1740 2236 ὡς
1755 2205 1816 2231 ὅσον
1832 2205 1938 2232 οὐδέπω
1957 2206 2184 2241 πεπαυσομένους
2200 2206 2245 2232 καὶ
2260 2202 2325 2231 αὑτοῦ

1554 2251 1600 2277 τοῦ
1613 2248 1694 2282 εἶναι,
1711 2251 1758 2276 καὶ
1770 2251 1819 2285 τῆς
1835 2251 1983 2286 βασιλείας.
1993 2252 2098 2286 Ὥσπερ
2109 2252 2165 2288 γὰρ
2176 2252 2250 2284 ξύλον
2260 2251 2326 2285 iam

1553 2297 1567 2322 ὸ
1581 2295 1670 2327 δαλὸς,
1698 2296 1763 2322 ὅταν
1781 2295 1907 2330 ἐξέληται
1929 2296 1977 2322 τοῦ
1993 2296 2090 2331 πυρὸς,
2104 2296 2261 2328 καπνίξεται
2279 2292 2325 2328 μὲν.

1554 2341 1623 2377 πλὴν
1635 2342 1663 2368 ἐν
1678 2341 1824 2376 καταλήξει
1840 2341 1957 2375 γίνεται,
1972 2342 2019 2369 τοῦ
2036 2343 2084 2369 καὶ
2103 2342 2143 2369 ἐτι
2158 2344 2190 2369 τὸ
2205 2341 2258 2376 πῦρ
2270 2340 2326 2374 ἔχειν

1552 2387 1581 2413 ὲν
1596 2386 1696 2422 ἑαυτῷ·
1712 2387 1782 2413 κατὰ
1796 2387 1842 2413 τὸν
1855 2385 1925 2418 ἴσον,
1937 2385 2026 2423 οἶμαι,
2043 2387 2150 2415 τουτονὶ
2167 2388 2271 2423 τρόπον,
2291 2383 2327 2410 καὶ

1552 2432 1697 2467 ἄνθρωπος
1722 2432 1829 2468 μέλλων
1844 2433 1860 2468 ἢ
1878 2432 1950 2468 ζωῆς
1965 2433 1981 2468 ἢ
1997 2434 2160 2469 πράγματος
2184 2435 2212 2460 ὲν
2226 2430 2326 2463 καταλή-

1554 2478 1594 2511 ξει
1607 2478 1739 2512 γίνεσθαι,
1751 2479 1849 2513 λέγοιτ’
1865 2479 1897 2506 ἂν
1908 2479 2020 2511 εἰκότως
2035 2480 2113 2512 δαλὸς
2128 2480 2144 2515 ἢ
2159 2480 2236 2513 ξύλον
2247 2485 2326 2505 καπνι-

1555 2525 1666 2559 ζόμενον
1680 2524 1730 2551 ἔτι.
1758 2524 1867 2560 Ἐπειδὴ
1880 2524 1908 2551 δὲ
1925 2525 2065 2559 ὴπίστοιτο
2081 2526 2213 2562 περιδεεῖς
2229 2524 2326 2559 μάλιστα

1554 2569 1710 2603 γεγονότας,
1726 2569 1773 2596 καὶ
1790 2570 1817 2595 ὲν
1841 2570 1981 2605 κατηφείᾳ
1997 2570 2093 2605 πολλῇ,
2114 2570 2158 2597 διά
2172 2579 2200 2597 τε
2217 2569 2245 2596 τὺ
2262 2566 2329 2603 ἡττᾶ-

1556 2615 1617 2641 σθαι
1629 2615 1842 2650 μεμαχημένους
1855 2616 1923 2650 πρὸς
1933 2616 2031 2647 Φακεὲ,
2045 2617 2089 2643 ὅτε
2097 2617 2145 2643 καὶ
2160 2614 2327 2643 πεπτώκασιν.

1554 2662 1592 2692 ὡς
1615 2660 1694 2696 ἔφην,
1724 2661 1821 2687 ἑκατὸν
1836 2661 1922 2687 εἴκοσι
1941 2662 2058 2696 χιλιάδες
2087 2663 2118 2689 ὲκ
2135 2663 2182 2689 τοῦ
2207 2661 2285 2688 Ἰούδα
2307 2659 2328 2683 ἰν

1553 2707 1646 2742 ἡμέρᾳ
1662 2707 1726 2741 μιᾷ·
1749 2706 1797 2733 καὶ
1818 2707 1920 2733 τούτων
1936 2707 2060 2743 ἐξίστησι
2075 2708 2129 2734 τῶν
2144 2707 2272 2742 δειμάτων
2291 2703 2328 2729 αὒ-

1550 2752 1623 2782 τοὺς,
1639 2751 1684 2777 καί
1710 2758 1802 2786 φησιν·
1820 2751 1923 2778 (Ὅταν
1951 2752 2006 2787 γὰρ
2024 2753 2094 2788 ὀργὴ
2117 2753 2164 2779 τοῦ
2183 2751 2265 2787 θυμοῦ
2289 2755 2329 2783 μου

1549 2797 1673 2833 γένηται,
1689 2797 1768 2824 πάλιν
1787 2797 1927 2832 ίάσομαιί
1944 2797 2015 2823 τοῦτ’
2033 2798 2115 2829 ἔστιν,
2134 2798 2187 2824 οὐδ’
2201 2798 2232 2823 ἂν
2246 2795 2327 2822 ἐκείνω

1552 2843 1741 2877 πεπτώκασιν,
1760 2844 1783 2869 εἰ
1802 2843 1839 2878 μὴ
1855 2842 1978 2876 δέδωκεν
2002 2844 2100 2876 αὐτοὺς
2124 2844 2175 2870 ὑπὸ
2197 2844 2271 2878 χεῖρα
2285 2837 2328 2865 τῶν
