4134 6490
254 398 363 455 19Ὶ

1421 388 1491 446 ΙΝ
1532 387 1769 444 ιδΑιΑΜ
1805 387 1932 443 LIB.
1975 386 2017 445 1.
2060 387 2273 443 ORAT.
2311 387 2396 441 ιν.

3418 391 3523 451 198

252 514 467 585 ἐχθρῶν
516 510 687 583 θυμὸς
734 510 884 581 ἐμός.
929 509 1065 565 Ἀλλ’
1101 509 1151 562 εἰ
1182 507 1427 577 γένοιτο,
1461 508 1617 578 φησὶ,
1670 505 1738 558 τὰ
1790 504 1843 570 ἐξ

1958 505 2145 558 innata
2172 504 2401 575 quadam
2458 504 2869 559 mansuetudine
2923 514 2975 560 at
3018 504 3352 561 humanitate
3404 509 3522 563 exi-

250 606 426 678 ὀργῆς
453 603 595 658 κατά
629 619 813 667 τινων,
853 601 1074 672 ἰάσομαι
1103 600 1269 655 πάλιν
1308 600 1436 663 τοὺς
1477 598 1835 661 πεπονθότας.

1946 598 2066 651 mit.

263 701 328 756 '0
355 703 465 773 γὰρ
498 701 772 772 παραδοὺς
816 700 874 766 ἐξ
902 700 1094 772 ὀργῆς,
1140 697 1402 764 ὲξελεῖται
1433 695 1630 768 ῥᾳδίως
1668 695 1733 748 δι’
1767 694 2006 764 ἔμφυτον
2033 695 2349 764 ἡμερότητα
2373 693 2467 748 καὶ
2497 681 2925 764 φιλανθρωπίαν.

326 793 435 847 Καὶ
465 795 498 846 ό
524 792 654 858 υιὸς
686 791 789 845 τοῦ
821 791 1023 861 Ἀρὰμ,
1051 791 1147 845 καὶ
1178 793 1210 845 ό
1237 791 1368 857 υίὸς
1395 790 1500 843 τοῦ
1530 789 1852 856 Ῥομελίου,

249 883 347 936 ὅτι
373 884 819 937 ἐϐουλεύσαντο
853 881 1103 950 βουλὴν
1127 882 1399 949 πονηρὰν
1424 880 1558 949 περὶ
1591 880 1708 933 σοῦ
1743 878 1841 933 λέ-

250 993 467 1045 γοντες
495 990 510 1005 ·
551 975 1004 1043 ’Δναόησόμεθα
1064 976 1152 1040 εις
1199 972 1314 1040 τὴν
1367 972 1677 1033 Ἰουδαίαν,
1741 972 1841 1024 καὶ

248 1065 766 1132 συλλαλήσαντες
823 1066 1029 1132 αὐτοῖς
1099 1064 1564 1133 ἀποστρέψομεν
1620 1063 1844 1129 αὐτοὺς

250 1158 411 1226 πρὸς
459 1156 633 1227 ἡμᾶς.
678 1157 778 1210 καὶ
810 1157 1272 1225 βασιλεύσομεν
1322 1155 1524 1221 αὐτοῖς
1551 1155 1659 1209 τὸν
1708 1155 1844 1209 υἱὸν

255 1248 489 1317 Τασεήλ
509 1267 525 1281 ⁸
562 1247 701 1302 τάδε
729 1249 890 1317 λέγει
921 1248 1133 1316 Κύριος
1157 1247 1419 1302 Σαϐαὼθ·
1474 1248 1558 1301 Οὐ
1602 1245 1689 1315 μὴ
1741 1247 1844 1315 ἑμ-

244 1339 436 1409 μδίνῃ
466 1339 505 1405 ή
529 1338 732 1405 βουλὴ
758 1337 933 1405 αὕτη,
978 1336 1120 1391 οὐδὲ
1150 1339 1343 1392 ἔσται.

306 1429 452 1483 Οὔτε
472 1428 581 1482 τῶν
599 1429 720 1483 κατ’
736 1428 901 1483 αὐτοῦ
919 1445 1169 1501 σκευωρη
1178 1429 1361 1499 μάτων
1381 1427 1480 1501 τὴν
1505 1428 1842 1497 ἀπαγγελίαν

247 1519 604 1574 ἀπιστεῖσθαι
624 1522 915 1590 συγχωρεῖ,
945 1519 1067 1572 οὐτε
1089 1520 1195 1591 μὴν
1216 1519 1402 1590 ἐφίησι
1425 1520 1699 1591 περισσῶς
1722 1537 1843 1573 συν-

247 1608 555 1680 θραύεσθαι
573 1608 808 1678 δείματι.
834 1607 1144 1672 Βεϐαιώσας
1168 1608 1226 1661 δὲ
1252 1608 1471 1679 μᾶλλον,
1496 1608 1590 1663 καὶ
1622 1609 1841 1679 ἀληθεῖς

243 1702 539 1772 ἀποφήνας
559 1701 658 1765 τὰς
674 1702 793 1754 κατ’
810 1700 974 1754 αὑτοῦ
997 1701 1329 1766 συναινέσεις
1348 1703 1514 1774 ἥγουν
1528 1701 1842 1772 συμφωνίας

242 1793 367 1845 τῶν
391 1793 486 1846 δύο
514 1793 779 1864 βασιλέων
805 1832 820 1857 ,
881 1794 1223 1863 ὑπισχνεῖται
1266 1794 1366 1865 τὴν
1394 1794 1712 1864 ἐπικουρίαν
1754 1811 1843 1863 με·

242 1883 540 1937 τατάττων
568 1883 662 1935 ἐπὶ
688 1884 751 1936 τὸ
794 1884 880 1936 ἐπ’
910 1884 1089 1937 αὐτῶν
1121 1884 1322 1954 μᾶλλον
1363 1886 1677 1956 ἐρηρεῖσθαι
1706 1884 1836 1950 δεῖν,

245 1975 352 2027 καὶ
389 1974 465 2045 μὴ
487 1976 607 2039 ταῖς
633 1974 741 2027 τῶν
768 1974 999 2029 εἰδώλων
1031 1977 1388 2049 προσκεῖσθαι
1414 1977 1711 2048 λατρείαις,
1748 1977 1841 2031 καὶ

240 2068 371 2128 τοῖς
400 2066 510 2119 τῶν
555 2065 973 2136 ψευδομαντέων
1029 2067 1229 2135 λόγοις,
1280 2069 1329 2122 οἳ
1365 2069 1535 2139 μυρία
1586 2069 1683 2139 μὲν
1738 2070 1838 2123 ὅσα

243 2158 398 2210 κατά
423 2155 650 2228 γνώμην
685 2158 824 2227 φασὶ
877 2161 991 2222 τοῖς
1048 2158 1149 2222 τὰς
1200 2160 1424 2224 πεύσεις
1474 2162 1836 2232 προσάγουσι,

243 2248 479 2302 λαλοῦσί
507 2267 571 2317 γε
605 2249 713 2320 μὴν
739 2249 849 2303 τῶν
880 2249 1095 2321 ἀληθῶν
1128 2251 1301 2306 οὐδέν.
1320 2252 1442 2307 Ὀτι
1478 2253 1659 2307 τοίνυν
1686 2255 1839 2308 ἐϐου-

243 2338 517 2393 λεύσαντο
534 2378 550 2405 ,
577 2341 761 2412 φησιν,
794 2340 1040 2395 ἀνελθεῖν
1066 2342 1165 2412 μὲν
1193 2345 1273 2407 εἰς
1301 2344 1401 2416 τὴν
1431 2345 1709 2409 Ἰουδαίαν,
1744 2347 1840 2400 καὶ

247 2433 589 2503 συλλαλῆσαι
618 2437 731 2497 τοῖς
788 2434 893 2487 ὑπὸ
922 2437 1079 2507 χεῖρα
1130 2437 1250 2507 σὴν,
1294 2438 1585 2493 ἀναπεῖσαί
1614 2457 1672 2493 τε
1722 2443 1840 2504 ταῖς

243 2524 434 2578 αὐτῶν
469 2524 695 2577 ἔπεσθαι
735 2524 1005 2596 γνώμαις,
1036 2527 1235 2597 ἀληθὲς
1273 2529 1368 2581 καὶ
1397 2528 1836 2599 ὡμολογημένον.

246 2616 548 2669 Βούλονται
576 2615 685 2687 γὰρ
722 2618 1015 2688 ἐπιστῆσαι
1038 2619 1128 2671 τὸν
1154 2620 1248 2672 τοῦ
1279 2620 1494 2691 Τασεὴλ
1523 2622 1659 2676 υἱόν.
1701 2622 1841 2675 Ἀλλ’

241 2709 353 2762 οὐκ
404 2707 558 2761 ἔσται
588 2707 768 2771 τοῦτο,
827 2710 1011 2779 φησίν.
1040 2711 1148 2764 Καὶ
1188 2710 1271 2775 τίς
1305 2714 1333 2765 ὁ
1372 2712 1839 2783 ὑπισχνούμενος;

242 2801 464 2871 Κύριος
495 2799 745 2861 Σαϐαὼθ,
802 2801 947 2854 τοῦτ’
982 2802 1116 2866 ἐστι,
1151 2803 1354 2877 Κύριος
1383 2804 1493 2857 τῶν
1537 2805 1838 2876 δυνάμεων,

241 2891 381 2961 irim
412 2891 478 2943 ἐκ
512 2891 785 2963 στρατιῶν
807 2907 822 2922 ·
846 2886 906 2945 οὗ
954 2892 1017 2963 δὴ
1058 2893 1403 2958 συννεύοντος
1430 2895 1492 2947 τὸ
1519 2896 1715 2965 χρῆναι
1764 2913 1844 2949 νι-

242 2979 384 3048 xciv,
414 2971 497 3041 οἷς
522 2979 586 3032 ἂν
619 2979 797 3032 ἕλοιτο
823 2979 1005 3050 τυχὸν,
1036 2980 1119 3044 τίς
1164 2984 1193 3035 ὀ
1223 2982 1577 3054 ἀναστρέψων
1604 2985 1673 3037 τὰ
1706 2984 1841 3054 ἑψη-

243 3060 533 3138 φίσμένα;
560 3069 670 3123 Καὶ
702 3073 814 3134 τοῖς
842 3070 1004 3133 θείοις
1032 3071 1197 3124 αὐτου
1236 3073 1520 3143 κρίμασιν,
1544 3075 1627 3138 τίς
1654 3078 1682 3128 ὁ
1714 3077 1843 3129 ἀντ-

243 3157 473 3229 εξάγειν
530 3160 867 3231 δυνάμενος;
911 3161 1126 3216 Βεϐαιοῖ
1166 3164 1458 3239 τοιγαροῦν
1534 3167 1615 3229 είς
1659 3167 1843 3221 πίστιν

242 3253 387 3315 τοὺς
412 3252 673 3315 ἀπίστους
707 3252 809 3305 ἔτι.
845 3253 920 3305 Οὐ
954 3252 1065 3324 γὰρ
1112 3254 1302 3325 χρείαν
1335 3255 1550 3326 ἔχουσιν
1583 3259 1631 3309 οἱ
1667 3257 1845 3326 ὑγιαί-

244 3361 444 3408 νοντες
472 3345 676 3416 ἰατροῦ,
709 3345 825 3398 ἀλλ’
848 3347 895 3398 οἱ
928 3344 1114 3408 κακῶς
1134 3345 1367 3416 ἔχοντες,
1401 3348 1541 3403 καθά
1572 3349 1663 3402 καὶ
1685 3349 1846 3413 αὐτὸς

246 3436 485 3505 εἴρηκεν
508 3436 537 3487 ὁ
566 3435 780 3505 Σωτήρ.
824 3436 1021 3488 ’ἰστέον
1053 3434 1109 3488 δὲ
1158 3435 1239 3488 ὅτι
1269 3435 1382 3488 υἱὸν
1410 3436 1510 3506 μὲν
1541 3437 1633 3490 τοῦ
1668 3438 1846 3510 Ἀρὰμ
1872 3457 1916 3517 C

244 3529 346 3581 τὸν
380 3527 549 3600 Σύρον
595 3527 883 3592 ἀποκαλεῖ,
924 3527 1068 3580 τοῦτ’
1103 3526 1239 3590 ἔστι,
1273 3527 1365 3581 τὸν
1404 3526 1703 3595 Ῥαασσὼν,
1747 3530 1842 3584 τοῦ

249 3637 317 3688 γε
350 3619 461 3690 μὴν
488 3619 768 3690 Ῥομελίου
799 3619 891 3673 τὸν
912 3620 1103 3683 Φακεὲ,
1143 3620 1202 3683 ὃς
1233 3619 1616 3691 βεϐασίλευκεν
1644 3624 1735 3676 ἐπὶ
1758 3624 1849 3676 τὸν

261 3709 518 3781 Ἰσραὴλ.
535 3709 678 3762 τοῦτ’
700 3709 834 3773 ἔστι,
856 3709 962 3763 τῶν
991 3710 1121 3762 δέκα
1155 3711 1336 3780 φυλῶν
1368 3712 1426 3765 ὲν
1451 3715 1518 3783 τῇ
1541 3714 1845 3786 Σαμαρείᾳ.

346 3801 512 3853 Ἀλλ’
543 3802 581 3869 ἡ
626 3800 859 3869 κεφαλὴ
902 3801 1074 3870 Ἀρὰμ
1122 3803 1461 3871 Δαμασκὸς,
1509 3804 1611 3858 καὶ
1646 3806 1684 3873 ή
1747 3823 1847 3860 κε-

250 3889 428 3959 φαλὴ
486 3889 805 3959 Δαμασκοῦ
844 3890 1161 3944 Ῥαασσών
1184 3908 1198 3923 ·
1249 3892 1386 3947 ἀλλ’
1427 3893 1516 3946 ἐτι
1551 3893 1848 3961 ἐξήκοντα

251 3980 358 4032 καὶ
401 3979 583 4033 πέντε
640 3979 811 4043 ἐτῶν,
863 3981 1130 4049 ἐκλείψει
1179 3983 1217 4050 ἡ
1265 3984 1555 4046 ,ϐασιλεία
1599 3985 1847 4054 Ἐφραῒμ

249 4072 381 4127 ἀπὸ
417 4072 593 4137 λαοῦ,
626 4073 723 4126 καὶ
758 4073 796 4139 ἡ
828 4074 1062 4142 κεφαλὴ
1112 4075 1362 4144 Ἐφραῒμ
1405 4075 1703 4144 Σομόρων,
1747 4076 1846 4129 καὶ

249 4164 291 4231 ἡ
327 4163 570 4232 κεφαλὴ
603 4165 900 4233 Σομόρων,
939 4165 1069 4231 υἱὸς
1094 4166 1203 4220 τοῦ
1240 4166 1568 4235 Ῥομελίου.
1602 4168 1711 4221 Kal
1737 4167 1847 4222 ἐὰν

249 4252 339 4323 μὴ
368 4256 761 4323 πιστεύσητε,
804 4255 931 4310 οὐδ’
957 4258 1030 4310 οὐ
1057 4255 1144 4325 μὴ
1171 4255 1422 4325 συνῆτε.

325 4347 459 4410 Τοῖς
496 4346 813 4419 διατρανοῦν
873 4345 1118 4401 ὲθέλουσι
1171 4347 1239 4400 τὰ
1291 4348 1348 4399 ὲν
1389 4348 1456 4417 τῇ
1500 4345 1844 4419 θεοπνεύστῳ

248 4439 476 4511 Γραφῇ,
513 4439 669 4509 χρεία
700 4439 764 4509 δὴ
803 4438 1021 4502 πάντως
1055 4438 1150 4492 καὶ
1194 4440 1523 4511 ἀφηγήσεως
1571 4441 1841 4511 ἱστοριῶν,

253 4531 349 4585 ἵνα
387 4528 720 4600 πανταχόθεν
753 4529 814 4582 τὸ
846 4529 1049 4600 ἀληθὲς
1077 4532 1191 4593 τοῖς
1221 4529 1385 4593 θείοις
1413 4530 1614 4602 ἕπηται
1640 4530 1840 4600 λόγοις.

264 4621 580 4690 Ἑξηγεῖται
637 4621 819 4673 τοίνυν
872 4622 901 4673 ὁ
952 4622 1237 4693 προφήτης
1287 4621 1356 4675 τά
1399 4622 1458 4677 ὲν
1508 4624 1620 4687 τοῖς
1677 4624 1843 4695 ἱεροῖς

252 4714 594 4786 Γράμμασι,
642 4711 709 4764 δι’
740 4705 814 4763 ὦν
847 4711 961 4765 ἔστι
995 4712 1230 4783 μάλιστα
1257 4716 1376 4776 ταῖς
1410 4712 1521 4767 τῶν
1548 4717 1844 4787 προκειμέο

2041 788 2196 842 Vens.
2232 790 2285 843 5.
2315 785 2384 840 Et
2438 788 2582 855 ﬁlius
2615 790 2776 840 Aram
2804 799 2850 841 et
2898 788 3042 853 ﬁlius
3102 790 3375 853 Romelim,
3398 789 3522 859 quia

1945 878 2175 930 inierunt
2213 879 2488 931 consilium
2532 894 2752 944 pravum
2788 889 2971 931 contra
3004 889 3071 942 te,
3117 881 3385 932 dicentes:
3422 879 3523 932 As-

1945 968 2220 1021 cendemas
2254 969 2311 1020 in
2355 967 2624 1030 Judwam,
2654 978 2699 1021 et
2719 968 3064 1037 colloquentes
3100 986 3214 1021 cum
3241 972 3315 1023 eis
3349 980 3522 1024 (rans-

1944 1060 2169 1128 fnremus
2193 1076 2276 1113 eos
2303 1060 2370 1112 ad
2394 1076 2508 1123 nos,
2526 1068 2575 1112 et
2615 1076 2783 1128 regem
2834 1061 3178 1126 pra’ﬁciemas
3233 1062 3336 1115 illis
3351 1063 3521 1129 ﬁlium

1948 1150 2173 1204 Tabeel:
2202 1155 2311 1205 Ita'c
2344 1152 2471 1205 dicit
2500 1134 2757 1203 Dominus
2793 1150 3029 1205 Sabaoth
3072 1169 3087 1205 :
3118 1151 3243 1205 Non
3297 1154 3520 1206 manebit

1943 1243 2221 1296 consilium
2254 1243 2410 1309 istuc,
2441 1257 2605 1313 neque
2628 1242 2752 1294 erit.

2014 1418 2334 1475 Insidiarum
2352 1430 2537 1474 contra
2567 1420 2742 1491 ipsum
2785 1436 3051 1476 rumorem
3072 1438 3245 1490 neque
3275 1425 3523 1479 concedit

1944 1527 2050 1565 non
2073 1513 2422 1576 credendum,
2470 1527 2644 1581 neque
2680 1514 2921 1582 permitit
2946 1528 3065 1567 eum
3102 1515 3267 1569 nimio
3312 1524 3523 1570 terrore

1944 1602 2240 1671 constringi
2271 1619 2285 1656 :
2317 1603 2409 1657 sed
2433 1602 2717 1657 conﬁrmat
2743 1604 2950 1673 potius,
2983 1615 3036 1657 et
3064 1606 3224 1675 us
3264 1607 3521 1677 conjura-

1945 1694 2120 1749 tiones
2154 1708 2561 1763 consensusque
2602 1704 2790 1748 contra
2835 1696 3007 1764 ipsum
3059 1698 3287 1751 duorum
3333 1714 3520 1766 regum

1944 1798 2103 1839 veros
2135 1798 2257 1839 esse
2288 1785 2643 1845 demonstrat,
2687 1785 2986 1839 subsidium
3027 1789 3316 1855 promittit,
3349 1804 3524 1859 eoque

1946 1868 2202 1925 transfert
2253 1885 2316 1924 ac
2346 1869 2513 1935 ducit,
2582 1870 2659 1924 uti
2714 1872 2859 1939 dixi,
2915 1883 2970 1926 ut
3002 1875 3100 1943 ipsi
3141 1876 3522 1944 inniterentur,

1943 1977 2007 2017 ac
2028 1964 2391 2027 considerent,
2420 1978 2520 2018 nec
2539 1963 2805 2018 idolorum
2837 1965 3073 2020 cultibus
3112 1969 3517 2034 addicerentur,

1946 2056 2311 2125 falsorumque
2340 2066 2522 2110 vatum
2554 2057 2916 2123 sermonibus,
2948 2058 3037 2125 qui
3075 2058 3277 2114 inﬁnita
3305 2040 3522 2131 quidem

1941 2164 2039 2218 pro
2070 2150 2344 2204 animisni
2389 2150 2611 2204 libidine
2683 2150 3083 2205 sciscitantibus
3150 2154 3521 2221 pronuntiant,

1941 2239 2051 2294 veri
2083 2251 2261 2296 autem
2292 2239 2425 2295 nihil
2474 2240 2787 2309 loquuntur.
2840 2239 2990 2308 Quod
3042 2241 3207 2311 igitur
3234 2244 3521 2297 consilium

1941 2332 2162 2387 inierint
2192 2331 2499 2387 revertendi
2545 2333 2596 2386 in
2648 2331 2909 2400 Judaeam,
2949 2347 3003 2389 et
3055 2351 3338 2392 sermones
3391 2354 3513 2392 cum

1943 2423 2049 2479 tuis
2088 2422 2319 2478 subditis
2371 2421 2710 2489 conlerendi,
2760 2426 3225 2494 persuadendique
3272 2438 3330 2481 ut
3368 2443 3522 2482 suam

1940 2528 2239 2587 sequantur
2296 2514 2626 2569 voluntatem
2686 2532 2749 2569 ac
2803 2519 3156 2582 sententiam,
3204 2534 3391 2574 verum
3442 2532 3523 2576 est

1942 2617 1996 2661 et
2021 2605 2371 2661 confessum:
2442 2604 2632 2658 volunt
2686 2606 2885 2659 ctenim
2925 2607 3028 2661 illis
3073 2609 3321 2665 Tabeelis
3358 2610 3524 2664 lilium

1943 2698 2284 2766 prostituere.
2317 2695 2518 2751 Verum
2587 2711 2693 2748 non
2732 2696 2835 2749 erit
2869 2698 2990 2759 hoc.
3040 2700 3229 2768 inquit.
3279 2701 3343 2755 Et
3402 2705 3527 2771 quis

1946 2788 2160 2841 tandem
2225 2795 2308 2841 est
2358 2786 2790 2855 quipromittit?
2827 2786 3083 2842 Dominus
3143 2790 3403 2857 Sabaoth,
3470 2794 3525 2847 id

1943 2878 2257 2933 estvirtutis
2292 2892 2386 2931 seu
2414 2876 2748 2931 exercituum
2774 2895 2786 2931 :
2818 2893 2924 2947 quo
2945 2891 3216 2936 annuente
3247 2883 3527 2941 victoriam

1944 2970 2140 3037 quibus
2174 2968 2423 3033 voluerit,
2470 2968 2592 3036 quis
2624 2982 2688 3022 ea
2738 2984 2858 3037 qua:
2883 2971 3097 3025 decreta
3132 2983 3257 3027 sunt
3293 2976 3527 3030 evertet?

1946 3063 2010 3116 Et
2041 3061 2236 3116 divinis
2259 3059 2375 3127 ejus
2403 3060 2623 3127 judiciis
2651 3061 2776 3130 quis
2804 3072 2979 3131 potest
3014 3065 3270 3120 resistere
3302 3067 3324 3118 ?
3378 3066 3531 3120 Cun-

1946 3154 2125 3206 lirmat
2147 3150 2370 3220 proinde
2398 3151 2450 3204 in
2482 3151 2586 3205 [ide
2611 3154 2774 3207 etiam
2803 3152 2917 3219 jam
2936 3154 3203 3209 inﬁdeles.
3230 3156 3347 3210 Non
3384 3160 3527 3213 enim

1946 3259 2079 3309 opus
2118 3242 2321 3296 habent
2346 3242 2463 3295 sani
2495 3243 2744 3309 medico,
2790 3243 2882 3297 sed
2929 3244 3067 3299 male
3118 3245 3381 3303 habentes
3447 3250 3528 3315 ³⁸,

1947 3337 2089 3389 sicut
2129 3343 2183 3386 et
2220 3334 2332 3402 ipse
2376 3332 2511 3387 dixit
2548 3329 2829 3388 Servator.
2892 3333 3185 3390 Sciendum
3239 3352 3527 3406 praeterea,

1948 3427 2089 3494 quod
2122 3426 2286 3479 lilium
2323 3426 2488 3480 Aram
2519 3427 2752 3495 appellet
2784 3426 3003 3497 Syrum,
3039 3427 3090 3482 id
3110 3440 3192 3483 est
3213 3427 3525 3495 lihaasson,

1958 3519 2123 3572 lilium
2149 3518 2403 3572 Romeliaa
2429 3517 2716 3583 Phaceem,
2748 3520 2837 3587 qui
2866 3520 3112 3589 regnavit
3134 3536 3298 3591 super
3342 3520 3528 3588 Israel,

1954 3610 2005 3664 id
2032 3621 2138 3675 est,
2190 3611 2376 3665 decem
2411 3610 2583 3665 tribus
2615 3611 2669 3664 in
2699 3610 2969 3665 Samaria.

2020 3785 2187 3839 Vens.
2219 3784 2273 3837 8.
2316 3782 2420 3839 Sed
2471 3794 2626 3854 caput
2683 3784 2846 3839 Aram
2890 3784 3208 3850 Damascus.
3271 3797 3320 3842 et
3372 3802 3528 3856 caput

1949 3876 2200 3930 Damasci
2228 3875 2506 3930 Raaasson
2533 3893 2550 3930 :
2590 3880 2681 3931 sed
2710 3879 2764 3931 in
2794 3880 2947 3932 annis
2972 3881 3246 3948 sexaginta
3280 3890 3327 3932 et
3376 3884 3527 3949 quiu-

1945 3984 2044 4036 que
2078 3966 2283 4032 deﬁciet
2346 3982 2594 4037 regnum.
2626 3963 2884 4033 Ephraim
2936 3982 2968 4019 α
3016 3965 3229 4034 populo,
3272 3977 3320 4020 et
3374 3978 3531 4033 caput

1947 4058 2199 4126 Ephraim
2231 4056 2507 4121 Somoron,
2566 4067 2612 4110 et
2635 4068 2785 4125 caput
2812 4055 3067 4110 Somoron
3093 4058 3235 4124 ﬁlius
3263 4057 3526 4112 Romelia'.

1949 4148 2013 4202 Et
2041 4150 2142 4202 nisi
2176 4147 2526 4214 credideritis,
2570 4162 2896 4216 nequaquam
2924 4147 3248 4217 intelligetis.

2016 4365 2117 4433 Qui
2170 4379 2442 4435 exponere
2502 4363 2693 4420 volunt
2746 4381 2868 4437 qua:
2932 4365 3210 4439 Scriptura
3271 4370 3532 4427 divinitus

1947 4458 2205 4527 inspirata
2224 4459 2593 4521 continentur,
2637 4458 2691 4512 bi
2712 4474 2847 4527 Opus
2872 4460 3094 4514 omnino
3132 4460 3332 4517 habent
3362 4464 3527 4516 etiam

1946 4550 2260 4604 narratione
2317 4550 2687 4616 historiarum,
2761 4560 2819 4605 ut
2893 4553 3257 4620 undeqnaque
3324 4555 3531 4609 veritas

1947 4642 2159 4696 divinos
2219 4656 2501 4697 sermones
2576 4651 2965 4711 consequatur.
3046 4642 3284 4699 Enarrat
3367 4646 3530 4714 igitur

1948 4735 2204 4805 propheta
2240 4750 2359 4804 qum
2390 4735 2442 4789 in
2476 4734 2649 4791 sacris
2703 4734 2926 4789 Litteris
2997 4737 3211 4803 prodita
3257 4748 3401 4804 sunt,
3461 4756 3527 4795 ex

251 4824 366 4861 νων
408 4804 639 4867 ἐννοίαις
666 4804 862 4874 ἄριστα
901 4804 1247 4876 προσϐαλεῖν.
1290 4804 1501 4859 Οὐκοῦν
1543 4807 1601 4860 ὲν
1631 4809 1843 4879 καιροῖς

1949 4827 2144 4897 quibus
2175 4828 2409 4881 maxime
2439 4827 2735 4896 poterimus
2784 4841 3002 4881 sensum
3034 4827 3529 4884 horumverbormn

256 4896 542 4967 βασιλείας
593 4896 688 4949 τοῦ
717 4894 894 4965 Ἀχαζ
926 4897 1397 4967 συμπεφωνήκασι
1445 4896 1544 4968 μὲν
1576 4899 1713 4969 μετά
1744 4898 1840 4952 τοῦ

267 4993 446 5047 Ἰούδα
476 4993 568 5047 καὶ
598 4991 708 5045 τῶν
743 4992 1130 5063 Ἱεροσολύμων
1156 4993 1184 5045 ὅ
1205 5009 1263 5045 τε
1278 4994 1561 5048 Ῥαασσὼν
1589 4996 1844 5067 βασιλεὺς

254 5084 463 5156 Συρίας
495 5086 589 5138 καὶ
618 5082 936 5155 Δαμασκοῦ,
971 5085 1066 5137 καὶ
1095 5085 1268 5138 Φακεὲ
1292 5086 1406 5149 υίὸς
1445 5088 1723 5155 Ῥομελίου
1751 5089 1846 5159 βα-

258 5175 492 5229 σιλεύων
550 5177 642 5230 ἐπὶ
686 5177 778 5229 τὸν
821 5176 1039 5248 Ἰσραὴλ
1081 5177 1139 5229 ὲν
1176 5179 1241 5248 τῇ
1292 5178 1596 5251 Σαμαρείᾳ.
1648 5180 1845 5245 Δεδιὼς

255 5270 442 5322 τοίνυν
464 5268 562 5339 τὴν
595 5269 780 5339 ἔφοδον
811 5271 840 5322 ὁ
862 5267 1037 5339 Ἀχαζ
1060 5268 1235 5322 πείθει
1262 5273 1506 5342 χρήμασι
1531 5273 1621 5326 τὸν
1636 5274 1841 5341 Θεγλα-

256 5360 547 5431 φαλλασάρ
576 5361 685 5413 τῶν
732 5361 1028 5432 Ἀσσυρίων
1056 5362 1279 5433 βασιλέα
1312 5364 1584 5433 ὲπαμῦναί
1614 5382 1670 5416 τε
1720 5367 1843 5417 ἑαυ-

254 5450 361 5519 τῷ,
393 5451 489 5504 καὶ
521 5451 629 5505 τῶν
651 5455 1165 5524 συμπεφωνηκότων
1187 5455 1487 5525 ἀνατρέψαι
1511 5456 1608 5527 τὴν
1632 5456 1838 5525 ἔφοδον.

1949 4916 2151 4984 optime
2191 4916 2469 4985 consequi.
2512 4915 2698 4983 Itaque
2751 4917 3084 4985 temporibus
3119 4920 3266 4988 regni
3328 4921 3529 4976 Achazi

1954 5017 2346 5061 consenserunt
2378 5015 2569 5061 contra
2607 5006 2802 5061 Judam
2870 5017 2924 5061 et
2957 5008 3326 5081 Hierosolyma
3385 5011 3534 5067 Rha»

1954 5112 2116 5151 asson
2196 5112 2290 5151 rex
2365 5098 2537 5168 Syriae
2586 5107 2640 5152 et
2705 5099 2975 5164 Damasci,
3028 5109 3082 5154 et
3127 5100 3337 5157 Phacee
3396 5104 3533 5158 Illius

1952 5184 2233 5251 Romeliae,
2262 5186 2353 5254 qui
2391 5186 2686 5242 Israelitico
2729 5203 2893 5257 regno
2924 5202 3150 5257 prmerat
3175 5191 3229 5245 in
3261 5191 3532 5247 Samaria.

1951 5276 2201 5331 Metuens
2229 5290 2358 5347 ergo
2382 5276 2658 5332 incursum
2689 5278 2961 5346 Acbazus,
2986 5283 3276 5349 persuadet
3305 5288 3532 5362 pecunia

1952 5370 2465 5440 Theglaphallasaro
2482 5371 2827 5442 Assyriorum
2848 5374 2980 5443 regi,
3003 5374 3170 5429 utsibi
3192 5375 3534 5444 feratsuppc-

1954 5462 2075 5525 tias,
2094 5470 2146 5514 et
2165 5461 2634 5517 conlederatorum
2659 5463 2914 5519 insultum
2933 5465 3229 5535 propulset.
3253 5465 3352 5531 Qui
3367 5480 3533 5535 expe-

265 5542 366 5629 “Dc
394 5543 488 5595 καὶ
514 5542 684 5597 ἐλθὼν
716 5544 893 5598 ἀνεῖλε
917 5545 1016 5615 μὲν
1043 5544 1139 5617 τὴν
1163 5545 1478 5617 Δαμασκὸν,
1513 5548 1842 5620 μητρόπολιν

1953 5553 2162 5610 ditione
2186 5554 2327 5611 facta
2347 5556 2665 5612 Damascum
2682 5558 2899 5623 evertit,
2918 5572 3037 5628 quae
3053 5557 3311 5629 Syrorum
3330 5568 3530 5611 metro-

260 5627 429 5688 οὖσαν
450 5630 562 5689 τῶν
593 5634 799 5707 Σύρων,
833 5637 1120 5692 ἀπέκτεινε
1155 5638 1209 5692 δὲ
1244 5638 1340 5694 καὶ
1393 5639 1554 5694 αὑτὸν
1592 5641 1681 5694 τὸν
1724 5642 1843 5697 Ῥα-

1954 5643 2091 5716 polis
2125 5654 2263 5712 erat,
2306 5646 2590 5718 ipsumque
2620 5627 2992 5705 Rhaassonem
3023 5627 3235 5702 occidit.
3272 5647 3534 5706 Defuncto

337 5787 380 5819 “
402 5786 595 5844 Matth.
629 5804 706 5857 Ix,
752 5792 834 5846 12.
