4134 6504
653 401 760 460 ιῦθ

1642 391 1701 447 S.
1743 387 2021 444 CYRILLI
2061 387 2537 444 ALEXANDRINI
2576 386 2899 444 ARCIIIEP.

3813 392 3919 447 900

655 530 786 574 vero
798 516 961 571 etiam
978 515 1029 568 in
1048 512 1291 567 Samaria
1307 509 1538 575 Phacee,
1554 508 1775 578 quijerat
1791 506 2045 562 Romeliaa
2066 505 2227 572 ﬁlius,

2349 505 2533 559 ισσὼν.
2582 502 2963 563 Ἀποθανόντος
3016 500 3075 554 δὲ
3125 501 3221 554 καὶ
3270 500 3365 554 τοῦ
3411 502 3605 566 Φακεὲ,
3638 503 3695 555 έν
3723 505 3920 574 1:312:-

660 623 882 676 regnum
916 604 1075 674 119
1099 604 1293 672 accipit
1316 601 1454 657 Osee
1484 601 1625 653 ﬁlius
1659 599 1788 663 Elae,
1821 599 1904 650 vir
1930 596 2230 666 improbus,

656 707 711 751 et
738 698 1037 750 daemonum
1070 692 1481 760 deceptionibus
1507 690 1791 744 addictior.
1828 688 1947 755 Quo
2010 702 2232 757 regnum

658 786 1031 854 gubernante,
1061 782 1308 836 ascendit
1344 778 1696 834 Salmanasar
1738 778 1996 849 Assyrius
2043 777 2236 831 adver-

658 890 751 929 sus
787 884 951 928 totam
982 871 1309 934 Samariam,
1352 880 1405 924 et
1449 868 1736 924 confestim
1792 876 1954 936 capto
1987 866 2147 931 Osea,
2180 879 2236 921 et

661 966 717 1019 in
746 964 866 1018 loco
898 963 1042 1018 servi
1071 963 1276 1026 habito,
1305 974 1368 1013 ac
1394 966 1590 1013 cuncta
1620 957 1843 1027 regione
1895 963 2131 1020 vastata,
2182 962 2239 1008 et

661 1056 1027 1111 lsraclitarum
1055 1062 1197 1109 terra
1224 1051 1465 1107 desolata
1494 1066 1557 1104 ac
1581 1050 1819 1114 deserta,
1844 1048 1965 1103 loco
1998 1049 2235 1117 ipsorum

664 1147 969 1201 incolarum
996 1145 1288 1213 inquilinos
1318 1145 1584 1212 quosdam
1639 1141 1940 1205 constituit,
1973 1149 2065 1193 aut
2109 1152 2239 1193 sane

661 1253 731 1291 et
762 1238 993 1291 subditis
1046 1238 1182 1300 suis,
1229 1236 1676 1303 Ecchuthamque
1722 1242 1778 1289 et
1831 1231 2234 1300 Sappharvian.

662 1328 867 1383 Gentes
900 1336 1106 1391 autem,
1140 1329 1322 1389 credo,
1352 1326 1433 1380 hae
1459 1325 1730 1379 Persicae:
1779 1324 1858 1379 sic
1894 1323 2036 1377 enim
2088 1323 2139 1376 in
2173 1322 2237 1375 li-

665 1419 782 1473 bris
811 1419 1115 1488 chnorum
1144 1420 1404 1487 scriptum
1446 1427 1548 1471 est.
1589 1415 1760 1483 Hujus
1796 1414 1950 1468 nobis
1999 1413 2240 1469 historiae

664 1511 1029 1563 narrationem
1075 1510 1335 1576 propheta
1374 1519 1814 1559 commemorans
1846 1521 1860 1557 :
1898 1522 1916 1554 ι
1949 1502 2076 1557 Haec
2110 1502 2240 1556 dicit

667 1598 947 1665 Dominus,
979 1599 1194 1667 inquit:
1236 1596 1349 1650 Non
1380 1591 1935 1649 manebitconsilium
1972 1593 2094 1652 hoc.
2143 1607 2241 1646 ne-
2290 1630 2295 1635 -

663 1704 772 1760 que
795 1690 922 1752 erit,
953 1690 1045 1743 sed
1078 1695 1242 1756 caput
1281 1686 1448 1739 Aram
1489 1687 1806 1748 Damascus,
1836 1693 1888 1739 et
1923 1694 2087 1752 caput
2138 1683 2241 1736 Da-

665 1784 832 1837 masci
860 1781 1171 1844 Rhaasson,
1201 1779 1296 1834 sed
1330 1779 1468 1831 intra
1494 1792 1666 1832 annos
1696 1779 1976 1846 sexaginta
1999 1788 2053 1830 et
2078 1777 2236 1845 quin-

2340 596 2559 668 μαρείᾳ,
2620 595 2679 658 ὃς
2727 591 2796 666 ἦν
2839 593 2934 646 τοῦ
2973 591 3274 663 Ῥομελίου,
3315 593 3619 663 διαδέχεται
3677 594 3775 665 τὴν
3830 595 3922 665 βα-

2338 684 2544 738 σιλείαν
2582 684 2743 756 Ὠσηὲ
2771 682 2885 745 υίὸς
2920 682 3075 747 Ἦλᾶ,
3102 682 3340 752 πονηρὸς
3368 683 3530 755 ἀνὴρ,
3553 684 3645 737 καὶ
3669 688 3786 748 ταῖς
3809 686 3921 738 τῶν

2336 774 2627 845 δαιμονίων
2658 774 2896 838 ἀπάταις
2919 774 3259 845 ἐγκείμενος.
3292 767 3675 842 οῦ,διέποντος
3702 776 3801 847 τὴν
3832 778 3922 846 βα-

2340 863 2546 917 σιλείαν
2572 863 2740 932 ἀνέϐη
2766 863 3133 935 Σαλμανασάρ
3161 867 3190 918 6
3234 864 3520 937 Ἀσσύριος
3565 866 3707 920 κατὰ
3737 869 3919 939 πάσης

2338 954 2438 1024 τῆς
2463 955 2801 1025 Σαμαρείας,
2830 956 2925 1009 καὶ
2946 955 3289 1027 παραχρῆμα
3314 956 3414 1026 μὲν
3440 951 3587 1009 εἷλεν
3613 958 3706 1011 τὸν
3739 958 3918 1030 Ὠσηὲ,

2339 1047 2433 1100 καὶ
2466 1047 2524 1101 ἐν
2557 1046 2954 1112 οίκέτου’τάξει
2992 1048 3311 1120 πεποίηται·
3346 1049 3705 1121 καταδῃώσας
3737 1052 3795 1105 δὲ
3822 1054 3921 1124 τὴν

2340 1138 2525 1210 χώραν
2555 1138 2794 1203 ἃπασαν,
2820 1139 3044 1193 καὶτῶν
3070 1139 3204 1195 υἱῶν
3243 1141 3460 1213 Ἰσραὴλ
3485 1144 3769 1215 ἀποφήνας
3794 1147 3922 1216 ἐρήο

2344 1246 2473 1300 μην,
2507 1228 2829 1301 καθίστησιν
2867 1230 2981 1284 ἀντ’
3012 1230 3192 1286 αὐτῶν
3242 1232 3353 1285 τῶν
3408 1233 3552 1286 ἰδίων
3585 1234 3738 1298 τινας
3781 1237 3922 1289 ἐνοί-

2342 1339 2492 1385 κους,
2521 1322 2640 1393 ήτοι
2669 1322 2775 1376 τῶν
2816 1322 2922 1376 ὑπὸ
2950 1325 3127 1394 χεῖρα,
3162 1324 3255 1379 τόν
3285 1342 3346 1377 τε
3388 1325 3655 1396 Ἐκχουθά
3700 1328 3797 1382 καὶ
3828 1330 3923 1382 τὸν

2343 1414 2735 1485 Σαπφαρουῖαν
2760 1429 2774 1445 ·
2822 1414 2949 1485 ἔθνη
2988 1414 3046 1468 δὲ
3102 1409 3256 1486 οἶμαι
3305 1418 3463 1470 ταυτὶ
3510 1418 3776 1490 Περσικά.
3829 1421 3927 1473 Γέ-

2342 1524 2585 1578 γραπται
2617 1507 2727 1579 γάρ
2776 1506 2951 1571 οὕτως
2996 1509 3054 1561 ἐν
3096 1508 3301 1579 βίϐλοις
3338 1510 3657 1565 Βασιλειῶν.
3707 1512 3927 1583 Ταύτης

2344 1601 2474 1669 ἡμῖν
2523 1599 2764 1671 ἱστορίας
2812 1600 2911 1670 τὴν
2945 1600 3224 1672 ἀφήγησιν
3270 1601 3300 1652 6
3355 1601 3664 1673 προφήτης,
3709 1602 3921 1671 λέγων’

2350 1711 2368 1744 ι
2395 1693 2534 1746 Τάδε
2567 1692 2717 1761 λέγει
2746 1692 2983 1765 Κύριοςο
3014 1694 3090 1747 Οὐ
3130 1694 3203 1764 μὴ
3227 1693 3461 1767 ὲμμείνῃ
3494 1696 3528 1766 ἡ
3556 1693 3717 1766 βουλὴ
3762 1695 3925 1765 αὕτη,

2344 1784 2466 1837 οὐδὲ
2499 1784 2672 1849 ἔσται,
2714 1783 2830 1837 ἀλλ’
2860 1785 2894 1855 ἡ
2936 1783 3147 1856 κεφαλὴ
3184 1783 3427 1855 Ἐφραῒμ
3466 1786 3781 1857 Δαμασκὸς,
3833 1787 3927 1838 καὶ

664 1890 770 1945 que
791 1874 1009 1928 deﬁciet
1036 1887 1259 1942 regnum
1285 1869 1538 1939 Ephraim
1562 1885 1590 1922 a
1618 1868 1834 1939 populo.
1864 1887 1883 1919 ι
1913 1867 1979 1920 Ει
2006 1868 2230 1922 obscura

2349 1878 2380 1948 ἡ
2415 1876 2622 1947 κεφαλὴ
2678 1850 2972 1947 Δαμασκοῦ
3017 1850 3328 1947 ήῬαασσίμλ
3375 1850 3489 1931 ἀλλ’
3534 1850 3615 1931 ἐτι
3664 1877 3927 1948 ἑξήκοντα

664 1966 881 2036 quidem
912 1974 996 2017 est
1023 1964 1313 2016 verborum
1352 1969 1655 2027 structura,
1687 1968 1743 2013 at
1767 1961 1908 2015 hunc
1938 1960 1990 2013 in
2020 1960 2237 2012 modum

665 2056 1005 2124 assequenda
1035 2062 1118 2108 est
1143 2069 1157 2105 :
1196 2053 1392 2122 Caput,
1420 2051 1617 2121 inquit,
1645 2055 1831 2115 Aram,
1856 2052 1907 2105 id
1938 2060 2022 2105 est
2050 2048 2237 2120 Syriae.

668 2149 986 2203 Damascus.
1042 2145 1359 2212 Metropolis
1392 2145 1537 2199 enim
1594 2144 1767 2215 Syria:
1814 2142 2131 2205 Damascus,
2187 2150 2243 2195 et

668 2250 833 2310 caput
862 2237 1114 2293 Damasci
1153 2236 1475 2299 Rhaassim,
1518 2236 1568 2289 id
1603 2246 1685 2289 est
1722 2235 2028 2290 lihaasson.
2075 2233 2245 2304 Caput

667 2330 932 2398 siquidem
966 2327 1206 2399 regionis
1250 2338 1306 2383 et
1336 2328 1573 2382 civitatis
1609 2336 1715 2389 est,
1769 2328 1858 2396 qui
1913 2340 2134 2396 regnum
2189 2324 2241 2378 in

667 2422 787 2476 illos
811 2422 969 2493 gerit.
1023 2422 1089 2475 Et
1122 2434 1345 2491 regnum
1396 2419 1647 2488 Ephraint
1684 2417 1901 2474 deﬁciet
1936 2433 1966 2472 a
1997 2416 2193 2487 populo
2226 2432 2242 2483 ;

664 2514 723 2568 in
779 2514 937 2567 annis
990 2512 1271 2582 sexaginta
1332 2519 1387 2565 et
1448 2511 1686 2579 quinque
1747 2507 1963 2564 deﬁciet
2018 2520 2242 2577 regnum

670 2605 960 2674 Ephraim,
986 2604 1041 2657 id
1063 2608 1147 2658 est
1171 2600 1368 2666 Israel;
1394 2600 1612 2656 deﬁciet
1632 2614 1850 2670 quoque
1870 2608 2030 2668 caput
2055 2600 2241 2661 Aram,

668 2696 722 2751 id
756 2705 838 2752 est
866 2695 1179 2761 Damascus,
1210 2703 1266 2749 et
1310 2703 1473 2763 caput
1506 2693 1775 2756 Damasci,
1814 2692 1865 2745 id
1918 2700 2002 2746 est
2035 2690 2246 2745 Rhaas-

669 2802 789 2843 son.
829 2786 982 2853 Cepit
1029 2785 1194 2848 enim,
1231 2791 1290 2839 ut
1342 2785 1474 2849 dixi,
1527 2781 2074 2854 Theglaphallasarus
2138 2782 2246 2836 Da-

670 2891 912 2932 mascum
942 2885 998 2930 et
1027 2875 1331 2941 Rhaasson,
1357 2883 1412 2929 et
1442 2873 1880 2940 Salmanasarus,
1915 2872 2109 2928 Oseam
2147 2887 2240 2926 re-

669 2985 790 3042 gem
830 2967 1116 3038 Ephraim,
1159 2967 1276 3022 sive
1324 2966 1561 3031 lsraelis,
1612 2974 1668 3021 et
1708 2963 2087 3026 Somorrham,
2134 2962 2249 3017 sive

671 3060 1002 3121 Samariam,
1032 3056 1400 3113 communiter
1425 3066 1683 3112 currente
1714 3066 1773 3112 et
1800 3056 2130 3110 inserviente
2158 3053 2249 3108 illo

2344 1965 2438 2016 καὶ
2471 1964 2633 2017 πέντε
2686 1964 2824 2017 ὲτῶν
2874 1964 3113 2036 ἐκλείψει
3166 1967 3199 2035 ὴ
3247 1965 3493 2034 βασιλεία
3536 1966 3775 2038 Ἐφραίμ
3821 1969 3928 2019 ἀπὸ

2343 2055 2529 2110 λαοῦ.»
2565 2056 2675 2108 Καὶ
2699 2057 2915 2128 ἀσαφὴς
2940 2057 3037 2127 μὲν
3066 2056 3229 2127 ἡτῶν
3244 2056 3442 2121 λέξεων
3472 2057 3734 2129 συνθήκη’
3766 2076 3932 2129 προσ-

2346 2146 2528 2201 ϐαλεῖν
2563 2148 2620 2201 δὲ
2658 2149 2763 2219 χρὴ
2824 2149 3068 2203 τοιῶσδε·
3119 2149 3185 2201 Ἦ
3214 2150 3425 2219 κεφαλὴ
3451 2190 3465 2214 ,
3497 2150 3683 2220 φησὶν,
3728 2151 3929 2221 Ἀρὰμ,

2345 2237 2489 2291 τοῦτ’
2524 2238 2641 2292 ἔστι
2688 2239 2786 2309 τῆς
2815 2240 3034 2310 Συρίας,
3068 2241 3380 2311 Δαμασκός.
3411 2241 3561 2313 καὶὴ
3591 2240 3802 2311 κεφαλὴ
3832 2245 3933 2294 Δα-

2349 2329 2560 2400 μασκοῦ
2609 2330 2902 2399 Ῥαασσὶμ,
2934 2331 3079 2383 τοῦτ’
3118 2331 3266 2385 ἔστιν
3289 2334 3318 2385 6
3367 2331 3681 2386 Ῥαασσών·
3719 2332 3932 2402 κεφαλὴ

2346 2422 2455 2492 γὰρ
2475 2422 2571 2491 τῆς
2590 2439 2649 2474 τε
2671 2420 2852 2493 χώρας
2893 2423 2985 2476 καὶ
3004 2423 3103 2494 τῆς
3132 2422 3340 2487 πόλεως
3358 2426 3386 2476 6
3411 2424 3709 2495 βασιλεύων
3728 2426 3931 2479 αὐτῶν.

2347 2514 2457 2567 Καὶ
2491 2515 2523 2585 ὴ
2561 2514 2806 2584 βασιλεία
2844 2514 2902 2568 δὲ
2944 2513 3182 2586 Ἐφραῒμ
3224 2515 3466 2586 ἐκλείψει
3504 2517 3611 2569 ἀπὺ
3652 2516 3824 2570 λαοῦ⁹
3858 2520 3934 2572 ἔτι

2349 2605 2609 2677 ἐξήκοντα
2626 2607 2720 2659 καὶ
2743 2606 2903 2661 πέντε
2922 2608 3059 2661 ὲτῶν
3075 2608 3312 2678 ἐκλείψει
3335 2610 3368 2679 ἡ
3394 2607 3640 2679 βασιλεία
3670 2612 3931 2683 Ἐφραῒμ,

2346 2698 2490 2751 τοῦτ’
2542 2698 2692 2763 ἐστι,
2733 2698 2828 2752 τοῦ
2883 2700 3131 2771 Ἰσραήλ·
3194 2700 3438 2770 ἐκλείψει
3497 2703 3592 2755 καὶ
3641 2705 3675 2774 ή
3726 2706 3936 2776 κεφαλὴ

2363 2791 2562 2862 Ἀρὰμ,
2589 2790 2735 2844 τοῦτ’
2770 2791 2916 2845 ἔστιν
2955 2793 2988 2863 ἡ
3028 2792 3340 2863 Δαμασκὸς,
3373 2795 3466 2847 καὶ
3504 2796 3536 2866 ἡ
3578 2797 3789 2866 κεφαλὴ
3834 2802 3938 2848 Aa-

2354 2884 2587 2955 μασκοῦ,
2640 2885 2785 2938 τοῦτ’
2840 2884 2986 2937 ἐστιν
3039 2885 3068 2937 6
3118 2885 3418 2943 Ῥαασσών.
3464 2883 3626 2941 Εἶλεν
3679 2889 3812 2959 γὰρ,
3865 2890 3938 2952 ὡς

2352 2974 2510 3045 ἔφην,
2541 2976 2570 3027 6
2616 2975 2713 3045 μὲν
2770 2974 3239 3047 Θεγλαφαλλασάρ
3272 2979 3371 3048 τήν
3412 2994 3473 3030 τε
3520 2980 3812 3049 Δαμασκὸν
3845 2981 3937 3031 καὶ

2351 3067 2442 3120 τὸν
2480 3065 2782 3131 Ῥαασσὼν,
2816 3068 2844 3119 6
2878 3067 2933 3120 δὲ
2981 3067 3345 3141 Σαλμανασάρ
3376 3069 3465 3123 τὸν
3507 3071 3664 3141 Ὠσηὲ
3714 3071 3939 3141 βασιλέα

671 3152 866 3218 verbo,
896 3148 1116 3219 Deﬁciet
1145 3165 1164 3203 :
1198 3161 1255 3205 et
1280 3158 1442 3220 caput
1491 3148 1746 3218 prraim
1799 3147 1993 3201 civitas
2028 3145 2245 3200 Somor-

2365 3159 2626 3231 Ἐφραῖμ,
2664 3160 2782 3230 ἦτοι
2828 3160 2922 3214 τοῦ
2965 3161 3201 3232 Ἰσραὴλ,
3243 3163 3337 3214 καὶ
3368 3163 3466 3233 τὴν
3507 3165 3785 3236 Σομόρων,
3821 3167 3940 3236 ἦτοι

670 3243 921 3306 rhorum,
951 3240 1168 3295 deﬁciet
1208 3255 1422 3295 rursus.
1448 3240 1623 3309 Caput
1651 3248 1828 3292 autem
1858 3235 2109 3304 Ephraim
2148 3234 2249 3289 So-

673 3334 899 3389 morrha
930 3343 1110 3397 vocat,
1146 3333 1195 3385 id
1233 3341 1317 3386 est
1346 3330 1671 3385 Samariam.
1718 3327 1885 3381 Mater
1925 3327 2068 3380 enim
2101 3327 2252 3395 prin-

674 3438 910 3493 cepsque
938 3425 1131 3478 civitas
1151 3422 1414 3477 Samaria:
1440 3420 1755 3474 Somorrha.
1782 3418 2039 3487 Ephraim
2072 3427 2249 3471 autem

673 3514 888 3585 quando
917 3513 1068 3573 dicit,
1099 3511 1347 3566 lsraeletn
1388 3517 1571 3574 notat;
1638 3516 1692 3562 et
1731 3517 1885 3578 caput
1931 3504 2251 3560 Somorrha-

674 3620 795 3660 rttm
832 3605 973 3659 ﬁlius
1004 3602 1364 3667 Bonneliae,’id
1394 3612 1474 3656 est
1509 3600 1727 3655 Phacee
1755 3618 1768 3653 :
1803 3598 1941 3653 redit
1970 3612 2035 3652 ac
2063 3611 2249 3650 recur-

673 3695 748 3749 rit
779 3694 974 3747 iterum
1016 3691 1140 3745 illnd
1172 3691 1375 3760 deﬁciet
1410 3692 1461 3745 in
1492 3689 1764 3745 omnibus.
1795 3687 2052 3757 Adjungit
2087 3698 2250 3756 porro

672 3786 862 3841 hisce:
895 3802 913 3835 ι
951 3783 1019 3837 Ει
1062 3783 1107 3836 si
1139 3798 1241 3836 non
1296 3782 1663 3846 credideritis,
1712 3796 1818 3835 non
1862 3778 2194 3848 intelligetis.
2226 3795 2245 3827 ι

672 3876 742 3932 Ει
776 3878 889 3931 hac
919 3876 1138 3945 quidem
1170 3891 1275 3930 non
1314 3875 1587 3929 immerito
1618 3874 1890 3928 dicuntur.
1923 3870 2131 3925 Etenim
2160 3869 2250 3938 qui

674 3966 769 4022 Dei
808 3970 1031 4021 verbum
1079 3976 1305 4034 propter
1339 3962 1775 4029 incredulitatem
1797 3969 2030 4014 onerant
2058 3969 2252 4014 contu-

673 4056 877 4119 meliis,
912 4055 967 4109 hi
1002 4055 1313 4123 cognitione
1343 4053 1463 4119 ejus
1485 4052 1692 4120 praediti
1726 4065 1844 4105 esse
1870 4064 1973 4102 non
2004 4055 2251 4117 possunt.

676 4146 905 4217 Oportet
931 4144 1093 4214 igitur
1138 4144 1523 4197 incunctanter
1569 4141 1811 4209 recipere
1840 4154 1960 4208 qua:
1991 4136 2250 4191 exhiben-

676 4248 766 4294 tur
793 4254 821 4292 a
852 4238 985 4301 Deo,
1017 4248 1217 4305 etquae
1269 4234 1557 4303 pollicetur
1604 4246 1669 4286 ac
1712 4229 1973 4299 loquitur,
2018 4228 2103 4282 his
2154 4241 2253 4281 an-

675 4344 848 4385 nuere
880 4329 1155 4383 alacriter.
1191 4322 1270 4378 Ita
1310 4324 1465 4379 nobis
1501 4323 1661 4376 inerit
1700 4320 1936 4391 cognitio
1984 4318 2150 4382 bona,
2198 4323 2253 4371 ct

675 4431 909 4477 mentem
946 4429 1191 4501 nostram
1222 4415 1516 4470 illustrabit
1552 4413 1641 4468 lux
1673 4412 1954 4484 sapientia:
2002 4407 2141 4479 ejus.

744 4629 910 4683 Vens.
952 4626 1033 4681 10.
1069 4622 1135 4676 Et
1161 4621 1387 4691 perrexit
1412 4620 1663 4675 Dominus
1714 4619 1860 4687 loqui
1898 4618 2133 4685 Achazo,
2160 4619 2249 4672 di-

673 4734 832 4778 cens:
861 4715 1192 4773 Postulatibi
1220 4715 1431 4784 signum
1480 4730 1510 4765 a
1536 4712 1646 4767 Deo
1684 4712 1843 4780 120
1873 4720 1985 4774 tuo,
2023 4711 2081 4764 in
2129 4726 2251 4779 pro-

674 4812 919 4881 fundum,
965 4808 1041 4863 vel
1090 4811 1145 4862 in
1183 4808 1465 4861 excelsum.
1502 4802 1569 4856 Et
1603 4804 1739 4856 dixit
1782 4803 1963 4855 Acha;
1987 4817 2006 4856 :
2041 4801 2250 4873 Nequa-

671 4918 828 4973 quam
856 4901 1157 4969 postulabo,
1187 4912 1515 4969 nequaquam
1540 4895 1748 4949 tentabo
1782 4893 2086 4949 Dominum.

744 4993 966 5049 Achazo
1002 4992 1254 5046 thronum
1286 4989 1435 5059 regni
1460 4988 1739 5042 obtinente
1763 4985 2177 5059 Hierosolymis,
2195 4995 2251 5043 et

672 5086 741 5140 ad
768 5084 1181 5139 eﬂ‘renationem
1211 5083 1496 5151 quamdam
1542 5079 1697 5135 valde
1730 5079 2000 5149 prolapso,
2039 5089 2095 5134 et
2137 5081 2249 5134 da:-

672 5177 979 5232 niouiorum
1007 5174 1241 5231 cultibus
1272 5172 1423 5227 falsis
1458 5171 1888 5236 adhaerescente,
1926 5186 2046 5227 eum
2073 5170 2247 5225 omni-

670 5268 774 5325 bus
808 5267 981 5322 modis
1014 5274 1241 5320 conatur
1271 5265 1337 5319 ad
1379 5263 1574 5319 melius
1608 5264 1914 5327 traducere,
1936 5276 1991 5318 et
2023 5273 2081 5317 ut
2115 5264 2250 5318 veri-

671 5357 801 5412 tatis
834 5356 1122 5427 0piniones
1172 5362 1516 5409 consectetur
1551 5369 1617 5409 ac
1655 5354 1860 5423 cupiat,
1896 5362 1950 5406 et
1984 5362 2131 5408 recta
2183 5353 2249 5409 de

670 5448 782 5502 Deo
809 5446 1013 5501 sentire
1042 5444 1190 5499 velit.
1217 5442 1485 5509 Quoniam
1521 5445 1683 5513 igitur
1713 5443 1976 5498 idolorum
2009 5443 2246 5498 cultores

670 5538 1007 5608 ntagnifecit,
1036 5552 1102 5591 ac
1131 5550 1275 5590 cum
1307 5534 1599 5604 studioque
1627 5534 1676 5590 ei
1721 5533 1821 5588 fuit
1859 5550 2038 5590 rerum
2081 5551 2249 5591 cveno

670 5642 756 5684 tus
777 5628 1048 5683 curiosius
1065 5624 1324 5690 scrutari,
1341 5635 1395 5681 et
1416 5640 1482 5680 ex
1506 5626 1682 5681 sacris
1706 5626 1975 5681 sciscitari
2002 5627 2243 5695 oracula,

668 5721 956 5787 verbisque
983 5716 1240 5773 falsorum
1285 5727 1469 5770 vatum
1512 5716 1804 5783 ludiﬁcari,
1846 5720 2101 5787 periculis
2149 5720 2241 5773 im-

664 5806 1049 5879 pendentibus,
1073 5805 1346 5863 Acbazum
1377 5806 1490 5865 haec
1529 5807 1838 5865 molientem
1864 5812 2092 5865 retrahit
2120 5820 2245 5867 ante

2356 3251 2689 3322 Σαμαρείαν,
2729 3251 2837 3304 ἀπὸ
2870 3253 3050 3306 κοινοῦ
3081 3254 3367 3324 τρέχοντος
3397 3254 3458 3307 τὸ
3502 3255 3807 3324 ἐκλείψει·
3848 3258 3941 3310 καὶ

2354 3344 2387 3414 ἡ
2417 3344 2627 3415 κεφαλὴ
2660 3344 2716 3397 δὲ
2765 3345 3005 3416 Ἐφραῒμ
3037 3347 3293 3418 Σομόρων
3327 3348 3563 3419 ἐκλείψει
3597 3350 3784 3406 πάλιν.
3834 3353 3942 3404 Κε-

2360 3435 2535 3505 φαλὴν
2556 3436 2612 3488 δὲ
2653 3435 2891 3507 Ἐφραίμ
2914 3437 2982 3490 τὰ
3026 3437 3242 3509 Σόμορα
3287 3440 3462 3505 καλεῖ,
3498 3440 3643 3496 τοῦτ’
3676 3441 3789 3494 ἔστι
3846 3443 3944 3514 τὴν

2354 3526 2699 3597 Σαμαρείανο
2768 3526 3104 3598 μητρόπολις
3164 3530 3272 3602 γὰρ
3330 3532 3641 3603 Σαμαρείας
3698 3533 3939 3606 Σὸμορα.

2367 3617 2608 3689 Ἐφρσῒμ
2634 3619 2691 3671 δὲ
2719 3619 2845 3672 ὃταν
2870 3620 3038 3689 λέγει,
3066 3621 3155 3674 τὸν
3194 3623 3411 3695 Ἰσραὴλ
3451 3624 3631 3694 δηλοῖ·
3667 3626 3760 3678 καὶ
3782 3629 3815 3696 ἡ
3851 3645 3941 3679 κε-

2354 3711 2497 3781 φαλὴ
2546 3712 2802 3781 Σομόρων
2861 3711 2977 3776 υἱὸς
3033 3711 3127 3765 τοῦ
3156 3713 3484 3783 .⁹Ρομελίου,
3540 3715 3685 3769 τοῦτ’
3716 3716 3867 3768 ἔστιν
3918 3720 3944 3770 6

2351 3801 2527 3853 Φακεέ
2549 3814 2564 3829 ·
2591 3800 2775 3870 τρέχει
2808 3800 2865 3853 δὲ
2915 3801 3078 3855 πάλιν
3107 3803 3168 3854 τὸ
3208 3803 3481 3872 ἐκλείψει
3526 3804 3667 3859 κατὰ
3699 3808 3940 3860 πάντων.

2354 3890 2701 3961 Προσεπάγει
2728 3889 2786 3941 δὲ
2816 3890 3045 3955 τούτοις·
3071 3909 3088 3941 ι
3113 3891 3222 3944 Καὶ
3243 3891 3337 3945 ἐὰν
3365 3893 3438 3964 μὴ
3460 3893 3809 3965 πιστεύσητε,
3835 3895 3943 3948 ο;δ“

2352 3982 2412 4033 ού
2442 3981 2516 4052 μὴ
2549 3982 2766 4053 συνῆτε.
2806 3983 2991 4052 »Ἔχει
3017 3982 3071 4035 δὲ
3095 3983 3189 4036 καὶ
3212 3984 3418 4055 σφόδρα
3447 3984 3506 4037 τὸ
3535 3985 3679 4049 είκδς
3705 3988 3733 4038 6
3765 3986 3942 4053 λόγος.

2354 4070 2479 4131 Τοῖς
2506 4070 2614 4142 γὰρ
2639 4074 2758 4134 ταῖς
2795 4072 3077 4134 ἀπιστίαις
3106 4073 3518 4144 περιυϐρίζουσι
3556 4074 3647 4127 τὸν
3674 4076 3768 4128 τοῦ
3805 4078 3942 4129 Θεοῦ

2353 4162 2533 4229 λόγον,
2563 4162 2672 4214 οὐδ’
2706 4162 2770 4215 ἂν
2813 4162 3089 4231 ἐγγένοιτο
3123 4164 3335 4228 σύνεσις
3366 4166 3398 4235 ἡ
3444 4165 3596 4237 παρὰ
3633 4167 3818 4221 αὑτοῦ.
3858 4171 3946 4220 Δεῖ

2354 4252 2643 4322 τοιγαροῦν
2679 4251 2943 4322 ἀμελλητὶ
2975 4252 3225 4322 δέχεσθαι
3250 4254 3319 4308 τὰ
3361 4255 3511 4327 παρά
3536 4257 3693 4319 Θεοῦ,
3737 4260 3833 4311 καὶ
3864 4254 3944 4323 οἷς

2355 4344 2420 4399 ἂν
2442 4346 2788 4416 ὑπισχνεῖται
2817 4345 2912 4397 καὶ
2958 4344 3111 4398 λαλεῖ
3148 4347 3422 4401 συννεύειν
3459 4348 3712 4418 ἑτοίμως.
3748 4352 3944 4404 Ἔσται

2356 4436 2464 4508 γὰρ
2498 4438 2554 4489 ἐν
2588 4439 2718 4506 ἡμῖν
2748 4434 2920 4498 οὕτως
2951 4438 2984 4506 ἡ
3020 4436 3234 4501 σύνεσις
3262 4439 3460 4509 ἀγαθὴ,
3487 4442 3581 4493 καὶ
3610 4444 3923 4513 περιαστρὰ

2287 4525 2330 4579 D
2358 4527 2448 4596 ψει
2477 4527 2568 4580 τὸν
2606 4526 2730 4582 νοῦν
2758 4527 2859 4596 τῆς
2884 4532 3014 4599 παρ’
3052 4529 3218 4582 αὑτοῦ
3256 4531 3448 4599 σοφίας
3472 4533 3501 4584 6
3532 4533 3833 4604 φωτισμός.

2427 4618 2537 4671 Καὶ
2568 4617 2899 4686 προσέθετο
2933 4621 3151 4688 Κύριος
3189 4622 3462 4691 λαλῆσαι
3494 4623 3576 4689 τῷ
3608 4625 3801 4692 Ἀχαζ
3835 4626 3941 4678 .16-

2355 4727 2477 4780 των
2497 4723 2511 4738 ⁸
2533 4710 2787 4776 Αἵτησαι
2813 4710 3048 4776 σεαυτῷ
3078 4712 3331 4781 σημεῖον
3356 4715 3515 4782 παρὰ
3540 4718 3762 4784 Kvplov
3792 4718 3944 4772 Θεοῦ

2355 4813 2474 4852 σου
2502 4800 2591 4864 είς
2628 4797 2843 4866 βάθος,
2879 4801 2916 4869 ἢ
2955 4803 3042 4868 είς
3070 4802 3248 4871 ὕψος.
3292 4807 3400 4859 Καὶ
3428 4802 3599 4859 εἶπεν
3626 4807 3818 4876 Ἀχαζ·
3860 4810 3944 4863 Οὐ

2350 4889 2436 4961 μὴ
2467 4890 2714 4959 αίτήσω,
2750 4892 2889 4947 οὐδ’
2920 4896 2993 4947 οὐ
3012 4895 3097 4964 μὴ
3127 4895 3390 4964 πειράσω
3424 4900 3661 4967 Κύριον.

2426 4982 2566 5047 Τοὺς
2602 4984 2701 5055 τῆς
2736 4983 3015 5054 βασιλείας
3042 4984 3296 5039 διέποντα
3324 4985 3524 5051 θάκους
3554 4991 3612 5041 ὲν
3632 4990 3743 5052 τοῖς
3780 4990 3944 5061 Ἰερο-

2358 5073 2615 5144 σολύμοις
2672 5076 2763 5128 τὸν
2810 5074 3009 5146 Ἀχαξ,
3051 5077 3145 5129 καὶ
3188 5076 3324 5130 πολὺ
3372 5077 3489 5131 λίαν
3542 5079 3945 5135 ἀπονευευκὸτα

2358 5168 2493 5239 πρὸς
2524 5170 2584 5222 τὸ
2624 5168 2857 5239 ἐξήνιον,
2889 5169 2983 5223 καὶ¹
3016 5171 3096 5232 είς
3130 5169 3190 5222 τὸ
3228 5168 3587 5238 προσκεῖσθαι
3617 5171 3791 5240 φιλεῖν
3820 5176 3945 5237 ταῖς

2354 5259 2463 5312 τῶν
2493 5259 2786 5329 δαιμονίων
2824 5258 3287 5331 ψευδολατρείαις,
3324 5259 3412 5313 διὰ
3458 5261 3655 5325 παντὸς
3685 5264 3947 5333 πειρᾶται

2352 5350 2558 5421 τρόπου
2614 5350 3003 5420 μετακομίζειν
3042 5351 3135 5402 ἐπὶ
3174 5350 3235 5403 τὸ
3265 5349 3507 5421 ἄμεινον,
3548 5351 3642 5405 καὶ
3674 5352 3754 5415 εἷς
3782 5370 3845 5420 γε
3890 5355 3950 5406 τὸ

2353 5443 2463 5497 δεῖν
2492 5442 2602 5496 τῶν
2623 5444 2722 5512 τῆς
2750 5442 3009 5513 ἀληθείας
3036 5443 3320 5511 ἐφικέσθαι
3351 5422 3660 5513 δογμάτωνς,
3694 5446 3787 5496 καὶ
3810 5445 3950 5513 ὀρθὰ

2356 5538 2573 5606 φρονεῖν
2609 5536 2825 5589 ἑλέσθαι
2875 5536 3002 5607 περὶ
3048 5533 3206 5587 Θεοῦ.
3242 5534 3450 5587 Οὐκοῦν
3502 5535 3806 5606 ἐπειδήπερ
3833 5540 3947 5600 τοῖς

2352 5628 2463 5681 τῶν
2495 5628 2729 5684 είδώλων
2764 5629 3130 5700 θεραπευταῖς
3162 5628 3289 5698 περὶ
3318 5626 3516 5681 πολλοῦ
3550 5627 3815 5690 ὲτέθειτο,
3850 5631 3945 5684 καὶ

2352 5715 2506 5789 ἦνέν
2561 5721 2761 5790 σπουδῇ
2820 5720 2881 5773 τὸ
2931 5720 3128 5790 χρῆναι
3183 5717 3640 5792 περιεργάζεσθαι
3687 5721 3785 5782 τὰς
3836 5721 3944 5774 τῶν

2355 5811 2699 5881 πραγμάτων
2729 5811 3006 5876 ἐκϐάσεις,
3031 5812 3126 5864 καὶ
3157 5811 3442 5882 χρησμοὺς
3471 5810 3644 5865 αἰτεῖν
3669 5809 3728 5876 ἐξ
3757 5810 3939 5883 ἱερῶν,
