4742 6486
489 432 575 486 201
1601 430 1672 485 ΙΝ
1707 429 1946 487 ISAIAM
1985 429 2114 489 LIB.
2159 435 2200 490 Ι.
2240 435 2451 491 οῐὶΑΤ.
2483 435 2572 490 ιν.

3609 441 3716 497 2οΞ

489 546 574 600 καὶ
623 545 728 607 τοῖς
774 542 883 597 τῶν
932 544 1347 616 ψευδομάντεων
1409 546 1794 616 φενακίζεσθαι
1841 549 2041 618 λόγοις,
2073 556 2117 614 Α
2148 561 2202 606 et.
2247 557 2362 622 lmpt

1841 549 2041 618 λόγοις,
2073 556 2117 614 Α
2148 561 2202 606 et
2247 553 2488 622 impedit,
2524 553 2875 624 prmeipitque
2916 563 2978 608 ut
3017 569 3119 609 non
3168 553 3277 623 jam
3325 569 3393 610 ex
3436 558 3713 612 consuetis

489 636 726 692 κινδύνων
755 637 937 700 αὐτοῖς
967 638 1381 709 ἐπηρτημένων,
1413 639 1813 711 προανακόπτει
1844 641 2043 713 τρόπον

489 728 597 781 τινὰ
629 727 779 780 τοῦτο
811 728 1072 798 μέλλοντα
1104 733 1276 784 ποιεῖν
1305 731 1501 802 Ἀχαζ,
1525 731 1618 785 καὶ
1642 733 1775 805 πρὸς
1802 733 1864 788 τὸ
1887 751 2045 787 τετα-

489 820 624 890 χὲναι
663 837 710 872 τι
739 823 983 890 σημεῖον,
1017 821 1116 874 οὐκ
1149 824 1214 876 ἐκ
1243 823 1351 876 τῶν
1384 823 1628 894 συνηθῶν
1664 824 1842 878 αὐτῶν
1877 843 2043 897 τεμε-

490 915 601 976 νῶν,
637 911 740 966 οὐδ’
772 914 837 966 ἐκ
867 913 974 966 τῶν
1009 912 1422 984 ψευδομάντεων
1448 914 1548 978 ἔτι,
1589 913 1786 986 μᾶλλον
1810 915 1867 969 δὲ
1891 915 2043 987 παρὰ

491 1005 674 1076 Κυρίου
696 1004 790 1057 τοῦ
817 1003 976 1058 Θεοῦ.
1011 1005 1120 1058 Καὶ
1145 1005 1235 1058 τὸν
1267 1009 1366 1075 τῆς
1405 1006 1673 1077 αἰτήσεως
1697 1006 1897 1078 τρόπον
1921 1009 2043 1072 ταῖς

491 1095 634 1150 αὐτοῦ
680 1096 879 1167 ψήφοις
924 1097 1336 1168 ἀπονενέμηκεν
1366 1097 1534 1150 εἰπών
1557 1117 1571 1130 ο
1607 1117 1624 1149 ι
1668 1096 1764 1163 Εἰς
1796 1098 1956 1169 βάθος
2003 1098 2037 1170 ἢ

488 1187 558 1249 εἰς
583 1184 726 1254 ὕψος,
761 1204 780 1236 ι
811 1183 957 1238 τοῦτ’
986 1185 1153 1252 ἐστιν,
1187 1185 1220 1256 ἢ
1247 1186 1328 1248 εἰς
1355 1185 1601 1257 οὐρανὸν,
1627 1187 1660 1258 ἢ
1687 1189 1767 1251 είς
1790 1191 1912 1259 γῆν.
1945 1189 2038 1242 καὶ

488 1278 546 1330 τὰ
566 1276 639 1329 ἔτι
670 1277 984 1347 κατωτέρω.
1015 1278 1132 1340 Καὶ,
1172 1276 1660 1349 πεπληροφόρηκεν
1707 1277 1793 1331 διὰ
1825 1278 2036 1345 τούτου,

488 1369 570 1420 καὶ
589 1367 761 1419 δίδωσι
784 1370 944 1429 νοεῖν,
972 1368 1055 1420 ὅτι
1085 1365 1217 1430 Θεὸς
1248 1366 1507 1438 ὑπάρχων
1534 1368 1640 1421 τῶν
1665 1369 1800 1422 ὅλων
1819 1371 1911 1422 καὶ
1932 1369 2040 1424 Κύ-

485 1472 608 1526 ριος,
636 1454 720 1506 ἐπ’
766 1455 1012 1520 ἐξουσίας
1058 1455 1350 1524 ἐργάζεται
1382 1456 1444 1509 τὸ
1472 1456 1684 1520 δοκοῦν,
1721 1457 1824 1511 κᾶν
1855 1460 1962 1512 εἴτε
1986 1477 2037 1512 τι

486 1546 580 1599 τῶν
630 1547 684 1598 ἐν
709 1545 926 1616 οὐρανῷ
973 1546 1190 1615 βλέπειν
1243 1546 1506 1617 βούλοιτο,
1541 1547 1642 1602 κᾶν
1673 1548 1784 1602 εἴτε
1830 1568 1880 1604 τι
1928 1551 2038 1607 τῶν

485 1639 567 1690 ἐπὶ
585 1638 675 1708 τῆς
698 1636 824 1706 γῆς.
850 1638 1201 1708 Παραιτεῖταί
1221 1655 1284 1708 γε
1311 1640 1418 1710 μὴν
1438 1640 1466 1692 ὁ
1481 1641 1674 1710 Ἀχαζ,
1695 1642 1791 1712 οὐχ
1811 1642 1886 1706 ὡς
1907 1642 2038 1696 Θεὸν

458 1716 797 1799 αἰδούμενος,
835 1729 1200 1800 περιυϐρίζων
1231 1731 1288 1784 δὲ
1339 1730 1538 1800 μᾶλλον
1578 1732 1606 1784 ό
1647 1732 1894 1798 δείλαιος,
1935 1733 2038 1787 κᾶν

485 1822 527 1872 εἰ
547 1822 648 1883 τοίς
670 1817 727 1884 ἐξ
748 1819 1033 1882 εύλαὸείας
1054 1820 1464 1888 ἐπισεμνύνοιτο
1493 1821 1689 1890 λόγοις.
1720 1823 1796 1875 Ού
1824 1823 1931 1894 γὰρ
1959 1823 2036 1894 μὴ

2147 642 2248 698 sibi
2271 643 2532 708 delubris,
2569 659 2673 698 non
2720 658 2788 699 ex
2813 645 2968 700 vanis
2997 646 3232 712 vatibus,
3269 646 3362 701 sed
3399 661 3429 700 a
3475 645 3712 701 Domino

2143 731 2255 790 Deo
2285 734 2467 802 potius
2492 736 2701 804 signum
2738 744 2903 804 petat.
2947 734 3129 791 Genus
3169 736 3333 790 etiam
3381 747 3436 792 ct
3484 737 3708 792 modum

2144 825 2418 894 petitionis
2463 827 2704 895 assignat
2739 841 2833 880 sua
2871 826 3162 891 sententia,
3200 841 3322 908 cum
3375 828 3507 882 dicit
3539 845 3552 881 :
3589 846 3610 880 ι
3651 827 3711 884 In

2143 917 2494 988 profundum,
2527 919 2612 975 vel
2653 921 2707 974 in
2751 920 3047 984 excelsum,
3086 939 3105 973 ι
3143 921 3248 976 hoc
3278 929 3384 986 est,
3425 922 3477 976 in
3510 921 3708 977 cmlum

2143 1009 2229 1065 vel
2255 1010 2307 1064 in
2343 1022 2567 1078 terram,
2608 1021 2772 1082 atque
2802 1013 2934 1068 adeo
2967 1012 3244 1068 inferiora.
3271 1013 3480 1081 Quibus
3527 1009 3712 1069 verbis

2138 1102 2339 1170 probat
2369 1117 2435 1157 ac
2465 1103 2761 1173 signiﬁcat,
2786 1109 2957 1161 Deum
2989 1119 3112 1160 esse
3141 1104 3510 1159 universitatis
3537 1102 3710 1160 Domi-

2141 1209 2294 1258 num,
2342 1205 2395 1248 et
2433 1208 2531 1266 per
2574 1205 2892 1264 potestatem
2935 1204 2990 1250 et
3034 1195 3409 1250 auctoritatem
3448 1192 3710 1265 quidquid

2141 1283 2314 1338 visum
2376 1293 2460 1338 est
2512 1284 2750 1350 efficere,
2791 1287 2905 1340 sive
2976 1301 3156 1340 rerum
3209 1285 3539 1348 caelestium,
3593 1284 3710 1340 sive

2154 1376 2488 1430 terreat-inm
2571 1377 3009 1446 procurationem
3092 1376 3324 1431 voluerit
3405 1378 3705 1444 suscipere.

2138 1467 2897 1538 RepudiatdeindeAchazus,
2916 1485 3020 1524 non
3047 1469 3199 1540 quasi
3219 1469 3382 1523 Deum
3407 1468 3698 1533 reveritus,

2137 1559 2232 1611 sed
2262 1559 2587 1614 contumelia
2612 1561 2790 1628 potius
2811 1559 3054 1617 afficiens
3082 1561 3267 1626 miser,
3288 1558 3503 1615 etiamsi
3529 1559 3708 1614 verbis

2140 1647 2242 1716 piis
2271 1658 2324 1702 et
2353 1649 2620 1719 religiosis
2643 1650 2926 1721 glorietur.
2953 1651 3067 1706 Non
3091 1651 3259 1718 enim,
3280 1653 3477 1721 inquit,
3504 1660 3706 1723 petam.

2140 1755 2238 1794 nec
2257 1743 2476 1796 tentabo
2495 1742 2801 1796 Dominum.
2823 1742 2953 1796 Nam
2981 1759 3104 1798 cum
3124 1744 3346 1814 jubente
3366 1743 3476 1798 Deo
3499 1752 3705 1812 petere,

2139 1831 2183 1885 si
2219 1840 2400 1901 petere
2432 1833 2607 1896 nolis,
2659 1835 2804 1904 sapit
2841 1833 3180 1888 manifestam
3214 1835 3546 1903 impietatem
3567 1873 3582 1895 ,
3631 1833 3710 1886 si-

485 1912 693 1981 αἰτήσω,
748 1911 936 1982 φησὶν,
978 1911 1089 1964 οὐδ’
1140 1913 1201 1964 ού
1259 1911 1333 1985 μὴ
1375 1913 1620 1986 πειράσω
1674 1913 1768 1966 τὸν
1813 1914 2037 1985 Κύριον.
2071 1925 2112 1980 8
2143 1922 2358 1977 mulats

1834 1914 2037 1985 ίύριον.
2071 1925 2112 1980 8
2143 1922 2310 1976 mulat
2341 1939 2401 1977 se
2426 1923 2568 1979 nolle
2607 1925 2782 1992 ipsum
2822 1934 3050 1990 tentare,
3098 1933 3158 1980 et
3201 1925 3366 1979 verba
3403 1925 3518 1978 fere
3566 1921 3707 1992 legis

495 2001 690 2072 Ἐπειδὴ
725 2003 837 2072 γὰρ
863 2001 998 2056 Θεοῦ
1023 2003 1447 2073 προστάττοντος
1476 2007 1668 2069 αἰτεῖν,
1692 2005 1752 2058 τὸ
1777 2005 1850 2076 μὴ
1874 2008 2043 2059 αἰτεῖ-

486 2094 596 2148 σθαι
625 2093 796 2147 θέλειν
829 2095 1059 2168 ἐναργὲς
1091 2095 1203 2165 ἔχει
1230 2096 1290 2149 τὸ
1323 2096 1601 2162 δυσσεϐὲς,
1642 2097 2042 2154 ύποπλάττεται

485 2184 538 2236 τὸ
571 2186 646 2254 μὴ
679 2184 974 2255 πειρᾶσθαι
1025 2184 1198 2238 θέλειν
1238 2183 1420 2252 αὑτὸν,
1456 2185 1546 2239 καὶ
1587 2188 1809 2257 νομικὸν
1852 2186 2040 2260 ὥσπερ

485 2277 777 2348 προΐσχεται
809 2277 998 2346 λόγον·
1046 2296 1065 2329 ι
1100 2279 1173 2331 Οὐ
1201 2277 1310 2350 γὰρ
1340 2279 1689 2350 ἐκπειράσεις
1716 2279 1921 2350 Κύριον
1945 2281 2037 2334 τὸν

486 2369 600 2422 Θεόν
640 2385 750 2423 σου.
801 2387 820 2421 ι
861 2369 1055 2422 Καίτοι
1108 2367 1224 2432 πῶς
1275 2370 1373 2440 οὐχ
1415 2369 1750 2424 άπαστισοῦν
1797 2371 1899 2441 τῆς
1943 2370 2039 2426 τοῦ

488 2458 641 2531 Ἀχαζ
691 2461 1017 2532 σκαιότητος
1071 2459 1401 2531 καταϐοήσει
1455 2459 1642 2529 λόγος;
1703 2460 1880 2514 Αὐτοῦ
1931 2462 2042 2531 γὰρ

485 2555 700 2621 ἐφιέντος
736 2554 911 2607 αἰτεῖν
941 2550 1035 2605 τοῦ
1079 2550 1240 2613 Θεοῦ,
1286 2550 1403 2613 πῶς
1428 2550 1528 2603 οὐκ
1570 2551 1791 2620 ἄμεινον
1833 2550 1896 2604 τὸ
1919 2552 2038 2604 ἐλέ-

488 2644 590 2698 σθαι
617 2644 815 2716 μᾶλλον
857 2644 1036 2696 ἐκεῖνο
1077 2641 1232 2714 δρᾷν,
1263 2641 1292 2694 δ
1324 2640 1711 2712 προστέταχεν,
1739 2641 1773 2712 ἢ
1815 2641 2039 2712 δυστρό-

484 2753 586 2798 arm;
613 2734 997 2805 εὑρεσιλογεῐν,
1043 2732 1138 2786 καὶ
1190 2732 1461 2802 πρόφασιν
1499 2730 1807 2794 εὐπειθείας
1865 2735 2038 2785 ποιεί-

487 2825 592 2878 σθαι
627 2823 830 2895 σαθρὰν
865 2823 948 2891 τὸ,
985 2824 1058 2876 Ού
1101 2822 1176 2894 μὴ
1219 2822 1464 2893 πειράσω
1507 2819 1741 2894 Κύριον;
1784 2821 1921 2875 Ἀλλ’
1963 2817 2033 2894 ἦν

481 2917 507 2969 ό
531 2913 711 2978 σκοπὸς
740 2913 893 2984 αύτῷ
930 2917 1058 2978 τοὺς
1104 2913 1204 2984 μὲν
1247 2913 1451 2968 ἀνωθεν
1487 2914 1582 2968 καὶ
1611 2913 1762 2986 παρὰ
1788 2913 1922 2967 Θεοῦ
1954 2913 2033 2986 μὴ

486 3007 776 3079 προσίεσθαι
831 3007 1047 3075 λόγους,
1097 3007 1264 3077 ψήφῳ
1296 3006 1354 3058 δὲ
1405 3005 1603 3077 μᾶλλον
1649 3008 1716 3077 τῇ
1764 3006 2032 3077 κρείττονι

2139 2011 2422 2064 obtendit:
2461 2029 2480 2063 ι
2525 2010 2639 2066 Non
2691 2013 2839 2068 enim
2895 2014 3130 2068 tentabis
3188 2012 3478 2068 Dominum
3533 2003 3704 2066 De'um

2141 2100 2382 2155 tuum".
2441 2119 2462 2153 s
2531 2103 2723 2158 Annon
2764 2112 2949 2158 autem
3016 2113 3101 2157 est
3165 2103 3290 2158 huic
3353 2089 3700 2174 perversitati

2135 2190 2338 2245 Achaei
2375 2191 2534 2261 pleno
2562 2207 2658 2248 ore
2699 2193 3184 2250 reclamitandum?
3224 2193 3359 2248 Nam
3389 2209 3510 2251 eum
3563 2195 3704 2249 Deus

2137 2293 2322 2350 petere
2341 2281 2580 2350 juberet,
2607 2301 2783 2339 annon
2803 2284 3120 2354 praestabat,
3141 2285 3270 2340 illud
3292 2287 3433 2355 quod
3453 2285 3708 2352 praecepit

2139 2372 2359 2435 facere,
2409 2386 2572 2440 quam
2633 2373 2867 2442 maligne
2920 2373 3200 2442 captiones
3244 2373 3604 2437 comminisci,
3652 2381 3710 2427 et

2139 2463 2547 2518 excusationem
2609 2463 2987 2520 inobedientim
3051 2463 3300 2519 frivolam
3351 2473 3702 2534 praetexere,

2136 2553 2386 2607 scilicet:
2434 2551 2550 2606 Non
2586 2555 2807 2607 tentabo
2855 2553 3182 2608 Dominum?
3230 2553 3430 2609 Verum
3486 2553 3593 2610 hoc
3627 2552 3703 2609 illi

2139 2642 2190 2696 in
2221 2643 2402 2697 animo
2429 2653 2571 2708 erat,
2607 2659 2836 2713 superos
2859 2653 3022 2713 atque
3045 2643 3258 2699 divinos
3277 2657 3559 2699 sermones
3590 2657 3699 2698 non

2136 2732 2410 2801 amplecti,
2437 2734 2532 2788 sed
2564 2734 2907 2789 fatidicorum
2945 2734 3126 2802 potius
3151 2733 3509 2790 deliramenta
3541 2747 3704 2789 coro-

2137 2838 2291 2887 nare,
2317 2833 2372 2878 et
2398 2822 2718 2879 candidiore
2750 2823 2960 2879 calculo
2991 2822 3291 2892 anteferre,
3345 2824 3705 2895 auguriorum

2137 2927 2399 2981 responsa
2431 2914 2702 2971 curiosius
2739 2915 3030 2982 sciscitari,
3075 2924 3134 2972 et
3160 2915 3466 2972 demortua)
3511 2917 3707 2987 prasi-

2137 3005 2285 3060 dium
2324 3006 2637 3076 implorare.

486 3098 854 3169 στεφανοῢντας
915 3101 1005 3153 τὸν
1063 3101 1471 3171 χρησμολόγον,
1523 3101 1878 3171 ψευδοεπείας
1934 3101 2030 3154 καὶ
2067 3103 2189 3166 ταῖς
2231 3101 2436 3156 οίωνῶν
2479 3102 2621 3173 τάχα
2674 3119 2778 3156 που
2835 3103 3295 3175 περιεργάζεσθαι
3328 3118 3580 3178 πτησεσι,
3609 3105 3708 3161 καὶ

484 3194 564 3256 τὰς
588 3197 648 3248 ἐκ
671 3196 776 3249 τῶν
805 3195 1097 3266 δαιμονίων
1125 3195 1441 3266 ἐπικουρίας
1471 3198 1662 3252 αἰτεῖν.

541 3286 640 3339 Καὶ
681 3283 870 3340 εἶπεν
900 3259 912 3266 ’
946 3287 1261 3340 Ἀκούσατε
1299 3259 1412 3354 δὴ,
1469 3283 1636 3353 οἶκος
1683 3286 1880 3352 Δασὶὸ,
1942 3285 2030 3356 μὴ
2059 3292 2103 3350 C
2207 3259 2369 3342 Vens.
2402 3287 2414 3340 i

1831 3286 1880 3352 δ’,
1942 3285 2030 3356 μὴ
2059 3292 2103 3350 c
2207 3259 2369 3342 Vens.
2402 3285 2489 3342 i3.
2540 3284 2609 3339 Et
2649 3286 2783 3341 dixit
2808 3303 2828 3342 :
2863 3287 3074 3352 Audite,
3106 3289 3293 3345 domus
3341 3291 3514 3346 David
3535 3310 3554 3348 :
3582 3310 3704 3348 nstris

480 3378 669 3445 μικρὸν
693 3379 839 3448 ὑμῖν
858 3377 1061 3447 ἀγῶνα
1087 3376 1370 3447 παρέχειν
1395 3378 1726 3446 ἀνθρώποις
1746 3394 1766 3442 ;
1785 3378 1884 3432 καὶ
1909 3377 2036 3446 πῶς

484 3468 652 3533 Κυρίῳ
678 3468 971 3536 παρέχετε
1003 3465 1234 3536 ἀγῶνες
1263 3467 1368 3521 Διὰ
1393 3465 1568 3522 τοῦτο
1596 3466 1776 3522 δώσει
1819 3469 2036 3538 Κύριος

485 3557 642 3622 αὐτὸς
664 3559 806 3627 ὑμῖν
835 3558 1106 3627 σημεῖον.

553 3649 930 3720 ’Δπειρηκότος
954 3649 1049 3702 τοῦ
1081 3651 1256 3721 ’Δχαζ
1292 3649 1384 3703 τοῦ
1417 3650 1642 3722 σημείου
1666 3650 1765 3722 τὴν
1795 3649 2031 3722 αἴτησιν,

487 3737 568 3788 οὐκ
587 3739 912 3810 ἀνεχομένου
942 3755 1003 3792 τε
1026 3742 1191 3810 τιμᾷν
1224 3740 1256 3810 ἢ
1297 3739 1494 3794 εἰδέναι
1529 3740 1619 3793 τὸν
1655 3741 1814 3811 φύσει
1851 3759 1912 3795 τε
1940 3743 2036 3796 καὶ

487 3829 671 3900 ἀληθῶς
697 3831 830 3885 ὅντα
861 3831 1014 3897 Θεὸν,
1045 3833 1138 3883 καὶ
1176 3832 1282 3884 τῶν
1311 3831 1447 3884 ὅλων
1474 3831 1698 3901 Κύριον,
1741 3833 1821 3886 ὅτι
1853 3832 1928 3905 μὴ
1955 3833 2036 3896 είς

488 3923 610 3976 ἅπαν
631 3924 1028 3995 ἀγψηθὴσεται
1064 3924 1213 3995 παρὰ
1243 3923 1337 3976 τοῦ
1377 3923 1609 3995 Ἰσραὴλ,
1639 3923 1777 3995 μήτε
1811 3924 1916 3994 μὴν
1942 3924 2034 3978 τδν

491 4012 599 4065 [διον
625 4015 876 4068 ἀπολέσει
909 4013 1134 4084 κλῆρον,
1176 4014 1287 4067 ἀλλ’
1316 4013 1707 4083 ἐπιγνώσονται
1735 4015 1874 4069 κατὰ
1908 4031 2034 4072 και-

490 4106 614 4174 ροὺς,
649 4107 809 4160 αὑτὸν
852 4107 1112 4177 πειρᾶται
1144 4105 1436 4159 διδάσκειν.
1465 4107 1611 4178 Πλὴν
1648 4106 1830 4160 οὐκέτι
1874 4105 2033 4175 λόγου

491 4196 572 4264 μὲν
605 4197 736 4261 ἀξιοῖ
769 4199 864 4250 τὸν
917 4197 1113 4267 Ἄχας,
1160 4197 1420 4268 ὑϐριστὴν
1468 4197 1596 4250 ὄντα
1635 4197 1730 4251 καὶ
1781 4197 2031 4268 θεομισῆ,

489 4287 894 4357 προσπεφώνηκε
924 4286 978 4338 δὲ
1011 4285 1209 4355 μᾶλλον
1244 4286 1323 4355 τῷ
1347 4285 1480 4355 οἴκῳ
1509 4286 1692 4348 Δαόὶδ,
1719 4285 1862 4339 τοῦτ’
1895 4286 2030 4354 ἐστι,

489 4376 583 4437 τοῖς
625 4378 685 4429 ἐκ
727 4377 906 4446 φυλῆς
950 4377 1138 4438 Ἰούδα,
1172 4375 1231 4440 ἐξ
1275 4373 1344 4449 ἦς
1398 4378 1492 4431 καὶ
1546 4377 1709 4440 αὐτὸς
1751 4378 1939 4446 γέγονε
1972 4379 2034 4432 τὸ

489 4465 608 4516 κατὰ
635 4467 808 4537 σάρκα
830 4466 1087 4534 Χριστός.
1131 4465 1538 4538 Ἀνεξικάκῳβ]
1565 4467 1620 4520 δὲ
1655 4465 1774 4520 λίαν
1801 4467 1876 4530 ὡς
1903 4467 2036 4531 Θεὸς

490 4559 691 4609 ποιεῖται
712 4540 1254 4628 τὴίπροαγόρευσιν.
1285 4558 1784 4630 Προαιτιασάμενος
1809 4559 1916 4630 γὰρ
1953 4561 2035 4613 ὅτι

2134 3393 2320 3446 parum
2369 3377 2510 3431 vobis
2568 3389 2645 3432 est
2701 3379 2995 3433 molestiam
3069 3381 3310 3437 exhibere
3361 3385 3710 3441 hominibus!

2139 3467 2294 3536 121
2311 3469 2537 3522 etiamne
2558 3467 2784 3523 Domino
2812 3469 3069 3539 {acessitis
3095 3475 3356 3542 negotium
3375 3474 3400 3528 Γ
3419 3474 3705 3544 Propterea

2133 3559 2278 3612 dabit
2311 3557 2566 3613 Dominus
2597 3561 2705 3628 ipse
2723 3559 2865 3614 vobis
2897 3561 3127 3631 signum.

2201 3649 2337 3703 Cum
2372 3650 2622 3706 Achaeus
2648 3651 2789 3720 signi
2831 3653 3148 3722 petitionem
3188 3653 3578 3724 detrectasset,
3608 3673 3707 3715 nec

2133 3740 2430 3795 sustineret
2481 3742 2662 3797 colere
2707 3752 2802 3796 aut
2855 3758 3184 3812 cognoscere
3229 3753 3423 3802 natura
3481 3756 3538 3803 et
3578 3763 3706 3804 vere

2137 3834 2329 3898 Deum,
2372 3843 2425 3889 et
2469 3834 2754 3890 Dominum
2787 3836 3188 3902 universitatis‘,
3218 3847 3448 3892 conatur
3487 3839 3702 3908 docere,

2133 3939 2258 3979 eum
2288 3939 2395 3980 non
2442 3927 2656 3994 penitus
2684 3924 2925 3993 ignotum
2959 3923 3076 3978 fore
3099 3923 3306 3991 israeli,
3341 3941 3519 3996 neque
3548 3943 3703 3985 suam

2134 4025 2334 4070 sortem
2376 4017 2738 4085 perditurum,
2770 4017 2864 4072 sed
2914 4017 3042 4074 olim
3087 4032 3183 4074 eos
3225 4017 3372 4072 ilium
3401 4020 3704 4090 agnituros.

2134 4106 2410 4161 Achazum
2438 4121 2566 4163 vero
2599 4107 2920 4164 insolentem
2954 4117 3009 4162 et
3038 4108 3132 4164 Dei
3168 4109 3400 4175 hostem,
3433 4125 3541 4164 non
3564 4110 3708 4167 ulte-

2136 4196 2252 4252 rius
2294 4195 2534 4266 alloquio
2563 4198 2837 4266 dignatur,
2873 4198 2969 4254 sed
2997 4199 3214 4253 domum
3265 4200 3446 4268 potius
3483 4197 3704 4255 Davidi-

2135 4300 2256 4342 cam
2287 4286 2596 4357 compellat,
2626 4289 2678 4343 id
2705 4298 2814 4355 est,
2848 4302 2946 4344 eos
2968 4289 3062 4360 qui
3090 4303 3159 4344 ex
3191 4289 3332 4344 tribu
3358 4285 3496 4346 Iuda
3525 4300 3706 4361 erant,

2137 4390 2206 4433 ex
2234 4393 2342 4447 qua
2379 4387 2539 4433 natus
2583 4385 2666 4434 est
2703 4381 2995 4435 secundum
3019 4394 3239 4436 carnem
3286 4381 3403 4451 ipse
3432 4379 3704 4438 Christus.

2141 4467 2465 4523 Vaticinium
2498 4479 2680 4522 autem
2711 4471 2814 4525 hoc
2840 4470 3270 4552 clementissit'
3292 4481 3352 4526 ut
3378 4470 3522 4527 Deus
3548 4470 3710 4527 insti-

2137 4559 2260 4625 tuit,
2293 4572 2557 4613 accusans
2593 4559 2849 4628 primum,
2889 4560 3032 4629 quod
3064 4573 3163 4628 pro
3198 4558 3368 4614 nihilo
3391 4558 3706 4624 haberetur,

490 4647 747 4717 πεποίηται
766 4649 898 4718 παρ’
916 4649 1068 4701 οὐδὲν
1086 4648 1144 4701 τὸ
1163 4650 1254 4701 καί⁹
1269 4649 1418 4719 αὐτῷ
1432 4647 1887 4720 προσκροῦσαιτῷ
1898 4649 2035 4702 πάν-ι
2068 4635 2112 4690 Β
2143 4647 2315 4715 ipsum
2347 4659 2363 4700 ε

1832 4648 1887 4718 τῷ
1898 4649 2035 4702 πάν-
2068 4635 2112 4690 Β
2143 4647 2315 4715 ipsum
2347 4646 2509 4701 etiam
2534 4644 2698 4700 Deum
2721 4647 3144 4715 omnipotentem
3161 4645 3434 4702 oﬂendere
3461 4657 3516 4704 et
3541 4647 3705 4702 veluti

489 4749 543 4784 τα
568 4737 790 4807 ἰσχύοντι
806 4740 948 4810 Θεῷ,
972 4742 1066 4794 καὶ
1084 4735 1194 4793 οἷον
1221 4741 1434 4808 ἀγῶνας
1457 4741 1603 4811 αύτῷ
1623 4741 1715 4794 καὶ
1731 4741 2033 4811 καμάτους,

489 4822 591 4889 τόγε
613 4821 741 4896 ἧκον
770 4831 852 4893 εἰς
882 4831 1107 4893 αὐτοὺς,
1143 4830 1387 4885 σαλεύειν
1416 4832 1710 4901 ἐπιχειρεῖν
1730 4831 1818 4884 διά
1850 4848 1912 4899 γε
1941 4831 2033 4884 τοῦ

493 4913 554 4983 μὴ
578 4914 738 4972 θέλειν
759 4919 1072 4990 όρθοποδεῖν
1091 4939 1102 4951 ·
1129 4922 1249 4974 τότε
1277 4921 1340 4993 δὴ
1358 4921 1475 4974 τότε
1494 4921 1590 4990 τῆς
1606 4920 1832 4973 καθόλου
1860 4939 1919 4973 τε
1942 4923 2035 4975 καὶ

490 5013 828 5082 γενικωτάτης
858 5013 1180 5084 ἐπικουρίας
1206 5016 1438 5066 ποιεῖται
1476 5012 1574 5083 τὴν
1607 5013 2034 5084 προανάρρησιν.

489 5091 566 5162 '0,
583 5101 770 5167 τοίνυν,
799 5105 983 5174 φησὶν,
1005 5100 1154 5163 οἰκος
1181 5104 1365 5166 Δαϐὶδ,
1392 5107 1439 5157 εἰ
1461 5104 1520 5157 τό
1543 5104 1846 5177 ἀνθρώποις
1878 5118 2040 5177 προσ-

491 5189 680 5256 κρούειν
705 5195 804 5246 ούκ
837 5195 1091 5265 ἀζήμιον,
1125 5194 1276 5264 τίτῷ
1312 5195 1500 5266 Κυρίῳ
1533 5198 1800 5266 παρέχετε
1830 5197 2036 5264 ἀγῶνα,

490 5272 556 5341 τῷ
584 5278 819 5344 κολάζειν
845 5283 944 5352 μὲν
967 5283 1067 5336 ούκ
1095 5282 1352 5344 ἐθέλοντι,
1385 5283 1618 5352 ἰσχύοντι
1652 5284 1710 5338 δὲ
1730 5283 1886 5338 τοῦτο
1907 5285 2038 5356 δρᾷν

493 5366 571 5418 καὶ
596 5369 704 5425 λίαν
724 5374 982 5441 εὐκόλως;
1002 5374 1219 5445 Ἐπειδὴ
1245 5375 1300 5428 δέ
1319 5376 1668 5447 παραιτεῖσθε
1698 5376 1790 5430 τοῦ
1811 5378 2038 5447 σημείου

492 5459 573 5527 τὴν
591 5462 819 5533 αἴτησιν,
854 5465 1151 5535 αὐτόμολός
1185 5470 1298 5538 ε’ἰμι
1339 5469 1475 5539 πρὸς
1510 5468 1684 5534 τοῦτο,
1721 5468 1916 5540 φησίν·
1945 5468 2046 5523 κᾶν

496 5551 533 5600 ιι
558 5550 820 5620 βούλοισθε
869 5560 1063 5620 νοσεῖν,
1104 5559 1295 5626 ἐπάγω
1337 5559 1434 5629 τὴν
1470 5558 1784 5628 θεραπείαν,
1815 5559 2045 5630 ἐπείπερ

495 5639 591 5707 εἰμί
629 5645 864 5714 χρηστὸς
906 5648 998 5701 καὶ
1025 5646 1424 5718 φιλάνθρωπος.
1467 5649 1636 5712 Αὐτὸς
1673 5649 1802 5719 ὑμῖν
1841 5649 2044 5719 Κύριος

551 5795 594 5826 ’⁸’
631 5799 783 5856 Deut.
818 5818 896 5868 vt,
921 5803 1000 5856 16.

787 5893 1060 5953 PATROL.
1107 5889 1222 5954 Gn.
1273 5893 1444 5953 LXX.

2143 4735 2418 4791 molestias
2477 4750 2542 4792 ac
2587 4735 2801 4807 negotia
2855 4736 3117 4792 exhibere
3165 4738 3218 4792 ei
3255 4737 3398 4806 quod
3445 4738 3514 4794 ad
3561 4737 3709 4807 ipsos

2142 4828 2361 4892 attinet,
2391 4843 2457 4884 eo
2491 4830 2634 4899 quod
2672 4839 2818 4884 recto
2848 4830 2984 4900 pede
3021 4833 3270 4887 incedere
3302 4829 3528 4887 nollent.
3555 4829 3709 4887 Tunc

2141 4920 2393 4975 catholici
2453 4922 2821 4990 latissimeque
2867 4922 3098 4990 patentis
3158 4923 3344 4977 auxilii
3391 4923 3705 4980 vaticinium

2137 5011 2362 5081 profert.
2412 5010 2461 5068 0
2521 5015 2731 5077 domus,
2787 5013 2981 5082 inquit,
3038 5013 3256 5070 Davidis
3298 5031 3311 5067 :
3359 5015 3408 5069 si
3459 5014 3707 5070 homines

2139 5105 2354 5172 quidem
2396 5103 2669 5159 odendere
2721 5119 2826 5159 non
2867 5106 2993 5160 licet
3041 5106 3294 5174 impune,
3339 5104 3565 5160 Domino
3615 5105 3709 5173 qui

2141 5191 2335 5260 punire
2361 5191 2576 5258 quidem
2610 5207 2714 5247 non
2762 5194 2892 5258 vult,
2927 5202 3099 5263 potest
3123 5204 3304 5249 autem
3341 5205 3398 5249 et
3424 5192 3708 5257 facillime,

2140 5282 2268 5352 quid
2307 5283 2503 5337 creatis
2533 5282 2872 5339 molestiam?
2907 5285 3171 5350 Quoniam
3199 5294 3378 5339 autem
3417 5298 3513 5339 vos
3547 5299 3708 5340 recu-

2140 5375 2275 5428 satis
2303 5375 2516 5443 signum
2551 5384 2754 5444 petere,
2790 5377 2903 5444 ipse
2928 5385 3120 5445 sponte
3151 5391 3271 5431 mea
3301 5375 3462 5430 venio
3483 5375 3552 5429 ad
3581 5375 3709 5439 hoc,

2143 5464 2337 5535 inquit,
2369 5475 2426 5521 et
2454 5465 2581 5521 licet
2610 5465 2786 5522 velitis
2813 5475 3098 5537 aegrotare,
3125 5465 3334 5522 adduco
3359 5463 3706 5526 medicinam,

2142 5557 2571 5626 quandoquidem
2604 5557 2866 5627 benignus
2897 5571 3038 5622 sum,
3062 5565 3116 5611 et
3138 5556 3371 5611 hominis
3399 5552 3713 5608 amantissi-

2143 5662 2282 5702 mus.
2317 5647 2434 5716 Ipse
2467 5647 2732 5704 Dominus
2773 5648 2926 5703 vobis
2954 5648 3166 5719 signum
3205 5646 3376 5708 dabit,
3405 5651 3556 5698 certe
3583 5653 3709 5706 per-

3366 5889 3403 5946 7
