4134 6504
681 385 787 443 203

1665 373 1725 430 S.
1769 372 2041 429 CYRILLI
2082 373 2545 431 ALEXANDRINI
2581 375 2899 432 ARCHIEP.

3812 365 3917 422 204

680 503 911 560 suadens
962 496 1212 553 lsraelem
1258 501 1528 551 errantem
1575 507 1674 547 suo
1711 476 1950 562 tempore
1978 502 2248 547 servatum

2366 495 2510 548 εὼσει
2546 497 2792 566 σημεῖον,
2819 489 3177 565 πληροφορῶν
3208 490 3291 543 ὅτι
3318 489 3411 543 καὶ
3451 485 3758 558 σωθήσεται
3783 485 3918 540 κατὰ

683 594 748 647 iri
785 601 879 646 :et
908 605 1015 644 non
1069 588 1439 658 ignoraturum
1478 583 1789 646 Dominum,
1847 583 1940 636 scd
1985 584 2244 636 cultorem

683 685 775 738 Dei
829 681 1118 736 servatoris
1164 692 1473 734 evasurum.
1505 675 1562 729 ld
1604 684 1783 729 autem
1837 689 1932 744 per
1977 673 2248 728 Christum

682 772 976 842 perfectum
1007 779 1106 834 est,
1146 769 1234 839 qui
1273 769 1483 820 vocavit
1518 768 1580 819 ad
1611 764 1940 833 agnitionem
1974 761 2247 828 lsraelem,

680 863 935 931 omnique
959 869 1178 930 peccato
1206 869 1260 914 et
1288 859 1552 929 lignorum
1589 870 1653 911 ac
1683 854 1918 926 lapidum
1946 855 2090 910 cultu
2118 853 2252 910 libe-

684 955 822 1005 ravit
851 953 1043 1020 ipsum.

759 1126 928 1182 Vens.
954 1125 1142 1180 M-lG.
1178 1122 1312 1177 Ecce
1333 1124 1471 1192 virgo
1503 1124 1552 1173 in
1575 1103 1717 1177 utero
1745 1121 1978 1183 habebit,
2008 1132 2054 1172 et
2092 1122 2253 1182 pariet

685 1220 880 1291 ﬁlium,
903 1228 948 1272 et
981 1218 1233 1271 vocabunt
1257 1231 1443 1268 nomen
1468 1215 1604 1282 ejus,
1639 1210 1972 1265 Emmanuel.
1998 1210 2255 1280 Butyrum

686 1322 732 1364 et
795 1310 894 1362 mel
934 1309 1197 1370 comedet;
1232 1307 1531 1373 priusquam
1581 1304 1712 1356 sciat
1765 1301 1852 1354 ille
1882 1300 2022 1352 mala
2057 1317 2258 1369 pra’po-

687 1417 829 1464 nere,
853 1399 997 1466 eliget
1033 1398 1244 1450 bonum.
1271 1393 1398 1448 Ideo
1421 1395 1724 1463 priusquam
1750 1391 1878 1443 sciat
1898 1406 2026 1458 puer
2067 1390 2256 1443 bonum

686 1491 765 1547 vel
816 1491 1052 1554 malum,
1119 1485 1335 1540 malitia!
1398 1500 1498 1537 non
1571 1483 1924 1547 obtemperat,
1979 1490 2036 1532 ut
2101 1479 2256 1549 eligat

687 1580 897 1636 bonum.
948 1578 1014 1631 Et
1071 1577 1390 1645 relinquetur
1417 1575 1572 1642 Lterra
1638 1587 1796 1640 quam
1841 1579 1901 1623 tu
1955 1570 2184 1636 metuis,
2227 1585 2259 1622 a

688 1671 820 1740 facie
869 1673 1092 1724 duorum
1152 1683 1348 1737 regum.

756 1844 1130 1900 Reddiderunt
1161 1842 1383 1912 quidam
1411 1855 1602 1896 eorum
1633 1839 1724 1908 qui
1771 1838 1982 1893 divinas
2013 1835 2259 1906 Scriptu-
2287 1835 2334 1890 B

690 1950 781 1992 ras
809 1936 1152 2006 interpretati
1189 1944 1313 1990 sunt
1337 1951 1352 1988 :
1381 1933 1524 1989 Ecce
1550 1931 1724 2002 puella
1760 1931 1812 1985 in
1843 1938 1996 1984 utero
2023 1928 2259 1982 habebit.

687 2023 917 2079 Videtur
976 2022 1191 2091 quidem
1255 2020 1454 2075 Judaeis
1509 2019 1700 2088 puella:
1749 2018 1965 2074 nomine
2018 2025 2265 2086 oportere

688 2111 915 2166 Matrem
972 2110 1185 2165 Domini
1239 2110 1561 2174 subnotari,
1619 2123 1718 2163 nec
1746 2108 1930 2162 vocari
1979 2106 2261 2176 virginem.

693 2202 1023 2256 Existimant
1075 2201 1338 2270 siquidem
1397 2199 1477 2255 l‘as
1508 2213 1629 2254 esse
1668 2199 1774 2252 vim
1830 2197 2069 2268 mysterii
2110 2211 2262 2250 ener-

690 2306 854 2356 vare,
886 2292 930 2344 si
965 2291 1138 2360 puella
1171 2305 1276 2344 non
1324 2292 1473 2358 virgo
1511 2288 1740 2355 dicatur.
1793 2287 2057 2343 Caeterum
2105 2287 2264 2342 rudes

695 2396 789 2435 eos
805 2394 922 2434 esse
943 2379 1126 2433 multis
1149 2379 1319 2434 modis
1336 2379 1517 2432 videre
1536 2377 1677 2430 licet.
1699 2377 1854 2444 122
1870 2375 2102 2429 Primum
2120 2375 2262 2429 enim

690 2467 818 2521 licet
849 2467 1062 2520 dicatur
1103 2466 1217 2519 haec
1262 2467 1411 2536 virgo
1459 2466 1657 2534 puella,
1699 2479 1802 2517 non
1841 2463 2140 2534 privabitnr
2176 2478 2261 2526 eo,

691 2567 752 2611 ut
795 2558 866 2611 sit
910 2560 1083 2626 virgo.
1120 2556 1251 2610 Dein
1296 2565 1606 2610 asseverant
1657 2555 1966 2625 prophetam
2005 2556 2070 2610 de
2101 2570 2264 2608 uxore

688 2647 890 2702 Achazi
922 2648 1101 2702 dicere
1133 2647 1264 2701 illud
1293 2665 1307 2700 :
1359 2645 1496 2701 Ecce
1538 2645 1708 2716 puella
1754 2647 1806 2699 in
1838 2655 1992 2701 utero
2026 2645 2261 2708 habebit,

658 2749 740 2792 .et
774 2740 944 2808 pariet
992 2738 1184 2802 ﬁlium,
1219 2747 1278 2792 ut
1312 2737 1675 2808 intelligamus
1707 2752 1776 2792 ex
1807 2752 1872 2791 eo
1907 2749 2090 2791 natum
2132 2729 2266 2791 Eze-

689 2829 885 2886 cbiam.
940 2829 1100 2898 Atqui
1132 2829 1254 2883 dum
1296 2828 1592 2898 prophetiae
1621 2829 1782 2883 verba
1825 2843 1930 2882 non
1957 2829 2269 2882 examinan-

687 2927 800 2986 tes,
851 2919 1260 2973 inconsiderate
1291 2920 1434 2988 quod
1473 2920 1618 2974 lubet
1657 2921 1961 2989 arripiunt,
2008 2929 2119 2972 tum
2168 2920 2269 2974 hoc

688 3008 854 3064 etiam
893 3009 1070 3064 solum
1105 3009 1306 3063 habere
1338 3009 1588 3065 videntur
1615 3024 1721 3078 quo
1751 3025 1906 3064 suum
1938 3010 2267 3080 propositum

2351 587 2575 659 καιροὺς
2614 589 2643 639 ό
2676 585 3089 655 πεπλανημένος
3122 579 3359 652 Ἰσραὴλ,
3399 579 3495 632 καὶ
3537 577 3638 630 οὐκ
3668 577 3929 645 ἀγνοήσει

2350 677 2440 731 τὸν
2462 677 2759 747 Δεσπότην,
2785 676 2898 730 ἀλλ’
2927 675 3078 727 ἔσται
3103 669 3484 744 προσκυνητὴς
3504 667 3599 721 τοῦ
3625 665 3922 727 σεσωκότος

2352 767 2508 824 Θεοῦ.
2537 767 2910 839 Κατώρθωται
2939 765 2995 818 δὲ
3022 764 3181 818 τοῦτο
3206 761 3294 816 διὰ
3324 757 3560 830 Χριστοῦ
3597 754 3922 824 κεκληκότος

2353 861 2432 924 εἰς
2467 860 2759 928 ἐπίγνωσιν
2785 858 2876 911 τὸν
2913 855 3150 928 Ἰσραὴλ,
3182 853 3278 907 καὶ
3319 849 3536 919 ἁπάσης
3566 846 3728 900 αὐτὸν
3751 843 3924 898 ἀπαλ-

2353 951 2942 1021 λάξαντος,ἁμαρτίας,
2985 948 3080 1002 καὶ
3108 944 3200 1000 τοῦ
3241 943 3563 1015 προσκυνεῖν
3601 940 3804 993 ἐθέλειν
3841 936 3925 1001 ξύ-

2354 1040 2466 1103 λοις
2495 1041 2589 1093 καὶ¹
2613 1040 2800 1103 λίθοις.

2439 1131 2582 1184 Ἰδοὺ
2619 1131 2658 1196 ἢ
2707 1130 3000 1199 παρθένος
3035 1129 3104 1181 ἐν
3135 1124 3346 1196 γαστρὶ
3389 1123 3534 1188 ἔξει,
3565 1121 3663 1175 καὶ
3704 1120 3928 1184 τέξεται

2355 1221 2511 1288 υἱὸν,
2539 1223 2636 1277 καὶ
2669 1221 2947 1285 καλέσεις
2983 1219 3047 1271 τὸ
3077 1218 3265 1287 ὄνομα
3291 1214 3475 1269 αὐτοῦ
3523 1210 3927 1282 Ἐμμανουήλ.

2357 1315 2661 1380 Βούτυρον
2689 1311 2785 1364 καὶ
2822 1310 2962 1380 μέλι
2992 1309 3238 1379 φάγεται
3259 1324 3272 1338 ·
3321 1306 3464 1374 πρὶν
3491 1305 3528 1373 ἢ
3579 1305 3798 1373 γνῶναι
3832 1302 3932 1354 αὑ-

2356 1404 2463 1455 τὸν
2488 1403 2524 1470 ἢ
2546 1400 2904 1469 προελέσθαι
2930 1401 3183 1467 πονηρὰ,
3214 1397 3574 1461 ἐκλέξασθαι
3602 1393 3664 1446 τὸ
3689 1393 3928 1462 ἀγαθόν.

2357 1495 2512 1548 Διότι
2537 1492 2718 1560 πρινὴ
2742 1491 2961 1560 γνῶναι
2988 1490 3053 1543 τὸ
3077 1489 3316 1543 παιδίον
3339 1485 3563 1556 ἀγαθὸν·
3593 1484 3692 1536 καὶ
3723 1481 3931 1542 κακὸν,

2356 1579 2589 1632 ἀπειθεῖ
2609 1579 2884 1645 πονηρίᾳ,
2932 1577 3296 1640 ἐκλέξασθαι
3327 1575 3390 1628 τὸ
3440 1574 3665 1641 ἀγαθόν
3695 1572 3794 1641 (Ι).
3831 1568 3934 1623 Καὶ

2356 1667 2895 1738 καταλειφθήσεται
2923 1667 2960 1734 ἡ
2995 1665 3092 1737 γῆ,
3129 1666 3208 1733 ἣν
3237 1665 3319 1718 σὺ
3352 1662 3533 1734 φοϐῇ,
3573 1663 3795 1731 ἔρημος
3821 1659 3935 1715 ά.τὸ

2359 1758 2682 1827 προσώπου
2708 1758 2826 1812 τῶν
2856 1759 2964 1812 δύο
2986 1757 3316 1822 βασιλέων.

2444 1849 2806 1904 Ἐκδεδώκασι
2838 1850 2935 1921 μέν
2963 1867 3106 1912 τινες
3136 1849 3245 1902 τῶν
3268 1847 3365 1910 τὰς
3394 1847 3544 1911 Θείας
3570 1845 3936 1916 ἐρμηνευσάνσ

2361 1959 2468 1997 των
2496 1943 2834 2013 Γραφάς,τὸ,
2878 1942 3008 1995 Ἰδοὺ
3035 1943 3067 2011 ἡ
3099 1941 3277 2003 νεᾶνις
3307 1941 3364 1992 ἐν
3391 1939 3589 2010 γαστρὶ
3615 1937 3748 2003 ἕξει.
3782 1938 3937 1986 Δοκεῖ

2362 2051 2425 2102 γε
2457 2033 2562 2104 μὴν
2602 2034 2873 2096 Ἰουδαίοις
2913 2031 2990 2103 τῷ
3015 2033 3114 2101 τῆς
3160 2030 3398 2092 νεάνιδος
3439 2029 3660 2099 ὀνόματι
3695 2043 3936 2093 καταση-

2366 2123 2650 2194 μαίνεσθαι
2677 2123 2786 2176 δεῖν
2819 2122 2916 2192 τὴν
2945 2121 3036 2175 τοῦ
3080 2121 3285 2193 Κυρίου
3314 2120 3569 2188 Μητέρα,
3605 2118 3698 2171 καὶ
3728 2118 3852 2186 οὐχὶ
3877 2117 3937 2184 δὴ

2367 2216 2564 2285 μᾶλλον
2588 2214 2865 2268 καλεῖσθαι
2903 2213 3189 2284 παρθένον.
3220 2211 3435 2265 Οίονται
3464 2211 3574 2280 γὰρ
3603 2211 3683 2262 ὅτι
3715 2209 3819 2278 τὴν
3849 2206 3938 2260 τοῦ

2371 2305 2666 2377 μυστηρίου
2709 2305 2935 2374 δύναμιν
2965 2304 3314 2375 ἁπρακτῆσαι
3362 2302 3540 2372 θέμις,
3565 2302 3611 2352 εί
3651 2301 3834 2362 νεᾶνις
3856 2298 3941 2351 λέ-

2367 2413 2534 2464 γοιτο,
2571 2396 2663 2450 καὶ
2692 2397 2810 2465 οὐχὶ
2850 2395 2913 2467 δὴ
2940 2395 3140 2464 μᾶλλον
3184 2391 3472 2464 παρθένος.
3513 2389 3942 2462 Ἀμαθαίνοντας

2364 2487 2421 2539 δέ
2447 2486 2586 2540 κατὰ
2616 2487 2841 2550 πολλοὺς
2863 2486 3094 2556 τρόπους
3115 2485 3319 2539 κατίδοι
3341 2501 3424 2547 τις
3449 2481 3515 2536 ἂν
3537 2481 3755 2544 αὐτούς.
3791 2480 3943 2549 Πρῶ-

2366 2594 2455 2630 τον
2497 2577 2592 2647 μὲν
2631 2577 2759 2648 γάρ,
2785 2576 2886 2630 κᾶν
2925 2577 2974 2630 εἰ
2998 2577 3205 2646 λέγοιτο
3243 2578 3421 2638 νεᾶνις
3454 2575 3488 2644 ἡ
3521 2571 3810 2644 παρθένος,
3846 2571 3944 2623 οὐκ

2369 2666 2472 2732 ἔξω
2503 2669 2740 2722 κείσεται
2768 2668 2858 2721 τοῦ
2883 2665 3019 2721 εἶναι
3049 2667 3334 2738 παρθένος.
3369 2663 3506 2721 Εἶτά
3531 2683 3661 2735 φασι
3683 2664 3818 2736 περὶ
3846 2663 3944 2732 τῆς

2367 2759 2463 2812 τοῦ
2497 2759 2672 2829 ’Λχαζ
2717 2759 2974 2828 γυναικὸς
3010 2759 3099 2812 τὸν
3137 2761 3419 2830 προφήτην
3471 2760 3645 2812 εἰπεῖν
3675 2757 3757 2823 τὸ,
3813 2756 3944 2809 Ἰδοὺ

2371 2851 2403 2920 ὴ
2442 2851 2620 2922 νεᾶνις
2653 2851 2711 2904 ἐν
2738 2852 2934 2922 γαστρὶ
2973 2851 3103 2915 ἕξει,
3134 2852 3227 2903 καὶ
3263 2849 3475 2915 τέξεται
3515 2850 3646 2914 υἱὸν,
3683 2850 3771 2902 ἵνα
3811 2847 3946 2901 νοῶ-

2374 2921 2584 3012 μενοτδν
2617 2941 2862 3013 Ἐζεχίαν
2884 2921 2986 2997 τὸν
3017 2943 3075 3010 ἐξ
3106 2943 3273 2996 αὑτοῦ
3305 2944 3583 3012 γεγονότα.
3633 2941 3794 2996 Ἀλλά
3821 2943 3946 3004 τοὺς

2370 3034 2468 3104 τῆς
2501 3034 2835 3105 προφητείας
2883 3036 2942 3087 οὐ
2985 3034 3361 3105 βασανίζοντες
3397 3035 3606 3104 λόγους,
3647 3034 3706 3087 τὸ
3750 3035 3949 3105 ἀπερι·

689 3112 755 3154 ac
771 3098 1096 3153 sententiam
1117 3096 1460 3152 conﬁrment.
1480 3097 1700 3162 Verum,
1725 3113 1759 3152 ο
1776 3099 1872 3152 viri
1890 3099 2096 3169 optimi,
2119 3100 2267 3154 dixe-

2375 3124 2620 3186 σκέπτως
2639 3124 2828 3178 δοκοῦν
2851 3125 3209 3196 ἁρπάζουσιν,
3242 3121 3359 3180 εἶτα
3392 3126 3481 3179 τὸν
3507 3126 3716 3179 ἑαυτῶν
3740 3127 3947 3181 οἴονται

690 3188 767 3244 rit
785 3188 1048 3256 quispiam
1079 3187 1346 3257 illis,qnis
1379 3187 1665 3242 Ezechiam
1693 3189 1903 3242 vocavit
1926 3189 2272 3258 Emmanuel?
2297 3173 2339 3231 C

691 3275 794 3334 Vel
839 3278 981 3332 unde
1030 3277 1408 3333 demonstrare
1451 3288 1740 3348 paterunt,
1776 3281 1916 3351 quod
1958 3283 2268 3351 priusquam

693 3368 862 3424 sciret
892 3367 981 3424 ille
1006 3369 1206 3424 bonum
1236 3369 1323 3424 vel
1363 3369 1584 3435 malum,
1615 3371 1833 3428 malitiae
1863 3387 1970 3427 non
1997 3373 2272 3442 obtempe-

695 3468 862 3524 raret,
901 3468 960 3514 ut
985 3459 1210 3530 eligeret
1258 3461 1496 3515 bonum?
1525 3462 1692 3532 Igitur
1731 3462 2093 3519 valedicamus
2139 3465 2272 3518 isto-

697 3566 817 3605 rum
862 3552 1159 3622 praestigiis
1210 3560 1264 3607 et
1306 3554 1446 3622 quod
1479 3563 1681 3608 rectum
1716 3569 2010 3624 verumque
2043 3565 2126 3610 est
2159 3571 2273 3610 am-

695 3640 1032 3710 plectamur;
1058 3647 1298 3696 sanctam
1334 3639 1604 3710 Virginem
1637 3643 1738 3698 hac
1758 3644 2036 3712 prophetia
2068 3646 2221 3700 nobis
2242 3660 2272 3699 a

698 3732 809 3787 Deo
820 3729 1482 3787 denotaricredamus.Sic
1501 3734 1646 3788 enim
1663 3734 1766 3789 erit
1779 3735 2106 3803 paradoxum
2125 3750 2269 3802 vere,

697 3821 1225 3891 a’tque'incredibile,
1262 3834 1318 3878 et
1360 3825 1572 3895 signqu
1604 3825 1920 3893 maximum,
1959 3827 2009 3880 in
2046 3825 2271 3897 profun-

696 3911 824 3966 dum
867 3911 1028 3966 simul
1055 3921 1110 3966 et
1136 3913 1430 3978 excelsum,
1480 3914 1632 3983 juxta
1671 3915 1910 3970 divinam
1963 3917 2276 3984 promissio-

696 4015 840 4054 nem.
889 4000 934 4055 Ε
979 4002 1228 4070 supernis
1256 4003 1419 4067 enim,
1451 4013 1504 4058 et
1533 4019 1598 4057 ex
1644 4004 1752 4059 Deo
1782 4004 1943 4060 Patre
1977 4006 2269 4059 secundum

696 4097 947 4143 naturam
975 4091 1189 4159 genitus
1230 4090 1399 4146 Filius
1433 4093 1775 4161 unigenitus,
1809 4095 2106 4148 exinanivit
2131 4096 2275 4164 seip-

696 4193 851 4246 sum,
896 4189 952 4234 et
991 4195 1062 4235 ex
1091 4191 1270 4237 utero
1325 4183 1572 4253 virginali
1618 4184 1794 4238 editus
1839 4194 1922 4240 est
1980 4187 2272 4241 secundum

697 4285 940 4336 carnem,
972 4287 1078 4325 non
1103 4273 1336 4328 humana
1370 4275 1594 4329 seminis
1616 4277 1903 4331 emissione
1933 4279 2073 4332 unde
2109 4294 2273 4349 gene-

686 4362 841 4418 ratio
861 4370 1045 4416 secuta
1080 4362 1171 4428 sit,
1210 4365 1302 4418 sed
1333 4365 1380 4417 vi
1417 4375 1471 4418 et
1495 4365 1781 4419 ellicientia
1810 4368 1982 4423 sancti
2015 4369 2268 4438 Spiritus.

697 4450 775 4506 Ita
819 4467 1050 4521 namque
1083 4453 1288 4536 datum
1341 4466 1651 4510 estsanctae
1691 4457 1895 4527 Virgini
1944 4474 2074 4514 voce
2126 4459 2267 4515 beati

698 4542 966 4599 Gabrielis
1001 4561 1015 4598 :
1055 4563 1078 4596 ι
1116 4546 1348 4615 Spiritus
1390 4560 1609 4604 sanctus
1649 4553 1992 4620 superveniet
2035 4554 2086 4606 in
2117 4562 2187 4618 te,
2214 4563 2268 4607 et

697 4634 869 4689 virtus
905 4635 1173 4692 Altis‘sitni
1213 4639 1554 4695 obumbrabit
1587 4641 1679 4696 tibi
1709 4641 1773 4696 ³⁸.
1813 4662 1831 4694 ι
1864 4643 2041 4697 Pariet
2085 4646 2266 4713 igitur,

698 4724 796 4790 ait,
847 4725 1035 4781 illium.
1069 4729 1134 4782 Et
1195 4740 1270 4796 tu,
1298 4747 1329 4787 ο
1360 4733 1549 4788 domus
1580 4735 1766 4798 David,
1803 4751 1921 4803 quae
1971 4751 2131 4800 nunc,
2187 4738 2264 4788 in-

697 4817 848 4884 quit,
890 4820 1071 4874 renuis
1105 4821 1217 4876 Deo
1255 4827 1497 4889 credere,
1530 4827 1849 4895 signumque
1883 4827 1950 4879 al)
1992 4842 2057 4880 eo
2087 4834 2270 4895 postu-

698 4909 834 4974 lare,
870 4912 936 4964 ad
959 4914 1421 4972 conﬁrmationem
1451 4933 1640 4973 eorum
1682 4934 1799 4988 qua:
1827 4920 2092 4988 promissa
2118 4929 2265 4985 sunt,

697 5009 984 5066 proliterea
1016 5007 1158 5072 quod
1188 5007 1358 5076 magis
1391 5007 1545 5062 idolis
1590 5007 1762 5062 aﬂicta
1801 5018 1856 5062 et
1897 5009 2109 5064 addicta
2151 5010 2265 5065 sis:

698 5090 917 5146 vocabis
941 5107 1134 5149 nomen
1161 5095 1278 5164 ejus
1304 5097 1640 5163 Emmanuel,
1668 5099 1770 5154 hoc
1796 5110 1897 5165 est,
1924 5101 2270 5156 conﬁteberis

697 5177 869 5235 Deum
918 5185 971 5239 in
1032 5186 1265 5241 humana
1318 5188 1489 5242 forma
1547 5192 1880 5259 apparuisse.
1933 5195 2064 5247 Cum
2122 5195 2264 5248 enim

699 5271 948 5338 apparuit
975 5282 1268 5328 secundum
1303 5291 1400 5329 nos
1429 5279 1738 5348 unigenitus
1770 5283 1859 5337 Dei
1891 5279 2103 5350 Sermo,
2136 5294 2262 5342 tunc

699 5359 1173 5417 etiam-uobiscum
1202 5373 1375 5422 tactus
1403 5379 1504 5423 est.
1538 5370 1641 5436 Qui
1669 5373 1814 5426 enim
1851 5389 2010 5443 supra
2048 5391 2264 5431 omnem

698 5459 1003 5506 creaturam
1060 5453 1181 5522 l‘uit,
1226 5455 1402 5515 factus
1447 5472 1531 5517 est
1575 5464 1730 5520 nobis
1769 5465 1981 5522 similis.
2027 5466 2265 5526 Observa

774 5587 819 5621 ³⁸
856 5589 969 5646 Luc
998 5607 1035 5659 ι,
1076 5593 1166 5648 55.

2374 3213 2575 3265 σκοπὸν
2630 3213 2895 3283 ἐμπεδοῦν
2953 3213 3042 3267 διὰ
3091 3215 3278 3268 τούτου
3325 3216 3418 3268 καὶ
3471 3217 3651 3286 μόνου.
3695 3215 3863 3279 Ἀλλ’,
3905 3207 3950 3268 ὧ

2373 3300 2658 3370 βέλτιστοι,
2700 3301 2833 3370 φαίη
2871 3319 2956 3365 τις
2997 3303 3062 3355 ἂν
3100 3303 3236 3375 πρὸς
3277 3305 3493 3369 αὐτοὺς,
3530 3305 3613 3368 τίς
3650 3304 3742 3358 τὸν
3792 3305 3949 3368 Ἐξε-

2371 3391 2492 3461 χίαν
2519 3392 2774 3446 ἐκάλεσεν
2818 3395 3200 3466 Ἐμμανουήλ;
3239 3396 3308 3447 Ἦ
3330 3396 3494 3449 πόθεν
3519 3395 3584 3449 ἂν
3619 3396 3950 3462 ἐπιδείξειαν

2369 3483 2451 3535 ὅτι
2485 3483 2614 3555 πρὶν
2643 3484 2675 3555 ἢ
2709 3485 2909 3553 γνῶναι
2960 3487 3120 3541 αὐτὸν
3154 3487 3356 3555 ἀγαθὸν
3389 3488 3420 3541 ἢ
3463 3489 3628 3541 κακὸν
3677 3488 3950 3559 metam;

2371 3575 2603 3645 πονηρίᾳ
2623 3576 2714 3628 τοῦ
2743 3577 3060 3644 ἐκλέξασθαι
3083 3578 3144 3632 τὸ
3171 3580 3407 3648 ἁγαθόν;
3433 3581 3640 3633 Οὐκοῦν
3673 3581 3952 3652 ἐρρῶσθαι

2373 3668 2679 3737 φράσαντες
2721 3671 2843 3732 ταῖς
2904 3669 3126 3725 ἐκείνων
3175 3671 3504 3745 τερθρείαις,
3547 3673 3608 3726 τὸ
3661 3673 3840 3743 ὀρθῶς
3891 3693 3951 3728 τε

2372 3758 2466 3810 καὶ
2502 3757 2717 3827 ἀληθῶς
2739 3759 2860 3830 ἔχον
2889 3763 3322 3835 παραδεξόμεθα,
3355 3764 3452 3836 τὴν
3483 3765 3643 3834 ἁγίαν
3674 3767 3952 3838 Παρθένον

2372 3848 2459 3902 διὰ
2489 3849 2586 3912 τῆς
2618 3851 2990 3922 προκειμένης
3019 3855 3151 3923 ἡμῖν
3179 3856 3514 3925 προφητείας
3544 3858 3954 3927 κατασημαίνε-

2374 3939 2498 3992 σθαι
2539 3939 2690 4010 παρὰ
2729 3940 2864 3994 Θεοῦ
2906 3943 3271 4008 πιστεύοντες.
3308 3945 3464 3998 Οὕτω
3493 3946 3602 4017 γάρ
3651 3946 3804 4001 ἐσται
3850 3966 3954 4002 πα-

2377 4027 2593 4098 ράδοξον
2623 4029 2838 4099 ἀληθῶς
2855 4033 2949 4084 καὶ
2979 4033 3351 4104 ὑπερμέγεθες
3379 4035 3440 4088 τὸ
3473 4039 3723 4106 σημεῖον,
3746 4041 3828 4102 είς
3858 4038 3952 4109 βά-

2373 4116 2464 4181 θος
2491 4135 2550 4171 τε
2585 4118 2722 4188 ὁμοῦ
2760 4121 2856 4174 καὶ
2889 4119 3023 4190 ὕψος
3054 4125 3195 4177 κατά
3223 4141 3286 4192 γε
3330 4125 3426 4196 τὴν
3469 4125 3620 4180 θείαν
3658 4128 3952 4198 ὑπόσχεσιν

2371 4211 2613 4279 γεγονός.
2657 4212 2715 4265 '0
2743 4212 2850 4283 γὰρ
2882 4214 3084 4268 ἄνωθεν
3117 4217 3208 4269 καὶ
3258 4218 3323 4270 ἐκ
3353 4218 3486 4271 Θεοῦ
3536 4220 3749 4290 [ἰατρὸς
3803 4223 3953 4275 ,κατᾶ

2373 4300 2534 4370 φύσιν
2573 4304 2936 4374 γεγενημένος
2971 4305 3096 4369 Υίὸς
3131 4309 3445 4378 μονογενὴς,
3481 4311 3786 4365 κεκένωκεν
3821 4315 3953 4366 ἐαυ-

2370 4394 2481 4458 τὸν,
2513 4395 2607 4447 καὶ
2651 4395 2893 4462 λαγόνων
2931 4395 3143 4470 ἐξεδόθη
3174 4399 3283 4452 τῶν
3327 4401 3670 4472 παρθενικῶν
3708 4403 3768 4456 τὺ
3803 4406 3953 4458 Αατά

2298 4509 2346 4569 D
2375 4484 2573 4554 σάρκα,
2601 4485 2701 4538 οὐκ
2730 4486 2786 4551 ἐξ
2821 4487 3169 4560 ἀνθρωπίνης
3210 4491 3517 4563 καταϐολῆς
3547 4493 3815 4564 λαϐούσης
3853 4497 3953 4568 τὴν

2375 4575 2606 4642 γένεσιν,
2634 4576 2746 4630 ἀλλ’
2770 4579 2831 4630 ἐκ
2858 4580 3142 4651 δυνάμεώς
3167 4600 3225 4635 τε
3256 4583 3350 4635 καὶ
3369 4585 3647 4654 ἐνεργείας
3677 4586 3768 4639 τοῦ
3791 4589 3952 4656 ἁγίου

2375 4664 2706 4736 Πνεῦματος.
2739 4667 2892 4722 Οὕτω
2922 4671 3029 4743 γὰρ
3060 4672 3274 4745 εἴρηται
3307 4676 3443 4746 πρὸς
3470 4677 3569 4746 τὴν
3606 4679 3763 4746 ἁγίαν
3799 4681 3955 4752 Παρ-

2377 4755 2526 4809 θένον
2553 4759 2638 4812 διὰ
2687 4763 2870 4832 φωνῆς
2910 4764 3003 4817 τοῦ
3043 4769 3313 4840 μακαρίου
3355 4771 3623 4843 Γαϐριήλο
3670 4792 3688 4824 ι
3726 4775 3956 4844 Πνεῦμα

2377 4847 2531 4913 ἅγιον
2589 4850 2940 4905 ἐπελεύσεται
2997 4856 3087 4907 ἐπὶ
3139 4858 3220 4921 σέ,
3280 4861 3376 4912 καὶ
3425 4859 3655 4932 δύναμις
3696 4863 3954 4931 Ὑψίστου

2376 4935 2684 4992 ἐπισκιάσει
2731 4956 2809 4994 σε.
2845 4960 2864 4991 ι
2896 4942 3120 5009 Τέξεται
3166 4946 3362 5011 τοίνυν,
3409 4951 3592 5018 φησὶν,
3653 4950 3789 5004 υίόν.
3842 4953 3956 5004 Καὶ

2378 5028 2464 5092 σὺ,
2500 5022 2543 5080 ὦ
2580 5025 2726 5093 οἶκος
2770 5031 2953 5102 Δαὸὶδ,
2987 5036 3014 5086 ὁ
3062 5035 3176 5101 νῦν,
3213 5039 3365 5108 φησὶ,
3425 5042 3863 5111 παραιτούμενος
3897 5043 3957 5094 τὸ

2377 5116 2468 5168 ἐπὶ
2502 5117 2618 5187 Θεῷ
2647 5119 2986 5184 πεποιθέναι,
3015 5125 3107 5176 καὶ
3151 5127 3277 5196 παρ’
3309 5128 3474 5180 αὑτοῦ
3508 5134 3730 5200 σημεῖον
3757 5135 3952 5194 αἰτεῖν,

2375 5203 2454 5264 είς
2504 5202 2793 5272 βεϐαίωσιν
2838 5201 2912 5260 ὧν
2944 5210 3298 5280 ἐπήγγελται,
3352 5215 3438 5269 διὰ
3484 5218 3544 5270 τὸ
3593 5221 3956 5289 προσκεῖσθαι

2379 5293 2577 5361 μᾶλλον
2626 5296 2882 5361 εἰδώλοις,
2935 5301 3184 5366 καλέσεις
3225 5305 3283 5356 τὸ
3315 5305 3485 5375 ὄνομα
3525 5308 3690 5360 αὐτοῦ
3742 5310 3957 5379 Ἐμμα-

2374 5384 2556 5454 νουὴλ,
2586 5385 2728 5438 τοῦτ’
2769 5388 2936 5454 ἐστιν,
2976 5392 3325 5463 ὁμολογήσεις
3358 5398 3445 5452 τὸν
3476 5398 3607 5451 Θεὸν
3653 5401 3713 5452 ἐν
3743 5401 3956 5472 ἀνθρω-

2376 5475 2504 5548 πεία
2537 5481 2718 5550 μορφῇ
2769 5483 3065 5552 πεφηνότα.
3099 5487 3226 5538 Ὅτε
3260 5489 3365 5560 γὰρ
3405 5490 3610 5562 πέφηνε
3652 5491 3776 5546 καθ’
3807 5495 3956 5566 ἡμᾶς

770 5726 847 5798 (1)
882 5727 1025 5798 Haec,
1051 5732 1262 5790 Διότι...
1287 5735 1350 5789 τὸ
1377 5737 1600 5808 ἀγαθόν,
1635 5749 1855 5812 propter
1890 5743 2267 5802 homoeoteleul

2366 5786 2371 5810 ,
2400 5755 2458 5805 ut
2485 5748 2719 5821 videtur,
2756 5757 2808 5811 in
2831 5759 3070 5819 editione
3102 5763 3331 5824 Aubcrti
3367 5767 3606 5822 deerant.
3647 5767 3809 5828 Eutr.
