4134 6516
206 449 318 506 205

1360 437 1426 497 1N
1462 437 1700 498 lSAlAM
1741 437 1866 499 LIB.
1912 445 1949 500 Ι.
1991 443 2196 502 ORAT.
2240 443 2304 501 ν.

3264 414 3469 505 ἐοο

207 565 236 615 ό
265 559 561 632 μονογενὴς
606 556 701 610 τοῦ
747 555 884 609 Θεοῦ
932 555 1127 622 Λόγος,
1163 557 1284 610 τότε
1334 559 1429 611 καὶ
1455 558 1645 627 γέγονε
1695 559 1790 611 καὶ

1895 575 2043 626 vero,
2073 572 2128 616 ιιι
2149 565 2398 622 ostendat
2421 577 2542 617 eum
2571 576 2696 619 vere
2719 565 2892 619 Deum
2922 564 3082 620 simul
3112 573 3168 619 et
3195 566 3468 622 hominem

209 651 330 723 μεθ’
357 649 538 721 ἡμῶν.
575 649 635 702 '0
663 649 774 721 γάρ
808 648 947 720 ὑπὲρ
995 649 1176 700 πᾶσαν
1209 647 1309 717 τὴν
1348 647 1546 711 κτίσιν,
1595 647 1789 715 γέγονε

205 741 332 798 καθ’
356 742 522 812 ἡμᾶς.
547 737 739 812 Ἀθρει
761 739 818 793 δὲ
849 740 1018 803 ὅπως,
1052 739 1140 792 ἵνα
1166 737 1316 809 δείξῃ
1347 738 1440 792 τὸν
1463 739 1625 793 αὑτὸν
1656 739 1788 811 ἀλη-

205 833 315 896 θῶς
347 832 481 885 Θεὸν
507 831 642 901 όμοῦ
674 832 768 885 καὶ
797 829 1084 902 ἄνθρωπον
1104 871 1118 896 ,
1155 830 1371 900 τίθησιν
1400 829 1488 883 ἐπ’
1517 829 1682 883 αὐτοῦ
1722 830 1791 884 τά

206 923 326 978 θεῖά
363 941 423 977 τε
463 924 558 976 καὶ
602 924 939 994 ἀνθρώπινα.
976 926 1098 978 ’Ότι
1131 925 1229 995 μὲν
1265 925 1372 994 γὰρ
1414 925 1475 977 ὲν
1506 925 1670 995 σαρκὶ
1698 925 1789 994 γέ-

205 1031 332 1083 γονε
378 1015 498 1066 κατ’
526 1014 800 1081 ἀλήθειαν,
844 1015 1102 1084 πειρᾶται
1156 1013 1542 1084 πληροφορεῖν,
1581 1013 1791 1084 τροφὴν

205 1107 356 1177 αὐτῷ
383 1106 706 1177 γεγενῆσθαι
731 1106 903 1173 λέγων
926 1104 1023 1176 τὴν
1047 1103 1261 1174 νηπίοις
1293 1103 1632 1174 πρέπουσαν,
1668 1102 1790 1172 βού-

202 1194 368 1265 τυρόν
392 1212 452 1248 τε
475 1195 565 1248 καὶ
591 1195 731 1264 μέλι.
769 1194 893 1247 Ὀτι
921 1194 996 1258 δὲ,
1034 1193 1212 1246 καίτοι
1253 1193 1386 1266 σὰρξ
1413 1193 1674 1261 γεγονὼς,
1702 1194 1791 1246 οὐο

203 1289 290 1341 δὲν
310 1286 477 1360 ἦττον
507 1288 657 1342 ἔσται
682 1287 949 1358 κρείττων
973 1286 1250 1358 ἁμαρτίας
1269 1287 1344 1350 ὡς
1364 1285 1521 1349 Θεὸς,
1549 1286 1789 1340 διδάσκει

203 1381 368 1434 πάλιν
395 1381 674 1451 ἐπιφέρων
695 1379 877 1441 εὐθύς·
916 1396 935 1429 ι
965 1380 1109 1432 Διότι
1130 1379 1259 1449 πρὶν
1288 1378 1320 1449 ἦ
1348 1377 1630 1446 γνῶναιτὸ
1661 1395 1788 1430 παι-

200 1472 311 1525 δίον
332 1472 586 1542 ἀγαθδνῆ
607 1471 798 1537 κακὸν,
827 1470 1045 1524 ἀπειθεῖ
1068 1469 1323 1540 πονηρίᾳ,
1345 1467 1439 1522 τοῦ
1469 1468 1790 1533 ἐκλέξασθαι

199 1565 260 1617 τὸ
287 1563 515 1632 ἀγαθόν.
552 1562 863 1634 Ἄνθρωποι
897 1562 994 1632 μὲν
1016 1560 1124 1632 γὰρ
1152 1560 1306 1613 οὔπω
1340 1561 1476 1632 πρὸς
1503 1559 1644 1630 ἥϐην
1667 1559 1790 1613 ὲλά-

200 1674 419 1719 σαντες,
455 1653 579 1708 οὔτε
617 1654 722 1724 μὴν
754 1655 833 1718 είς
875 1655 1071 1724 μέτρον
1106 1652 1321 1722 ἡλικίας
1355 1651 1666 1722 ἀφιγμένοι,
1691 1652 1790 1721 τῆς

197 1747 276 1809 ὡς
324 1747 435 1800 ἀπό
473 1764 531 1799 τε
574 1746 768 1818 χρόνου
816 1747 1077 1816 φρονήσει
1125 1744 1530 1815 τετιμημένης,
1577 1744 1686 1798 οὐδ’
1722 1742 1790 1797 ἂν

197 1836 310 1892 εἷεν
341 1839 481 1902 ὅλως
517 1837 817 1908 ἐπιτήδειοι
851 1836 1146 1908 διακρίνειν
1194 1835 1473 1899 δύνασθαι,
1513 1835 1568 1888 τί
1601 1835 1698 1906 μὲν
1724 1836 1789 1889 ἂν

197 1931 285 1999 ειη
334 1931 396 1983 τὸ
450 1903 761 1997 φαῦλονζτι
803 1922 864 1981 -δι
909 1903 1248 1995 τιάγαθόν·
1275 1926 1567 1989 καλοῦντος
1588 1903 1644 1978 δὲ
1684 1926 1785 1998 ἤδη
1822 1903 1862 1960 Β

199 2024 344 2095 πρὸς
373 2022 532 2074 τοῦτο
580 2020 794 2090 καιροῦ,
838 2020 958 2073 τότε
1008 2017 1118 2072 τῶν
1166 2018 1453 2088 πρακτέων
1497 2017 1787 2089 ἐλευθέραν

199 2113 484 2166 ποιοῦνται
521 2112 621 2182 τὴν
668 2111 899 2182 αἵρεσιν.
935 2111 1002 2163 Ἦ
1047 2110 1102 2163 δέ
1139 2127 1202 2178 γε
1245 2109 1366 2162 θεία
1394 2110 1488 2162 καὶ
1529 2110 1789 2163 ἀνωτάτω

197 2203 387 2274 φύσις,
421 2205 522 2257 οὐκ
551 2203 608 2258 ἔν
642 2219 707 2271 γε
745 2204 858 2265 τοῖς
888 2202 1008 2256 καθ’
1034 2203 1202 2272 ἡμᾶς,
1234 2201 1348 2256 ἀλλ’
1389 2203 1446 2254 ὲν
1507 2201 1659 2264 ἰδίοις
1696 2203 1789 2255 καὶ

196 2299 314 2359 τοῖς
345 2298 482 2367 αὐτῇ
509 2295 810 2366 πρέπουσιν
837 2293 1150 2364 ὑψώμασιν,
1183 2293 1381 2357 ἄϐατος
1407 2293 1493 2346 ἀεὶ
1524 2291 1789 2362 πονηρίας

197 2386 352 2438 ἐστίν
375 2403 389 2416 ·
421 2386 516 2438 καὶ
543 2385 668 2447 τοὺς
689 2385 787 2455 τῆς
816 2381 1152 2453 φαυλότητος
1178 2383 1491 2435 ἀποσείεται
1530 2381 1787 2451 τρόπους,

195 2475 257 2527 οὐ
297 2465 680 2544 ’πειραζομένη
717 2472 897 2536 ποθὲν,
921 2474 1020 2525 οὐκ
1045 2471 1269 2543 ὄχλησιν
1291 2472 1660 2543 ὑπομένουσα,
1689 2489 1789 2540 φυ-

197 2567 375 2629 σικῶς
400 2566 457 2618 δὲ
486 2565 683 2636 μᾶλλον
706 2565 801 2617 καὶ
821 2564 1093 2627 οὺσιωδῶς
1112 2562 1416 2617 ἀπειθοῦσα
1441 2567 1507 2634 τῇ
1533 2563 1786 2634 πονηρίᾳ.

195 2661 309 2713 Καὶ
333 2659 398 2712 οὐ
430 2659 553 2712 καθ’
577 2657 786 2728 ἓτεφον,
814 2652 990 2728 οἶμαι,
1018 2657 1239 2726 τρόπον,
1258 2655 1498 2726 ἢῶσπερ
1534 2655 1600 2708 ἂν
1633 2655 1684 2706 εί
1705 2671 1788 2718 τις

193 2752 353 2820 λέγοι
385 2752 514 2822 περὶ
545 2749 640 2803 τοῦ
676 2748 874 2818 φωτὸς,
901 2749 984 2801 ὅτι
1018 2747 1238 2801 ἀπειθεῖ
1273 2764 1377 2800 που
1403 2741 1541 2800 εἶναι
1575 2747 1785 2810 σκότος.

192 2845 270 2897 Οὐ
303 2845 422 2914 γὰρ
465 2843 718 2912 ἀνέχεται
751 2840 945 2894 παθεῖν
991 2840 1053 2892 τὸ
1099 2839 1173 2910 μὴ
1212 2835 1350 2892 εἴναι
1401 2837 1538 2907 φῶς.
1570 2837 1788 2900 Φύσεως

191 2929 287 2988 οὗν
325 2934 441 3004 ἄρα
469 2933 567 3003 τῆς
598 2932 751 2992 θείας
779 2931 840 2983 τὸ
865 2931 953 2983 ἀεὶ
993 2929 1240 3000 πεπηγὸς
1263 2931 1343 2992 είς
1370 2929 1431 2981 τὸ
1455 2928 1658 2998 ἀγαθὸν
1688 2945 1788 2981 και

191 3023 534 3094 τασημαίνει
581 3021 877 3090 λέγων,ὅτι
919 3039 937 3072 ι
973 3021 1213 3074 Ἀπειθεῖ
1239 3019 1475 3090 πονηρίᾳ
1509 3019 1605 3072 τοῦ
1634 3019 1786 3073 ἐκλέ-

193 3115 399 3180 ξασθαι
421 3115 486 3167 τὸ
517 3114 742 3183 ἀγαθόν.
777 3133 794 3166 ι
843 3112 1066 3182 Ἀληθές
1113 3112 1170 3164 δὲ
1194 3111 1351 3166 τοῦτο
1383 3111 1480 3164 καὶ
1503 3111 1591 3163 ἐπ’
1619 3111 1782 3164 αὐτοῦ

1891 650 2078 716 fuisse,
2103 667 2206 722 quo
2234 664 2392 722 pacto
2420 654 2468 709 ei
2492 655 2673 710 divina
2696 665 2752 711 et
2775 657 3008 711 humana
3033 657 3311 713 attribuat.
3337 658 3469 713 Nam

1893 745 1944 797 in
1975 758 2138 800 carne
2161 745 2332 801 fuisse
2357 761 2505 813 vere,
2535 755 2766 802 conatur
2790 758 2942 802 certo
2971 750 3322 818 persuadere,
3347 765 3468 804 cum

1892 835 2045 904 dicit,
2075 837 2252 891 cibum
2287 838 2334 894 ei
2370 840 2485 895 fore
2508 839 2749 908 parvulis
2779 841 3182 897 convenientem
3217 843 3468 914 butyrum

1889 935 1941 979 et
1977 927 2101 982 mel.
2134 927 2291 992 Quod
2335 928 2498 982 etiam
2530 929 2655 984 licet
2694 944 2825 983 caro
2856 930 3148 994 exstiterit,
3197 932 3470 988 nihii'omi-

1891 1031 1993 1069 nus
2046 1015 2260 1072 iuturus
2311 1027 2458 1072 esset
2503 1028 2726 1086 peccato
2776 1019 3060 1087 superior,
3104 1017 3246 1074 Deus
3276 1006 3468 1075 iterum

1892 1105 2053 1162 docet
2077 1122 2199 1161 cum
2233 1123 2356 1162 mox
2389 1107 2551 1162 infert
2581 1127 2594 1162 :
2625 1109 2925 1178 Antequam
2947 1110 3084 1164 sciat
3118 1125 3250 1179 puer
3271 1111 3469 1166 bonum

1889 1198 1975 1250 vel
2033 1199 2271 1260 malum,
2328 1198 2545 1253 malitiae
2599 1215 2702 1253 non
2757 1199 3127 1269 obtemperat,
3185 1209 3246 1254 ut
3307 1202 3473 1272 eligat

1891 1287 2110 1342 bonum.
2186 1288 2446 1345 Homines
2515 1291 2656 1344 enim
2719 1291 2955 1346 nondum
3013 1292 3079 1346 ad
3131 1293 3469 1362 pubertatem

1891 1380 2151 1449 provecti,
2185 1380 2341 1451 123
2378 1396 2476 1434 nec
2530 1396 2833 1436 mensuram
2866 1383 3041 1437 {etatis
3066 1384 3298 1436 assecuti
3327 1385 3471 1453 (qua:

1893 1469 2009 1539 ipso
2038 1479 2276 1539 tempore
2323 1471 2601 1540 prudentia
2633 1471 2844 1526 exculta
2874 1483 2965 1527 est
2993 1483 3047 1526 et
3086 1477 3339 1543 ornata),
3376 1487 3471 1528 nec

1891 1575 2156 1629 quaquam
2205 1561 2418 1616 habiles
2462 1570 2517 1615 et
2561 1562 2734 1616 idonei
2785 1578 2904 1617 esse
2944 1571 3192 1633 possunt,
3243 1573 3301 1617 ιιι
3338 1563 3471 1633 quid

1889 1649 2165 1714 vitiosum,
2201 1649 2329 1719 quid
2357 1651 2558 1704 bonum
2601 1652 2691 1716 sit,
2731 1651 2953 1706 valeant
2983 1652 3318 1707 decernere:
3345 1667 3468 1707 cum

1891 1745 2069 1793 autem
2091 1739 2156 1792 ad
2194 1739 2246 1794 id
2279 1748 2496 1809 tempus
2532 1750 2710 1805 vocat,
2750 1749 2876 1796 tunc
2924 1757 3103 1796 rerum
3137 1743 3467 1812 agendarum

1893 1831 2112 1885 liberam
2128 1829 2443 1887 facultatem
2471 1831 2690 1888 habent.
2715 1831 2905 1886 Divina
2929 1842 3108 1889 autem
3131 1844 3186 1888 et
3213 1845 3465 1904 suprema

1891 1931 2104 1990 natura,
2140 1924 2194 1977 in
2223 1923 2555 1979 sublimitate
2575 1925 2808 1993 quadam
2843 1940 2949 1979 non
2984 1935 3186 1992 nostra,
3215 1927 3310 1981 sed
3343 1942 3467 1997 pro-

1889 2013 2004 2084 pria
2038 2022 2094 2068 et
2123 2014 2226 2069 sibi
2270 2023 2606 2085 congruente
2649 2015 2841 2070 collata
2885 2025 2990 2080 est,
3022 2017 3088 2070 ad
3119 2031 3278 2086 quam
3320 2016 3472 2072 mali-

1891 2102 1980 2156 tia
2018 2116 2297 2158 accessum
2362 2119 2468 2158 non
2533 2104 2734 2171 habet;
2794 2105 3024 2174 vitiique
3081 2119 3243 2160 cuine
3299 2096 3470 2175 genus

1888 2197 2115 2263 excutit,
2169 2213 2277 2254 non
2333 2205 2540 2254 tentata
2595 2199 2910 2270 aliquando,
2973 2200 3470 2269 perturbationibus

1890 2283 2091 2357 vacua;
2136 2291 2245 2346 imo
2286 2301 2478 2347 natura
2529 2306 2627 2347 sua
2676 2301 2732 2347 et
2778 2291 3046 2360 essentia,
3104 2291 3322 2347 malitiae
3360 2307 3470 2347 non

1888 2383 2294 2453 obtemperans.
2353 2383 2470 2439 Non
2516 2384 2698 2452 aliter,
2750 2383 2934 2450 credo,
2969 2398 3129 2454 quam
3161 2385 3207 2440 si
3253 2385 3372 2455 quis
3401 2385 3472 2439 de

1888 2473 2009 2530 luce
2039 2475 2202 2542 dicat,
2230 2476 2372 2545 quod
2398 2474 2716 2547 refragetur,
2741 2491 2864 2532 esse
2889 2477 3086 2548 caligo,
3121 2485 3176 2530 ut
3203 2478 3346 2531 enim
3379 2477 3469 2532 lux

1888 2579 1998 2620 non
2028 2566 2119 2631 sit,
2149 2565 2295 2620 ferre
2327 2583 2431 2621 non
2461 2576 2656 2637 potest.
2683 2567 2896 2621 Natura:
2917 2568 3078 2638 igitur
3102 2567 3297 2621 divinte
3326 2581 3467 2632 esse,

1889 2669 2109 2727 semper
2140 2656 2286 2713 bono
2319 2657 2619 2726 adhaerere,
2649 2657 2908 2722 declarat,
2943 2672 3063 2712 cum
3087 2657 3182 2722 ait,
3210 2671 3329 2712 eam
3362 2671 3469 2712 non

1887 2748 2268 2817 obtemperare
2304 2749 2552 2814 malitiae,
2597 2764 2705 2817 quo
2757 2747 2956 2803 bonum
3006 2747 3189 2817 eligat.
3225 2748 3378 2815 Quod
3413 2751 3468 2804 in

1888 2840 2005 2910 ipso
2031 2840 2252 2896 Christo
2278 2856 2463 2896 verum
2481 2850 2581 2895 est.
2605 2839 2718 2896 Etsi
2748 2839 2891 2894 enim
2919 2841 3131 2910 genitus
3155 2839 3256 2895 fuit
3283 2855 3472 2896 secun-

1888 2930 2014 2986 dum
2055 2946 2272 2988 carnem
2307 2947 2403 3002 per
2441 2942 2684 2987 sanctam
2740 2929 3038 3000 Virginem,
3076 2929 3220 2987 Deus
3272 2942 3468 2986 natura

1887 3031 1943 3076 et
1961 3037 2023 3076 ex
2078 3021 2188 3076 Deo
2246 3031 2405 3076 natus
2456 3021 2690 3077 Verbum
2735 3032 2960 3078 :tamen
3014 3037 3081 3076 ex
3124 3023 3281 3077 vulva
3325 3033 3466 3088 erat,

1889 3123 1944 3168 et
1977 3123 2103 3168 ante
2139 3115 2332 3183 ipsam,
2373 3115 2480 3168 imo
2509 3125 2562 3168 et
2585 3124 2713 3168 ante
2740 3128 2902 3168 omne
2940 3113 3218 3179 saeculum,
3249 3125 3471 3169 sanctus

190 3209 286 3264 τοῦ
318 3207 585 3278 Χριστοῦ.
619 3206 684 3260 Ei
714 3205 824 3275 γὰρ
858 3205 955 3257 καὶ
984 3204 1277 3274 γεγένηται
1307 3201 1450 3254 κατὰ
1497 3201 1674 3270 σάρκα
1700 3201 1788 3255 διὰ

1891 3203 2145 3270 utDeus,
2185 3218 2216 3257 a
2256 3218 2352 3260 sua
2398 3205 2759 3275 praerogativa
2813 3219 2921 3259 non
2975 3204 3298 3259 deturbatus
3346 3219 3470 3274 pro-

190 3302 294 3372 τῆς
315 3299 484 3368 ἁγίας
517 3297 819 3369 Παρθένου,
845 3295 976 3359 Θεδς
1003 3293 1079 3347 ὢν
1110 3293 1269 3362 φύσει
1304 3295 1399 3347 καὶ
1431 3295 1496 3346 ὲκ
1524 3293 1659 3346 Θεοῦ
1686 3309 1782 3346 πε-

191 3391 444 3464 φηνὼςό
473 3390 662 3458 Λόγος,
692 3388 809 3442 ἀλλ’
835 3383 903 3458 ἦν
943 3388 1007 3439 ἐκ
1053 3387 1264 3456 μήτρας
1307 3386 1399 3438 καὶ
1439 3385 1546 3456 πρὸ
1589 3385 1779 3455 αὐτῆς,

195 3485 410 3554 μᾶλλον
431 3482 488 3536 δὲ
517 3483 610 3534 καὶ
639 3480 747 3552 πρὸ
770 3479 968 3540 παντὸς
990 3478 1184 3540 αἰῶνος
1215 3478 1368 3545 ἅγιος
1391 3477 1465 3540 ὡς
1495 3477 1648 3542 Θεὸς,
1678 3477 1787 3531 τῶν

195 3575 352 3628 ἰδίων
401 3570 896 3642 πλεονεκτημάτων
924 3569 1024 3622 οὑκ
1067 3567 1440 3637 ἀπολισθήσας
1469 3566 1560 3619 διά
1590 3566 1651 3618 τὸ
1697 3567 1790 3619 ἀν-

192 3668 508 3739 θρώπινον
541 3664 656 3718 ἀλλ’
690 3662 811 3716 οὐδὲ
857 3661 965 3714 τῶν
1003 3660 1359 3731 ἀνθρωπίνων
1393 3659 1674 3730 ἀμελήσας
1701 3658 1790 3713 διὰ

191 3761 295 3830 τὴν
331 3756 652 3826 οἰκονομίαν
681 3773 694 3785 ·
721 3755 810 3807 ἵνα
854 3752 1214 3822 πιστεύσηται
1252 3751 1370 3805 κατ’
1411 3750 1668 3820 ἀλήθειαν
1698 3766 1791 3818 γε-

193 3849 383 3919 γονὼς
411 3847 535 3901 καθ’
561 3849 733 3918 ἡμᾶς,
760 3847 855 3899 καὶ
887 3844 1056 3916 αὐτὴν
1085 3843 1244 3914 ἡμῶν
1277 3842 1481 3914 ἁγιάσῃ
1507 3841 1606 3912 τὴν
1640 3840 1790 3910 γένε-

195 3956 304 3995 σιν.
340 3936 792 4008 Καταλειφθῆναι
816 3935 872 3988 δέ
905 3951 1036 4004 φησι
1067 3934 1164 4004 τὴν
1193 3934 1316 4003 γῆν,
1343 3934 1470 4003 περὶ
1499 3929 1568 4004 ἦς
1593 3933 1792 4003 ὑφορᾶ-

193 4045 288 4085 ται
343 4031 444 4084 καὶ
505 4029 694 4082 ἐδεδίει
741 4030 807 4080 ὲκ
853 4025 1147 4097 προσώπου
1201 4025 1310 4077 τῶν
1352 4024 1446 4077 δύο
1505 4023 1786 4094 βασιλέων.

198 4125 436 4194 Ὅμοιον
469 4121 527 4174 δὲ
556 4120 686 4172 ὡσεὶ
720 4121 813 4173 καὶ
835 4118 983 4186 λέγοι
1014 4116 1200 4187 σαφῶς
1220 4133 1234 4147 ·
1271 4118 1438 4170 Ὅταν
1458 4119 1490 4188 ἡ
1513 4116 1791 4184 Παρθένος

195 4217 256 4269 ὲν
282 4214 495 4284 γαστρὶ
529 4211 770 4264 λαϐοῦσα
812 4211 984 4273 τέκοι,
1021 4211 1105 4273 σὺ,
1150 4203 1194 4262 ὦ
1221 4203 1374 4272 οἶκος
1415 4207 1597 4272 Δαὸὶδ,
1633 4206 1792 4260 καλέο

195 4321 320 4370 σεις
368 4304 433 4357 τδ
479 4303 652 4372 ὖνομα
699 4301 865 4355 αὐτοῦ
905 4298 1289 4370 Ἐμμανουήλ·
1323 4298 1444 4350 τότε
1493 4299 1694 4359 πάντες
1740 4300 1790 4350 οί

194 4395 674 4470 παρενοχλοῦντες
715 4395 784 4464 τῇ
831 4387 964 4462 ἁγία
1004 4393 1074 4462 γῇ
1131 4389 1548 4458 καταλείψουσιν
1597 4388 1787 4458 αὐτήν.

198 4491 409 4542 Ἔσται
443 4487 552 4557 γάρ
597 4484 782 4537 οὐκέτι
827 4481 966 4553 βατὴ
1011 4483 1124 4544 τοῖς
1167 4479 1410 4532 ἐθέλουσι
1462 4477 1788 4551 καταδῃοῦν.

1895 3305 2016 3364 pter
2045 3295 2458 3362 humanitatem;
2490 3296 2582 3350 sed
2609 3310 2708 3350 nec
2729 3297 2962 3350 humana
2991 3295 3226 3366 neglexit
3253 3303 3471 3364 propter

1894 3387 2446 3454 administrationem,
2479 3387 2555 3442 ita
2586 3389 2664 3442 uti
2689 3388 2948 3443 credatur
2968 3402 3095 3444 vere
3119 3397 3318 3444 nostra:
3342 3404 3470 3445 con-

1893 3479 2114 3533 ditionis
2143 3477 2312 3533 iuisse
2340 3517 2356 3543 ,
2391 3488 2445 3533 et
2472 3487 2714 3534 nostram
2749 3480 2888 3534 hanc
2915 3480 3243 3536 creationem
3267 3480 3470 3536 sancti-

1891 3569 2100 3625 ilcasse.
2166 3568 2593 3641 Relinquendam
2663 3580 2924 3639 praeterea
2999 3572 3194 3627 asserit
3265 3580 3466 3626 terram

1890 3674 2050 3730 quam
2099 3661 2408 3732 suspicatur
2438 3671 2492 3718 et
2522 3663 2697 3728 timet,
2739 3677 2770 3716 a
2815 3663 2953 3718 facie
2995 3664 3222 3718 duorum
3255 3679 3464 3735 regum.

1891 3751 2080 3809 Simile
2117 3763 2294 3808 autem
2335 3762 2417 3809 est
2445 3769 2510 3808 ac
2554 3753 2601 3809 si
2633 3753 2754 3823 quis
2797 3753 2943 3808 dicat
2985 3764 3209 3824 aperte:
3240 3754 3468 3823 Quando

1891 3842 2056 3914 Virgo
2081 3855 2367 3914 praegnans
2407 3845 2698 3915 pepererit,
2729 3852 2785 3900 et
2815 3855 2902 3910 tu,
2950 3861 2983 3899 ο
3022 3846 3214 3900 domus
3261 3845 3463 3912 David,

1890 3935 2110 3990 vocabis
2161 3951 2354 3991 nomen
2409 3937 2526 4006 ejus
2573 3936 2888 3992 Emmanuel
2927 3956 2940 3992 :
2985 3945 3114 3992 tunc
3155 3953 3342 3994 omnes
3375 3940 3466 4007 qui

1891 4027 2130 4098 amigunt
2167 4037 2414 4082 sanctam
2449 4038 2672 4094 terram,
2717 4028 3022 4098 relinquent
3053 4043 3197 4094 eam,
3240 4043 3338 4084 nec
3363 4031 3468 4085 erit

1891 4119 2145 4190 deinceps
2170 4121 2327 4174 obvia
2361 4119 2451 4174 ulli
2479 4119 2787 4175 vastitatem
2818 4121 3017 4175 inferre
3044 4119 3265 4175 volenti.
3304 4121 3470 4190 Spiri-

1893 4211 2051 4264 tualis
2073 4225 2202 4266 vero
2238 4213 2353 4266 haec
2384 4212 2578 4268 oratio.
2623 4211 2761 4268 Nato
2796 4213 2941 4267 enim
2985 4211 3356 4279 Emmanuele,
3403 4231 3467 4268 ea

1892 4315 2011 4370 quae
2039 4315 2164 4355 vere
2195 4300 2334 4354 facta
2369 4310 2511 4356 terra
2542 4311 2624 4357 est
2654 4301 2865 4366 civitas,
2904 4302 2956 4354 id
2987 4309 3071 4355 est
3115 4299 3379 4365 Ecclesia,
3415 4301 3469 4355 in

1890 4394 2086 4446 bonam
2131 4405 2277 4460 spem
2308 4401 2500 4446 vocata
2538 4402 2642 4458 est,
2675 4407 2971 4462 omnesque
3005 4393 3187 4448 hostes
3219 4392 3467 4459 calcavit,

1891 4483 1982 4550 qui
2031 4483 2290 4536 invictam
2335 4483 2481 4536 illam
2530 4484 2792 4550 videntes,
2828 4493 3190 4549 recesserunt,
3246 4493 3302 4538 et
3342 4493 3400 4538 ut
3437 4498 3469 4536 a

195 4576 590 4648 Ηνευματικος
618 4576 673 4628 δὲ
711 4579 740 4628 ό
763 4573 940 4642 λόγος.
969 4571 1325 4643 Γεννηθέντος
1369 4571 1478 4640 γὰρ
1519 4569 1613 4622 τοῦ
1661 4570 1790 4639 Ἐμ-

1897 4572 2006 4626 Deo
2054 4581 2428 4627 conservatam
2481 4573 2840 4644 reliquerunt.
2883 4574 2994 4642 Ego
3032 4575 3176 4627 enim
3227 4587 3322 4628 ero
3370 4572 3469 4640 iiii,

199 4666 474 4738 μανουὴλ,
504 4668 537 4738 ἡ
563 4664 781 4736 ἀληθῶς
810 4664 942 4731 ἁγία
969 4663 1040 4733 γῆ
1075 4664 1168 4715 καὶ
1199 4661 1372 4725 πόλις,
1405 4661 1547 4714 τοῦτ’
1578 4659 1724 4712 ἔστιν
1756 4659 1790 4729 ἡ

1900 4657 2031 4711 dictt
2061 4656 2347 4722 Dominus,
2383 4673 2568 4714 murus
2613 4660 2800 4729 igneus
2829 4661 3280 4730 circumquaque,
3319 4670 3374 4715 et
3413 4661 3469 4714 in

210 4757 546 4827 Ἐκκλησία,
579 4755 800 4824 γέγονεν
837 4755 895 4806 ὲν
929 4750 1081 4822 καλῷ
1104 4753 1203 4822 τῆς
1229 4751 1462 4815 ἐλπίδος,
1496 4751 1588 4804 καὶ
1613 4751 1790 4804 πάντα

1897 4748 2124 4818 gloriam
2155 4763 2250 4804 ero
2282 4749 2333 4804 in
2368 4751 2541 4804 medio
2572 4749 2709 4820 ejus.

199 4852 531 4921 πεπάτηκεν
561 4848 776 4919 ἐχθρὸν,
812 4848 862 4900 οἳ
899 4847 994 4899 καὶ
1044 4840 1254 4915 ἄμαχον
1312 4845 1514 4906 εἰδότες
1569 4841 1738 4912 αὐτὴν
1793 4842 2248 4912 ἀνακεχωρήκασι
2273 4881 2289 4907 ,
2337 4843 2787 4906 καταλελοιπότες
2839 4844 2914 4908 ὡς
2969 4844 3119 4914 παρὰ
3168 4843 3303 4898 Θεοῦ
3366 4861 3472 4899 σω·-

201 4946 471 5016 ζομένην.
512 4943 659 5012 Ἐγὼ
705 4943 816 5015 γάρ
871 4941 1066 5011 ἔσομαι
1105 4940 1264 5009 αὐτῇ,
1305 4939 1452 5006 λέγει
1500 4937 1727 5007 Κύριος,
1771 4939 1947 5006 τεῖχος
2017 4937 2188 5007 πυρὸς
2231 4938 2512 5006 κυκλόθεν,
2541 4940 2635 4994 καὶ
2676 4942 2756 5003 εἰς
2780 4940 2937 5006 δόξαν
2980 4940 3172 5010 ἔσομαι
3213 4943 3271 4995 έν
3323 4942 3474 5013 μέσῳ

201 5043 402 5112 αὐτῆς.

848 5147 1067 5205 ΛΟΓΟΣ
1091 5148 1164 5202 E’.

294 5285 452 5338 Ἀλλ’
482 5282 691 5346 ἐπάξει
716 5283 931 5350 Κύριος
953 5279 1050 5333 ἐπὶ
1086 5276 1162 5332 σὲ
1187 5319 1202 5341 ,
1234 5277 1332 5329 καὶ
1370 5275 1466 5328 ἐπὶ
1512 5275 1616 5329 τὸν
1648 5277 1790 5330 λαόν

1972 5286 2132 5341 Vsus.
2171 5287 2258 5342 Π.
2319 5286 2427 5343 Sed
2478 5288 2680 5341 invehat
2727 5288 2983 5343 Dominus
3029 5290 3142 5354 tibi,
3190 5301 3238 5344 et
3279 5293 3472 5361 populo

205 5393 352 5440 σου,
383 5376 483 5428 καί
517 5376 614 5429 ἐπὶ
641 5375 748 5428 τὸν
772 5375 942 5428 οἷκον
977 5371 1085 5425 τοῦ
1134 5371 1357 5437 πατρός
1393 5384 1510 5422 σου
1539 5367 1790 5438 ἡμέρας,

1896 5389 2010 5442 tuo,
2042 5391 2092 5432 et
2115 5379 2297 5434 domui
2325 5380 2492 5447 patris
2519 5381 2596 5433 tui
2640 5381 2772 5444 dies,
2799 5381 2980 5451 quales
3014 5399 3116 5437 non
3139 5395 3405 5450 uenerunt,
3437 5403 3468 5437 a

204 5469 272 5521 αἲ
328 5466 565 5520 οὐδέπω
642 5467 903 5534 ἢκασιν,
968 5463 1068 5533 ἀφ’
1119 5458 1195 5532 ἧς
1262 5460 1486 5531 ἡμέρας
1550 5460 1790 5529 ἀφεῖλεν

1896 5468 1982 5521 die
2010 5485 2112 5538 quo
2151 5468 2368 5524 abstulit
2412 5468 2670 5541 Epitraim
2707 5489 2739 5526 a
2789 5470 2934 5526 Iuda
2969 5476 3258 5545 principem
3303 5477 3466 5544 Assy-

219 5559 478 5628 Ἐςρραῖμ
537 5557 658 5612 ἀπὸ
723 5555 918 5611 Ἰούδα
981 5555 1088 5608 τὸν
1137 5552 1404 5617 βασιλέα
1468 5550 1586 5606 τῶν
1653 5553 1790 5605 Ἀσ-
1897 5558 2117 5613 riorum.

206 5651 463 5718 συρίων.

284 5757 722 5828 τεθορυϐημένω
759 5756 878 5812 λίαν
906 5756 984 5826 τῷ
1023 5749 1198 5828 ’Ἄχας
1248 5756 1340 5809 ἐπὶ
1392 5757 1460 5823 τῇ
1510 5751 1797 5823 συμφωνίᾳ

210 5848 329 5902 τῶν
357 5848 450 5902 δύο
475 5848 760 5915 βασιλέων,
782 5849 875 5902 τοῦ
905 5865 963 5901 τε
997 5847 1278 5903 Ῥαασσὼν
1323 5849 1416 5900 καὶ
1457 5845 1552 5898 τοῦ
1582 5847 1756 5901 Φακεὲ
1780 5886 1794 5913 ,

2415 5147 2574 5220 124
2603 5147 2857 5205 ORATIO
2901 5148 2962 5203 v.

1973 5755 2214 5812 Turbato
2258 5755 2544 5824 plurimum
2595 5757 2810 5815 Achazo
2865 5769 3082 5829 propter
3117 5758 3474 5826 conspiratio-

1905 5861 2026 5899 nem
2056 5847 2287 5902 duorum
2313 5862 2520 5918 regunt,
2552 5846 2834 5905 thaasson
2864 5859 2918 5904 et
2943 5848 3171 5915 Pbacee,
3203 5847 3470 5915 pollicitus
