4742 6546
591 102 634 220 ll

594 175 631 240 ει

596 433 634 544 Ξ

1297 430 1402 486 207
2289 421 2347 477 S.
2389 418 2666 478 CYBlLLl
2707 414 3176 472 ALEXANDRINI
3215 411 3531 471 ARCHIEP.
4424 417 4506 476 eos

1299 558 1383 602 est
1433 541 1808 602 universitatis
1851 538 1991 594 Deus
2036 536 2334 592 subsidium
2369 555 2381 592 :
2413 546 2469 591 et
2512 537 2566 590 in
2613 536 2716 589 fide
2744 549 2868 590 eum
2898 544 2941 600 Α
2973 549 3172 586 κατεπτ

2633 536 2716 589 ide
2744 549 2868 590 eum
2898 544 2941 600 Α
2973 531 3444 602 κατεπηγγέλλετο
3499 531 3598 601 μὲν
3648 529 3745 601 τὴν
3797 527 4119 599 ἐπικουρίαν
4173 529 4204 582 ὁ
4253 529 4353 582 τῶν
4399 533 4506 588 ὅλων

1300 637 1485 692 volens
1515 633 1889 692 corroborare,
1935 629 2151 698 signum
2197 637 2379 696 petere
2412 625 2573 698 jussit
2605 644 2622 677 ι
2666 625 2718 678 in
2761 639 2878 692 pro-

1302 725 1502 784 fundo,
1541 722 1653 776 sive
1684 721 1734 774 in
1772 717 2008 773 excelso.
2047 736 2066 770 ι
2109 715 2394 772 Renuente
2427 727 2606 770 autem
2637 715 2876 778 Achazo,

1297 824 1354 868 et
1380 810 1788 883 perversissime
1817 809 2066 864 dicente:
2092 805 2207 860 Non
2229 814 2427 876 petam,
2456 819 2630 874 neque
2661 803 2878 857 tentabo

1302 902 1583 956 Dominum
1641 899 1911 969 (attendit
1963 898 2107 952 enim
2162 896 2337 965 magis
2387 909 2647 948 vanorum
2696 903 2876 946 vatum

1298 990 1613 1061 imposturis
1643 1002 1684 1058 ),
1732 1003 1827 1043 sua
1871 996 2064 1057 sponte
2106 984 2508 1055 quodammodo
2563 983 2703 1038 Deus
2764 982 2881 1053 ipse

1297 1083 1479 1138 domui
1517 1080 1741 1134 Davidis
1773 1080 1987 1148 signum
2019 1076 2284 1131 exhibuit.
2321 1075 2459 1130 Ecce
2485 1073 2652 1137 enim,
2685 1072 2878 1142 inquit,

1302 1174 1455 1240 virgo
1495 1172 1548 1224 in
1586 1178 1742 1223 utero
1787 1167 2024 1233 habebit,
2073 1176 2127 1222 et
2177 1166 2352 1234 pariet
2398 1165 2587 1228 lilium,
2636 1174 2692 1220 et
2723 1178 2882 1218 voca-

1296 1260 1433 1315 bunt
1477 1274 1672 1313 nomen
1723 1257 1841 1328 ejus
1888 1255 2226 1312 Emmanuel.
2263 1253 2524 1310 Oratione
2568 1254 2780 1309 demum
2815 1254 2882 1307 de

1298 1351 1382 1404 bis
1407 1364 1541 1404 sane
1572 1348 1712 1403 belle
1742 1347 2012 1412 confecta,
2051 1345 2316 1400 transfert
2350 1361 2538 1399 rursus
2578 1344 2879 1397 futurorum

1298 1440 1698 1509 praedictionem
1722 1439 1788 1493 ad
1820 1438 1988 1506 ipsius
2013 1436 2210 1493 Acbazi
2240 1451 2550 1506 personam.
2587 1435 2879 1506 Oportebat

1294 1533 1466 1594 enim,
1503 1531 1790 1599 Oportebat
1815 1527 2006 1584 salutis
2041 1543 2139 1597 per
2165 1527 2436 1582 Christum
2469 1527 2877 1596 praenuntiatio-

1297 1638 1420 1679 nem
1461 1621 1577 1675 fieri
1625 1621 1691 1675 ad
1729 1635 1824 1675 eos
1847 1620 1936 1690 qui
1967 1635 2033 1673 cx
2080 1619 2280 1673 familia
2321 1627 2478 1674 erant
2519 1618 2791 1682 Davidica,
2830 1617 2881 1672 id

1294 1723 1379 1770 est
1429 1728 1495 1769 ex
1549 1712 1691 1766 tribu
1749 1711 1908 1776 Juda,
1959 1712 2026 1766 de
2081 1727 2184 1782 qua
2241 1719 2392 1766 ortus
2444 1719 2529 1765 est
2584 1709 2877 1764 secundum

2981 623 3132 685 Θεός’
3161 621 3347 692 ἐπειδὴ
3374 621 3431 675 δὲ
3455 619 3864 692 προσεμπεδοῢν
3915 618 4105 689 ἢθελεν
4137 621 4214 682 είς
4250 620 4413 674 πίστιν
4429 625 4508 676 αύ-

2981 715 3092 777 τδν,
3149 714 3318 766 αίτεῖν
3368 712 3618 766 ἐκέλευσε
3687 714 3948 782 σημεῖον,
4013 730 4031 762 ι
4074 710 4154 772 είς
4204 710 4413 782 βάθοςῆ
4449 716 4510 778 είς

2982 805 3133 875 ὕψος.
3167 823 3186 856 ι
3221 805 3658 874 Παραιτουμένου
3690 804 3747 856 δὲ
3769 802 3864 856 τοῦ
3909 802 4104 872 Ἀχαζ,
4131 803 4225 855 καὶ
4251 802 4513 874 δυστροπώ-
4564 867 4569 874 ,

2981 915 3118 951 τατα
3146 897 3413 965 λέγοντος,
3439 897 3512 949 Οὐ
3547 895 3622 967 μὴ
3649 897 3874 966 αἰτήσω,
3922 895 4032 949 οὐδ’
4078 894 4140 948 ού
4183 894 4255 966 μὴ
4306 897 4512 966 πειράσω

2981 988 3186 1058 Κύριον
3211 988 3429 1059 (ἐζήτει
3466 987 3576 1058 γὰρ
3603 987 3800 1058 μᾶλλον
3825 987 3951 1049 τοὺς
4002 987 4068 1039 ὲκ
4104 985 4214 1039 τῶν
4252 985 4514 1057 ψευδομάν-

2979 1097 3118 1132 τεων
3141 1079 3558 1149 φενακισμοὺς),
3596 1079 3932 1148 ηὐτομόλησε
3980 1079 4183 1149 τρόπον
4228 1078 4343 1132 τινά
4379 1079 4512 1143 Θεὸς,

2982 1166 3175 1238 καὶτῷ
3205 1167 3338 1237 οἴκῳ
3369 1166 3531 1220 Δαϐὶδ
3586 1165 3756 1219 ἐδίδου
3792 1169 4017 1235 σημεῖον
4069 1166 4251 1231 αὑτός.
4304 1168 4512 1235 Ἔφασκε

2981 1259 3109 1330 γάρ·
3149 1277 3167 1309 ι
3204 1258 3336 1312 Ἰδοὺ
3375 1262 3408 1329 ἡ
3445 1257 3708 1329 παρθένος
3735 1259 3793 1312 ὲν
3818 1259 4016 1329 γαστρὶ
4053 1257 4186 1322 ἕξει,
4222 1259 4312 1312 καὶ
4337 1259 4512 1324 τέξεται

2983 1350 3116 1415 υἱὸν,
3173 1349 3269 1403 καὶ
3312 1347 3561 1411 καλέσεις
3615 1347 3676 1400 τὸ
3717 1347 3888 1417 δνομα
3920 1347 4088 1401 αὐτοῦ
4130 1346 4510 1416 Ἐμμανουήλ.»

2995 1439 3209 1512 Ἐπειδὴ
3237 1440 3294 1492 δὲ
3326 1441 3354 1493 ὁ
3385 1440 3510 1509 περὶ
3558 1439 3761 1493 τούτων
3798 1435 3856 1492 εὖ
3895 1439 4040 1509 μάλα
4073 1437 4427 1509 διεπεραίνετο
4449 1437 4514 1490 λό-

2981 1546 3097 1598 γος,
3137 1528 3420 1599 μεθίστησι
3447 1528 3606 1581 πάλιν
3637 1527 3746 1580 τῶν
3775 1527 4046 1599 ἐσομένων
4078 1526 4179 1597 τὴν
4218 1527 4512 1597 προαγόρευ-

2983 1637 3085 1684 σιν,
3121 1619 3206 1672 ἐπ’
3239 1619 3368 1673 αὐτὸ
3417 1619 3508 1672 τοῦ
3571 1619 3748 1690 ’Δχαζ
3789 1618 3852 1672 τὸ
3885 1619 4197 1690 πρόσωπον.
4251 1619 4512 1687 Ἐ-δειγὰρ,

2981 1711 3089 1765 ἔδει
3120 1709 3392 1781 σωτηρίας
3431 1711 3528 1781 μὲν
3567 1712 3666 1781 τῆς
3722 1709 3810 1762 διά
3867 1709 4109 1781 Χριστοῦ
4169 1711 4410 1778 γενέσθαι
4439 1710 4515 1778 τὴν

1294 1817 1513 1858 carnem
1543 1803 1658 1873 ipse
1683 1802 1954 1858 Christus.
1989 1801 2401 1857 Praadictionem
2429 1807 2610 1855 autem
2630 1800 2877 1868 gravium
2914 1872 2927 1874 Α
2984 1819 3167 1874 προαν‹

2640 1800 2877 1868 gravium
2914 1872 2927 1874 Α
2984 1804 3388 1874 προανάρρησιν
3425 1801 3560 1872 πρὸς
3601 1803 3725 1864 τοὺς
3777 1804 3840 1855 ὲκ
3876 1800 3970 1855 τοῦ
4003 1800 4155 1854 οἴκου
4196 1803 4371 1865 Δαϐὶδ,
4399 1801 4513 1854 τοῦτ’

1294 1905 1349 1952 et
1421 1872 2040 1966 inauspicatissimorum
2105 1893 2369 1948 malorum
2442 1872 3167 1958 inobedienlibusnécrrt,‘

2647 1891 2880 1946 ienlibus
2910 1872 2952 1931 Β
2981 1872 3117 1958 ἔστι,
3165 1872 3296 1957 τοὺς
3349 1896 3412 1947 ὲκ
3461 1894 3560 1963 τῆς
3606 1893 3770 1946 Ἰούδα
3805 1893 3996 1965 φυλῆς,
4029 1893 4088 1958 ἐξ
4136 1890 4206 1966 ἧς
4246 1894 4336 1947 καὶ
4383 1893 4513 1955 αὐτὸς

1294 1987 1523 2058 proponi
1549 1987 1798 2049 decebat,
1826 1995 1884 2038 ut
1912 1985 2278 2055 perspicerent
2310 1997 2434 2038 vere
2464 1984 2716 2037 acerbum
2740 1981 2879 2046 fore,

1294 2088 1351 2134 et
1382 2093 1488 2134 non
1530 2077 1752 2146 impune
1791 2090 2074 2131 cessurum
2111 2075 2195 2128 bis
2219 2074 2309 2144 qui
2341 2074 2575 2128 divinam
2625 2072 2880 2140 majesta-

1295 2175 1403 2220 tem
1455 2168 1723 2220 dedecore
1774 2175 2102 2234 aspergunt,
2138 2163 2284 2233 quod
2335 2162 2565 2218 Domino
2608 2160 2880 2217 molestias

1295 2257 1651 2321 facesserent,
1680 2265 1736 2312 et
1769 2265 1966 2326 praeter
1987 2257 2160 2326 ipsum
2199 2256 2331 2310 alios
2361 2255 2449 2324 qui
2488 2254 2561 2309 dii
2596 2269 2699 2308 non
2732 2259 2876 2317 sunt,

1293 2348 1602 2405 adorarent.
1640 2347 1828 2417 Itaque
1868 2362 2120 2402 successu
2161 2349 2420 2416 temporis
2467 2357 2522 2401 et
2555 2347 2667 2414 ipsa
2693 2344 2881 2400 lliero-

1295 2441 1528 2512 solyuia,
1556 2449 1611 2495 et
1643 2449 1890 2495 cunctam
1929 2437 2236 2494 Judazorum
2283 2438 2557 2507 regionem
2584 2437 2636 2490 in
2663 2437 2880 2490 ultimas

1294 2533 1637 2590 calamitates
1673 2531 2068 2586 devolvendam
2101 2546 2242 2594 esse,
2276 2540 2332 2585 et
2365 2529 2615 2584 rnauibus
2643 2528 2876 2582 hostium

1294 2625 1653 2688 subdendam,
1677 2623 1958 2678 enucleate
1986 2628 2382 2692 praemonstrat.
2401 2621 2664 2676 Caeterum
2687 2619 2880 2675 obscu-

1295 2717 1493 2770 riorent
1541 2714 1836 2768 dictionum
1902 2713 2349 2782 compositionem
2403 2719 2457 2766 et
2515 2718 2876 2775 structuram,

1291 2805 1468 2875 quoad
1519 2815 1727 2874 potero,
1777 2812 1904 2856 ante
1951 2802 2057 2855 alia
2103 2800 2268 2855 etiam
2307 2800 2592 2869 aggrediar
2617 2800 2875 2854 enodare.

1292 2896 1514 2951 luvebet
1551 2894 1714 2957 Deus,
1767 2893 1962 2963 inquit,
2003 2891 2100 2946 tibi
2143 2899 2199 2945 et
2235 2891 2432 2960 populo
2463 2899 2576 2954 tuo,
2618 2898 2673 2944 et
2696 2887 2876 2944 domui

1292 2988 1468 3059 patris
1508 2989 1582 3040 tui
1617 2988 1766 3049 dies,
1799 2984 1987 3053 quales
2041 2997 2313 3051 nunquam
2369 2989 2650 3041 venerunt,
2695 2993 2724 3032 a
2771 2992 2878 3047 quo

1292 3081 1380 3133 die
1405 3078 1623 3134 sustulit
1652 3076 1912 3144 prraitn
1947 3090 1976 3128 a
1998 3072 2158 3129 Juda.
2193 3072 2288 3127 Est
2317 3080 2496 3125 autem
2533 3072 2722 3124 borum
2753 3084 2876 3123 ver-

2979 1985 3305 2039 ἀνατέταλκε
3332 1985 3394 2038 τὸ
3418 1985 3556 2038 κατά
3585 1985 3760 2053 σάρκα
3786 1984 4018 2052 Χριστός
4038 2001 4052 2015 ·
4078 1985 4188 2036 τῶν
4213 2001 4270 2051 γε
4280 1985 4378 2053 μὴν
4404 2001 4515 2048 συμ-

2979 2075 3296 2146 ϐησομένων
3326 2076 3466 2130 κατὰ
3515 2076 3738 2144 καιροὺς
3797 2073 3982 2126 δεινῶν
4011 2091 4071 2126 τε
4119 2075 4215 2127 καὶ
4267 2072 4517 2126 ἀπευκτῶν

2978 2170 3088 2227 τοῖς
3117 2167 3360 2220 ἀπειθεῖν
3382 2166 3677 2238 ᾑρημένοις
3707 2166 3944 2219 ποιεῖται
3982 2164 4081 2236 τὴν
4113 2166 4516 2236 προανάῥρησεν,

2980 2257 3045 2311 ἵν’
3070 2257 3257 2310 εἰδεῖεν
3283 2259 3365 2311 ὅτι
3411 2258 3606 2330 πικρὸν
3641 2256 3874 2326 ἀληθῶς,
3905 2259 4000 2310 καὶ
4043 2259 4142 2310 ούκ
4171 2259 4412 2328 ἀζήμιον,
4431 2260 4518 2317 τοῖς

2978 2350 3077 2420 τὴν
3107 2349 3257 2403 θείαν
3288 2350 3609 2420 ἀτιμάζουσι
3653 2350 3810 2416 δόξαν
3839 2351 3900 2403 τὸ
3940 2350 4201 2420 παρέχειν
4232 2352 4407 2419 ἀγῶνα
4428 2352 4518 2402 Κυ-

2983 2441 3100 2512 ρίῳ,
3137 2441 3232 2494 καὶ
3269 2443 3595 2512 προσκυνεῖν
3624 2441 3838 2494 ἑλέσθαι
3864 2442 3992 2511 παρ’
4027 2442 4191 2494 αὑτὸν
4219 2442 4411 2513 ἑτέροις
4431 2444 4520 2504 τοῖς

2978 2529 3078 2581 οὐκ
3109 2523 3228 2580 οὖσι
3278 2527 3439 2591 θεοῖς.
3473 2529 3594 2581 ’Ὁτι
3626 2528 3805 2581 τοίνυν
3838 2528 4060 2599 ἔμελλον
4109 2531 4254 2584 κατά
4295 2530 4519 2600 καιροὺς,

2979 2617 3121 2670 αύτά
3149 2633 3206 2669 τε
3230 2616 3299 2669 τά
3335 2617 3703 2688 Ἰεροσόλυμα,
3731 2619 3824 2672 καὶ
3845 2619 4034 2673 ἅπασα
4055 2621 4113 2674 δὲ
4139 2621 4252 2674 τῶν
4293 2621 4521 2676 Ἰουδαίων

2978 2708 3012 2778 η
3039 2706 3191 2776 χώρα
3221 2711 3339 2771 ταῖς
3367 2708 3623 2778 ἐσχάταις
3666 2711 4085 2780 περιπεσεῖσθαι
4125 2713 4522 2785 ταλαιπωρίαις.

2977 2801 3072 2852 καί¹
3097 2799 3202 2853 ὑπὸ
3240 2803 3400 2871 χεῖρα
3433 2800 3683 2870 γενέσθαι
3709 2802 3818 2854 τῶν
3846 2802 4077 2876 ἐχθρῶν,
4106 2807 4522 2876 προκαταμηνύει

2977 2889 3214 2955 λεπτῶς.
3287 2892 3692 2962 ’Λσαφεστέραν
3743 2892 3802 2945 δὲ
3853 2890 4019 2947 οὖσαν
4053 2895 4152 2965 τὴν
4187 2895 4297 2948 τῶν
4354 2896 4524 2962 λέξεων

2980 2982 3270 3052 συνθήκην,
3299 2982 3376 3045 ὡς
3405 2981 3472 3035 ἂν
3503 2975 3614 3045 οἷός
3636 2999 3718 3045 τε,
3747 2984 3841 3037 καὶ
3867 2985 3974 3054 πρό
4008 3001 4072 3053 γε
4105 2985 4216 3038 τῶν
4247 2986 4412 3040 ἄλλων
4431 2987 4524 3040 dia-

2975 3065 3204 3137 τρανοῦν
3231 3068 3586 3140 πειράσομαι.
3618 3090 3636 3122 ι
3669 3069 3908 3138 Ἐπάξει,
3927 3073 4110 3143 φησὶν,
4128 3075 4157 3125 ὁ
4186 3073 4318 3138 Θεὸς
4349 3076 4432 3128 ἐπὶ
4456 3075 4523 3140 σὲ,

1291 3184 1449 3222 suum
1503 3168 1616 3222 haec
1655 3166 1924 3221 sententia
1959 3183 1971 3219 :
2010 3163 2369 3232 Temporibus
2392 3163 2570 3232 -regni
2616 3163 2872 3217 Roboami
2900 3197 2943 3257 ο
2981 3160 3073 3211 καὶ
3109 3160 3164 3211 ετ

2650 3163 2872 3217 ὶοὺοθηιί
2900 3197 2943 3257 c
2981 3160 3073 3211 καὶ
3109 3158 3330 3257 επὶ-τὸν
3351 3159 3474 3257 λαδν
3499 3179 3619 3257 σου,
3653 3163 3746 3257 καὶ
3768 3163 3861 3216 ἐπὶ
3900 3164 3988 3216 τὸν
4003 3161 4166 3257 -οῐκον
4220 3165 4315 3220 τοῦ
4349 3167 4523 3237 πατρός

1293 3259 1390 3315 ﬁlii
1441 3259 1772 3323 Salomonis,
1834 3256 2077 3320 abstulit,
2139 3256 2190 3309 id
2237 3264 2320 3310 est
2378 3255 2578 3309 avulsit
2639 3257 2873 3322 scipsum
2908 3251 2943 3257 ⁷
2983 3251 3166 3319 comm

2649 3257 2873 3322 scipsum
2908 3251 2943 3257 ⁷
2983 3266 3098 3313 σου,
3121 3251 3351 3320 ἡμέρας,
3381 3251 3437 3304 αἲ
3465 3251 3616 3306 οὔπω
3637 3253 3854 3324 ἦκασιν,
3887 3254 3982 3324 ἀφ’
3997 3252 4063 3327 ἧς
4098 3257 4314 3329 ἡμέρας
4337 3257 4522 3328 ἀφεῖλεν

1291 3350 1569 3420 prraim,
1587 3351 1639 3405 id
1657 3359 1738 3405 est
1754 3347 2100 3417 125decem
2118 3346 2290 3401 tribus
2302 3361 2332 3400 a
2348 3345 2486 3399 Juda
2504 3347 2666 3400 tribu.
2683 3345 2873 3400 Divisa:

1293 3451 1420 3496 sunt
1467 3440 1635 3503 enim,
1664 3451 1720 3494 et
1764 3439 1950 3493 decem
1983 3437 2158 3490 tribus
2190 3450 2220 3490 a
2256 3437 2396 3490 tribu
2423 3434 2558 3490 Juda
2600 3435 2870 3490 inhabita-

1292 3539 1418 3585 ruat
1461 3527 1798 3590 Samariam.
1851 3526 2022 3581 tribus
2053 3534 2249 3585 autem
2298 3523 2434 3580 .luda
2480 3535 2537 3580 et
2589 3525 2868 3580 dimidium

1297 3621 1470 3676 tribus
1504 3620 1752 3674 Manasse
1778 3617 2166 3688 Hierosolymis
2195 3623 2590 3671 remanserunt.
2636 3616 2707 3669 At
2743 3630 2872 3684 pro-

1291 3726 1447 3766 cessu
1481 3710 1740 3780 temporis
1781 3708 1946 3762 multa
1976 3709 2201 3762 adversa
2259 3708 2363 3762 illis
2391 3707 2720 3762 acciderunt.
2765 3704 2872 3760 Va-

1291 3811 1432 3858 stata
1460 3812 1543 3857 est
1571 3803 1713 3856 enim
1749 3800 2016 3863 Samaria,
2049 3809 2102 3854 et
2129 3802 2483 3855 conterminae
2508 3809 2716 3870 gentes,
2746 3797 2872 3852 ldu—

1290 3894 1432 3959 mari,
1477 3891 1726 3947 Moabitae
1770 3899 1825 3945 et
1868 3890 2139 3945 Philistini
2185 3892 2465 3944 incursum
2513 3890 2568 3944 in
2623 3887 2866 3943 Judaaam

1287 3983 1551 4038 fecerunt.
1601 3979 1790 4050 Itaque
1845 3981 2081 4049 perpessi
2125 3991 2254 4034 sunt
2309 3988 2419 4035 tam
2474 3979 2529 4033 lii
2579 3993 2742 4048 quam
2795 3980 2869 4033 illi

1287 4071 1452 4126 multa
1480 4083 1532 4127 et
1562 4073 1769 4140 gravia,
1810 4081 1865 4126 et
1899 4081 2142 4141 tempora
2181 4086 2371 4142 aspera
2400 4080 2706 4125 senserunt.
2749 4069 2872 4126 Dies

1288 4163 1451 4232 igitur
1483 4163 1697 4216 invebet
1738 4161 1902 4225 Deus,
1935 4160 2122 4230 quales
2153 4176 2257 4217 non
2298 4163 2536 4227 fuerunt,
2568 4163 2682 4218 sive
2721 4163 2871 4217 inva-

1287 4262 1474 4304 serunt
1519 4265 1618 4304 nos
1665 4250 1732 4303 ab
1782 4263 1848 4303 eo
1897 4259 2171 4320 tempore,
2218 4264 2285 4303 ex
2329 4264 2435 4319 quo
2475 4251 2722 4316 abstulit,
2755 4253 2872 4308 sive

1286 4341 1516 4410 scjungit
1558 4355 1618 4396 se
1657 4356 1686 4394 a
1726 4337 1868 4394 Juda
1925 4340 2201 4409 prraim.
2243 4340 2398 4408 Quod
2449 4342 2666 4396 tandem
2718 4343 2870 4400 vobis

1285 4434 1388 4487 crit
1419 4435 1521 4489 hoc
1551 4443 1788 4503 tempus,
1819 4441 1874 4487 et
1902 4434 2120 4500 quinam
2151 4432 2299 4488 dies?
2319 4431 2458 4497 Rex,
2491 4433 2682 4504 inquit,
2710 4434 2871 4507 Assy-

2987 3340 3223 3412 Ἐφραῒμ
3255 3342 3364 3396 ἀπὸ
3398 3341 3582 3396 Ἰούδα.
3608 3363 3626 3394 ι
3663 3345 3815 3398 Ἐστι
3841 3345 4021 3399 δὲτῶν
4047 3348 4246 3418 στίχων
4274 3347 4526 3411 τοιοῦτοςό

2973 3429 3119 3492 νοῢςο
3171 3432 3262 3484 Ἐν
3293 3434 3504 3504 καιροῖς
3534 3435 3634 3502 τῆς
3654 3434 3933 3503 βασιλείας
3979 3437 4222 3508 Ῥοϐοάμ
4246 3438 4360 3492 υίοῦ
4393 3437 4524 3490 Σολο-

2975 3519 3152 3590 μῶνος
3202 3522 3426 3590 ἀφεῖλε,
3482 3524 3626 3578 τοῦτ’
3669 3526 3851 3591 ἐστιν,
3901 3529 4226 3584 ἀπέσπασεν
4283 3532 4462 3586 ἑαυτὸν
4500 3532 4524 3583 ὸ

2985 3610 3242 3684 Ἐφραῒμ,
3267 3613 3412 3668 τοῦτ’
3446 3614 3583 3680 ἔστι,
3633 3615 3796 3670 πάλιν
3833 3618 3890 3671 al
3946 3618 4080 3674 δέκα
4109 3621 4300 3689 φυλαὶ,
4321 3622 4422 3676 ἀπὸ
4441 3621 4524 3691 τῆς

2983 3703 3151 3758 Ἰούδα
3180 3705 3370 3776 φυλῆς.
3412 3707 3818 3780 Ἐχωρίσθησαν
3844 3710 3974 3783 γὰρ,
4017 3712 4113 3765 καὶ
4168 3716 4231 3767 αι
4283 3715 4379 3784 μὲν
4413 3714 4526 3767 δέκα

2971 3795 3136 3864 φυλαὶ
3159 3797 3268 3850 ἀπὸ
3295 3797 3393 3868 τῆς
3431 3797 3600 3851 Ἰούδα
3650 3799 3856 3870 φυλῆς,
3906 3804 4268 3874 κατῳκήκασι
4311 3806 4407 3876 τὴν
4437 3806 4526 3858 Σα-

2973 3884 3227 3956 μάρειαν,
3259 3888 3381 3958 ἠδέ
3421 3905 3485 3957 γε
3525 3888 3662 3961 φυλὴ
3719 3890 3888 3945 Ἰούδα
3928 3895 4022 3947 καὶ⁵
4056 3895 4118 3948 τὸ
4155 3896 4332 3966 ἥμισυ
4380 3896 4526 3965 φυλῆς

2969 3977 3239 4047 Μανασσῆ
3281 3979 3655 4049 μεμενήκασιν
3691 3980 3750 4033 ὲν
3777 3985 3892 4046 τοῖς
3934 3984 4351 4058 Ἰεροσολύμοις.
4389 3987 4526 4040 Ἀλλά

2971 4067 3251 4139 προϊόντος
3274 4069 3367 4122 τοῦ
3385 4069 3574 4139 καιροῦ
3600 4071 3769 4125 πολλά
3795 4074 4109 4147 συμϐέϐηκε
4129 4077 4244 4132 τῶν
4263 4078 4527 4133 ἀπευκτῶν

2969 4159 3171 4223 αὐτοῖς.
3238 4161 3581 4232 Πεπόρθηται
3619 4161 3731 4234 γὰρ
3777 4165 3810 4234 ὴ
3862 4165 4168 4237 Σαμάρεια,
4205 4170 4526 4242 κατέδραμον

2967 4250 3024 4304 δὲ
3055 4251 3149 4304 καὶ
3174 4249 3272 4322 τὴν
3309 4251 3565 4304 Ἰουδαίαν
3593 4251 3662 4305 τὰ
3695 4254 3947 4324 περίοικα
3989 4256 4098 4310 τῶν
4141 4257 4342 4325 ἐθνῶν,
4387 4259 4527 4313 Ἰδου-

2971 4345 3140 4413 μαῖοι,
3170 4341 3478 4408 Μωαϐῖται,
3515 4343 3608 4396 καὶ
3626 4345 3677 4396 οί
3702 4347 3768 4400 ὲκ
3811 4346 3912 4417 τῆς
3954 4349 4282 4423 Φιλιστιείμ.
4342 4351 4527 4407 nervov-

2968 4434 3093 4490 θασι
3119 4434 3297 4488 τοίνυν
3327 4433 3496 4487 πολλά
3533 4434 3704 4502 δεινὰ,
3759 4438 3853 4491 καὶ
3907 4439 4130 4510 ἡμερῶν
4184 4442 4528 4515 πεπείρανται

1285 4524 1514 4588 riorum,
1568 4525 1822 4578 nimirum
1852 4520 2413 4580 Nabucltodonosorus
2433 4565 2448 4591 ,
2483 4526 2573 4593 qui
2604 4524 2862 4582 Hieroso-
2894 4527 2944 4587 D
2971 4527 3158 4598 σκληρά

2655 4526 2862 4582 ieroso-
2894 4527 2944 4587 D
2971 4526 3244 4598 σκληρῶν,
3276 4521 3420 4581 οὗτοί
3446 4545 3504 4581 τε
3534 4530 3796 4584 κάκεῖνοι.
3837 4531 4084 4604 Ἡμέρας
4115 4536 4321 4603 τοίνυν,
4357 4535 4523 4609 φησὶν,

1281 4614 1421 4686 lyma
1453 4616 1701 4679 vastavit,
1745 4615 2169 4685 universamque
2194 4613 2432 4671 Judaeum
2466 4618 2518 4672 vi
2553 4618 2858 4686 occupavit,

1279 4709 1368 4776 qui
1402 4708 1639 4760 divinum
1675 4707 1862 4760 fanum
1898 4707 2182 4771 cremavit,
2215 4715 2271 4762 et
2295 4708 2500 4762 nullum
2535 4723 2640 4764 non
2671 4706 2858 4762 ferina:

1276 4797 1618 4851 crudelitatis
1649 4813 1818 4868 genus
1847 4797 2122 4865 exercuit,
2149 4798 2448 4868 cujusmodi
2495 4812 2771 4866 nunquam
2805 4798 2856 4852 in

1275 4886 1437 4938 ullam
1476 4895 1690 4952 gentem
1727 4897 1972 4957 patrasse
2008 4888 2292 4958 reperitur.

1265 4979 1412 5043 λεὺς,
1445 4979 1635 5045 φησιν,
1693 4982 2014 5054 Ἀσσυρίων,
2081 4983 2224 5038 τοῦτ’
2294 4984 2463 5049 ἔστιν,
2508 4987 2536 5038 ὁ
2595 4983 3096 5056 Ναϐουχοδονόσορ,
3145 4983 3204 5047 ὃς
3266 4984 3582 5054 πεπόρθηκε
3639 4986 3708 5038 τά
3778 4987 4157 5060 Ἰεροσόλυμα,

1257 5067 1468 5135 κράτος
1497 5061 1610 5120 εἷλε
1645 5075 1826 5129 πᾶσαν
1851 5078 1955 5148 τὴν
2013 5075 2302 5138 Ἰουδαίαν,
2361 5075 2629 5147 ἐνέπρησε
2675 5075 2731 5128 δὲ
2769 5077 2864 5129 καὶ
2899 5076 2991 5129 τὸν
3017 5074 3160 5140 θεῖον
3191 5072 3339 5137 ναὸν,
3366 5073 3460 5126 καὶ
3517 5073 3669 5127 οὐδὲν
3732 5075 3792 5127 τὸ
3837 5078 4099 5149 παράπαν
4131 5080 4242 5135 τῶν
4281 5085 4364 5146 είς
4391 5082 4524 5152 ὠμό-

2967 4618 3158 4683 ὲπάξει
3186 4619 3338 4681 Θεὸς,
3373 4612 3447 4674 ὧν
3477 4619 3588 4674 ῐσαι
3609 4619 3760 4676 οὔπω
3791 4625 4108 4692 γεγόνασιν,
4139 4629 4262 4698 ἢτοι
4289 4630 4528 4700 ἀφίκοντο

2965 4709 3085 4762 καθ’
3109 4709 3261 4779 ὑμῶν
3281 4710 3341 4774 ἐξ
3363 4710 3572 4764 ἐκείνου
3603 4712 3697 4766 τοῦ
3731 4715 4053 4786 καιροῦ,ἀφ’
4074 4713 4135 4773 οὗ
4159 4720 4400 4790 ἀφεῖλεν,
4424 4721 4526 4790 ἦτοι

2959 4797 3276 4852 ἀπέσπασεν
3303 4799 3495 4852 ἑαυτὸν
3527 4799 3556 4852 ὁ
3591 4799 3831 4872 Ἐφραῖμ
3861 4805 3968 4858 ἀπὸ
4006 4806 4101 4860 τοῦ
4153 4808 4349 4863 Ἰούδα.
4386 4809 4526 4868 11th0;

2961 4887 3018 4940 δὲ
3039 4888 3170 4956 ἡμῖν
3199 4878 3353 4950 οὗτος
3383 4889 3411 4939 ὁ
3433 4889 3643 4959 καιρὸς,
3673 4889 3704 4960 ἥ
3731 4891 3875 4954 τίνες
3914 4898 3969 4948 αῖ
4018 4895 4255 4967 ἡμέρας
4303 4898 4361 4952 '0
4391 4897 4528 4967 βασι·

4241 4993 4340 5047 καὶ
4399 4989 4527 5044 κατά

1238 5172 1388 5242 τηξα
1421 5157 1789 5238 θηριοπρεπῆ
1826 5170 2247 5242 παραλέλοιπεν,
2294 5171 2324 5223 ὃ
2381 5169 2455 5241 μὴ
2488 5170 2627 5223 κατά
2663 5169 2860 5234 παντὸς
2896 5167 3170 5241 δεδρακὼς
3199 5165 3520 5237 εὑρίσκηται
3539 5168 3634 5222 τοῦ
3667 5168 3872 5236 ἔθνους.

1305 5236 1493 5326 νει-κε.
1525 5249 1636 5304 r18.
1679 5236 1982 5313 Elterit'r‘n
2031 5263 2117 5316 die
2158 5263 2273 5326 illa,
2315 5236 2542 5313 sibilabt’t
2594 5259 2849 5314 Dominus

1180 5324 1436 5420 θ’ξδξή
1491 5349 1616 5401 qm
1656 5341 2018 5404 dominantur
2052 5355 2191 5419 parti
2243 5324 2475 5419 [luminis
2511 5349 2752 5420 Egypti,
2799 5359 2846 5404 et

1147 5401 1272 5462 θρί
1309 5416 1467 5464 9’“?
1482 5430 1564 5474 est

1090 5572 1254 5606 '11"!

1599 5425 1667 5478 ίη
1702 5439 1930 5503 regione
1949 5440 2312 5508 Assyriorum,
2343 5449 2390 5491 et
2425 5439 2623 5492 venient
2646 5455 2841 5504 omnes,

1059 5490 1595 5608 νιῗᾶῗῗξίῗδππί
1647 5518 1720 5608 ξπ
1784 5530 2011 5584 vallibus
2054 5532 2301 5600 regionis,
2329 5532 2460 5583 etin
2492 5531 2627 5584 cavis
2667 5541 2844 5600 petra-

1011 5600 1312 5705 4'gno’.
1333 5593 1402 5638 el
1423 5612 1480 5654 ’π
1523 5604 1892 5688 δρείηηοὶε,
1925 5632 1970 5675 et
2009 5622 2060 5674 in
2090 5624 2231 5675 omni
2260 5623 2510 5686 scissura,
2546 5631 2593 5675 et
2627 5623 2677 5676 in
2701 5624 2840 5677 omni

3025 5257 3132 5311 Καὶ
3162 5256 3334 5310 ἔσται
3389 5257 3458 5309 ὲν
3494 5256 3566 5325 τῇ
3614 5257 3805 5328 ήμέρςι
3843 5260 4048 5331 ἐκείνῃ
4089 5244 4310 5332 συριεί
4324 5267 4525 5334 Κύριος

2946 5347 3174 5415 μυίαις,
3225 5345 3257 5398 ὃ
3319 5346 3579 5412 κυριεύει
3621 5345 3844 5416 μέρους
3893 5350 4162 5418 ποταμοῦ
4207 5353 4522 5419 Αἰγύπτου,

2947 5437 3045 5491 καὶ
3073 5435 3146 5504 τῇ
3165 5437 3459 5505 μελίσσῃ,
3479 5436 3517 5504 ἢ
3541 5437 3713 5491 ἐστιν
3731 5437 3802 5492 ἐν
3822 5437 3984 5508 χώρᾳ
4011 5442 4130 5495 τῶν
4165 5443 4491 5512 Ἀσσυρίων
4507 5456 4520 5473 ·

2946 5529 3044 5582 καὶ
3075 5529 3428 5582 ἐλεύσονται
3491 5528 3714 5595 πάντες
3735 5571 3750 5596 ,
3796 5531 3893 5586 καὶ
3950 5534 4411 5589 ἀναπαύσονται
4461 5535 4525 5586 ἐν

2945 5618 3073 5684 ταῖς
3100 5618 3358 5689 φάραγξι
3409 5618 3516 5688 τῆς
3568 5622 3783 5688 χώρας,
3816 5623 3914 5676 καὶ
3961 5625 4032 5679 ἐν
4073 5625 4367 5695 τρώγλαις
4414 5627 4526 5680 τῶν

2947 5707 3199 5776 πετρῶν,
3223 5710 3322 5762 καὶ
3351 5712 3440 5774 εὶς
3485 5711 3556 5764 τὰ
3599 5711 3892 5781 σπήλαια,
3919 5715 4016 5770 καὶ
4060 5718 4148 5782 εις
4181 5714 4396 5773 πᾶσαν
4420 5717 4521 5786 ῥα·

2946 5799 3116 5869 γάδα,
3144 5801 3238 5855 καὶ
3271 5802 3341 5856 ἐν
3367 5804 3540 5858 παντί
3565 5805 3748 5871 ξύλῳ.
