4134 6508
211 392 327 449 209

1400 402 1466 457 l-N
1507 403 1736 459 ΙδΑΙΑΜ
1777 406 1901 459 LIB.
1952 408 1989 461 1.
2028 409 2233 466 ΟΒΑΤ.
2276 412 2334 465 ν.

3283 415 3287 419 ’
3367 419 3473 473 210

288 508 630 580 Κατευρύνει
676 513 737 565 τὸ
796 513 1063 585 διήγημα,
1117 516 1209 569 καὶ
1256 516 1413 571 διεισι
1472 517 1680 582 λεπτῶς
1707 518 1800 571 τοῦ

1972 522 2277 592 Amplilicat
2296 527 2754 594 narrationem,et
2779 529 3028 584 minutim
3054 525 3311 598 impetum
3347 528 3473 585 belli

216 598 462 670 πολέμου
488 601 589 673 τὴν
624 602 831 672 ἔφοδον,
865 605 959 659 καὶ
976 607 1058 659 ὅτι
1088 608 1268 660 πᾶσαν
1283 608 1464 661 αὐτῶν
1487 626 1800 680 κατανεμη-

213 686 477 758 θήσονται
499 690 624 761 γῆν,
683 692 877 762 κώμας
900 711 961 747 τε
1012 695 1106 748 καὶ
1153 696 1351 760 πόλεις,
1378 698 1427 749 οἱ
1477 696 1801 751 κατάὑτῶν

210 779 441 849 ἥξοντες
471 782 615 836 κατὰ
666 785 910 857 καιρούς.
958 786 1173 859 Χρῆναι
1212 787 1269 840 δὲ
1323 783 1476 858 οἶμαι
1529 788 1598 842 τά
1639 790 1696 840 ὲν
1734 790 1797 858 τῇ

210 870 454 942 τετάρτῃ
509 872 618 926 τῶν
666 874 961 929 Βασιλειῶν
994 877 1355 948 γεγραμμένα
1402 878 1565 931 πάλιν
1590 880 1797 941 εἰπεῖν,

211 962 356 1029 πρὸς
382 962 483 1033 τὴν
516 963 627 1017 τῶν
660 965 938 1037 ἐσομένων
976 969 1179 1039 ἀκριδῆ
1213 969 1564 1040 διασάφησιν.
1604 970 1799 1038 Γέγονε

209 1052 397 1105 τοίνυν
429 1052 545 1116 υίὸς
595 1054 695 1125 μὲν
730 1057 826 1109 τοῦ
872 1058 1068 1126 Ἀχας,
1124 1060 1261 1131 πρὸς
1303 1060 1361 1114 ὃν
1407 1060 1501 1112 νῦν
1546 1061 1574 1112 6
1620 1059 1795 1128 λόγος,

223 1141 496 1213 Ἐζεκίας,
551 1144 791 1216 Ἐζεχίου
822 1147 879 1201 δὲ
912 1150 1199 1220 Μανασῆς·
1234 1151 1464 1220 Μανασῆ
1499 1150 1554 1204 δὲ
1597 1151 1795 1221 Ἀμώς.

209 1234 418 1287 Τούτου
457 1235 512 1288 δὲ
550 1240 678 1300 παῖς
713 1239 924 1303 Ἰωσίας
951 1240 1090 1311 ἀνὴρ
1128 1241 1376 1312 εὐσεϐὴς,
1420 1241 1559 1312 πλὴν
1588 1242 1801 1295 ἁπεόίω

205 1323 403 1393 τοιῷδέ
427 1343 532 1379 τινι
556 1328 763 1399 τρόπῳ.
791 1329 989 1401 Φαραὼ
1013 1331 1209 1402 Νεχαὼ
1241 1332 1493 1402 βασιλεὺς
1520 1332 1797 1401 Αἰγύπτου

206 1417 309 1488 τὴν
345 1418 675 1486 ἐνεγκοῦσαν
716 1422 877 1490 ἀφεὶς
924 1422 1097 1487 ὲξέθει
1156 1426 1501 1496 πανστρατιᾷ
1533 1424 1627 1478 καὶ
1656 1423 1799 1477 κατά

204 1509 305 1577 τῆς
362 1510 662 1579 Ἀσσυρίων
712 1513 976 1582 ἠπείγετο
1022 1513 1144 1583 γῆς.
1202 1512 1399 1577 Δεδιώς
1447 1532 1507 1568 τε
1552 1516 1730 1568 τοίνυν
1772 1517 1800 1567 6

218 1598 460 1662 Ἰωσίας,
499 1601 574 1671 μὴ
601 1601 709 1669 ἄρα
737 1618 854 1665 πως
885 1602 979 1656 καὶ
1014 1603 1156 1657 κατὰ
1184 1602 1285 1672 τῆς
1314 1603 1575 1666 Ἰουδαίας
1604 1602 1797 1667 ἐλθὼν,

202 1689 314 1742 ὑπὸ
334 1692 494 1760 χεῖρά
522 1708 580 1743 τε
604 1691 701 1762 τὴν
728 1691 921 1746 ἑαυτοῦ
947 1692 1122 1757 λάϐοι,
1147 1693 1242 1746 καὶ⁹
1264 1693 1581 1765 κατάρξειεν
1606 1694 1796 1764 αὐτῆς,

202 1776 531 1844 ἀντεξάγειν
562 1778 741 1849 ἤθελε,
772 1780 950 1833 καίτοι
975 1780 1069 1833 τοῦ
1094 1780 1313 1853 Φαραὼ,
1348 1783 1448 1854 τὴν
1471 1783 1607 1855 πρὸς
1636 1783 1799 1837 αὐτὸν

204 1869 656 1939 παραιτουμένου
684 1871 863 1941 μάχην
891 1889 906 1903 ’
948 1872 1299 1944 ἐνιστάμενος
1327 1873 1383 1927 δὲ
1411 1874 1795 1945 τετελεύτηκεν
1828 1860 1869 1914 Β

203 1957 264 2006 ὲν
304 1956 384 2025 τῷ
408 1958 653 2030 πολέμῳ,
685 1961 779 2014 καὶ⁸
811 1963 1189 2036 κατεκράτησε
1244 1965 1344 2035 τῆς
1395 1964 1663 2019 Ἰουδαίων
1695 1968 1796 2036 γῆς

200 2047 230 2095 6
251 2046 580 2113 Αἰγύπτιος.
608 2052 687 2113 είς
734 2052 891 2106 τοῦτο
918 2054 977 2108 δὲ
1013 2054 1263 2126 διήλασεν
1300 2057 1501 2126 ἰσχύος,
1532 2054 1672 2109 ὥστε
1702 2057 1798 2110 καὶ

205 2134 612 2202 βασιλεύσαντα
648 2140 738 2193 τὸν
785 2142 1012 2214 Ἰωαχὰς
1051 2146 1141 2198 τὸν
1184 2148 1387 2200 Ἰωσίου
1430 2148 1595 2201 παῖδα
1633 2165 1798 2219 μετα-

205 2228 411 2299 στῆσαι
441 2234 542 2302 τῆς
574 2231 872 2302 βασιλείας,
904 2237 997 2289 καὶ
1039 2237 1322 2309 δεδεμένον
1365 2241 1694 2307 εἰσενεγκεῖν
1717 2241 1797 2303 είς

203 2318 305 2389 τὴν
363 2320 559 2374 ἑαυτοῦ
608 2325 814 2394 χώραν,
862 2326 958 2379 καὶ
1012 2328 1385 2399 χειροτονῆσαι
1437 2328 1662 2400 βασιλέα
1704 2330 1796 2383 τὸν

217 2407 542 2481 Ἐλιακεὶμ,
584 2414 679 2465 καὶ
731 2413 970 2486 δασμοὺς
1018 2417 1285 2472 ἐπιθεῖναι
1344 2419 1424 2490 τῷ
1476 2419 1640 2485 ἔθνει,
1702 2422 1796 2475 καὶ

203 2500 512 2569 χρημάτων
546 2502 790 2573 ἄθροισιν
820 2508 1041 2578 αἰτῆσαι
1097 2508 1315 2581 πολλήν.
1374 2507 1506 2564 Εἶτα
1551 2511 1796 2582 βασιλεύ-

205 2606 406 2654 σαντος
443 2596 541 2663 τῆς
583 2594 836 2660 Ἰουδαίας
878 2598 1160 2670 Ἐλιακεὶμ
1203 2601 1290 2655 ἐπ’
1321 2601 1498 2655 ἐτεσιν
1536 2604 1677 2666 ὅλοις
1707 2604 1794 2656 ἓν·

200 2681 343 2733 δεκα
368 2684 457 2736 τὸν
486 2685 740 2756 ἀριθμὸν,
789 2689 1090 2759 διαδέχεται
1131 2695 1258 2756 τοὺς
1313 2693 1512 2756 θάκους
1547 2695 1798 2766 Ἰεχονίας

202 2773 327 2837 υἱὸς
352 2776 545 2829 αὑτοῦ·
596 2776 717 2833 εἶτα
770 2781 910 2851 μετὰ
946 2781 1134 2837 τοῦτον
1183 2785 1457 2848 Σεδεκίας,
1494 2779 1555 2839 οὗ
1578 2788 1674 2857 τὴν
1703 2786 1798 2858 βα-

202 2866 421 2919 σιλεὶαν
484 2867 792 2937 διέποντος,
851 2876 1284 2945 κατεστράτευσε
1321 2878 1419 2947 τῆς
1478 2878 1734 2943 Ἰουδαίας
1770 2882 1797 2933 ὁ

201 2958 719 3034 Ναϐουχοδονόσορ,
764 2964 823 3028 ὃς
869 2966 963 3018 καὶ
1011 2967 1189 3031 πάσας
1240 2973 1655 3041 κατεμπρὴσας,
1704 2972 1798 3025 καὶ

202 3050 473 3120 προσθεὶς
506 3056 624 3117 ταῖς
654 3053 842 3120 ἄλλαις
875 3056 1095 3111 πόλεσιν
1120 3060 1213 3114 καὶ
1252 3061 1420 3132 αὐτὴν
1454 3063 1553 3133 τὴν
1600 3063 1798 3132 Ἰερου-

1902 610 2182 678 describit,
2212 624 2266 669 et
2290 616 2430 682 quod
2459 631 2673 672 omnem
2710 634 2896 674 eorum
2932 628 3156 682 terram,
3193 619 3386 689 oppida
3418 627 3474 674 et

1902 702 2064 758 urbes
2095 705 2328 761 excisuri
2353 717 2557 773 essent,
2584 710 2675 779 qui
2701 711 3026 779 temporibus
3057 711 3471 767 succedentibus

1902 808 1995 849 eos
2032 794 2266 851 invasuri
2300 808 2477 854 erant.
2512 799 2608 856 Hic
2633 816 2818 858 rursus
2865 816 2971 871 quo
3020 803 3135 856 haec
3181 802 3370 857 melius
3403 801 3471 855 il-

1901 883 2199 941 lustrentur
2227 888 2452 944 dicenda
2469 888 2678 958 judico,
2706 908 2828 962 qua:
2853 892 2904 946 in
2935 900 3129 961 quarto
3160 892 3468 963 Regnorum

1900 980 2101 1046 scripta
2130 988 2274 1033 sunt.
2317 979 2439 1034 Fuit
2471 982 2635 1048 igitur
2660 982 2801 1037 titius
2826 982 3023 1036 Acbazi
3050 981 3115 1035 ad
3142 996 3298 1049 quem
3328 995 3472 1035 nunc

1901 1083 2080 1124 sermo
2099 1080 2200 1133 est,
2241 1071 2521 1138 Ezechias,
2546 1071 2793 1128 Ezechiae
2820 1082 3000 1126 autent
3041 1071 3335 1136 Manasses,
3352 1070 3467 1124 Ma-

1902 1162 2077 1216 nassis
2106 1163 2307 1225 Amos;
2341 1164 2500 1233 hujus
2546 1165 2687 1219 [ilius
2718 1163 2892 1220 Josias
2933 1164 3053 1227 l'uit,
3084 1163 3167 1216 vir
3204 1162 3324 1230 pius
3348 1162 3467 1231 qui-

1900 1252 2044 1314 dem,
2073 1263 2439 1309 verumtamen
2477 1255 2622 1310 hunc
2650 1256 2716 1310 ad
2748 1255 2964 1310 modum
3005 1271 3034 1308 e
3070 1254 3207 1308 vivis
3239 1252 3467 1321 emigra-

1904 1345 2003 1399 vit.
2032 1345 2241 1401 Pharao
2263 1345 2477 1401 Nechao
2501 1363 2592 1402 rex
2634 1346 2873 1417 Egypti,
2903 1347 3074 1415 patria
3102 1345 3309 1409 relicta,
3348 1358 3468 1397 orn-

1900 1452 1996 1491 nes
2045 1438 2229 1506 copias
2272 1438 2477 1503 eduxit,
2516 1450 2570 1494 et
2623 1449 2811 1494 contra
2863 1448 3057 1492 terram
3120 1434 3466 1505 Assyriorum

1899 1542 2125 1597 proliere
2151 1530 2550 1598 expeditionem
2587 1528 2737 1585 fecit.
2778 1531 2991 1585 Veritus
3018 1542 3148 1597 ergo
3175 1525 3374 1589 Josias,
3402 1539 3471 1578 ne

1900 1620 2112 1687 quando
2144 1629 2342 1674 terram
2382 1618 2659 1676 Iudaicam
2700 1619 2959 1674 invadens
2985 1633 3103 1673 eam
3138 1630 3250 1672 suae
3276 1614 3469 1670 ditioni

1901 1714 2275 1784 subjiceret,in
2301 1728 2474 1784 eaque
2503 1714 3060 1778 dominaretur,arma
3097 1718 3287 1763 contra
3319 1704 3463 1759 ferre

1900 1806 2087 1869 voluit,
2112 1807 2274 1860 etiam
2299 1820 2421 1860 cum
2455 1805 2509 1859 in
2546 1804 2697 1859 illum
2740 1803 2952 1857 Pharao
2995 1812 3226 1871 pugnam
3253 1798 3465 1849 detrec-

1901 1905 2074 1951 taret:
2131 1911 2329 1966 urgens
2372 1909 2504 1951 vero
2558 1896 2609 1949 in
2652 1893 2792 1949 bello
2840 1892 3111 1956 occubuit,
3160 1901 3468 1956 terramque

1903 1988 2061 2058 126
2084 1986 2392 2041 Iudaeorum
2425 1986 2752 2055 expugnavit
2788 1982 3096 2054 Egyptius,
3126 1980 3217 2048 qui
3248 1978 3315 2033 ad
3350 1986 3469 2030 tan-

1900 2090 2006 2134 tam
2030 2079 2321 2149 potentiam
2344 2078 2621 2147 aspiravit,
2657 2084 2716 2132 ut
2739 2077 2899 2130 etiam
2927 2073 3160 2130 Joachaz
3189 2072 3354 2125 tilium
3378 2068 3470 2124 Jo-

1897 2172 1992 2226 siaz-
2023 2186 2247 2241 regnum
2280 2170 2632 2237 obtinentem,
2670 2182 2837 2238 regno
2866 2165 3108 2235 pelleret,
3135 2163 3375 2217 vinctum
3412 2161 3467 2214 in

1899 2278 2051 2319 suam
2082 2262 2352 2333 regionem
2382 2260 2639 2317 inferret:
2672 2258 2930 2313 Eliachim
2958 2271 3138 2326 regem
3169 2253 3468 2309 constitue-

1898 2362 2020 2418 ret,
2075 2350 2355 2422 vectigalia
2409 2350 2553 2419 genti
2612 2351 2950 2419 imponeret,
3007 2345 3468 2415 pecuniarumque

1898 2438 2154 2509 grandem
2187 2440 2295 2491 vim
2327 2436 2588 2507 exigeret.
2624 2437 2885 2504 Deinceps
2933 2448 3055 2488 cum
3106 2439 3386 2503 regnasset
3415 2430 3467 2484 in

1896 2528 2077 2584 Judzea
2114 2527 2448 2583 Eliachimus
2480 2542 2651 2582 annos
2672 2526 2922 2582 undecim
2954 2521 3471 2593 integros,succedit

1900 2624 1952 2676 in
2005 2622 2181 2676 locum
2234 2617 2525 2674 Jecbonias
2588 2618 2727 2672 lilius
2756 2618 2917 2685 ejus;
2979 2625 3091 2669 tum
3152 2622 3275 2684 post
3329 2612 3471 2667 hune

1899 2713 2210 2777 Sedecbias,
2232 2727 2341 2781 quo
2382 2720 2595 2765 tenente
2623 2724 2847 2780 regnum
2885 2707 3083 2763 bellum
3118 2705 3257 2776 gerit
3282 2712 3470 2759 contra

1896 2803 2133 2859 Iudaeam
2173 2802 2773 2857 Nabuchodonosorus:
2818 2797 2909 2867 qui
2938 2811 3057 2852 eam
3091 2804 3257 2849 totam
3289 2793 3473 2848 incen-

1899 2897 1995 2957 dit.
2024 2903 2079 2950 et
2118 2902 2312 2964 praeter
2360 2892 2494 2947 alias
2523 2892 2700 2956 urbes,
2737 2890 2909 2959 ipsam
2949 2887 3114 2943 etiam
3145 2884 3469 2950 Jerusalem,

1899 2987 2167 3056 captivum
2213 2986 2351 3056 cepit
2387 2983 2661 3047 lsraelem,
2697 2998 2822 3038 cum
2868 2980 3041 3036 sacris
3094 2980 3262 3043 vasis,
3298 2986 3472 3048 eaque

1903 3080 2070 3150 gessit
2101 3094 2221 3147 quae
2252 3085 2378 3132 sunt
2414 3077 2468 3131 in
2497 3076 2667 3131 sacris
2692 3073 2934 3130 Litteris.
2958 3074 3069 3127 Has
3098 3071 3354 3126 historias
3384 3082 3476 3122 no-

202 3143 419 3248 σαλημ,
476 3138 619 3199 εἷλεν
654 3147 1000 3219 αἰχμάλωτον
1048 3151 1140 3205 τὸν
1200 3154 1438 3225 Ἰσραὴλ,
1492 3153 1628 3224 όμοῢ
1685 3158 1799 3213 τοῖς

1902 3138 1985 3227 bis
2005 3187 2068 3227 ea
2098 3138 2217 3240 quae
2244 3169 2518 3238 proposita
2549 3175 2677 3223 sunt
2707 3168 2933 3220 innuunt
2956 3172 3009 3218 et
3032 3162 3324 3218 insinuant.
3355 3159 3473 3214 Erit

203 3240 435 3289 σκεύεσι
474 3241 583 3302 τοῖς
615 3240 801 3311 ἱεροῖς.
847 3243 1075 3297 κάκεῖνα
1114 3243 1426 3316 πέπραχεν,
1476 3247 1575 3299 ὅσα
1605 3247 1698 3300 καὶ
1734 3248 1791 3301 ὲν

1902 3266 2060 3334 igitur
2087 3265 2140 3320 in
2171 3265 2257 3319 die
2302 3262 2417 3328 illa,
2454 3262 2506 3316 id
2549 3268 2655 3326 est,
2681 3260 2783 3315 sub
2821 3259 2874 3313 id
2915 3256 3197 3328 temporis,
3236 3252 3474 3311 sihilabit

200 3331 319 3391 τοῖς
358 3330 525 3399 ἱεροῖς
549 3334 729 3385 κεῖται
757 3333 1072 3404 Γράμμασι.
1107 3336 1325 3390 Τούτων
1354 3338 1483 3408 ἡμῖν
1514 3337 1620 3389 τῶν
1652 3339 1793 3391 ίστοο

204 3421 349 3490 ριῶν
374 3427 606 3478 ποιεῖται
645 3425 742 3493 τὴν
775 3427 1053 3498 ἀφήγησιν
1081 3428 1189 3481 τῶν
1228 3430 1601 3501 προκειμένων
1637 3433 1670 3501 ἡ
1698 3430 1791 3483 δύ-

203 3531 400 3583 ναμις.
453 3535 472 3566 ι
500 3516 693 3571 Ἔσται
725 3519 926 3586 τοίνυν,
959 3520 1146 3592 φησὶν,
1195 3523 1253 3574 ὲν
1285 3525 1351 3594 τῇ
1396 3522 1576 3594 ἡμέρᾳ
1612 3524 1795 3597 ἐκείνῃ

206 3605 385 3674 (τοῦτ’
415 3606 551 3671 ἔστι,
597 3608 718 3662 κατ’
768 3612 946 3664 ὲκεῖνο
991 3614 1084 3666 τοῦ
1117 3613 1353 3685 καιροῦ),
1391 3617 1565 3685 συριεῖ
1592 3614 1794 3686 Κύριος

209 3697 428 3765 μυίαις,
456 3698 484 3751 ὃ
512 3700 754 3771 κυριεύει
791 3702 991 3772 μέρους
1013 3703 1273 3774 ποταμῶν
1290 3704 1426 3773 Δίγύ
1438 3723 1588 3771 πτου,
1615 3707 1708 3760 καὶ
1726 3709 1792 3780 τῇ

210 3791 475 3865 μελίσσῃ,
496 3811 515 3843 ι
549 3795 584 3864 ἧ
615 3795 765 3847 ἐστιν
781 3796 840 3848 ὲν
854 3796 1006 3868 χώρᾳ
1020 3797 1128 3850 τῶν
1159 3798 1477 3869 Ἀσσυρίων.
1499 3798 1795 3870 Πεποίηται

206 3885 397 3937 τοίνυν
425 3887 455 3936 6
484 3885 638 3953 λόγος
669 3886 744 3950 ὼς
770 3888 835 3940 ὲκ
867 3891 1185 3960 μεταφορᾶς
1216 3890 1315 3960 τῆς
1342 3890 1449 3943 τῶν
1480 3890 1795 3961 μελισσοκό-

212 3994 335 4047 μων
374 3978 686 4048 ἐμπειρίας,
720 3980 770 4033 οἳ
812 3982 1108 4052 συρίσμασι
1140 3982 1235 4046 τὰς
1270 3983 1433 4052 μυίας
1461 3983 1793 4054 ἀποφέρουσι

206 4087 268 4122 τε
303 4068 418 4123 τῶν
448 4069 689 4141 σίμϐλων
718 4075 796 4136 είς
823 4074 1025 4144 ἀγροὺς
1058 4074 1151 4127 καὶ
1190 4076 1351 4129 πάλιν
1384 4076 1792 4146 ἀνακομίζουσι,

208 4162 475 4232 καθάπερ
525 4164 637 4216 τισὶ
693 4168 881 4236 σηκοῖς
943 4168 1427 4239 ὲγκαθειργνύντες
1485 4168 1793 4240 θρέμματα.

208 4254 424 4318 Μυίαις
484 4254 541 4307 δὲ
586 4258 909 4327 παρεικάζει
962 4260 1086 4323 τοὺς
1132 4260 1481 4328 Αἰγυπτίους,
1546 4260 1798 4334 καθάπερ

210 4342 458 4416 ἐγῷμαι,
479 4348 646 4401 διάτοι
672 4350 733 4403 τὸ
760 4349 963 4421 πλῆθος
1000 4354 1094 4405 καὶ
1129 4353 1188 4406 τὸ
1226 4353 1299 4424 μὴ
1332 4353 1451 4407 λίαν
1482 4351 1676 4425 εὖηχες
1701 4354 1799 4423 τῆς

212 4440 424 4508 φωνῆς.
442 4439 684 4511 Μελίσση
712 4441 793 4514 δὲ,
819 4441 877 4495 τὸ
907 4442 1016 4495 τῶν
1059 4444 1356 4516 Ἀσσυρίων
1386 4444 1555 4508 ἔθνοςο
1583 4445 1801 4515 ποικίλη

1903 3357 2045 3411 Deus
2080 3355 2301 3421 rnttscis,
2334 3366 2453 3423 quae
2494 3352 2633 3421 parti
2669 3350 2905 3405 ﬂuminis
2934 3347 3151 3419 IEgypti
3187 3347 3472 3402 dominan-

1902 3457 2020 3514 tur,
2086 3456 2138 3502 et
2184 3446 2269 3515 api
2312 3459 2431 3514 quae
2476 3451 2560 3497 est
2603 3442 2655 3496 in
2692 3442 2910 3511 regione
2948 3439 3317 3510 Assyriorum.
3373 3435 3470 3491 Ef-

1905 3535 2029 3589 llcta
2075 3533 2306 3603 proinde
2344 3540 2397 3587 et
2450 3530 2676 3600 ﬁgurata
2727 3539 2813 3584 est
2864 3530 3075 3592 oratio,
3109 3528 3263 3597 quasi
3301 3535 3472 3582 meta-

1903 3624 2066 3692 phora
2097 3623 2165 3676 ab
2196 3634 2298 3689 ope
2328 3628 2382 3674 et
2420 3616 2679 3672 industria
2717 3630 2903 3670 eorum
2938 3615 3027 3683 qui
3061 3614 3251 3681 apibus
3278 3626 3473 3665 curan-

1900 3715 1983 3771 dis
2025 3721 2282 3783 prazsunt,
2323 3718 2378 3767 et
2410 3711 2501 3781 qui
2536 3723 2752 3763 muscas
2796 3707 2953 3783 sibilo
2983 3721 3013 3761 e
3047 3705 3188 3760 nidis
3218 3704 3269 3757 in
3313 3716 3473 3773 agros

1900 3782 2147 3870 evocant,
2172 3815 2226 3859 et
2245 3805 2438 3858 iterum
2474 3802 2756 3862 reducunt,
2791 3782 2952 3853 veluti
2990 3797 3216 3852 stabulis
3239 3795 3467 3865 quibu-

1903 3898 2024 3951 dam
2047 3895 2427 3951 concludentes
2459 3890 2885 3963 pecora.Muscis
2916 3896 3190 3951 autem,ut
3222 3901 3321 3956 ego
3345 3885 3469 3953 qui-

1900 3990 2021 4044 dem
2044 3988 2246 4058 judico,
2278 3987 2490 4043 conlert
2521 3985 2810 4057 IEgyptios
2839 3992 2948 4036 tum
2977 3989 3195 4050 propter
3226 3979 3467 4033 multitu-

1854 4074 1857 4077 ’
1903 4083 2104 4143 dinem,
2140 4090 2248 4134 tum
2280 4081 2349 4134 ob
2404 4093 2589 4134 vocem
2623 4081 2882 4131 absonam
2912 4088 3009 4129 nec
3038 4074 3109 4128 ita
3144 4074 3279 4127 bene
3305 4085 3467 4125 sono-

1904 4190 2040 4228 ram.
2088 4173 2218 4243 Apis
2278 4186 2405 4226 vero
2457 4186 2589 4239 gens
2631 4179 2715 4225 est
2769 4168 3114 4239 Assyriorum
3149 4182 3161 4218 :
3195 4162 3469 4231 variegata

1903 4267 2045 4319 enim
2084 4273 2169 4319 est
2207 4263 2324 4331 apis
2362 4271 2416 4317 et
2450 4262 2672 4332 pulchre
2699 4260 2959 4322 colorata,
2994 4266 3047 4311 et
3085 4254 3265 4309 multis
3302 4253 3474 4306 modis

1905 4366 2086 4411 notata
2138 4370 2202 4410 ac
2235 4352 2521 4409 maculata.
2564 4351 2721 4406 Tales
2764 4352 2979 4420 quidem
3030 4346 3166 4409 fere,
3207 4353 3470 4414 quantum

1907 4448 1971 4500 ad
1997 4445 2252 4500 amictum
2281 4453 2337 4499 et
2364 4445 2430 4498 ad
2456 4438 2702 4498 ornatum
2729 4442 2984 4510 pertinet,
3007 4446 3162 4492 erant
3189 4447 3243 4489 et
3269 4432 3473 4504 Assyrii

212 4535 349 4602 γάρ,
385 4531 596 4604 εὔχρως
643 4552 701 4587 τε
760 4536 852 4588 καὶ
907 4537 1308 4609 κατεστιγμένη
1371 4537 1723 4608 πολυτρόπως
1772 4539 1800 4609 ἡ

1910 4549 1964 4591 et
1993 4537 2169 4590 Persae
2200 4553 2214 4590 :
2249 4550 2369 4589 nam
2402 4543 2455 4589 et
2488 4531 2768 4604 elegantiae
2808 4530 3033 4585 studiosi
3073 4537 3247 4591 erant,
3279 4534 3335 4579 et
3384 4538 3473 4574 va-

217 4626 470 4694 μέλιττα.
490 4626 732 4681 Τοιοῦτοι
757 4628 811 4681 δέ
836 4644 973 4695 πως,
997 4629 1120 4682 ὅσον
1148 4626 1281 4700 ἧκεν
1306 4632 1387 4693 είς
1418 4629 1598 4700 ἄμφιά
1622 4646 1680 4681 τε
1710 4630 1805 4682 καὶ

218 4719 439 4789 στολὴν,
476 4719 747 4791 ’Λσσύριοί
764 4738 821 4773 τε
842 4721 934 4775 καὶ
960 4721 1187 4791 Πέρσαι·
1216 4722 1532 4792 φιλόκοσμοι
1558 4722 1685 4792 γὰρ,
1713 4723 1804 4775 καὶ

216 4809 280 4861 τὸ
307 4810 572 4873 ποικίλως
614 4810 871 4865 ἐστάλθαι
926 4810 1195 4881 τιμῶντες
1240 4811 1363 4876 ἀεὶ,
1421 4812 1514 4864 καὶ
1562 4811 1698 4882 πρός
1741 4826 1805 4877 γε

219 4902 384 4955 τοῦτο
408 4902 863 4973 κεκεντρωμένοι.
908 4899 1085 4967 Οὗτοι,
1128 4904 1311 4974 φησιν,
1350 4904 1538 4974 ἥξουσι
1583 4902 1805 4967 πάντες,

221 4994 317 5045 καὶ
362 4992 772 5046 ἀναπαύσονται
807 4996 866 5048 ὲν
908 4997 1030 5058 ταῖς
1061 4995 1296 5065 φάραγξι
1339 4997 1439 5066 τῆς
1482 4994 1683 5065 χώρας,
1716 4995 1808 5047 καὶ

218 5092 277 5140 ἐν
312 5088 434 5148 ταῖς
462 5086 735 5157 τρώγλαις
778 5087 887 5140 τῶν
917 5086 1155 5159 πετρῶν,
1186 5087 1278 5141 καὶ
1305 5088 1385 5150 εἰς
1411 5087 1481 5140 τὰ
1529 5086 1768 5158 σπήλαια
1789 5123 1805 5147 ,

218 5178 314 5229 καὶ
358 5176 452 5229 ἐπὶ
490 5177 669 5229 πᾶσαν
705 5176 937 5247 ραγάδα,
970 5178 1062 5230 καὶ
1091 5178 1149 5229 ὲν
1200 5177 1361 5230 παντὶ
1395 5176 1555 5248 ξύλῳ.
1592 5176 1808 5248 Ἐπειδὴ

215 5272 328 5339 γὰρ
362 5268 437 5331 ὡς
464 5270 592 5335 περὶ
620 5269 794 5340 μυιῶν
828 5271 1121 5341 πεποίηται
1164 5271 1290 5333 τοὺς
1324 5270 1531 5339 λόγους,
1562 5270 1809 5341 ἐπιμένει

217 5364 285 5430 ’.ᾔ
319 5364 518 5432 τροπῇ.
552 5361 714 5431 Δηλοῖ
741 5362 916 5434 γεμὴν
943 5363 1027 5415 ὅτι
1053 5364 1232 5417 πᾶσαν
1252 5363 1429 5415 αὐτῶν
1462 5364 1810 5433 ἐρευνήσουσι

217 5451 320 5520 τὴν
355 5451 560 5522 χώραν,
591 5452 667 5513 ὼς
725 5452 928 5523 μηδένα
981 5451 1237 5506 δύνασθαι
1279 5453 1388 5506 τῶν
1415 5452 1811 5523 κεκρυμμένων

220 5542 434 5596 λαθεῖν·
470 5544 575 5597 κᾶν
600 5545 710 5597 εῐτε
741 5544 901 5614 τυχὸν
929 5546 985 5598 ὲν
1007 5544 1253 5616 πέτραις,
1284 5546 1446 5615 ἦτουν
1466 5546 1523 5597 ὲν
1549 5543 1808 5614 φάραγξι,

230 5635 263 5703 ἢ
305 5635 398 5687 καὶ
429 5636 488 5687 ὲν
512 5636 735 5706 δρυμοῖς
758 5636 852 5688 καὶ
882 5636 1080 5698 νάπαις
1118 5635 1343 5697 ἑαυτοὺς
1382 5633 1811 5705 κατακρύψειαν.

232 5724 345 5777 Καὶ
383 5724 501 5777 καθ’
528 5726 715 5798 ἓτερον
736 5726 793 5778 δὲ
812 5726 1013 5795 τρόπον
1052 5727 1108 5777 ἐν
1134 5728 1246 5787 τοῖς
1296 5724 1690 5795 παροτρύνουσι
1720 5723 1813 5775 τὸν

233 5820 341 5869 των
373 5817 508 5870 ὅλων
541 5817 693 5883 Θεὸν,
726 5818 818 5872 καὶ
852 5816 1212 5887 προσκρούειν
1233 5815 1380 5886 αύτῷ
1410 5816 1483 5885 μὴ
1515 5832 1811 5884 παραιτου-

1907 4634 2163 4701 riegatam
2218 4639 2421 4685 vestem
2486 4642 2700 4697 semper
2749 4623 2962 4694 plurimi
3023 4620 3383 4677 aestimabant.
3422 4625 3477 4669 et

1906 4734 2163 4793 praeterea
2203 4722 2365 4776 etiam
2413 4728 2568 4775 erant
2615 4717 2860 4773 aculeati.
2900 4714 2999 4779 Illi,
3033 4713 3226 4780 inquit,
3263 4709 3477 4764 venient

1905 4829 2112 4880 omnes,
2148 4823 2200 4869 et
2239 4814 2292 4867 in
2345 4812 2576 4882 regionis
2624 4810 2876 4873 vallibus,
2900 4817 2954 4863 et
2999 4806 3051 4860 in
3098 4805 3249 4858 cavis
3291 4811 3472 4870 petra-

1910 4922 2051 4973 rum,
2077 4916 2129 4961 ct
2153 4906 2205 4959 in
2241 4904 2535 4974 speluncis,
2577 4912 2633 4957 et
2660 4902 2713 4956 in
2749 4900 2894 4955 omni
2937 4897 3195 4961 scissura,
3219 4893 3476 4961 omnique

1909 4999 2051 5067 ligno
2096 4996 2427 5051 residebunt.
2469 4992 2734 5060 Quoniam
2777 4990 2921 5046 enim
2968 4987 3133 5043 veluti
3165 4986 3234 5039 de
3276 4984 3479 5037 muscis

1908 5088 2082 5143 oratio
2113 5088 2354 5141 instituta
2384 5096 2488 5150 est,
2530 5085 2583 5138 in
2617 5084 2718 5139 hoc
2745 5092 2899 5151 tropo
2922 5086 3148 5150 perstat.
3186 5075 3478 5130 Enimvero

1909 5194 2123 5233 omnem
2159 5177 2396 5247 ipsorum
2426 5176 2702 5244 regionem
2758 5178 3191 5242 perscrutaturos
3221 5163 3479 5227 ostendit,

1910 5272 2063 5342 quasi
2115 5284 2275 5324 nemo
2301 5267 2644 5339 quantumvis
2682 5264 3032 5320 absconditus
3068 5259 3236 5314 latere
3274 5263 3478 5325 posset,

1912 5369 2038 5429 puta
2073 5359 2189 5413 sive
2220 5357 2273 5413 in
2304 5355 2493 5427 petris,
2520 5355 2634 5411 sive
2664 5354 2717 5408 in
2746 5351 2999 5415 vallibus,
3030 5349 3146 5404 sive
3173 5348 3225 5402 in
3247 5345 3384 5400 lucis
3412 5358 3480 5399 ac

1911 5448 2062 5502 silvis
2098 5462 2218 5504 sese
2251 5446 2539 5502 occultent.
2591 5444 2759 5501 Porro
2799 5444 2957 5498 aliter
2976 5440 3137 5496 etiam
3177 5438 3232 5494 in
3273 5437 3358 5492 his
3379 5434 3471 5503 qui
3502 5505 3505 5507 ἓ

1913 5540 2283 5595 universitatis
2319 5539 2485 5595 Deum
2541 5545 2863 5606 exasperant
2910 5534 3169 5603 illumque
3208 5527 3481 5585 offendere

1899 5648 2018 5687 non
2062 5641 2338 5698 verentur,
2376 5645 2656 5701 vesparum
2706 5631 2880 5685 instar
2911 5627 3187 5683 consident
3223 5622 3480 5677 adversa-

1915 5724 2008 5777 riae
2044 5731 2361 5791 potestates;
2377 5730 2432 5779 et
2478 5721 2636 5778 foedae
2654 5736 2777 5793 qua:
2821 5719 2977 5774 nobis
3012 5718 3194 5772 insunt
3224 5708 3487 5781 cupidita-

1917 5825 2020 5882 tes,
2066 5814 2223 5881 127
2246 5822 2466 5871 arcente
2507 5812 2671 5877 nullo,
2702 5811 2789 5869 vol
2831 5813 3204 5866 succurrente.
3239 5802 3299 5861 Si
3336 5798 3483 5858 enim
