4134 6488
644 399 718 467 ,21
735 401 761 453 Ι·

1659 405 1717 459 S.
1759 403 2033 458 CYltlLLI
2076 404 2542 459 ALEXANDRINI
2582 405 2899 461 ARCHIEP.

3792 406 3908 461 Ei?

657 519 797 575 Deus
845 520 1075 590 afﬂigere
1110 523 1253 589 velit,
1296 525 1416 592 quis
1467 525 1618 577 nobis
1649 539 1801 592 opem
1837 523 2031 578 afferre
2071 535 2222 593 potee

2331 526 2528 596 μένοις,
2560 527 2782 597 σφηκῶν
2819 526 2974 597 δίκην
3013 524 3399 591 ἐναυλίζονται,
3428 524 3518 578 καὶ
3541 524 3902 577 καταλύουσιν

656 610 770 662 rit?

2331 618 2387 669 αἱ
2415 619 2648 687 πονηραί
2704 635 2762 671 τε
2804 618 2897 671 καὶ
2944 617 3313 687 ἀντικείμεναι
3371 617 3648 685 δυνάμεις,
3685 615 3779 667 καὶ
3829 615 3899 665 τὰ

656 699 860 754 ἔοκτοπα
910 701 1017 756 τῶν
1067 704 1124 756 ἐν
1196 706 1327 774 ἡμῖν
1388 706 1575 759 παθῶν
1632 706 2025 771 ἀποσοϐοῦντος
2067 707 2278 770 οὐδενὸς
2301 747 2316 773 ,
2358 709 2523 779 ἤγουν
2580 708 2952 778 ἐπαμύνοντος
3004 709 3097 762 καὶ
3151 707 3343 771 σώζειν
3402 706 3694 777 ίσχύοντος.
3763 704 3899 757 Θεοῦ

655 786 765 859 γὰρ
790 789 994 844 κακοῦν
1036 792 1308 858 ἐθέλοντος
1330 835 1346 861 ,
1384 796 1469 859 τίς
1515 796 1662 866 ἡμᾶς
1689 797 1726 848 ὀ
1746 796 2022 867 ὠφελῆσαι
2076 796 2401 868 δυνάμενοςς

729 877 893 933 Vsus.
931 880 1021 935 20.
1052 880 1120 935 In
1187 885 1271 938 die
1317 884 1409 938 illa
1457 886 1605 939 radat
1666 885 1921 939 Dominus
1970 888 2227 941 novacula

655 988 847 1042 magna
873 984 919 1026 et
957 974 1210 1029 inebriato
1232 1017 1244 1039 ,
1275 992 1390 1046 qua!
1415 989 1488 1032 est
1522 988 1666 1032 trans
1711 979 1927 1048 [luvium
1956 981 2089 1049 regis
2122 980 2226 1033 As-

656 1064 945 1132 syriorum,
977 1076 1135 1135 caput
1162 1078 1208 1122 et
1242 1070 1374 1137 pilos
1404 1072 1613 1137 pedum,
1637 1082 1683 1124 et
1717 1073 1928 1125 barbam
1964 1074 2185 1141 auferet.

727 1241 966 1321 Primum
993 1248 1362 1316 componenda
1401 1250 1706 1304 necessario
1735 1260 1788 1303 et
1810 1251 2104 1307 ordinanda
2140 1262 2223 1308 est

660 1334 826 1389 dictio
867 1336 918 1389 in
955 1337 1038 1392 his
1076 1339 1254 1393 verbis
1284 1356 1295 1391 :
1323 1338 1401 1393 sic
1431 1340 1642 1395 demum
1670 1341 1797 1410 quid
1838 1341 1918 1395 liae
1938 1343 2221 1398 sententia:

659 1439 772 1492 prie
804 1438 863 1480 se
904 1425 1099 1493 ferant,
1128 1426 1432 1482 dicendum.
1466 1428 1649 1490 Proin.
1676 1430 1865 1499 inquit,
1899 1431 1951 1484 in
1983 1432 2068 1486 die
2106 1432 2218 1497 illa,

663 1517 763 1570 hoc
813 1525 894 1569 est
931 1518 1032 1570 sub
1082 1519 1131 1571 id
1175 1518 1450 1587 temporis,
1501 1534 1688 1588 magna
1739 1521 1997 1575 novacula
2021 1531 2074 1576 et
2111 1523 2228 1577 ine-

661 1605 857 1667 briata,
894 1621 1011 1675 quae
1065 1616 1147 1662 est
1188 1609 1328 1677 regis
1381 1610 1731 1678 Assyriorum
1793 1612 1883 1680 qui
1919 1622 2004 1668 est
2077 1624 2227 1667 trans

659 1697 904 1762 ﬂuvium,
933 1697 1184 1751 videlicet
1250 1698 1585 1768 Euphraten,
1616 1701 1770 1757 radet
1814 1703 1955 1758 Deus
1988 1713 2151 1773 caput
2173 1714 2226 1758 et

2414 889 2508 941 Ἐν
2534 888 2608 956 τῇ
2648 889 2849 957 ἠμέρᾳ¹
2870 888 3071 961 ἐκείνῃ
3105 887 3356 957 ξυρήσει
3392 889 3607 955 Κύριος
3633 885 3715 951 τῷ
3742 885 3902 952 εικφῴ

2327 981 2408 1047 τῷ
2440 982 2680 1051 μεγάλῳ
2716 982 2813 1036 καί
2858 982 3308 1052 μεμεθυσμένῳ,
3343 982 3377 1034 ὅ
3414 982 3543 1035 ἐστι
3576 980 3766 1047 πέραν
3796 977 3903 1031 τοῦ

2328 1075 2596 1144 ποταμοῦ
2622 1075 2928 1139 ,βασιλέως
2966 1075 3321 1142 Ἀσσυρίων,
3353 1072 3466 1139 τὴν
3494 1070 3771 1140 κεφαλὴν
3800 1070 3897 1122 καί

2326 1164 2433 1231 τὰς
2461 1166 2669 1233 τρίχας
2703 1163 2822 1217 τῶν
2845 1162 3065 1229 ποδῶν,
3118 1164 3217 1216 καί
3248 1164 3354 1216 τόν
3387 1161 3635 1230 πώγωνα
3665 1158 3901 1228 ἀφελεῖ.

2398 1256 2673 1311 Συνθεῖναι
2706 1255 2919 1327 πρῶτον
2968 1254 3067 1327 τὴν
3102 1254 3248 1320 λέξιν
3284 1254 3379 1305 καὶ
3412 1254 3469 1305 ἐν
3504 1250 3713 1313 τούτοις
3751 1251 3904 1321 ἡμᾶς

2326 1350 2652 1417 ἀναγκαῖον·
2712 1343 2811 1399 εἷθ’
2861 1346 3001 1399 οὕτω
3060 1345 3248 1397 λοιπὸν
3300 1342 3362 1395 τὸ
3408 1343 3472 1395 ἐκ
3513 1341 3625 1394 τῶν
3681 1339 3905 1392 ἐννοιῶν

2326 1438 2755 1509 ὑποδηλούμενον
2788 1439 2982 1490 εἰπεῖν.
3019 1435 3229 1489 Οὐκοῦν
3276 1436 3335 1487 ὲν
3366 1436 3431 1504 τῇ
3467 1432 3650 1503 ἡμέρᾳ
3692 1430 3901 1501 ἐκείνῃ,

2326 1531 2478 1601 φησὶ,
2509 1530 2653 1583 τοῦτ’
2681 1529 2815 1594 ἔστι,
2851 1531 2970 1581 κατ’
3005 1529 3178 1581 έκεῖνο
3198 1525 3291 1579 τοῦ
3324 1522 3546 1595 καιροῦ,
3572 1523 3650 1593 τῷ
3679 1521 3909 1592 μεγάλῳ

2331 1621 2477 1693 ξυρῷ
2516 1622 2609 1675 καὶ
2647 1619 3063 1690 μεμεθυσμένῳ,
3125 1619 3153 1670 ὅ
3183 1619 3299 1669 ἐστι
3334 1615 3431 1668 τοῦ
3468 1614 3731 1685 βασιλέως
3772 1611 3903 1664 Ἀσα-

2326 1716 2549 1785 συρίωνς
2584 1711 2679 1765 τοῦ
2721 1712 2872 1775 ὄντος
2908 1711 3079 1781 πέραν
3108 1709 3201 1762 τοῦ
3231 1706 3500 1778 ποταμοῦ,
3529 1705 3687 1776 δῆλον
3725 1704 3783 1757 δὲ
3818 1704 3905 1756 ὅτι

657 1786 797 1854 pilos
829 1785 1048 1856 pedum,
1079 1798 1133 1842 et
1160 1789 1380 1843 barbam
1410 1790 1638 1845 auferet.
1685 1790 2011 1848 Novaculam
2050 1803 2225 1848 autem

2331 1804 2420 1857 τοῦ
2446 1802 2750 1874 Εὐφράτου,
2783 1800 3005 1872 ξυρήσει
3032 1798 3236 1869 Κύριος
3263 1796 3361 1867 τῆν
3394 1792 3655 1863 κεφαλὴν,
3683 1792 3778 1845 καὶ
3802 1790 3909 1853 τὰς

661 1891 913 1945 magnam
973 1886 1028 1932 et
1072 1877 1394 1932 inebriatam
1442 1879 1589 1949 regis
1615 1881 1956 1950 Assyriorum
1992 1882 2231 1936 transﬂu-

660 1968 827 2030 viani,
864 1968 1097 2037 appellat
1145 1968 1382 2038 gladium
1421 1970 1560 2039 ejus,
1591 1971 1974 2028 detondentem
2022 1973 2229 2029 scilicet

659 2055 1188 2120 immisericorditer,
1223 2068 1281 2111 et
1316 2058 1624 2113 cadentium
1659 2062 1921 2131 sanguine
1971 2062 2227 2119 inebriari

661 2148 1003 2215 gesticntem.
1026 2149 1091 2203 Et
1148 2148 1236 2203 bic
1288 2150 1504 2219 quidem
1552 2158 1639 2205 est
1691 2166 1881 2207 sensus
1920 2155 2223 2209 verborum.

660 2238 901 2295 Dicimus
946 2252 1127 2295 autem
1164 2240 1400 2295 infamia:
1451 2242 1731 2311 cujusdam
1783 2243 2007 2314 insignis
2058 2261 2226 2315 genus

660 2330 827 2386 fuisse
877 2340 1028 2385 certo
1083 2340 1344 2402 tempore,
1372 2340 1427 2387 et
1486 2334 1663 2402 capite
1694 2344 1749 2389 et
1794 2335 1959 2390 barba
2006 2334 2228 2391 derasos

659 2421 918 2490 conspici.
953 2420 1107 2476 Nunc
1135 2424 1298 2476 etiam
1343 2424 1717 2479 universitatis
1758 2427 1899 2481 Deus
1923 2428 2225 2481 commina-

661 2521 750 2567 tus
801 2511 1011 2568 ﬁliabus
1058 2512 1209 2578 Sion,
1241 2513 1493 2568 l‘astnosis
1531 2524 1584 2570 et
1644 2516 2018 2573 incedentibus
2085 2518 2226 2573 elata

659 2605 893 2670 cervice,
927 2605 1317 2675 oculorumque
1348 2607 1589 2672 nutibus,
1631 2606 1908 2664 felicitatis
1932 2609 2228 2681 ademptio-

659 2710 803 2759 nem,
831 2696 965 2749 dixit
999 2714 1015 2749 :
1048 2696 1111 2749 Et
1156 2697 1262 2752 erit
1297 2713 1395 2767 pro
1440 2698 1604 2752 odore
1651 2699 1802 2753 suavi
1842 2698 2007 2763 letor,
2031 2710 2086 2755 et
2132 2716 2227 2769 pro

660 2801 815 2852 zona,
848 2786 1085 2842 funiculo
1117 2788 1467 2857 succingeris,
1492 2797 1545 2842 et
1566 2802 1663 2857 pro
1688 2798 2006 2843 ornamento
2035 2791 2229 2859 capitis

659 2895 844 2946 aureo,
871 2881 1145 2935 calvitium
1193 2880 1417 2935 habebis
1461 2889 1682 2950 propter
1712 2894 1874 2949 opera
1918 2890 2029 2935 tua.
2064 2882 2228 2937 Fece-

658 2982 787 3025 runt
815 2972 1009 3027 deinde
1039 2972 1154 3027 haec
1182 2973 1405 3041 quidam
1428 2980 1481 3026 et
1505 2987 1670 3042 super
1702 2972 1949 3038 mortuis,
1974 2987 2037 3027 ac
2061 2973 2225 3029 dede-

659 3081 785 3119 mre
812 3080 931 3120 sese
962 3065 1257 3120 affecerunt
1291 3081 1305 3119 ι
1346 3065 1487 3119 unde
1515 3073 1568 3120 et
1592 3065 1676 3118 lex
1708 3064 1941 3119 Mosaiea
1986 3067 2228 3135 praecipit

2330 1893 2521 1964 τρίχας
2546 1890 2655 1945 τῶν
2689 1889 2887 1954 ποδῶν,
2913 1890 3007 1942 καὶ
3036 1888 3127 1941 τὸν
3155 1885 3395 1954 πώγωνα
3416 1882 3620 1952 ἀφελεῖ.
3646 1880 3818 1953 Ξυρὸν
3844 1881 3903 1933 δὲ

2333 1982 2475 2052 μέγα
2510 1981 2603 2034 καῖ
2651 1978 3062 2051 μεμεθυσμένον
3106 1976 3202 2029 τοῦ
3270 1975 3533 2046 βασιλέως
3572 1972 3909 2043 Ἀσσυρίων,

2328 2071 2423 2126 τοῦ
2470 2073 2620 2141 ὄντος
2658 2071 2831 2143 πέραν
2860 2068 2955 2123 τοῦ
2991 2067 3264 2141 ποταμοῦ,
3294 2067 3450 2120 καλεῖ
3480 2065 3578 2136 τὴν
3626 2064 3905 2134 μάχαιραν

2328 2163 2515 2227 αὑτοῦ,
2559 2164 2655 2235 τὴν
2684 2160 2794 2217 οἷον
2823 2162 3058 2232 ἀφειδῶς
3090 2159 3513 2230 ἀποκείρουσαν,
3553 2156 3648 2209 καὶ
3676 2155 3915 2225 χαίρουε

2331 2273 2429 2311 σαν
2462 2255 2539 2326 τῷ
2577 2255 2794 2326 μεθύειν
2838 2253 2916 2325 τῷ
2954 2252 3061 2307 τῶν
3114 2251 3423 2305 πιπτόντων
3461 2249 3670 2319 αἵματι.
3711 2246 3827 2299 Καὶ
3875 2247 3909 2298 ὁ

2332 2349 2429 2420 μὲν
2458 2347 2583 2411 νοῦς
2607 2346 2716 2400 τῶν
2745 2344 2941 2412 λέξεων
2962 2341 3135 2407 οὗτος.
3162 2341 3346 2412 Φαμὲν
3367 2340 3425 2394 δὲ
3461 2341 3543 2392 ὅτι
3574 2336 3797 2407 ἀτιμίας
3834 2330 3913 2405 ἦν

2329 2440 2561 2510 ἐσχάτης
2589 2438 2787 2509 τρόπος
2812 2478 2828 2503 ,
2871 2437 2931 2489 τδ
2971 2434 3094 2489 καθ’
3119 2434 3216 2487 ἕνα
3249 2432 3439 2503 καιρὸν
3482 2430 3711 2501 ὁρᾶσθαί
3746 2445 3907 2490 τινας

2328 2529 2568 2599 κεφαλήν
2600 2546 2657 2581 τε
2686 2528 2780 2581 καὶ
2822 2526 3059 2594 πώγωνα
3090 2521 3581 2595 κατεξυρημένους.
3627 2519 3738 2572 Καὶ
3770 2516 3907 2586 γοῦν

2326 2620 2356 2672 ό
2403 2619 2511 2672 τῶν
2561 2620 2697 2671 ὅλων
2746 2618 2878 2681 Θεὸς
2920 2614 3257 2687 ὲπηπείλησέ
3295 2630 3399 2666 που
3437 2613 3555 2674 ταῖς
3601 2608 3905 2679 θυγατράσι

2329 2709 2486 2774 Σιὼν,
2530 2708 2859 2778 ὑψουμέναις
2897 2724 2956 2760 τε
2990 2708 3083 2759 καῖ
3104 2703 3499 2776 πορευομέναις
3540 2701 3727 2773 ὑψηλῷ
3773 2717 3906 2771 τρα-

2328 2802 2475 2874 χήλῳ
2515 2802 2608 2854 καὶ
2648 2801 2909 2870 νεύμασιν
2950 2798 3264 2870 ὀφθαλμῶν,
3318 2798 3416 2868 τῆς
3461 2795 3761 2867 εὐημερίας
3802 2793 3907 2863 τὴν

2329 2892 2638 2963 ἀφαίρεσιν.
2673 2892 2815 2963 Ἔφη
2841 2890 2968 2961 γὰρ,
2997 2891 3077 2943 ὅτι
3122 2891 3232 2944 Καὶ
3255 2888 3428 2953 ἔσται,
3461 2889 3554 2942 καὶ
3584 2887 3702 2940 avri.
3726 2885 3916 2955 ὀσμῆς

2328 2987 2511 3058 ἡδείας
2539 2985 2830 3057 κονιορτὸς,
2860 2986 2953 3038 καὶ
2986 2982 3106 3037 ἀντὶ
3140 2980 3317 3053 ζώνης
3357 2980 3575 3051 σχοινῖῳ
3602 2978 3771 3050 ζώσῃ,
3804 2977 3907 3030 καὶ

2330 3078 2450 3132 ἀντὶ
2465 3078 2557 3130 τοῦ
2578 3076 2783 3146 κόσμου
2810 3076 2907 3145 τῆς
2926 3074 3165 3145 κεφαλῆς
3186 3071 3280 3125 τοῦ
3308 3071 3530 3143 χρυσοῦ,
3555 3070 3910 3140 φαλάκρωμα

661 3158 767 3211 iiiis
796 3156 887 3225 qui
921 3156 1161 3211 divinum
1205 3155 1565 3210 ministerium
1610 3155 1786 3210 sortiti
1809 3165 1957 3223 sunt,
1983 3172 2050 3213 ne
2082 3173 2229 3215 more

2333 3168 2475 3233 ἔξεις
2504 3168 2591 3221 διὰ
2619 3166 2687 3220 τὰ
2709 3167 2844 3237 ἔργα
2870 3183 2981 3218 σου.
3010 3164 3217 3236 Ἔδρων
3242 3164 3299 3217 δὲ
3324 3162 3479 3216 τοῦτό
3503 3178 3667 3225 τινες,
3687 3161 3779 3213 καὶ
3812 3159 3913 3212 ἐπὶ

661 3247 891 3301 aliorum
924 3261 1088 3317 super
1114 3246 1379 3301 cadavere
1407 3247 1759 3311 abradantur,
1791 3262 1965 3317 neque
2002 3248 2228 3305 Formam

660 3337 843 3392 barbtn
873 3344 1240 3407 corrumpant.
1273 3335 1364 3391 Sic
1401 3336 1544 3390 enim
1583 3337 1846 3406 scriptum
1887 3348 1989 3393 est.
2025 3339 2256 3397 Devas-'

663 3430 792 3483 tatis
824 3443 951 3483 vero
978 3427 1365 3500 Hierosolymis
1394 3444 1423 3482 a
1460 3426 2010 3497 Nabuchodonosoro,
2043 3446 2231 3487 ascen-

662 3522 859 3575 derunt
891 3521 989 3576 viri
1030 3536 1057 3574 a
1086 3518 1299 3576 Sichem
1329 3528 1383 3575 et
1416 3535 1443 3573 a
1475 3518 1649 3586 Salem
1682 3530 1735 3575 et
1761 3520 2025 3587 Samaria,
2052 3539 2235 3594 quem-

663 3610 949 3666 admodum
1023 3611 1101 3664 ait
1163 3607 1430 3664 J‘eremias
1477 3610 1519 3641 ³⁸
1564 3626 1577 3661 :
1629 3609 1909 3679 Octoginta
1960 3612 2059 3666 viri
2120 3613 2232 3667 eir-

664 3701 886 3756 cumcisi
946 3700 1137 3766 barba,
1189 3710 1243 3754 et
1302 3699 1443 3768 rupti
1500 3699 1742 3754 vestibus
1806 3708 1861 3754 et
1916 3701 2141 3767 concisi,
2179 3711 2235 3756 et

664 3805 867 3847 manna
895 3801 949 3846 et
975 3791 1188 3847 iibanus
1218 3791 1271 3846 in
1314 3791 1565 3845 manibus
1601 3804 1814 3853 eorum,
1851 3792 1985 3845 utin
2016 3794 2231 3847 domum

663 3884 888 3941 Domini.
915 3885 1290 3954 importarent.
1324 3881 1511 3951 itaque
1535 3880 1706 3936 luctus
1728 3881 1897 3935 simul
1917 3891 1972 3937 et
2002 3884 2233 3939 dedeco-

664 3978 743 4032 ris
773 3977 978 4045 Species
1009 3982 1150 4041 erat,
1181 3974 1439 4030 novacula
1492 3980 1654 4042 caput
1697 3971 1849 4040 juitta
1905 3982 1960 4028 et
2009 3974 2232 4028 barbam

664 4089 934 4130 resecare.
978 4073 1090 4129 Hoc
1119 4072 1245 4129 olim
1277 4071 1513 4127 Judaicaa
1544 4071 1747 4141 regioni
1782 4070 1897 4126 fore
1929 4078 1988 4123 ut
2020 4067 2236 4123 contin-

666 4174 840 4235 geret,
871 4164 1215 4234 propheticus
1244 4176 1424 4217 sermo
1452 4163 1762 4217 conﬁrmat.
1802 4160 2042 4217 Manebit
2067 4161 2235 4227 enim,

667 4257 862 4325 inquit,
892 4254 1180 4309 exstinctis
1208 4254 1377 4323 ipsius
1411 4253 1618 4319 liberis,
1640 4254 1861 4322 plorans
1886 4261 1941 4309 et
1963 4260 2237 4321 contemp-

667 4347 897 4403 tissima.
917 4346 973 4401 Si
997 4346 1083 4402 cui
1111 4360 1236 4401 vero
1264 4342 1440 4415 placet
1467 4345 1575 4402 alio
1598 4347 1760 4418 128
1784 4346 1943 4402 modo
1962 4359 2237 4402 commen-

2332 3262 2543 3330 νεκροῖς
2569 3258 2793 3321 ἑαυτοὺς
2819 3256 3204 3328 ἀτιμάζοντεςο
3238 3254 3359 3309 ὅθεν
3393 3254 3485 3308 καὶ
3517 3256 3545 3307 ό
3569 3253 3731 3322 νόμος
3756 3254 3785 3305 ὀ
3818 3250 3913 3303 διὰ

2332 3349 2575 3412 Μωσέως
2594 3391 2608 3413 ,
2660 3351 2772 3411 τοῖς
2802 3349 2900 3419 τὴν
2928 3347 3080 3401 θείαν
3118 3346 3372 3418 λαχοῦσιν
3423 3344 3735 3416 ἱερουργίαν
3766 3358 3915 3413 παρ-

2332 3442 2526 3511 εγγυᾷ.
2569 3440 2629 3492 τὸ
2672 3439 2747 3511 μὴ
2780 3442 2836 3492 ὲν
2869 3441 2969 3509 ἴσῳ
2998 3440 3111 3501 τοῖς
3146 3436 3327 3500 ἄλλοις
3356 3437 3449 3489 ἐπὶ
3472 3434 3651 3506 νεκρῷ
3679 3431 3914 3496 κατεξυο

2335 3531 2530 3603 ρ’ῆσθαι
2552 3570 2569 3595 ,
2607 3530 2741 3601 μήτε
2777 3528 2881 3601 μὴν
2915 3528 3299 3599 καταφθείρειν
3348 3525 3447 3596 τὴν
3484 3524 3607 3594 ὄψιν
3659 3522 3754 3575 τοῦ
3789 3521 3913 3575 πώ-

2333 3640 2524 3689 γωνος.
2576 3622 2884 3694 Γέγραπται
2912 3620 3020 3691 γὰρ
3051 3619 3167 3672 ὡδί.
3231 3616 3672 3689 Πεπορθημένων
3702 3615 3759 3667 δὲ
3795 3614 3921 3667 τῶν

2346 3711 2729 3785 Ἱεροσολύμων
2783 3712 2877 3764 ὲπὶ
2929 3710 3022 3763 τοῦ
3078 3708 3573 3779 Ναϐουχοδονόσορ,
3631 3707 3921 3776 ἀνέϐησαν

2334 3804 2524 3874 ἄνδρες
2560 3802 2668 3856 ἀπὸ
2696 3802 2909 3872 Συχὲμ,
2945 3802 3039 3853 καὶ
3065 3800 3171 3853 ἀπὸ
3199 3798 3407 3870 Σαλὴμ,
3444 3800 3538 3851 καὶ
3572 3797 3913 3868 Σαμαρείας,

2334 3894 2479 3949 καθά
2520 3911 2682 3965 φησιν
2718 3892 3026 3964 Ἱερεμίας’
3082 3891 3438 3959 Ὀγδοήκοντα
3482 3889 3674 3960 ἄνδρες
3718 3888 3915 3958 ἐξυρη-

2338 3986 2487 4057 μένοι
2535 3984 2843 4053 πώγωνας,
2885 3983 2981 4036 καὶ
3035 3980 3397 4053 διερρωγότες
3445 3981 3513 4033 τὰ
3553 3979 3766 4051 ἱμάτιαι,
3813 3978 3917 4032 καὶ

2336 4077 2681 4147 κοπτόμενοι,
2727 4075 2821 4129 καὶ
2863 4074 3041 4144 μάννα
3086 4072 3180 4126 καί⁵
3209 4071 3426 4125 λίϐανον
3473 4072 3532 4123 ὲν
3560 4072 3679 4133 ταῖς
3713 4071 3913 4140 χερσὶν

2337 4169 2536 4235 αὐτῶν,
2568 4167 2667 4223 τοῦ
2694 4168 3023 4235 εἰσενεγκεῖν
3046 4167 3127 4228 είς
3151 4164 3242 4217 τὴν
3261 4162 3408 4217 οἷκον
3435 4163 3664 4235 Κυρίου.
3696 4160 3916 4215 Οὐκοῦν

2334 4261 2561 4325 πένθους
2587 4278 2646 4314 τε
2671 4261 2809 4331 ἅμα,
2831 4259 2923 4312 καὶ⁴
2940 4257 3165 4327 ἀτιμίας
3188 4252 3256 4327 ἦν
3285 4257 3489 4325 τρόπος
3509 4255 3569 4307 τὸ
3589 4255 3923 4325 ἀποκείρειν

2338 4353 2484 4425 ξυρῷ
2502 4353 2746 4422 κεφαλήν
2771 4367 2829 4404 τε
2858 4350 2953 4403 καὶ
2979 4348 3234 4418 πώγωνα.
3260 4346 3431 4400 Τοῦτο
3460 4346 3743 4399 πείσεσθαι
3770 4346 3923 4400 κατὰ

670 4439 797 4504 tari,
826 4438 1130 4507 huiusmodi
1173 4439 1447 4509 quidpiam
1496 4422 1612 4494 ie're
1660 4438 1950 4509 intelliget.
2003 4437 2229 4509 Capillos

2338 4422 2564 4514 καιροὺς
2602 4441 2700 4511 τὴν
2732 4438 2839 4492 τῶν
2866 4438 3137 4492 Ἰουδαίων
3168 4436 3352 4508 χώραν
3378 4437 3406 4488 ὀ
3434 4435 3773 4506 πῳφητικός
3806 4435 3915 4507 ἔφη

668 4531 933 4601 siquidem
963 4530 1155 4599 capitis
1180 4529 1408 4586 fortasse
1438 4539 1616 4597 vocat,
1646 4531 2095 4587 honoratissimos
2130 4531 2229 4586 ho—

2335 4535 2510 4603 λόγος.
2553 4534 2840 4602 Ἀπομενεῖ
2857 4531 2982 4602 γὰρ,
3011 4531 3195 4599 φησὶν,
3222 4528 3575 4582 ἀπολωλότων
3607 4528 3780 4597 αὐτῆς
3799 4526 3923 4580 τῶν

666 4624 861 4687 mines,
893 4631 949 4678 et
973 4621 1185 4693 Opibus,
1202 4637 1497 4695 rerumque
1530 4631 1847 4679 ceterarum
1878 4624 2229 4694 praerogativa

2338 4626 2565 4688 τέκνων,
2601 4620 2873 4677 πενθοῦσά
2907 4639 2968 4675 τε
3014 4622 3111 4675 καὶ
3149 4619 3487 4690 ἀτιμωτάτη.
3543 4618 3683 4674 Είδὲ
3706 4619 3770 4689 δή
3823 4635 3922 4683 τις

666 4716 954 4785 insigniter
1005 4724 1357 4770 antestantes.
1387 4714 1648 4785 Superius
1685 4715 1827 4769 enim
1868 4716 2045 4784 capite
2098 4714 2229 4769 nihil

2339 4716 2579 4787 βούλοιτο
2641 4715 2734 4767 καὶ
2798 4714 2921 4768 καθ’
2960 4714 3145 4785 ἕτερον
3198 4712 3398 4783 τρόπον
3440 4713 3554 4775 τοῖς
3598 4712 3922 4783 θεωρήμασι

666 4817 797 4862 est:
844 4806 1028 4861 barbae
1078 4815 1256 4861 autem
1320 4806 1501 4861 crines
1542 4806 1696 4871 dicit,
1763 4806 2117 4874 intelligentia
2180 4814 2229 4859 el

2337 4802 2683 4875 προσϐαλεῖν,
2728 4804 2967 4873 ὲννοήσει
3010 4820 3061 4855 τι
3090 4801 3354 4857 τοιοῦτον.
3380 4802 3592 4872 Τρίχας
3645 4801 3744 4871 μὲν
3802 4800 3922 4871 γὰρ

668 4907 848 4951 mente
895 4899 1171 4967 praeditos.
1204 4896 1295 4951 Sic
1342 4896 1483 4951 enim
1512 4896 1677 4950 barba
1710 4907 1924 4962 semper
1963 4895 2014 4947 in
2055 4892 2229 4962 Scrip-

2337 4895 2580 4965 κεφαλῆς
2619 4894 2762 4965 τάχα
2788 4894 2890 4947 πού
2928 4910 3101 4964 φησιν
3117 4894 3243 4957 τοὺς
3272 4893 3670 4963 ὲντιμωτάτους
3699 4891 3919 4960 πλούτῳ

670 4998 793 5050 tura
823 4988 1079 5044 divinitus
1118 4987 1378 5058 inspirata
1400 4985 1649 5040 sumitur.
1685 4984 1910 5052 Quando
1939 4983 2104 5040 etiam
2133 4998 2227 5052 pe-

2333 5004 2392 5041 τε
2425 4988 2516 5040 καὶ
2549 4986 2843 5057 ὑπεροχαῖς
2865 4983 2973 5038 τῶν
2997 4983 3173 5037 ἄλλων
3210 4981 3745 5053 ὑπερανεστηκότας·
3772 4980 3907 5031 ἀνω

670 5083 795 5135 dum
822 5079 1001 5149 crines
1024 5081 1286 5146 nominat,
1314 5079 1366 5134 in
1401 5085 1641 5135 extrema
1671 5085 1727 5132 et
1757 5084 2032 5146 postrema
2058 5075 2229 5130 classe

2332 5081 2477 5151 ⁶ιιέρω
2503 5079 2612 5149 γὰρ
2640 5077 2880 5147 κεφαλῆς
2896 5074 3068 5129 οὐδέν’
3093 5074 3330 5142 πώεγωνα
3354 5073 3431 5138 δὲ,
3460 5072 3665 5134 τοὺςὲν
3696 5070 3915 5121 συνέσει

670 5174 991 5228 constitutos
1022 5171 1267 5227 homines
1296 5171 1557 5225 denotare
1582 5169 1810 5223 videtur.
1828 5166 2077 5237 Pepercit
2105 5178 2229 5220 vero

2336 5171 2429 5226 ml.
2459 5168 2651 5240 φρεσίν
2673 5185 2687 5199 ·
2721 5167 2863 5221 οὕτω
2889 5165 2997 5238 γὰρ
3028 5165 3229 5232 πώγων
3256 5165 3343 5218 ἀεὶ
3374 5163 3715 5235 λαμϐάνεται
3762 5161 3915 5231 παρὰ

670 5262 889 5316 omnino
948 5260 1076 5315 nulli
1138 5258 1402 5331 novacula
1446 5258 1709 5313 inebriata
1752 5275 1764 5312 :
1807 5257 1901 5312 sed
1952 5269 2056 5309 una
2111 5269 2229 5309 cum

2335 5264 2400 5332 τῇ
2437 5257 2780 5329 θεοπνεύστῳ
2804 5258 3017 5328 Γραφῇ.
3045 5255 3215 5307 Ὅταν
3243 5253 3301 5306 δὲ
3329 5253 3423 5306 καὶ
3447 5251 3625 5305 ποδῶν
3655 5250 3913 5320 ὀνομάζει

670 5349 1052 5422 praestantibus
1085 5349 1237 5412 viris,
1273 5347 1478 5401 medios
1517 5357 1577 5402 et.
1601 5346 1818 5400 ultimos
1850 5360 1913 5400 ac
1938 5343 2229 5415 prudentes

2333 5348 2545 5420 τρίχας,
2582 5346 2836 5417 σημαίνει
2860 5361 2997 5408 που,
3022 5342 3165 5395 κατά
3195 5341 3256 5393 τὸ
3311 5341 3477 5405 εἰκὸς,
3513 5342 3638 5402 τοὺς
3674 5340 3730 5390 ὲν
3764 5337 3917 5400 τάξει

670 5457 700 5495 e
735 5452 874 5495 terra
912 5440 1217 5496 Judieorum
1246 5439 1445 5493 excidit
1471 5448 1522 5493 et
1549 5438 1866 5507 amputavit,
1895 5448 1955 5491 ut
1982 5452 2099 5491 eam
2138 5452 2229 5489 nu-

2338 5437 2626 5508 κειμένους
2653 5439 2719 5507 τῇ
2752 5436 2956 5505 ἐσχάτῃ
2980 5434 3073 5487 καὶ
3103 5432 3420 5486 κατωτάτω.
3460 5430 3745 5498 Ἑφείσατο
3768 5429 3827 5481 δὲ
3853 5428 3916 5479 τὸ

672 5540 792 5586 nam
820 5542 875 5586 et
903 5531 1184 5599 spoliatam
1204 5530 1551 5598 relinqueret.
1571 5528 1707 5583 Nam
1732 5529 1785 5584 in
1817 5537 2023 5582 montes
2045 5527 2229 5582 Persa-

2339 5530 2600 5599 παράπαν
2624 5528 2837 5589 οὐδενὸς
2873 5526 2936 5579 τὸ
2967 5525 3126 5596 ξυρὸν
3164 5523 3594 5594 μεμεθυσμένον,
3626 5522 3741 5574 ἀλλ’
3776 5519 3917 5589 ὀμοῦ

672 5640 789 5677 mm
818 5640 880 5678 ac
920 5620 1192 5677 Medorum
1241 5622 1549 5677 universum
1603 5619 1712 5677 fere
1756 5620 2004 5676 lsraolem
2055 5620 2229 5670 Nalm-

2370 5623 2450 5671 οῖε
2479 5618 2916 5689 ὑπερκειμένοις,
2967 5616 3163 5685 μέσους
3209 5631 3267 5667 τε
3301 5613 3397 5667 καὶ
3424 5613 3803 5673 τελευταίους,
3824 5612 3917 5663 καὶ

748 5776 1007 5832 ".lcrem.
1040 5777 1235 5844 xu,5.
