4134 6530
190 387 316 440 213
1379 401 1446 456 IN
1485 401 1720 458 ISAIAM
1758 400 1819 456 LI

1931 403 1974 458 Ῑ.
2016 398 2224 459 ΟΒΑΤ.
2267 404 2332 458 ν.

198 505 473 565 συνετοὺς
504 504 607 576 τῆς
646 508 914 563 Ἰουδαίων
939 509 1200 584 ἀπέκειρε
1233 514 1438 587 χώρας,
1465 518 1540 584 ὡς
1585 519 1803 588 ἀφεῖναι

1921 519 2313 575 :hodonosorus
2348 519 2610 574 traduxit.

196 595 432 663 γυμνὴν
471 597 565 649 καὶ
610 598 972 671 ἐψιλωμένην.
1033 605 1379 676 Μετεκόμισε
1449 609 1558 680 γάρ
1619 611 1646 662 ὁ
1706 608 2176 682 Ναϐουχοδονόσορ
2220 613 2301 674 είς
2355 611 2423 665 τὰ
2471 613 2570 682 ὅρη
2625 613 2850 683 Περσῶν
2899 613 2994 664 καὶ
3039 611 3239 681 Μήδων
3295 609 3484 680 σχεδὸν

200 687 436 741 ἅπαντα
475 689 564 741 τὸν
602 691 839 762 Ἰσραήλ.

285 783 399 837 Καὶ
441 785 611 838 ἔσται
640 786 710 839 ἐν
742 785 816 853 τῇ
847 787 1040 856 ἡμέρᾳ
1075 791 1300 861 ἐκείνῃ,
1343 795 1548 863 θρέψει
1587 795 1806 862 ἄνθρω-

1981 788 2144 844 Vens.
2181 790 2270 844 2|.
2310 789 2431 842 Erit
2465 789 2622 843 etiam
2666 789 2720 842 in
2748 789 2831 844 die
2855 790 2971 856 illa,
2995 790 3101 844 alet
3135 793 3289 846 hante
3323 793 3489 846 bucu-

204 888 333 940 ετος
378 874 641 944 δαμαλιν
667 877 858 945 βοῶν,
891 880 989 933 καὶ
1017 880 1127 935 δύο
1165 887 1434 951 πρόϐατα
1454 901 1468 917 ο
1495 888 1594 940 καὶ
1633 887 1807 943 ἔσται

1921 879 2038 946 lam,
2063 893 2110 933 et
2135 883 2268 934 duas
2292 897 2430 943 oves,
2461 890 2507 934 et
2541 883 2638 934 erit
2667 898 2731 935 ea:
2780 897 2839 935 eo
2877 881 3016 951 quod
3069 883 3292 937 multum
3333 883 3488 937 lactis

206 968 338 1021 ἀπὸ
397 969 504 1023 τοῦ
549 969 842 1025 πλεῖστον
885 975 1080 1028 ποιεῖν
1103 976 1279 1045 τάλα,
1315 977 1651 1049 [ϐούτυρον
1708 983 1809 1036 καί

1921 976 2191 1040 proveniet,
2210 975 2454 1046 butyrum
2476 982 2525 1028 et
2552 975 2652 1028 met
2680 975 2912 1028 comedet
2948 976 3114 1028 omnis
3144 985 3403 1044 superstes
3434 977 3489 1030 in

205 1061 356 1129 μέλι
384 1061 642 1131 φάγεται·
666 1061 707 1134 j,
746 1062 866 1130 πᾶς
892 1068 926 1119 ό
954 1071 1369 1138 καταλειφθεὶς
1400 1072 1498 1126 ἐπὶ
1535 1074 1647 1142 τῆς
1676 1076 1808 1146 γῆς.
1840 1083 1850 1092 ”
1915 1077 2076 1122 τεῖναι

3331 405 3487 465 ,ΞΗ

291 1151 404 1204 Τοῦ
437 1152 600 1223 ξυροῦ
629 1155 721 1208 καὶ
751 1156 1166 1228 μεμεθυσμένου
1215 1163 1310 1215 καὶ
1349 1164 1608 1234 μεγάλου,
1661 1168 1807 1222 τοῦτ’

212 1242 337 1296 ἔστι
372 1244 477 1313 τῆς
509 1244 866 1301 Βαϐυλωνίων
895 1251 1192 1321 μαχαίρας,
1219 1254 1435 1327 ἐμφανῆ
1466 1259 1806 1329 καταστῆσαι

217 1335 324 1403 τὴν
377 1338 664 1409 ἐνέργειαν
699 1342 727 1393 ὁ
778 1341 979 1405 σκοπὸς
1019 1343 1187 1415 αὐτῷ.
1243 1347 1808 1422 Καταψιλωθήσεσθαι

217 1425 336 1496 γάρ
382 1445 548 1498 φησιν
593 1429 812 1484 ἃπασαν
844 1430 952 1484 τῶν
995 1433 1263 1488 Ἰουδαίων
1297 1437 1397 1507 τὴν
1421 1438 1626 1510 χώραν,
1663 1460 1810 1496 πτω-

219 1519 382 1587 χείας
418 1537 478 1572 τε
509 1520 644 1590 ὁμοῦ
675 1523 771 1574 καὶ
810 1522 1157 1594 ὀλιγανδρίας
1198 1528 1278 1590 είς
1319 1527 1477 1583 τοῦτο
1505 1531 1700 1598 ἐλθεῖν,
1735 1534 1812 1598 ὡς

215 1611 316 1662 τὸν
355 1612 774 1681 περιλειφθέντα
823 1614 915 1666 καὶ
958 1615 1410 1687 ἀνασεσωσμένον
1459 1621 1525 1674 ἐκ
1570 1623 1670 1693 τῆς
1703 1625 1810 1678 τῶν

222 1701 511 1770 πολεμίων
539 1702 742 1772 χειρὸς,
772 1705 1208 1774 ἐναπομείναντά
1231 1725 1289 1761 τε
1317 1712 1382 1780 τῇ
1415 1715 1508 1784 γῇ,
1537 1714 1810 1789 δεσπότην

1985 1158 2269 1214 Novaculae
2293 1174 2497 1228 magna:
2527 1169 2581 1214 et
2607 1159 2905 1222 inebriatte,
2932 1158 2982 1212 id
3015 1167 3094 1214 est
3125 1158 3286 1229 gladii
3314 1159 3489 1230 Baby-

1914 1249 2096 1315 lonici,
2124 1250 2370 1305 effectum
2411 1265 2474 1304 ac
2519 1250 2626 1304 vim
2676 1250 2955 1303 declarare
2998 1251 3328 1320 propositum
3383 1260 3484 1316 est,

1916 1341 2151 1410 dicitque
2177 1349 2345 1394 totam
2381 1341 2654 1410 regionem
2682 1340 2988 1396 Judtmrnm
3028 1342 3289 1396 nudatum
3315 1342 3400 1408 iii,
3437 1353 3490 1397 et

1915 1447 1986 1487 eo
2025 1433 2388 1486 mendicitatis
2424 1433 2772 1500 virorumque
2819 1432 3110 1501 paucitatis
3168 1434 3485 1499 redituram,

1918 1533 1977 1580 ut
2008 1525 2099 1594 qui
2136 1525 2353 1580 relictus
2383 1533 2464 1580 est
2486 1535 2537 1579 et
2572 1534 2817 1579 servatus
2847 1539 2878 1577 e
2919 1540 3076 1578 manu
3112 1525 3370 1590 hostium,
3404 1541 3492 1579 re-

1918 1617 2286 1692 manseritque
2314 1616 2366 1670 in
2401 1626 2544 1671 terra
2565 1655 2580 1677 ,
2610 1615 2696 1668 vix
2738 1613 2954 1668 [murus
2989 1615 3061 1668 sit
3090 1614 3248 1670 unius
3284 1615 3490 1670 bucula:

1917 1719 1971 1764 et
2010 1711 2235 1762 duarum
2281 1707 2462 1761 ovium
2501 1705 2752 1761 dominus
2787 1723 2800 1758 :
2832 1705 2959 1758 licet
2999 1705 3126 1758 olim
3174 1719 3498 1758 numerosos-

219 1790 452 1880 ἔσεσθαι
481 1792 764 1862 δαμάλεώς
792 1812 851 1848 τε
880 1798 1009 1866 μιᾶς
1037 1813 1052 1826 ·
1089 1798 1181 1851 καὶ
1205 1801 1492 1870 προϐάτων
1522 1804 1614 1860 δύο
1643 1810 1816 1868 καίτοι

1921 1797 2096 1852 ovium
2124 1811 2312 1866 greges
2350 1803 2406 1849 et
2445 1796 2602 1848 boum
2638 1803 2748 1846 tum
2793 1791 3086 1860 possidere,
3113 1800 3223 1843 tum
3267 1804 3490 1858 pascere

220 1879 406 1932 πάλαι
462 1880 720 1946 πλείστας
757 1900 814 1936 τε
852 1885 985 1949 ὅσας
1013 1885 1142 1940 δῖων
1183 1887 1406 1958 ἀγέλας,
1447 1893 1542 1945 καὶ
1578 1898 1684 1967 μὴν
1719 1904 1814 1956 καὶ

1921 1904 2014 1958 per
2069 1898 2231 1942 totam
2284 1885 2524 1940 Iudaeam
2571 1883 2970 1939 consueverint.
3025 1881 3204 1947 Quare
3266 1894 3489 1934 summa:

221 1969 371 2039 βοῶν
416 1973 713 2044 κεκτῆσθαί
758 1992 816 2028 τε
867 1977 962 2030 καὶ
1009 1977 1198 2048 νέμειν
1249 1980 1520 2038 εἰωθότων
1565 1987 1674 2041 τῶν
1711 1990 1816 2046 ἀνά

220 2062 414 2114 πᾶσαν
455 2062 553 2132 τὴν
595 2064 874 2118 Ἰουδαίαν.
912 2066 1124 2121 Οὐκοῦν
1161 2070 1430 2141 πτωχείας
1473 2074 1572 2144 μὲν
1599 2077 1698 2147 τῆς
1733 2083 1814 2146 είς

217 2151 400 2220 ἄκρον
423 2151 694 2216 ἀπόδειξις
730 2153 824 2224 ἥδε
857 2156 1035 2225 σαφής
1064 2157 1204 2211 ,Ὅτι
1229 2158 1286 2213 δὲ
1322 2162 1413 2216 καὶ
1445 2166 1639 2238 κομιδῇ
1679 2168 1814 2240 βρα-

224 2244 344 2314 χεῖς
388 2245 446 2295 ἐν
489 2243 708 2314 ἀριθμῷ
742 2246 885 2300 κατά
935 2247 1137 2312 τόπους
1185 2250 1397 2306 έσονται
1449 2261 1815 2326 προσαποδεί-

221 2351 393 2387 κνυσι
425 2334 599 2403 λέγων
619 2351 632 2364 ·
674 2357 692 2387 ι
721 2339 829 2390 Καὶ
864 2337 1017 2392 ἔσται
1057 2341 1166 2394 ἀπὸ
1191 2342 1288 2396 τοῦ
1341 2345 1590 2402 πλεῖστον
1643 2355 1816 2408 ποιεῖν

225 2426 399 2492 γάλα,
451 2426 714 2499 βούτυρον
760 2431 856 2482 καὶ
893 2431 1014 2501 μέλι
1063 2433 1295 2502 φάγεται
1345 2439 1454 2502 πᾶς
1487 2442 1516 2493 ὁ
1562 2445 1816 2499 καταλει-

223 2516 388 2585 φθεὶς
422 2518 513 2570 ἐπὶ
545 2519 647 2588 τῆς
672 2520 794 2590 γῆς.
841 2523 935 2575 Ἐκ
957 2523 1051 2576 δύο
1087 2525 1374 2594 προϐάτων
1402 2531 1497 2583 καὶ
1529 2532 1816 2603 δαμάλεως

226 2611 366 2677 μιᾶς
403 2609 659 2665 τοσοῦτον
688 2611 828 2679 γάλα
856 2613 1074 2668 ἔσεσθαί
1100 2632 1284 2687 φησιν,
1328 2619 1468 2674 ὥστε
1515 2625 1682 2678 πᾶσιν
1712 2627 1812 2697 ἀρ-

222 2697 392 2752 κέσαι
421 2702 532 2763 τοῖς
561 2702 1000 2772 καταλειφθεῖσιν
1023 2706 1104 2769 είς
1135 2707 1312 2777 κόρον,
1346 2713 1396 2764 εί
1424 2711 1488 2783 δὴ
1544 2713 1818 2783 βούλοιντο

220 2788 332 2853 τάς
381 2789 473 2843 διὰ
503 2791 774 2859 γάλακτος
826 2794 1096 2848 ποιεῖσθαι
1135 2797 1362 2868 τροφάς.
1401 2795 1527 2871 'Ap’
1575 2798 1670 2857 οὖν
1717 2805 1818 2860 οὐκ

221 2883 487 2955 ἐναργὲς,
537 2884 612 2948 ὼς
653 2885 1012 2957 εὐαρίθμητοι
1055 2890 1333 2955 παντελῶς
1363 2893 1413 2945 οί
1461 2893 1816 2965 διαφυγόντες

223 2973 296 3026 τὸ
335 2974 518 3046 ξυρὸν,
555 2978 648 3030 καὶ
677 2979 736 3030 ὲν
779 2979 994 3050 ἑκάστῳ
1020 2982 1170 3052 τόπῳ
1214 2984 1314 3054 τῆς
1351 2985 1609 3051 Ἰουδαίας
1641 3006 1816 3060 μεμε-

225 3067 512 3137 νηκότων;
567 3069 729 3124 Πόσοι
795 3069 904 3141 γὰρ
964 3071 1030 3126 ἂν
1085 3069 1216 3138 εἷεν,
1273 3071 1356 3140 οἷς
1400 3077 1628 3148 ἀρκέσει
1680 3080 1817 3152 πρὸς

1917 1978 2251 2050 paupertatis
2277 1976 2534 2031 indicium
2563 1972 2912 2028 manifestum
2940 1972 3041 2026 hoc
3080 1980 3184 2025 est.
3219 1970 3370 2035 Quod
3394 1984 3491 2022 au-

1920 2082 2024 2126 tem
2050 2079 2104 2125 et
2136 2082 2261 2124 vere
2290 2069 2442 2138 pauci
2471 2081 2695 2122 numero
2735 2067 2791 2121 in
2832 2066 2966 2120 locis
2994 2063 3278 2125 exsistent,
3305 2061 3491 2130 praesi-

1917 2161 2138 2232 gniﬁcat
2169 2161 2385 2216 dicens:
2417 2159 2482 2214 Et
2505 2159 2632 2226 erit,
2654 2174 2719 2215 eo
2745 2157 2886 2228 quod
2922 2155 3149 2211 multum
3177 2154 3332 2210 lactis
3369 2169 3493 2225 pro-

1918 2255 2117 2322 veniet,
2156 2255 2408 2324 butyrum
2439 2260 2489 2307 el
2529 2252 2630 2307 mel
2662 2251 2931 2314 comedet,
2970 2249 3214 2318 quisquis
3256 2249 3307 2302 in
3347 2255 3491 2302 terra

1917 2348 2343 2416 eritsuperstes.
2378 2344 2419 2398 E
2457 2344 2668 2399 duabus
2698 2344 2888 2399 ovibus
2917 2352 2972 2399 et
3014 2343 3203 2396 bucula
3245 2354 3349 2394 una
3378 2349 3494 2392 tan-

1919 2448 2031 2494 tum
2096 2437 2248 2493 lactis
2289 2437 2408 2492 fore
2469 2436 2722 2502 alﬁrmat,
2776 2445 2836 2490 ut
2890 2435 3142 2490 omnibus
3213 2431 3492 2488 derelictis

1917 2529 2128 2585 abunde
2165 2529 2236 2584 sit
2269 2529 2642 2593 sudecturum,
2670 2529 2715 2584 si
2747 2544 2812 2584 ex
2853 2528 2994 2583 lacte
3025 2527 3346 2597 proveniens
3389 2527 3495 2581 ati-

1917 2631 2156 2675 mentum
2189 2621 2368 2676 l’acere
2405 2620 2588 2676 velint.
2632 2624 2822 2676 Annon
2863 2620 3025 2689 igitur
3041 2619 3382 2690 perspicuum
3412 2625 3497 2674 est

1916 2728 2010 2769 eos
2038 2714 2130 2783 qui
2161 2713 2486 2780 novaculam
2527 2712 2849 2785 effugerunt,
2891 2713 2981 2781 qui
3013 2710 3240 2780 singulis
3278 2710 3328 2764 in
3362 2709 3496 2764 locis

1917 2804 2114 2861 Judaeae
2164 2806 2455 2871 haeserunt,
2513 2805 2668 2860 facile
2724 2803 3086 2859 numerabiles
3142 2804 3312 2860 esse?
3354 2801 3498 2868 Quot

1918 2897 2062 2952 enim
2095 2910 2220 2953 esse
2251 2897 2459 2968 possint
2481 2896 2680 2967 quibus
2716 2897 2783 2951 ad
2812 2895 3159 2951 nutritionem
3190 2893 3497 2948 et-satieta-

1920 2995 2051 3057 tem,
2081 2989 2307 3045 duarum
2342 2990 2521 3045 ovium
2554 2991 2821 3059 uniusque
2850 2987 3056 3042 buculas
3087 2986 3168 3042 lac
3199 2985 3332 3040 satis
3367 2985 3497 3041 erit?

1919 3080 2187 3137 Caeterum
2240 3080 2386 3151 quid
2418 3083 2572 3136 nobis
2631 3079 3006 3148 spiritualibns
3072 3078 3199 3132 hinc
3251 3077 3498 3132 utilitatis

225 3157 444 3230 τροφὴν
475 3158 570 3212 καὶ
591 3162 752 3232 κόρον
781 3159 982 3235 [γάλα]
997 3163 1090 3217 δύο
1116 3165 1402 3237 προϐάτων
1426 3170 1519 3222 καὶ
1539 3169 1819 3241 δαμάλεως

1927 3173 2226 3242 proveniet,
2298 3172 2424 3226 licet
2455 3187 2521 3226 ex
2564 3171 2696 3241 ipsis
2727 3169 2888 3225 rebus
2927 3184 3150 3225 cernere
3181 3187 3192 3223 :
3231 3168 3373 3238 quod
3404 3166 3496 3237 qui

231 3251 407 3320 μιᾶς;
458 3252 522 3304 Τί
549 3248 641 3306 οὖν
671 3249 780 3326 ἄρα
805 3254 867 3308 τὸ
898 3256 1145 3311 ἐντεῦθεν
1185 3259 1266 3322 εἰς
1309 3260 1498 3331 ὖνησιν
1536 3263 1668 3334 ἡμῖν
1706 3266 1820 3329 τοῖς

227 3347 632 3410 πνευματικοῖς
666 3346 980 3417 ἐκϐήσεται»,
1007 3346 1216 3414 ἔξεστιν
1256 3350 1382 3404 ἰδεῖν
1419 3351 1509 3406 διὰ
1555 3355 1818 3425 πραγμά-

227 3449 344 3485 των
377 3434 576 3488 αὺτῶν.
607 3435 758 3490 Ὅσοι
816 3439 916 3508 μὲν
959 3438 1292 3508 μελετῶντες
1318 3441 1379 3494 τὸ
1405 3443 1690 3514 δυσήκοον,
1727 3447 1821 3500 καὶ

229 3525 444 3595 γαῦρον
467 3527 843 3592 ἐξανιστάντες
876 3529 953 3601 τῷ
974 3530 1211 3602 Θεῷ-τὸν
1239 3533 1465 3603 αὐχένα,
1494 3536 1590 3588 καὶ
1613 3539 1680 3607 τῇ
1711 3537 1837 3590 τῶνη

232 3619 628 3686 πνευματικῶν
679 3620 900 3688 ἀγαθῶν
940 3623 1115 3694 ἐνδείᾳ
1163 3620 1634 3695 κατατακῆσονται
1658 3668 1670 3691 ,
1728 3629 1821 3681 καὶ

231 3708 511 3776 ὀλιγοστοὶ
540 3711 818 3777 παντελῶς
839 3715 1252 3786 γενηθήσονται,
1273 3717 1368 3770 καὶ
1392 3719 1594 3782 παντὸς
1623 3719 1821 3784 ἐνδεεῖς

233 3799 631 3870 εὑρεθήσονται
679 3802 776 3856 τοῦ
835 3805 1055 3878 τρέφειν
1092 3807 1290 3871 εἰδότος
1337 3811 1416 3872 είς
1465 3808 1680 3874 εὐεξίαν
1722 3811 1820 3882 τὴν

233 3893 461 3963 νοητὴν,
493 3893 588 3947 καὶ
625 3894 978 3966 ἀνακομίζειν
1009 3897 1130 3950 οἴου
1162 3915 1246 3962 τε,
1281 3899 1374 3952 καὶ
1404 3898 1550 3970 μάλα
1582 3901 1818 3971 γοργῶς,

234 3985 318 4046 είς
354 3983 524 4056 ἄνδρα
546 3985 769 4053 τέλειον,
797 3988 879 4051 είς
909 3988 1106 4059 μέτρον
1130 3989 1366 4060 ἡλικίας,
1402 3989 1494 4044 τοῦ
1521 3990 1824 4061 πληρώμα-

234 4091 331 4138 τος
351 4074 447 4129 τοῦ
477 4077 734 4146 Χριστοῦ.
771 4078 1118 4133 Ἀκούσονται
1161 4081 1216 4134 δέ
1261 4083 1309 4134 οἱ
1348 4082 1542 4136 τοιοίδε
1568 4081 1704 4135 Θεοῦ
1736 4083 1824 4135 λέ-

234 4183 432 4234 γοντος
452 4168 540 4222 διά
565 4171 748 4241 φωνῆς
777 4171 935 4240 ἀγίου
952 4188 964 4200 ·
985 4173 1113 4226 Ἰδοὺ
1145 4174 1196 4226 οἱ
1225 4173 1569 4237 δουλεύοντές
1601 4191 1690 4244 μοι
1717 4175 1821 4244 φά-

233 4274 452 4326 γονται,
484 4259 642 4331 ὑμεῖς
667 4262 724 4316 δὲ
755 4263 1061 4317 πεινάσετε.
1103 4264 1234 4318 Ἰδοὺ
1261 4267 1310 4318 οἱ
1354 4264 1697 4328 δουλεύοντές
1728 4283 1818 4335 μοι

236 4351 459 4405 πίονται
483 4390 498 4415 ,
555 4354 713 4423 ὑμεῖς
753 4354 812 4407 δὲ
853 4355 1128 4425 διψήσετε.
1186 4356 1669 4427 Ἀμφιλαφεστάτη
1704 4356 1830 4427 γάρ-

235 4443 362 4496 λξαν
405 4444 440 4514 ἡ
482 4445 682 4510 παντὸς
729 4446 934 4516 ἀγαθοῦ
981 4447 1195 4519 μέθεξις
1225 4449 1384 4520 παρὰ·
1423 4449 1558 4504 Θεοῦ
1605 4453 1720 4513 τοῖς
1753 4449 1822 4502 τὰ

1921 3263 2108 3320 volunt
2136 3278 2257 3319 esse
2297 3271 2664 3326 contumaces,
2703 3270 2758 3316 et
2782 3269 2969 3315 contra
3006 3261 3171 3315 Deum
3209 3260 3496 3328 superbam

1921 3356 2186 3410 cervicem
2227 3355 2437 3419 tollunt,
2473 3364 2581 3408 tum
2614 3352 2974 3422 spiritualium
3021 3352 3283 3406 bonorum
3319 3349 3497 3419 inopia

1926 3445 2086 3518 1'29
2114 3446 2520 3510 contabescent,
2557 3455 2667 3498 tum
2717 3445 2938 3498 omnino
2985 3443 3112 3497 fient
3161 3441 3495 3514 paucissimi,

1922 3549 1976 3595 et
2011 3539 2270 3609 quidquid
2302 3554 2396 3594 eos
2423 3543 2561 3605 bpna
2596 3537 2791 3592 mentis
2829 3535 3304 3605 intelligentia‘que
3340 3533 3496 3587 habi-

1925 3631 2111 3685 tudine
2136 3632 2421 3694 enutriret,
2454 3640 2508 3685 et
2540 3632 2605 3684 ad
2639 3631 2812 3700 virum
2836 3631 3132 3699 perfectum
3159 3641 3498 3681 mensuram-

1923 3734 2028 3790 que
2066 3720 2241 3775 telatis
2272 3721 2624 3790 plenitudinis
2650 3720 2850 3774 Christi
2876 3718 3051 3772 solide
3077 3717 3414 3786 perduceret,
3435 3731 3500 3769 eo

1923 3814 2068 3867 omni
2109 3827 2297 3866 carere
2347 3812 2837 3880 deprchendemur.
2880 3809 3006 3874 Tale
3040 3809 3292 3877 quiddam
3332 3807 3494 3859 etiam

1925 3904 2144 3959 audient
2170 3904 2337 3958 Deum
2367 3918 2500 3959 voce
2522 3903 2696 3957 sancti
2737 3903 3076 3972 loquentem:
3109 3899 3246 3953 Ecce
3269 3898 3356 3964 qui
3387 3912 3502 3951 ser-

1924 3995 2077 4049 viunt
2133 3993 2285 4057 mihi,
2330 3994 2772 4048 manducabunt:
2839 4007 2934 4046 vos
2984 3999 3163 4044 autem
3218 3988 3490 4043 csurietis.

1927 4086 2064 4140 Ecce
2092 4086 2182 4154 qui
2219 4084 2462 4139 serviunt
2500 4083 2654 4147 mibi,
2693 4083 2912 4138 bibent:
2943 4096 3036 4135 vos
3070 4087 3249 4134 autem
3279 4077 3498 4134 sitietis.

1926 4175 2138 4230 Etenim
2189 4174 2400 4229 abunde
2427 4171 2806 4240 cumulateque
2836 4171 3214 4241 suppeditatur
3259 4167 3498 4223 onmium

1926 4270 2189 4324 bonorum
2220 4265 2565 4337 participatio
2607 4280 2636 4317 a
2672 4264 2778 4318 Deo
2834 4263 2937 4327 his,
2969 4262 3059 4330 qui
3103 4262 3187 4314 illa
3225 4275 3344 4330 qua:
3385 4257 3502 4326 ejus

1927 4371 2052 4414 sunt
2089 4358 2324 4426 sapiunt,
2356 4371 2494 4425 quos
2537 4353 2734 4410 atratus
2777 4366 2862 4410 est
2891 4357 3053 4409 etiam
3085 4354 3198 4422 ipse
3228 4371 3242 4406 :
3281 4370 3299 4402 ι
3325 4349 3501 4414 Edite,

1928 4447 2123 4517 inquit,
2152 4455 2206 4500 et
2234 4445 2422 4510 bibite,
2465 4452 2518 4499 et
2549 4445 2975 4516 ingurgitamini,
3003 4459 3036 4498 ο
3061 4442 3290 4512 proximi
3314 4439 3386 4494 “1
3422 4457 3442 4490 ι

237 4532 410 4587 αὑτοῦ
445 4537 661 4606 φρονεῖν
724 4537 1042 4605 ἐγνωκόσιν,
1075 4533 1156 4602 οἷς
1223 4540 1315 4592 καὶ
1355 4539 1518 4604 αὐτὸς
1556 4538 1999 4610 προσπεφώνηκε
2048 4534 2260 4604 λέγων’
2299 4555 2318 4587 ι
2375 4533 2606 4604 Φάγετε,
2652 4536 2746 4588 καὶ
2789 4534 2963 4600 πίετε,
3009 4534 3104 4588 καὶ
3162 4532 3520 4604 μεθύσκητεθ-

237 4631 289 4682 ot
318 4629 546 4699 πλησίον
579 4646 704 4700 μου.
745 4649 764 4680 ι

312 4721 426 4775 Καὶ
449 4720 624 4774 ἔσται
655 4722 726 4774 ἐν
753 4721 826 4790 τῇ
867 4723 1058 4792 ᾑμέρᾳ
1084 4722 1308 4791 ἐκείνῃ,
1345 4724 1464 4791 πᾶς
1509 4725 1713 4791 τόπος,
1751 4719 1819 4780 οὗ

2004 4723 2167 4777 Vens.
2200 4721 2290 4776 25.
2316 4721 2381 4775 Et
2404 4721 2500 4774 erit
2535 4719 2587 4773 in
2609 4719 2694 4774 die
2736 4720 2852 4786 illa,
2873 4721 3050 4776 omnia
3073 4721 3208 4788 loca,
3237 4724 3292 4778 in
3318 4725 3508 4796 quibus

239 4813 354 4866 ἐὰν
383 4807 496 4866 ὦσι
525 4812 710 4880 χίλιαι
747 4813 1002 4882 ἄμπελοι
1030 4815 1243 4883 χιλίων
1271 4817 1524 4879 σίκλων,
1575 4818 1660 4881 είς
1694 4814 1828 4884 χέρ-

1927 4823 2046 4871 sunt
2079 4812 2220 4866 mille
2277 4815 2400 4882 vites
2461 4812 2600 4867 mitte
2677 4813 2950 4878 sicterum,
3007 4813 3236 4870 sotitudo
3271 4828 3423 4872 erunt
3454 4830 3501 4873 et

241 4919 366 4957 σον
394 4903 643 4957 ἔσονται
681 4904 779 4958 καὶ
809 4907 896 4971 εὶς
925 4905 1197 4959 ἄκανθαν
1219 4923 1234 4938 ο
1265 4905 1417 4974 μετὰ
1445 4906 1676 4971 ,βέλους
1727 4906 1819 4960 καί

1925 4912 2172 4978 spineta;
2219 4923 2336 4962 cum
2379 4906 2571 4975 sagitta
2610 4913 2658 4958 et
2712 4906 2937 4959 arcubus
2987 4906 3218 4961 venietm-
3266 4925 3348 4975 eo,
3380 4913 3506 4982 quia

243 4995 613 5065 τοξεύματος
674 4996 1030 5053 ἐλεύσονται
1100 4997 1249 5050 ἐκεῖ·
1304 4996 1393 5050 ὅτι
1451 4998 1673 5066 χέρσος
1727 4997 1825 5050 καὶ

245 5090 482 5144 ἄκανθα
508 5089 682 5142 ἔσται
712 5086 878 5142 πᾶσα
907 5091 943 5157 ἡ
966 5088 1065 5157 γῆ.

323 5182 525 5252 Ἔργον
571 5180 639 5235 ἂν
685 5181 770 5250 εἴη
815 5181 975 5233 τοῦτο
1006 5180 1096 5234 τοῦ
1128 5180 1288 5251 ξυροῦ
1317 5180 1410 5235 τοῦ
1457 5182 1691 5250 μεγάλου
1733 5182 1828 5235 καὶ

251 5267 694 5343 μεμεθυσμένουζ
720 5273 813 5325 καὶ
829 5272 1106 5338 ἀπόδειξις
1132 5272 1367 5344 ἐναργὴς
1395 5273 1494 5343 τῆς
1521 5271 1617 5326 τοῦ
1645 5273 1831 5337 ἔθνους

247 5363 614 5434 ὀλιγανδρίας.
645 5363 994 5433 Δεδαπάνηκε
1033 5363 1141 5434 γὰρ
1169 5362 1342 5427 οὕτως
1371 5365 1400 5416 ὁ
1437 5364 1672 5432 πόλεμος
1703 5365 1831 5427 τοὺς

1924 5002 2152 5056 solitudo
2196 5011 2244 5055 et
2282 5000 2430 5069 spina
2481 5000 2577 5053 erit
2623 4999 2792 5052 omni:
2839 5007 2997 5052 terra.

1997 5176 2231 5230 Eﬂ'ectus
2264 5174 2351 5228 hic
2382 5182 2464 5228 est
2493 5171 2766 5227 novacula:
2799 5184 3004 5242 magnae
3034 5179 3088 5225 et
3130 5171 3426 5234 inebrians,
3453 5182 3509 5224 et

1933 5267 2221 5338 paucitatis
2269 5266 2510 5319 virorum
2561 5263 2612 5317 in
2649 5262 2750 5317 hac
2812 5270 2974 5330 gente
3023 5269 3210 5329 aperta
3247 5262 3505 5315 demons-

1935 5359 2116 5414 tratio.
2170 5358 2262 5412 Sic
2307 5356 2451 5410 enim
2486 5354 2695 5410 attrivit
2742 5353 2938 5409 bellum
2971 5349 3167 5407 ludam
3203 5352 3426 5417 incolas,
3450 5361 3514 5404 ut

250 5454 642 5517 κατοικοῦντας
670 5454 768 5524 τὴν
810 5453 1092 5519 Ἰουδαίαν,
1121 5454 1197 5517 ὡς
1231 5454 1647 5526 περιλειφθῆναι
1679 5455 1819 5525 μόλις

1932 5452 2023 5506 vix
2074 5451 2126 5505 in
2175 5465 2237 5505 ea
2284 5463 2512 5503 numero
2547 5446 2701 5516 pauci
2740 5445 3058 5516 superstites
3099 5444 3320 5498 fuerint.
3372 5443 3508 5495 lline

247 5543 471 5619 ἀριθμῷ
507 5545 727 5616 βραχεῖς
757 5546 885 5609 τοὺς
908 5547 968 5599 ὲν
994 5546 1154 5617 αὐτῇ.
1197 5547 1466 5619 Ταύτῃτοι
1495 5548 1589 5602 καὶ
1619 5547 1830 5616 ἀμελη-

251 5635 516 5706 θήσεσθαί
549 5652 704 5706 φησι,
746 5638 840 5692 καὶ
864 5637 944 5702 είς
981 5638 1174 5710 χέρσον
1206 5637 1425 5692 ἔσεσθαι
1451 5639 1537 5692 καὶ
1567 5639 1647 5703 είς
1671 5638 1834 5692 άκαν·

333 5790 375 5822 δ’
400 5790 558 5845 Cant.
585 5806 637 5858 ν,
665 5791 716 5845 1.

1935 5543 2236 5613 neglectum
2306 5541 2372 5596 iri
2431 5548 2485 5593 et
2549 5514 2893 5594 solitudinem
2943 5535 3059 5591 fore
3099 5543 3154 5589 et
3199 5514 3524 5602 spinetum,‘

1936 5633 2315 5704 possessiones
2386 5631 2624 5702 ipsorum
2673 5626 3066 5700 pulcherrimas
3110 5633 3165 5680 et
3189 5621 3508 5679 lectissimas
