4134 6492
639 330 751 385 ﬁlii
1638 338 1696 395 S.
1740 341 2010 399 CYRILLI
2048 344 2523 410 ALEXANDRINI
2558 356 2879 413 ARCHIEP.
3803 363 3915 421 2m

642 448 739 513 ait,
778 447 1034 503 nimirum
1087 466 1209 505 cum
1251 453 1379 508 nulli
1434 456 1542 509 sint
1605 458 1698 526 qui
1758 470 1961 516 norunt
2023 471 2213 518 terram

2328 468 2427 524 θαν
2454 473 2521 526 τά
2547 474 2811 530 κάλλιστα
2839 479 2971 549 παρ’
3009 478 3190 542 αὐτοῖς
3222 479 3319 532 καὶ
3352 479 3610 550 ἐξαίρετα
3631 481 3743 535 τῶν
3775 500 3914 553 κτη-

642 537 843 595 colere.
894 539 953 595 Si
1008 542 1174 608 enim,
1226 544 1421 615 inquit,
1454 547 1505 602 in
1554 564 1663 603 uno
1703 550 1825 605 loco
1870 553 2015 608 mille
2087 556 2213 611 vites

2330 565 2535 633 μάτων,
2572 568 2671 620 οὐκ
2693 568 2861 622 ὄντων
2890 537 3129 641 δηλονότι
3155 537 3265 623 τῶν
3294 537 3552 641 γηττονεῖν
3576 573 3822 628 εἰδότων.
3848 537 3912 629 ἐξ

645 628 792 683 mille
836 630 1095 687 siclorum
1129 634 1260 700 sint,
1293 646 1350 691 ut
1372 638 1596 707 singula:
1626 641 1763 697 vites
1798 643 2043 713 singulos
2063 647 2225 702 siclos

643 719 877 786 valeant,
910 724 1283 783 aestimationis
1303 728 1417 785 haec
1443 746 1699 789 mensura
1741 744 1987 792 vertetur
2016 738 2069 793 in
2098 740 2226 795 soli—

646 809 882 866 tudinem
935 821 990 870 et
1033 814 1086 871 in
1143 818 1345 888 spinas,
1379 831 1436 877 ut
1474 823 1520 878 si
1564 825 1687 895 quis
1746 827 1877 882 velit
1945 830 2221 900 regionem

646 900 920 969 invadere,
952 914 1006 960 et
1042 906 1378 976 ingrediatur
1404 915 1598 981 solum,
1620 918 1722 974 hoc
1753 936 1856 977 non
1891 926 2062 993 possit
2088 927 2218 981 abs-

644 1006 751 1061 que
798 996 991 1065 sagitta
1031 1008 1083 1053 et
1142 1016 1270 1057 arcu
1323 1004 1553 1062 efﬁcere.
1596 1008 1779 1080 Spina:
1834 1015 2049 1083 quidem
2116 1034 2221 1073 non

645 1100 827 1153 arcus,
873 1103 976 1142 non
1010 1092 1237 1161 sagittas
1278 1095 1608 1167 desiderant,
1638 1111 1693 1157 at
1731 1107 1917 1162 statim
1966 1108 2081 1176 ejus
2129 1113 2222 1181 qui

646 1177 776 1231 velit
819 1179 1157 1239 inambulare
1200 1187 1363 1254 pedes
1416 1192 1665 1250 sauciare
1718 1206 1995 1265 poterunt.
2045 1200 2221 1258 Causa

646 1269 810 1337 igitur
850 1272 1092 1343 ratioque
1129 1275 1367 1335 elIiciens
1414 1285 1653 1340 omnium
1733 1288 2000 1346 malorum
2068 1295 2221 1351 nobis

644 1355 769 1421 crit,
807 1371 868 1411 ea
919 1373 1037 1428 quae
1072 1360 1152 1417 fas
1182 1379 1287 1420 non
1313 1375 1397 1422 est
1426 1370 1562 1425 velle
1598 1372 1905 1444 designare.
1954 1381 2220 1443 Destitue-

648 1461 767 1500 mur
810 1449 953 1503 enim
999 1452 1398 1521 quodammodo
1451 1459 1592 1528 Deo,
1636 1466 1681 1519 si
1712 1467 1859 1523 illum
1892 1486 1997 1527 non
2035 1490 2221 1534 verea-

646 1553 767 1591 mur
827 1539 1119 1597 oﬂendere.
1181 1545 1238 1600 Si
1289 1549 1433 1604 enim
1496 1567 1814 1622 prtestamus
1870 1572 1924 1618 et
1957 1580 2078 1635 qua:
2144 1570 2218 1626 illi

643 1640 793 1695 grata
848 1640 903 1685 et
942 1633 1112 1688 amica
1148 1646 1503 1710 suut,sapere
1535 1646 1798 1717 volumus,
1817 1668 1917 1711 nec
1956 1633 2221 1730 tergiver-

642 1734 845 1787 samur,
865 1723 1081 1779 virtutis
1103 1725 1311 1786 fructus
1344 1734 1702 1805 proferemus,
1726 1758 1932 1817 uosque
1955 1765 2051 1806 sua
2087 1770 2215 1809 cura

641 1811 968 1878 dignabitur.
993 1817 1291 1879 Audiemus
1308 1824 1574 1895 siquidem
1604 1811 1873 1892 dicentem
1904 1841 2176 1901 Christum
2200 1867 2214 1903 :

646 1920 663 1949 ι
690 1901 802 1972 Ego
824 1919 942 1960 sum
974 1908 1101 1964 vitis
1127 1925 1275 1977 vera,
1296 1924 1349 1970 et
1377 1916 1538 1975 Pater
1556 1938 1707 1981 meus
1739 1930 1973 1998 agricola
1992 1945 2093 1991 est.
2125 1937 2168 1970 “
2194 1959 2214 1993 ι

638 1992 827 2050 Omnis
890 1998 1097 2068 palmes
1136 2004 1189 2058 in
1252 2022 1339 2063 me
1392 2025 1497 2067 non
1545 2013 1725 2073 ferens
1781 2020 2043 2091 fructum,
2083 2030 2222 2087 tollit

638 2101 790 2141 enim:
815 2088 974 2165 1730
988 2100 1041 2145 et
1070 2096 1248 2153 omnis
1271 2100 1476 2168 palmes
1492 2103 1672 2163 ferens
1695 2108 1951 2182 fructum,
1969 2088 2220 2189 purgabit

642 2177 839 2244 ipsum,
895 2192 952 2235 ut
1003 2182 1237 2244 fructum
1304 2194 1659 2263 copiosiorem
1710 2200 1872 2260 ferat.
1911 2209 2109 2266 Verum
2170 2215 2217 2270 si

636 2267 897 2327 rﬂrenate
932 2274 985 2330 in
1026 2276 1358 2349 impietatem
1398 2302 1607 2345 morum
1646 2296 2035 2367 provolvimur,
2061 2305 2214 2374 spina

635 2361 734 2416 sub
761 2363 1112 2437 intelligentia
1154 2374 1380 2431 cadente
1434 2382 1725 2452 replemur,
1762 2391 1910 2445 omni
1951 2361 2214 2455 vitiorum

634 2468 833 2521 genere
876 2457 930 2512 in
985 2462 1141 2517 nobis
1217 2465 1595 2530 invalescente.
1627 2475 1777 2536 Finis
1823 2496 1956 2539 vero
2019 2489 2209 2558 spinae,

636 2544 809 2614 ignis;
837 2558 893 2604 et
923 2549 1217 2611 fomentum
1252 2558 1391 2629 ignis
1433 2575 1537 2629 est,
1579 2579 1673 2624 aut
1699 2576 1922 2630 materia
1984 2578 2213 2637 inutilis.

637 2634 748 2690 Hoc
777 2638 939 2693 etiam
966 2640 1154 2699 beatus
1178 2644 1382 2706 Paulus
1423 2656 1577 2712 nobis
1602 2657 1817 2727 planum
1875 2664 2059 2731 faciet,
2089 2634 2213 2726 cum

635 2727 848 2797 inquit:
881 2730 1048 2788 Terra
1086 2738 1231 2793 enim
1279 2756 1399 2811 qua:
1429 2748 1734 2807 venientem
1797 2755 1851 2810 in
1885 2773 1945 2814 se
1977 2760 2210 2829 pluviam

631 2812 911 2881 combibit,
945 2825 999 2871 et
1028 2818 1252 2877 herbam
1281 2827 1423 2896 parit
1449 2812 1910 2893 accommodatam
1928 2812 2025 2897 his
2041 2812 2213 2915 iis:

632 2912 717 2956 ter
767 2918 903 2974 quos
949 2909 1165 2980 colitur,
1193 2928 1256 2969 ea
1320 2917 1751 2982 benedictionem
1802 2944 1834 2983 a
1874 2929 1987 2988 Deo
2044 2938 2212 3005 parti-

632 2992 799 3061 eipat.
822 2994 868 3027 “
902 3000 974 3052 At
1006 3015 1126 3070 qua:
1157 3004 1368 3075 profert
1396 3012 1583 3081 spinas
1620 3018 1943 3088 ettrihulos,
1968 2992 2211 3096 improba

636 3097 721 3141 est
751 3097 807 3143 et
834 3091 1207 3150 maledictioni
1242 3098 1440 3169 aﬂinis,
1459 3105 1611 3174 cujus
1642 3108 1766 3167 linis
1787 3091 2115 3174 combustio.

706 3268 868 3325 Vsus.
894 3270 986 3327 25.
1025 3271 1092 3327 Et
1133 3278 1303 3333 omnis
1347 3296 1495 3336 mons
1520 3287 1724 3341 arando
1752 3294 2012 3362 arabitur,
2043 3308 2090 3350 et
2109 3316 2213 3355 non

630 3362 793 3413 veniet
815 3377 873 3417 eo
900 3372 1087 3418 terror.
1112 3364 1228 3421 Erit
1270 3371 1407 3426 enim
1427 3389 1491 3427 ea:
1522 3377 1805 3435 solitudine
1827 3395 1878 3436 et
1914 3400 2115 3456 vepreto
2155 3391 2213 3444 in

630 3468 827 3517 pascua
874 3456 1067 3523 ovium,
1103 3468 1150 3512 et
1203 3460 1257 3514 in
1296 3465 1737 3524 conculcationem
1773 3474 1931 3530 bovis.

707 3640 913 3698 Paucos
953 3644 1093 3700 forte
1130 3636 1450 3721 superStites
1497 3655 1548 3710 in
1602 3655 1783 3715 Judaea
1854 3663 2006 3733 dicit,
2036 3677 2093 3722 et
2144 3684 2210 3724 eo

634 3725 943 3784 timiditatis
965 3738 1018 3785 et
1050 3731 1278 3801 ignaviae
1320 3748 1597 3806 venturos,
1636 3752 1693 3795 ut
1736 3759 1847 3813 prae
1901 3725 2106 3820 ingenti
2153 3763 2208 3809 et

633 3818 1172 3891 incredibilitimore,
1218 3826 1269 3880 in
1305 3831 1576 3887 montibus
1629 3842 2018 3895 commoraturi
2074 3845 2208 3911 sint,

630 3920 683 3965 εει
727 3909 794 3965 ab
848 3913 1070 3970 urbibus
1135 3917 1667 3993 habitationibusque
1724 3909 2210 3995 desideratissimis

629 4002 1005 4073 semigraturi,
1028 4014 1084 4062 et
1128 4007 1434 4066 festinaturi
1467 4014 1520 4069 in
1551 4019 1821 4076 montibus
1844 4060 1860 4087 ,
1890 4022 2208 4098 insidiisque

629 4096 963 4154 delitescere.
1000 4099 1092 4156 Sic
1143 4103 1286 4158 enim
1327 4103 1504 4162 facere
1554 4114 1835 4168 consuevit
1899 4124 2004 4171 tota
2061 4122 2209 4191 regio

627 4198 682 4242 et
711 4188 922 4254 civitas,
947 4191 990 4246 si
1022 4196 1235 4261 quando
1268 4197 1447 4268 aliqua
1500 4201 1569 4256 sit
1595 4202 1831 4260 hostium
1889 4188 2205 4269 incursatio.

628 4281 932 4335 Accurrunt
958 4283 1100 4339 enim
1158 4288 1223 4341 ad
1258 4290 1437 4345 editos
1465 4301 1519 4348 et
1553 4293 1844 4364 impervius
1890 4312 2122 4372 montes,
2148 4315 2204 4361 et

628 4371 934 4431 difﬁcultate
988 4376 1114 4446 loci,
1150 4394 1247 4436 ceu
1280 4394 1555 4440 armatura
1577 4401 1636 4443 se
1657 4392 1925 4459 muniunt,
1959 4404 2015 4450 et
2059 4398 2206 4454 timi-

626 4464 809 4520 ditatis
838 4466 1189 4536 pharmacnm
1240 4488 1303 4529 ac
1350 4477 1643 4534 remedium
1713 4492 1820 4551 est,
1878 4486 1932 4547 in
1992 4484 2279 4546 ﬁssurisD

625 4570 745 4611 esse
796 4569 1093 4628 petrarum.
1127 4564 1380 4629 Quinimo
1426 4568 1529 4625 hoc
1575 4572 1738 4628 etiam
1772 4574 2033 4635 Servator
2086 4583 2204 4653 ipse

623 4646 760 4699 dixit
803 4650 998 4719 populo
1045 4650 1300 4710 Judaico:
1345 4656 1518 4713 «Tum
1552 4678 1571 4711 ι
1606 4664 1776 4728 enim,
1813 4666 2007 4737 inquit,
2060 4690 2078 4723 ι
2108 4646 2199 4742 qui

626 4737 675 4789 in
723 4735 908 4795 Judzea
985 4752 1130 4809 sunt,
1182 4745 1390 4817 fugiant
1444 4751 1512 4804 ad
1578 4766 1809 4812 montes.
1835 4735 1933 4811 ἰίι
1992 4735 2201 4834 Itaque,

624 4829 817 4898 inquit,
875 4831 1239 4902 pulcherrima
1282 4841 1478 4910 prtedia
1544 4844 1597 4898 in
1640 4848 1981 4908 solitudinem
2018 4829 2107 4910 et-
2149 4829 2201 4913 in

624 4930 839 4985 vepreta
890 4924 1239 4981 mutabuntur
1268 4948 1281 4983 :
1311 4945 1432 4985 cum
1462 4933 1701 4992 derelicti
1733 4939 2006 5010 timerent,
2036 4948 2200 5004 etiam

623 5009 674 5063 in
693 5009 817 5077 illis,
837 5022 890 5067 et
915 5015 1123 5084 spineta
1151 5019 1322 5075 solum
1347 5024 1509 5078 etiam
1536 5029 1718 5085 subire
1768 5046 1875 5088 non
1915 5038 2199 5105 permitte-

623 5112 836 5159 rentur:
870 5106 965 5161 sed
1006 5107 1073 5163 ad
1108 5121 1324 5169 montes
1363 5116 1546 5183 potius
1606 5122 1981 5194 confugerent,
2017 5129 2198 5199 ibique

620 5194 955 5264 suspirantes
986 5202 1205 5259 rusticis
1232 5204 1510 5266 laboribus
1556 5229 1774 5271 manum
1817 5219 2191 5279 admoverent.

617 5287 874 5343 Arabitur
926 5292 1071 5347 enim
1106 5297 1282 5351 omnis
1322 5315 1478 5357 mons
1512 5313 1567 5358 et
1592 5308 1767 5363 omnis
1817 5310 1992 5377 collis,
2021 5314 2195 5373 abhis

615 5377 709 5445 qui
747 5379 814 5434 ad
848 5395 943 5437 eos
1016 5386 1353 5459 confugiunt,
1391 5394 1670 5463 cupientes
1755 5400 2030 5471 colligere,
2087 5423 2203 5463 non»

2324 654 2438 725 γὰρ
2488 652 2617 720 εἷεν,
2647 660 2832 727 φησιν,
2861 660 2922 711 ἐν
2950 660 3029 712 ἐνὶ
3058 659 3206 731 τόπῳ
3250 661 3416 729 χίλιαι
3457 663 3689 733 ἄμπελοι
3718 666 3915 735 χιλίων

2326 743 2545 811 σίκλων,
2598 747 2673 811 ὡς
2728 748 2883 815 ἀξίαν
2934 749 3175 819 ἄμπελον
3221 750 3461 822 ἑκάστην
3536 754 3720 807 σίκλου
3789 758 3916 820 ἐνὸς

2325 834 2657 907 (τιμήματος
2689 837 2746 890 δὲ
2773 836 2929 891 τοῦτο
2959 837 3202 909 μέτρον),
3234 839 3314 902 εἰς
3339 839 3536 911 χέρσον
3565 842 3785 898 ἔσεσθαι
3815 850 3914 900 καὶ

2324 929 2403 992 είς
2458 928 2737 983 ἄκανθαν⁹
2781 928 2923 983 ὥστε
2971 929 3075 983 κᾶν
3111 929 3164 982 εί
3202 949 3286 995 τις
3315 931 3556 1001 βούλοιτο
3598 935 3676 1006 τῷ
3720 936 3913 1007 χωρίῳ

2324 1019 2672 1090 προσϐαλεῖν,
2721 1023 2814 1074 καὶ
2860 1021 3137 1075 εἰσελάσαι
3196 1021 3382 1092 μόνον,
3431 1024 3505 1095 μὴ
3560 1025 3626 1078 ἂν
3691 1027 3912 1097 ἰσχῦσαι

2322 1110 2480 1165 τοῦτο
2513 1111 2643 1183 δρᾷν
2675 1112 2797 1183 δίχα
2822 1112 3009 1183 βέλους
3036 1115 3129 1168 καὶ
3155 1115 3507 1185 τοξεύματος.
3555 1119 3911 1173 Ἀποδέουσαι

2322 1201 2431 1272 γὰρ
2465 1202 2615 1254 οὐδὲν
2645 1203 2700 1254 αἱ
2732 1202 2964 1256 ἄκανθαι
3006 1203 3354 1273 τοξευμάτων
3386 1206 3480 1260 καὶ
3514 1206 3702 1276 βελῶν,
3734 1226 3906 1261 κατα-

2321 1291 2587 1363 τρώσειαν
2631 1292 2698 1346 ἂν
2734 1293 2898 1356 εὐθὺς
2940 1293 3035 1347 τοῦ
3080 1299 3406 1367 περιπατεῖν
3448 1298 3723 1363 ἐθέλοντος
3778 1301 3910 1363 τοὺς

2323 1382 2507 1446 πόδας.
2533 1383 2798 1454 Πρόξενον
2822 1382 2917 1440 οὖν
2939 1387 3047 1458 ἄρα
3082 1391 3284 1453 παντὸς
3309 1392 3440 1461 ἡμῖν
3468 1391 3622 1444 ἔσται
3644 1392 3821 1444 κακοῦ
3848 1396 3911 1445 τὸ

2324 1474 2606 1544 βούλεσθαι
2640 1476 2774 1547 δρᾷν
2815 1476 2851 1531 ἃ
2896 1478 2970 1549 μὴ
3028 1478 3205 1550 θέμις.
3260 1482 3766 1553 Καταχερσούμεοα
3798 1484 3915 1553 γὲρ

2320 1568 2523 1638 τρόπον
2571 1569 2713 1635 τινά,
2763 1569 2882 1641 Θεῷ
2934 1573 3294 1643 προσκρούειν
3334 1575 3394 1627 αὖ
3454 1576 3908 1645 παραιτούμενοι.

2320 1662 2567 1729 Δρῶντες
2604 1662 2706 1733 μὲν
2728 1663 2858 1736 γὰρ,
2905 1665 3000 1718 καὶ
3044 1664 3148 1736 μὴν
3179 1667 3272 1720 καὶ
3315 1670 3532 1738 φρονεῖν
3560 1667 3842 1732 ἐθέλοντες
3875 1669 3912 1722 ἀ

2326 1752 2475 1823 αὐτῷ
2515 1753 2736 1825 θυμήρη
2785 1754 2879 1807 καὶ
2922 1755 3074 1822 φίλα,
3108 1758 3604 1828 καρποφορήσομεν
3638 1760 3736 1828 τὴν
3778 1761 3915 1827 ἀρε.

2325 1841 2446 1910 τὴν,
2481 1842 2579 1911 τῆς
2617 1843 2745 1911 παρ’
2770 1841 2932 1895 αὑτοῦ
2961 1844 3240 1914 φροντῶος
3269 1845 3602 1917 ἀξιούμενοι.
3644 1849 3909 1901 Ἀκουσό-

2325 1931 2465 2003 μεθα
2512 1931 2621 2001 γὰρ
2679 1932 2928 2001 λέγοντος
2989 1934 3083 1988 τοῦ
3132 1937 3403 2006 Χριστοῦ·
3454 1956 3473 1988 ι
3520 1938 3663 2006 Ἐγώ
3707 1942 3827 2009 εἰμι
3874 1944 3914 2011 ﬁ

2320 2024 2561 2093 ἄμπελος
2608 2026 2641 2096 ἡ
2688 2024 2917 2097 ἀληθινὴ
2942 2066 2957 2091 ,
3009 2030 3104 2082 καὶ
3144 2030 3173 2082 ό
3210 2030 3401 2101 Πατήρ
3448 2048 3549 2101 μου
3587 2034 3617 2085 ό
3656 2033 3912 2104 γεωργός

2321 2120 2487 2171 ἐστιν.
2540 2118 2655 2170 Πᾶν
2703 2118 2889 2190 κλῆμα
2922 2122 2980 2174 ἐν
3013 2121 3136 2191 ἐμοὶ
3167 2122 3241 2194 μὴ
3273 2122 3459 2194 φέρον,
3492 2124 3727 2195 καρπὸν,
3755 2126 3907 2196 αἴρει

2319 2212 2450 2266 αὐτό
2476 2229 2489 2242 ο
2542 2211 2637 2264 καὶ
2682 2212 2793 2264 πᾶν
2839 2212 3024 2283 κλῆμα
3070 2213 3131 2266 τὸ
3174 2214 3385 2284 καρπὸν
3442 2215 3607 2287 φέρον
3647 2216 3911 2287 καθαίρει

2318 2305 2471 2368 αὐτὸ,
2504 2305 2591 2358 ἵνα
2612 2304 2825 2377 καρπὸν
2861 2304 3083 2359 πλείονα
3104 2304 3269 2376 φέρῃ.
3293 2324 3312 2356 ι
3361 2306 3814 2371 Ἀπονενευκότες
3848 2307 3913 2363 δὲ

2318 2397 2591 2467 ἁχαλίνως
2636 2399 2715 2459 είς
2744 2397 3067 2466 ἀνοσιότητα
3096 2396 3339 2467 τρόπων,
3371 2397 3613 2469 ἀκάνθης
3643 2400 3744 2469 τῆς
3772 2417 3908 2469 νοηο

2315 2488 2416 2559 τῆς
2442 2488 2818 2559 πληρούμεθα,
2850 2487 3052 2551 παντὸς
3088 2487 3261 2551 εἴδους
3286 2487 3624 2559 φαυλότητος
3652 2490 3911 2559 ἀνίσχονς

2314 2598 2404 2644 τος
2448 2581 2504 2631 ἐν
2544 2581 2693 2650 ἡμῖν.
2727 2579 2890 2643 Τέλος
2926 2579 2983 2633 δὲ
3015 2578 3281 2651 ἀκάνθης,
3328 2580 3389 2634 τὸ
3418 2579 3531 2651 πῦρ
3551 2598 3566 2613 ο
3596 2582 3691 2635 καὶ
3723 2584 3914 2654 τροφὴ

2315 2671 2510 2742 πυρὸς,
2536 2672 2568 2742 ἦ
2597 2671 2869 2743 ἄχρηστος
2895 2670 3015 2741 ὕλη.
3061 2673 3170 2725 Καὶ
3201 2671 3359 2725 τοῦτο
3399 2673 3532 2743 ἡμῖν
3564 2675 3593 2727 ό
3627 2674 3907 2745 μακάριος

2314 2762 2527 2824 Παῦλος
2547 2763 2771 2831 ἐναργὲς
2792 2764 3123 2834 καταστήσει
3147 2762 3348 2832 λέγων·
3371 2783 3395 2815 ι
3414 2764 3488 2834 Γῆ
3513 2765 3673 2836 γάρὴ
3704 2764 3913 2819 πιοῦσα

2311 2852 2403 2907 τὸν
2466 2852 2554 2905 ἐπ’
2625 2852 2798 2922 αὐτῆς
2867 2852 3129 2916 πολλάκις
3191 2853 3489 2925 ἐρχόμενον
3550 2854 3706 2908 ὑετὸν
3725 2898 3741 2921 ,
3810 2855 3908 2908 καὶ

2311 2944 2573 2997 τίκτουσα
2635 2942 2866 3014 βοτάνην
2923 2943 3142 2999 εὔθετον
3201 2946 3470 3014 ἐκείνοις,
3520 2947 3588 3002 δι’
3655 2947 3751 3013 οὒς
3810 2947 3912 3002 καὶ

2310 3036 2675 3105 γεωργεῖται,
2719 3033 3126 3106 μεταλαμϐάνει
3160 3035 3413 3104 εὐλογίας
3448 3037 3556 3090 ἀπὸ
3592 3038 3687 3091 τοῦ
3720 3032 3907 3093 Θεοῦ-⁸

2238 3139 2279 3197 ε
2315 3125 2624 3195 ἐκφέρουσα
2679 3124 2738 3177 δὲ
2807 3124 3053 3189 ἀκάνθας
3100 3126 3195 3179 καὶ
3249 3125 3573 3198 τριϐόλους,
3640 3128 3907 3201 ἀδόκιμος

2313 3220 2408 3273 καὶ
2428 3218 2671 3289 κατάρας
2698 3219 2886 3287 ἐγγὺς,
2916 3214 2985 3293 ἧς
3008 3218 3070 3273 τὸ
3101 3219 3254 3284 τέλος
3279 3221 3361 3285 είς
3393 3220 3611 3276 καῦσιν.
3643 3241 3662 3273 ι

2379 3310 2489 3366 Kal
2559 3308 2683 3365 πᾶν
2730 3310 2868 3379 ὄρος
2910 3311 3347 3382 ἀροτριώμενον
3382 3312 3902 3383 ἀροτριαθήσεται.

2310 3404 2408 3459 καὶ
2436 3405 2508 3459 οὐ
2536 3402 2623 3473 μὴ
2676 3403 2901 3473 ἐπέλθῃ
2950 3404 3079 3458 ἐκεῖ
3123 3408 3332 3476 φόϐος.
3375 3408 3589 3461 Ἔσται
3624 3407 3737 3476 γὰρ
3779 3406 3915 3460 (ὶπά

2311 3497 2425 3565 τῆς
2454 3497 2679 3567 χέρσου
2710 3497 2809 3551 καὶ
2835 3496 3108 3566 ἀκάνθης
3136 3501 3226 3565 εἰς
3244 3498 3535 3569 ,ϐόσκημα
3562 3501 3909 3568 προϐάτων,

2311 3589 2411 3643 καὶ
2439 3592 2528 3656 εἰς
2562 3589 2958 3659 κατάπὰτημα
2980 3590 3156 3657 βοός.

2393 3682 2635 3751 Ὀλίγους
2674 3682 2772 3753 μὲν
2819 3680 3045 3738 ἔσεσθαι
3064 3684 3192 3747 τοὺς
3230 3682 3683 3755 περιλειφθέντας
3726 3685 3786 3738 ἐν
3832 3687 3913 3759 τῇ

2322 3772 2550 3845 Ἰουδαίᾳ
2589 3774 2773 3845 φησὶν,
2804 3772 2967 3845 ἥξειν
2996 3792 3054 3828 τε
3099 3776 3180 3838 είς
3218 3774 3380 3829 τοῦτο
3423 3774 3627 3839 δειλίας
3674 3776 3905 3840 αὐτοὺς.

2310 3859 2405 3917 καὶ
2444 3859 2626 3930 μέντοι
2651 3861 2745 3914 καὶ
2767 3862 3148 3933 κακανδρείας,
3177 3863 3252 3927 ὡς
3286 3863 3481 3932 ὑπόγε
3505 3864 3681 3918 δεινοῦ
3706 3883 3766 3918 τε
3803 3868 3906 3920 καὶ

2310 3950 2590 4021 ἀφορήτου
2619 3950 2896 4022 δείματος,
2926 3951 3024 4017 τὰς
3050 3954 3107 4007 ἐν
3132 3952 3247 4024 ὄρει
3280 3955 3552 4008 ποιεῖσθαι
3584 3955 3911 4029 διατριϐὰς.

2308 4040 2402 4092 καὶ
2431 4039 2640 4095 πόλεων
2672 4042 2774 4113 μὲν
2807 4043 3132 4115 ἀποφοιτᾷν,
3173 4045 3269 4099 καὶ
3296 4047 3408 4103 τῶν
3437 4047 3606 4101 πάλαι
3630 4049 3902 4122 τριποθή-

2306 4148 2415 4188 των
2452 4134 2637 4199 αὐτοῖς
2696 4135 3151 4207 ἐνδιαιτημάτων,
3184 4137 3503 4207 ἐπείγεσθαι
3528 4139 3584 4194 δὲ
3609 4140 3913 4197 λανθάνειν»

2307 4223 2367 4278 ἐν
2398 4223 2551 4289 ὕλαις
2592 4244 2651 4280 τε
2685 4230 2778 4282 καὶ
2810 4228 3059 4299 λόχμαις.
3097 4229 3258 4294 Ἕθος
3294 4230 3404 4303 γὰρ
3429 4232 3588 4288 τοῦτο
3620 4235 3757 4307 δρᾷν
3785 4241 3902 4301 τοῖς

2306 4316 2410 4371 ἀνά
2436 4320 2613 4375 πᾶσαν
2640 4319 2737 4390 τὴν
2768 4320 2953 4393 χώραν
2974 4338 3031 4375 τε
3064 4323 3158 4377 καὶ
3183 4324 3358 4389 πόλιν,
3388 4328 3436 4379 εἰ
3458 4326 3521 4399 δή
3556 4345 3640 4393 τις
3671 4328 3899 4397 γένοιτο

2307 4407 2578 4478 πολεμίων
2620 4408 2835 4481 ἐκϐολή.
2889 4410 3231 4478 ’Λναθέοντες
3272 4415 3393 4487 γάρ,
3433 4418 3514 4480 είς
3563 4418 3748 4488 ὑψηλά
3800 4420 3900 4473 καὶ

2308 4498 2548 4553 δύσϐατα
2581 4500 2697 4553 τῶν.
2713 4503 2873 4573 ὀρῶν,
2926 4503 3091 4558 ὅπλον
3117 4506 3400 4562 ποιοῦνται
3429 4510 3529 4581 τὴν
3555 4512 3896 4584 δυσχωρίαν,

2312 4589 2404 4642 καὶ
2431 4589 2632 4652 δειλίας
2672 4592 2960 4664 φάρμακον
2993 4596 3054 4648 τὸ
3079 4598 3137 4649 ὲν
3168 4602 3429 4669 σχισμαίς
3472 4596 3613 4655 εἶναι
3647 4606 3892 4675 πετρῶν.

2310 4679 2478 4735 Τοῦτό
2509 4700 2590 4735 τοι
2621 4686 2712 4738 καὶ
2745 4686 2904 4750 αὐτὸς
2943 4690 2971 4741 ὁ
3001 4689 3191 4761 Σωτὴρ
3225 4693 3341 4755 τοῖς
3382 4694 3650 4748 Ἰουδαίων
3680 4696 3892 4763 ἔφασκε

2309 4771 2533 4842 δήμοις·
2578 4793 2595 4825 ι
2631 4775 2763 4833 Τότε
2799 4796 2823 4827 ι.
2850 4780 2992 4848 γὰρ,
3046 4782 3233 4851 φησὶν,
3286 4801 3304 4833 ι
3338 4783 3387 4835 oi
3427 4784 3484 4836 ἐν
3514 4788 3584 4855 τῇ
3631 4786 3899 4857 Ἰουδαίᾳ,

2312 4864 2660 4931 φευγέτωσαν
2689 4868 2768 4931 είς
2791 4868 2859 4922 τὰ
2886 4868 3009 4940 ὅρη.
3047 4890 3064 4923 ι
3101 4871 3312 4927 Οὐκοῦν
3352 4873 3423 4927 τὰ
3472 4874 3572 4945 μὲν
3622 4876 3891 4930 κάλλιστα

2306 4956 2413 5013 τῶν
2442 4957 2675 5027 χωρίων,
2704 4961 2782 5022 εἰς
2811 4960 3004 5031 χέρσον
3032 4961 3267 5029 ἔσονται,
3294 4967 3450 5036 φησι,
3475 4969 3570 5020 καὶ
3608 4970 3689 5031 είς
3718 4970 3892 5023 ἀκαν-

2307 5047 2425 5112 θαν,
2455 5048 2703 5103 δεδιότων
2744 5050 2850 5104 τῶν
2892 5053 3348 5125 περιλειφθέντων
3403 5059 3505 5112 κᾶν
3536 5060 3669 5127 γοῦν
3697 5062 3757 5114 ἐν
3792 5064 3891 5116 αὐ-

2304 5140 2414 5201 τοῖς
2456 5140 2732 5194 εἰσελάσαι
2769 5141 2950 5211 μόνον,
2993 5144 3025 5215 ἢ
3075 5148 3169 5199 καὶ
3220 5148 3323 5201 ὑπὸ
3372 5151 3470 5221 τῆς
3524 5152 3772 5225 ἀκάνθης
3823 5156 3887 5209 οὐ

2307 5234 2797 5304 συγχωρουμένων’
2854 5237 3225 5306 ἀναφυγόντες
3277 5241 3333 5293 δὲ
3389 5243 3593 5310 μᾶλλον
3656 5247 3714 5296 ἐν
3769 5249 3889 5311 τοῖς

2304 5320 2506 5392 ὄρεσιν,
2545 5325 2663 5378 ἐκεῖ
2711 5327 2988 5391 στένοντες
3040 5330 3146 5382 τῶν
3192 5333 3272 5393 είς
3327 5338 3603 5405 γεωργίαν
3654 5336 3884 5405 ἅψονται

2303 5412 2501 5468 πόνων.
2541 5414 3017 5488 Ἀροτριαθήσεται
3048 5420 3156 5492 γὰρ
3195 5424 3304 5475 πᾶν
3332 5424 3457 5493 ὅρος
3486 5426 3579 5480 καὶ
3616 5429 3721 5490 πᾶς
3753 5428 3882 5497 βου-

616 5485 736 5535 qua:
783 5470 848 5525 ad
896 5487 1025 5540 opes
1067 5486 1161 5531 aut
1210 5479 1511 5550 voluptates
1551 5493 1831 5554 spectant,
1882 5470 1979 5547 sed
2022 5510 2193 5564 quan-

2605 5470 2616 5486 ι
2702 5470 2741 5487 ι-
2784 5470 2787 5471 ν
2850 5470 3015 5488 ινθηνν
3057 5470 3151 5492 ιντΓ
3203 5470 3295 5475 ""'
3336 5470 3453 5493 '5",
3487 5470 3579 5480 ""'
3622 5470 3721 5490 ""’
3753 5470 3848 5497 l'"

2313 5502 2421 5568 mg,
2457 5502 2565 5557 τῶν
2608 5506 2665 5557 ὲν
2711 5508 2893 5571 αὐτοῖς
2937 5509 3351 5581 ἀναφυγόντων,
3382 5514 3657 5585 συλλέγειν
3689 5518 3883 5571 ἐπιθυ·-

618 5574 726 5616 mm
756 5564 822 5618 ad
869 5569 1232 5624 necessarium
1277 5588 1431 5628 usum
1478 5579 1722 5647 corporis
1771 5585 2096 5654 suppeditat,
2140 5600 2194 5645 et

2373 5564 2417 5568 η
2872 5564 2888 5571 -
3056 5564 3069 5580 ,
3132 5564 3175 5581 ,-
3390 5564 3652 5585 --ψη-η
3689 5564 3843 5571 -.-νη

2313 5594 2566 5663 λούντων,
2592 5598 2651 5650 οὐ
2672 5598 2736 5651 τὰ
2773 5602 2852 5664 εἰς
2880 5601 3107 5657 πλοῦτον
3134 5605 3230 5658 καὶ
3254 5606 3485 5675 τρυφὰς,
3513 5608 3629 5662 ἀλλ’
3658 5610 3759 5664 ὅσα
3779 5610 3881 5679 τὴν

686 5723 728 5754 ⁸³
755 5720 911 5781 Joan.
939 5740 1029 5791 xv,
1062 5726 1109 5779 ι.
1190 5729 1233 5759 δ’
1260 5728 1417 5784 Ilebr.
1450 5746 1523 5797 vx,
1550 5733 1601 5786 7.
1680 5734 1723 5767 ⁸³
1749 5735 1941 5796 Matth.
1967 5756 2116 5810 xx1v,
2148 5744 2245 5801 l6.
