4134 6510
328 340 433 440 2r}

1500 383 1564 439 ΙΝ
1608 384 1670 439 IS
1688 384 1841 437 \IAM
1876 383 2005 441 LIB.
2046 386 2083 441 Ι.
2117 384 2327 442 ORAT.
2356 386 2421 439 V.

3491 388 3596 444 213

326 498 637 568 ἀναγκαίαν
667 498 761 552 τοῦ
802 498 1051 571 σώματος
1079 500 1373 570 θεραπεύει
1407 502 1617 576 χρείαν,
1652 501 1748 553 καὶ
1794 518 1909 554 στε-

2024 512 2274 570 quantum
2335 515 2551 558 tenuem
2587 512 2643 557 et
2684 513 2973 573 angustum
3054 502 3445 572 diﬂicultcrque
3499 519 3600 571 pa-

330 594 429 665 θὴν
480 595 575 647 καὶ
619 594 985 667 δυσπόρευτον
1026 596 1358 668 παρατίθησι
1396 598 1624 669 τροφήν.
1664 596 1800 650 Ποία
1833 614 1913 659 τις

325 682 422 740 σῦν
474 686 744 757 πρόφασις
792 686 885 740 τοῦ
938 688 1031 741 καὶ
1072 689 1131 742 ὲν
1176 689 1361 761 ὄρεσιν
1394 691 1585 753 οἰκεῖν,
1630 689 1720 743 καὶ
1773 688 1915 741 αὐτὰ

327 780 601 848 γεωργεῖν
630 778 855 843 ἐθέλειν,
897 780 1075 834 καίτοι
1113 780 1221 833 τῶν
1253 780 1548 853 ἐξαιρέτων
1597 782 1913 853 ὑπερεωρα-

330 869 515 939 μένων
560 870 808 941 χωρίων;
867 890 885 923 r
918 873 993 925 Οὐ
1047 873 1124 943 μὴ
1168 874 1400 945 ἐπέλθῃ,
1440 894 1457 925 ι
1500 873 1702 945 φησὶν,
1739 892 1757 925 ι
1800 874 1915 926 ἐκεῖ

331 960 522 1028 φόϐος.
565 981 583 1013 ι
633 961 821 1015 Ταῦτα
846 962 1152 1031 λογιοῦνται
1182 965 1301 1018 καθ’
1334 966 1580 1028 ἑαυτοὺς,
1610 966 1685 1029 ὡς
1714 965 1814 1018 οὐκ
1848 963 1913 1017 ἂν

327 1052 519 1115 αὐτοῖς
556 1053 675 1106 ἐκεῖ
710 1058 983 1107 κατοικεῖν
1024 1055 1300 1109 ἐθέλουσιν
1327 1057 1531 1130 ἐπέλθῃ
1558 1058 1741 1126 φόϐος.
1780 1052 1914 1111 Εἶτα

324 1145 431 1213 τῆς
493 1146 572 1207 είς
616 1145 786 1215 ἀκρον
836 1147 1074 1225 empta;
1116 1149 1494 1202 καταδεικνύει
1548 1150 1608 1202 τὸ
1662 1149 1908 1219 μέγεθος.

330 1237 599 1292 Ἔσεσθαι
642 1240 749 1311 γάρ
812 1257 975 1310 φησιν
1026 1240 1244 1294 ἃπασαν
1290 1241 1388 1312 τὴν
1430 1240 1613 1312 χώραν
1659 1241 1767 1295 ἀπὸ
1814 1244 1914 1312 τῆς

326 1334 588 1402 χερσείας
623 1333 718 1387 καὶ
757 1334 857 1403 τῆς
917 1334 1159 1405 ἀκάνθης
1203 1336 1282 1398 είς
1311 1335 1562 1405 βόσκημα
1598 1333 1909 1405 προϐάτων,

326 1425 427 1476 καὶ
450 1425 529 1487 είς
554 1424 925 1495 καταπάτημα
948 1423 1089 1493 βοὸς,
1117 1424 1262 1477 τοῦτ’
1289 1424 1458 1486 ἐστιν,
1494 1424 1574 1486 είς
1598 1423 1914 1493 κατανομὰς

325 1515 687 1587 Θρεμμόιτων,
736 1516 833 1589 τὴν
874 1517 1054 1581 πίονα,
1098 1516 1197 1588 τὴν
1226 1516 1557 1587 εὐάμπελον,
1594 1518 1696 1586 τὴν
1736 1517 1905 1570 ὲλαιο-

324 1607 516 1679 φόρον,
540 1608 637 1677 τὴν
661 1608 1096 1678 εὐδενδροτάτην,
1120 1609 1220 1680 τὴν
1250 1609 1337 1661 ἀεὶ
1368 1608 1626 1679 κομῶσαν
1656 1611 1912 1678 καρποῖς,

323 1700 428 1769 τὴν
461 1700 688 1769 ῥέουσαν
726 1699 862 1767 γάλα
917 1702 1008 1752 καὶ
1039 1700 1183 1770 μέλι,
1220 1701 1360 1753 κατά
1402 1701 1464 1754 τὸ
1505 1701 1909 1772 γεγραμμένον.

325 1790 541 1844 Οὐκοῦν
570 1791 702 1844 Θεὸν
729 1792 1111 1863 εὐφραίνοντες
1138 1796 1258 1856 ταῖς
1283 1795 1363 1856 είς
1391 1796 1499 1847 πᾶν
1524 1793 1701 1847 ὁτιοῦν
1730 1792 1913 1845 εὐπει-

2018 595 2239 650 rabilem
2266 596 2465 650 victum
2501 596 2899 655 subministrat.
2925 596 3064 665 Quid
3118 606 3203 652 est
3237 610 3367 665 ergo
3396 610 3597 662 causa,

2015 698 2073 741 nt
2108 687 2160 743 in
2207 688 2481 742 montibus
2518 688 2766 744 habitare
2811 704 3011 759 eosque
3041 690 3220 744 colere
3250 687 3438 751 velint,
3465 701 3599 741 cou-

2017 781 2231 848 temptis
2282 778 2500 847 prsidiis
2550 780 2937 835 electissimis?
2998 798 3017 831 ι
3052 780 3167 834 Νοη
3224 780 3408 833 veniet
3474 778 3601 832 illuc

2017 880 2211 935 terror,
2241 889 2260 924 ι
2294 870 2487 940 inquit.
2530 869 2655 926 Haec
2698 872 2839 940 apud
2883 886 2943 924 se
3002 868 3325 939 reputabunt
3372 870 3439 924 ad
3481 883 3596 933 eos,

2013 965 2104 1036 qui
2168 963 2402 1018 incolere
2460 963 2534 1017 ibi
2574 962 2772 1027 volent,
2805 974 3004 1016 metum
3049 979 3153 1017 non
3194 973 3597 1028 perventurum.

2015 1056 2277 1124 Deinceps
2306 1068 2439 1109 vero
2473 1063 2734 1107 extrema:
2795 1052 3102 1107 solitudinis
3132 1053 3284 1122 131
3317 1068 3382 1108 ac
3444 1053 3603 1107 desu-

2016 1147 2229 1202 lationis
2286 1145 2709 1216 magnitudinem
2768 1143 3029 1199 ostendit.
3093 1145 3386 1197 Mutabitur
3448 1159 3602 1198 nam-

2014 1254 2139 1310 que,
2168 1239 2362 1309 inquit,
2399 1246 2619 1308 propter
2648 1236 2955 1291 vastitatem
3001 1244 3057 1291 et
3082 1244 3300 1304 vepreta
3363 1234 3415 1289 in
3476 1251 3603 1305 pas-

2014 1350 2113 1389 cua
2168 1334 2309 1398 ovis,
2356 1343 2410 1388 et
2468 1333 2523 1387 in
2577 1331 3041 1387 conculcationem
3103 1331 3273 1395 bovis,
3309 1330 3359 1384 id
3412 1341 3515 1395 εει,
3549 1330 3600 1383 in

2014 1425 2380 1495 depastiouem
2430 1424 2610 1479 ovium
2649 1424 2901 1477 universa
2948 1421 3118 1492 regio,
3152 1422 3318 1492 regio,
3358 1421 3600 1488 inquam,

2015 1518 2361 1589 prmpinguis,
2382 1516 2581 1571 vitibus
2619 1514 2870 1579 fecunda,
2896 1514 3030 1569 olca:
3105 1512 3277 1576 ferax,
3319 1511 3604 1566 arboribus

2015 1613 2232 1685 egregie
2285 1611 2512 1678 consita,
2546 1624 2759 1678 semper
2818 1608 3085 1661 fructibus
3140 1614 3358 1674 compta
3438 1604 3595 1674 quasi

2014 1715 2069 1760 et
2127 1704 2295 1768 culta,
2341 1704 2480 1758 lacte
2549 1711 2601 1757 et
2644 1701 2805 1756 melle
2865 1700 3108 1766 atllueus,
3148 1698 3302 1767 juxta
3355 1698 3405 1751 id
3458 1697 3603 1768 quod

2014 1799 2277 1867 scriptum
2318 1806 2422 1852 est.
2452 1795 2634 1864 Itaque
2677 1793 2915 1863 quandiu
2973 1792 3082 1847 Deo
3127 1802 3306 1846 noStra
3375 1790 3427 1844 in
3486 1805 3604 1844 om-

325 1882 525 1946 θείαις,
570 1857 849 1952 ἀσφαλῶς-
876 1886 1192 1954 οἰκήσομεν,
1218 1884 1467 1954 καθάπερ
1497 1883 1618 1937 τινὰ
1662 1882 1843 1953 χώραν
1876 1881 1907 1952 ἦ

2024 1889 2176 1944 nibus
2228 1887 2533 1943 obedientia
2610 1884 2907 1956 placemus,
2941 1891 3057 1937 tuto
3121 1885 3377 1937 virtutem
3447 1881 3603 1951 quasi

323 1974 511 2040 πόλιν,
524 1975 622 2045 τὴν
638 1976 857 2047 ἀρετὴν,
874 1976 966 2030 καὶ
980 1994 1146 2029 κατευ
1155 1976 1427 2047 μεγεθήσο
1434 1992 1532 2046 μεν
1545 1975 1653 2027 τῶν
1678 1973 1770 2045 ὲχθ
1780 1973 1905 2045 ρῶν.

326 2067 717 2139 Καταπτοήσει
742 2068 881 2121 δὲτὸ
911 2068 1132 2139 σύμπαν
1165 2070 1311 2140 ἡμᾶς
1341 2068 1517 2121 οὐδέν.
1558 2068 1824 2137 Ἐσόμεθα
1852 2065 1908 2118 δὲ

327 2159 533 2229 μᾶλλον
566 2159 783 2231 ἀπάσης
814 2161 1113 2224 ἐπιεικείας
1163 2162 1256 2215 καὶ
1300 2160 1481 2213 καλῶν
1512 2159 1691 2228 ἔργων
1718 2161 1912 2230 ἐπιμε-

324 2252 531 2319 ληταὶ,
586 2252 680 2307 καὶ
729 2254 1035 2324 εὐκαρπίας
1081 2255 1377 2323 ἀνάμεστοι
1416 2252 1518 2321 τῆς
1567 2253 1909 2323 ἀρεσκούσης

324 2344 471 2415 Θεῷ,
500 2346 594 2398 καὶ
621 2346 816 2416 νοητῆς
839 2346 1081 2417 ἀκάνθης
1124 2346 1557 2416 ἀπηλλαγμένοι,
1590 2346 1684 2399 καὶ
1721 2346 1792 2415 γῆ
1825 2346 1913 2398 θε-

326 2434 494 2506 λητὴ,
552 2436 690 2489 κατὰ
738 2436 836 2505 τὴν
894 2435 987 2490 τοῦ
1027 2436 1309 2507 προφήτου
1364 2434 1568 2506 φωνὴν,
1622 2437 1716 2489 καὶ
1774 2434 1910 2488 Θεοῦ

326 2525 605 2598 γεώργιον
644 2526 881 2597 ἀληθῶς.

404 2707 513 2762 Καί
552 2703 683 2761 εἶπε
708 2708 923 2775 Κύριος
954 2710 1104 2775 πρός
1135 2726 1212 2777 με
1231 2724 1245 2739 ⁸
1286 2708 1442 2763 Λάϐε
1467 2707 1704 2773 σεαυτῷ
1732 2708 1915 2777 τόμον

326 2799 546 2855 καινοῦ
574 2798 865 2870 μεγάλου,
907 2799 1007 2852 καὶ
1052 2799 1286 2869 ’γράψον
1322 2803 1406 2867 είς
1443 2800 1632 2854 αὐτὸν
1673 2800 1911 2870 γραφίδι

324 2892 666 2961 ἀνθρώπου,
694 2893 801 2947 τοῦ
826 2893 1008 2959 ὀξέως
1027 2894 1340 2963 προνομὴν
1360 2894 1609 2965 ποιῆσαι
1640 2895 1910 2948 σκύλων.

326 2986 592 3055 Πάρεστι
617 2987 748 3056 γὰρ,
775 2986 871 3039 καί
900 2984 1208 3054 μάρτυράς
1238 3004 1341 3055 μοι
1370 2988 1633 3052 ποίησον
1656 2986 1913 3053 πιστοὺς

326 3075 708 3144 ἀνθρώπους,
732 3079 840 3129 τὸν
889 3076 1130 3145 Οὐρλαν,
1164 3076 1261 3130 καὶ
1294 3076 1401 3131 τὸν
1436 3078 1740 3147 Ζαχαρίαν
1779 3078 1916 3132 υίὸν

327 3170 655 3238 Βαραχίου.

417 3262 768 3335 Ἀποχρῶσαν
815 3257 874 3316 εὖ
920 3262 1067 3334 μάλα
1115 3262 1483 3333 ποιησάμενος
1533 3261 1632 3333 τὴν
1681 3261 1917 3332 σιειροαγό⁴

330 3372 525 3430 ρευσιν
584 3357 691 3409 τῶν
741 3356 1041 3427 μελλόντων
1092 3354 1467 3426 συμϐήσεσθαι
1518 3354 1659 3407 κατά
1694 3355 1921 3424 καιροὺς

327 3452 403 3519 τῇ
436 3448 543 3500 τῶν
586 3447 848 3502 Ἰουδαίων
879 3448 1048 3518 χώρᾳ,
1084 3447 1175 3501 καὶ
1212 3446 1273 3500 τὸ
1315 3447 1411 3517 τῆς
1442 3447 1726 3516 συμφορᾶς
1758 3462 1923 3498 κατα-

328 3540 518 3605 δείξας
566 3539 814 3611 μέγεθος,
868 3541 1207 3611 προσεπάγει
1257 3540 1543 3611 χρησίμως
1588 3540 1655 3592 τὰ
1698 3540 1824 3610 περί
1858 3556 1921 3607 γε

329 3631 432 3689 τοῦ
496 3632 861 3703 Ἐμμανουὴλ,
909 3633 1003 3684 καὶ
1045 3632 1106 3683 τὸ
1152 3632 1238 3684 ἐπ’
1273 3631 1422 3702 αὐτῷ
1471 3648 1534 3700 γε
1589 3632 1921 3704 παραδείξας

336 3725 670 3798 μυστήριον,
738 3725 1130 3796 ἐναργέστερον
1189 3724 1479 3793 ἀποφαίνει
1538 3724 1615 3795 τῷ
1671 3727 1924 3797 προφήτῃ

332 3817 492 3880 Θεός.
532 3817 674 3887 Ἔφη
708 3816 807 3887 μὲν
837 3817 978 3887 γάρ·
1021 3834 1038 3867 t
1080 3816 1209 3869 Ἰδοὺ
1256 3818 1287 3886 ἡ
1332 3816 1602 3887 παρθένος
1632 3819 1688 3869 ἐν
1726 3818 1925 3887 γαστρὶ

332 3909 470 3975 ἔξει,
494 3909 587 3961 καὶ
615 3908 829 3973 τέξεται
858 3908 993 3971 υἱὸν,
1022 3908 1115 3961 καὶ
1152 3908 1439 3962 καλέσουσι
1468 3908 1528 3961 τὸ
1562 3909 1733 3979 ὄνομα
1756 3908 1922 3962 αὐτοῦ

346 4002 721 4073 Ἐμμανουήλ.
788 4020 807 4052 ι
871 4001 994 4053 ’Ότι
1060 4000 1158 4070 μὲν
1218 4000 1324 4071 γὰρ
1408 4001 1602 4071 καινῆς
1665 4001 1926 4073 διαθήκης

336 4091 496 4144 ἔσται
523 4090 769 4159 μεσίτης,
808 4089 1257 4161 καταργουμένης
1280 4090 1524 4161 δηλονότι
1551 4090 1650 4161 τῆς
1680 4090 1924 4163 πρώτης,

334 4184 419 4246 ὡς
468 4183 601 4236 πολὺ
656 4182 717 4235 τὸ
769 4182 997 4253 ἀδρανὲς
1042 4182 1294 4253 ἐχούσης,
1338 4183 1800 4256 πεπαλαιωμένης
1846 4184 1923 4248 δὲ,

336 4276 439 4329 καὶ
487 4273 798 4344 τελειούσης
843 4274 1031 4327 οὐδένα
1079 4273 1221 4327 κατά
1275 4274 1600 4345 συνείδησιν,
1639 4276 1927 4340 ὑποφαίνει

338 4366 518 4434 λέγων
539 4382 554 4397 ο
586 4385 604 4416 ‹
635 4364 777 4419 Λάϐε
799 4364 1013 4445 σεαυτῷ
1040 4364 1203 4435 τόμον
1219 4365 1405 4418 καινοῦ
1437 4365 1729 4435 μεγάλου.»
1749 4367 1858 4419 Καὶ
1876 4366 1930 4420 τί

336 4459 425 4521 τὸ,
464 4455 696 4527 σεαυτῷ,
726 4456 1186 4527 κατασημαίνειεν
1215 4456 1349 4528 am
1370 4458 1544 4512 ἐκεῖνό
1565 4475 1666 4510 που
1690 4458 1927 4523 πάντως

1942 3209 1992 3272 C

2018 1981 2289 2037 civitatem
2335 1978 2417 2034 vel
2469 1977 2742 2046 regionem
2791 1977 3035 2030 colemus
3073 1985 3124 2030 et
3157 1973 3600 2037 inhabitabimns,

2021 2074 2264 2129 hostibus
2314 2070 2622 2141 superiores
2667 2069 2889 2132 erimus,
2941 2081 3117 2136 neque
3172 2067 3460 2135 quisquam
3500 2079 3598 2117 nus

2017 2169 2238 2223 omnino
2285 2164 2649 2237 perterrebit:
2678 2163 2772 2218 sed
2815 2162 2992 2231 potius
3059 2160 3239 2215 omnis
3313 2157 3603 2227 probitatis

2020 2269 2075 2315 et
2129 2260 2388 2314 bonorum
2447 2268 2669 2326 operum
2717 2262 3017 2308 sectatores
3068 2252 3293 2314 erimus,
3344 2247 3497 2317 capia
3549 2257 3605 2300 et

2019 2354 2263 2408 ubertate
2302 2349 2575 2404 fructuum
2640 2348 2748 2402 Deo
2788 2346 3135 2415 placentium,
3164 2341 3603 2396 abundabimus:

2021 2442 2337 2513 intelligibili
2415 2441 2628 2511 spineto
2689 2437 3060 2498 Iiberabimur,
3126 2446 3182 2488 et
3243 2443 3384 2487 terra
3438 2446 3603 2500 spon-

2023 2552 2179 2593 tanea
2222 2537 2447 2599 erimus,
2468 2534 2623 2605 juxta
2650 2545 2837 2587 vocem
2867 2529 3160 2598 prophetae,
3215 2536 3269 2582 et.
3311 2540 3437 2579 vcrc
3512 2523 3603 2577 Dei

2019 2629 2352 2699 agricolatio.

2089 2722 2216 2778 CAP.
2251 2720 2383 2783 VIII,
2411 2733 2565 2773 ntus.
2601 2720 2653 2783 l,
2684 2718 2738 2772 2.
2774 2715 2840 2769 Et
2883 2715 3016 2768 dixit
3062 2713 3314 2766 Dominus
3354 2712 3423 2767 ait
3463 2726 3542 2764 me
3585 2725 3607 2764 :

2022 2814 2182 2868 Sume
2223 2811 2317 2864 tibi
2366 2811 2556 2862 librum
2600 2806 2717 2860 novi
2760 2806 2957 2873 magni,
2983 2812 3032 2856 et
3070 2803 3235 2855 scribe
3276 2802 3329 2853 in
3369 2817 3428 2853 ea
3471 2799 3607 2868 style

2020 2903 2277 2965 hominis,
2309 2911 2368 2954 ut
2408 2900 2643 2953 celeriter
2676 2896 2898 2963 deripiat
2944 2893 3129 2961 spniia.
3158 2894 3314 2945 Adest
3358 2891 3525 2955 enim,
3558 2900 3606 2943 et

2024 3006 2173 3048 testes
2201 2993 2329 3046 mihi
2361 2990 2549 3045 adhibe
2575 2990 2712 3056 ﬁdos
2743 2987 3009 3050 homines,
3035 2983 3081 3039 U
3088 2985 3217 3038 riam
3250 2982 3604 3047 sacerdotem,

2020 3097 2065 3140 et
2096 3083 2413 3138 Zachariam
2440 3082 2613 3151 [ilium
2641 3078 2937 3133 Barac/cite.

2091 3269 2225 3325 Cum
2254 3267 2467 3338 plenam
2496 3275 2550 3319 et
2571 3262 2842 3331 copiosam
2866 3255 3174 3312 adhibuerit
3202 3252 3605 3325 praedictionem

2022 3380 2210 3421 eorum
2266 3377 2386 3431 quae
2441 3356 2681 3414 Iudaica:
2738 3352 2942 3422 regioni
3000 3363 3285 3419 progressu
3348 3345 3611 3413 temporis

2023 3465 2175 3512 crant
2198 3455 2518 3513 obventura,
2542 3444 3080 3517 magnitudinemque
3105 3438 3431 3495 calamitatis
3453 3436 3611 3492 exhi-

2026 3548 2224 3610 buerit,
2253 3542 2537 3600 commode
2564 3540 2633 3595 de
2664 3534 3012 3593 Emmanuele
3041 3532 3299 3596 subtexit,
3327 3540 3381 3584 ct
3413 3540 3611 3599 mystc-

2033 3637 2171 3689 ritun
2235 3633 2353 3703 ejus
2408 3631 2553 3686 Deus
2612 3636 2878 3683 monstrat
2928 3626 3201 3696 propheta:
3258 3620 3606 3675 lucttleutius.

2027 3726 2250 3780 Dim-bat
2281 3723 2425 3779 enim
2466 3738 2480 3775 :
2530 3738 2548 3772 ι
2595 3717 2734 3772 Ecce
2766 3716 2923 3785 virgo
2965 3714 3016 3768 in
3062 3722 3218 3768 utero
3266 3710 3515 3772 habebit,
3555 3717 3613 3762 et

2026 3819 2202 3889 pariet
2230 3816 2431 3876 lilium;
2462 3824 2517 3869 et
2538 3810 2809 3867 vocabunt
2835 3821 3029 3863 nomen
3064 3804 3183 3875 ejus
3215 3800 3553 3857 Emmanuel.
3586 3819 3608 3854 ο

2027 3911 2179 3978 Quod
2206 3920 2385 3964 autem
2415 3905 2545 3962 Novi
2572 3901 2904 3960 Testamenti
2927 3907 3209 3969 sequester
3231 3897 3325 3959 sit,
3350 3894 3615 3961 abrogato

2028 4006 2280 4059 nimirum
2319 4002 2522 4073 primo,
2553 3998 2697 4070 quod
2734 3995 2959 4050 multum
2992 3993 3215 4046 haberet
3246 3986 3573 4043 inﬁrmitatis
3593 4026 3611 4048 ,

2026 4107 2081 4154 et
2114 4096 2259 4167 quod
2296 4095 2699 4163 antiquaretur,
2744 4103 2809 4143 ac
2844 4087 3112 4141 nemiuem
3148 4084 3442 4140 secundum
3484 4095 3615 4134 cou-

2029 4190 2310 4245 scientiam
2368 4185 2691 4256 perliceret,
2744 4179 3054 4236 subindicat
3113 4178 3301 4232 dicens
3369 4193 3383 4229 :
3446 4174 3615 4230 Sume

2030 4282 2225 4337 librum
2257 4294 2475 4343 novum,
2498 4288 2774 4345 magnum.
2797 4272 2865 4326 Et
2887 4271 3142 4341 quidnam
3172 4268 3299 4323 illud
3332 4268 3424 4322 tibi
3450 4266 3616 4336 signi-

2032 4372 2185 4437 Iit-at,
2220 4368 2325 4424 nisi
2356 4368 2483 4423 illud
2511 4367 2689 4437 plane;
2719 4364 2994 4434 Siquidem
3014 4401 3028 4426 ,
3056 4361 3261 4433 inquit,
3291 4375 3397 4413 non
3421 4367 3617 4414 contu—

2033 4462 2296 4525 macibus,
2321 4460 2413 4514 sed
2446 4459 2496 4512 in
2532 4456 2636 4513 ﬁde
2664 4470 2972 4511 sermonem
2996 4454 3112 4524 ejus
3140 4451 3627 4522 amplectentibus,

339 4550 421 4606 Οὐ
453 4550 562 4621 γάρ
593 4549 675 4602 τοί
708 4566 873 4619 φησιν
904 4552 1018 4611 τοῖς
1039 4549 1286 4603 ἀπειθεῖν
1317 4550 1636 4620 ᾑρημένοις,
1664 4551 1799 4605 ἀλλά
1824 4554 1920 4614 τοῖς

2041 4570 2159 4624 qua:
2204 4552 2256 4606 in
2300 4566 2440 4606 novo
2483 4550 2623 4604 libro
2668 4558 2793 4604 sunt
2832 4547 3124 4611 dabuntur,
3164 4546 3215 4599 id
3265 4554 3376 4606 est,
3412 4542 3630 4598 Christi.

338 4646 401 4696 ὲν
433 4641 615 4694 πίστει
658 4641 980 4712 τετιμηκόσι
1025 4640 1116 4693 τὸν
1150 4642 1236 4694 ἐπ’
1266 4641 1416 4711 αὐτῷ
1460 4641 1617 4710 λόγον
1648 4642 1715 4695 τὰ
1760 4645 1818 4695 ὲν
1851 4642 1929 4715 τῷ

339 4732 520 4803 καινῷ
553 4732 836 4803 δοθήσεται
865 4734 1036 4803 τόμῳ.
1081 4731 1238 4786 Τοῦτ’
1265 4732 1432 4795 ἔστιν,
1469 4733 1931 4805 ἀποκαλυφθήσε-

341 4844 434 4881 ται
465 4826 528 4877 τὸ
563 4824 798 4895 Χριστοῦ
829 4825 1153 4896 μυστήριον.
1187 4824 1390 4889 Καινὸς
1438 4820 1531 4879 οὖν
1562 4829 1590 4879 6
1627 4827 1793 4898 τόμος
1834 4828 1933 4881 καὶ

344 4917 544 4987 μέγας.
596 4917 669 4969 Οὐ
709 4916 817 4987 γάρ
846 4932 929 4970 τοι
962 4916 1100 4970 κατὰ
1151 4917 1250 4989 τὴν
1296 4917 1520 4989 πρώτην
1568 4922 1928 4976 συντέτακται

339 5011 608 5080 διαθήκην
670 5011 704 5080 ἡ
781 5010 940 5079 καινή
1003 5026 1064 5063 τε
1120 5009 1212 5062 καὶ
1283 5010 1378 5063 νέα
1445 5012 1506 5065 τὸ
1554 5013 1647 5066 τοῦ
1694 5014 1931 5085 Χριστοῦ

340 5101 584 5157 λαλοῦσα
635 5102 969 5173 μυστήριον,
1029 5101 1151 5158 οὔτε
1204 5103 1312 5175 μὴν
1365 5104 1663 5177 ὀφθήσεται
1720 5109 1781 5162 τὸ
1835 5110 1933 5181 τῆς

342 5195 578 5266 νομικῆς
603 5195 841 5266 ἱστορίας
861 5195 1059 5266 ἔχουσα
1083 5197 1355 5262 ταπεινὸν,
1378 5198 1493 5252 ἀλλ’
1515 5200 1591 5264 ὡς
1614 5201 1671 5255 έν
1692 5202 1934 5275 ὑπεροχῇ

343 5289 443 5343 καὶ
479 5287 603 5355 ὕψει
634 5287 888 5355 γνώσεως
918 5289 1012 5341 καὶ
1034 5288 1338 5359 δογμάτων.
1374 5291 1534 5345 Ὅθεν
1559 5292 1653 5346 καὶ
1682 5294 1711 5345 6
1744 5293 1938 5349 θεσπέ-

345 5397 462 5443 σιος
498 5379 710 5443 Παῦλος
735 5381 928 5450 ἥδιστά
961 5396 1146 5450 φησιν,
1178 5380 1516 5453 ἐζημιῶσθαι
1557 5385 1738 5439 πάντα
1766 5386 1838 5439 τά
1878 5387 1936 5441 ὲν

344 5474 500 5544 νόμῳ
533 5473 620 5526 διὰ
664 5472 726 5525 τὸ
761 5472 1025 5544 ὑπερέχον
1081 5473 1183 5544 τῆς
1230 5474 1484 5541 γνώσεως
1535 5476 1631 5529 τοῦ
1672 5479 1932 5549 Χριστοῦ.

345 5566 622 5637 Πρόδηλον
670 5562 763 5620 οὖν
791 5568 872 5620 ὅτι
913 5566 1372 5638 πεπαλαιωμένης
1421 5567 1522 5637 τῆς
1572 5569 1815 5639 πρώτης,
1860 5572 1937 5636 ὼς

347 5658 508 5731 ἔφην,
561 5658 744 5722 καινὸς
803 5660 831 5711 ὁ
875 5659 1034 5730 τόμος
1095 5660 1189 5714 καὶ
1243 5660 1416 5731 μέγας
1472 5661 1806 5732 λαμϐάνεται
1842 5666 1939 5737 τῆς

423 5819 470 5851 ⁸⁵
496 5819 662 5875 Ilebr.
691 5834 767 5887 Ix,
790 5819 977 5877 11-25.

2028 4643 2349 4715 mysteriqu
2403 4640 2751 4698 revelabitur.
2795 4637 2979 4692 Novus
3026 4636 3192 4705 igitur
3241 4634 3329 4687 hic
3380 4633 3516 4688 liber
3563 4642 3623 4684 et.

2028 4752 2277 4807 magnus.
2306 4734 2421 4790 Non
2467 4733 2612 4788 cnim
2660 4732 2727 4785 ad
2774 4730 2974 4785 veteris
3022 4727 3245 4783 [dederis
3297 4727 3483 4787 instar,
3515 4725 3618 4779 huc

2028 4846 2225 4887 novum
2248 4838 2302 4884 et
2319 4842 2580 4898 nuperum
2604 4824 2961 4895 compositum
2984 4831 3090 4886 est,
3106 4819 3252 4891 quod
3274 4818 3473 4874 Christi
3499 4832 3616 4888 my-

2028 4926 2251 4981 sterium
2295 4920 2570 4985 enuntiat,
2601 4932 2773 4989 neque
2808 4916 2999 4985 legalis
3040 4914 3280 4970 historia:
3320 4911 3629 4966 exilitatem.

2036 5020 2268 5081 habere,
2292 5016 2384 5071 sed
2412 5016 2466 5069 in
2494 5014 2787 5068 eminentia
2829 5022 2883 5065 et
2929 5008 3261 5064 sublimitate
3292 5004 3639 5077 cognitionis.

2037 5128 2101 5167 ac
2130 5113 2442 5182 dogmatum
2475 5106 2679 5162 versari
2711 5103 3093 5174 conspicietur.
3130 5098 3286 5155 Unde
3316 5109 3370 5154 et
3402 5097 3643 5153 divinusw

2039 5207 2238 5263 Paulus
2277 5203 2601 5259 suavissime
2644 5198 2814 5261 dicit,
2843 5212 2938 5265 pro
2973 5195 3186 5250 damnis
3232 5192 3415 5248 haberi
3460 5189 3641 5260 132:

2038 5299 2219 5354 omnia
2248 5312 2366 5366 qua:
2392 5303 2516 5351 sunt
2539 5293 2671 5363 legis
2689 5333 2703 5356 ,
2731 5306 2843 5361 pne
2875 5288 3081 5343 notitia:
3108 5285 3310 5342 Christi
3344 5282 3643 5339 exet-Hem-

2043 5390 2136 5445 tia.
2185 5388 2341 5443 Patet
2388 5401 2518 5456 ergo
2577 5384 2717 5455 quod
2777 5382 3059 5451 antiquato
3101 5379 3319 5449 primo,
3371 5383 3427 5429 ut
3471 5372 3635 5436 dixi,

2044 5496 2239 5537 novum
2280 5487 2336 5533 et
2368 5492 2617 5548 magnum
2650 5474 2899 5530 volumen
2936 5470 3158 5527 secundi
3196 5466 3418 5524 Imderis
3453 5463 3622 5520 sumi-

2046 5585 2131 5628 tur
2168 5591 2181 5627 :
2217 5570 2358 5641 quod
2393 5566 2865 5639 prmstantioribus
2894 5562 3180 5619 sacriliciis
3212 5558 3478 5615 sancitum
3504 5562 3621 5618 est,
3652 5549 3665 5587 τ

2043 5663 2495 5737 quemadmodum
2527 5660 2903 5718 sanctissimus
2930 5656 3127 5713 Paulus
3161 5653 3237 5707 ait
3259 5651 3326 5707 “.
3354 5646 3623 5704 Scribitur
