4134 6490
555 370 661 428 9i!)

1554 382 1612 437 S.
1655 382 1925 443 CYRILLI
1965 389 2435 446 ALEXANDRINI
2477 396 2797 455 ARCHIEP.

3723 410 3842 465 220

556 504 719 556 porro
765 489 855 546 hic
899 491 1034 547 liber
1083 493 1223 564 stylo
1270 495 1523 551 hominis.
1560 498 1703 565 Quid
1755 503 1866 557 ita?
1911 505 2136 571 Quando

2249 510 2501 582 δευτέρας
2528 513 2812 587 διαθήκης,
2844 518 2966 588 ἥτις
3002 519 3095 573 ἐπὶ
3130 523 3438 592 κρείττοσιν
3470 528 3840 595 ἐπαγγελίαις

552 581 903 635 cnim'animi
939 582 1111 637 oculis
1149 598 1514 643 sacrosanctae
1560 601 1612 643 ct
1653 594 2138 650 consubstantialis

554 669 839 726 Trinitatis
871 675 1185 743 mysterium
1222 682 1688 751 pervestigamus,
1718 685 1840 740 dein
1878 687 2000 742 aliis
2034 688 2137 741 ali-

554 762 767 829 quando
807 778 1061 819 arcanum
1105 778 1280 821 ortum
1328 771 1573 840 unigenze
1615 775 1737 830 Filii
1782 777 1874 832 Dei
1924 781 2139 835 tradere

554 854 887 909 instituimus
935 874 948 911 :
993 866 1121 914 tunc
1164 874 1329 926 sane,
1369 872 1494 918 tunc
1535 881 1669 933 opus
1711 870 1863 925 nobis
1908 881 1990 926 est
2031 889 2137 928 non

554 945 788 1007 humano
822 948 993 1018 stylo,
1023 959 1079 1004 et
1112 952 1268 1008 nobis
1303 954 1580 1011 familiari.
1618 959 1747 1026 Quae
1780 963 1922 1016 enim
1962 967 2139 1019 oratio

552 1034 685 1089 satis
717 1036 849 1102 erit,
884 1045 943 1091 ut
969 1040 1111 1108 quod
1143 1057 1306 1110 supra
1343 1055 1574 1100 mentem
1604 1057 1658 1102 et
1685 1051 1987 1107 orationem
2018 1067 2137 1121 est,

552 1124 809 1193 expedire
865 1130 1091 1196 posset?
1145 1129 1243 1185 His
1302 1134 1439 1189 adeo
1470 1138 1760 1194 subtilibus
1813 1155 2141 1213 omnemque

554 1225 797 1271 mentem
830 1232 894 1273 ac
931 1221 1315 1291 cogitationem
1352 1231 1732 1295 superantibus
1774 1235 2140 1288 euarrationi-

552 1306 654 1360 bus
698 1305 787 1361 ille
833 1309 1006 1363 solum
1049 1312 1291 1369 calamus
1332 1316 1641 1385 suffecerit,
1673 1321 1740 1376 de
1773 1338 1881 1391 quo
1918 1325 2057 1380 Deus
2090 1336 2142 1381 et

554 1395 718 1452 Pater
746 1414 878 1454 voce
909 1401 1161 1458 Davidica
1199 1407 1438 1476 loquitur
1469 1428 1483 1463 :
1527 1431 1545 1462 ι
1587 1412 1792 1484 Lingua
1832 1432 1946 1472 mea
1988 1419 2140 1473 cala-

556 1506 678 1544 mus
727 1490 947 1554 scribaz.
975 1494 1224 1550 celeriter
1270 1499 1561 1557 scribentis
1592 1502 1657 1557 ⁸⁸.
1706 1524 1725 1556 ι
1782 1505 1949 1562 Nemo
1994 1510 2138 1564 enim

557 1584 709 1638 novit
740 1585 933 1640 Filium
971 1585 1072 1639 nisi
1108 1585 1299 1653 Pater,
1329 1590 1423 1644 sed
1458 1607 1561 1647 nec
1594 1592 1811 1648 Patrem
1847 1598 2137 1669 quisquam

556 1676 801 1746 agnoscit
823 1675 915 1745 qui
946 1676 1040 1739 sit,
1070 1678 1172 1732 nisi
1203 1678 1393 1745 Filius,
1417 1689 1471 1736 et
1494 1683 1579 1738 cui
1613 1687 1754 1741 volet
1780 1687 1953 1746 Filius
1985 1707 2141 1748 reve-

555 1765 690 1822 lare.
720 1766 792 1819 At
824 1766 1044 1835 quando
1077 1767 1146 1823 de
1181 1770 1521 1828 humanitate
1555 1775 1672 1844 ejus
1700 1780 1861 1834 verba
1890 1780 2138 1851 facimus,

557 1867 689 1915 tunc
747 1859 987 1915 humano
1035 1861 1173 1933 stylo
1222 1878 1358 1932 opus
1402 1874 1520 1934 est,
1579 1868 1725 1936 quod
1779 1878 1835 1925 et
1880 1873 2009 1927 fecit
2051 1890 2141 1929 sa-
2172 1864 2214 1919 Β

554 1951 709 2022 piens
732 1951 1006 2022 Joannes,
1046 1956 1271 2013 dicens:
1305 1975 1323 2009 ι
1359 1957 1591 2014 Verbum
1638 1977 1766 2017 caro
1803 1964 2007 2020 factum
2035 1977 2138 2034 est,

554 2055 611 2098 et
637 2042 899 2100 habitavit
924 2046 977 2100 in
1005 2046 1161 2103 nobis
1178 2048 1247 2103 “.
1280 2067 1297 2101 ι
1324 2048 1435 2104 Nec
1462 2066 1591 2107 vero
1614 2052 1829 2109 diliicile
1850 2066 1956 2121 est,
1978 2061 2140 2114 etiam

555 2144 784 2191 mortem
811 2138 929 2207 ejus
956 2140 1252 2194 secundum
1282 2156 1522 2208 carnem,
1542 2155 1596 2199 et
1617 2161 1679 2201 ex
1709 2151 1937 2205 mortuis
1962 2167 2143 2207 resur-

556 2227 850 2282 rectionem
889 2229 1090 2284 nostris
1122 2231 1303 2287 verbis
1337 2236 1666 2292 annuntiare
1702 2256 1716 2291 :
1755 2249 1808 2292 et
1839 2242 1992 2309 quasi
2029 2244 2143 2312 pri-

558 2317 741 2370 mitias
768 2317 1017 2374 humana:
1045 2329 1254 2374 natura:
1281 2321 1350 2376 ad
1379 2323 1843 2395 incorruptionem
1872 2344 2144 2387 renovatae

558 2406 626 2462 ad
667 2407 884 2464 Patrem
934 2413 1356 2479 ascendisse,et
1403 2415 1455 2470 in
1505 2417 1658 2474 caelis
1707 2423 2048 2492 consedisse,
2082 2441 2146 2480 ac

559 2502 853 2559 constituto
880 2512 1121 2574 tempore
1145 2515 1454 2574 venturum,
1471 2508 1820 2583 judicemque
1840 2530 2142 2573 sessurum.

560 2590 795 2649 Proinde
843 2595 1076 2652 hominis
1119 2613 1296 2667 penna
1338 2600 1404 2654 de
1458 2601 1799 2660 humanitate
1845 2606 2143 2678 Unigeuiti,

562 2682 809 2741 homines
858 2687 1051 2756 spiritu
1097 2687 1260 2744 amati
1319 2694 1684 2750 conscribunt.
1738 2697 1909 2753 Porro
1964 2711 2145 2757 autem

561 2776 837 2846 praecipit,
861 2778 1111 2848 inquiens
1142 2800 1155 2835 :
1182 2780 1373 2839 Testes
1408 2787 1541 2841 mihi
1576 2788 1773 2846 adhibe
1806 2791 1942 2848 ﬁdos
1972 2793 2149 2849 homi-

562 2881 685 2936 nes,
727 2869 910 2926 Uriatn
948 2882 1002 2927 et
1038 2873 1359 2932 Zachariam
1402 2878 1571 2934 tilium
1618 2882 1920 2940 Barachiw.
1957 2885 2148 2941 Scien-

562 2960 687 3014 dum
724 2976 830 3032 quo
868 2973 1108 3035 tempore
1142 2968 1209 3025 de
1240 2969 1388 3024 hisce
1424 2971 1587 3028 rebus
1623 2989 1803 3030 sermo
1843 2992 1871 3029 a
1917 2976 2033 3033 Deo
2081 2981 2150 3034 ad

563 3053 780 3109 beatum
808 3054 1004 3112 Isaiam
1032 3058 1249 3117 habitus
1271 3074 1378 3127 est,
1400 3061 1585 3119 Uriam
1614 3068 1932 3138 prophetam
1963 3069 2147 3135 fuisse,

2241 603 2750 673 παραλαμϐάνεται,
2785 607 2930 660 καθά
2976 627 3139 680 φησιν
3171 613 3199 664 6
3248 614 3540 684 ἱερώτατος
3590 618 3835 681 Παῦλος.

2240 692 2514 762 Γράφεται
2544 695 2599 747 δὲ
2632 698 2660 749 6
2692 696 2856 768 τόμος
2898 701 3121 769 γραφίδι
3170 702 3480 775 ἀνθρώπου.
3531 708 3630 761 Διὰ
3668 711 3816 762 ποία·

2240 784 2451 851 αἱτίαν;
2482 786 2612 840 Ὅτε
2667 789 2765 857 μὲν
2808 794 2920 854 τοῖς
2968 794 3066 863 τῆς
3112 793 3351 859 διανοίας
3388 797 3599 867 ὄμμασι
3635 800 3696 852 τὸ
3730 804 3835 867 τὴς

2242 873 2405 942 ἁγίας
2427 877 2521 929 καὶ
2552 879 2838 946 όμοουσίου
2874 882 3109 951 Τριάδος
3144 887 3691 959 πολυπραγμονῶμεν
3724 910 3837 961 μυο

2244 968 2488 1038 στήριον,
2525 965 2642 1023 εἶτα
2696 972 2876 1039 λέγειν
2927 975 3134 1045 ἑτέροις
3180 978 3545 1050 ἐπιχειρῶμεν
3576 982 3690 1034 ἐσθ’
3740 985 3833 1037 ὅτι

2239 1056 2337 1128 τὴν
2384 1059 2694 1131 ἀπόρρητον
2746 1063 2995 1135 γέννησιν
3050 1066 3146 1119 τοῦ
3200 1070 3520 1137 μονογενοῦς
3570 1070 3699 1124 Υἱοῦ
3732 1071 3833 1125 τοῦ

2241 1148 2376 1201 Θεοῦ
2398 1166 2411 1179 ⁸
2446 1149 2566 1202 τότε
2595 1150 2679 1222 δὴ,
2713 1152 2830 1204 τότε
2860 1154 3015 1223 χρεία
3046 1157 3308 1226 γραφίδος
3338 1159 3469 1229 ἡμῖν
3497 1160 3595 1212 οὐκ
3622 1161 3835 1229 ἀνθρω-

2243 1239 2405 1310 πίνης
2431 1241 2524 1294 καὶ
2557 1242 2679 1295 καθ’
2714 1246 2879 1314 ἡμᾶς.
2908 1248 3067 1309 Ποῖος
3092 1247 3200 1319 γὰρ
3232 1250 3297 1303 ἂν
3330 1251 3553 1321 ἀρκέσει
3577 1252 3648 1324 [ε]
3671 1254 3833 1323 λόγος

2242 1331 2323 1394 εἷς
2374 1349 2438 1401 γε
2486 1333 2547 1386 τὸ
2593 1334 2854 1389 δύνασθαι
2900 1337 3222 1410 διατρανοῦν
3277 1342 3337 1394 τὸ
3393 1344 3532 1414 ὑπὲρ
3577 1345 3700 1398 νοῦν
3734 1349 3835 1399 καὶ

2240 1425 2434 1493 λόγονς
2480 1427 2716 1499 Ἀπόχρη
2763 1428 2819 1482 δὲ
2861 1430 3020 1500 μόνος
3059 1435 3171 1496 τοῖς
3215 1432 3388 1498 οὕτως
3451 1437 3688 1507 ἰσχυροῖς
3735 1439 3835 1490 καὶ

2243 1514 2384 1586 ὑπὲρ
2443 1516 2618 1570 πάντα
2669 1517 2793 1571 νοῦν
2844 1520 3176 1591 διηγήμασιν
3226 1525 3432 1589 ἐκεῖνος
3476 1528 3506 1579 ὁ
3560 1527 3832 1597 κάλαμοςν

2244 1609 2372 1676 περὶ
2401 1604 2462 1663 οῦ
2494 1627 2658 1679 φησιν
2691 1614 2719 1665 6
2745 1613 2876 1678 Θεὸς
2906 1617 2999 1668 καὶ
3050 1617 3240 1687 Πατὴρ
3269 1618 3358 1670 διὰ
3386 1620 3572 1688 φωνῆς
3601 1618 3695 1673 τοῦ
3724 1622 3833 1672 Δα-

2245 1700 2367 1754 6ίδ’
2407 1720 2425 1753 ι
2478 1704 2543 1755 Ἠ
2577 1705 2799 1772 γλῶσσά
2847 1724 2950 1777 μου
3001 1709 3245 1779 κάλαμος
3293 1711 3671 1781 ’γραμματέως
3702 1713 3830 1777 ὀξυ-

2244 1793 2480 1864 γράφου.
2514 1814 2532 1847 ι
2564 1793 2717 1849 Οἶδεν
2740 1798 2848 1869 γὰρ
2868 1799 3039 1863 οὐδεὶς
3069 1800 3160 1853 τὸν
3189 1801 3335 1865 Υίδν,
3371 1806 3417 1855 εἰ
3448 1803 3521 1873 μὴ
3552 1804 3580 1856 6
3604 1806 3796 1876 Πατήρ
3816 1821 3830 1833 ⁸

2242 1884 2356 1937 ἀλλ’
2393 1884 2513 1938 οὐδὲ
2546 1887 2637 1940 τὸν
2686 1888 2905 1958 Πατέρα
2947 1890 3124 1953 οὐδεὶς
3158 1891 3511 1959 ἐπιγινώσκει
3543 1894 3628 1955 τίς
3662 1897 3837 1958 ἐστιν,

2243 1973 2291 2025 εί
2315 1971 2389 2043 μὴ
2414 1975 2442 2026 6
2471 1974 2617 2041 Υἱὸς,
2643 1975 2734 2029 καὶ
2761 1970 2803 2043 ᾧ
2835 1977 2930 2029 ἐὰν
2963 1977 3219 2048 βούληται
3246 1983 3274 2033 6
3307 1981 3433 2045 Υἱὸς
3458 1982 3831 2053 ἀποκαλύψαι.

2248 2065 2417 2118 Ὅταν
2442 2065 2499 2118 δὲ
2521 2065 2648 2130 τοὺς
2678 2067 2807 2139 περ)⁸
2832 2070 2934 2139 τῆς
2964 2072 3284 2143 ἐνανθρωπὴ
3295 2090 3430 2136 σεως
3452 2073 3616 2126 αὐτοῦ
3650 2075 3836 2127 ποιού-

2249 2156 2386 2226 μεθα
2412 2157 2623 2225 λόγους,
2655 2159 2776 2212 τότε
2806 2160 2891 2231 δὴ,
2925 2161 3045 2215 τότε
3076 2164 3234 2233 χρεία
3263 2165 3522 2235 γραφίδος
3552 2166 3838 2235 ἀνθρωπί-

2244 2264 2374 2318 νης’
2408 2248 2436 2301 6
2468 2250 2531 2320 δὴ
2562 2252 2657 2304 καὶ
2704 2251 2985 2323 πέπραχεν
3030 2256 3057 2306 6
3108 2256 3269 2324 σοφὸς
3316 2258 3567 2328 Ἰωάννης
3615 2258 3787 2325 λέγων
3814 2278 3828 2290 ·

2253 2355 2271 2386 ι
2323 2337 2381 2390 '0
2413 2339 2585 2406 Λόγος
2612 2340 2748 2411 σὰρξ
2775 2343 3011 2408 ἐγένετο,
3059 2346 3153 2396 καὶ
3186 2344 3494 2416 ἐσκήνωσεν
3523 2349 3579 2399 ὲν
3608 2349 3763 2417 ἡμῖν.
3809 2368 3827 2400 ι

2246 2431 2495 2485 Χαλεπὸν
2521 2434 2577 2486 δὲ
2607 2434 2744 2498 ὅλως
2778 2434 2949 2499 οὐδὲν,
2988 2437 3084 2489 καῖ
3114 2437 3205 2490 τὸν
3235 2439 3375 2491 κατά
3400 2439 3580 2511 σάρκα
3599 2440 3835 2495 θάνατον

2247 2521 2433 2588 αὐτοῦ,
2462 2526 2557 2577 καὶ
2586 2524 2683 2596 τὴν
2713 2526 2778 2579 ὲκ
2811 2526 3021 2598 νεκρῶν
3055 2528 3353 2585 ἀνάστασιν
3377 2536 3498 2595 ταῖς
3533 2533 3655 2585 καθ’
3686 2536 3838 2604 ἡμᾶς

2247 2612 2601 2682 ἀναγγέλλειν
2651 2618 2876 2683 φωναῖς,
2934 2616 3026 2670 καὶ
3072 2618 3155 2671 ὅτι
3191 2621 3518 2691 πρωτόλειον
3547 2622 3736 2694 ὥσπερ
3785 2642 3839 2677 τι

2249 2703 2343 2755 καὶ
2395 2704 2616 2776 ἀπαρχὴ
2672 2708 2770 2776 τῆς
2824 2705 3113 2776 ἀνθρώπου
3174 2709 3389 2779 φύσεως
3434 2712 3840 2784 ἀνανεουμένης

2250 2796 2330 2856 είς
2360 2794 2688 2866 ἀφθαρσίαν,
2725 2797 2891 2871 ἀνέϐη
2922 2800 3059 2870 πρὸς
3085 2799 3178 2853 τὸν
3210 2801 3448 2872 Πατέρα,
3485 2802 3579 2856 καὶ
3616 2803 3839 2857 κεκάθι-

2250 2901 2345 2937 κεν
2390 2887 2447 2939 ὲν
2492 2890 2604 2949 τοῖς
2650 2888 2918 2960 οὐρανοῖς.
2959 2891 3117 2955 Ἥξει
3150 2908 3209 2944 τε
3254 2892 3395 2945 κατὰ
3446 2893 3693 2965 καιροὺς,
3743 2894 3843 2948 καὶ

2251 2977 2519 3032 καθιεῖται
2556 2982 2769 3052 κριτής.
2804 2982 3011 3036 Οὐκοῦν
3049 2982 3337 3054 ἀνθρώπου
3365 2983 3584 3053 γραφίδι
3614 2984 3684 3035 τὰ
3712 2983 3841 3054 περὶ

2251 3068 2351 3139 τῆς
2394 3070 2861 3144 ὲνανθρωπήσεως
2898 3073 2992 3127 τοῦ
3046 3074 3387 3143 Μονογενοῦς
3436 3076 3742 3145 γράφουσιν
3793 3078 3845 3128 οἱ

565 3145 884 3203 Zachariam
919 3152 1255 3208 sacerdotem
1288 3164 1342 3209 et
1372 3155 1507 3227 legis
1540 3158 1841 3215 ductorem.
1871 3161 2150 3217 Adhiben-

2253 3165 2756 3236 πνευματογράφοι.
2785 3167 3215 3237 Προσεπιτάττει
3240 3168 3297 3221 δὲ
3318 3168 3491 3237 λέγων
3513 3184 3527 3198 ·
3572 3187 3591 3219 ι
3611 3168 3841 3237 Μάρτυ-

566 3249 654 3295 tur
685 3255 815 3312 ergo
844 3244 914 3298 ad
950 3244 1091 3299 hanc
1124 3245 1190 3300 de
1223 3246 1438 3305 Christo
1472 3251 1912 3308 testiﬁcationem
1946 3265 2147 3326 mysta-

565 3332 750 3402 gogia,
797 3351 917 3405 quae
963 3337 1078 3407 lege
1122 3350 1335 3394 constat
1382 3344 1697 3415 sanctisque
1741 3346 2051 3416 prophetis,
2097 3358 2151 3403 et

566 3425 839 3495 cognitio,
870 3428 983 3483 sive
1016 3431 1316 3500 praedictio.
1346 3432 1497 3489 Finis
1531 3442 1731 3506 quippe
1766 3439 1900 3508 legis
1932 3455 1995 3494 ac
2025 3455 2152 3510 pro-

568 3517 851 3587 phetarum
878 3521 1146 3582 Christus.
1168 3524 1298 3582 'l‘ale
1322 3527 1577 3598 quiddam
1607 3541 1960 3587 monstratum
1988 3534 2153 3591 fuisse

567 3610 772 3664 sanctis
795 3613 1050 3681 apostolis
1077 3622 1318 3686 tempore
1347 3620 1838 3690 transﬁguratiouis
1864 3625 2063 3680 Christi
2096 3626 2151 3682 in

570 3712 755 3759 monte
768 3707 1082 3764 asserimus.
1111 3709 1383 3783 Scriptum
1404 3723 1486 3769 est
1508 3717 1651 3770 enim
1676 3719 1821 3785 quod
1846 3738 1864 3769 ι
1892 3719 2017 3774 Post
2039 3722 2154 3776 dies

569 3809 667 3850 sex
701 3800 994 3868 assumpsit
1024 3800 1182 3857 Jesus
1216 3802 1466 3872 Petrum,
1494 3818 1548 3862 et
1576 3808 1867 3875 Jacobum,
1903 3812 2061 3884 133
2099 3823 2154 3869 et

570 3885 831 3944 Joannem
879 3890 1101 3949 fratrem
1154 3894 1303 3965 ejus,
1344 3909 1400 3953 et
1447 3899 1597 3954 ducit
1644 3901 1767 3956 illos
1813 3902 1866 3957 in
1915 3914 2152 3960 montem

574 3981 728 4038 valde
780 3984 1056 4040 excelsum
1113 4003 1361 4044 seorsum
1420 4010 1433 4045 :
1493 4001 1547 4046 et
1605 3996 2024 4064 transﬁguratus
2069 4008 2157 4053 est

576 4086 760 4127 coram
795 4075 947 4144 ipsis.
980 4076 1045 4131 Et
1072 4081 1405 4150 resplenduit
1433 4083 1613 4139 vultus
1645 4084 1763 4153 ejus
1794 4088 1935 4142 sicut
1965 4088 2077 4154 sol,
2102 4100 2159 4145 et

574 4174 753 4221 vestes
791 4166 907 4233 ejus
952 4166 1107 4225 facta:
1147 4181 1274 4225 sunt
1314 4175 1559 4229 candidae
1602 4177 1747 4231 sicut
1788 4177 1901 4234 lux.
1932 4178 1992 4232 Et
2031 4196 2158 4236 ecce

575 4268 943 4322 apparuerunt
978 4257 1081 4312 illis
1115 4258 1291 4315 Moses
1323 4272 1376 4316 et
1412 4264 1582 4326 Elias,
1622 4266 1991 4335 colloquentes
2036 4286 2157 4325 cum

578 4345 696 4414 ipso
718 4347 817 4402 ⁸⁶⁴.
859 4367 877 4400 ›
906 4348 1145 4407 Observa
1177 4354 1358 4423 itaque
1387 4358 1657 4424 quomodo
1687 4359 1859 4413 Moses
1888 4371 1944 4416 et
1975 4361 2117 4417 Elias
2141 4405 2156 4429 ,

579 4435 632 4489 id
679 4448 790 4505 est,
823 4441 1185 4496 sacerdotium
1233 4459 1297 4499 ac
1344 4445 1425 4499 lex
1469 4450 1718 4517 (utraque
1763 4451 1906 4505 enim
1938 4451 2154 4525 Moses),

2255 3257 2356 3328 ράς
2384 3275 2469 3328 μοι
2498 3257 2724 3330 ποίησον
2750 3261 2976 3324 πιστοὺς
2994 3260 3336 3333 ἀνθρώπους,
3369 3261 3460 3314 τὸν
3494 3261 3718 3330 Οὐρίαν,
3747 3260 3843 3313 καὶ

2249 3348 2342 3401 τὸν
2380 3350 2657 3421 Ζαχαρίαν
2687 3351 2800 3403 υἱὸν
2831 3352 3123 3423 Βαραχίου.
3158 3374 3175 3405 ι
3226 3355 3420 3407 ’ἰστέον
3475 3354 3531 3407 δὲ
3587 3354 3671 3407 ὅτι
3724 3352 3851 3405 κατ’

2252 3442 2435 3495 έκεῖνο
2479 3442 2575 3495 τοῦ
2631 3444 2851 3515 καιροῦ,
2907 3446 3029 3498 καθ’
3066 3445 3125 3497 ὃν
3176 3448 3204 3498 6
3256 3446 3385 3517 περὶ
3434 3447 3639 3499 τούτων
3685 3445 3842 3512 λόγος

2253 3534 2403 3602 παρὰ
2462 3534 2598 3588 Θεοῦ
2634 3535 2823 3604 γέγονε
2852 3538 2989 3607 πρὸς
3014 3539 3107 3591 τὸν
3136 3538 3407 3609 μακάριον
3449 3538 3702 3600 Ἡσαΐαν,
3734 3538 3843 3590 Οὑ-

2255 3628 2377 3700 ρίας
2408 3629 2504 3699 μὲν
2541 3624 2609 3698 ἦν
2658 3647 2742 3693 τις
2782 3632 3101 3701 προφήτης,
3144 3632 3418 3703 Ζαχαρίας
3455 3631 3632 3700 γεμὴν
3666 3630 3845 3700 ἱερεὺς

2253 3721 2348 3773 καὶ
2396 3720 2868 3790 νομοδιδάσκαλος.
2936 3723 3463 3794 Παραλαμϐἀνονται
3528 3723 3712 3776 τοίνυν
3768 3723 3853 3784 είς

2257 3812 2565 3883 μαρτυρίαν
2596 3811 2693 3882 τὴν
2722 3814 2816 3864 ἐπὶ
2843 3814 3084 3884 Χριστῷ,
3104 3816 3139 3886 ἦ
3168 3833 3227 3868 τε
3264 3815 3351 3868 διὰ
3391 3815 3555 3885 νόμου
3591 3815 3689 3868 καὶ
3719 3831 3848 3885 προ-

2255 3902 2442 3973 φητῶν
2477 3904 2646 3971 ἁγίων
2677 3906 3035 3975 μυσταγωγία
3072 3907 3166 3959 καὶ
3214 3907 3451 3972 σύνεσις,
3497 3907 3667 3976 ἤγουν
3714 3923 3846 3976 προ-

2256 3997 2562 4069 αγόρευσις.
2597 3997 2761 4061 Τέλος
2784 3998 2894 4070 γάρ
2921 3999 3086 4070 νόμου
3108 4000 3205 4053 καὶ
3223 3999 3515 4071 προφητῶν
3543 4000 3571 4051 6
3590 3999 3841 4069 Χριστός.

2257 4088 2512 4143 Τοιοῦτόν
2539 4106 2593 4142 τι
2619 4090 2888 4160 δεδεῖχθαί
2923 4109 3102 4161 φαμεν
3145 4093 3258 4155 τοῖς
3306 4092 3481 4159 ἁγίοις
3527 4090 3845 4152 ἀποστόλοις

2261 4183 2318 4234 ἐν
2348 4181 2525 4253 καιρῷ
2569 4182 2669 4252 τῆς
2708 4186 2767 4237 ἐν
2811 4182 2888 4254 τῷ
2917 4183 3031 4255 ὄρει
3071 4182 3546 4255 μεταμορφώσεως
3594 4182 3688 4236 τοῦ
3720 4184 3850 4252 Χρι-

2262 4276 2409 4329 στοῦ.
2429 4275 2740 4347 Γέγραπται
2761 4276 2890 4346 γὰρ,
2914 4275 2994 4329 ὅτι
3017 4294 3036 4327 ι
3068 4276 3202 4329 Μεθ’
3224 4276 3435 4347 ἡμέρας
3462 4275 3519 4342 ἓξ
3544 4275 3851 4345 παρέλαϐεν

2259 4369 2288 4420 6
2326 4366 2531 4438 Ἰησοῦς
2582 4368 2675 4422 τὸν
2717 4369 2948 4439 Πέτρον,
2995 4370 3088 4422 καὶ
3139 4370 3230 4423 τὸν
3295 4368 3572 4433 Ἰάκωϐον,
3624 4370 3721 4423 καὶ⁹
3762 4367 3851 4421 τὸν

2276 4460 2528 4531 Ἰωάννην
2563 4461 2653 4513 τὸν
2682 4460 2912 4531 ἀδελφόν
2963 4463 3154 4528 αὐτοῦ,
3205 4464 3298 4515 καὶ
3352 4463 3613 4532 ἀναφέρει
3654 4462 3851 4523 αὐτοὺς

578 4528 709 4597 quin
735 4539 788 4584 et
813 4531 956 4588 Elias
979 4548 1284 4606 assumptus
1310 4554 1438 4593 an.e
1464 4540 1655 4595 faciem
1686 4553 1999 4598 sanctorum
2033 4562 2150 4616 pro-

2264 4551 2343 4614 εἱς
2372 4528 2496 4621 ὅρος
2526 4551 2729 4621 ὑψηλὸν
2780 4528 2898 4605 κατ’
2949 4552 3121 4605 ἰδίανο
3165 4553 3259 4605 καὶ
3304 4528 3707 4622 μετεμορφώθη
3753 4550 3853 4620 εμ-

579 4622 896 4691 phetarum,
954 4626 1059 4696 ipsi
1103 4629 1244 4683 inter
1284 4646 1344 4685 se
1385 4631 1834 4702 colloquebautur
1873 4640 1938 4693 de
1977 4642 2150 4705 exitu,

2259 4640 2493 4712 προσ-θεν
2523 4640 2723 4696 αὐτῶν.
2762 4642 2873 4694 Καὶ
2899 4641 3109 4712 ἔλαμψε
3140 4644 3202 4696 τὸ
3244 4643 3536 4714 πρόσωπον
3572 4641 3736 4695 αὑτοῦ
3776 4642 3853 4703 ώς

579 4734 738 4785 quem
768 4731 910 4775 esset
943 4723 993 4775 in
1019 4722 1319 4780 Jerusalem
1358 4727 1694 4797 impleturus.
1723 4730 1908 4796 Qualis
1945 4733 2150 4785 tandem

2259 4732 2287 4783 6
2332 4729 2504 4799 ἣλιος,
2557 4730 2658 4814 κα)ὂ
2702 4730 2770 4783 τὰ
2823 4732 3014 4801 ἱμάτια
3068 4732 3234 4785 αὑτοῦ
3275 4732 3444 4784 λευκὰ
3487 4731 3562 4793 ὡς
3605 4730 3667 4782 τὸ
3714 4729 3851 4799 φῶς.

581 4812 798 4867 exitus?
840 4814 1266 4883 Dispensatiunis
1302 4819 1555 4873 nimirum
1599 4823 1747 4884 linis,
1782 4839 1948 4885 crux,
1980 4839 2150 4889 mors,

2260 4822 2371 4874 Kal.
2402 4820 2509 4874 ἰδοὺ
2539 4812 2801 4893 ὤφθησαν
2830 4824 3014 4886 αὐτοῖς
3050 4824 3255 4894 Μωσῆς
3299 4824 3393 4876 καὶ
3440 4822 3629 4884 Ἠλίας
3667 4822 3855 4874 συλλα-

581 4918 649 4958 ex
694 4904 923 4959 mortuis
968 4909 1327 4972 resurrectio,
1361 4909 1414 4963 iu
1464 4911 1630 4965 cmlos
1672 4914 1992 4981 assumptio.
2027 4912 2150 4967 Nam

2260 4917 2479 4980 λοῦντες
2510 4919 2626 4988 μετ’
2681 4919 2866 4976 αὐτοῦ.
2910 4939 2928 4971 ι
2967 4918 3161 4990 Ἀθρει
3193 4919 3256 4989 δὴ
3309 4914 3401 4972 οὖν
3451 4920 3598 4981 ὅπως
3647 4916 3855 4984 Μωσῆς

585 4995 701 5049 haec
734 4996 915 5049 omnia
952 4997 1320 5069 praefiguravit
1354 5017 1447 5071 per
1480 5003 1725 5057 umbram
1765 5002 1882 5066 lex,
1914 5004 2150 5071 pratdixil

2266 5011 2358 5062 καὶ
2399 5009 2603 5075 Ἠλίας,
2637 5009 2778 5063 τοῦτ’
2818 5010 2988 5075 ἔστιν,
3023 5011 3291 5082 ἱερωσύνη
3326 5011 3418 5064 καὶ
3451 5010 3615 5080 νόμος
3650 5008 3853 5076 (ἀμφό-

582 5089 746 5144 etiam
792 5089 1012 5146 illustris
1054 5102 1109 5148 et
1147 5109 1374 5164 magnus
1418 5104 1728 5150 sanctorqu
1775 5097 2150 5165 prophetarqu

2266 5118 2397 5171 τερα
2428 5100 2537 5173 γὰρ
2580 5103 2609 5154 6
2651 5101 2900 5171 Μωσῆς),
2933 5102 3027 5155 καὶ
3072 5103 3179 5174 μὴν
3208 5103 3303 5155 καὶ
3348 5101 3530 5162 Ἠλίας
3558 5100 3638 5162 εἰς

584 5178 802 5237 ετΙιοΐυεο
2267 5207 2415 5244 ωπον
2449 5190 2556 5243 τῶν
2589 5191 2757 5260 ἁγίων
2816 5192 3110 5263 προφητῶν
3150 5190 3558 5263 παραληφθεὶς,
3592 5186 3856 5259 προσελά-

585 5279 711 5332 λουν
763 5280 1035 5355 ἀλλήλοις,
1089 5284 1218 5355 περί
1249 5287 1347 5354 τῆς
1394 5283 1598 5351 ἐξόδου,
1651 5285 1836 5355 φησὶν,
1877 5278 1945 5354 ἧς
1997 5283 2188 5354 ἔμελλε
2228 5287 2471 5359 πληροῦν
2519 5292 2578 5343 ὲν
2621 5289 2999 5362 Ἰερουσαλήμ.
3041 5289 3177 5344 Ποία
3206 5289 3263 5342 δὲ
3307 5289 3518 5355 ἔξοδος;
3554 5287 3666 5356 Τῆς
3709 5286 3854 5336 οἱκο-

588 5374 779 5446 νομίας
803 5376 1045 5448 δηλονότι
1068 5376 1130 5430 τὸ
1168 5379 1364 5448 πέρας,
1403 5378 1431 5429 6
1464 5378 1713 5449 σταυρὸς,
1744 5379 1772 5429 6
1802 5378 2050 5442 θάνατος,
2102 5379 2196 5432 καὶ
2261 5382 2328 5433 ἐκ
2373 5382 2582 5454 νεκρῶν
2646 5382 2979 5449 ἀναϐίωσις,
3029 5384 3064 5453 ἡ
3128 5383 3209 5445 εἰς
3256 5381 3519 5452 οὐρανοὺς
3567 5376 3850 5445 ἀνάληψιςο

589 5470 773 5524 Ταῦτα
819 5471 929 5543 γὰρ
980 5472 1159 5525 πάντα
1207 5474 1579 5543 προανετύπου
1643 5473 1741 5542 μὲν
1802 5473 1888 5527 διὰ
1940 5475 2097 5536 σκιᾶς
2146 5476 2175 5526 6
2222 5476 2417 5545 νόμος,
2496 5478 2874 5551 προηγόρευσε
2922 5479 2980 5533 δὲ
3030 5478 3126 5532 καὶ
3168 5479 3196 5531 ὁ
3242 5475 3495 5547 λαμπρὸς
3541 5473 3637 5527 καὶ
3688 5471 3853 5543 μέγας

589 5566 699 5621 τῶν
726 5568 899 5637 ἁγίων
932 5568 1225 5640 προφητῶν
1253 5572 1281 5622 6
1310 5569 1487 5640 χορός.

668 5812 717 5849 δ’
737 5814 880 5873 Psal.
910 5834 1054 5887 κων,
1076 5820 1129 5873 :2.
1212 5821 1252 5852 ³⁵
1277 5819 1433 5876 Junu.
1461 5837 1496 5887 ι,
1534 5820 1580 5876 ι.
1658 5820 1700 5852 ⁸⁵
1724 5817 1948 5875 ‘Matth.
1978 5833 2107 5884 xvu,
2143 5816 2187 5881 Ι,
2214 5817 2267 5870 5.
