4134 6498
306 415 410 471 2i!

1444 412 1508 467 IN
1547 411 1778 467 ISAIAM
1817 410 1943 466 LIB.
1985 411 2026 465 1.
2068 410 2275 467 ORAT.
2322 414 2383 465 ν.

3440 412 3553 465 ερε

380 532 489 587 Καὶ
510 530 816 600 προσῆλθε
833 531 984 600 πρὸς
995 531 1108 600 τὴν
1122 531 1434 601 προφῆτιν,
1459 534 1555 587 καί
1571 534 1642 586 ἐν
1668 531 1876 602 γαστρὶ

2051 530 2213 586 Vsus.
2242 532 2295 585 5.
2329 528 2396 582 Ει
2428 528 2640 582 accessit
2673 529 2745 581 ad
2771 528 3145 597 prophetissam
3180 542 3197 578 :
3230 535 3279 578 et
3311 525 3365 577 in
3403 536 3553 578 utero

311 622 510 685 ἔλαϐε,
552 624 648 677 καὶ
692 624 895 677 ἔτεκεν
928 622 1135 692 ἄρσεν.

386 716 507 768 ’Ὁτι
538 715 612 785 μὴ
641 714 699 781 ἐξ
740 715 969 785 αἵματος
1003 717 1095 769 καὶ
1140 716 1359 787 σαρκὸς,
1398 718 1533 787 μήτε
1566 716 1669 787 μὴν
1698 717 1762 770 ὲκ
1789 717 1878 771 θε-

309 806 553 877 λήματος
598 804 805 877 ἀνδρὸς,
840 806 872 876 ἡ
913 806 1053 859 κατὰ
1083 808 1261 878 σάρκα
1292 808 1525 879 Χριστοῦ
1571 809 1879 879 πέπρακται

310 899 583 969 γέννησις,
638 900 1013 971 καινοπρεπὴς
1061 900 1118 953 δέ
1166 917 1248 963 τις
1288 895 1355 970 ἦν
1406 899 1498 953 καὶ⁸
1545 900 1737 970 ἀήθης,
1786 901 1881 952 καὶ

311 992 423 1044 τῶν
453 991 552 1061 τῆς
596 990 945 1063 ἀνθρωπίνης
990 992 1205 1060 φύσεως
1245 993 1503 1045 ἐπέκεινα
1549 993 1748 1061 νόμων,
1773 993 1881 1044 άπ-

310 1083 551 1151 εκάλυψε
602 1082 679 1153 τῷ
733 1085 987 1155 προφήτῃ
1040 1082 1190 1146 Θεὸς.
1246 1084 1417 1147 Αὐτὸς
1463 1083 1572 1154 γάρ
1635 1100 1796 1152 φησιν
1854 1083 1882 1135 6

311 1175 521 1242 λέγων’
572 1193 591 1225 ι
642 1174 785 1228 Λάϐε
848 1174 1057 1245 σεαυτῷ
1101 1175 1265 1244 τόμον
1320 1175 1506 1228 καινοῦ
1553 1175 1809 1245 μεγάλου.
1859 1193 1877 1225 ι

313 1266 595 1338 Προσῆλθε
631 1267 764 1337 πρὸς
802 1266 902 1337 τὴν
947 1266 1233 1337 προφῆτιν.
1274 1266 1461 1335 Ἀθρει
1488 1266 1551 1337 δὴ
1598 1262 1709 1332 οὖν,
1736 1268 1883 1329 ὅπως

312 1357 606 1429 ἀνθρώπου
644 1357 865 1426 γραφίδι
912 1357 973 1410 τὸ
1002 1356 1236 1428 Χριστοῦ
1269 1358 1562 1427 μυστήριον
1588 1357 1681 1410 καὶ
1707 1356 1885 1424 λόγοις

311 1451 585 1521 γράψεται
617 1453 725 1513 τοῖς
752 1450 1049 1520 καθ’ήμᾶς.
1068 1449 1141 1501 Τὸ
1168 1448 1275 1519 γάρ
1293 1466 1393 1514 τοι,
1419 1449 1742 1520 προσῆλθεν,
1766 1448 1885 1512 ἔθος

312 1544 380 1612 τῇ
434 1541 553 1613 θείᾳ
594 1541 772 1610 λέγειν
817 1541 1027 1612 Γραφῇ,
1063 1540 1183 1595 ἀντὶ
1216 1540 1334 1607 τοῦ,
1373 1540 1650 1613 συνῆλθεν,
1694 1540 1882 1611 ἤγουν,

314 1632 680 1705 κεκοινώνηκε
721 1634 991 1703 γαμικῶς.
1033 1631 1167 1704 Ὁρᾷ
1197 1632 1483 1704 τοιγαροῦν
1539 1633 1568 1685 6
1607 1634 1885 1704 προφήτης

315 1725 413 1777 καὶ
459 1724 675 1777 συνόδου
721 1724 901 1794 σχῆμα
929 1724 1147 1792 γεγονὸς
1176 1725 1310 1795 πρὸς
1349 1724 1449 1796 τὴν
1484 1724 1643 1792 ἁγίαν
1678 1724 1888 1795 Παρθέ-

314 1831 429 1879 νον,
460 1816 527 1887 ην
553 1811 691 1868 εἶναί
735 1833 866 1886 φησι
900 1817 993 1869 καὶ
1025 1816 1312 1886 προφῆτιν,
1356 1818 1587 1888 πρᾶγμα
1622 1815 1888 1869 διδάσκων

316 1905 548 1975 ἀληθές-⁸
589 1900 708 1957 εἶτα
749 1906 841 1957 καὶ
896 1904 1154 1974 σύλληψιν
1197 1904 1525 1974 γεγενῆσθαί
1572 1922 1757 1975 φησιν,
1799 1920 1887 1956 τε·

317 1996 512 2066 χθῆναι
556 1994 612 2047 δὲ
645 1995 739 2047 καὶ
780 1995 912 2048 υἱόν.
960 1995 1135 2059 Ὀξεῖα
1168 1995 1224 2049 δὲ
1275 1996 1477 2066 σφόδρα
1504 1996 1603 2066 τῆς
1645 1997 1889 2068 ὁράσεως

316 2089 352 2156 ὴ
406 2086 682 2151 ἀπόδοσις,
706 2086 883 2139 πάντα
928 2086 1007 2156 τῷ
1052 2088 1305 2160 προφήτῃ
1350 2087 1709 2157 παρατιθεῖσα
1752 2088 1890 2159 πρὸς

318 2178 541 2247 γνῶσιν.
585 2178 704 2231 Ὅτι
751 2178 857 2251 γὰρ
900 2177 961 2243 ἐξ
988 2180 1144 2247 ἁγίου
1181 2178 1497 2249 Πνεῦματος
1535 2180 1595 2232 τὸ
1626 2181 1890 2249 πανάγιον

317 2272 498 2323 ἐκεῖνο
539 2269 861 2339 διεπήγνυτο
901 2270 1060 2339 σῶμα
1104 2271 1166 2322 τὸ
1209 2271 1403 2324 ἐνωθὲν
1442 2270 1520 2341 τῷ
1563 2272 1739 2342 Λόγῳ,
1772 2271 1889 2336 πῶς

319 2360 390 2412 ἂν
411 2360 700 2413 ἐνδοιάσειέ
724 2377 806 2423 τις
828 2377 842 2423 ;
870 2360 1078 2414 Οὐκοῦν
1105 2362 1246 2432 ἡτοῦ
1276 2362 1588 2434 Πνεῦματος
1618 2364 1887 2436 ἐνέργεια,

320 2450 388 2503 δι’
417 2446 486 2523 ἧς
516 2451 577 2504 τὸ
605 2454 663 2505 ὲν
683 2454 749 2523 τῇ
780 2453 910 2523 ἁγία
938 2452 1196 2523 Παρθένῳ
1220 2454 1566 2508 διεπλάττετο
1596 2456 1774 2526 σῶμα,
1814 2455 1891 2527 τῷ

319 2542 424 2612 τῆς
448 2543 665 2596 συνόδου
694 2544 928 2614 σχήματι
972 2544 1217 2613 πλαγίως
1264 2547 1712 2617 κατεσημαίνετο.
1758 2549 1893 2601 Ἀπ-

320 2633 469 2703 αρχὴ
492 2634 599 2703 γὰρ
626 2633 816 2702 γέγονε
843 2635 936 2687 καὶ
981 2635 1121 2687 κατὰ
1159 2637 1314 2690 τοῦτο
1342 2638 1572 2708 Χριστὸς
1600 2636 1707 2691 τῶν
1731 2640 1891 2709 ἡγια-

320 2726 533 2793 σμένων
562 2726 619 2778 ὲν
669 2724 959 2795 πνεύματι,
994 2726 1043 2779 οἶ
1093 2727 1192 2780 οὐκ
1240 2726 1298 2794 ἐξ
1349 2728 1612 2798 αἱμάτων,
1662 2730 1783 2782 οὐδὲ
1828 2734 1892 2784 ὲκ

318 2815 624 2885 θελήματος
656 2816 879 2890 σαρκὸς,
921 2817 1039 2870 οὐδὲ
1085 2819 1149 2871 ὲκ
1194 2816 1494 2893 θελήματος
1530 2819 1740 2889 ἀνδρὸς,
1776 2820 1891 2874 ἀλλ’

318 2909 388 2959 ὲκ
414 2907 547 2959 Θεοῦ
577 2909 963 2979 ἐγεννήθησαν.
1000 2909 1258 2980 Γεννητὺς
1286 2906 1377 2963 οὖν
1408 2909 1725 2979 Πνεῦματος
1755 2913 1893 2966 κατά

314 3012 387 3063 γε
428 2996 526 3067 τὴν
561 2997 739 3068 σάρκα
778 2999 872 3051 καὶ
918 2997 1023 3068 πρὸ
1067 2998 1176 3050 τῶν
1222 2998 1397 3051 ἄλλων
1444 3000 1625 3064 αὐτὸς,
1662 3001 1747 3053 ἵνα
1797 3002 1890 3055 καὶ

316 3089 485 3161 ἡμεῖς
542 3089 609 3141 δι’
674 3089 836 3142 αὐτὸν
892 3092 951 3141 ὲν
1015 3090 1242 3153 τούτοις.
1303 3090 1777 3163 Ἑπισημήνασθαι
1834 3094 1892 3147 δὲ

1979 625 2233 691 concepit,
2256 630 2305 676 et
2332 621 2523 689 peperit
2549 618 2742 687 ﬁlium.

2052 714 2203 780 Quod
2236 728 2342 766 non
2368 727 2433 764 ex
2461 712 2719 779 sanguine
2749 720 2803 764 et
2832 724 3025 776 carne,
3057 724 3231 779 neque
3258 725 3326 763 ex
3356 708 3548 762 volun-

1983 814 2091 859 tate
2116 804 2235 866 viri,
2260 802 2461 857 Christi
2492 802 2743 856 nativitas
2767 802 3056 856 secundum
3086 815 3301 855 carnem
3328 810 3549 869 peracta

1980 897 2162 960 fuerit,
2187 895 2282 950 sed
2308 906 2361 949 et
2386 894 2620 958 insolita,
2643 902 2697 948 et
2722 893 2857 945 ultra
2889 891 3033 961 leges
3063 891 3312 944 humana:
3344 901 3554 943 natura:

1982 989 2282 1051 exsﬁterit,
2315 987 2454 1041 Deus
2502 987 2773 1055 prophette
2828 982 3101 1035 revelavit.
3138 981 3347 1034 Etenim
3403 982 3547 1050 ipse,

1984 1080 2189 1148 inquit,
2236 1078 2327 1149 qui
2382 1077 2514 1131 dicit
2574 1094 2589 1129 :
2654 1092 2673 1126 ι
2738 1073 2884 1141 Cape
2945 1072 3041 1125 tibi
3099 1071 3291 1124 librum
3350 1086 3547 1124 novum

1985 1186 2273 1242 magnum,
2326 1190 2345 1223 ι
2398 1169 2627 1223 accessit
2683 1168 2746 1219 ad
2799 1165 3212 1235 prophetissam.
3257 1163 3548 1217 Considera

1983 1278 2113 1318 vero
2143 1275 2249 1331 quo
2278 1269 2433 1329 pacto
2454 1258 2689 1313 hominis
2717 1256 2966 1326 penicillo
2999 1254 3196 1309 Christi
3235 1254 3552 1327 mysterium

1986 1353 2290 1421 nostrisque
2324 1351 2501 1405 verbis
2533 1350 2823 1403 scribatur.
2861 1346 2997 1401 Illud
3030 1358 3241 1410 autem,
3276 1345 3553 1407 Accessit,

1984 1464 2084 1519 pro
2114 1448 2275 1510 Coiit,
2300 1446 2383 1500 vel
2406 1443 2667 1513 coniugali
2704 1443 2805 1497 ritu
2841 1439 3281 1503 communicavit,
3308 1453 3371 1493 ex
3406 1453 3556 1491 more

1986 1556 2084 1596 suo
2130 1540 2261 1593 dicit
2305 1538 2487 1592 divina
2549 1536 2849 1605 Scriptura.
2901 1532 3059 1587 Videt
3105 1547 3237 1602 ergo
3289 1531 3557 1599 propheta

1985 1632 2146 1687 etiam
2178 1644 2498 1699 congressus
2525 1628 2750 1681 fortnam
2775 1640 2898 1679 cum
2922 1636 3107 1677 sancta
3134 1622 3372 1691 Virgine,
3392 1635 3557 1689 quam

1990 1722 2384 1794 prophetissam
2429 1734 2642 1788 quoque
2689 1718 2851 1780 dicit,
2894 1732 3006 1772 rem
3059 1729 3241 1769 veram
3290 1714 3490 1768 docens
3537 1730 3551 1764 :

1989 1815 2109 1868 dein
2138 1823 2189 1866 et
2223 1813 2625 1881 conceptionem
2659 1810 2853 1864 factum
2884 1810 2982 1871 ειὶι,
3015 1807 3290 1876 liliumque
3319 1808 3546 1861 editum.

1989 1904 2231 1974 Namque
2260 1919 2290 1958 a
2320 1914 2508 1959 sancto
2531 1902 2730 1972 Spiritu
2758 1901 3157 1955 sanctissimum
3188 1899 3313 1953 illud
3339 1914 3561 1967 corpus,

1989 1995 2166 2051 Verbo
2197 1996 2424 2056 unitum,
2448 1992 2612 2046 fuisse
2637 1991 2921 2045 formatum
2951 1990 3157 2061 (I),cui
3184 1989 3402 2046 dubium
3435 2004 3558 2043 esse

1989 2087 2222 2157 poterit?
2255 2087 2517 2152 Quocirca
2558 2083 2793 2155 Spiritus
2831 2086 2999 2139 virtus
3034 2099 3097 2139 ac
3132 2084 3251 2150 vis,
3278 2097 3373 2153 per
3395 2097 3555 2151 quam

1990 2179 2120 2233 illud
2163 2192 2360 2245 corpus
2402 2176 2455 2229 in
2497 2184 2681 2230 sancta
2722 2174 2939 2243 Virgine
2980 2172 3268 2227 formatum
3311 2180 3427 2235 est,
3457 2170 3559 2224 hoc

1989 2284 2312 2341 congressus
2366 2269 2549 2322 habitu
2600 2282 2663 2321 ac
2714 2268 2879 2336 figura
2934 2266 3149 2333 oblique
3196 2263 3557 2334 significatur.

1988 2360 2246 2417 Primitias
2283 2361 2547 2429 siquidem
2587 2358 2763 2413 factus
2796 2368 2879 2413 est
2912 2358 3038 2413 hinc
3078 2355 3328 2410 Christus
3370 2369 3558 2409 eorum

1991 2454 2081 2523 qui
2115 2452 2435 2508 sanctilicati
2470 2461 2596 2506 sunt
2627 2452 2680 2505 in
2716 2451 2939 2519 spiritu,
2972 2449 3063 2519 qui
3098 2463 3203 2503 non
3237 2463 3301 2501 ex
3337 2446 3556 2515 sangui-

1994 2546 2179 2609 nihus,
2210 2562 2381 2615 neque
2412 2561 2481 2599 ex
2515 2544 2789 2597 voluntate
2819 2543 3028 2605 carnis,
3062 2556 3157 2597 nec
3188 2556 3253 2595 ex
3288 2541 3562 2593 voluntate

1991 2637 2124 2702 viri,
2156 2638 2248 2691 sed
2275 2651 2337 2690 ex
2369 2636 2480 2690 Deo
2506 2635 2671 2705 geniti
2700 2643 2845 2691 sunt.
2874 2633 3044 2688 Natus
3072 2648 3199 2702 ergo
3228 2642 3310 2686 est
3336 2646 3401 2685 ex
3432 2646 3560 2685 san-

1992 2739 2081 2783 cto
2109 2728 2308 2799 Spiritu
2336 2727 2487 2795 juxta
2517 2742 2737 2781 carnem
2765 2736 2819 2780 et
2844 2727 2955 2795 ipse
2978 2734 3101 2779 ante
3126 2724 3280 2787 alios,
3303 2732 3358 2776 ut
3382 2733 3437 2776 et
3464 2737 3569 2776 nos

1993 2836 2206 2891 quoque
2233 2836 2327 2887 per
2349 2819 2494 2873 illum
2531 2832 2894 2873 nasceremur.
2924 2816 3019 2870 llic
3051 2816 3213 2870 etiam
3244 2814 3563 2876 notandum,

1993 2912 2132 2979 quod
2189 2908 2346 2981 135
2394 2906 2578 2962 Uriatn
2627 2919 2681 2961 et
2728 2906 3045 2963 Zachariam
3103 2915 3267 2961 testes
3317 2905 3567 2961 adhibeti

1985 3005 2235 3072 jusserit,
2275 3010 2333 3056 ut
2371 3003 2479 3055 cito
2519 3000 2738 3069 diripiat
2784 3000 2977 3070 spolia.
3012 2999 3273 3070 Apposuit
3322 2998 3487 3051 etiam
3544 3014 3561 3050 :

1992 3096 2158 3149 Adest
2185 3095 2345 3148 enim.
2378 3092 2679 3149 Atteslatur
2703 3093 2900 3145 etenim
2935 3091 3014 3144 lex
3036 3134 3049 3156 ,
3075 3100 3129 3143 et
3158 3104 3318 3161 porro
3349 3100 3563 3143 sancto-

316 3182 638 3250 ἀναγκαῖον,
668 3182 749 3236 ὅτι
786 3182 879 3235 τὸν
903 3181 1104 3252 Οὐρίαν
1132 3183 1225 3236 καὶ
1252 3184 1345 3237 τὸν
1383 3186 1657 3255 Ζαχαρίαν
1681 3187 1887 3258 μάρτυ-

1996 3201 2111 3238 rutn
2144 3185 2523 3255 prophetarum
2552 3182 2858 3251 prmdictio,
2888 3180 3162 3236 Christum
3193 3189 3374 3235 natum
3407 3180 3564 3233 Sutu-

318 3292 427 3345 ρας
468 3275 612 3346 αὐτῷ
641 3275 891 3343 γενέσθαι
928 3277 1316 3347 προστέταχεν,
1359 3278 1452 3331 τοῦ
1501 3278 1664 3343 ὀξέως
1697 3296 1891 3350 προνο-

320 3367 433 3438 μὴν
449 3367 664 3438 ποιῆσαι
680 3366 1411 3437 σκύλων.Προσετίθειδὲ,ὃτι
1433 3389 1450 3421 ‹
1472 3371 1705 3442 Πάρεστι
1724 3372 1882 3440 γάρ.»

321 3458 735 3533 Μεμαρτῦρηκε
772 3459 880 3530 γὰρ
913 3461 942 3512 6
981 3459 1164 3529 νόμος,
1210 3460 1306 3513 καὶ⁹
1340 3459 1445 3531 μὴν
1489 3462 1521 3531 ἡ
1571 3461 1678 3514 τῶν
1718 3462 1891 3530 ἁγίων

318 3550 619 3623 προφητῶν
660 3551 1093 3623 προανάρῤησις,
1142 3554 1222 3606 ὅτι
1262 3553 1542 3622 γεννηθεὶς
1586 3553 1614 3604 6
1656 3552 1893 3625 Χριστος

320 3641 609 3694 σκυλεύσει
652 3641 743 3695 τὸν
789 3642 1059 3706 Σατανᾶν,
1109 3642 1203 3696 καὶ
1262 3642 1551 3713 διαρπάσει
1599 3643 1668 3696 τὰ
1720 3642 1888 3713 σκεύη

316 3730 510 3793 αὐτοῦ,
558 3730 699 3784 καθά
746 3748 908 3802 φησιν
951 3730 1111 3794 αὐτὸς
1131 3773 1146 3797 ,
1179 3731 1323 3784 τοῦτ’
1353 3732 1518 3799 ἔστιν,
1550 3733 1709 3798 ἰδίους
1736 3736 1893 3806 ποιή-

319 3840 478 3875 σεται
528 3824 652 3884 τοὺς
692 3823 900 3877 ἐκείνου
945 3824 1323 3894 προσκυνητάς
1368 3841 1519 3878 ποτε.
1569 3824 1741 3878 Τοῦτο
1780 3825 1888 3897 γὰρ

318 3916 418 3968 καὶ
445 3915 606 3978 αὐτὸς
646 3916 883 3984 ἔφασκεν
931 3918 959 3970 6
996 3917 1251 3988 Χριστὸς,
1282 3917 1358 3982 ὡς
1402 3920 1459 3987 ἐν
1487 3918 1671 3991 τρόπῳ
1715 3937 1894 3990 παρα-

317 4006 614 4076 δείγματος
645 4006 857 4073 λέγων·
906 4024 926 4058 ι
980 4006 1051 4059 Ἢ
1090 4007 1207 4071 πῶς
1252 4007 1473 4063 δύναταί
1516 4027 1599 4073 τις
1633 4010 1891 4065 εἰσελθεῖν

319 4097 406 4158 είς
446 4096 547 4168 τὴν
594 4095 776 4150 οἰκίαν
815 4095 908 4150 τοῦ
966 4096 1207 4169 ἰσχυροῦ,
1259 4099 1456 4153 καὶτὰ
1509 4100 1676 4172 σκεύη
1726 4100 1889 4155 αὑτοῦ

319 4188 639 4257 διαρπάσαι,
690 4188 784 4242 tam
838 4187 913 4260 μὴ
962 4187 1176 4259 πρῶτον
1221 4190 1355 4261 δήσῃ
1383 4191 1473 4244 τὸν
1520 4192 1754 4263 ἰσχυρὸν,
1796 4196 1891 4248 καὶ

1989 3293 2112 3331 nam
2140 3277 2524 3346 spoliaturum,
2550 3285 2605 3330 et
2633 3290 2757 3329 vasa
2798 3274 2914 3342 ejus
2937 3274 3303 3343 direpturum,
3330 3281 3387 3326 ut
3422 3272 3569 3341 ipsc-

1988 3378 2119 3431 met,
2148 3368 2339 3436 inquit,
2368 3370 2468 3422 hoc
2494 3376 2597 3433 est,
2621 3368 2709 3437 qui
2740 3366 2898 3437 hujus
2926 3365 3215 3436 aliquando
3246 3365 3569 3419 adoratorcs

1988 3467 2201 3524 essent,
2229 3472 2354 3512 suos
2397 3457 2683 3515 iacturum.
2716 3457 2831 3513 Hoc
2867 3458 3011 3513 enim
3058 3464 3113 3512 et
3154 3458 3268 3527 ipse
3320 3458 3565 3512 Christus

1989 3552 2161 3616 dixit,
2214 3551 2444 3620 exempli
2516 3566 2717 3615 causa,
2784 3551 3035 3621 inquiens
3108 3568 3122 3605 :
3197 3568 3221 3601 ι
3285 3548 3574 3619 Quomodo

1997 3653 2175 3711 potest
2216 3644 2478 3713 quispiam
2521 3642 2722 3712 ingredi
2768 3642 2818 3697 in
2866 3643 3082 3697 domum
3124 3641 3307 3708 fortis,
3340 3650 3393 3696 et
3437 3654 3565 3693 vasa

1998 3731 2141 3789 illius
2172 3735 2432 3801 diripere,
2465 3733 2567 3788 nisi
2605 3735 2837 3803 primum
2872 3735 3075 3788 vinciat
3112 3734 3338 3797 fortem,
3366 3740 3421 3786 et
3456 3741 3565 3785 tum

2000 3826 2217 3895 diripiat
2259 3842 2382 3881 vasa
2436 3826 2577 3879 illius
2603 3826 2680 3879 ‘7?
2733 3845 2752 3879 ›
2803 3826 2936 3881 Cum
2992 3833 3169 3879 autem
3221 3825 3295 3879 ait
3342 3841 3357 3878 :
3404 3824 3569 3879 Adest

1998 3920 2164 3986 enim,
2183 3936 2288 3975 non
2314 3920 2467 3989 longe
2487 3920 2670 3974 abfore
2693 3919 3180 3974 manifestationem
3204 3916 3578 3972 Emmanuelis

1999 4012 2359 4067 annuntiavit.
2390 4013 2528 4079 Quin
2564 4024 2619 4067 et
2654 4011 2843 4066 beatus
2877 4010 3147 4066 Habacum
3180 4009 3381 4064 dixisse
3412 4024 3567 4078 repe-

1998 4104 2137 4158 ritur
2162 4125 2174 4159 :
2208 4122 2226 4154 ι
2255 4102 2445 4157 Adhuc
2472 4116 2780 4173 parumper,
2801 4102 2891 4173 qui
2923 4100 3135 4155 accedit
3164 4098 3361 4162 veniet,
3383 4105 3436 4151 et
3465 4111 3576 4149 non

2000 4194 2231 4249 tardabit
2252 4195 2318 4250 ⁸⁸.
2351 4214 2368 4247 ι

318 4282 446 4340 τότε
490 4281 774 4351 διαρπάσει
817 4281 884 4334 τὰ
919 4280 1085 4352 σκεύη
1118 4281 1313 4347 αὗτοῦ;
1348 4302 1365 4334 ι
1420 4282 1607 4351 Λέγων
1635 4285 1711 4350 δὲ,
1742 4286 1822 4339 ὅτι
1869 4306 1888 4336 ‹
1917 4288 2154 4359 Πάρεστι
2188 4288 2317 4360 γάρ,
2355 4309 2373 4340 ι
2418 4290 2519 4342 οὐκ
2551 4290 2629 4352 είς
2659 4287 2874 4360 μακράν
2906 4286 3127 4340 ἔσεσθαι
3170 4285 3267 4357 τὴν
3304 4281 3573 4351 ἀνάδειξιν

320 4377 418 4431 τοῦ
477 4377 819 4448 Ἐμμανουὴλ
872 4378 1358 4447 κατεπηγγέλλετο.
1421 4379 1590 4433 Τοῦτό
1650 4397 1732 4433 τοι
1793 4383 1887 4435 κα)⁸
1955 4386 2089 4455 πρὸς
2132 4386 2224 4441 τὸν
2264 4385 2534 4457 μακάριον
2588 4384 2909 4455 Ἀμὸακοῦμ
2984 4382 3294 4455 εὑρίσκεται
3356 4380 3567 4449 λέγων’

328 4492 351 4526 ι
393 4473 515 4527 Ἔτι
561 4474 819 4545 μικρὸν,ό
840 4474 1130 4544 ἐρχόμενος
1162 4473 1311 4544 ἥξει,
1338 4474 1430 4527 καὶ
1462 4476 1522 4528 οὒ
1549 4478 1771 4545 χρονιεῖ.
1801 4494 1821 4529 ι

391 4569 501 4623 Καὶ
533 4564 663 4622 εἶπε
706 4570 919 4637 Κύριός
964 4586 1100 4637 μοι·
1136 4568 1413 4624 Κάλεσον
1454 4572 1518 4624 τὸ
1559 4571 1745 4640 ὄνομα
1788 4572 1888 4625 αὐ-

2070 4571 2233 4628 V'Etts.
2256 4571 2310 4625 4.
2337 4569 2401 4623 Et
2424 4570 2559 4624 dixit
2584 4570 2710 4623 mihi
2738 4570 2986 4623 Dominus
3008 4587 3028 4625 :
3063 4569 3196 4623 Voca
3227 4584 3409 4621 nomen
3436 4567 3572 4636 ejus,

319 4660 459 4722 τοῦ,
504 4660 729 4729 Ταχέως
771 4661 1141 4722 σκύλευσον,
1197 4660 1408 4726 Ὀξέως
1450 4663 1886 4733 προνόμευσον.

321 4754 480 4807 Διότι
530 4752 672 4819 πρὶν
707 4752 745 4818 ἢ
779 4750 995 4819 γνῶναι
1040 4752 1103 4804 τὸ
1149 4752 1388 4806 παιδίον
1436 4753 1642 4806 καλεῖν
1670 4753 1896 4821 πατέρα

320 4842 360 4911 ἢ
399 4842 646 4911 μητέρα,
696 4842 953 4910 λήψεται
1006 4842 1263 4909 δύναμιν
1307 4844 1647 4912 Δαμασκοῦ,
1697 4844 1793 4897 καὶ
1823 4844 1896 4898 τὰ

323 4934 526 4986 σκύλα
580 4934 928 5001 Σαμαρείας,
978 4934 1289 4987 κατέναντι
1322 4934 1629 4999 ,βασιλέως
1676 4936 1896 4989 Ἀσσυ-

314 5024 490 5092 ρίων.

397 5114 581 5168 Εἰπὼν
620 5115 875 5186 ἀνωτέρω
913 5115 1007 5181 τὸ,
1043 5134 1061 5168 ι
1122 5115 1273 5194 Ἰδοὺ,
1301 5116 1566 5187 παρθένος
1599 5118 1657 5169 ὲν
1694 5118 1896 5188 γαστρὶ

322 5204 459 5272 ἔξει,
488 5206 583 5260 καὶ
606 5206 817 5273 τέξεται
842 5206 976 5273 υἱδν,
1003 5207 1096 5260 καὶ
1132 5208 1421 5263 καλέσουσι
1449 5208 1509 5261 τὸ
1535 5208 1704 5279 ὄνομα
1731 5208 1893 5262 αὑτοῦ

394 5390 439 5423 ⁸⁷
465 5390 653 5449 Matth.
680 5407 777 5457 xu,
798 5390 889 5447 29.
964 5390 1226 5447 ⁵⁸11εῢιιε.
1257 5389 1375 5454 ",3.

395 5602 475 5670 (Ι)
506 5601 596 5655 Sic
624 5601 997 5669 corrigendum
1030 5608 1212 5655 monet
1241 5600 1376 5670 Aug.
1408 5599 1507 5653 Mai
1535 5599 1696 5668 (Bibl.
1735 5601 1894 5666 Nos,

328 5670 421 5735 Ill,
450 5671 601 5738 445).
636 5671 932 5738 Legehatttr
973 5681 1126 5723 antea
1158 5688 1169 5723 :
1210 5687 1227 5719 ι
1268 5670 1396 5723 Illud
1438 5672 1579 5724 cnim
1612 5672 1893 5723 sanctissi-

330 5757 473 5793 mum
521 5756 716 5809 corpus
761 5756 827 5794 ex
872 5740 1073 5808 Spiritu
1123 5750 1313 5794 sancto
1359 5756 1390 5794 e
1440 5741 1686 5809 supernis
1732 5740 1896 5793 verbo

331 5810 619 5865 formatum
668 5824 819 5874 esse,
863 5829 880 5861 ›
934 5820 1041 5865 etc.
1077 5810 1345 5867 Aubertus
1390 5808 1647 5864 nimirum
1694 5809 1895 5865 ἄνωθεν

2006 4661 2263 4717 Velociler
2304 4662 2558 4732 spoliato,
2597 4661 2710 4715 Cito
2758 4662 3039 4725 pra’dator.
3084 4660 3372 4727 Eaproprer
3419 4670 3571 4713 ante-

2000 4771 2157 4825 quam
2191 4756 2321 4809 seiat
2364 4771 2494 4824 puer
2530 4770 2713 4807 vocare
2747 4766 2949 4823 patrem
2993 4752 3069 4806 vel
3104 4762 3343 4817 matrem,
3372 4752 3573 4820 auferet

1999 4848 2283 4917 potentiam
2320 4846 2601 4914 Damasci,
2625 4857 2674 4903 et
2709 4847 2878 4918 spolia
2914 4846 3208 4912 Samariw,
3240 4862 3418 4900 coram
3456 4861 3573 4915 rege

2000 4940 2357 5010 Assyriorum.

2072 5119 2205 5173 Cum
2258 5122 2507 5190 superius
2548 5121 2772 5177 dixisset
2818 5140 2831 5175 :
2880 5141 2898 5174 ι
2951 5121 3090 5177 Ecce
3131 5123 3282 5191 virgo
3326 5122 3376 5175 in
3423 5133 3576 5174 ulcm

2002 5208 2245 5276 habebit,
2273 5220 2326 5265 et
2367 5209 2541 5280 pariet
2572 5211 2765 5279 ﬁlium,
2811 5221 2865 5267 et
2907 5213 3177 5270 vocabunt
3209 5228 3407 5268 nomen
3437 5212 3573 5281 ejus,

2004 5618 2101 5670 pro
2132 5600 2329 5655 ἑνωθέν
2358 5599 2457 5655 sibi
2491 5600 2671 5655 nescio
2699 5615 2801 5668 qua
2839 5600 3035 5655 mentis
3076 5598 3578 5670 abcrratione__con-

2004 5666 2237 5797 iiltnterat
2268 5681 2323 5727 et
2355 5685 2571 5729 sensum
2616 5666 2921 5727 reddiderat
2966 5670 3159 5726 falsum
3204 5677 3364 5737 atque
3408 5666 3576 5739 Euty-

2005 5757 2256 5797 cunnum

2005 5757 2256 5798 elttanum
