  <div class='ocr_page' id='page_1' title='image "/cluster/home/n/w/nwhite01/storage/ocr_20150623/70/hvd.32044019207901/119.png"; bbox 0 0 4134 6492; ppageno 0'>
   <div class='ocr_carea' id='block_1_1' title="bbox 568 362 678 415">
    <p class='ocr_par' dir='ltr' id='par_1_1' title="bbox 568 362 678 415">
     <span class='ocr_line' id='line_1_1' title="bbox 568 362 678 415; baseline -0.009 0"><span class='ocrx_word' id='word_1_1' title='bbox 568 362 678 415; x_wconf 66' lang='grc'><strong>993</strong></span> 
     </span>
    </p>
   </div>
   <div class='ocr_carea' id='block_1_2' title="bbox 1562 359 2795 419">
    <p class='ocr_par' dir='ltr' id='par_1_2' title="bbox 1562 359 2795 419">
     <span class='ocr_line' id='line_1_2' title="bbox 1562 359 2795 419; baseline 0.005 -6"><span class='ocrx_word' id='word_1_2' title='bbox 1562 359 1619 414; x_wconf 83' lang='grc'><strong>5.</strong></span> <span class='ocrx_word' id='word_1_3' title='bbox 1660 359 1933 417; x_wconf 76' lang='lat' dir='ltr'><strong>CYBILLI</strong></span> <span class='ocrx_word' id='word_1_4' title='bbox 1972 361 2439 416; x_wconf 76' lang='lat' dir='ltr'><strong>ALEXANDRINI</strong></span> <span class='ocrx_word' id='word_1_5' title='bbox 2482 362 2795 419; x_wconf 79' lang='lat' dir='ltr'><strong>ARCHIEP.</strong></span> 
     </span>
    </p>
   </div>
   <div class='ocr_carea' id='block_1_3' title="bbox 3717 362 3827 416">
    <p class='ocr_par' dir='ltr' id='par_1_3' title="bbox 3717 362 3827 416">
     <span class='ocr_line' id='line_1_3' title="bbox 3717 362 3827 416; baseline 0.009 -1"><span class='ocrx_word' id='word_1_6' title='bbox 3717 362 3827 416; x_wconf 69' lang='grc' dir='ltr'><strong>εει</strong></span> 
     </span>
    </p>
   </div>
   <div class='ocr_carea' id='block_1_4' title="bbox 569 473 2163 553">
    <p class='ocr_par' dir='ltr' id='par_1_4' title="bbox 569 473 2149 544">
     <span class='ocr_line' id='line_1_4' title="bbox 569 473 2149 544; baseline 0.001 -12"><span class='ocrx_word' id='word_1_7' title='bbox 569 476 916 541; x_wconf 80' lang='lat' dir='ltr'><strong>Emmanuel;</strong></span> <span class='ocrx_word' id='word_1_8' title='bbox 943 494 961 527; x_wconf 74' lang='grc' dir='ltr'><strong>ι</strong></span> <span class='ocrx_word' id='word_1_9' title='bbox 987 489 1128 529; x_wconf 90' lang='lat' dir='ltr'><strong>nunc</strong></span> <span class='ocrx_word' id='word_1_10' title='bbox 1141 473 1291 541; x_wconf 88' lang='lat' dir='ltr'><strong>jubet</strong></span> <span class='ocrx_word' id='word_1_11' title='bbox 1310 474 1489 528; x_wconf 89' lang='lat' dir='ltr'><strong>vocari</strong></span> <span class='ocrx_word' id='word_1_12' title='bbox 1514 492 1707 531; x_wconf 84' lang='lat' dir='ltr'><strong>nomen</strong></span> <span class='ocrx_word' id='word_1_13' title='bbox 1726 476 1863 544; x_wconf 82' lang='lat' dir='ltr'><strong>eius,</strong></span> <span class='ocrx_word' id='word_1_14' title='bbox 1888 478 2149 533; x_wconf 83' lang='lat' dir='ltr'><strong>Velociter</strong></span> 
     </span>
    </p>
   </div>
   <div class='ocr_carea' id='block_1_5' title="bbox 2265 473 3829 553">
    <p class='ocr_par' dir='ltr' id='par_1_5' title="bbox 2266 479 3829 553">
     <span class='ocr_line' id='line_1_5' title="bbox 2266 479 3829 553; baseline 0.001 -21"><span class='ocrx_word' id='word_1_15' title='bbox 2266 482 2637 551; x_wconf 79' lang='grc' dir='ltr'><strong>Ἐμμανουήλ’</strong></span> <span class='ocrx_word' id='word_1_16' title='bbox 2678 501 2697 533; x_wconf 74' lang='grc' dir='ltr'><strong>ι</strong></span> <span class='ocrx_word' id='word_1_17' title='bbox 2745 482 3079 553; x_wconf 86' lang='grc' dir='ltr'><strong>προστέταχε</strong></span> <span class='ocrx_word' id='word_1_18' title='bbox 3110 481 3206 535; x_wconf 78' lang='grc' dir='ltr'><strong>νῦν</strong></span> <span class='ocrx_word' id='word_1_19' title='bbox 3247 480 3529 534; x_wconf 89' lang='grc' dir='ltr'><strong>καλεῖσθαι</strong></span> <span class='ocrx_word' id='word_1_20' title='bbox 3565 480 3624 533; x_wconf 84' lang='grc' dir='ltr'><strong>τὸ</strong></span> <span class='ocrx_word' id='word_1_21' title='bbox 3656 479 3829 550; x_wconf 72' lang='grc' dir='ltr'><strong>ὄνομα</strong></span> 
     </span>
    </p>
   </div>
   <div class='ocr_carea' id='block_1_6' title="bbox 572 564 2145 637">
    <p class='ocr_par' dir='ltr' id='par_1_6' title="bbox 572 564 2145 637">
     <span class='ocr_line' id='line_1_6' title="bbox 572 564 2145 637; baseline 0 -15"><span class='ocrx_word' id='word_1_22' title='bbox 572 568 837 637; x_wconf 86' lang='lat' dir='ltr'><strong>spoliato,</strong></span> <span class='ocrx_word' id='word_1_23' title='bbox 888 566 1007 619; x_wconf 85' lang='lat' dir='ltr'><strong>Cito</strong></span> <span class='ocrx_word' id='word_1_24' title='bbox 1050 564 1335 635; x_wconf 63' lang='lat' dir='ltr'><strong>prmdator.</strong></span> <span class='ocrx_word' id='word_1_25' title='bbox 1393 566 1473 619; x_wconf 90' lang='lat' dir='ltr'><strong>An</strong></span> <span class='ocrx_word' id='word_1_26' title='bbox 1525 582 1684 632; x_wconf 85' lang='lat' dir='ltr'><strong>vero,</strong></span> <span class='ocrx_word' id='word_1_27' title='bbox 1736 568 1865 622; x_wconf 88' lang='lat' dir='ltr'><strong>illud</strong></span> <span class='ocrx_word' id='word_1_28' title='bbox 1916 569 2145 637; x_wconf 86' lang='lat' dir='ltr'><strong>primum</strong></span> 
     </span>
    </p>
   </div>
   <div class='ocr_carea' id='block_1_7' title="bbox 575 656 2150 724">
    <p class='ocr_par' dir='ltr' id='par_1_7' title="bbox 575 656 2150 724">
     <span class='ocr_line' id='line_1_7' title="bbox 575 656 2150 724; baseline 0.001 -10"><span class='ocrx_word' id='word_1_29' title='bbox 575 675 766 714; x_wconf 85' lang='lat' dir='ltr'><strong>nomen</strong></span> <span class='ocrx_word' id='word_1_30' title='bbox 812 663 968 711; x_wconf 86' lang='lat' dir='ltr'><strong>inane</strong></span> <span class='ocrx_word' id='word_1_31' title='bbox 1006 666 1091 714; x_wconf 87' lang='lat' dir='ltr'><strong>est</strong></span> <span class='ocrx_word' id='word_1_32' title='bbox 1133 667 1185 712; x_wconf 87' lang='lat' dir='ltr'><strong>et</strong></span> <span class='ocrx_word' id='word_1_33' title='bbox 1228 656 1462 724; x_wconf 88' lang='lat' dir='ltr'><strong>irritum,</strong></span> <span class='ocrx_word' id='word_1_34' title='bbox 1497 659 1749 712; x_wconf 87' lang='lat' dir='ltr'><strong>nimirum</strong></span> <span class='ocrx_word' id='word_1_35' title='bbox 1795 660 2150 715; x_wconf 78' lang='lat' dir='ltr'><strong>Emmanuel?</strong></span> 
     </span>
    </p>
   </div>
   <div class='ocr_carea' id='block_1_8' title="bbox 573 746 2152 820">
    <p class='ocr_par' dir='ltr' id='par_1_8' title="bbox 573 746 2152 820">
     <span class='ocr_line' id='line_1_8' title="bbox 573 746 2152 820; baseline 0.003 -18"><span class='ocrx_word' id='word_1_36' title='bbox 573 762 626 803; x_wconf 89' lang='lat' dir='ltr'><strong>et</strong></span> <span class='ocrx_word' id='word_1_37' title='bbox 654 750 754 802; x_wconf 79' lang='lat' dir='ltr'><strong>hoc</strong></span> <span class='ocrx_word' id='word_1_38' title='bbox 782 749 1015 802; x_wconf 78' lang='lat' dir='ltr'><strong>maxime</strong></span> <span class='ocrx_word' id='word_1_39' title='bbox 1044 746 1254 801; x_wconf 90' lang='lat' dir='ltr'><strong>decebit</strong></span> <span class='ocrx_word' id='word_1_40' title='bbox 1284 746 1550 802; x_wconf 76' lang='lat' dir='ltr'><strong>Velociter</strong></span> <span class='ocrx_word' id='word_1_41' title='bbox 1580 749 1836 819; x_wconf 88' lang='lat' dir='ltr'><strong>spoliato,</strong></span> <span class='ocrx_word' id='word_1_42' title='bbox 1868 750 1988 807; x_wconf 90' lang='lat' dir='ltr'><strong>Cito</strong></span> <span class='ocrx_word' id='word_1_43' title='bbox 2014 765 2152 820; x_wconf 82' lang='lat' dir='ltr'><strong>prae-</strong></span> 
     </span>
    </p>
   </div>
   <div class='ocr_carea' id='block_1_9' title="bbox 574 837 2151 909">
    <p class='ocr_par' dir='ltr' id='par_1_9' title="bbox 574 837 2151 909">
     <span class='ocr_line' id='line_1_9' title="bbox 574 837 2151 909; baseline 0.004 -18"><span class='ocrx_word' id='word_1_44' title='bbox 574 839 763 893; x_wconf 82' lang='lat' dir='ltr'><strong>dator?</strong></span> <span class='ocrx_word' id='word_1_45' title='bbox 788 837 1140 909; x_wconf 83' lang='lat' dir='ltr'><strong>Nequaquam</strong></span> <span class='ocrx_word' id='word_1_46' title='bbox 1176 840 1317 896; x_wconf 86' lang='lat' dir='ltr'><strong>istuc</strong></span> <span class='ocrx_word' id='word_1_47' title='bbox 1345 842 1606 907; x_wconf 89' lang='lat' dir='ltr'><strong>dicimus,</strong></span> <span class='ocrx_word' id='word_1_48' title='bbox 1635 843 1730 896; x_wconf 89' lang='lat' dir='ltr'><strong>sed</strong></span> <span class='ocrx_word' id='word_1_49' title='bbox 1765 842 1893 897; x_wconf 90' lang='lat' dir='ltr'><strong>illud</strong></span> <span class='ocrx_word' id='word_1_50' title='bbox 1923 843 2151 898; x_wconf 88' lang='lat' dir='ltr'><strong>dicimus</strong></span> 
     </span>
    </p>
   </div>
   <div class='ocr_carea' id='block_1_10' title="bbox 574 930 2151 1004">
    <p class='ocr_par' dir='ltr' id='par_1_10' title="bbox 574 930 2151 1004">
     <span class='ocr_line' id='line_1_10' title="bbox 574 930 2151 1004; baseline 0.004 -21"><span class='ocrx_word' id='word_1_51' title='bbox 574 932 771 1001; x_wconf 81' lang='lat' dir='ltr'><strong>potius.</strong></span> <span class='ocrx_word' id='word_1_52' title='bbox 793 930 906 985; x_wconf 83' lang='lat' dir='ltr'><strong>Mos</strong></span> <span class='ocrx_word' id='word_1_53' title='bbox 933 940 1014 985; x_wconf 90' lang='lat' dir='ltr'><strong>est</strong></span> <span class='ocrx_word' id='word_1_54' title='bbox 1038 932 1331 999; x_wconf 73' lang='lat' dir='ltr'><strong>SCI‘ipllll‘tB</strong></span> <span class='ocrx_word' id='word_1_55' title='bbox 1356 934 1611 987; x_wconf 84' lang='lat' dir='ltr'><strong>divinitus</strong></span> <span class='ocrx_word' id='word_1_56' title='bbox 1636 935 1905 1004; x_wconf 66' lang='lat' dir='ltr'><strong>aspirataz,</strong></span> <span class='ocrx_word' id='word_1_57' title='bbox 1924 935 2151 989; x_wconf 82' lang='lat' dir='ltr'><strong>diversis</strong></span> 
     </span>
    </p>
   </div>
   <div class='ocr_carea' id='block_1_11' title="bbox 576 1022 2150 1095">
    <p class='ocr_par' dir='ltr' id='par_1_11' title="bbox 576 1022 2150 1095">
     <span class='ocr_line' id='line_1_11' title="bbox 576 1022 2150 1095; baseline 0.005 -22"><span class='ocrx_word' id='word_1_58' title='bbox 576 1022 887 1078; x_wconf 83' lang='lat' dir='ltr'><strong>nominibus</strong></span> <span class='ocrx_word' id='word_1_59' title='bbox 915 1023 1286 1079; x_wconf 86' lang='lat' dir='ltr'><strong>universitatis</strong></span> <span class='ocrx_word' id='word_1_60' title='bbox 1317 1025 1479 1079; x_wconf 91' lang='lat' dir='ltr'><strong>Deum</strong></span> <span class='ocrx_word' id='word_1_61' title='bbox 1510 1025 1779 1095; x_wconf 88' lang='lat' dir='ltr'><strong>appellare</strong></span> <span class='ocrx_word' id='word_1_62' title='bbox 1808 1045 1821 1080; x_wconf 92' lang='lat'>:</span> <span class='ocrx_word' id='word_1_63' title='bbox 1852 1037 1905 1082; x_wconf 91' lang='lat' dir='ltr'><strong>et</strong></span> <span class='ocrx_word' id='word_1_64' title='bbox 1929 1043 1956 1080; x_wconf 92' lang='lat' dir='ltr'><strong>a</strong></span> <span class='ocrx_word' id='word_1_65' title='bbox 1989 1028 2150 1081; x_wconf 83' lang='lat' dir='ltr'><strong>rebus</strong></span> 
     </span>
    </p>
   </div>
   <div class='ocr_carea' id='block_1_12' title="bbox 576 1115 2152 1184">
    <p class='ocr_par' dir='ltr' id='par_1_12' title="bbox 576 1115 2152 1184">
     <span class='ocr_line' id='line_1_12' title="bbox 576 1115 2152 1184; baseline 0.003 -21"><span class='ocrx_word' id='word_1_66' title='bbox 576 1131 673 1183; x_wconf 90' lang='lat' dir='ltr'><strong>pro</strong></span> <span class='ocrx_word' id='word_1_67' title='bbox 706 1124 1005 1183; x_wconf 90' lang='lat' dir='ltr'><strong>temporum</strong></span> <span class='ocrx_word' id='word_1_68' title='bbox 1036 1116 1245 1169; x_wconf 84' lang='lat' dir='ltr'><strong>ratione</strong></span> <span class='ocrx_word' id='word_1_69' title='bbox 1274 1117 1441 1183; x_wconf 81' lang='lat' dir='ltr'><strong>gestis</strong></span> <span class='ocrx_word' id='word_1_70' title='bbox 1471 1115 1760 1184; x_wconf 82' lang='lat' dir='ltr'><strong>aliquando</strong></span> <span class='ocrx_word' id='word_1_71' title='bbox 1786 1116 2152 1169; x_wconf 91' lang='lat' dir='ltr'><strong>nomenclatu-</strong></span> 
     </span>
    </p>
   </div>
   <div class='ocr_carea' id='block_1_13' title="bbox 580 1206 2153 1275">
    <p class='ocr_par' dir='ltr' id='par_1_13' title="bbox 580 1206 2153 1275">
     <span class='ocr_line' id='line_1_13' title="bbox 580 1206 2153 1275; baseline 0.001 -16"><span class='ocrx_word' id='word_1_72' title='bbox 580 1223 667 1259; x_wconf 87' lang='lat' dir='ltr'><strong>ras</strong></span> <span class='ocrx_word' id='word_1_73' title='bbox 696 1218 821 1259; x_wconf 87' lang='lat' dir='ltr'><strong>ante</strong></span> <span class='ocrx_word' id='word_1_74' title='bbox 852 1206 1113 1258; x_wconf 79' lang='lat' dir='ltr'><strong>invenire.</strong></span> <span class='ocrx_word' id='word_1_75' title='bbox 1144 1206 1254 1261; x_wconf 83' lang='lat' dir='ltr'><strong>lluc</strong></span> <span class='ocrx_word' id='word_1_76' title='bbox 1286 1208 1449 1261; x_wconf 89' lang='lat' dir='ltr'><strong>etiam</strong></span> <span class='ocrx_word' id='word_1_77' title='bbox 1486 1207 1537 1260; x_wconf 90' lang='lat' dir='ltr'><strong>in</strong></span> <span class='ocrx_word' id='word_1_78' title='bbox 1575 1208 1690 1275; x_wconf 93' lang='lat' dir='ltr'><strong>ipso</strong></span> <span class='ocrx_word' id='word_1_79' title='bbox 1723 1206 1940 1261; x_wconf 82' lang='lat' dir='ltr'><strong>Christo</strong></span> <span class='ocrx_word' id='word_1_80' title='bbox 1966 1207 2153 1260; x_wconf 78' lang='lat' dir='ltr'><strong>obser-</strong></span> 
     </span>
    </p>
   </div>
   <div class='ocr_carea' id='block_1_14' title="bbox 580 1296 2153 1365">
    <p class='ocr_par' dir='ltr' id='par_1_14' title="bbox 580 1296 2153 1365">
     <span class='ocr_line' id='line_1_14' title="bbox 580 1296 2153 1365; baseline 0.004 -21"><span class='ocrx_word' id='word_1_81' title='bbox 580 1306 760 1349; x_wconf 83' lang='lat' dir='ltr'><strong>vatum</strong></span> <span class='ocrx_word' id='word_1_82' title='bbox 792 1305 894 1350; x_wconf 89' lang='lat' dir='ltr'><strong>est.</strong></span> <span class='ocrx_word' id='word_1_83' title='bbox 932 1296 1070 1349; x_wconf 89' lang='lat' dir='ltr'><strong>Deus</strong></span> <span class='ocrx_word' id='word_1_84' title='bbox 1105 1298 1245 1350; x_wconf 92' lang='lat' dir='ltr'><strong>enim</strong></span> <span class='ocrx_word' id='word_1_85' title='bbox 1283 1312 1441 1351; x_wconf 86' lang='lat' dir='ltr'><strong>verus</strong></span> <span class='ocrx_word' id='word_1_86' title='bbox 1477 1307 1579 1352; x_wconf 92' lang='lat' dir='ltr'><strong>est.</strong></span> <span class='ocrx_word' id='word_1_87' title='bbox 1616 1296 1684 1350; x_wconf 88' lang='lat' dir='ltr'><strong>Et</strong></span> <span class='ocrx_word' id='word_1_88' title='bbox 1720 1297 1973 1365; x_wconf 88' lang='lat' dir='ltr'><strong>quoniam</strong></span> <span class='ocrx_word' id='word_1_89' title='bbox 2014 1296 2153 1350; x_wconf 84' lang='lat' dir='ltr'><strong>Deus</strong></span> 
     </span>
    </p>
   </div>
   <div class='ocr_carea' id='block_1_15' title="bbox 579 1387 2151 1454">
    <p class='ocr_par' dir='ltr' id='par_1_15' title="bbox 579 1387 2151 1454">
     <span class='ocr_line' id='line_1_15' title="bbox 579 1387 2151 1454; baseline -0.001 -15"><span class='ocrx_word' id='word_1_90' title='bbox 579 1399 767 1439; x_wconf 88' lang='lat' dir='ltr'><strong>natura</strong></span> <span class='ocrx_word' id='word_1_91' title='bbox 814 1388 1108 1452; x_wconf 79' lang='lat' dir='ltr'><strong>exsistens,</strong></span> <span class='ocrx_word' id='word_1_92' title='bbox 1147 1387 1319 1441; x_wconf 85' lang='lat' dir='ltr'><strong>factus</strong></span> <span class='ocrx_word' id='word_1_93' title='bbox 1362 1396 1444 1441; x_wconf 89' lang='lat' dir='ltr'><strong>est</strong></span> <span class='ocrx_word' id='word_1_94' title='bbox 1484 1387 1798 1451; x_wconf 89' lang='lat' dir='ltr'><strong>nobiscum,</strong></span> <span class='ocrx_word' id='word_1_95' title='bbox 1838 1401 2019 1440; x_wconf 90' lang='lat' dir='ltr'><strong>sermo</strong></span> <span class='ocrx_word' id='word_1_96' title='bbox 2061 1387 2151 1454; x_wconf 91' lang='lat' dir='ltr'><strong>qui</strong></span> 
     </span>
    </p>
   </div>
   <div class='ocr_carea' id='block_1_16' title="bbox 580 1479 2154 1549">
    <p class='ocr_par' dir='ltr' id='par_1_16' title="bbox 580 1479 2154 1549">
     <span class='ocr_line' id='line_1_16' title="bbox 580 1479 2154 1549; baseline 0.001 -18"><span class='ocrx_word' id='word_1_97' title='bbox 580 1481 825 1548; x_wconf 81' lang='lat' dir='ltr'><strong>apparuit</strong></span> <span class='ocrx_word' id='word_1_98' title='bbox 854 1490 1038 1533; x_wconf 87' lang='lat' dir='ltr'><strong>nostra</strong></span> <span class='ocrx_word' id='word_1_99' title='bbox 1063 1480 1263 1549; x_wconf 81' lang='lat' dir='ltr'><strong>specie,</strong></span> <span class='ocrx_word' id='word_1_100' title='bbox 1284 1481 1524 1533; x_wconf 88' lang='lat' dir='ltr'><strong>denotari</strong></span> <span class='ocrx_word' id='word_1_101' title='bbox 1547 1479 1913 1533; x_wconf 85' lang='lat' dir='ltr'><strong>Emmanuelis</strong></span> <span class='ocrx_word' id='word_1_102' title='bbox 1939 1480 2154 1533; x_wconf 88' lang='lat' dir='ltr'><strong>nomine</strong></span> 
     </span>
    </p>
   </div>
   <div class='ocr_carea' id='block_1_17' title="bbox 580 1569 2154 1641">
    <p class='ocr_par' dir='ltr' id='par_1_17' title="bbox 580 1569 2154 1641">
     <span class='ocr_line' id='line_1_17' title="bbox 580 1569 2154 1641; baseline 0.002 -19"><span class='ocrx_word' id='word_1_103' title='bbox 580 1572 975 1639; x_wconf 56' lang='lat' dir='ltr'><strong>sapientissime</strong></span> <span class='ocrx_word' id='word_1_104' title='bbox 1011 1575 1197 1640; x_wconf 86' lang='lat' dir='ltr'><strong>possit.</strong></span> <span class='ocrx_word' id='word_1_105' title='bbox 1232 1569 1361 1623; x_wconf 91' lang='lat' dir='ltr'><strong>Dein</strong></span> <span class='ocrx_word' id='word_1_106' title='bbox 1398 1570 1571 1626; x_wconf 82' lang='lat' dir='ltr'><strong>factus</strong></span> <span class='ocrx_word' id='word_1_107' title='bbox 1605 1571 1767 1625; x_wconf 86' lang='lat' dir='ltr'><strong>homo</strong></span> <span class='ocrx_word' id='word_1_108' title='bbox 1801 1587 1920 1625; x_wconf 90' lang='lat' dir='ltr'><strong>cum</strong></span> <span class='ocrx_word' id='word_1_109' title='bbox 1958 1577 2154 1641; x_wconf 80' lang='lat' dir='ltr'><strong>despo-</strong></span> 
     </span>
    </p>
   </div>
   <div class='ocr_carea' id='block_1_18' title="bbox 580 1662 2153 1736">
    <p class='ocr_par' dir='ltr' id='par_1_18' title="bbox 580 1662 2153 1736">
     <span class='ocr_line' id='line_1_18' title="bbox 580 1662 2153 1736; baseline 0.004 -23"><span class='ocrx_word' id='word_1_110' title='bbox 580 1662 764 1716; x_wconf 83' lang='lat' dir='ltr'><strong>liasset</strong></span> <span class='ocrx_word' id='word_1_111' title='bbox 791 1663 1067 1725; x_wconf 89' lang='lat' dir='ltr'><strong>Satanam,</strong></span> <span class='ocrx_word' id='word_1_112' title='bbox 1097 1673 1147 1716; x_wconf 89' lang='lat' dir='ltr'><strong>et</strong></span> <span class='ocrx_word' id='word_1_113' title='bbox 1182 1663 1307 1715; x_wconf 88' lang='lat' dir='ltr'><strong>olim</strong></span> <span class='ocrx_word' id='word_1_114' title='bbox 1338 1663 1613 1733; x_wconf 87' lang='lat' dir='ltr'><strong>abreptos,</strong></span> <span class='ocrx_word' id='word_1_115' title='bbox 1646 1666 1806 1734; x_wconf 90' lang='lat' dir='ltr'><strong>eique</strong></span> <span class='ocrx_word' id='word_1_116' title='bbox 1839 1680 1934 1736; x_wconf 90' lang='lat' dir='ltr'><strong>per</strong></span> <span class='ocrx_word' id='word_1_117' title='bbox 1964 1680 2153 1735; x_wconf 88' lang='lat' dir='ltr'><strong>pecca-</strong></span> 
     </span>
    </p>
   </div>
   <div class='ocr_carea' id='block_1_19' title="bbox 582 1755 2153 1825">
    <p class='ocr_par' dir='ltr' id='par_1_19' title="bbox 582 1755 2153 1825">
     <span class='ocr_line' id='line_1_19' title="bbox 582 1755 2153 1825; baseline 0.004 -22"><span class='ocrx_word' id='word_1_118' title='bbox 582 1763 691 1805; x_wconf 85' lang='lat' dir='ltr'><strong>tum</strong></span> <span class='ocrx_word' id='word_1_119' title='bbox 718 1755 1034 1815; x_wconf 90' lang='lat' dir='ltr'><strong>servientes,</strong></span> <span class='ocrx_word' id='word_1_120' title='bbox 1055 1755 1120 1807; x_wconf 91' lang='lat' dir='ltr'><strong>ab</strong></span> <span class='ocrx_word' id='word_1_121' title='bbox 1146 1755 1283 1806; x_wconf 88' lang='lat' dir='ltr'><strong>illius</strong></span> <span class='ocrx_word' id='word_1_122' title='bbox 1301 1755 2153 1825; x_wconf 81' lang='lat' dir='ltr'><strong>tyrannideeripuisset,exseruit</strong></span> 
     </span>
    </p>
   </div>
   <div class='ocr_carea' id='block_1_20' title="bbox 578 1837 2230 1917">
    <p class='ocr_par' dir='ltr' id='par_1_20' title="bbox 578 1837 2230 1917">
     <span class='ocr_line' id='line_1_20' title="bbox 578 1837 2230 1917; baseline 0.002 -18"><span class='ocrx_word' id='word_1_123' title='bbox 578 1856 633 1899; x_wconf 91' lang='lat' dir='ltr'><strong>et</strong></span> <span class='ocrx_word' id='word_1_124' title='bbox 663 1845 956 1899; x_wconf 77' lang='lat' dir='ltr'><strong>declaravit</strong></span> <span class='ocrx_word' id='word_1_125' title='bbox 984 1846 1110 1897; x_wconf 87' lang='lat' dir='ltr'><strong>illud</strong></span> <span class='ocrx_word' id='word_1_126' title='bbox 1147 1864 1159 1899; x_wconf 92' lang='lat'>:</span> <span class='ocrx_word' id='word_1_127' title='bbox 1196 1846 1468 1899; x_wconf 70' lang='lat' dir='ltr'><strong>Velociter</strong></span> <span class='ocrx_word' id='word_1_128' title='bbox 1495 1847 1761 1916; x_wconf 90' lang='lat' dir='ltr'><strong>spoliato,</strong></span> <span class='ocrx_word' id='word_1_129' title='bbox 1790 1846 1910 1902; x_wconf 83' lang='lat' dir='ltr'><strong>Cito</strong></span> <span class='ocrx_word' id='word_1_130' title='bbox 1945 1849 2154 1917; x_wconf 78' lang='lat' dir='ltr'><strong>praeda-</strong></span> <span class='ocrx_word' id='word_1_131' title='bbox 2186 1837 2230 1895; x_wconf 73' lang='grc' dir='ltr'><strong><em>Β</em></strong></span> 
     </span>
    </p>
   </div>
   <div class='ocr_carea' id='block_1_21' title="bbox 581 1936 2154 2008">
    <p class='ocr_par' dir='ltr' id='par_1_21' title="bbox 581 1936 2154 2008">
     <span class='ocr_line' id='line_1_21' title="bbox 581 1936 2154 2008; baseline 0.003 -19"><span class='ocrx_word' id='word_1_132' title='bbox 581 1948 682 1989; x_wconf 86' lang='lat' dir='ltr'><strong>tor.</strong></span> <span class='ocrx_word' id='word_1_133' title='bbox 713 1936 862 2003; x_wconf 86' lang='lat' dir='ltr'><strong>Quod</strong></span> <span class='ocrx_word' id='word_1_134' title='bbox 891 1938 1087 2000; x_wconf 86' lang='lat' dir='ltr'><strong>etiam,</strong></span> <span class='ocrx_word' id='word_1_135' title='bbox 1120 1948 1176 1991; x_wconf 94' lang='lat' dir='ltr'><strong>ut</strong></span> <span class='ocrx_word' id='word_1_136' title='bbox 1208 1938 1377 2001; x_wconf 87' lang='lat' dir='ltr'><strong>Deus,</strong></span> <span class='ocrx_word' id='word_1_137' title='bbox 1411 1938 1832 2008; x_wconf 83' lang='lat' dir='ltr'><strong>redemptionem</strong></span> <span class='ocrx_word' id='word_1_138' title='bbox 1865 1940 2154 1994; x_wconf 88' lang='lat' dir='ltr'><strong>humanam</strong></span> 
     </span>
    </p>
   </div>
   <div class='ocr_carea' id='block_1_22' title="bbox 582 2028 2156 2101">
    <p class='ocr_par' dir='ltr' id='par_1_22' title="bbox 582 2028 2156 2101">
     <span class='ocr_line' id='line_1_22' title="bbox 582 2028 2156 2101; baseline 0.001 -18"><span class='ocrx_word' id='word_1_139' title='bbox 582 2028 941 2097; x_wconf 80' lang='lat' dir='ltr'><strong>inexplicabili</strong></span> <span class='ocrx_word' id='word_1_140' title='bbox 970 2029 1167 2082; x_wconf 87' lang='lat' dir='ltr'><strong>virtute</strong></span> <span class='ocrx_word' id='word_1_141' title='bbox 1195 2029 1534 2098; x_wconf 79' lang='lat' dir='ltr'><strong>perfecturus</strong></span> <span class='ocrx_word' id='word_1_142' title='bbox 1565 2030 1626 2084; x_wconf 89' lang='lat' dir='ltr'><strong>sit</strong></span> <span class='ocrx_word' id='word_1_143' title='bbox 1653 2070 1668 2094; x_wconf 92' lang='lat'><strong>,</strong></span> <span class='ocrx_word' id='word_1_144' title='bbox 1694 2032 2156 2101; x_wconf 74' lang='lat' dir='ltr'><strong>praemonstravit,</strong></span> 
     </span>
    </p>
   </div>
   <div class='ocr_carea' id='block_1_23' title="bbox 581 2120 2155 2193">
    <p class='ocr_par' dir='ltr' id='par_1_23' title="bbox 581 2120 2155 2193">
     <span class='ocr_line' id='line_1_23' title="bbox 581 2120 2155 2193; baseline 0.003 -20"><span class='ocrx_word' id='word_1_145' title='bbox 581 2122 764 2175; x_wconf 84' lang='lat' dir='ltr'><strong>dicens</strong></span> <span class='ocrx_word' id='word_1_146' title='bbox 790 2142 801 2175; x_wconf 87' lang='lat'><strong>:</strong></span> <span class='ocrx_word' id='word_1_147' title='bbox 823 2140 840 2172; x_wconf 83' lang='grc' dir='ltr'><strong>ι</strong></span> <span class='ocrx_word' id='word_1_148' title='bbox 862 2120 1179 2191; x_wconf 85' lang='lat' dir='ltr'><strong>Priusquam</strong></span> <span class='ocrx_word' id='word_1_149' title='bbox 1206 2124 1413 2177; x_wconf 87' lang='lat' dir='ltr'><strong>noverit</strong></span> <span class='ocrx_word' id='word_1_150' title='bbox 1433 2138 1562 2191; x_wconf 91' lang='lat' dir='ltr'><strong>puer</strong></span> <span class='ocrx_word' id='word_1_151' title='bbox 1581 2133 1784 2193; x_wconf 87' lang='lat' dir='ltr'><strong>patrem</strong></span> <span class='ocrx_word' id='word_1_152' title='bbox 1807 2125 1887 2178; x_wconf 85' lang='lat' dir='ltr'><strong>vel</strong></span> <span class='ocrx_word' id='word_1_153' title='bbox 1907 2134 2155 2192; x_wconf 83' lang='lat' dir='ltr'><strong>matrem,</strong></span> 
     </span>
    </p>
   </div>
   <div class='ocr_carea' id='block_1_24' title="bbox 581 2210 2155 2284">
    <p class='ocr_par' dir='ltr' id='par_1_24' title="bbox 581 2210 2155 2284">
     <span class='ocr_line' id='line_1_24' title="bbox 581 2210 2155 2284; baseline 0.005 -21"><span class='ocrx_word' id='word_1_154' title='bbox 581 2210 790 2266; x_wconf 89' lang='lat' dir='ltr'><strong>auferet</strong></span> <span class='ocrx_word' id='word_1_155' title='bbox 810 2214 1097 2282; x_wconf 87' lang='lat' dir='ltr'><strong>potentiam</strong></span> <span class='ocrx_word' id='word_1_156' title='bbox 1126 2214 1393 2279; x_wconf 89' lang='lat' dir='ltr'><strong>Damasci,</strong></span> <span class='ocrx_word' id='word_1_157' title='bbox 1416 2225 1469 2268; x_wconf 89' lang='lat' dir='ltr'><strong>et</strong></span> <span class='ocrx_word' id='word_1_158' title='bbox 1493 2215 1662 2284; x_wconf 88' lang='lat' dir='ltr'><strong>spolia</strong></span> <span class='ocrx_word' id='word_1_159' title='bbox 1689 2216 1949 2270; x_wconf 75' lang='lat' dir='ltr'><strong>Samaria:</strong></span> <span class='ocrx_word' id='word_1_160' title='bbox 1972 2233 2155 2271; x_wconf 91' lang='lat' dir='ltr'><strong>coram</strong></span> 
     </span>
    </p>
   </div>
   <div class='ocr_carea' id='block_1_25' title="bbox 584 2304 2158 2375">
    <p class='ocr_par' dir='ltr' id='par_1_25' title="bbox 584 2304 2158 2375">
     <span class='ocr_line' id='line_1_25' title="bbox 584 2304 2158 2375; baseline 0.004 -19"><span class='ocrx_word' id='word_1_161' title='bbox 584 2319 710 2373; x_wconf 88' lang='lat' dir='ltr'><strong>rege</strong></span> <span class='ocrx_word' id='word_1_162' title='bbox 738 2304 1104 2375; x_wconf 85' lang='lat' dir='ltr'><strong>Assyriorum.</strong></span> <span class='ocrx_word' id='word_1_163' title='bbox 1143 2325 1160 2357; x_wconf 73' lang='grc' dir='ltr'><strong>ι</strong></span> <span class='ocrx_word' id='word_1_164' title='bbox 1199 2306 1505 2361; x_wconf 75' lang='lat' dir='ltr'><strong>Altissimus</strong></span> <span class='ocrx_word' id='word_1_165' title='bbox 1537 2315 1621 2361; x_wconf 90' lang='lat' dir='ltr'><strong>est</strong></span> <span class='ocrx_word' id='word_1_166' title='bbox 1653 2308 1844 2362; x_wconf 91' lang='lat' dir='ltr'><strong>horum</strong></span> <span class='ocrx_word' id='word_1_167' title='bbox 1874 2310 2158 2364; x_wconf 88' lang='lat' dir='ltr'><strong>verborum</strong></span> 
     </span>
    </p>
   </div>
   <div class='ocr_carea' id='block_1_26' title="bbox 582 2397 2157 2468">
    <p class='ocr_par' dir='ltr' id='par_1_26' title="bbox 582 2397 2157 2468">
     <span class='ocr_line' id='line_1_26' title="bbox 582 2397 2157 2468; baseline 0.002 -17"><span class='ocrx_word' id='word_1_168' title='bbox 582 2412 791 2463; x_wconf 89' lang='lat' dir='ltr'><strong>sensus,</strong></span> <span class='ocrx_word' id='word_1_169' title='bbox 810 2397 965 2467; x_wconf 78' lang='lat'><strong>135</strong></span> <span class='ocrx_word' id='word_1_170' title='bbox 988 2410 1039 2451; x_wconf 89' lang='lat' dir='ltr'><strong>et</strong></span> <span class='ocrx_word' id='word_1_171' title='bbox 1064 2399 1335 2453; x_wconf 83' lang='lat' dir='ltr'><strong>enarratio</strong></span> <span class='ocrx_word' id='word_1_172' title='bbox 1358 2399 1633 2468; x_wconf 72' lang='lat' dir='ltr'><strong>spiritalis.</strong></span> <span class='ocrx_word' id='word_1_173' title='bbox 1656 2402 1898 2455; x_wconf 84' lang='lat' dir='ltr'><strong>Obducta</strong></span> <span class='ocrx_word' id='word_1_174' title='bbox 1917 2413 1997 2456; x_wconf 87' lang='lat' dir='ltr'><strong>est</strong></span> <span class='ocrx_word' id='word_1_175' title='bbox 2016 2404 2157 2457; x_wconf 90' lang='lat' dir='ltr'><strong>enim</strong></span> 
     </span>
    </p>
   </div>
   <div class='ocr_carea' id='block_1_27' title="bbox 581 2487 2159 2557">
    <p class='ocr_par' dir='ltr' id='par_1_27' title="bbox 581 2487 2159 2557">
     <span class='ocr_line' id='line_1_27' title="bbox 581 2487 2159 2557; baseline 0.003 -16"><span class='ocrx_word' id='word_1_176' title='bbox 581 2488 1000 2542; x_wconf 89' lang='lat' dir='ltr'><strong>obscuritatibus</strong></span> <span class='ocrx_word' id='word_1_177' title='bbox 1026 2487 1135 2541; x_wconf 92' lang='lat' dir='ltr'><strong>fere</strong></span> <span class='ocrx_word' id='word_1_178' title='bbox 1161 2502 1373 2557; x_wconf 88' lang='lat' dir='ltr'><strong>semper</strong></span> <span class='ocrx_word' id='word_1_179' title='bbox 1397 2489 1573 2542; x_wconf 89' lang='lat' dir='ltr'><strong>divina</strong></span> <span class='ocrx_word' id='word_1_180' title='bbox 1607 2490 1800 2555; x_wconf 86' lang='lat' dir='ltr'><strong>oratio,</strong></span> <span class='ocrx_word' id='word_1_181' title='bbox 1833 2504 1930 2543; x_wconf 90' lang='lat' dir='ltr'><strong>uec</strong></span> <span class='ocrx_word' id='word_1_182' title='bbox 1954 2506 2017 2545; x_wconf 79' lang='lat' dir='ltr'><strong>ex</strong></span> <span class='ocrx_word' id='word_1_183' title='bbox 2050 2492 2159 2546; x_wconf 90' lang='lat' dir='ltr'><strong>bis-</strong></span> 
     </span>
    </p>
   </div>
   <div class='ocr_carea' id='block_1_28' title="bbox 585 2576 2148 2648">
    <p class='ocr_par' dir='ltr' id='par_1_28' title="bbox 585 2576 2148 2648">
     <span class='ocr_line' id='line_1_28' title="bbox 585 2576 2148 2648; baseline 0.004 -17"><span class='ocrx_word' id='word_1_184' title='bbox 585 2578 723 2631; x_wconf 90' lang='lat' dir='ltr'><strong>toria</strong></span> <span class='ocrx_word' id='word_1_185' title='bbox 754 2576 1020 2647; x_wconf 86' lang='lat' dir='ltr'><strong>rebusque</strong></span> <span class='ocrx_word' id='word_1_186' title='bbox 1044 2579 1142 2632; x_wconf 90' lang='lat' dir='ltr'><strong>sub</strong></span> <span class='ocrx_word' id='word_1_187' title='bbox 1169 2594 1386 2633; x_wconf 90' lang='lat' dir='ltr'><strong>sensum</strong></span> <span class='ocrx_word' id='word_1_188' title='bbox 1413 2580 1733 2633; x_wconf 84' lang='lat' dir='ltr'><strong>cadentibus</strong></span> <span class='ocrx_word' id='word_1_189' title='bbox 1761 2581 2148 2648; x_wconf 84' lang='lat' dir='ltr'><strong>invenerimus,</strong></span> 
     </span>
    </p>
   </div>
   <div class='ocr_carea' id='block_1_29' title="bbox 582 2668 2158 2740">
    <p class='ocr_par' dir='ltr' id='par_1_29' title="bbox 582 2668 2158 2740">
     <span class='ocr_line' id='line_1_29' title="bbox 582 2668 2158 2740; baseline 0.004 -19"><span class='ocrx_word' id='word_1_190' title='bbox 582 2668 855 2723; x_wconf 83' lang='lat' dir='ltr'><strong>Christum</strong></span> <span class='ocrx_word' id='word_1_191' title='bbox 886 2669 1068 2722; x_wconf 86' lang='lat' dir='ltr'><strong>statim</strong></span> <span class='ocrx_word' id='word_1_192' title='bbox 1100 2678 1300 2735; x_wconf 90' lang='lat' dir='ltr'><strong>uatum,</strong></span> <span class='ocrx_word' id='word_1_193' title='bbox 1330 2670 1413 2724; x_wconf 89' lang='lat' dir='ltr'><strong>vel</strong></span> <span class='ocrx_word' id='word_1_194' title='bbox 1452 2671 1786 2740; x_wconf 74' lang='lat' dir='ltr'><strong>exspoliasse</strong></span> <span class='ocrx_word' id='word_1_195' title='bbox 1810 2672 2158 2739; x_wconf 86' lang='lat' dir='ltr'><strong>Damascum,</strong></span> 
     </span>
    </p>
   </div>
   <div class='ocr_carea' id='block_1_30' title="bbox 584 2760 2159 2834">
    <p class='ocr_par' dir='ltr' id='par_1_30' title="bbox 584 2760 2159 2834">
     <span class='ocr_line' id='line_1_30' title="bbox 584 2760 2159 2834; baseline 0.006 -26"><span class='ocrx_word' id='word_1_196' title='bbox 584 2760 667 2812; x_wconf 80' lang='lat' dir='ltr'><strong>vel</strong></span> <span class='ocrx_word' id='word_1_197' title='bbox 696 2760 963 2828; x_wconf 84' lang='lat' dir='ltr'><strong>regionem</strong></span> <span class='ocrx_word' id='word_1_198' title='bbox 990 2760 1131 2831; x_wconf 88' lang='lat' dir='ltr'><strong>regis</strong></span> <span class='ocrx_word' id='word_1_199' title='bbox 1159 2761 1503 2831; x_wconf 80' lang='lat' dir='ltr'><strong>Assyriorum</strong></span> <span class='ocrx_word' id='word_1_200' title='bbox 1536 2801 1551 2827; x_wconf 95' lang='lat'><strong>,</strong></span> <span class='ocrx_word' id='word_1_201' title='bbox 1598 2761 1843 2818; x_wconf 88' lang='lat' dir='ltr'><strong>liberatis</strong></span> <span class='ocrx_word' id='word_1_202' title='bbox 1881 2764 1965 2818; x_wconf 89' lang='lat' dir='ltr'><strong>his</strong></span> <span class='ocrx_word' id='word_1_203' title='bbox 2005 2763 2098 2834; x_wconf 89' lang='lat' dir='ltr'><strong>qui</strong></span> <span class='ocrx_word' id='word_1_204' title='bbox 2128 2779 2159 2818; x_wconf 90' lang='lat' dir='ltr'><strong>e</strong></span> 
     </span>
    </p>
   </div>
   <div class='ocr_carea' id='block_1_31' title="bbox 592 2850 2161 2922">
    <p class='ocr_par' dir='ltr' id='par_1_31' title="bbox 592 2850 2161 2922">
     <span class='ocr_line' id='line_1_31' title="bbox 592 2850 2161 2922; baseline 0.002 -17"><span class='ocrx_word' id='word_1_205' title='bbox 592 2850 839 2905; x_wconf 84' lang='lat' dir='ltr'><strong>Samaria</strong></span> <span class='ocrx_word' id='word_1_206' title='bbox 870 2850 925 2904; x_wconf 91' lang='lat' dir='ltr'><strong>in</strong></span> <span class='ocrx_word' id='word_1_207' title='bbox 955 2853 1070 2920; x_wconf 86' lang='lat' dir='ltr'><strong>ejus</strong></span> <span class='ocrx_word' id='word_1_208' title='bbox 1102 2852 1374 2922; x_wconf 78' lang='lat' dir='ltr'><strong>regionem</strong></span> <span class='ocrx_word' id='word_1_209' title='bbox 1404 2853 1855 2921; x_wconf 89' lang='lat' dir='ltr'><strong>deportabantur.</strong></span> <span class='ocrx_word' id='word_1_210' title='bbox 1885 2854 2021 2911; x_wconf 89' lang='lat' dir='ltr'><strong>Cum</strong></span> <span class='ocrx_word' id='word_1_211' title='bbox 2062 2870 2161 2908; x_wconf 83' lang='lat' dir='ltr'><strong>au-</strong></span> 
     </span>
    </p>
   </div>
   <div class='ocr_carea' id='block_1_32' title="bbox 588 2941 2152 3012">
    <p class='ocr_par' dir='ltr' id='par_1_32' title="bbox 588 2941 2152 3012">
     <span class='ocr_line' id='line_1_32' title="bbox 588 2941 2152 3012; baseline 0.004 -18"><span class='ocrx_word' id='word_1_212' title='bbox 588 2954 692 2995; x_wconf 88' lang='lat' dir='ltr'><strong>tem</strong></span> <span class='ocrx_word' id='word_1_213' title='bbox 728 2941 1046 3011; x_wconf 85' lang='lat' dir='ltr'><strong>spiritaliter</strong></span> <span class='ocrx_word' id='word_1_214' title='bbox 1084 2957 1195 2995; x_wconf 87' lang='lat' dir='ltr'><strong>rem</strong></span> <span class='ocrx_word' id='word_1_215' title='bbox 1226 2944 1628 3012; x_wconf 85' lang='lat' dir='ltr'><strong>acceperimus,</strong></span> <span class='ocrx_word' id='word_1_216' title='bbox 1672 2954 1785 2998; x_wconf 90' lang='lat' dir='ltr'><strong>tum</strong></span> <span class='ocrx_word' id='word_1_217' title='bbox 1834 2946 1937 3000; x_wconf 93' lang='lat' dir='ltr'><strong>hoc</strong></span> <span class='ocrx_word' id='word_1_218' title='bbox 1993 2946 2152 3001; x_wconf 87' lang='lat' dir='ltr'><strong>veris-</strong></span> 
     </span>
    </p>
   </div>
   <div class='ocr_carea' id='block_1_33' title="bbox 584 3034 2161 3105">
    <p class='ocr_par' dir='ltr' id='par_1_33' title="bbox 584 3034 2161 3105">
     <span class='ocr_line' id='line_1_33' title="bbox 584 3034 2161 3105; baseline 0.003 -19"><span class='ocrx_word' id='word_1_219' title='bbox 584 3035 780 3087; x_wconf 88' lang='lat' dir='ltr'><strong>simqu</strong></span> <span class='ocrx_word' id='word_1_220' title='bbox 817 3048 935 3089; x_wconf 86' lang='lat' dir='ltr'><strong>esse</strong></span> <span class='ocrx_word' id='word_1_221' title='bbox 976 3034 1300 3089; x_wconf 88' lang='lat' dir='ltr'><strong>videbimus.</strong></span> <span class='ocrx_word' id='word_1_222' title='bbox 1334 3034 1465 3088; x_wconf 83' lang='lat' dir='ltr'><strong>Erat</strong></span> <span class='ocrx_word' id='word_1_223' title='bbox 1494 3036 1656 3105; x_wconf 79' lang='lat' dir='ltr'><strong>igitur</strong></span> <span class='ocrx_word' id='word_1_224' title='bbox 1693 3037 2008 3099; x_wconf 85' lang='lat' dir='ltr'><strong>Damascus,</strong></span> <span class='ocrx_word' id='word_1_225' title='bbox 2044 3037 2161 3091; x_wconf 87' lang='lat' dir='ltr'><strong>sive</strong></span> 
     </span>
    </p>
   </div>
   <div class='ocr_carea' id='block_1_34' title="bbox 588 3125 2229 3228">
    <p class='ocr_par' dir='ltr' id='par_1_34' title="bbox 588 3125 2229 3228">
     <span class='ocr_line' id='line_1_34' title="bbox 588 3125 2229 3228; baseline 0.002 -50"><span class='ocrx_word' id='word_1_226' title='bbox 588 3125 745 3196; x_wconf 78' lang='lat' dir='ltr'><strong>Syria</strong></span> <span class='ocrx_word' id='word_1_227' title='bbox 782 3127 1055 3190; x_wconf 90' lang='lat' dir='ltr'><strong>universa,</strong></span> <span class='ocrx_word' id='word_1_228' title='bbox 1082 3137 1136 3180; x_wconf 94' lang='lat' dir='ltr'><strong>et</strong></span> <span class='ocrx_word' id='word_1_229' title='bbox 1162 3128 1506 3197; x_wconf 86' lang='lat' dir='ltr'><strong>Assyriorum</strong></span> <span class='ocrx_word' id='word_1_230' title='bbox 1544 3128 1689 3199; x_wconf 84' lang='lat' dir='ltr'><strong>regio</strong></span> <span class='ocrx_word' id='word_1_231' title='bbox 1718 3168 1733 3193; x_wconf 97' lang='lat'><strong>,</strong></span> <span class='ocrx_word' id='word_1_232' title='bbox 1764 3129 1975 3183; x_wconf 89' lang='lat' dir='ltr'><strong>scilicet</strong></span> <span class='ocrx_word' id='word_1_233' title='bbox 2022 3127 2156 3183; x_wconf 83' lang='lat' dir='ltr'><strong>Pcr-</strong></span> <span class='ocrx_word' id='word_1_234' title='bbox 2188 3168 2229 3228; x_wconf 63' lang='grc' dir='ltr'>Ο</span> 
     </span>
    </p>
   </div>
   <div class='ocr_carea' id='block_1_35' title="bbox 586 3218 2159 3285">
    <p class='ocr_par' dir='ltr' id='par_1_35' title="bbox 586 3218 2159 3285">
     <span class='ocr_line' id='line_1_35' title="bbox 586 3218 2159 3285; baseline 0.003 -14"><span class='ocrx_word' id='word_1_235' title='bbox 586 3233 773 3272; x_wconf 89' lang='lat' dir='ltr'><strong>sarum</strong></span> <span class='ocrx_word' id='word_1_236' title='bbox 826 3229 879 3272; x_wconf 91' lang='lat' dir='ltr'><strong>et</strong></span> <span class='ocrx_word' id='word_1_237' title='bbox 933 3218 1260 3283; x_wconf 83' lang='lat' dir='ltr'><strong>Medorum,</strong></span> <span class='ocrx_word' id='word_1_238' title='bbox 1310 3218 1466 3273; x_wconf 92' lang='lat' dir='ltr'><strong>idolis</strong></span> <span class='ocrx_word' id='word_1_239' title='bbox 1525 3219 1716 3285; x_wconf 87' lang='lat' dir='ltr'><strong>plena,</strong></span> <span class='ocrx_word' id='word_1_240' title='bbox 1761 3221 1961 3276; x_wconf 89' lang='lat' dir='ltr'><strong>idcirco</strong></span> <span class='ocrx_word' id='word_1_241' title='bbox 2015 3232 2159 3276; x_wconf 87' lang='lat' dir='ltr'><strong>terra</strong></span> 
     </span>
    </p>
   </div>
   <div class='ocr_carea' id='block_1_36' title="bbox 588 3310 2151 3379">
    <p class='ocr_par' dir='ltr' id='par_1_36' title="bbox 588 3310 2151 3379">
     <span class='ocr_line' id='line_1_36' title="bbox 588 3310 2151 3379; baseline 0.003 -16"><span class='ocrx_word' id='word_1_242' title='bbox 588 3310 937 3379; x_wconf 90' lang='lat' dir='ltr'><strong>sculptilium,</strong></span> <span class='ocrx_word' id='word_1_243' title='bbox 968 3311 1197 3363; x_wconf 84' lang='lat' dir='ltr'><strong>vocitata</strong></span> <span class='ocrx_word' id='word_1_244' title='bbox 1223 3320 1325 3375; x_wconf 91' lang='lat' dir='ltr'><strong>est,</strong></span> <span class='ocrx_word' id='word_1_245' title='bbox 1349 3311 1523 3379; x_wconf 87' lang='lat' dir='ltr'><strong>inqua</strong></span> <span class='ocrx_word' id='word_1_246' title='bbox 1554 3311 1761 3366; x_wconf 87' lang='lat' dir='ltr'><strong>scilicet</strong></span> <span class='ocrx_word' id='word_1_247' title='bbox 1782 3322 1939 3365; x_wconf 88' lang='lat' dir='ltr'><strong>erant</strong></span> <span class='ocrx_word' id='word_1_248' title='bbox 1959 3312 2151 3367; x_wconf 91' lang='lat' dir='ltr'><strong>altaria</strong></span> 
     </span>
    </p>
   </div>
   <div class='ocr_carea' id='block_1_37' title="bbox 588 3402 2161 3473">
    <p class='ocr_par' dir='ltr' id='par_1_37' title="bbox 588 3402 2161 3473">
     <span class='ocr_line' id='line_1_37' title="bbox 588 3402 2161 3473; baseline 0.003 -18"><span class='ocrx_word' id='word_1_249' title='bbox 588 3414 639 3456; x_wconf 89' lang='lat' dir='ltr'><strong>et</strong></span> <span class='ocrx_word' id='word_1_250' title='bbox 679 3402 800 3455; x_wconf 87' lang='lat' dir='ltr'><strong>fana</strong></span> <span class='ocrx_word' id='word_1_251' title='bbox 848 3402 1025 3456; x_wconf 72' lang='lat' dir='ltr'><strong>ubivrs</strong></span> <span class='ocrx_word' id='word_1_252' title='bbox 1069 3402 1349 3466; x_wconf 85' lang='lat' dir='ltr'><strong>locorum,</strong></span> <span class='ocrx_word' id='word_1_253' title='bbox 1398 3413 1450 3456; x_wconf 91' lang='lat' dir='ltr'><strong>et</strong></span> <span class='ocrx_word' id='word_1_254' title='bbox 1499 3404 1588 3472; x_wconf 92' lang='lat' dir='ltr'><strong>qui</strong></span> <span class='ocrx_word' id='word_1_255' title='bbox 1640 3402 1986 3473; x_wconf 84' lang='lat' dir='ltr'><strong>frequentare</strong></span> <span class='ocrx_word' id='word_1_256' title='bbox 2038 3406 2161 3460; x_wconf 90' lang='lat' dir='ltr'><strong>fana</strong></span> 
     </span>
    </p>
   </div>
   <div class='ocr_carea' id='block_1_38' title="bbox 591 3493 2161 3565">
    <p class='ocr_par' dir='ltr' id='par_1_38' title="bbox 591 3493 2161 3565">
     <span class='ocr_line' id='line_1_38' title="bbox 591 3493 2161 3565; baseline 0.001 -18"><span class='ocrx_word' id='word_1_257' title='bbox 591 3494 734 3547; x_wconf 88' lang='lat' dir='ltr'><strong>soliti</strong></span> <span class='ocrx_word' id='word_1_258' title='bbox 770 3504 916 3558; x_wconf 88' lang='lat' dir='ltr'><strong>sunt,</strong></span> <span class='ocrx_word' id='word_1_259' title='bbox 956 3493 1245 3559; x_wconf 87' lang='lat' dir='ltr'><strong>falsorum,</strong></span> <span class='ocrx_word' id='word_1_260' title='bbox 1297 3495 1550 3564; x_wconf 84' lang='lat' dir='ltr'><strong>inquam,</strong></span> <span class='ocrx_word' id='word_1_261' title='bbox 1601 3506 1781 3548; x_wconf 86' lang='lat' dir='ltr'><strong>vatum</strong></span> <span class='ocrx_word' id='word_1_262' title='bbox 1834 3510 2068 3565; x_wconf 82' lang='lat' dir='ltr'><strong>genera,</strong></span> <span class='ocrx_word' id='word_1_263' title='bbox 2111 3504 2161 3550; x_wconf 91' lang='lat' dir='ltr'><strong>et</strong></span> 
     </span>
    </p>
   </div>
   <div class='ocr_carea' id='block_1_39' title="bbox 590 3583 2153 3655">
    <p class='ocr_par' dir='ltr' id='par_1_39' title="bbox 590 3583 2153 3655">
     <span class='ocr_line' id='line_1_39' title="bbox 590 3583 2153 3655; baseline 0.002 -17"><span class='ocrx_word' id='word_1_264' title='bbox 590 3585 1015 3639; x_wconf 88' lang='lat' dir='ltr'><strong>incautationum</strong></span> <span class='ocrx_word' id='word_1_265' title='bbox 1044 3584 1225 3655; x_wconf 89' lang='lat' dir='ltr'><strong>periti.</strong></span> <span class='ocrx_word' id='word_1_266' title='bbox 1261 3583 1446 3638; x_wconf 83' lang='lat' dir='ltr'><strong>Robur</strong></span> <span class='ocrx_word' id='word_1_267' title='bbox 1469 3597 1648 3639; x_wconf 85' lang='lat' dir='ltr'><strong>autem</strong></span> <span class='ocrx_word' id='word_1_268' title='bbox 1680 3595 1732 3640; x_wconf 90' lang='lat' dir='ltr'><strong>et</strong></span> <span class='ocrx_word' id='word_1_269' title='bbox 1754 3588 2153 3641; x_wconf 87' lang='lat' dir='ltr'><strong>firmamentum</strong></span> 
     </span>
    </p>
   </div>
   <div class='ocr_carea' id='block_1_40' title="bbox 591 3676 2147 3747">
    <p class='ocr_par' dir='ltr' id='par_1_40' title="bbox 591 3676 2147 3747">
     <span class='ocr_line' id='line_1_40' title="bbox 591 3676 2147 3747; baseline 0.001 -17"><span class='ocrx_word' id='word_1_270' title='bbox 591 3691 779 3730; x_wconf 80' lang='lat' dir='ltr'><strong>eorum</strong></span> <span class='ocrx_word' id='word_1_271' title='bbox 815 3690 975 3730; x_wconf 86' lang='lat' dir='ltr'><strong>omne</strong></span> <span class='ocrx_word' id='word_1_272' title='bbox 1003 3686 1154 3730; x_wconf 88' lang='lat' dir='ltr'><strong>erant</strong></span> <span class='ocrx_word' id='word_1_273' title='bbox 1185 3676 1471 3741; x_wconf 71' lang='lat' dir='ltr'><strong>daemonia,</strong></span> <span class='ocrx_word' id='word_1_274' title='bbox 1496 3692 1616 3745; x_wconf 69' lang='lat' dir='ltr'><strong>qua:</strong></span> <span class='ocrx_word' id='word_1_275' title='bbox 1647 3676 1841 3747; x_wconf 86' lang='lat' dir='ltr'><strong>singuli</strong></span> <span class='ocrx_word' id='word_1_276' title='bbox 1875 3678 2147 3746; x_wconf 79' lang='lat' dir='ltr'><strong>colebant,</strong></span> 
     </span>
    </p>
   </div>
   <div class='ocr_carea' id='block_1_41' title="bbox 593 3766 2154 3837">
    <p class='ocr_par' dir='ltr' id='par_1_41' title="bbox 593 3766 2154 3837">
     <span class='ocr_line' id='line_1_41' title="bbox 593 3766 2154 3837; baseline 0 -16"><span class='ocrx_word' id='word_1_277' title='bbox 593 3778 646 3821; x_wconf 92' lang='lat' dir='ltr'><strong>et</strong></span> <span class='ocrx_word' id='word_1_278' title='bbox 670 3770 923 3837; x_wconf 85' lang='lat' dir='ltr'><strong>princeps</strong></span> <span class='ocrx_word' id='word_1_279' title='bbox 954 3785 1015 3822; x_wconf 87' lang='lat' dir='ltr'><strong>ac</strong></span> <span class='ocrx_word' id='word_1_280' title='bbox 1046 3768 1338 3837; x_wconf 61' lang='lat' dir='ltr'><strong>praafeclus</strong></span> <span class='ocrx_word' id='word_1_281' title='bbox 1360 3781 1545 3821; x_wconf 91' lang='lat' dir='ltr'><strong>corum</strong></span> <span class='ocrx_word' id='word_1_282' title='bbox 1579 3767 1827 3821; x_wconf 86' lang='lat' dir='ltr'><strong>Satanas.</strong></span> <span class='ocrx_word' id='word_1_283' title='bbox 1864 3766 2017 3833; x_wconf 85' lang='lat' dir='ltr'><strong>Quod</strong></span> <span class='ocrx_word' id='word_1_284' title='bbox 2057 3770 2154 3836; x_wconf 79' lang='lat' dir='ltr'><strong>igi-</strong></span> 
     </span>
    </p>
   </div>
   <div class='ocr_carea' id='block_1_42' title="bbox 596 3859 2162 3930">
    <p class='ocr_par' dir='ltr' id='par_1_42' title="bbox 596 3859 2162 3930">
     <span class='ocr_line' id='line_1_42' title="bbox 596 3859 2162 3930; baseline 0.001 -19"><span class='ocrx_word' id='word_1_285' title='bbox 596 3872 680 3912; x_wconf 92' lang='lat' dir='ltr'><strong>tur</strong></span> <span class='ocrx_word' id='word_1_286' title='bbox 705 3860 945 3914; x_wconf 87' lang='lat' dir='ltr'><strong>Damasci</strong></span> <span class='ocrx_word' id='word_1_287' title='bbox 966 3859 1282 3929; x_wconf 87' lang='lat' dir='ltr'><strong>potentiam,</strong></span> <span class='ocrx_word' id='word_1_288' title='bbox 1313 3859 1561 3928; x_wconf 81' lang='lat' dir='ltr'><strong>regisque</strong></span> <span class='ocrx_word' id='word_1_289' title='bbox 1582 3860 1949 3930; x_wconf 88' lang='lat' dir='ltr'><strong>Assyriorum,</strong></span> <span class='ocrx_word' id='word_1_290' title='bbox 1987 3860 2036 3912; x_wconf 88' lang='lat' dir='ltr'><strong>id</strong></span> <span class='ocrx_word' id='word_1_291' title='bbox 2059 3870 2162 3924; x_wconf 87' lang='lat' dir='ltr'><strong>est,</strong></span> 
     </span>
    </p>
   </div>
   <div class='ocr_carea' id='block_1_43' title="bbox 595 3951 2163 4023">
    <p class='ocr_par' dir='ltr' id='par_1_43' title="bbox 595 3951 2163 4023">
     <span class='ocr_line' id='line_1_43' title="bbox 595 3951 2163 4023; baseline 0.003 -20"><span class='ocrx_word' id='word_1_292' title='bbox 595 3955 897 4015; x_wconf 71' lang='lat' dir='ltr'><strong>Satanam,</strong></span> <span class='ocrx_word' id='word_1_293' title='bbox 945 3961 998 4007; x_wconf 83' lang='lat' dir='ltr'><strong>et</strong></span> <span class='ocrx_word' id='word_1_294' title='bbox 1038 3952 1309 4023; x_wconf 85' lang='lat' dir='ltr'><strong>improbas</strong></span> <span class='ocrx_word' id='word_1_295' title='bbox 1359 3967 1423 4006; x_wconf 89' lang='lat' dir='ltr'><strong>ac</strong></span> <span class='ocrx_word' id='word_1_296' title='bbox 1465 3951 1720 4022; x_wconf 90' lang='lat' dir='ltr'><strong>profanas</strong></span> <span class='ocrx_word' id='word_1_297' title='bbox 1769 3952 2163 4007; x_wconf 66' lang='grc' dir='ltr'><strong>ἀίειιιοιιὶοτυιη</strong></span> 
     </span>
    </p>
   </div>
   <div class='ocr_carea' id='block_1_44' title="bbox 597 4042 2165 4116">
    <p class='ocr_par' dir='ltr' id='par_1_44' title="bbox 597 4042 2165 4116">
     <span class='ocr_line' id='line_1_44' title="bbox 597 4042 2165 4116; baseline 0.001 -17"><span class='ocrx_word' id='word_1_298' title='bbox 597 4060 799 4099; x_wconf 90' lang='lat' dir='ltr'><strong>turmas</strong></span> <span class='ocrx_word' id='word_1_299' title='bbox 827 4046 984 4099; x_wconf 90' lang='lat' dir='ltr'><strong>modo</strong></span> <span class='ocrx_word' id='word_1_300' title='bbox 1012 4061 1115 4098; x_wconf 90' lang='lat' dir='ltr'><strong>non</strong></span> <span class='ocrx_word' id='word_1_301' title='bbox 1145 4044 1553 4115; x_wconf 74' lang='lat' dir='ltr'><strong>deprzedaturus</strong></span> <span class='ocrx_word' id='word_1_302' title='bbox 1583 4045 1653 4098; x_wconf 90' lang='lat' dir='ltr'><strong>sit</strong></span> <span class='ocrx_word' id='word_1_303' title='bbox 1684 4042 1934 4099; x_wconf 88' lang='lat' dir='ltr'><strong>Christus</strong></span> <span class='ocrx_word' id='word_1_304' title='bbox 1954 4084 1970 4110; x_wconf 92' lang='lat'><strong>,</strong></span> <span class='ocrx_word' id='word_1_305' title='bbox 2003 4058 2165 4116; x_wconf 88' lang='lat' dir='ltr'><strong>atque</strong></span> 
     </span>
    </p>
   </div>
   <div class='ocr_carea' id='block_1_45' title="bbox 596 4137 2165 4206">
    <p class='ocr_par' dir='ltr' id='par_1_45' title="bbox 596 4137 2165 4206">
     <span class='ocr_line' id='line_1_45' title="bbox 596 4137 2165 4206; baseline 0.001 -17"><span class='ocrx_word' id='word_1_306' title='bbox 596 4139 712 4206; x_wconf 79' lang='lat' dir='ltr'><strong>ejus</strong></span> <span class='ocrx_word' id='word_1_307' title='bbox 769 4137 990 4191; x_wconf 87' lang='lat' dir='ltr'><strong>servitio</strong></span> <span class='ocrx_word' id='word_1_308' title='bbox 1049 4137 1375 4191; x_wconf 87' lang='lat' dir='ltr'><strong>liberaturus</strong></span> <span class='ocrx_word' id='word_1_309' title='bbox 1426 4151 1522 4191; x_wconf 88' lang='lat' dir='ltr'><strong>eos</strong></span> <span class='ocrx_word' id='word_1_310' title='bbox 1561 4138 1648 4204; x_wconf 91' lang='lat' dir='ltr'><strong>qui</strong></span> <span class='ocrx_word' id='word_1_311' title='bbox 1709 4137 1911 4193; x_wconf 83' lang='lat' dir='ltr'><strong>seducti</strong></span> <span class='ocrx_word' id='word_1_312' title='bbox 1962 4146 2118 4191; x_wconf 90' lang='lat' dir='ltr'><strong>erant</strong></span> <span class='ocrx_word' id='word_1_313' title='bbox 2150 4178 2165 4203; x_wconf 97' lang='lat'><strong>,</strong></span> 
     </span>
    </p>
   </div>
   <div class='ocr_carea' id='block_1_46' title="bbox 596 4226 2165 4298">
    <p class='ocr_par' dir='ltr' id='par_1_46' title="bbox 596 4226 2165 4298">
     <span class='ocr_line' id='line_1_46' title="bbox 596 4226 2165 4298; baseline 0 -16"><span class='ocrx_word' id='word_1_314' title='bbox 596 4231 761 4282; x_wconf 87' lang='lat' dir='ltr'><strong>etiam</strong></span> <span class='ocrx_word' id='word_1_315' title='bbox 797 4240 1086 4298; x_wconf 86' lang='lat' dir='ltr'><strong>antequam</strong></span> <span class='ocrx_word' id='word_1_316' title='bbox 1118 4226 1184 4281; x_wconf 88' lang='lat' dir='ltr'><strong>ad</strong></span> <span class='ocrx_word' id='word_1_317' title='bbox 1227 4242 1343 4282; x_wconf 82' lang='lat' dir='ltr'><strong>eam</strong></span> <span class='ocrx_word' id='word_1_318' title='bbox 1392 4238 1605 4282; x_wconf 63' lang='lat' dir='ltr'><strong>aetatem</strong></span> <span class='ocrx_word' id='word_1_319' title='bbox 1650 4229 1951 4297; x_wconf 80' lang='lat' dir='ltr'><strong>pertigerit,</strong></span> <span class='ocrx_word' id='word_1_320' title='bbox 1999 4244 2165 4298; x_wconf 83' lang='lat' dir='ltr'><strong>quant</strong></span> 
     </span>
    </p>
   </div>
   <div class='ocr_carea' id='block_1_47' title="bbox 597 4319 2167 4391">
    <p class='ocr_par' dir='ltr' id='par_1_47' title="bbox 597 4319 2167 4391">
     <span class='ocr_line' id='line_1_47' title="bbox 597 4319 2167 4391; baseline 0 -16"><span class='ocrx_word' id='word_1_321' title='bbox 597 4337 810 4391; x_wconf 77' lang='lat' dir='ltr'><strong>:cquum</strong></span> <span class='ocrx_word' id='word_1_322' title='bbox 840 4331 943 4384; x_wconf 89' lang='lat' dir='ltr'><strong>est,</strong></span> <span class='ocrx_word' id='word_1_323' title='bbox 981 4319 1123 4375; x_wconf 90' lang='lat' dir='ltr'><strong>scire</strong></span> <span class='ocrx_word' id='word_1_324' title='bbox 1147 4335 1306 4389; x_wconf 88' lang='lat' dir='ltr'><strong>posse</strong></span> <span class='ocrx_word' id='word_1_325' title='bbox 1339 4330 1545 4387; x_wconf 90' lang='lat' dir='ltr'><strong>patrem</strong></span> <span class='ocrx_word' id='word_1_326' title='bbox 1580 4335 1642 4373; x_wconf 91' lang='lat' dir='ltr'><strong>ac</strong></span> <span class='ocrx_word' id='word_1_327' title='bbox 1667 4331 1893 4373; x_wconf 88' lang='lat' dir='ltr'><strong>matrem</strong></span> <span class='ocrx_word' id='word_1_328' title='bbox 1919 4335 2115 4375; x_wconf 85' lang='lat' dir='ltr'><strong>vocare</strong></span> <span class='ocrx_word' id='word_1_329' title='bbox 2152 4361 2167 4385; x_wconf 96' lang='lat'><strong>,</strong></span> 
     </span>
    </p>
   </div>
   <div class='ocr_carea' id='block_1_48' title="bbox 600 4410 2161 4481">
    <p class='ocr_par' dir='ltr' id='par_1_48' title="bbox 600 4410 2161 4481">
     <span class='ocr_line' id='line_1_48' title="bbox 600 4410 2161 4481; baseline 0.001 -16"><span class='ocrx_word' id='word_1_330' title='bbox 600 4413 893 4466; x_wconf 74' lang='lat' dir='ltr'><strong>declaravit</strong></span> <span class='ocrx_word' id='word_1_331' title='bbox 920 4427 1041 4467; x_wconf 90' lang='lat' dir='ltr'><strong>cum</strong></span> <span class='ocrx_word' id='word_1_332' title='bbox 1069 4412 1185 4465; x_wconf 84' lang='lat' dir='ltr'><strong>ait:</strong></span> <span class='ocrx_word' id='word_1_333' title='bbox 1230 4430 1248 4463; x_wconf 78' lang='grc' dir='ltr'><strong>ι</strong></span> <span class='ocrx_word' id='word_1_334' title='bbox 1286 4410 1604 4480; x_wconf 86' lang='lat' dir='ltr'><strong>Priusquam</strong></span> <span class='ocrx_word' id='word_1_335' title='bbox 1640 4412 1775 4466; x_wconf 89' lang='lat' dir='ltr'><strong>sciat</strong></span> <span class='ocrx_word' id='word_1_336' title='bbox 1809 4425 1941 4481; x_wconf 90' lang='lat' dir='ltr'><strong>puer</strong></span> <span class='ocrx_word' id='word_1_337' title='bbox 1962 4427 2161 4467; x_wconf 90' lang='lat' dir='ltr'><strong>vocare</strong></span> 
     </span>
    </p>
   </div>
   <div class='ocr_carea' id='block_1_49' title="bbox 2251 572 3829 644">
    <p class='ocr_par' dir='ltr' id='par_1_49' title="bbox 2251 572 3829 644">
     <span class='ocr_line' id='line_1_49' title="bbox 2251 572 3829 644; baseline 0.002 -22"><span class='ocrx_word' id='word_1_338' title='bbox 2251 572 2453 636; x_wconf 75' lang='grc' dir='ltr'><strong>αὑτοῦ,</strong></span> <span class='ocrx_word' id='word_1_339' title='bbox 2510 573 2731 643; x_wconf 74' lang='grc' dir='ltr'><strong>Ταχέως</strong></span> <span class='ocrx_word' id='word_1_340' title='bbox 2782 574 3109 637; x_wconf 88' lang='grc' dir='ltr'><strong>σκύλευσον,</strong></span> <span class='ocrx_word' id='word_1_341' title='bbox 3183 573 3375 637; x_wconf 81' lang='grc' dir='ltr'><strong>Ὀξέως</strong></span> <span class='ocrx_word' id='word_1_342' title='bbox 3433 574 3829 644; x_wconf 83' lang='grc' dir='ltr'><strong>προνόμευσον.</strong></span> 
     </span>
    </p>
   </div>
   <div class='ocr_carea' id='block_1_50' title="bbox 2248 656 3824 734">
    <p class='ocr_par' dir='ltr' id='par_1_50' title="bbox 2248 656 3824 734">
     <span class='ocr_line' id='line_1_50' title="bbox 2248 656 3824 734; baseline 0.001 -21"><span class='ocrx_word' id='word_1_343' title='bbox 2248 656 2373 733; x_wconf 62' lang='grc' dir='ltr'><strong>Ἆρ’</strong></span> <span class='ocrx_word' id='word_1_344' title='bbox 2403 657 2495 717; x_wconf 78' lang='grc' dir='ltr'><strong>οὖν</strong></span> <span class='ocrx_word' id='word_1_345' title='bbox 2521 664 2725 716; x_wconf 88' lang='grc' dir='ltr'><strong>εἰκαῖον</strong></span> <span class='ocrx_word' id='word_1_346' title='bbox 2756 664 2925 733; x_wconf 77' lang='grc' dir='ltr'><strong>ὄνομα</strong></span> <span class='ocrx_word' id='word_1_347' title='bbox 2954 663 3102 733; x_wconf 89' lang='grc' dir='ltr'><strong>αύτῷ</strong></span> <span class='ocrx_word' id='word_1_348' title='bbox 3132 663 3192 715; x_wconf 88' lang='grc' dir='ltr'><strong>τὸ</strong></span> <span class='ocrx_word' id='word_1_349' title='bbox 3222 663 3458 734; x_wconf 81' lang='grc' dir='ltr'><strong>πρῶτον,</strong></span> <span class='ocrx_word' id='word_1_350' title='bbox 3487 662 3633 715; x_wconf 80' lang='grc' dir='ltr'><strong>τοῦτ’</strong></span> <span class='ocrx_word' id='word_1_351' title='bbox 3657 663 3824 726; x_wconf 70' lang='grc' dir='ltr'><strong>ἐστιν,</strong></span> 
     </span>
    </p>
   </div>
   <div class='ocr_carea' id='block_1_51' title="bbox 2263 756 3828 828">
    <p class='ocr_par' dir='ltr' id='par_1_51' title="bbox 2263 756 3828 828">
     <span class='ocr_line' id='line_1_51' title="bbox 2263 756 3828 828; baseline 0.002 -20"><span class='ocrx_word' id='word_1_352' title='bbox 2263 756 2640 827; x_wconf 84' lang='grc' dir='ltr'><strong>Ἐμμανουήλ;</strong></span> <span class='ocrx_word' id='word_1_353' title='bbox 2671 757 2868 828; x_wconf 82' lang='grc' dir='ltr'><strong>πρέποι</strong></span> <span class='ocrx_word' id='word_1_354' title='bbox 2889 758 2932 810; x_wconf 82' lang='grc' dir='ltr'><strong>δ’</strong></span> <span class='ocrx_word' id='word_1_355' title='bbox 2952 758 3017 810; x_wconf 82' lang='grc' dir='ltr'><strong>ἂν</strong></span> <span class='ocrx_word' id='word_1_356' title='bbox 3040 759 3120 811; x_wconf 86' lang='grc' dir='ltr'><strong>ὅτι</strong></span> <span class='ocrx_word' id='word_1_357' title='bbox 3152 758 3389 828; x_wconf 82' lang='grc' dir='ltr'><strong>μάλιστά</strong></span> <span class='ocrx_word' id='word_1_358' title='bbox 3410 773 3471 823; x_wconf 88' lang='grc' dir='ltr'><strong>γε</strong></span> <span class='ocrx_word' id='word_1_359' title='bbox 3499 757 3581 819; x_wconf 85' lang='grc' dir='ltr'><strong>τὸ,</strong></span> <span class='ocrx_word' id='word_1_360' title='bbox 3605 758 3828 827; x_wconf 82' lang='grc' dir='ltr'><strong>Ταχέως</strong></span> 
     </span>
    </p>
   </div>
   <div class='ocr_carea' id='block_1_52' title="bbox 2252 847 3824 919">
    <p class='ocr_par' dir='ltr' id='par_1_52' title="bbox 2252 847 3824 919">
     <span class='ocr_line' id='line_1_52' title="bbox 2252 847 3824 919; baseline 0.001 -21"><span class='ocrx_word' id='word_1_361' title='bbox 2252 848 2566 911; x_wconf 88' lang='grc' dir='ltr'><strong>σκύλευσον,</strong></span> <span class='ocrx_word' id='word_1_362' title='bbox 2610 848 2805 912; x_wconf 81' lang='grc' dir='ltr'><strong>Ὀξέως</strong></span> <span class='ocrx_word' id='word_1_363' title='bbox 2862 850 3265 919; x_wconf 85' lang='grc' dir='ltr'><strong>προνόμευσον;</strong></span> <span class='ocrx_word' id='word_1_364' title='bbox 3318 850 3391 902; x_wconf 73' lang='grc' dir='ltr'><strong>Οὐ</strong></span> <span class='ocrx_word' id='word_1_365' title='bbox 3423 847 3582 901; x_wconf 83' lang='grc' dir='ltr'><strong>τοῦτὸ</strong></span> <span class='ocrx_word' id='word_1_366' title='bbox 3625 864 3824 916; x_wconf 82' lang='grc' dir='ltr'><strong>φαμεν,</strong></span> 
     </span>
    </p>
   </div>
   <div class='ocr_carea' id='block_1_53' title="bbox 2251 939 3828 1012">
    <p class='ocr_par' dir='ltr' id='par_1_53' title="bbox 2251 939 3828 1012">
     <span class='ocr_line' id='line_1_53' title="bbox 2251 939 3828 1012; baseline 0 -22"><span class='ocrx_word' id='word_1_367' title='bbox 2251 939 2426 991; x_wconf 83' lang='grc' dir='ltr'><strong>έκεῖνο</strong></span> <span class='ocrx_word' id='word_1_368' title='bbox 2459 940 2515 992; x_wconf 80' lang='grc' dir='ltr'><strong>δὲ</strong></span> <span class='ocrx_word' id='word_1_369' title='bbox 2550 939 2769 1009; x_wconf 80' lang='grc' dir='ltr'><strong>μᾶλλον.</strong></span> <span class='ocrx_word' id='word_1_370' title='bbox 2813 939 2973 1003; x_wconf 85' lang='grc' dir='ltr'><strong>Ἔθος</strong></span> <span class='ocrx_word' id='word_1_371' title='bbox 3006 944 3073 1012; x_wconf 74' lang='grc' dir='ltr'><strong>τῇ</strong></span> <span class='ocrx_word' id='word_1_372' title='bbox 3109 939 3449 1010; x_wconf 81' lang='grc' dir='ltr'><strong>θεοπνεύστῳ</strong></span> <span class='ocrx_word' id='word_1_373' title='bbox 3484 940 3673 1011; x_wconf 77' lang='grc' dir='ltr'>Γραφῇ</span> <span class='ocrx_word' id='word_1_374' title='bbox 3712 939 3828 991; x_wconf 66' lang='grc' dir='ltr'><strong>διας</strong></span> 
     </span>
    </p>
   </div>
   <div class='ocr_carea' id='block_1_54' title="bbox 2253 1030 3830 1101">
    <p class='ocr_par' dir='ltr' id='par_1_54' title="bbox 2253 1030 3830 1101">
     <span class='ocr_line' id='line_1_54' title="bbox 2253 1030 3830 1101; baseline -0.001 -18"><span class='ocrx_word' id='word_1_375' title='bbox 2253 1032 2439 1101; x_wconf 81' lang='grc' dir='ltr'><strong>φόροις</strong></span> <span class='ocrx_word' id='word_1_376' title='bbox 2467 1032 2689 1101; x_wconf 82' lang='grc' dir='ltr'><strong>ὀνόμασι</strong></span> <span class='ocrx_word' id='word_1_377' title='bbox 2744 1031 2834 1084; x_wconf 88' lang='grc' dir='ltr'><strong>τὸν</strong></span> <span class='ocrx_word' id='word_1_378' title='bbox 2863 1031 2969 1083; x_wconf 82' lang='grc' dir='ltr'><strong>τῶν</strong></span> <span class='ocrx_word' id='word_1_379' title='bbox 3001 1032 3167 1085; x_wconf 84' lang='grc' dir='ltr'><strong>ὄντων</strong></span> <span class='ocrx_word' id='word_1_380' title='bbox 3200 1031 3333 1085; x_wconf 83' lang='grc' dir='ltr'>Θεὸν</span> <span class='ocrx_word' id='word_1_381' title='bbox 3384 1030 3699 1094; x_wconf 83' lang='grc' dir='ltr'><strong>ἀποκαλεῖν,</strong></span> <span class='ocrx_word' id='word_1_382' title='bbox 3733 1030 3830 1083; x_wconf 76' lang='grc' dir='ltr'><strong>καὶ</strong></span> 
     </span>
    </p>
   </div>
   <div class='ocr_carea' id='block_1_55' title="bbox 2251 1120 3827 1193">
    <p class='ocr_par' dir='ltr' id='par_1_55' title="bbox 2251 1120 3827 1193">
     <span class='ocr_line' id='line_1_55' title="bbox 2251 1120 3827 1193; baseline -0.001 -21"><span class='ocrx_word' id='word_1_383' title='bbox 2251 1121 2326 1184; x_wconf 84' lang='grc' dir='ltr'><strong>ὡς</strong></span> <span class='ocrx_word' id='word_1_384' title='bbox 2376 1122 2482 1175; x_wconf 80' lang='grc' dir='ltr'><strong>ἀπό</strong></span> <span class='ocrx_word' id='word_1_385' title='bbox 2513 1138 2575 1188; x_wconf 86' lang='grc' dir='ltr'><strong>γε</strong></span> <span class='ocrx_word' id='word_1_386' title='bbox 2626 1122 2735 1173; x_wconf 69' lang='grc' dir='ltr'><strong>τῶν</strong></span> <span class='ocrx_word' id='word_1_387' title='bbox 2786 1122 2927 1174; x_wconf 78' lang='grc' dir='ltr'><strong>κατὰ</strong></span> <span class='ocrx_word' id='word_1_388' title='bbox 2973 1123 3198 1191; x_wconf 76' lang='grc' dir='ltr'><strong>καιροὺς</strong></span> <span class='ocrx_word' id='word_1_389' title='bbox 3249 1122 3543 1193; x_wconf 81' lang='grc' dir='ltr'><strong>δρωμένων</strong></span> <span class='ocrx_word' id='word_1_390' title='bbox 3579 1120 3691 1172; x_wconf 77' lang='grc' dir='ltr'><strong>ἔσθ’</strong></span> <span class='ocrx_word' id='word_1_391' title='bbox 3739 1121 3827 1172; x_wconf 77' lang='grc' dir='ltr'><strong>ὅτε</strong></span> 
     </span>
    </p>
   </div>
   <div class='ocr_carea' id='block_1_56' title="bbox 2254 1212 3831 1282">
    <p class='ocr_par' dir='ltr' id='par_1_56' title="bbox 2254 1212 3831 1282">
     <span class='ocr_line' id='line_1_56' title="bbox 2254 1212 3831 1282; baseline -0.003 -17"><span class='ocrx_word' id='word_1_392' title='bbox 2254 1213 2631 1281; x_wconf 81' lang='grc' dir='ltr'><strong>προσεπινοεῖν</strong></span> <span class='ocrx_word' id='word_1_393' title='bbox 2665 1212 2761 1275; x_wconf 79' lang='grc' dir='ltr'><strong>τὰς</strong></span> <span class='ocrx_word' id='word_1_394' title='bbox 2806 1212 3048 1282; x_wconf 79' lang='grc' dir='ltr'><strong>κλήσεις.</strong></span> <span class='ocrx_word' id='word_1_395' title='bbox 3096 1213 3265 1265; x_wconf 73' lang='grc' dir='ltr'><strong>Τοῦτο</strong></span> <span class='ocrx_word' id='word_1_396' title='bbox 3292 1214 3584 1282; x_wconf 74' lang='grc' dir='ltr'><strong>τετήρηται</strong></span> <span class='ocrx_word' id='word_1_397' title='bbox 3615 1212 3709 1265; x_wconf 76' lang='grc' dir='ltr'><strong>καὶ</strong></span> <span class='ocrx_word' id='word_1_398' title='bbox 3742 1212 3831 1262; x_wconf 73' lang='grc' dir='ltr'><strong>ἐπ’</strong></span> 
     </span>
    </p>
   </div>
   <div class='ocr_carea' id='block_1_57' title="bbox 2251 1302 3831 1375">
    <p class='ocr_par' dir='ltr' id='par_1_57' title="bbox 2251 1302 3831 1375">
     <span class='ocr_line' id='line_1_57' title="bbox 2251 1302 3831 1375; baseline -0.003 -18"><span class='ocrx_word' id='word_1_399' title='bbox 2251 1303 2418 1357; x_wconf 75' lang='grc' dir='ltr'><strong>αὑτοῦ</strong></span> <span class='ocrx_word' id='word_1_400' title='bbox 2464 1302 2555 1356; x_wconf 80' lang='grc' dir='ltr'><strong>τοῦ</strong></span> <span class='ocrx_word' id='word_1_401' title='bbox 2610 1304 2863 1374; x_wconf 81' lang='grc' dir='ltr'><strong>Χριστοῦ.</strong></span> <span class='ocrx_word' id='word_1_402' title='bbox 2921 1304 3052 1367; x_wconf 84' lang='grc' dir='ltr'>Θεὸς</span> <span class='ocrx_word' id='word_1_403' title='bbox 3097 1305 3204 1375; x_wconf 86' lang='grc' dir='ltr'><strong>γάρ</strong></span> <span class='ocrx_word' id='word_1_404' title='bbox 3249 1306 3394 1357; x_wconf 78' lang='grc' dir='ltr'><strong>ἐστιν</strong></span> <span class='ocrx_word' id='word_1_405' title='bbox 3428 1302 3700 1373; x_wconf 83' lang='grc' dir='ltr'><strong>ἀληθινὸς.</strong></span> <span class='ocrx_word' id='word_1_406' title='bbox 3737 1303 3831 1354; x_wconf 69' lang='grc' dir='ltr'><strong>καὶ</strong></span> 
     </span>
    </p>
   </div>
   <div class='ocr_carea' id='block_1_58' title="bbox 2253 1392 3829 1463">
    <p class='ocr_par' dir='ltr' id='par_1_58' title="bbox 2253 1392 3829 1463">
     <span class='ocr_line' id='line_1_58' title="bbox 2253 1392 3829 1463; baseline -0.004 -17"><span class='ocrx_word' id='word_1_407' title='bbox 2253 1395 2335 1447; x_wconf 84' lang='grc' dir='ltr'><strong>ὅτι</strong></span> <span class='ocrx_word' id='word_1_408' title='bbox 2368 1394 2463 1462; x_wconf 81' lang='grc' dir='ltr'><strong>μὲν</strong></span> <span class='ocrx_word' id='word_1_409' title='bbox 2512 1392 2641 1456; x_wconf 71' lang='grc' dir='ltr'>Θεὸς</span> <span class='ocrx_word' id='word_1_410' title='bbox 2673 1392 2748 1445; x_wconf 83' lang='grc' dir='ltr'><strong>ὢν</strong></span> <span class='ocrx_word' id='word_1_411' title='bbox 2781 1393 2959 1461; x_wconf 80' lang='grc' dir='ltr'><strong>φύσει,</strong></span> <span class='ocrx_word' id='word_1_412' title='bbox 2990 1394 3177 1462; x_wconf 85' lang='grc' dir='ltr'><strong>γέγονε</strong></span> <span class='ocrx_word' id='word_1_413' title='bbox 3214 1392 3333 1463; x_wconf 77' lang='grc' dir='ltr'><strong>μεθ’</strong></span> <span class='ocrx_word' id='word_1_414' title='bbox 3378 1392 3532 1463; x_wconf 76' lang='grc' dir='ltr'><strong>ἡμῶν</strong></span> <span class='ocrx_word' id='word_1_415' title='bbox 3571 1394 3599 1444; x_wconf 86' lang='lat'><strong>6</strong></span> <span class='ocrx_word' id='word_1_416' title='bbox 3630 1392 3829 1457; x_wconf 76' lang='grc' dir='ltr'><strong>Λόγος,</strong></span> 
     </span>
    </p>
   </div>
   <div class='ocr_carea' id='block_1_59' title="bbox 2254 1481 3833 1554">
    <p class='ocr_par' dir='ltr' id='par_1_59' title="bbox 2254 1481 3833 1554">
     <span class='ocr_line' id='line_1_59' title="bbox 2254 1481 3833 1554; baseline -0.003 -16"><span class='ocrx_word' id='word_1_417' title='bbox 2254 1486 2328 1538; x_wconf 83' lang='grc' dir='ltr'><strong>ὅτ’</strong></span> <span class='ocrx_word' id='word_1_418' title='bbox 2362 1486 2598 1553; x_wconf 76' lang='grc' dir='ltr'><strong>ὲπέφηνε</strong></span> <span class='ocrx_word' id='word_1_419' title='bbox 2646 1484 2768 1538; x_wconf 80' lang='grc' dir='ltr'><strong>καθ’</strong></span> <span class='ocrx_word' id='word_1_420' title='bbox 2806 1486 2974 1554; x_wconf 76' lang='grc' dir='ltr'><strong>ἡμᾶς,</strong></span> <span class='ocrx_word' id='word_1_421' title='bbox 3029 1484 3428 1554; x_wconf 87' lang='grc' dir='ltr'><strong>κατασημαίνει</strong></span> <span class='ocrx_word' id='word_1_422' title='bbox 3479 1483 3579 1550; x_wconf 84' lang='grc' dir='ltr'><strong>μὲν</strong></span> <span class='ocrx_word' id='word_1_423' title='bbox 3625 1481 3692 1535; x_wconf 81' lang='grc' dir='ltr'><strong>ἂν</strong></span> <span class='ocrx_word' id='word_1_424' title='bbox 3734 1482 3833 1534; x_wconf 68' lang='grc' dir='ltr'><strong>καὶ</strong></span> 
     </span>
    </p>
   </div>
   <div class='ocr_carea' id='block_1_60' title="bbox 2259 1574 3833 1647">
    <p class='ocr_par' dir='ltr' id='par_1_60' title="bbox 2259 1574 3833 1647">
     <span class='ocr_line' id='line_1_60' title="bbox 2259 1574 3833 1647; baseline -0.004 -17"><span class='ocrx_word' id='word_1_425' title='bbox 2259 1576 2404 1647; x_wconf 84' lang='grc' dir='ltr'><strong>μάλα</strong></span> <span class='ocrx_word' id='word_1_426' title='bbox 2457 1577 2641 1645; x_wconf 76' lang='grc' dir='ltr'><strong>σαφῶς</strong></span> <span class='ocrx_word' id='word_1_427' title='bbox 2668 1577 2764 1641; x_wconf 89' lang='grc' dir='ltr'><strong>τὸ,</strong></span> <span class='ocrx_word' id='word_1_428' title='bbox 2811 1577 3172 1647; x_wconf 79' lang='grc' dir='ltr'><strong>Ἐμμανουήλ.</strong></span> <span class='ocrx_word' id='word_1_429' title='bbox 3235 1575 3451 1645; x_wconf 71' lang='grc' dir='ltr'><strong>Ἐπειδὴ</strong></span> <span class='ocrx_word' id='word_1_430' title='bbox 3497 1575 3552 1628; x_wconf 80' lang='grc' dir='ltr'><strong>δὲ</strong></span> <span class='ocrx_word' id='word_1_431' title='bbox 3607 1574 3833 1643; x_wconf 87' lang='grc' dir='ltr'><strong>γέγονεν</strong></span> 
     </span>
    </p>
   </div>
   <div class='ocr_carea' id='block_1_61' title="bbox 2257 1664 3834 1737">
    <p class='ocr_par' dir='ltr' id='par_1_61' title="bbox 2257 1664 3834 1737">
     <span class='ocr_line' id='line_1_61' title="bbox 2257 1664 3834 1737; baseline -0.002 -18"><span class='ocrx_word' id='word_1_432' title='bbox 2257 1667 2561 1737; x_wconf 80' lang='grc' dir='ltr'><strong>ἄνθρωπος,</strong></span> <span class='ocrx_word' id='word_1_433' title='bbox 2625 1665 2915 1719; x_wconf 84' lang='grc' dir='ltr'><strong>έσκύλευσε</strong></span> <span class='ocrx_word' id='word_1_434' title='bbox 2971 1666 3060 1718; x_wconf 88' lang='grc' dir='ltr'><strong>τὸν</strong></span> <span class='ocrx_word' id='word_1_435' title='bbox 3108 1667 3380 1728; x_wconf 69' lang='grc' dir='ltr'><strong>Σατανᾶν,</strong></span> <span class='ocrx_word' id='word_1_436' title='bbox 3432 1666 3525 1717; x_wconf 82' lang='grc' dir='ltr'><strong>καὶ</strong></span> <span class='ocrx_word' id='word_1_437' title='bbox 3578 1665 3684 1735; x_wconf 76' lang='grc' dir='ltr'><strong>μὴν</strong></span> <span class='ocrx_word' id='word_1_438' title='bbox 3736 1664 3834 1717; x_wconf 69' lang='grc' dir='ltr'><strong>καὶ</strong></span> 
     </span>
    </p>
   </div>
   <div class='ocr_carea' id='block_1_62' title="bbox 2258 1756 3833 1829">
    <p class='ocr_par' dir='ltr' id='par_1_62' title="bbox 2258 1756 3833 1829">
     <span class='ocr_line' id='line_1_62' title="bbox 2258 1756 3833 1829; baseline -0.003 -18"><span class='ocrx_word' id='word_1_439' title='bbox 2258 1758 2492 1825; x_wconf 74' lang='grc' dir='ltr'><strong>ἐξείλετο</strong></span> <span class='ocrx_word' id='word_1_440' title='bbox 2519 1762 2616 1829; x_wconf 78' lang='grc' dir='ltr'><strong>τῆς</strong></span> <span class='ocrx_word' id='word_1_441' title='bbox 2649 1758 2854 1811; x_wconf 75' lang='grc' dir='ltr'><strong>ἐκείνου</strong></span> <span class='ocrx_word' id='word_1_442' title='bbox 2891 1759 3206 1827; x_wconf 78' lang='grc' dir='ltr'><strong>σκαιότητος</strong></span> <span class='ocrx_word' id='word_1_443' title='bbox 3246 1759 3371 1819; x_wconf 78' lang='grc' dir='ltr'><strong>τοὺς</strong></span> <span class='ocrx_word' id='word_1_444' title='bbox 3401 1756 3565 1810; x_wconf 76' lang='grc' dir='ltr'><strong>πάλαι</strong></span> <span class='ocrx_word' id='word_1_445' title='bbox 3594 1756 3833 1825; x_wconf 77' lang='grc' dir='ltr'><strong>διηρπα-</strong></span> 
     </span>
    </p>
   </div>
   <div class='ocr_carea' id='block_1_63' title="bbox 2259 1847 3834 1921">
    <p class='ocr_par' dir='ltr' id='par_1_63' title="bbox 2259 1847 3834 1921">
     <span class='ocr_line' id='line_1_63' title="bbox 2259 1847 3834 1921; baseline -0.003 -18"><span class='ocrx_word' id='word_1_446' title='bbox 2259 1852 2508 1921; x_wconf 86' lang='grc' dir='ltr'><strong>σμένους,</strong></span> <span class='ocrx_word' id='word_1_447' title='bbox 2550 1851 2642 1904; x_wconf 73' lang='grc' dir='ltr'><strong>καὶ</strong></span> <span class='ocrx_word' id='word_1_448' title='bbox 2674 1850 3021 1913; x_wconf 83' lang='grc' dir='ltr'><strong>δουλεύοντας</strong></span> <span class='ocrx_word' id='word_1_449' title='bbox 3070 1849 3218 1919; x_wconf 80' lang='grc' dir='ltr'><strong>αὐτῷ</strong></span> <span class='ocrx_word' id='word_1_450' title='bbox 3269 1849 3354 1901; x_wconf 83' lang='grc' dir='ltr'><strong>διὰ</strong></span> <span class='ocrx_word' id='word_1_451' title='bbox 3393 1851 3490 1919; x_wconf 84' lang='grc' dir='ltr'><strong>τῆς</strong></span> <span class='ocrx_word' id='word_1_452' title='bbox 3538 1847 3834 1916; x_wconf 87' lang='grc' dir='ltr'><strong>ἁμαρτίας,</strong></span> 
     </span>
    </p>
   </div>
   <div class='ocr_carea' id='block_1_64' title="bbox 2257 1936 3836 2011">
    <p class='ocr_par' dir='ltr' id='par_1_64' title="bbox 2257 1936 3836 2011">
     <span class='ocr_line' id='line_1_64' title="bbox 2257 1936 3836 2011; baseline -0.004 -17"><span class='ocrx_word' id='word_1_453' title='bbox 2257 1941 2542 2006; x_wconf 80' lang='grc' dir='ltr'><strong>ὲκδείξειεν</strong></span> <span class='ocrx_word' id='word_1_454' title='bbox 2569 1941 2633 1994; x_wconf 84' lang='grc' dir='ltr'><strong>ἂν</strong></span> <span class='ocrx_word' id='word_1_455' title='bbox 2666 1942 2726 1994; x_wconf 86' lang='grc' dir='ltr'><strong>τὸ</strong></span> <span class='ocrx_word' id='word_1_456' title='bbox 2746 1982 2761 2006; x_wconf 96' lang='grc'><strong>,</strong></span> <span class='ocrx_word' id='word_1_457' title='bbox 2798 1941 3021 2011; x_wconf 81' lang='grc' dir='ltr'><strong>Ταχέως</strong></span> <span class='ocrx_word' id='word_1_458' title='bbox 3056 1940 3368 2003; x_wconf 88' lang='grc' dir='ltr'><strong>σκύλευσον,</strong></span> <span class='ocrx_word' id='word_1_459' title='bbox 3414 1938 3607 2005; x_wconf 80' lang='grc' dir='ltr'><strong>Ὀξέως</strong></span> <span class='ocrx_word' id='word_1_460' title='bbox 3636 1936 3836 2007; x_wconf 72' lang='grc' dir='ltr'><strong>προνό-</strong></span> 
     </span>
    </p>
   </div>
   <div class='ocr_carea' id='block_1_65' title="bbox 2262 2031 3838 2104">
    <p class='ocr_par' dir='ltr' id='par_1_65' title="bbox 2262 2031 3838 2104">
     <span class='ocr_line' id='line_1_65' title="bbox 2262 2031 3838 2104; baseline -0.003 -19"><span class='ocrx_word' id='word_1_461' title='bbox 2262 2051 2476 2104; x_wconf 88' lang='grc' dir='ltr'><strong>μευσον.</strong></span> <span class='ocrx_word' id='word_1_462' title='bbox 2515 2034 2637 2086; x_wconf 87' lang='grc' dir='ltr'><strong>’Ὀτι</strong></span> <span class='ocrx_word' id='word_1_463' title='bbox 2684 2033 2740 2086; x_wconf 82' lang='grc' dir='ltr'><strong>δὲ</strong></span> <span class='ocrx_word' id='word_1_464' title='bbox 2785 2034 2860 2097; x_wconf 84' lang='grc' dir='ltr'><strong>ὡς</strong></span> <span class='ocrx_word' id='word_1_465' title='bbox 2912 2033 3043 2097; x_wconf 88' lang='grc' dir='ltr'>Θεὸς</span> <span class='ocrx_word' id='word_1_466' title='bbox 3074 2034 3335 2103; x_wconf 77' lang='grc' dir='ltr'><strong>ἀφράστῳ</strong></span> <span class='ocrx_word' id='word_1_467' title='bbox 3362 2031 3585 2100; x_wconf 84' lang='grc' dir='ltr'><strong>δυνάμει</strong></span> <span class='ocrx_word' id='word_1_468' title='bbox 3636 2044 3838 2098; x_wconf 72' lang='grc' dir='ltr'><strong>κατορο</strong></span> 
     </span>
    </p>
   </div>
   <div class='ocr_carea' id='block_1_66' title="bbox 2260 2119 3839 2197">
    <p class='ocr_par' dir='ltr' id='par_1_66' title="bbox 2260 2119 3839 2197">
     <span class='ocr_line' id='line_1_66' title="bbox 2260 2119 3839 2197; baseline -0.007 -18"><span class='ocrx_word' id='word_1_469' title='bbox 2260 2126 2383 2180; x_wconf 75' lang='grc' dir='ltr'><strong>θοῦν</strong></span> <span class='ocrx_word' id='word_1_470' title='bbox 2420 2125 2611 2197; x_wconf 80' lang='grc' dir='ltr'><strong>ἔμελλε</strong></span> <span class='ocrx_word' id='word_1_471' title='bbox 2637 2126 2744 2177; x_wconf 80' lang='grc' dir='ltr'><strong>τῶν</strong></span> <span class='ocrx_word' id='word_1_472' title='bbox 2774 2124 2867 2177; x_wconf 76' lang='grc' dir='ltr'><strong>ἐπὶ</strong></span> <span class='ocrx_word' id='word_1_473' title='bbox 2892 2126 2992 2195; x_wconf 81' lang='grc' dir='ltr'><strong>γῆς</strong></span> <span class='ocrx_word' id='word_1_474' title='bbox 3015 2126 3112 2193; x_wconf 85' lang='grc' dir='ltr'><strong>τὴν</strong></span> <span class='ocrx_word' id='word_1_475' title='bbox 3140 2123 3406 2193; x_wconf 79' lang='grc' dir='ltr'><strong>λύτρωσιν</strong></span> <span class='ocrx_word' id='word_1_476' title='bbox 3436 2119 3839 2189; x_wconf 72' lang='grc' dir='ltr'><strong>προαναφαίνει</strong></span> 
     </span>
    </p>
   </div>
   <div class='ocr_carea' id='block_1_67' title="bbox 2258 2210 3843 2287">
    <p class='ocr_par' dir='ltr' id='par_1_67' title="bbox 2258 2210 3843 2287">
     <span class='ocr_line' id='line_1_67' title="bbox 2258 2210 3843 2287; baseline -0.008 -15"><span class='ocrx_word' id='word_1_477' title='bbox 2258 2219 2464 2287; x_wconf 88' lang='grc' dir='ltr'><strong>λέγων·</strong></span> <span class='ocrx_word' id='word_1_478' title='bbox 2509 2238 2526 2269; x_wconf 79' lang='grc' dir='ltr'><strong>ι</strong></span> <span class='ocrx_word' id='word_1_479' title='bbox 2561 2217 2703 2270; x_wconf 77' lang='grc' dir='ltr'><strong>Διότι</strong></span> <span class='ocrx_word' id='word_1_480' title='bbox 2763 2218 2894 2287; x_wconf 80' lang='grc' dir='ltr'><strong>πρὶν</strong></span> <span class='ocrx_word' id='word_1_481' title='bbox 2944 2218 2976 2286; x_wconf 83' lang='grc' dir='ltr'>ἢ</span> <span class='ocrx_word' id='word_1_482' title='bbox 3020 2216 3218 2284; x_wconf 84' lang='grc' dir='ltr'><strong>γνῶναι</strong></span> <span class='ocrx_word' id='word_1_483' title='bbox 3275 2213 3334 2265; x_wconf 86' lang='grc' dir='ltr'><strong>τὸ</strong></span> <span class='ocrx_word' id='word_1_484' title='bbox 3390 2211 3597 2265; x_wconf 78' lang='grc' dir='ltr'><strong>παιδίον</strong></span> <span class='ocrx_word' id='word_1_485' title='bbox 3649 2210 3843 2263; x_wconf 78' lang='grc' dir='ltr'>καλεῖν</span> 
     </span>
    </p>
   </div>
   <div class='ocr_carea' id='block_1_68' title="bbox 2261 2300 3845 2381">
    <p class='ocr_par' dir='ltr' id='par_1_68' title="bbox 2261 2300 3845 2381">
     <span class='ocr_line' id='line_1_68' title="bbox 2261 2300 3845 2381; baseline -0.006 -19"><span class='ocrx_word' id='word_1_486' title='bbox 2261 2309 2528 2381; x_wconf 80' lang='grc' dir='ltr'><strong>πατέραῆ</strong></span> <span class='ocrx_word' id='word_1_487' title='bbox 2565 2310 2794 2379; x_wconf 82' lang='grc' dir='ltr'><strong>μητέρα,</strong></span> <span class='ocrx_word' id='word_1_488' title='bbox 2838 2307 3065 2377; x_wconf 76' lang='grc' dir='ltr'><strong>λήψεται</strong></span> <span class='ocrx_word' id='word_1_489' title='bbox 3116 2303 3344 2375; x_wconf 86' lang='grc' dir='ltr'><strong>δύναμιν</strong></span> <span class='ocrx_word' id='word_1_490' title='bbox 3388 2302 3698 2373; x_wconf 81' lang='grc' dir='ltr'><strong>Δαμασκοῦ,</strong></span> <span class='ocrx_word' id='word_1_491' title='bbox 3745 2300 3845 2353; x_wconf 70' lang='grc' dir='ltr'><strong>καὶ</strong></span> 
     </span>
    </p>
   </div>
   <div class='ocr_carea' id='block_1_69' title="bbox 2262 2393 3835 2469">
    <p class='ocr_par' dir='ltr' id='par_1_69' title="bbox 2262 2393 3835 2469">
     <span class='ocr_line' id='line_1_69' title="bbox 2262 2393 3835 2469; baseline -0.006 -16"><span class='ocrx_word' id='word_1_492' title='bbox 2262 2400 2434 2453; x_wconf 89' lang='grc' dir='ltr'><strong>σκύλα</strong></span> <span class='ocrx_word' id='word_1_493' title='bbox 2468 2400 2800 2469; x_wconf 86' lang='grc' dir='ltr'><strong>Σαμαρείας,</strong></span> <span class='ocrx_word' id='word_1_494' title='bbox 2835 2398 3121 2451; x_wconf 81' lang='grc' dir='ltr'>κατέναντι</span> <span class='ocrx_word' id='word_1_495' title='bbox 3152 2395 3414 2465; x_wconf 89' lang='grc' dir='ltr'><strong>βασιλέως</strong></span> <span class='ocrx_word' id='word_1_496' title='bbox 3452 2393 3771 2463; x_wconf 83' lang='grc' dir='ltr'><strong>Ἀσσυρίων.</strong></span> <span class='ocrx_word' id='word_1_497' title='bbox 3816 2410 3835 2443; x_wconf 74' lang='grc' dir='ltr'><strong>ι</strong></span> 
     </span>
    </p>
   </div>
   <div class='ocr_carea' id='block_1_70' title="bbox 2262 2482 3845 2561">
    <p class='ocr_par' dir='ltr' id='par_1_70' title="bbox 2262 2482 3845 2561">
     <span class='ocr_line' id='line_1_70' title="bbox 2262 2482 3845 2561; baseline -0.006 -17"><span class='ocrx_word' id='word_1_498' title='bbox 2262 2491 2439 2555; x_wconf 78' lang='grc' dir='ltr'><strong>Βαθὺς</strong></span> <span class='ocrx_word' id='word_1_499' title='bbox 2489 2492 2543 2543; x_wconf 75' lang='grc' dir='ltr'><strong>δὲ</strong></span> <span class='ocrx_word' id='word_1_500' title='bbox 2598 2491 2800 2561; x_wconf 64' lang='grc' dir='ltr'><strong>σφόδρα</strong></span> <span class='ocrx_word' id='word_1_501' title='bbox 2851 2490 2957 2542; x_wconf 84' lang='grc' dir='ltr'><strong>τῶν</strong></span> <span class='ocrx_word' id='word_1_502' title='bbox 3008 2486 3379 2555; x_wconf 75' lang='grc' dir='ltr'><strong>προκειμένων</strong></span> <span class='ocrx_word' id='word_1_503' title='bbox 3443 2486 3471 2537; x_wconf 97' lang='lat'><strong>6</strong></span> <span class='ocrx_word' id='word_1_504' title='bbox 3540 2482 3683 2546; x_wconf 81' lang='grc' dir='ltr'><strong>νοῦς,</strong></span> <span class='ocrx_word' id='word_1_505' title='bbox 3743 2482 3845 2535; x_wconf 74' lang='grc' dir='ltr'><strong>καὶ</strong></span> 
     </span>
    </p>
   </div>
   <div class='ocr_carea' id='block_1_71' title="bbox 2262 2571 3844 2651">
    <p class='ocr_par' dir='ltr' id='par_1_71' title="bbox 2262 2571 3844 2651">
     <span class='ocr_line' id='line_1_71' title="bbox 2262 2571 3844 2651; baseline -0.008 -15"><span class='ocrx_word' id='word_1_506' title='bbox 2262 2583 2629 2651; x_wconf 81' lang='grc' dir='ltr'><strong>πνευματικὸν</strong></span> <span class='ocrx_word' id='word_1_507' title='bbox 2662 2581 2722 2634; x_wconf 82' lang='grc' dir='ltr'><strong>τὸ</strong></span> <span class='ocrx_word' id='word_1_508' title='bbox 2755 2582 3018 2651; x_wconf 80' lang='grc' dir='ltr'><strong>διήγημα.</strong></span> <span class='ocrx_word' id='word_1_509' title='bbox 3057 2578 3378 2648; x_wconf 85' lang='grc' dir='ltr'><strong>Κέκρυπται</strong></span> <span class='ocrx_word' id='word_1_510' title='bbox 3408 2574 3517 2645; x_wconf 78' lang='grc' dir='ltr'><strong>γὰρ</strong></span> <span class='ocrx_word' id='word_1_511' title='bbox 3551 2571 3844 2640; x_wconf 72' lang='grc' dir='ltr'><strong>ἀσαφείαις</strong></span> 
     </span>
    </p>
   </div>
   <div class='ocr_carea' id='block_1_72' title="bbox 2262 2662 3849 2737">
    <p class='ocr_par' dir='ltr' id='par_1_72' title="bbox 2262 2662 3849 2737">
     <span class='ocr_line' id='line_1_72' title="bbox 2262 2662 3849 2737; baseline -0.008 -13"><span class='ocrx_word' id='word_1_512' title='bbox 2262 2673 2349 2725; x_wconf 85' lang='grc' dir='ltr'><strong>ἀεί</strong></span> <span class='ocrx_word' id='word_1_513' title='bbox 2396 2689 2511 2733; x_wconf 85' lang='grc' dir='ltr'><strong>πως</strong></span> <span class='ocrx_word' id='word_1_514' title='bbox 2562 2673 2590 2723; x_wconf 92' lang='lat'><strong>6</strong></span> <span class='ocrx_word' id='word_1_515' title='bbox 2634 2672 2775 2733; x_wconf 85' lang='grc' dir='ltr'><strong>θεῖος</strong></span> <span class='ocrx_word' id='word_1_516' title='bbox 2820 2670 3007 2737; x_wconf 74' lang='grc' dir='ltr'><strong>λόγος’</strong></span> <span class='ocrx_word' id='word_1_517' title='bbox 3039 2669 3137 2736; x_wconf 84' lang='grc' dir='ltr'><strong>οὐχ</strong></span> <span class='ocrx_word' id='word_1_518' title='bbox 3184 2666 3488 2737; x_wconf 82' lang='grc' dir='ltr'><strong>εὑρήσομεν</strong></span> <span class='ocrx_word' id='word_1_519' title='bbox 3518 2665 3625 2733; x_wconf 78' lang='grc' dir='ltr'><strong>γὰρ</strong></span> <span class='ocrx_word' id='word_1_520' title='bbox 3657 2662 3733 2724; x_wconf 81' lang='grc' dir='ltr'><strong>ὡς</strong></span> <span class='ocrx_word' id='word_1_521' title='bbox 3783 2662 3849 2713; x_wconf 81' lang='grc' dir='ltr'><strong>ἐν</strong></span> 
     </span>
    </p>
   </div>
   <div class='ocr_carea' id='block_1_73' title="bbox 2264 2753 3847 2834">
    <p class='ocr_par' dir='ltr' id='par_1_73' title="bbox 2264 2753 3847 2834">
     <span class='ocr_line' id='line_1_73' title="bbox 2264 2753 3847 2834; baseline -0.007 -18"><span class='ocrx_word' id='word_1_522' title='bbox 2264 2764 2474 2834; x_wconf 68' lang='grc' dir='ltr'><strong>ἱστορίᾳ⁵</strong></span> <span class='ocrx_word' id='word_1_523' title='bbox 2499 2780 2556 2815; x_wconf 90' lang='grc' dir='ltr'><strong>τε</strong></span> <span class='ocrx_word' id='word_1_524' title='bbox 2582 2762 2674 2816; x_wconf 72' lang='grc' dir='ltr'><strong>καὶ</strong></span> <span class='ocrx_word' id='word_1_525' title='bbox 2704 2764 2762 2815; x_wconf 80' lang='grc' dir='ltr'><strong>ἐν</strong></span> <span class='ocrx_word' id='word_1_526' title='bbox 2787 2761 3062 2831; x_wconf 77' lang='grc' dir='ltr'><strong>αἰσθητοῖς</strong></span> <span class='ocrx_word' id='word_1_527' title='bbox 3090 2758 3427 2830; x_wconf 81' lang='grc' dir='ltr'><strong>πράγμασιν,</strong></span> <span class='ocrx_word' id='word_1_528' title='bbox 3451 2758 3532 2809; x_wconf 79' lang='grc' dir='ltr'><strong>ὅτι</strong></span> <span class='ocrx_word' id='word_1_529' title='bbox 3561 2753 3847 2823; x_wconf 72' lang='grc' dir='ltr'><strong>γεννηθεὶς</strong></span> 
     </span>
    </p>
   </div>
   <div class='ocr_carea' id='block_1_74' title="bbox 2263 2843 3848 2925">
    <p class='ocr_par' dir='ltr' id='par_1_74' title="bbox 2263 2843 3848 2925">
     <span class='ocr_line' id='line_1_74' title="bbox 2263 2843 3848 2925; baseline -0.009 -16"><span class='ocrx_word' id='word_1_530' title='bbox 2263 2856 2423 2918; x_wconf 77' lang='grc' dir='ltr'><strong>εὐθὺς</strong></span> <span class='ocrx_word' id='word_1_531' title='bbox 2461 2856 2490 2907; x_wconf 94' lang='lat'><strong>6</strong></span> <span class='ocrx_word' id='word_1_532' title='bbox 2518 2854 2771 2925; x_wconf 85' lang='grc' dir='ltr'><strong>Χριστὸς,</strong></span> <span class='ocrx_word' id='word_1_533' title='bbox 2800 2853 2833 2923; x_wconf 75' lang='grc' dir='ltr'>ἢ</span> <span class='ocrx_word' id='word_1_534' title='bbox 2862 2852 2959 2924; x_wconf 78' lang='grc' dir='ltr'><strong>τὴν</strong></span> <span class='ocrx_word' id='word_1_535' title='bbox 2985 2850 3273 2921; x_wconf 88' lang='grc' dir='ltr'><strong>Δαμασκὸν</strong></span> <span class='ocrx_word' id='word_1_536' title='bbox 3303 2847 3647 2910; x_wconf 74' lang='grc' dir='ltr'><strong>ἐσκύλευσεν,</strong></span> <span class='ocrx_word' id='word_1_537' title='bbox 3677 2846 3711 2915; x_wconf 78' lang='grc' dir='ltr'>ἦ</span> <span class='ocrx_word' id='word_1_538' title='bbox 3740 2843 3848 2914; x_wconf 82' lang='grc' dir='ltr'><strong>τὴν</strong></span> 
     </span>
    </p>
   </div>
   <div class='ocr_carea' id='block_1_75' title="bbox 2263 2938 3849 3019">
    <p class='ocr_par' dir='ltr' id='par_1_75' title="bbox 2263 2938 3849 3019">
     <span class='ocr_line' id='line_1_75' title="bbox 2263 2938 3849 3019; baseline -0.009 -19"><span class='ocrx_word' id='word_1_539' title='bbox 2263 2947 2445 3019; x_wconf 88' lang='grc' dir='ltr'><strong>χώραν</strong></span> <span class='ocrx_word' id='word_1_540' title='bbox 2482 2946 2576 3001; x_wconf 82' lang='grc' dir='ltr'><strong>τοῦ</strong></span> <span class='ocrx_word' id='word_1_541' title='bbox 2627 2946 2891 3016; x_wconf 87' lang='grc' dir='ltr'><strong>βασιλέως</strong></span> <span class='ocrx_word' id='word_1_542' title='bbox 2936 2942 3046 2997; x_wconf 84' lang='grc' dir='ltr'><strong>τῶν</strong></span> <span class='ocrx_word' id='word_1_543' title='bbox 3089 2942 3427 3012; x_wconf 68' lang='grc' dir='ltr'><strong>Ἀσσυρίων,</strong></span> <span class='ocrx_word' id='word_1_544' title='bbox 3478 2938 3849 3009; x_wconf 78' lang='grc' dir='ltr'><strong>λυτρούμενος</strong></span> 
     </span>
    </p>
   </div>
   <div class='ocr_carea' id='block_1_76' title="bbox 2262 3026 3848 3106">
    <p class='ocr_par' dir='ltr' id='par_1_76' title="bbox 2262 3026 3848 3106">
     <span class='ocr_line' id='line_1_76' title="bbox 2262 3026 3848 3106; baseline -0.008 -18"><span class='ocrx_word' id='word_1_545' title='bbox 2262 3038 2387 3098; x_wconf 81' lang='grc' dir='ltr'><strong>τοὺς</strong></span> <span class='ocrx_word' id='word_1_546' title='bbox 2419 3038 2484 3089; x_wconf 79' lang='grc' dir='ltr'><strong>ἐκ</strong></span> <span class='ocrx_word' id='word_1_547' title='bbox 2539 3036 2638 3106; x_wconf 82' lang='grc' dir='ltr'><strong>τῆς</strong></span> <span class='ocrx_word' id='word_1_548' title='bbox 2668 3034 2979 3106; x_wconf 81' lang='grc' dir='ltr'><strong>Σαμαρείας</strong></span> <span class='ocrx_word' id='word_1_549' title='bbox 3025 3034 3105 3095; x_wconf 88' lang='grc' dir='ltr'><strong>είς</strong></span> <span class='ocrx_word' id='word_1_550' title='bbox 3148 3030 3245 3101; x_wconf 80' lang='grc' dir='ltr'><strong>τὴν</strong></span> <span class='ocrx_word' id='word_1_551' title='bbox 3279 3030 3484 3083; x_wconf 77' lang='grc' dir='ltr'><strong>ἐκείνου</strong></span> <span class='ocrx_word' id='word_1_552' title='bbox 3519 3029 3702 3098; x_wconf 76' lang='grc' dir='ltr'><strong>χώραν</strong></span> <span class='ocrx_word' id='word_1_553' title='bbox 3736 3026 3848 3078; x_wconf 80' lang='grc' dir='ltr'><strong>ἀπο</strong></span> 
     </span>
    </p>
   </div>
   <div class='ocr_carea' id='block_1_77' title="bbox 2263 3117 3855 3198">
    <p class='ocr_par' dir='ltr' id='par_1_77' title="bbox 2263 3117 3855 3198">
     <span class='ocr_line' id='line_1_77' title="bbox 2263 3117 3855 3198; baseline -0.006 -18"><span class='ocrx_word' id='word_1_554' title='bbox 2263 3127 2676 3198; x_wconf 84' lang='grc' dir='ltr'><strong>ενηνεγμένους.</strong></span> <span class='ocrx_word' id='word_1_555' title='bbox 2717 3128 2882 3179; x_wconf 69' lang='grc' dir='ltr'><strong>Ὅταν</strong></span> <span class='ocrx_word' id='word_1_556' title='bbox 2924 3125 2979 3178; x_wconf 83' lang='grc' dir='ltr'><strong>δὲ</strong></span> <span class='ocrx_word' id='word_1_557' title='bbox 3010 3124 3212 3195; x_wconf 87' lang='grc' dir='ltr'><strong>νοητῶς</strong></span> <span class='ocrx_word' id='word_1_558' title='bbox 3258 3122 3596 3191; x_wconf 72' lang='grc' dir='ltr'><strong>ἐκλάδωμεν,</strong></span> <span class='ocrx_word' id='word_1_559' title='bbox 3629 3120 3748 3172; x_wconf 87' lang='grc' dir='ltr'><strong>τότε</strong></span> <span class='ocrx_word' id='word_1_560' title='bbox 3779 3117 3855 3188; x_wconf 76' lang='grc' dir='ltr'><strong>δὴ</strong></span> 
     </span>
    </p>
   </div>
   <div class='ocr_carea' id='block_1_78' title="bbox 2215 3206 3851 3287">
    <p class='ocr_par' dir='ltr' id='par_1_78' title="bbox 2215 3206 3851 3287">
     <span class='ocr_line' id='line_1_78' title="bbox 2215 3206 3851 3287; baseline -0.006 -16"><span class='ocrx_word' id='word_1_561' title='bbox 2215 3206 2232 3227; x_wconf 76' lang='grc'><em>’</em></span> <span class='ocrx_word' id='word_1_562' title='bbox 2265 3219 2481 3279; x_wconf 82' lang='grc' dir='ltr'><strong>πάντως</strong></span> <span class='ocrx_word' id='word_1_563' title='bbox 2507 3218 2567 3270; x_wconf 91' lang='grc' dir='ltr'><strong>τὸ</strong></span> <span class='ocrx_word' id='word_1_564' title='bbox 2612 3216 2808 3285; x_wconf 78' lang='grc' dir='ltr'><strong>ἀληθὲς</strong></span> <span class='ocrx_word' id='word_1_565' title='bbox 2839 3215 3099 3287; x_wconf 69' lang='grc' dir='ltr'><strong>ὀψόμεθα.</strong></span> <span class='ocrx_word' id='word_1_566' title='bbox 3132 3214 3340 3269; x_wconf 79' lang='grc' dir='ltr'><strong>Οὐκοῦν</strong></span> <span class='ocrx_word' id='word_1_567' title='bbox 3382 3214 3417 3283; x_wconf 75' lang='grc' dir='ltr'>ἦ</span> <span class='ocrx_word' id='word_1_568' title='bbox 3442 3230 3499 3265; x_wconf 89' lang='grc' dir='ltr'><strong>τε</strong></span> <span class='ocrx_word' id='word_1_569' title='bbox 3532 3209 3851 3280; x_wconf 87' lang='grc' dir='ltr'><strong>Δαμασκὸς,</strong></span> 
     </span>
    </p>
   </div>
   <div class='ocr_carea' id='block_1_79' title="bbox 2264 3299 3851 3379">
    <p class='ocr_par' dir='ltr' id='par_1_79' title="bbox 2264 3299 3851 3379">
     <span class='ocr_line' id='line_1_79' title="bbox 2264 3299 3851 3379; baseline -0.008 -17"><span class='ocrx_word' id='word_1_570' title='bbox 2264 3309 2428 3379; x_wconf 69' lang='grc' dir='ltr'><strong>ἤγουν</strong></span> <span class='ocrx_word' id='word_1_571' title='bbox 2453 3307 2621 3379; x_wconf 84' lang='grc' dir='ltr'><strong>Συρία</strong></span> <span class='ocrx_word' id='word_1_572' title='bbox 2652 3310 2821 3370; x_wconf 82' lang='grc' dir='ltr'><strong>πᾶσα,</strong></span> <span class='ocrx_word' id='word_1_573' title='bbox 2858 3307 2951 3359; x_wconf 70' lang='grc' dir='ltr'><strong>καὶ</strong></span> <span class='ocrx_word' id='word_1_574' title='bbox 2982 3306 3089 3375; x_wconf 81' lang='grc' dir='ltr'><strong>μὴν</strong></span> <span class='ocrx_word' id='word_1_575' title='bbox 3121 3306 3153 3375; x_wconf 82' lang='grc' dir='ltr'><strong>ή</strong></span> <span class='ocrx_word' id='word_1_576' title='bbox 3200 3305 3307 3358; x_wconf 84' lang='grc' dir='ltr'><strong>τῶν</strong></span> <span class='ocrx_word' id='word_1_577' title='bbox 3345 3300 3646 3372; x_wconf 83' lang='grc' dir='ltr'><strong>Ἀσσυρίων</strong></span> <span class='ocrx_word' id='word_1_578' title='bbox 3669 3299 3851 3370; x_wconf 85' lang='grc' dir='ltr'><strong>χώρα,</strong></span> 
     </span>
    </p>
   </div>
   <div class='ocr_carea' id='block_1_80' title="bbox 2262 3394 3859 3473">
    <p class='ocr_par' dir='ltr' id='par_1_80' title="bbox 2262 3394 3859 3473">
     <span class='ocr_line' id='line_1_80' title="bbox 2262 3394 3859 3473; baseline -0.007 -16"><span class='ocrx_word' id='word_1_579' title='bbox 2262 3404 2405 3457; x_wconf 79' lang='grc' dir='ltr'><strong>τοῦτ’</strong></span> <span class='ocrx_word' id='word_1_580' title='bbox 2442 3403 2607 3465; x_wconf 77' lang='grc' dir='ltr'><strong>ἔστιν,</strong></span> <span class='ocrx_word' id='word_1_581' title='bbox 2657 3404 2689 3473; x_wconf 81' lang='grc' dir='ltr'>ὴ</span> <span class='ocrx_word' id='word_1_582' title='bbox 2745 3401 2969 3471; x_wconf 81' lang='grc' dir='ltr'><strong>Περσῶν</strong></span> <span class='ocrx_word' id='word_1_583' title='bbox 3014 3418 3073 3453; x_wconf 89' lang='grc' dir='ltr'><strong>τε</strong></span> <span class='ocrx_word' id='word_1_584' title='bbox 3132 3400 3225 3453; x_wconf 65' lang='grc' dir='ltr'><strong>κα)⁸</strong></span> <span class='ocrx_word' id='word_1_585' title='bbox 3273 3398 3471 3469; x_wconf 83' lang='grc' dir='ltr'>Μήδων</span> <span class='ocrx_word' id='word_1_586' title='bbox 3528 3394 3859 3465; x_wconf 83' lang='grc' dir='ltr'><strong>μεμέστωτο</strong></span> 
     </span>
    </p>
   </div>
   <div class='ocr_carea' id='block_1_81' title="bbox 2267 3485 3859 3566">
    <p class='ocr_par' dir='ltr' id='par_1_81' title="bbox 2267 3485 3859 3566">
     <span class='ocr_line' id='line_1_81' title="bbox 2267 3485 3859 3566; baseline -0.008 -17"><span class='ocrx_word' id='word_1_587' title='bbox 2267 3495 2365 3566; x_wconf 83' lang='grc' dir='ltr'><strong>μὲν</strong></span> <span class='ocrx_word' id='word_1_588' title='bbox 2412 3493 2675 3548; x_wconf 78' lang='grc' dir='ltr'><strong>εἰδώλων⁹</strong></span> <span class='ocrx_word' id='word_1_589' title='bbox 2711 3495 2803 3547; x_wconf 74' lang='grc' dir='ltr'><strong>καὶ</strong></span> <span class='ocrx_word' id='word_1_590' title='bbox 2838 3493 2925 3546; x_wconf 82' lang='grc' dir='ltr'><strong>διὰ</strong></span> <span class='ocrx_word' id='word_1_591' title='bbox 2952 3492 3110 3546; x_wconf 82' lang='grc' dir='ltr'><strong>τοῦτο</strong></span> <span class='ocrx_word' id='word_1_592' title='bbox 3152 3490 3415 3559; x_wconf 88' lang='grc' dir='ltr'><strong>κέκληται</strong></span> <span class='ocrx_word' id='word_1_593' title='bbox 3454 3488 3528 3558; x_wconf 83' lang='grc' dir='ltr'><strong>γῆ</strong></span> <span class='ocrx_word' id='word_1_594' title='bbox 3577 3487 3683 3539; x_wconf 84' lang='grc' dir='ltr'><strong>τῶν</strong></span> <span class='ocrx_word' id='word_1_595' title='bbox 3721 3485 3859 3553; x_wconf 83' lang='grc' dir='ltr'><strong>γλυ-</strong></span> 
     </span>
    </p>
   </div>
   <div class='ocr_carea' id='block_1_82' title="bbox 2266 3575 3858 3658">
    <p class='ocr_par' dir='ltr' id='par_1_82' title="bbox 2266 3575 3858 3658">
     <span class='ocr_line' id='line_1_82' title="bbox 2266 3575 3858 3658; baseline -0.008 -18"><span class='ocrx_word' id='word_1_596' title='bbox 2266 3586 2446 3640; x_wconf 81' lang='grc' dir='ltr'><strong>πτῶν’</strong></span> <span class='ocrx_word' id='word_1_597' title='bbox 2496 3582 2635 3658; x_wconf 82' lang='grc' dir='ltr'><strong>ἦσαν</strong></span> <span class='ocrx_word' id='word_1_598' title='bbox 2676 3586 2786 3656; x_wconf 69' lang='grc' dir='ltr'><strong>γὰρ</strong></span> <span class='ocrx_word' id='word_1_599' title='bbox 2822 3585 2994 3655; x_wconf 74' lang='grc' dir='ltr'><strong>βωμοὶ</strong></span> <span class='ocrx_word' id='word_1_600' title='bbox 3044 3583 3138 3637; x_wconf 76' lang='grc' dir='ltr'><strong>καὶ</strong></span> <span class='ocrx_word' id='word_1_601' title='bbox 3182 3582 3382 3653; x_wconf 84' lang='grc' dir='ltr'><strong>τεμένη</strong></span> <span class='ocrx_word' id='word_1_602' title='bbox 3418 3576 3718 3649; x_wconf 75' lang='grc' dir='ltr'><strong>πανταχοῦ,</strong></span> <span class='ocrx_word' id='word_1_603' title='bbox 3755 3575 3858 3629; x_wconf 73' lang='grc' dir='ltr'><strong>καὶ</strong></span> 
     </span>
    </p>
   </div>
   <div class='ocr_carea' id='block_1_83' title="bbox 2264 3667 3857 3747">
    <p class='ocr_par' dir='ltr' id='par_1_83' title="bbox 2264 3667 3857 3747">
     <span class='ocr_line' id='line_1_83' title="bbox 2264 3667 3857 3747; baseline -0.002 -17"><span class='ocrx_word' id='word_1_604' title='bbox 2264 3679 2314 3731; x_wconf 80' lang='grc' dir='ltr'><strong>οἱ</strong></span> <span class='ocrx_word' id='word_1_605' title='bbox 2345 3680 2455 3740; x_wconf 90' lang='grc' dir='ltr'><strong>τοῖς</strong></span> <span class='ocrx_word' id='word_1_606' title='bbox 2504 3677 2788 3747; x_wconf 84' lang='grc' dir='ltr'><strong>τεμένεσιν</strong></span> <span class='ocrx_word' id='word_1_607' title='bbox 2833 3677 3228 3747; x_wconf 84' lang='grc' dir='ltr'><strong>ὲμφιλοχωρεῖν</strong></span> <span class='ocrx_word' id='word_1_608' title='bbox 3276 3672 3554 3735; x_wconf 85' lang='grc' dir='ltr'><strong>εἰωθότες,</strong></span> <span class='ocrx_word' id='word_1_609' title='bbox 3612 3668 3758 3738; x_wconf 63' lang='grc' dir='ltr'><strong>φημὶ</strong></span> <span class='ocrx_word' id='word_1_610' title='bbox 3785 3667 3857 3737; x_wconf 80' lang='grc' dir='ltr'><strong>δὴ</strong></span> 
     </span>
    </p>
   </div>
   <div class='ocr_carea' id='block_1_84' title="bbox 2266 3754 3859 3835">
    <p class='ocr_par' dir='ltr' id='par_1_84' title="bbox 2266 3754 3859 3835">
     <span class='ocr_line' id='line_1_84' title="bbox 2266 3754 3859 3835; baseline -0.009 -16"><span class='ocrx_word' id='word_1_611' title='bbox 2266 3766 2334 3819; x_wconf 65' lang='grc' dir='ltr'><strong>τὰ</strong></span> <span class='ocrx_word' id='word_1_612' title='bbox 2374 3765 2481 3818; x_wconf 83' lang='grc' dir='ltr'><strong>τῶν</strong></span> <span class='ocrx_word' id='word_1_613' title='bbox 2512 3765 2929 3835; x_wconf 57' lang='grc' dir='ltr'><strong>ψευδομάντεων</strong></span> <span class='ocrx_word' id='word_1_614' title='bbox 2976 3764 3130 3833; x_wconf 85' lang='grc' dir='ltr'><strong>γένη,</strong></span> <span class='ocrx_word' id='word_1_615' title='bbox 3165 3762 3256 3815; x_wconf 68' lang='grc' dir='ltr'><strong>καὶ</strong></span> <span class='ocrx_word' id='word_1_616' title='bbox 3299 3756 3380 3822; x_wconf 74' lang='grc' dir='ltr'><strong>οἷς</strong></span> <span class='ocrx_word' id='word_1_617' title='bbox 3432 3764 3464 3829; x_wconf 78' lang='grc' dir='ltr'>ἡ</span> <span class='ocrx_word' id='word_1_618' title='bbox 3496 3758 3660 3828; x_wconf 86' lang='grc' dir='ltr'><strong>τέχνη</strong></span> <span class='ocrx_word' id='word_1_619' title='bbox 3714 3754 3859 3826; x_wconf 78' lang='grc' dir='ltr'><strong>πρὸς</strong></span> 
     </span>
    </p>
   </div>
   <div class='ocr_carea' id='block_1_85' title="bbox 2267 3843 3859 3926">
    <p class='ocr_par' dir='ltr' id='par_1_85' title="bbox 2267 3843 3859 3926">
     <span class='ocr_line' id='line_1_85' title="bbox 2267 3843 3859 3926; baseline -0.008 -18"><span class='ocrx_word' id='word_1_620' title='bbox 2267 3857 2541 3926; x_wconf 84' lang='grc' dir='ltr'><strong>γοήτειαν.</strong></span> <span class='ocrx_word' id='word_1_621' title='bbox 2575 3856 2731 3908; x_wconf 84' lang='grc' dir='ltr'><strong>Πᾶσα</strong></span> <span class='ocrx_word' id='word_1_622' title='bbox 2783 3853 2839 3907; x_wconf 84' lang='grc' dir='ltr'><strong>δὲ</strong></span> <span class='ocrx_word' id='word_1_623' title='bbox 2887 3854 3090 3906; x_wconf 88' lang='grc' dir='ltr'><strong>τούτων</strong></span> <span class='ocrx_word' id='word_1_624' title='bbox 3134 3854 3165 3923; x_wconf 85' lang='grc' dir='ltr'>ή</span> <span class='ocrx_word' id='word_1_625' title='bbox 3208 3850 3435 3919; x_wconf 88' lang='grc' dir='ltr'><strong>δύναμις</strong></span> <span class='ocrx_word' id='word_1_626' title='bbox 3486 3843 3576 3918; x_wconf 75' lang='grc' dir='ltr'><strong>ἦν,</strong></span> <span class='ocrx_word' id='word_1_627' title='bbox 3609 3846 3677 3898; x_wconf 77' lang='grc' dir='ltr'><strong>τὰ</strong></span> <span class='ocrx_word' id='word_1_628' title='bbox 3723 3845 3859 3910; x_wconf 82' lang='grc' dir='ltr'><strong>παρ’</strong></span> 
     </span>
    </p>
   </div>
   <div class='ocr_carea' id='block_1_86' title="bbox 2267 3934 3860 4018">
    <p class='ocr_par' dir='ltr' id='par_1_86' title="bbox 2267 3934 3860 4018">
     <span class='ocr_line' id='line_1_86' title="bbox 2267 3934 3860 4018; baseline -0.01 -17"><span class='ocrx_word' id='word_1_629' title='bbox 2267 3948 2515 4011; x_wconf 74' lang='grc' dir='ltr'><strong>ἑκάστοις</strong></span> <span class='ocrx_word' id='word_1_630' title='bbox 2546 3946 2954 4018; x_wconf 83' lang='grc' dir='ltr'><strong>θρησκευόμενα</strong></span> <span class='ocrx_word' id='word_1_631' title='bbox 2984 3944 3256 4013; x_wconf 83' lang='grc' dir='ltr'><strong>δαιμόνια,</strong></span> <span class='ocrx_word' id='word_1_632' title='bbox 3276 3942 3368 3995; x_wconf 69' lang='grc' dir='ltr'><strong>καὶ</strong></span> <span class='ocrx_word' id='word_1_633' title='bbox 3398 3941 3427 3993; x_wconf 92' lang='lat'><strong>6</strong></span> <span class='ocrx_word' id='word_1_634' title='bbox 3454 3938 3659 3993; x_wconf 81' lang='grc' dir='ltr'><strong>τούτων</strong></span> <span class='ocrx_word' id='word_1_635' title='bbox 3688 3934 3860 4006; x_wconf 80' lang='grc' dir='ltr'><strong>ἡγού-</strong></span> 
     </span>
    </p>
   </div>
   <div class='ocr_carea' id='block_1_87' title="bbox 2271 4022 3863 4107">
    <p class='ocr_par' dir='ltr' id='par_1_87' title="bbox 2271 4022 3863 4107">
     <span class='ocr_line' id='line_1_87' title="bbox 2271 4022 3863 4107; baseline -0.008 -19"><span class='ocrx_word' id='word_1_636' title='bbox 2271 4053 2429 4107; x_wconf 80' lang='grc' dir='ltr'><strong>μενος</strong></span> <span class='ocrx_word' id='word_1_637' title='bbox 2464 4038 2725 4101; x_wconf 83' lang='grc' dir='ltr'><strong>Σατανᾶς.</strong></span> <span class='ocrx_word' id='word_1_638' title='bbox 2758 4035 2888 4089; x_wconf 82' lang='grc' dir='ltr'><strong>Ὅτε</strong></span> <span class='ocrx_word' id='word_1_639' title='bbox 2917 4034 3095 4086; x_wconf 80' lang='grc' dir='ltr'><strong>τοίνυν</strong></span> <span class='ocrx_word' id='word_1_640' title='bbox 3118 4031 3309 4102; x_wconf 76' lang='grc' dir='ltr'><strong>ἔμελλε</strong></span> <span class='ocrx_word' id='word_1_641' title='bbox 3339 4032 3438 4101; x_wconf 79' lang='grc' dir='ltr'><strong>τήν</strong></span> <span class='ocrx_word' id='word_1_642' title='bbox 3471 4046 3529 4081; x_wconf 92' lang='grc' dir='ltr'><strong>τε</strong></span> <span class='ocrx_word' id='word_1_643' title='bbox 3562 4022 3863 4098; x_wconf 76' lang='grc' dir='ltr'><strong>Δαμασκοῦ</strong></span> 
     </span>
    </p>
   </div>
   <div class='ocr_carea' id='block_1_88' title="bbox 2268 4116 3858 4197">
    <p class='ocr_par' dir='ltr' id='par_1_88' title="bbox 2268 4116 3858 4197">
     <span class='ocr_line' id='line_1_88' title="bbox 2268 4116 3858 4197; baseline -0.009 -18"><span class='ocrx_word' id='word_1_644' title='bbox 2268 4128 2517 4196; x_wconf 88' lang='grc' dir='ltr'><strong>δύναμιν,</strong></span> <span class='ocrx_word' id='word_1_645' title='bbox 2555 4128 2649 4181; x_wconf 79' lang='grc' dir='ltr'><strong>καὶ</strong></span> <span class='ocrx_word' id='word_1_646' title='bbox 2690 4126 2793 4197; x_wconf 82' lang='grc' dir='ltr'><strong>μὴν</strong></span> <span class='ocrx_word' id='word_1_647' title='bbox 2828 4127 2921 4179; x_wconf 70' lang='grc' dir='ltr'><strong>καὶ</strong></span> <span class='ocrx_word' id='word_1_648' title='bbox 2958 4124 3056 4194; x_wconf 81' lang='grc' dir='ltr'><strong>τὴν</strong></span> <span class='ocrx_word' id='word_1_649' title='bbox 3084 4122 3176 4175; x_wconf 80' lang='grc' dir='ltr'><strong>τοῦ</strong></span> <span class='ocrx_word' id='word_1_650' title='bbox 3213 4120 3474 4191; x_wconf 82' lang='grc' dir='ltr'><strong>βασιλέως</strong></span> <span class='ocrx_word' id='word_1_651' title='bbox 3505 4116 3611 4170; x_wconf 85' lang='grc' dir='ltr'><strong>τῶν</strong></span> <span class='ocrx_word' id='word_1_652' title='bbox 3656 4116 3858 4167; x_wconf 80' lang='grc' dir='ltr'><strong>Ἀσσυ-</strong></span> 
     </span>
    </p>
   </div>
   <div class='ocr_carea' id='block_1_89' title="bbox 2272 4210 3863 4294">
    <p class='ocr_par' dir='ltr' id='par_1_89' title="bbox 2272 4210 3863 4294">
     <span class='ocr_line' id='line_1_89' title="bbox 2272 4210 3863 4294; baseline -0.009 -19"><span class='ocrx_word' id='word_1_653' title='bbox 2272 4224 2432 4294; x_wconf 84' lang='grc' dir='ltr'><strong>ρίων,</strong></span> <span class='ocrx_word' id='word_1_654' title='bbox 2481 4220 2623 4273; x_wconf 81' lang='grc' dir='ltr'><strong>τοῦτ’</strong></span> <span class='ocrx_word' id='word_1_655' title='bbox 2672 4218 2786 4272; x_wconf 73' lang='grc' dir='ltr'><strong>ἔστι</strong></span> <span class='ocrx_word' id='word_1_656' title='bbox 2830 4218 2921 4271; x_wconf 87' lang='grc' dir='ltr'><strong>τὸν</strong></span> <span class='ocrx_word' id='word_1_657' title='bbox 2967 4216 3208 4268; x_wconf 81' lang='grc' dir='ltr'><strong>Σατανᾶν</strong></span> <span class='ocrx_word' id='word_1_658' title='bbox 3261 4212 3355 4266; x_wconf 65' lang='grc' dir='ltr'><strong>καὶ</strong></span> <span class='ocrx_word' id='word_1_659' title='bbox 3398 4210 3465 4263; x_wconf 83' lang='grc' dir='ltr'><strong>τὰ</strong></span> <span class='ocrx_word' id='word_1_660' title='bbox 3512 4210 3725 4279; x_wconf 70' lang='grc' dir='ltr'><strong>πονηρὰ</strong></span> <span class='ocrx_word' id='word_1_661' title='bbox 3765 4210 3863 4261; x_wconf 73' lang='grc' dir='ltr'><strong>καὶ</strong></span> 
     </span>
    </p>
   </div>
   <div class='ocr_carea' id='block_1_90' title="bbox 2274 4302 3862 4390">
    <p class='ocr_par' dir='ltr' id='par_1_90' title="bbox 2274 4302 3862 4390">
     <span class='ocr_line' id='line_1_90' title="bbox 2274 4302 3862 4390; baseline -0.01 -19"><span class='ocrx_word' id='word_1_662' title='bbox 2274 4318 2475 4390; x_wconf 75' lang='grc' dir='ltr'><strong>βέϐηλα</strong></span> <span class='ocrx_word' id='word_1_663' title='bbox 2505 4314 2610 4367; x_wconf 84' lang='grc' dir='ltr'>τῶν</span> <span class='ocrx_word' id='word_1_664' title='bbox 2639 4311 2928 4381; x_wconf 72' lang='grc' dir='ltr'><strong>δαιμονίων</strong></span> <span class='ocrx_word' id='word_1_665' title='bbox 2966 4309 3148 4377; x_wconf 72' lang='grc' dir='ltr'><strong>στίφη,</strong></span> <span class='ocrx_word' id='word_1_666' title='bbox 3188 4306 3470 4376; x_wconf 70' lang='grc' dir='ltr'><strong>μονονουχὶ</strong></span> <span class='ocrx_word' id='word_1_667' title='bbox 3515 4302 3862 4370; x_wconf 79' lang='grc' dir='ltr'><strong>καταληῖσα-</strong></span> 
     </span>
    </p>
   </div>
   <div class='ocr_carea' id='block_1_91' title="bbox 2273 4392 3865 4476">
    <p class='ocr_par' dir='ltr' id='par_1_91' title="bbox 2273 4392 3865 4476">
     <span class='ocr_line' id='line_1_91' title="bbox 2273 4392 3865 4476; baseline -0.012 -15"><span class='ocrx_word' id='word_1_668' title='bbox 2273 4408 2396 4460; x_wconf 85' lang='grc' dir='ltr'><strong>σθαι</strong></span> <span class='ocrx_word' id='word_1_669' title='bbox 2426 4403 2679 4476; x_wconf 70' lang='grc' dir='ltr'><strong>Χριστὸς,</strong></span> <span class='ocrx_word' id='word_1_670' title='bbox 2735 4398 3039 4462; x_wconf 80' lang='grc' dir='ltr'><strong>ἀπαλλάξαι</strong></span> <span class='ocrx_word' id='word_1_671' title='bbox 3078 4415 3135 4450; x_wconf 81' lang='grc' dir='ltr'><strong>τε</strong></span> <span class='ocrx_word' id='word_1_672' title='bbox 3165 4397 3263 4467; x_wconf 73' lang='grc' dir='ltr'><strong>τῆς</strong></span> <span class='ocrx_word' id='word_1_673' title='bbox 3298 4394 3388 4447; x_wconf 78' lang='grc' dir='ltr'><strong>ὑπ’</strong></span> <span class='ocrx_word' id='word_1_674' title='bbox 3432 4392 3581 4463; x_wconf 67' lang='grc' dir='ltr'><strong>αύτῷ</strong></span> <span class='ocrx_word' id='word_1_675' title='bbox 3617 4392 3865 4454; x_wconf 79' lang='grc' dir='ltr'><strong>δουλείας</strong></span> 
     </span>
    </p>
   </div>
   <div class='ocr_carea' id='block_1_92' title="bbox 601 4484 2163 4574">
    <p class='ocr_par' dir='ltr' id='par_1_92' title="bbox 601 4504 2163 4574">
     <span class='ocr_line' id='line_1_92' title="bbox 601 4504 2163 4574; baseline -0.001 -18"><span class='ocrx_word' id='word_1_676' title='bbox 601 4514 805 4574; x_wconf 87' lang='lat' dir='ltr'><strong>patrem</strong></span> <span class='ocrx_word' id='word_1_677' title='bbox 832 4504 913 4559; x_wconf 88' lang='lat' dir='ltr'><strong>vel</strong></span> <span class='ocrx_word' id='word_1_678' title='bbox 944 4515 1195 4567; x_wconf 81' lang='lat' dir='ltr'><strong>matrem,</strong></span> <span class='ocrx_word' id='word_1_679' title='bbox 1233 4505 1534 4573; x_wconf 87' lang='lat' dir='ltr'><strong>potentiam</strong></span> <span class='ocrx_word' id='word_1_680' title='bbox 1574 4504 1821 4559; x_wconf 88' lang='lat' dir='ltr'><strong>Damasci</strong></span> <span class='ocrx_word' id='word_1_681' title='bbox 1872 4504 2104 4560; x_wconf 80' lang='lat' dir='ltr'><strong>auferet.</strong></span> <span class='ocrx_word' id='word_1_682' title='bbox 2145 4523 2163 4555; x_wconf 75' lang='grc' dir='ltr'><strong>ι</strong></span> 
     </span>
    </p>
   </div>
   <div class='ocr_carea' id='block_1_93' title="bbox 2265 4484 3867 4574">
    <p class='ocr_par' dir='ltr' id='par_1_93' title="bbox 2274 4484 3867 4569">
     <span class='ocr_line' id='line_1_93' title="bbox 2274 4484 3867 4569; baseline -0.011 -18"><span class='ocrx_word' id='word_1_683' title='bbox 2274 4501 2399 4562; x_wconf 75' lang='grc' dir='ltr'><strong>τοὺς</strong></span> <span class='ocrx_word' id='word_1_684' title='bbox 2428 4494 2843 4569; x_wconf 76' lang='grc' dir='ltr'><strong>ἠπατημένους,</strong></span> <span class='ocrx_word' id='word_1_685' title='bbox 2877 4492 2970 4544; x_wconf 74' lang='grc' dir='ltr'><strong>καὶ</strong></span> <span class='ocrx_word' id='word_1_686' title='bbox 3009 4488 3137 4560; x_wconf 74' lang='grc' dir='ltr'><strong>πρὶν</strong></span> <span class='ocrx_word' id='word_1_687' title='bbox 3173 4485 3387 4557; x_wconf 81' lang='grc' dir='ltr'><strong>ἡλικίας</strong></span> <span class='ocrx_word' id='word_1_688' title='bbox 3422 4485 3741 4555; x_wconf 78' lang='grc' dir='ltr'><strong>σωματικῆς</strong></span> <span class='ocrx_word' id='word_1_689' title='bbox 3781 4484 3867 4545; x_wconf 88' lang='grc' dir='ltr'><strong>είς</strong></span> 
     </span>
    </p>
   </div>
   <div class='ocr_carea' id='block_1_94' title="bbox 600 4595 2161 4665">
    <p class='ocr_par' dir='ltr' id='par_1_94' title="bbox 600 4595 2161 4665">
     <span class='ocr_line' id='line_1_94' title="bbox 600 4595 2161 4665; baseline 0 -16"><span class='ocrx_word' id='word_1_690' title='bbox 600 4595 839 4664; x_wconf 82' lang='lat' dir='ltr'><strong>Auferet,</strong></span> <span class='ocrx_word' id='word_1_691' title='bbox 874 4612 992 4665; x_wconf 91' lang='lat' dir='ltr'><strong>pro,</strong></span> <span class='ocrx_word' id='word_1_692' title='bbox 1029 4596 1461 4665; x_wconf 86' lang='lat' dir='ltr'><strong>depopulabitur.</strong></span> <span class='ocrx_word' id='word_1_693' title='bbox 1493 4595 1715 4650; x_wconf 85' lang='lat' dir='ltr'><strong>Auferet</strong></span> <span class='ocrx_word' id='word_1_694' title='bbox 1741 4596 1868 4650; x_wconf 91' lang='lat' dir='ltr'><strong>item</strong></span> <span class='ocrx_word' id='word_1_695' title='bbox 1901 4606 1955 4649; x_wconf 86' lang='lat' dir='ltr'><strong>et</strong></span> <span class='ocrx_word' id='word_1_696' title='bbox 1986 4596 2161 4663; x_wconf 88' lang='lat' dir='ltr'><strong>spolia</strong></span> 
     </span>
    </p>
   </div>
   <div class='ocr_carea' id='block_1_95' title="bbox 604 4686 2162 4758">
    <p class='ocr_par' dir='ltr' id='par_1_95' title="bbox 604 4686 2162 4758">
     <span class='ocr_line' id='line_1_95' title="bbox 604 4686 2162 4758; baseline -0.003 -15"><span class='ocrx_word' id='word_1_697' title='bbox 604 4690 887 4753; x_wconf 72' lang='lat' dir='ltr'><strong>Samarite,</strong></span> <span class='ocrx_word' id='word_1_698' title='bbox 918 4690 968 4743; x_wconf 88' lang='lat' dir='ltr'><strong>id</strong></span> <span class='ocrx_word' id='word_1_699' title='bbox 1003 4696 1105 4751; x_wconf 84' lang='lat' dir='ltr'><strong>est,</strong></span> <span class='ocrx_word' id='word_1_700' title='bbox 1143 4689 1387 4758; x_wconf 89' lang='lat' dir='ltr'><strong>captivos</strong></span> <span class='ocrx_word' id='word_1_701' title='bbox 1433 4687 1648 4756; x_wconf 86' lang='lat' dir='ltr'><strong>eripiet,</strong></span> <span class='ocrx_word' id='word_1_702' title='bbox 1707 4703 1804 4756; x_wconf 90' lang='lat' dir='ltr'><strong>pro</strong></span> <span class='ocrx_word' id='word_1_703' title='bbox 1856 4686 1963 4740; x_wconf 89' lang='lat' dir='ltr'><strong>illis</strong></span> <span class='ocrx_word' id='word_1_704' title='bbox 2001 4687 2162 4754; x_wconf 82' lang='lat' dir='ltr'><strong>depu-</strong></span> 
     </span>
    </p>
   </div>
   <div class='ocr_carea' id='block_1_96' title="bbox 600 4776 2174 4852">
    <p class='ocr_par' dir='ltr' id='par_1_96' title="bbox 600 4776 2174 4852">
     <span class='ocr_line' id='line_1_96' title="bbox 600 4776 2174 4852; baseline -0.002 -19"><span class='ocrx_word' id='word_1_705' title='bbox 600 4797 792 4850; x_wconf 84' lang='lat' dir='ltr'><strong>gnans.</strong></span> <span class='ocrx_word' id='word_1_706' title='bbox 829 4783 1022 4837; x_wconf 85' lang='lat' dir='ltr'><strong>Coram</strong></span> <span class='ocrx_word' id='word_1_707' title='bbox 1055 4797 1177 4851; x_wconf 84' lang='lat' dir='ltr'><strong>rege</strong></span> <span class='ocrx_word' id='word_1_708' title='bbox 1206 4781 1574 4852; x_wconf 83' lang='lat' dir='ltr'><strong>Assyriorum,</strong></span> <span class='ocrx_word' id='word_1_709' title='bbox 1603 4780 1807 4833; x_wconf 84' lang='lat' dir='ltr'><strong>scilicet</strong></span> <span class='ocrx_word' id='word_1_710' title='bbox 1835 4776 2174 4845; x_wconf 82' lang='lat' dir='ltr'><strong>iutelligibili,</strong></span> 
     </span>
    </p>
   </div>
   <div class='ocr_carea' id='block_1_97' title="bbox 606 4867 2181 4940">
    <p class='ocr_par' dir='ltr' id='par_1_97' title="bbox 606 4867 2181 4940">
     <span class='ocr_line' id='line_1_97' title="bbox 606 4867 2181 4940; baseline -0.003 -14"><span class='ocrx_word' id='word_1_711' title='bbox 606 4872 859 4927; x_wconf 86' lang='lat' dir='ltr'><strong>videlicet</strong></span> <span class='ocrx_word' id='word_1_712' title='bbox 915 4872 1136 4927; x_wconf 85' lang='lat' dir='ltr'><strong>Sataua.</strong></span> <span class='ocrx_word' id='word_1_713' title='bbox 1171 4873 1219 4927; x_wconf 93' lang='lat' dir='ltr'><strong>Is</strong></span> <span class='ocrx_word' id='word_1_714' title='bbox 1268 4874 1412 4926; x_wconf 83' lang='lat' dir='ltr'><strong>enim</strong></span> <span class='ocrx_word' id='word_1_715' title='bbox 1440 4880 1560 4926; x_wconf 90' lang='lat' dir='ltr'><strong>erat</strong></span> <span class='ocrx_word' id='word_1_716' title='bbox 1615 4870 1858 4923; x_wconf 88' lang='lat' dir='ltr'><strong>Damasci</strong></span> <span class='ocrx_word' id='word_1_717' title='bbox 1915 4876 1968 4922; x_wconf 91' lang='lat' dir='ltr'><strong>et</strong></span> <span class='ocrx_word' id='word_1_718' title='bbox 2009 4867 2181 4940; x_wconf 74' lang='lat' dir='ltr'><strong>Syria:</strong></span> 
     </span>
    </p>
   </div>
   <div class='ocr_carea' id='block_1_98' title="bbox 604 4962 2181 5036">
    <p class='ocr_par' dir='ltr' id='par_1_98' title="bbox 604 4962 2181 5036">
     <span class='ocr_line' id='line_1_98' title="bbox 604 4962 2181 5036; baseline -0.004 -17"><span class='ocrx_word' id='word_1_719' title='bbox 604 4966 867 5036; x_wconf 89' lang='lat' dir='ltr'><strong>potentia.</strong></span> <span class='ocrx_word' id='word_1_720' title='bbox 913 4965 1183 5019; x_wconf 88' lang='lat' dir='ltr'><strong>ldolorum</strong></span> <span class='ocrx_word' id='word_1_721' title='bbox 1226 4975 1403 5019; x_wconf 88' lang='lat' dir='ltr'><strong>autem</strong></span> <span class='ocrx_word' id='word_1_722' title='bbox 1455 4963 1693 5018; x_wconf 89' lang='lat' dir='ltr'><strong>cultores</strong></span> <span class='ocrx_word' id='word_1_723' title='bbox 1738 4976 1951 5015; x_wconf 91' lang='lat' dir='ltr'><strong>omnem</strong></span> <span class='ocrx_word' id='word_1_724' title='bbox 2005 4962 2055 5013; x_wconf 92' lang='lat' dir='ltr'><strong>in</strong></span> <span class='ocrx_word' id='word_1_725' title='bbox 2094 4975 2181 5013; x_wconf 85' lang='lat' dir='ltr'><strong>se-</strong></span> 
     </span>
    </p>
   </div>
   <div class='ocr_carea' id='block_1_99' title="bbox 608 5052 2179 5128">
    <p class='ocr_par' dir='ltr' id='par_1_99' title="bbox 608 5052 2179 5128">
     <span class='ocr_line' id='line_1_99' title="bbox 608 5052 2179 5128; baseline -0.004 -17"><span class='ocrx_word' id='word_1_726' title='bbox 608 5059 742 5128; x_wconf 87' lang='lat' dir='ltr'><strong>ipsis</strong></span> <span class='ocrx_word' id='word_1_727' title='bbox 777 5058 971 5113; x_wconf 86' lang='lat' dir='ltr'><strong>salutis</strong></span> <span class='ocrx_word' id='word_1_728' title='bbox 1002 5072 1150 5125; x_wconf 89' lang='lat' dir='ltr'><strong>spem</strong></span> <span class='ocrx_word' id='word_1_729' title='bbox 1179 5058 1401 5121; x_wconf 89' lang='lat' dir='ltr'><strong>habere,</strong></span> <span class='ocrx_word' id='word_1_730' title='bbox 1454 5065 1507 5108; x_wconf 92' lang='lat' dir='ltr'><strong>et</strong></span> <span class='ocrx_word' id='word_1_731' title='bbox 1554 5054 1853 5117; x_wconf 80' lang='lat' dir='ltr'><strong>Christum,</strong></span> <span class='ocrx_word' id='word_1_732' title='bbox 1883 5067 2041 5121; x_wconf 87' lang='lat' dir='ltr'><strong>quam</strong></span> <span class='ocrx_word' id='word_1_733' title='bbox 2068 5052 2179 5121; x_wconf 88' lang='lat' dir='ltr'><strong>pri-</strong></span> 
     </span>
    </p>
   </div>
   <div class='ocr_carea' id='block_1_100' title="bbox 610 5144 2176 5216">
    <p class='ocr_par' dir='ltr' id='par_1_100' title="bbox 610 5144 2176 5216">
     <span class='ocr_line' id='line_1_100' title="bbox 610 5144 2176 5216; baseline -0.003 -12"><span class='ocrx_word' id='word_1_734' title='bbox 610 5165 755 5204; x_wconf 89' lang='lat' dir='ltr'><strong>tuum</strong></span> <span class='ocrx_word' id='word_1_735' title='bbox 792 5158 946 5203; x_wconf 88' lang='lat' dir='ltr'><strong>natus</strong></span> <span class='ocrx_word' id='word_1_736' title='bbox 993 5160 1119 5213; x_wconf 90' lang='lat' dir='ltr'><strong>est,</strong></span> <span class='ocrx_word' id='word_1_737' title='bbox 1169 5159 1224 5203; x_wconf 93' lang='lat' dir='ltr'><strong>et</strong></span> <span class='ocrx_word' id='word_1_738' title='bbox 1253 5149 1515 5216; x_wconf 85' lang='lat' dir='ltr'><strong>spoliasse</strong></span> <span class='ocrx_word' id='word_1_739' title='bbox 1572 5146 1828 5201; x_wconf 78' lang='lat' dir='ltr'><strong>Satanam</strong></span> <span class='ocrx_word' id='word_1_740' title='bbox 1888 5144 2043 5199; x_wconf 80' lang='lat' dir='ltr'><strong>facile</strong></span> <span class='ocrx_word' id='word_1_741' title='bbox 2088 5153 2176 5200; x_wconf 89' lang='lat' dir='ltr'><strong>est</strong></span> 
     </span>
    </p>
   </div>
   <div class='ocr_carea' id='block_1_101' title="bbox 608 5238 2181 5297">
    <p class='ocr_par' dir='ltr' id='par_1_101' title="bbox 608 5238 2181 5297">
     <span class='ocr_line' id='line_1_101' title="bbox 608 5238 2181 5297; baseline 0 -3"><span class='ocrx_word' id='word_1_742' title='bbox 608 5245 811 5297; x_wconf 90' lang='lat' dir='ltr'><strong>videre.</strong></span> <span class='ocrx_word' id='word_1_743' title='bbox 844 5243 1043 5297; x_wconf 71' lang='lat' dir='ltr'><strong>Scribit</strong></span> <span class='ocrx_word' id='word_1_744' title='bbox 1093 5246 1235 5296; x_wconf 87' lang='lat' dir='ltr'><strong>enim</strong></span> <span class='ocrx_word' id='word_1_745' title='bbox 1265 5242 1551 5297; x_wconf 63' lang='lat' dir='ltr'><strong>Matthaeus</strong></span> <span class='ocrx_word' id='word_1_746' title='bbox 1582 5260 1595 5295; x_wconf 88' lang='lat'><strong>:</strong></span> <span class='ocrx_word' id='word_1_747' title='bbox 1634 5259 1652 5292; x_wconf 80' lang='grc' dir='ltr'><strong>ι</strong></span> <span class='ocrx_word' id='word_1_748' title='bbox 1689 5242 1825 5295; x_wconf 88' lang='lat' dir='ltr'><strong>Cum</strong></span> <span class='ocrx_word' id='word_1_749' title='bbox 1863 5255 1992 5293; x_wconf 89' lang='lat' dir='ltr'><strong>vero</strong></span> <span class='ocrx_word' id='word_1_750' title='bbox 2024 5238 2181 5295; x_wconf 79' lang='lat' dir='ltr'><strong>Jesus</strong></span> 
     </span>
    </p>
   </div>
   <div class='ocr_carea' id='block_1_102' title="bbox 611 5330 2180 5396">
    <p class='ocr_par' dir='ltr' id='par_1_102' title="bbox 611 5330 2180 5396">
     <span class='ocr_line' id='line_1_102' title="bbox 611 5330 2180 5396; baseline -0.003 -7"><span class='ocrx_word' id='word_1_751' title='bbox 611 5345 769 5389; x_wconf 88' lang='lat' dir='ltr'><strong>natus</strong></span> <span class='ocrx_word' id='word_1_752' title='bbox 801 5347 941 5388; x_wconf 84' lang='lat' dir='ltr'><strong>esset</strong></span> <span class='ocrx_word' id='word_1_753' title='bbox 1002 5336 1053 5387; x_wconf 93' lang='lat' dir='ltr'><strong>in</strong></span> <span class='ocrx_word' id='word_1_754' title='bbox 1105 5333 1376 5387; x_wconf 82' lang='lat' dir='ltr'><strong>Bethleem</strong></span> <span class='ocrx_word' id='word_1_755' title='bbox 1423 5330 1620 5386; x_wconf 61' lang='lat' dir='ltr'><strong>Iudaeas</strong></span> <span class='ocrx_word' id='word_1_756' title='bbox 1678 5333 1869 5386; x_wconf 90' lang='lat' dir='ltr'><strong>diebus</strong></span> <span class='ocrx_word' id='word_1_757' title='bbox 1910 5331 2180 5396; x_wconf 84' lang='lat' dir='ltr'><strong>Herodis,</strong></span> 
     </span>
    </p>
   </div>
   <div class='ocr_carea' id='block_1_103' title="bbox 610 5425 2177 5498">
    <p class='ocr_par' dir='ltr' id='par_1_103' title="bbox 610 5425 2177 5498">
     <span class='ocr_line' id='line_1_103' title="bbox 610 5425 2177 5498; baseline -0.003 -15"><span class='ocrx_word' id='word_1_758' title='bbox 610 5444 738 5483; x_wconf 79' lang='lat' dir='ltr'><strong>ecce</strong></span> <span class='ocrx_word' id='word_1_759' title='bbox 759 5428 893 5498; x_wconf 75' lang='lat' dir='ltr'><strong>Magi</strong></span> <span class='ocrx_word' id='word_1_760' title='bbox 931 5430 998 5481; x_wconf 87' lang='lat' dir='ltr'><strong>ab</strong></span> <span class='ocrx_word' id='word_1_761' title='bbox 1027 5426 1248 5483; x_wconf 86' lang='lat' dir='ltr'><strong>Oriente</strong></span> <span class='ocrx_word' id='word_1_762' title='bbox 1279 5436 1542 5481; x_wconf 88' lang='lat' dir='ltr'><strong>venerunt</strong></span> <span class='ocrx_word' id='word_1_763' title='bbox 1578 5425 1947 5497; x_wconf 84' lang='lat' dir='ltr'><strong>Hierosolyma</strong></span> <span class='ocrx_word' id='word_1_764' title='bbox 1992 5426 2177 5480; x_wconf 83' lang='lat' dir='ltr'><strong>dicen-</strong></span> 
     </span>
    </p>
   </div>
   <div class='ocr_carea' id='block_1_104' title="bbox 612 5516 2185 5591">
    <p class='ocr_par' dir='ltr' id='par_1_104' title="bbox 612 5516 2185 5591">
     <span class='ocr_line' id='line_1_104' title="bbox 612 5516 2185 5591; baseline -0.005 -13"><span class='ocrx_word' id='word_1_765' title='bbox 612 5535 692 5579; x_wconf 87' lang='lat' dir='ltr'><strong>tes</strong></span> <span class='ocrx_word' id='word_1_766' title='bbox 728 5542 741 5577; x_wconf 90' lang='lat'>:</span> <span class='ocrx_word' id='word_1_767' title='bbox 776 5522 871 5577; x_wconf 89' lang='lat' dir='ltr'><strong>Ubi</strong></span> <span class='ocrx_word' id='word_1_768' title='bbox 898 5533 979 5577; x_wconf 87' lang='lat' dir='ltr'><strong>est</strong></span> <span class='ocrx_word' id='word_1_769' title='bbox 1004 5523 1093 5591; x_wconf 88' lang='lat' dir='ltr'><strong>qui</strong></span> <span class='ocrx_word' id='word_1_770' title='bbox 1149 5530 1308 5574; x_wconf 90' lang='lat' dir='ltr'><strong>natus</strong></span> <span class='ocrx_word' id='word_1_771' title='bbox 1350 5528 1432 5573; x_wconf 89' lang='lat' dir='ltr'><strong>est</strong></span> <span class='ocrx_word' id='word_1_772' title='bbox 1490 5535 1581 5574; x_wconf 82' lang='lat' dir='ltr'><strong>rex</strong></span> <span class='ocrx_word' id='word_1_773' title='bbox 1626 5518 1978 5572; x_wconf 73' lang='lat' dir='ltr'><strong>Judscorum?</strong></span> <span class='ocrx_word' id='word_1_774' title='bbox 2034 5516 2185 5572; x_wconf 81' lang='lat' dir='ltr'><strong>Vidi-</strong></span> 
     </span>
    </p>
   </div>
   <div class='ocr_carea' id='block_1_105' title="bbox 613 5610 2185 5683">
    <p class='ocr_par' dir='ltr' id='par_1_105' title="bbox 613 5610 2185 5683">
     <span class='ocr_line' id='line_1_105' title="bbox 613 5610 2185 5683; baseline -0.006 -11"><span class='ocrx_word' id='word_1_775' title='bbox 613 5633 734 5672; x_wconf 84' lang='lat' dir='ltr'><strong>mus</strong></span> <span class='ocrx_word' id='word_1_776' title='bbox 767 5620 909 5670; x_wconf 90' lang='lat' dir='ltr'><strong>enim</strong></span> <span class='ocrx_word' id='word_1_777' title='bbox 947 5614 1114 5683; x_wconf 87' lang='lat' dir='ltr'><strong>ipsius</strong></span> <span class='ocrx_word' id='word_1_778' title='bbox 1138 5612 1346 5667; x_wconf 75' lang='lat' dir='ltr'><strong>stellam</strong></span> <span class='ocrx_word' id='word_1_779' title='bbox 1394 5613 1445 5666; x_wconf 93' lang='lat' dir='ltr'><strong>in</strong></span> <span class='ocrx_word' id='word_1_780' title='bbox 1489 5611 1731 5674; x_wconf 87' lang='lat' dir='ltr'><strong>Oriente,</strong></span> <span class='ocrx_word' id='word_1_781' title='bbox 1774 5620 1827 5665; x_wconf 88' lang='lat' dir='ltr'><strong>et</strong></span> <span class='ocrx_word' id='word_1_782' title='bbox 1855 5610 2099 5665; x_wconf 88' lang='lat' dir='ltr'><strong>venimus</strong></span> <span class='ocrx_word' id='word_1_783' title='bbox 2126 5620 2185 5663; x_wconf 89' lang='lat' dir='ltr'><strong>ut</strong></span> 
     </span>
    </p>
   </div>
   <div class='ocr_carea' id='block_1_106' title="bbox 613 5700 2189 5769">
    <p class='ocr_par' dir='ltr' id='par_1_106' title="bbox 613 5700 2189 5769">
     <span class='ocr_line' id='line_1_106' title="bbox 613 5700 2189 5769; baseline -0.004 -10"><span class='ocrx_word' id='word_1_784' title='bbox 613 5707 901 5760; x_wconf 80' lang='lat' dir='ltr'><strong>adoremus</strong></span> <span class='ocrx_word' id='word_1_785' title='bbox 931 5719 1051 5756; x_wconf 90' lang='lat' dir='ltr'><strong>cum</strong></span> <span class='ocrx_word' id='word_1_786' title='bbox 1094 5702 1156 5757; x_wconf 77' lang='lat'><strong>&quot;.</strong></span> <span class='ocrx_word' id='word_1_787' title='bbox 1198 5720 1215 5753; x_wconf 74' lang='grc' dir='ltr'><strong>ι</strong></span> <span class='ocrx_word' id='word_1_788' title='bbox 1252 5700 1558 5756; x_wconf 83' lang='lat' dir='ltr'><strong>Adoraruut</strong></span> <span class='ocrx_word' id='word_1_789' title='bbox 1592 5717 1740 5769; x_wconf 84' lang='lat' dir='ltr'><strong>ergo,</strong></span> <span class='ocrx_word' id='word_1_790' title='bbox 1767 5712 1820 5756; x_wconf 75' lang='lat' dir='ltr'><strong>rt</strong></span> <span class='ocrx_word' id='word_1_791' title='bbox 1846 5701 2189 5757; x_wconf 73' lang='lat' dir='ltr'><strong>adduxerunt</strong></span> 
     </span>
    </p>
   </div>
   <div class='ocr_carea' id='block_1_107' title="bbox 682 5821 1104 5887">
    <p class='ocr_par' dir='ltr' id='par_1_107' title="bbox 682 5821 1104 5887">
     <span class='ocr_line' id='line_1_107' title="bbox 682 5821 1104 5887; baseline -0.005 -9"><span class='ocrx_word' id='word_1_792' title='bbox 682 5821 728 5855; x_wconf 78' lang='lat'>&quot;</span> <span class='ocrx_word' id='word_1_793' title='bbox 752 5821 936 5880; x_wconf 73' lang='lat' dir='ltr'><strong>Matth.</strong></span> <span class='ocrx_word' id='word_1_794' title='bbox 967 5837 1024 5887; x_wconf 91' lang='lat' dir='ltr'><strong>It,</strong></span> <span class='ocrx_word' id='word_1_795' title='bbox 1056 5821 1104 5876; x_wconf 80' lang='lat' dir='ltr'><strong>i.</strong></span> 
     </span>
    </p>
   </div>
   <div class='ocr_carea' id='block_1_108' title="bbox 2270 4576 3863 4660">
    <p class='ocr_par' dir='ltr' id='par_1_108' title="bbox 2270 4576 3863 4660">
     <span class='ocr_line' id='line_1_108' title="bbox 2270 4576 3863 4660; baseline -0.01 -13"><span class='ocrx_word' id='word_1_796' title='bbox 2270 4595 2429 4648; x_wconf 82' lang='grc' dir='ltr'><strong>τοῦτο</strong></span> <span class='ocrx_word' id='word_1_797' title='bbox 2482 4590 2676 4649; x_wconf 80' lang='grc' dir='ltr'><strong>ἐλθεῖν,</strong></span> <span class='ocrx_word' id='word_1_798' title='bbox 2711 4580 2855 4660; x_wconf 78' lang='grc' dir='ltr'><strong>ᾗπερ</strong></span> <span class='ocrx_word' id='word_1_799' title='bbox 2903 4584 2968 4637; x_wconf 86' lang='grc' dir='ltr'><strong>ἂν</strong></span> <span class='ocrx_word' id='word_1_800' title='bbox 3002 4583 3198 4651; x_wconf 83' lang='grc' dir='ltr'><strong>πρέποι</strong></span> <span class='ocrx_word' id='word_1_801' title='bbox 3246 4580 3307 4633; x_wconf 81' lang='grc' dir='ltr'><strong>τὸ</strong></span> <span class='ocrx_word' id='word_1_802' title='bbox 3355 4579 3553 4632; x_wconf 82' lang='grc' dir='ltr'><strong>εἰδέναι</strong></span> <span class='ocrx_word' id='word_1_803' title='bbox 3600 4576 3863 4631; x_wconf 87' lang='grc' dir='ltr'><strong>δύνασθαι</strong></span> 
     </span>
    </p>
   </div>
   <div class='ocr_carea' id='block_1_109' title="bbox 2274 4666 3866 4749">
    <p class='ocr_par' dir='ltr' id='par_1_109' title="bbox 2274 4666 3866 4749">
     <span class='ocr_line' id='line_1_109' title="bbox 2274 4666 3866 4749; baseline -0.013 -12"><span class='ocrx_word' id='word_1_804' title='bbox 2274 4684 2454 4739; x_wconf 81' lang='grc' dir='ltr'><strong>καλεῖν</strong></span> <span class='ocrx_word' id='word_1_805' title='bbox 2489 4676 2757 4749; x_wconf 82' lang='grc' dir='ltr'><strong>πατέραῆ</strong></span> <span class='ocrx_word' id='word_1_806' title='bbox 2798 4674 3028 4746; x_wconf 86' lang='grc' dir='ltr'><strong>μητέρα,</strong></span> <span class='ocrx_word' id='word_1_807' title='bbox 3053 4670 3376 4739; x_wconf 78' lang='grc' dir='ltr'><strong>διεσάφησεν</strong></span> <span class='ocrx_word' id='word_1_808' title='bbox 3413 4666 3582 4720; x_wconf 74' lang='grc' dir='ltr'><strong>εἰπών</strong></span> <span class='ocrx_word' id='word_1_809' title='bbox 3603 4683 3615 4696; x_wconf 87' lang='grc'><strong>·</strong></span> <span class='ocrx_word' id='word_1_810' title='bbox 3663 4684 3681 4716; x_wconf 78' lang='grc' dir='ltr'><strong>ι</strong></span> <span class='ocrx_word' id='word_1_811' title='bbox 3717 4667 3866 4719; x_wconf 84' lang='grc' dir='ltr'><strong>Διότι</strong></span> 
     </span>
    </p>
   </div>
   <div class='ocr_carea' id='block_1_110' title="bbox 2277 4758 3859 4845">
    <p class='ocr_par' dir='ltr' id='par_1_110' title="bbox 2277 4758 3859 4845">
     <span class='ocr_line' id='line_1_110' title="bbox 2277 4758 3859 4845; baseline -0.011 -17"><span class='ocrx_word' id='word_1_812' title='bbox 2277 4775 2407 4845; x_wconf 71' lang='grc' dir='ltr'><strong>πρὶν</strong></span> <span class='ocrx_word' id='word_1_813' title='bbox 2435 4774 2468 4845; x_wconf 84' lang='grc' dir='ltr'>ἢ</span> <span class='ocrx_word' id='word_1_814' title='bbox 2506 4770 2707 4840; x_wconf 86' lang='grc' dir='ltr'><strong>γνῶναι</strong></span> <span class='ocrx_word' id='word_1_815' title='bbox 2734 4769 2793 4821; x_wconf 86' lang='grc' dir='ltr'><strong>τὸ</strong></span> <span class='ocrx_word' id='word_1_816' title='bbox 2820 4766 3028 4820; x_wconf 85' lang='grc' dir='ltr'><strong>παιδίον</strong></span> <span class='ocrx_word' id='word_1_817' title='bbox 3060 4763 3243 4816; x_wconf 86' lang='grc' dir='ltr'><strong>καλεῖν</strong></span> <span class='ocrx_word' id='word_1_818' title='bbox 3277 4761 3491 4830; x_wconf 83' lang='grc' dir='ltr'><strong>πατέρα</strong></span> <span class='ocrx_word' id='word_1_819' title='bbox 3536 4759 3569 4831; x_wconf 78' lang='grc' dir='ltr'>ἢ</span> <span class='ocrx_word' id='word_1_820' title='bbox 3620 4758 3859 4829; x_wconf 85' lang='grc' dir='ltr'><strong>μητέρα,</strong></span> 
     </span>
    </p>
   </div>
   <div class='ocr_carea' id='block_1_111' title="bbox 2276 4852 3863 4938">
    <p class='ocr_par' dir='ltr' id='par_1_111' title="bbox 2276 4852 3863 4938">
     <span class='ocr_line' id='line_1_111' title="bbox 2276 4852 3863 4938; baseline -0.012 -17"><span class='ocrx_word' id='word_1_821' title='bbox 2276 4866 2504 4938; x_wconf 75' lang='grc' dir='ltr'><strong>λήψεται</strong></span> <span class='ocrx_word' id='word_1_822' title='bbox 2554 4863 2653 4933; x_wconf 82' lang='grc' dir='ltr'><strong>τὴν</strong></span> <span class='ocrx_word' id='word_1_823' title='bbox 2692 4860 2920 4930; x_wconf 82' lang='grc' dir='ltr'><strong>δύναμιν</strong></span> <span class='ocrx_word' id='word_1_824' title='bbox 2955 4854 3266 4926; x_wconf 72' lang='grc' dir='ltr'><strong>Δαμασκοῦ.</strong></span> <span class='ocrx_word' id='word_1_825' title='bbox 3311 4874 3327 4905; x_wconf 75' lang='grc' dir='ltr'><strong>ι</strong></span> <span class='ocrx_word' id='word_1_826' title='bbox 3369 4854 3440 4906; x_wconf 88' lang='grc' dir='ltr'>Τὸ</span> <span class='ocrx_word' id='word_1_827' title='bbox 3468 4852 3551 4918; x_wconf 79' lang='grc' dir='ltr'><strong>δὲ,</strong></span> <span class='ocrx_word' id='word_1_828' title='bbox 3595 4852 3863 4921; x_wconf 75' lang='grc' dir='ltr'><strong>Λήψεται,</strong></span> 
     </span>
    </p>
   </div>
   <div class='ocr_carea' id='block_1_112' title="bbox 2282 4941 3868 5025">
    <p class='ocr_par' dir='ltr' id='par_1_112' title="bbox 2282 4941 3868 5025">
     <span class='ocr_line' id='line_1_112' title="bbox 2282 4941 3868 5025; baseline -0.013 -12"><span class='ocrx_word' id='word_1_829' title='bbox 2282 4961 2402 5013; x_wconf 69' lang='grc' dir='ltr'><strong>ἀντὶ</strong></span> <span class='ocrx_word' id='word_1_830' title='bbox 2423 4955 2542 5019; x_wconf 79' lang='grc' dir='ltr'><strong>τοῦ,</strong></span> <span class='ocrx_word' id='word_1_831' title='bbox 2585 4952 2939 5025; x_wconf 85' lang='grc' dir='ltr'><strong>Χειρώσεται.</strong></span> <span class='ocrx_word' id='word_1_832' title='bbox 2996 4948 3238 5019; x_wconf 64' lang='grc' dir='ltr'><strong>Λήψεται</strong></span> <span class='ocrx_word' id='word_1_833' title='bbox 3283 4946 3338 4997; x_wconf 82' lang='grc' dir='ltr'><strong>δὲ</strong></span> <span class='ocrx_word' id='word_1_834' title='bbox 3400 4943 3601 5015; x_wconf 84' lang='grc' dir='ltr'><strong>ὁμοίως</strong></span> <span class='ocrx_word' id='word_1_835' title='bbox 3651 4942 3743 4994; x_wconf 78' lang='grc' dir='ltr'><strong>καὶ</strong></span> <span class='ocrx_word' id='word_1_836' title='bbox 3797 4941 3868 4993; x_wconf 67' lang='grc' dir='ltr'><strong>τὰ</strong></span> 
     </span>
    </p>
   </div>
   <div class='ocr_carea' id='block_1_113' title="bbox 2287 5034 3867 5119">
    <p class='ocr_par' dir='ltr' id='par_1_113' title="bbox 2287 5034 3867 5119">
     <span class='ocr_line' id='line_1_113' title="bbox 2287 5034 3867 5119; baseline -0.012 -14"><span class='ocrx_word' id='word_1_837' title='bbox 2287 5053 2458 5107; x_wconf 86' lang='grc' dir='ltr'><strong>σκύλα</strong></span> <span class='ocrx_word' id='word_1_838' title='bbox 2521 5046 2853 5119; x_wconf 86' lang='grc' dir='ltr'><strong>Σαμαρείας.</strong></span> <span class='ocrx_word' id='word_1_839' title='bbox 2925 5044 3081 5096; x_wconf 78' lang='grc' dir='ltr'><strong>Τοῦτ’</strong></span> <span class='ocrx_word' id='word_1_840' title='bbox 3138 5040 3320 5102; x_wconf 80' lang='grc' dir='ltr'><strong>ἐστιν,</strong></span> <span class='ocrx_word' id='word_1_841' title='bbox 3378 5034 3674 5100; x_wconf 80' lang='grc' dir='ltr'><strong>ἀπαλλάξει</strong></span> <span class='ocrx_word' id='word_1_842' title='bbox 3740 5035 3867 5097; x_wconf 74' lang='grc' dir='ltr'><strong>τοὺς</strong></span> 
     </span>
    </p>
   </div>
   <div class='ocr_carea' id='block_1_114' title="bbox 2286 5125 3868 5215">
    <p class='ocr_par' dir='ltr' id='par_1_114' title="bbox 2286 5125 3868 5215">
     <span class='ocr_line' id='line_1_114' title="bbox 2286 5125 3868 5215; baseline -0.013 -17"><span class='ocrx_word' id='word_1_843' title='bbox 2286 5142 2662 5215; x_wconf 78' lang='grc' dir='ltr'><strong>αἰχμαλώτους</strong></span> <span class='ocrx_word' id='word_1_844' title='bbox 2693 5139 3006 5208; x_wconf 82' lang='grc' dir='ltr'><strong>πολεμήσας</strong></span> <span class='ocrx_word' id='word_1_845' title='bbox 3041 5132 3181 5204; x_wconf 83' lang='grc' dir='ltr'><strong>ὑπὲρ</strong></span> <span class='ocrx_word' id='word_1_846' title='bbox 3216 5129 3414 5183; x_wconf 79' lang='grc' dir='ltr'><strong>αὐτῶν.</strong></span> <span class='ocrx_word' id='word_1_847' title='bbox 3459 5129 3741 5181; x_wconf 78' lang='grc' dir='ltr'><strong>Ἀπέναντι</strong></span> <span class='ocrx_word' id='word_1_848' title='bbox 3772 5125 3868 5179; x_wconf 77' lang='grc' dir='ltr'><strong>τοῦ</strong></span> 
     </span>
    </p>
   </div>
   <div class='ocr_carea' id='block_1_115' title="bbox 2290 5215 3869 5305">
    <p class='ocr_par' dir='ltr' id='par_1_115' title="bbox 2290 5215 3869 5305">
     <span class='ocr_line' id='line_1_115' title="bbox 2290 5215 3869 5305; baseline -0.014 -17"><span class='ocrx_word' id='word_1_849' title='bbox 2290 5231 2551 5305; x_wconf 88' lang='grc' dir='ltr'><strong>βασιλέως</strong></span> <span class='ocrx_word' id='word_1_850' title='bbox 2594 5226 2910 5297; x_wconf 74' lang='grc' dir='ltr'><strong>⁹Ασσυρίων.</strong></span> <span class='ocrx_word' id='word_1_851' title='bbox 2945 5223 3051 5277; x_wconf 83' lang='grc' dir='ltr'><strong>Τοῦ</strong></span> <span class='ocrx_word' id='word_1_852' title='bbox 3098 5218 3291 5288; x_wconf 80' lang='grc' dir='ltr'><strong>νοητοῦ</strong></span> <span class='ocrx_word' id='word_1_853' title='bbox 3328 5217 3592 5288; x_wconf 85' lang='grc' dir='ltr'><strong>δηλονότι,</strong></span> <span class='ocrx_word' id='word_1_854' title='bbox 3629 5216 3772 5286; x_wconf 69' lang='grc' dir='ltr'><strong>φημὶ</strong></span> <span class='ocrx_word' id='word_1_855' title='bbox 3805 5215 3869 5285; x_wconf 82' lang='grc' dir='ltr'><strong>δὴ</strong></span> 
     </span>
    </p>
   </div>
   <div class='ocr_carea' id='block_1_116' title="bbox 2286 5307 3869 5384">
    <p class='ocr_par' dir='ltr' id='par_1_116' title="bbox 2286 5307 3869 5384">
     <span class='ocr_line' id='line_1_116' title="bbox 2286 5307 3869 5384; baseline -0.013 -7"><span class='ocrx_word' id='word_1_856' title='bbox 2286 5325 2380 5379; x_wconf 80' lang='grc' dir='ltr'><strong>τοῦ</strong></span> <span class='ocrx_word' id='word_1_857' title='bbox 2409 5322 2641 5375; x_wconf 77' lang='grc' dir='ltr'><strong>Σατανᾶ.</strong></span> <span class='ocrx_word' id='word_1_858' title='bbox 2689 5316 2858 5379; x_wconf 76' lang='grc' dir='ltr'><strong>Αὐτὸς</strong></span> <span class='ocrx_word' id='word_1_859' title='bbox 2894 5314 2999 5384; x_wconf 82' lang='grc' dir='ltr'><strong>γὰρ</strong></span> <span class='ocrx_word' id='word_1_860' title='bbox 3028 5309 3095 5383; x_wconf 81' lang='grc' dir='ltr'><strong>ἦν</strong></span> <span class='ocrx_word' id='word_1_861' title='bbox 3127 5311 3221 5364; x_wconf 68' lang='grc' dir='ltr'><strong>καὶ</strong></span> <span class='ocrx_word' id='word_1_862' title='bbox 3251 5311 3283 5379; x_wconf 80' lang='grc' dir='ltr'>ἡ</span> <span class='ocrx_word' id='word_1_863' title='bbox 3337 5307 3647 5377; x_wconf 87' lang='grc' dir='ltr'><strong>Δαμασκὸς,</strong></span> <span class='ocrx_word' id='word_1_864' title='bbox 3698 5307 3791 5359; x_wconf 68' lang='grc' dir='ltr'><strong>καὶ</strong></span> <span class='ocrx_word' id='word_1_865' title='bbox 3836 5307 3869 5374; x_wconf 77' lang='grc' dir='ltr'><strong>ἡ</strong></span> 
     </span>
    </p>
   </div>
   <div class='ocr_carea' id='block_1_117' title="bbox 2290 5397 3869 5487">
    <p class='ocr_par' dir='ltr' id='par_1_117' title="bbox 2290 5397 3869 5487">
     <span class='ocr_line' id='line_1_117' title="bbox 2290 5397 3869 5487; baseline -0.016 -17"><span class='ocrx_word' id='word_1_866' title='bbox 2290 5415 2489 5487; x_wconf 86' lang='grc' dir='ltr'><strong>Συρίας</strong></span> <span class='ocrx_word' id='word_1_867' title='bbox 2523 5413 2770 5480; x_wconf 85' lang='grc' dir='ltr'><strong>δύναμις.</strong></span> <span class='ocrx_word' id='word_1_868' title='bbox 2806 5409 2923 5461; x_wconf 78' lang='grc' dir='ltr'><strong>Ὀτι</strong></span> <span class='ocrx_word' id='word_1_869' title='bbox 2955 5404 3047 5457; x_wconf 66' lang='grc' dir='ltr'><strong>κα)⁸</strong></span> <span class='ocrx_word' id='word_1_870' title='bbox 3075 5404 3124 5454; x_wconf 76' lang='grc' dir='ltr'><strong>οἱ</strong></span> <span class='ocrx_word' id='word_1_871' title='bbox 3152 5401 3261 5453; x_wconf 88' lang='grc' dir='ltr'><strong>τῶν</strong></span> <span class='ocrx_word' id='word_1_872' title='bbox 3293 5397 3529 5451; x_wconf 74' lang='grc' dir='ltr'><strong>εἰδώλων</strong></span> <span class='ocrx_word' id='word_1_873' title='bbox 3562 5412 3869 5487; x_wconf 80' lang='grc' dir='ltr'><strong>προσκυνη-</strong></span> 
     </span>
    </p>
   </div>
   <div class='ocr_carea' id='block_1_118' title="bbox 2292 5485 3870 5571">
    <p class='ocr_par' dir='ltr' id='par_1_118' title="bbox 2292 5485 3870 5571">
     <span class='ocr_line' id='line_1_118' title="bbox 2292 5485 3870 5571; baseline -0.018 -9"><span class='ocrx_word' id='word_1_874' title='bbox 2292 5485 2383 5562; x_wconf 61' lang='grc' dir='ltr'><strong>ταῖ</strong></span> <span class='ocrx_word' id='word_1_875' title='bbox 2427 5508 2605 5559; x_wconf 85' lang='grc' dir='ltr'><strong>πᾶσαν</strong></span> <span class='ocrx_word' id='word_1_876' title='bbox 2634 5503 2847 5571; x_wconf 76' lang='grc' dir='ltr'><strong>ἔχουσιν</strong></span> <span class='ocrx_word' id='word_1_877' title='bbox 2886 5496 2970 5549; x_wconf 77' lang='grc' dir='ltr'><strong>ἐπ’</strong></span> <span class='ocrx_word' id='word_1_878' title='bbox 2997 5496 3178 5556; x_wconf 77' lang='grc' dir='ltr'><strong>αὐτοῖς</strong></span> <span class='ocrx_word' id='word_1_879' title='bbox 3216 5490 3314 5561; x_wconf 82' lang='grc' dir='ltr'><strong>τὴν</strong></span> <span class='ocrx_word' id='word_1_880' title='bbox 3353 5490 3450 5560; x_wconf 84' lang='grc' dir='ltr'><strong>τῆς</strong></span> <span class='ocrx_word' id='word_1_881' title='bbox 3488 5488 3758 5558; x_wconf 85' lang='grc' dir='ltr'><strong>σωτηρίας</strong></span> <span class='ocrx_word' id='word_1_882' title='bbox 3785 5485 3870 5536; x_wconf 82' lang='grc' dir='ltr'><strong>έλ-</strong></span> 
     </span>
    </p>
   </div>
   <div class='ocr_carea' id='block_1_119' title="bbox 2295 5576 3866 5654">
    <p class='ocr_par' dir='ltr' id='par_1_119' title="bbox 2295 5576 3866 5654">
     <span class='ocr_line' id='line_1_119' title="bbox 2295 5576 3866 5654; baseline -0.019 0"><span class='ocrx_word' id='word_1_883' title='bbox 2295 5601 2460 5654; x_wconf 77' lang='grc' dir='ltr'><strong>πίδα·</strong></span> <span class='ocrx_word' id='word_1_884' title='bbox 2502 5597 2625 5650; x_wconf 81' lang='grc' dir='ltr'><strong>Ὅτι</strong></span> <span class='ocrx_word' id='word_1_885' title='bbox 2653 5593 2711 5645; x_wconf 82' lang='grc' dir='ltr'><strong>δὲ</strong></span> <span class='ocrx_word' id='word_1_886' title='bbox 2760 5588 3083 5642; x_wconf 75' lang='grc' dir='ltr'><strong>ἐσκύλευσεν</strong></span> <span class='ocrx_word' id='word_1_887' title='bbox 3132 5586 3161 5635; x_wconf 88' lang='lat'><strong>6</strong></span> <span class='ocrx_word' id='word_1_888' title='bbox 3188 5580 3420 5652; x_wconf 77' lang='grc' dir='ltr'><strong>Χριστὸς</strong></span> <span class='ocrx_word' id='word_1_889' title='bbox 3460 5578 3553 5631; x_wconf 86' lang='grc' dir='ltr'><strong>τὸν</strong></span> <span class='ocrx_word' id='word_1_890' title='bbox 3602 5576 3866 5637; x_wconf 85' lang='grc' dir='ltr'><strong>Σατανᾶν,</strong></span> 
     </span>
    </p>
   </div>
   <div class='ocr_carea' id='block_1_120' title="bbox 2297 5668 3870 5764">
    <p class='ocr_par' dir='ltr' id='par_1_120' title="bbox 2297 5668 3870 5764">
     <span class='ocr_line' id='line_1_120' title="bbox 2297 5668 3870 5764; baseline -0.017 -18"><span class='ocrx_word' id='word_1_891' title='bbox 2297 5689 2689 5764; x_wconf 73' lang='grc' dir='ltr'><strong>γεγεννημένος</strong></span> <span class='ocrx_word' id='word_1_892' title='bbox 2717 5684 2894 5747; x_wconf 68' lang='grc' dir='ltr'><strong>εὐθὺς,</strong></span> <span class='ocrx_word' id='word_1_893' title='bbox 2928 5676 3308 5745; x_wconf 77' lang='grc' dir='ltr'><strong>ἀταλαίπωρον</strong></span> <span class='ocrx_word' id='word_1_894' title='bbox 3347 5673 3495 5728; x_wconf 84' lang='grc' dir='ltr'><strong>ἰδεῖν.</strong></span> <span class='ocrx_word' id='word_1_895' title='bbox 3529 5671 3729 5743; x_wconf 75' lang='grc' dir='ltr'><strong>Γράφει</strong></span> <span class='ocrx_word' id='word_1_896' title='bbox 3762 5668 3870 5741; x_wconf 83' lang='grc' dir='ltr'><strong>γὰρ</strong></span> 
     </span>
    </p>
   </div>
  </div>
