4742 6488
577 428 689 482 925

1724 425 1787 479 IN
1829 423 2057 480 ISAIAM
2097 422 2222 476 Lm.
2264 421 2304 476 ι.
2346 385 2553 477 onst.
2599 419 2659 477 v.

3717 427 3824 481 2‘26

578 546 605 597 6
667 543 978 606 Ματθαῖος·
1020 561 1038 594 ι
1093 542 1195 596 Τοῦ
1229 543 1283 596 δὲ
1330 543 1502 615 Ἰησοῦ
1553 545 1902 615 γεννηθέντος
1951 547 2008 598 ἐν
2052 545 2154 616 Βηο
2182 553 2227 611 Α
2257 557 2447 597 aurum

1951 547 2008 598 ἐν
2052 545 2154 616 Βη-
2182 553 2227 611 Α
2257 557 2447 597 aurum
2493 550 2548 595 et
2601 540 2743 603 tlms,
2787 549 2843 595 et
2884 539 3182 609 myrrham.
3237 539 3466 594 Videsne
3509 554 3619 608 quo
3668 551 3823 607 pacto

575 635 750 704 θλεὲμ
781 633 880 704 τῆς
921 634 1178 698 Ἰουδαίας
1204 637 1260 687 ὲν
1305 637 1540 707 ἡμέραις
1587 635 1822 713 Ἡρώδου
1868 635 1962 689 τοῦ
2001 635 2157 706 βασι-

577 725 720 788 λέως
741 765 755 788 ,
798 726 905 778 ἰδοὺ
943 726 1106 796 μάγοι
1146 727 1252 779 ἀπὸ
1286 726 1558 780 ἀνατολῶν
1586 727 1945 798 παρεγένοντό
1973 743 2030 779 τε
2076 727 2156 789 εἰς

587 816 960 888 Ἰεροσόλυμα,
993 818 1239 887 λέγοντες
1258 835 1272 849 '
1303 819 1414 871 Ποῦ
1445 821 1588 871 ἐστιν
1617 820 1646 872 6
1665 819 1874 888 τεχθεὶς
1907 817 2156 888 βασιλεὺς

577 903 690 956 τῶν
737 904 1042 965 Ἰουδαίωνς
1082 905 1262 975 ἴδομεν
1293 905 1402 977 γὰρ
1434 907 1522 960 τὸν
1551 906 1755 976 ἀστέρα
1797 906 1960 960 αὐτοῦ
1991 908 2050 959 ὲν
2087 908 2153 977 τῇ

590 994 874 1067 Ἀνατολῇ,
913 998 1007 1049 καί
1030 997 1264 1068 ἤλθομεν
1291 999 1662 1069 προσκυνῆσαι
1709 998 1877 1068 αὐτῷ.
1925 1018 1942 1050 ι
1977 999 2156 1070 Προσ-

577 1086 919 1156 κεκυνήκασι
963 1085 1093 1154 γοῦν
1125 1088 1220 1140 καὶ
1254 1089 1601 1160 προσήγαγον
1650 1089 1870 1159 χρυσίον
1894 1129 1908 1153 ,
1955 1089 2050 1142 καὶ
2077 1089 2158 1141 λί-

577 1174 748 1228 δανον
793 1175 889 1228 καὶ
923 1176 1189 1246 σμύρναν.
1237 1178 1400 1248 Ὁρᾷς
1425 1180 1572 1241 ὅπως
1601 1178 1892 1230 ἑσκύλευσε
1933 1179 2022 1231 τὸν
2050 1179 2154 1229 Σα-
2218 1168 2225 1174 ’

577 1267 774 1327 τανᾶν,
806 1265 900 1318 καὶ
946 1268 1342 1336 προενόμευσεν
1373 1267 1559 1334 ὀξέωςς
1593 1269 1713 1321 Ὀτι
1760 1269 1814 1320 δὲ
1847 1271 1939 1320 καὶ
1984 1271 2012 1322 6
2059 1271 2158 1338 τῆς

576 1354 877 1425 ἐπιδημίας
906 1356 1103 1419 σκοπὸς
1137 1359 1216 1420 εἰς
1251 1356 1520 1429 λύτρωσιν
1563 1357 1749 1428 βλέπει
1774 1357 1879 1411 τῶν
1906 1359 1964 1410 ἐν
1995 1358 2156 1428 αἰχμ-

576 1444 793 1514 αλωσίᾳ
818 1449 882 1516 τῇ
911 1449 1072 1517 νοητῇ
1087 1447 1711 1520 γεγονότων,κατασημα
1729 1447 1944 1518 [ἰ]νειεν
1972 1449 2036 1500 ἂν
2063 1447 2156 1499 καὶ

577 1536 745 1600 αὐτὸς
795 1539 825 1590 ὁ
898 1540 1169 1609 Χριστὸς,
1242 1541 1330 1594 διὰ
1399 1540 1582 1609 φωνῆς
1661 1541 1879 1593 Ἡσαΐου
1953 1539 2153 1608 λέγων·

585 1646 607 1677 ‹
665 1629 890 1698 Πνεῦμα
934 1632 1141 1702 Κυρίου
1194 1631 1436 1702 ἐπ’ὲμὲ,
1477 1627 1537 1686 οὗ
1583 1633 1788 1686 εἵνεκεν
1835 1631 2014 1703 1ἑχρισέ
2065 1647 2154 1700 με,

2265 632 2521 688 Satanam
2553 629 2748 700 spoliet
2773 638 2827 683 et
2873 629 3212 699 deprazdetur
3259 629 3563 684 velociter?
3624 628 3826 683 Deindo

2271 723 2537 777 adventus
2583 720 2664 776 sui
2707 734 2929 790 scopum
2983 729 3036 773 et
3074 719 3231 773 linem
3300 719 3467 772 fuisse
3503 717 3828 786 redemptio-

2262 826 2382 865 nem
2434 823 2621 864 eorum
2684 808 2777 877 qui
2840 809 2892 861 in
2950 809 3260 878 captivitate
3312 807 3628 877 intelligibili
3679 817 3826 867 sunt,

2262 904 2506 973 designat
2541 910 2596 955 et
2616 901 2730 970 ipse
2753 900 3024 964 Christus,
3047 916 3178 956 voce
3211 901 3370 970 136
3409 900 3558 955 Isaia:
3593 901 3780 954 dicens
3809 917 3822 952 :

2265 1014 2284 1046 ι
2322 993 2558 1064 Spiritus
2585 991 2792 1047 Domini
2836 1007 2997 1060 super
3021 1007 3106 1046 me
3142 1007 3207 1046 eo
3239 995 3382 1060 quod
3415 992 3568 1044 unxit
3597 1007 3701 1055 me,
3761 990 3827 1042 ad

2259 1084 2743 1156 eVattgelizandum
2784 1083 3108 1152 pauperibus
3159 1083 3304 1135 misit
3349 1095 3472 1145 me,
3511 1081 3576 1134 ad
3627 1081 3822 1149 pracdi-

2259 1178 2491 1230 candnm
2530 1173 2758 1245 captivis
2790 1173 3183 1237 remissionem,
3215 1184 3270 1227 et
3293 1172 3450 1226 caecis
3480 1173 3655 1224 visum
3694 1169 3764 1222 ⁵⁸.
3801 1187 3820 1218 ι

2264 1267 2456 1322 Psallit
2495 1268 2619 1321 item
2649 1275 2706 1320 et
2727 1265 2916 1320 beatus
2942 1265 3108 1318 David
3132 1265 3197 1318 de
3247 1265 3364 1333 ipso
3397 1281 3411 1316 :
3457 1281 3476 1315 ι
3513 1263 3826 1316 Ascendens

2263 1360 2316 1413 in
2344 1359 2717 1423 altitudinem,
2770 1358 3035 1426 captivam
3089 1357 3241 1409 duxit
3291 1354 3658 1423 captivitatem
3696 1350 3762 1404 “.
3803 1369 3822 1402 ι

2263 1447 2429 1516 idque
2461 1447 2645 1501 docuit
2676 1447 2924 1513 ipsemet,
2955 1463 3073 1498 cum
3099 1445 3229 1498 dicit
3256 1460 3269 1495 :
3307 1463 3325 1494 ι
3358 1443 3489 1497 Cum
3522 1442 3830 1496 sublevatus

2263 1541 2314 1594 in
2345 1539 2510 1593 altum
2551 1537 2704 1593 fuero
2727 1538 2793 1593 de
2843 1547 3007 1602 terra,
3045 1551 3236 1592 omnes
3271 1537 3484 1590 traham
3519 1535 3586 1588 ad
3613 1548 3699 1588 me
3743 1533 3824 1602 ip-

2261 1648 2378 1686 sum
2412 1633 2480 1663 "'
2521 1651 2539 1682 ι

576 1722 1046 1791 εὐαγγελίσασθαι
1105 1727 1342 1796 πτωχοῖς
1406 1725 1715 1779 ἀπέσταλκέ
1768 1744 1859 1796 με,
1913 1723 2147 1794 κηρύξαι
2203 1723 2564 1794 αἰχμαλώτοις
2624 1722 2836 1792 ἄφεσιν,
2873 1723 2965 1774 καὶ
3026 1720 3246 1790 τυφλοῖς
3277 1719 3590 1788 ἀνάϐλεψιν.
3628 1736 3648 1770 ι
3679 1717 3831 1770 Ψάλ⁸

575 1819 664 1871 λει
718 1818 776 1872 δέ
827 1837 928 1873 που
993 1823 1087 1874 καὶ
1143 1822 1172 1874 6
1232 1821 1500 1892 μακάριος
1551 1820 1714 1874 Δαειδ
1774 1821 1904 1892 περί
1981 1817 2188 1874 αὐτοῦ·
2231 1837 2249 1870 ι
2307 1820 2534 1883 ’Λναὸὰς
2575 1820 2652 1881 εἰς
2696 1817 2827 1886 ὕψος
2909 1815 3330 1887 ᾐχμαλώτευσεν
3373 1810 3764 1883 αἰχμαλωσίαν.
3804 1827 3825 1862 ι

579 1913 694 1964 Καὶ
744 1910 903 1964 τοῦτο
945 1911 1103 1974 αὐτὸς
1150 1910 1388 1975 ἐδίδαξεν
1437 1910 1633 1964 εἰπών·
1676 1931 1695 1963 ι
1738 1911 1904 1964 Ὅταν
1947 1907 2148 1978 ὑψωθῶ
2184 1911 2247 1962 ἐκ
2300 1911 2400 1978 τῆς
2427 1911 2550 1979 γῆς,

2627 1909 2834 1969 πάντας
2865 1904 3077 1958 ἑλκύσω
3109 1904 3245 1975 πρὸς
3275 1903 3533 1973 ἐμαυτόν.
3577 1919 3599 1954 ι

653 2004 766 2059 Kal
804 2003 1126 2072 προσέθετο
1158 2007 1368 2074 Κύριος
1405 2004 1676 2069 λαλῆσαί
1695 2022 1796 2074 μοι
1830 2005 1936 2058 ἐπ’
1965 2007 2066 2060 Διὰ
2096 2005 2161 2057 τὸ
2197 2016 2236 2069 Β
2338 2003 2502 2057 Vens.

1965 2007 2066 2060 Διὰ
2096 2005 2161 2057 τὸ
2197 2016 2236 2069 Β
2338 2003 2502 2057 Vsus.
2534 2001 2649 2055 5-8.
2682 1999 2745 2053 Et
2771 1999 2997 2067 perrexit
3028 1997 3282 2051 Dominus
3319 1995 3460 2063 loqui
3491 1993 3618 2045 milii
3645 2007 3666 2046 :
3697 1991 3831 2056 Quo-

571 2095 664 2165 μὴ
683 2096 1023 2160 βούλεσθαι
1050 2096 1158 2149 τὸν
1185 2096 1342 2152 λαὸν
1378 2096 1592 2150 τοῦτον
1637 2095 1705 2148 τὸ
1742 2094 1897 2162 ὕδωρ
1926 2094 2032 2148 τοῦ
2070 2097 2166 2146 Σι-

575 2188 754 2256 λωὰμ
792 2186 858 2238 τὸ
886 2189 1292 2256 πορευόμενον
1345 2185 1556 2256 ἠσυχῇ
1584 2227 1598 2248 ,
1637 2185 1796 2240 ἀλλὰ
1830 2187 2163 2249 βούλεσθαι

575 2279 750 2344 ἔχειν
800 2279 1136 2344 Ῥαασσὼν,
1200 2278 1297 2332 καὶ
1346 2278 1449 2332 τὸν
1500 2279 1636 2332 υἱὸν
1683 2277 1789 2331 τοῦ
1856 2277 2163 2345 Ῥομελίου

570 2371 851 2434 ,ϐασιλέα
876 2371 967 2438 ἐφ’
997 2369 1181 2439 ὑμῶν,
1207 2370 1303 2424 διὰ
1325 2370 1498 2424 τοῦτο
1541 2370 1670 2424 ἰδοὺ
1702 2368 1905 2439 ἀνάγει
1951 2369 2164 2436 Κύριος

575 2461 857 2531 ἐφ’ὑμᾶς
899 2463 965 2515 τὸ
998 2462 1152 2530 ὕδωρ
1187 2463 1292 2517 τοῦ
1344 2463 1612 2532 ποταμοῦ
1662 2461 1728 2515 τὸ
1765 2462 2016 2530 ίσχιιρὸν
2063 2458 2159 2514 καί

578 2553 770 2618 πολὺ,
807 2553 916 2606 τὸν
945 2554 1212 2618 ,βασιλέα
1247 2554 1364 2608 τῶν
1400 2554 1757 2621 Ἀσσυρίων,
1788 2553 1884 2606 καὶ
1907 2552 2022 2620 τὴν
2060 2552 2158 2605 δό-

577 2644 704 2708 ξαν
735 2645 942 2698 αὐτοῦ.
967 2645 1072 2699 Καὶ
1109 2644 1474 2712 ἀναϐήσεται
1511 2645 1610 2698 ἐπὶ
1650 2644 1856 2699 πᾶσαν
1891 2642 2163 2712 φάραγγα

577 2735 756 2804 ὑμῶν
780 2735 878 2788 καὶ
901 2735 1293 2803 περιπατήσει
1327 2736 1425 2789 ἐπὶ
1477 2734 1601 2790 πᾶν
1627 2735 1825 2802 τεῖχος
1854 2733 2038 2803 ὑμῶν,
2068 2731 2165 2784 καί

578 2827 806 2896 ἀφελεῖ
831 2829 950 2883 ἀπὸ
981 2826 1093 2896 τῆς
1135 2827 1419 2891 Ἰουδαίας
1465 2825 1796 2894 ἄνθρωπον,
1827 2824 1894 2890 ὃς
1915 2823 2167 2887 δυνήσε-

2269 2095 2412 2148 niam
2447 2109 2548 2146 non
2569 2093 2676 2144 vult
2703 2089 2926 2159 populus
2959 2088 3054 2141 iste
3083 2102 3274 2156 aquam
3319 2083 3544 2147 Siloam,
3589 2085 3832 2152 ﬂuentem

2265 2186 2492 2256 placide,
2517 2185 2606 2238 sed
2635 2182 2736 2237 vult
2767 2181 2954 2234 habere
3010 2178 3251 2232 Raassou
3291 2189 3337 2232 et
3374 2177 3544 2243 ﬁlium
3578 2175 3830 2228 Romelitn

2267 2293 2436 2346 regem
2469 2290 2624 2343 super
2679 2289 2793 2337 eos,
2827 2281 3101 2340 propterea
3161 2283 3278 2322 ecce
3318 2266 3518 2319 reducit
3579 2263 3833 2317 Dominus

2267 2384 2422 2436 super
2447 2383 2535 2419 vos
2570 2381 2760 2434 aquam
2797 2362 2949 2426 ﬂuvii
3003 2362 3344 2414 vehementem
3379 2367 3426 2411 et
3458 2357 3831 2413 abundantem,

2268 2474 2436 2528 regem
2473 2457 2807 2525 Assyriorum
2841 2462 2889 2507 et
2945 2454 3166 2521 gloriam
3219 2449 3350 2519 ejus.
3391 2448 3456 2502 Et
3494 2449 3734 2501 ascendet
3779 2447 3833 2497 in

2266 2564 2469 2603 onmem
2525 2546 2710 2600 vallem
2773 2553 3019 2608 restrain,
3063 2554 3108 2594 et
3170 2541 3588 2610 supergredietur
3629 2551 3834 2589 omnem

2269 2656 2475 2693 murum
2528 2649 2776 2700 vestrum,
2833 2645 2882 2688 et
2922 2635 3125 2703 auferet
3164 2649 3196 2685 ο
3226 2631 3419 2684 Iudaea
3459 2629 3719 2684 hominem
3743 2627 3835 2697 qui

2271 2731 2460 2796 porerit
2503 2737 2659 2797 caput
2683 2727 2879 2790 levare,
2906 2735 2994 2778 aut
3039 2734 3290 2792 praestare
3322 2721 3546 2791 aliquid.
3584 2719 3649 2772 Et
3683 2727 3834 2772 erunt

2272 2828 2447 2872 castra
2479 2818 2614 2888 ejus,
2653 2826 2711 2870 ut
2739 2815 2984 2884 impleant
3022 2812 3353 2866 latitudinem
3378 2811 3606 2878 regionis
3629 2818 3757 2862 tum.

580 2942 678 2976 ται
706 2924 982 2991 κεφαλὴν
1017 2915 1231 2990 ἆραι,ἣ
1276 2921 1540 2976 δυνατόν
1569 2917 2058 2974 συντελέσασθαί
2091 2933 2166 2970 τι.
2206 2913 2316 2969 Kal
2375 2913 2546 2966 ἔσται
2584 2913 2623 2979 ἠ
2687 2906 3031 2977 παρεμϐολὴ
3077 2905 3288 2970 αὐτοῦ,
3337 2903 3492 2957 ὥστε
3525 2899 3837 2971 πληρῶσαι

580 3019 654 3068 τὰ
691 3014 893 3080 πλάτη
928 3012 1037 3083 τῆς
1065 3010 1259 3081 χώρας
1292 3030 1431 3066 σου.

657 3106 786 3158 Ὅτι
831 3104 980 3174 παρὰ
1025 3121 1088 3172 γε
1132 3103 1190 3156 τὸ
1223 3102 1410 3165 εἰωθὸς
1454 3101 1779 3173 ἀνθρώποις,
1810 3101 1936 3171 ξένη
1965 3118 2024 3154 τε
2071 3099 2165 3152 καὶ

580 3194 920 3263 ἁξιάγαστος
959 3193 1109 3246 ἔσται
1139 3192 1231 3245 τοῦ
1282 3192 1629 3263 Ἐμμανουήλ
1663 3193 1697 3263 ὴ
1717 3192 1986 3261 γέννησις,
2008 3192 2042 3262 ἡ
2079 3189 2168 3242 διὰ

581 3289 686 3358 τῆς
729 3286 888 3353 ἁγίας
917 3285 1214 3355 Παρθένου,
1260 3284 1356 3337 καὶ
1397 3285 1477 3337 ὅτι
1519 3283 1783 3336 πλείστων
1815 3300 1874 3335 τε
1912 3283 2051 3336 ὅσων
2077 3280 2170 3334 καὶ

584 3375 1074 3448 περιφανεστάτων
1105 3373 1323 3446 ἀληθῶς
1361 3374 1698 3444 θεοσημειῶν
1737 3372 2168 3441 ἀποτελεσθήσε-

585 3470 720 3522 σθαι
768 3467 910 3520 κατὰ
937 3466 1160 3537 καιροὺς
1188 3463 1247 3518 εὖ
1281 3465 1424 3536 μάλα
1456 3464 1766 3535 διειρηκὼς,
1799 3463 2168 3517 ἀποκαλύπτει

585 3555 666 3626 τῷ
694 3557 951 3627 προφήτῃ
991 3553 1196 3617 λοιπὸν,
1256 3553 1348 3606 καὶ
1389 3551 1487 3623 τὴν
1545 3552 1807 3621 ἐσομένην
1857 3552 1975 3604 κατ’
2003 3548 2167 3603 αὐτοῦ

583 3647 700 3700 τῶν
740 3645 1009 3699 Ἰουδαίων
1037 3645 1295 3698 ἀπόνοιαν
1318 3643 1458 3696 κατά
1484 3659 1548 3710 γε
1577 3643 1668 3694 τὸν
1697 3641 1797 3710 τῆς
1817 3641 2169 3711 ὲνανθρωπή-

2342 3091 2711 3146 Emmanuelis
2736 3086 3100 3144 nativitatem,
3117 3087 3317 3150 prater
3338 3090 3682 3132 communem
3703 3089 3836 3130 con-

2272 3180 2605 3240 suetudinem
2645 3190 2836 3231 novatn
2868 3171 3178 3226 hominibus
3211 3164 3550 3235 peregrinam
3575 3172 3630 3216 et
3655 3162 3798 3215 admi

2195 3263 2237 3320 C
2277 3273 2519 3334 rabilem,
2560 3283 2627 3323 ex
2651 3274 2835 3322 sancta
2870 3261 3111 3330 Virgine,
3166 3257 3630 3328 plurimorumque
3653 3267 3716 3307 ac
3750 3253 3838 3306 in-

2270 3361 2701 3433 signissimorum
2723 3369 2848 3409 vere
2864 3352 3166 3408 divinorum
3183 3349 3463 3418 signorum
3478 3343 3834 3408 eﬂectricem,

2271 3470 2370 3512 suo
2403 3465 2644 3522 tempore
2671 3449 2896 3520 pulchre
2923 3443 3216 3499 admodum
3254 3437 3548 3509 exposuit:
3580 3436 3839 3504 deinceps

2271 3545 2546 3616 propheta:
2572 3539 2767 3610 aperit,
2792 3538 3030 3592 futuram
3079 3540 3269 3588 contra
3322 3528 3472 3584 illum
3519 3528 3840 3582 inhumana-

2276 3637 2438 3691 tionis
2482 3644 2723 3702 tempore
2763 3628 3070 3684 Iudaeorum
3102 3622 3391 3677 insaniam.
3419 3618 3575 3674 Venit
3609 3617 3661 3672 in
3685 3632 3838 3671 mun-

589 3756 736 3802 σεως
771 3738 984 3807 καιρόν.
1023 3737 1276 3806 Ἀφίκετο
1299 3736 1479 3806 γεμὴν
1498 3709 1596 3798 εἰς
1627 3709 1776 3787 τόνδε
1798 3733 1888 3786 τὸν
1918 3709 2173 3801 κόσμονίὸ
2275 3729 2401 3782 dum
2425 3743 2456 3780 u

1968 3709 2173 3801 lopovo
2275 3729 2401 3782 dum
2425 3724 2756 3794 unigenitum
2795 3719 2888 3774 Dei
2925 3717 3178 3782 Verbum,
3205 3714 3257 3768 in
3283 3711 3635 3769 similitudine
3659 3709 3841 3764 carnis

592 3801 894 3900 μονογενὴς
943 3827 1040 3880 τοῦ
1094 3801 1232 3879 θεοῦ
1283 3801 1475 3893 Λόγος,
1523 3828 1580 3878 ὲν
1619 3823 1923 3894 ὁμοιώματι
1973 3822 2174 3893 σαρκὸς
2275 3827 2460 3889 peccat

1973 3822 2174 3893 σαρκὸς
2275 3817 2518 3889 peccati,
2566 3828 2673 3866 non
2704 3810 2965 3864 illustrem
2999 3814 3055 3861 et
3076 3803 3426 3874 spectabilem
3454 3801 3650 3854 divina:
3701 3812 3840 3867 pra:-

587 3890 892 3994 ἆμαρτιαξ,
918 3921 1017 3974 οὐκ
1045 3918 1262 3991 ἐμφανῆ
1284 3935 1345 3970 τε
1369 3890 1464 3970 οιαὶ
1490 3890 1770 3987 ὁρωμένην
1795 3890 1898 3986 τὴν
1921 3914 2020 3984 τῆς
2046 3890 2171 3966 ’θεο-
2276 3910 2460 3967 stantia

1963 3914 2020 3984 ῆς
2046 3890 2171 3966 ’θεο-
2276 3910 2487 3967 stantia
2514 3905 2742 3978 gloriam
2768 3901 2994 3963 habens,
3023 3911 3124 3953 nec
3150 3909 3301 3950 more
3334 3908 3434 3948 suo
3456 3892 3634 3952 solito,
3662 3890 3836 3944 luceat

592 3979 1166 4082 aps-iroﬁcnunapoiﬁ';
1215 3979 1371 4074 δόξαν
1411 3979 1568 4076 ἔχων·
1606 3979 1744 4058 ὀὔτε
1804 3979 1910 4076 μίῑν
1942 3979 2082 4058 κατὰ
2114 4004 2176 4057 τὸ
2278 4003 2464 4058 habita

1969 3979 2082 4058 εατὰ
2114 4004 2176 4057 τὸ
2278 4003 2536 4058 habitans
2567 3999 2925 4056 inaccessam,
2944 4003 3121 4059 neque
3141 3979 3842 4055 angelicoesercitusplen—

589 4071 787 4166 εἰωθὸς
825 4071 974 4170 αὐτῷ
1179 4071 1344 4152 οἰκών
1401 4071 1713 4168 ἀπρόσιτον
1775 4071 1896 4148 ούδὲ
1935 4097 2054 4158 ταῖς
2079 4095 2178 4162 ἀγ·
2277 4093 2401 4149 dide
2435 4108 2461 4146 s

1962 4097 2054 4158 ταῖς
2079 4095 2178 4162 ἀγ-
2277 4093 2401 4149 dide
2435 4091 2733 4159 stipatum;
2783 4084 2894 4138 imo
2927 4097 3027 4137 nec
3078 4080 3134 4134 in
3181 4077 3348 4148 gloria
3380 4073 3627 4129 mortalis
3672 4071 3835 4170 regis,

589 4158 844 4262 γελικαῖς
907 4158 1168 4262 δῦνάμεσι
1225 4158 1689 4261 δορυφορούμενος
1742 4184 2007 4255 ἐναργῶς·
2063 4158 2176 4238 ἀλλ’
2277 4184 2372 4238 sed
2395 4196 2462 4235 mt

1974 4201 2007 4248 ς·
2063 4158 2176 4238 ἀλλ’
2277 4184 2372 4238 sed
2395 4158 2637 4235 modeste
2663 4175 2972 4236 admodum,
3023 4180 3082 4226 et
3130 4167 3420 4229 submisse,
3463 4171 3520 4218 et
3571 4163 3693 4217 sine
3738 4158 3847 4214 ullo

588 4258 701 4340 οὐδ’
726 4286 786 4337 ὲν
811 4283 938 4354 δόξῃ
989 4258 1149 4353 τυχὸν
1199 4258 1442 4350 ἐπιγείου
1503 4279 1795 4352 βασιλέωςο
1839 4277 2071 4348 μετρίως
2122 4277 2179 4330 δὲ
2281 4275 2461 4344 strepit

1972 4277 2071 4340 tu);
2122 4277 2179 4330 δὲ
2281 4275 2535 4344 strepitu.
2591 4269 2764 4340 quue
2795 4268 2951 4323 nobis
3003 4264 3147 4320 Deus
3180 4269 3237 4316 et
3265 4258 3450 4322 Pater,
3510 4269 3643 4310 voce
3673 4265 3845 4354 fauc-

595 4377 805 4448 σφὸδρα
831 4344 1285 4446 καίυύφειῖμένως,
1306 4344 1412 4427 ⁷ιιιαί
1456 4344 1591 4425 πολὺ
1618 4371 1737 4425 λίαν
1781 4344 2038 4440 utimur—11!.
2071 4369 2180 4422 Kal
2282 4377 2461 4422 torum

1969 4369 2038 4424 τί.
2071 4369 2180 4422 Kal
2282 4377 2461 4422 torum
2523 4364 2772 4433 designat
2829 4360 3016 4414 dicens
3067 4371 3082 4409 :
3126 4372 3146 4407 ι
3188 4353 3328 4407 Ecce
3379 4348 3644 4448 intelliget
3673 4344 3842 4448 Filius

590 4435 756 4520 τοῦτο
798 4467 930 4537 ἡμῖν
970 4435 1015 4518 6'
1047 4435 1181 4528 Θέδς
1243 4435 1342 4517 ᾆξαι
1393 4463 1582 4536 Πατὴρ
1638 4461 1726 4516 διὰ
2012 4458 2180 4528 ἁγίων
2282 4472 2436 4514 meus

2012 4458 2180 4528 ἁγίων
2282 4472 2436 4514 meus
2468 4457 2715 4518 dilectus,
2749 4451 2802 4506 in
2824 4464 2931 4519 quo
2959 4443 3264 4516 conquievi,
3300 4440 3560 4507 judicium
3589 4435 3842 4506 gentibus

592 4531 1028 4628 καταμεμήνυκε
1081 4555 1274 4645 λέγων·
1345 4575 1364 4606 ι
1414 4531 1790 4624 ἸδοῦἾσυνήσει
1817 4555 1846 4606 6
1891 4531 2028 4615 Παῖς
2078 4567 2180 4621 μου
2213 4590 2254 4645 Β
2283 4549 2465 4606 inferet

1970 4553 2028 4615 ιῖς
2078 4567 2180 4621 μου
2213 4590 2254 4645 Β
2283 4549 2500 4611 inferet,
2527 4561 2632 4600 non
2659 4541 2970 4603 contendet,
3030 4551 3204 4606 neque
3259 4531 3534 4592 clamabit,
3587 4543 3691 4582 nec
3717 4542 3843 4645 xau-

595 4619 916 4720 ἀγαπητδς,
978 4650 1036 4701 ἐν
1085 4640 1129 4717 ᾧ
1155 4619 1502 4718 ἠύδόκησα·
1575 4619 1756 4716 κρίσιν
1799 4645 1914 4708 τοῖς
1972 4619 2180 4696 ἔθνεσιν
2213 4619 2254 4645 υ
2286 4641 2464 4697 dietur

1974 4619 2180 4696 ἔθνεσιν
2213 4619 2254 4645 υ
2286 4641 2464 4697 dietur
2516 4639 2570 4692 in
2617 4635 2813 4704 plateis
2863 4647 2966 4687 vos
3017 4628 3167 4697 ejus,
3235 4626 3502 4679 calamum
3559 4619 3847 4674 wntritum

594 4709 818 4809 ὲέοίσει·
848 4709 949 4792 ούκ
975 4709 1167 4811 ἐρίσει,
1195 4709 1316 4792 οὐδὲ
1346 4709 1666 4808 κραυγάσει,
1696 4733 1816 4788 οὐδὲ
1847 4731 2181 4804 ἀκουσθήσε-
2286 4746 2392 4786 non
2434 4744 2467 4784 cn

1978 4731 2181 4804 ισθήσε-
2286 4746 2392 4786 non
2434 4727 2768 4796 confringet,
2827 4733 2883 4778 et
2937 4722 3102 4776 linum
3150 4716 3428 4772 incensum
3492 4726 3594 4766 non
3651 4709 3851 4763 restin-

593 4851 686 4886 1ctt
711 4835 769 4886 ὲν
809 4833 934 4893 ταῖς
959 4799 1238 4893 πλατείαις
1268 4831 1302 4899 ἡ
1343 4799 1494 4898 φωνὴ
1545 4825 1728 4881 αὑτοῦ.
1770 4824 2028 4896 Κάλαμον
2054 4799 2176 4878 συνο
2285 4833 2411 4894 guet
2442 4821 2464 4852 '

1974 4842 2028 4879 ον
2054 4799 2176 4878 συνο
2285 4833 2411 4894 guet
2442 4819 2508 4874 ⁵³.
2568 4836 2588 4871 ι
2637 4817 2704 4873 Et
2749 4815 2836 4870 hic
2881 4812 3097 4882 quidem
3150 4806 3339 4861 modus
3404 4801 3503 4855 fuit
3568 4799 3847 4865 dispensa-

595 4890 964 4997 τετριμμένον
1001 4924 1064 4977 οὐ
1114 4890 1369 4987 κατεάξει
1391 4960 1406 4986 ,
1452 4890 1548 4974 διαὶ
1595 4918 1739 4972 λίνον
1775 4890 2077 4987 τυφόμενον
2118 4915 2179 4969 οὐ
2289 4890 2452 4970 tionis

1976 4933 2077 4970 :vov
2118 4915 2179 4969 οὐ
2289 4890 2452 4970 tionis
2481 4908 2754 4980 Unigeniti
2795 4907 2847 4960 in
2877 4919 3061 4959 carne.
3089 4897 3260 4955 Judaei
3291 4905 3470 4950 autem
3501 4890 3708 4956 miseri,
3745 4890 3849 4942 hoc

599 4985 842 5072 σὸίσεί..)
883 5017 993 5071 Kal
1027 5016 1228 5086 τρόπος
1270 4985 1369 5084 μὲν
1393 4985 1398 4986 7
1422 5012 1605 5065 οὐτοσὶ
1642 5009 1740 5080 τῆς
1783 4985 1928 5079 μετα
1979 5006 2180 5078 σαρκὸς
2287 5008 2361 5064 (1ο
2392 5005 2472 5061 illc

1981 5006 2180 5078 σαρκὸς
2287 5008 2361 5064 de
2392 5005 2483 5061 illo
2527 5003 2839 5075 mysterium
2885 5013 2992 5053 non
3044 4993 3411 5063 intelligentes
3467 4985 3724 5046 omnino,
3761 4990 3854 5035 aut

597 5108 918 5179 οἰκονομίας
951 5105 1042 5160 τοῦ
1090 5102 1448 5172 Μονογενοῦς.
1492 5100 1731 5156 Ἰουδαῖοι
1763 5115 1826 5167 γε
1835 5103 1940 5170 μὴν
1981 5098 2031 5150 οἰ
2082 5096 2178 5150 τά-

599 5198 760 5260 λανες
797 5196 859 5250 τὸ
886 5199 974 5250 ἐπ’
1016 5194 1164 5265 αὑτῷ
1220 5193 1544 5265 μυστήριον,
1572 5190 1606 5260 ἢ
1641 5189 1702 5243 οὐ
1755 5188 2005 5251 συνέντες
2045 5186 2181 5250 ὅλως

601 5290 772 5360 ἦγουν
824 5286 1052 5348 ἀνοσίως
1094 5284 1466 5356 διωθούμενοι,
1523 5277 1924 5348 κατεπεφύοντο
1959 5276 2179 5341 δεινῶς,

603 5379 705 5433 καὶ
731 5378 960 5448 ιζήτουν
995 5375 1156 5430 αὑτὸν
1193 5376 1512 5429 ἀποκτεῖναι
1547 5371 1815 5440 λέγοντεςο
1867 5387 1886 5421 ι
1909 5367 2048 5438 Περὶ
2083 5383 2182 5419 κα-

603 5471 702 5524 λοῦ
731 5471 894 5542 ἔργου
918 5471 980 5523 οὐ
1009 5466 1300 5538 λιθάζομέν
1342 5484 1421 5533 σε,
1469 5465 1606 5520 ἀλλὰ
1636 5464 1763 5535 περὶ
1815 5459 2178 5533 βλασφημίας,

612 5565 695 5618 Ξτι
735 5564 798 5615 σὺ
825 5561 1108 5632 ἄνθρωπος
1138 5559 1234 5624 ὣν,
1261 5561 1435 5622 ποιεῖς
1471 5557 1693 5612 σεαυτὸν
1737 5555 1890 5609 Θεόν.
1930 5571 1950 5604 ι
1998 5555 2186 5605 Διατε-

617 5652 869 5707 ςελέκασι
896 5652 954 5705 δὲ
977 5653 1072 5706 καὶ
1121 5651 1281 5723 μέχρι
1331 5649 1533 5713 παντὸς
1576 5647 1801 5720 σκληροὶ
1833 5645 1928 5700 uel
1961 5643 2182 5715 ἐξήνιοι,

691 5831 742 5865 ³⁸
762 5829 860 5887 lsa.
886 5847 1000 5900 ut,
1026 5833 1076 5888 l.
1189 5834 1231 5866 ⁸⁸
1257 5829 1400 5888 Psal.
1426 5845 1592 5897 uvn,
1620 5829 1705 5885 l9.

1811 5829 1857 5862 ⁸¹
1877 5826 2033 5884 Joan.
2060 5823 2248 5894 “1,32.

2287 5106 2431 5154 certe
2458 5099 2621 5165 impie
2659 5092 3054 5163 Opprimentes,
3091 5087 3332 5157 graviter
3369 5090 3557 5136 contra
3583 5077 3851 5133 exstimu-

2288 5189 2584 5250 labantur,
2642 5185 2800 5248 eique
2834 5189 3065 5235 mortem
3127 5175 3514 5236 moliebantur,
3573 5170 3851 5224 dicentes:

2293 5281 2450 5352 137
2491 5297 2510 5330 ι
2549 5278 2630 5333 0b
2657 5277 2855 5330 bonum
2888 5284 3022 5339 opus
3049 5283 3152 5323 non
3186 5264 3489 5333 lapidamus
3513 5270 3567 5315 te
3587 5299 3604 5324 ,
3651 5257 3745 5352 sed
3784 5256 3853 5310 ob

2287 5349 2703 5441 blasphemiam,
2735 5363 2879 5435 quod
2905 5373 2959 5416 tu
2987 5362 3149 5416 homo
3174 5372 3298 5414 cum
3323 5355 3418 5422 sis,
3452 5353 3587 5408 lacis
3623 5349 3851 5418 teipsum

2292 5459 2461 5514 Deum
2500 5457 2569 5510 “.
2609 5475 2630 5509 ι
2673 5455 3097 5511 Perseverarunt
3143 5449 3308 5504 etiam
3350 5459 3447 5515 per
3495 5441 3673 5498 omnia
3716 5449 3854 5508 pra-

2292 5547 2448 5603 fracti
2479 5555 2535 5602 et
2565 5545 2815 5606 eﬂ'renes,
2871 5552 2928 5598 et
2964 5542 3069 5598 hoc
3115 5548 3374 5610 praeterea
3415 5534 3481 5588 ad
3523 5530 3852 5602 impietatem

2293 5638 2522 5694 accedit.
2557 5636 2911 5691 Adduxerunt
2943 5632 3087 5686 enim
3105 5629 3297 5694 Pilato,
3321 5625 3602 5680 dicentes:
3631 5635 3650 5671 ι
3681 5611 3852 5678 Tolle,

2380 5820 2427 5854 ⁸³
2451 5820 2550 5878 lsa.
2573 5836 2704 5889 xw,
2730 5819 2842 5874 Ιοὸ.
2951 5816 2998 5848 ⁸⁵
3017 5811 3170 5868 Joan.
3197 5824 3250 5876 ι,
3273 5805 3362 5857 33.
