4134 6502
629 393 739 452 ω

1619 390 1676 445 s.
1719 372 2005 445 (IYRILLI'
2028 385 2496 443 ALEXANDRINI
2535 384 2852 442 meum.
3762 392 3852 451 «.33

634 514 787 577 tolle,
817 510 1071 581 cruciﬂge
1098 524 1243 565 cum.
1279 529 1299 562 ι
1326 509 1419 564 Ille
1448 518 1625 563 autem
1655 523 1777 563 cum
1812 510 1878 563 ad
1904 510 2019 565 haec
2035 523 2196 579 prope

2304 508 2397 561 καὶ
2424 507 2483 560 τὸ
2506 506 2586 560 ἔτι
2611 506 2815 561 τούτων
2848 506 3105 561 ἐπέκεινα
3130 507 3266 577 πρὸς
3288 507 3349 561 τὸ
3381 506 3657 571 δυσσεϐὲς.
3695 512 3853 581 Προσ-

636 604 821 658 rideus
851 603 1057 657 diceret
1093 615 1108 653 :
1144 602 1343 670 Regem
1396 610 1633 654 vestrum
1671 599 1981 668 crucifigam
2012 600 2036 653 ἲ
2095 599 2201 653 Ex-

635 695 942 748 clamarunt
982 693 1276 748 dicentes:
1316 711 1334 744 ι
1384 691 1500 747 Non
1566 695 1830 747 habemus
1876 706 2056 761 regem
2099 692 2201 746 nisi

634 784 903 839 Cresarem
968 784 1035 839 ".
1080 804 1099 836 ι
1128 782 1262 841 Vide
1287 787 1471 856 itaque
1517 803 1626 858 quo
1683 797 1842 858 pacto
1878 788 1997 857 ejus
2035 801 2202 854 regno

635 891 830 944 parere
866 877 1193 941 recusarint,
1234 887 1289 933 et
1333 877 1605 933 Caesarem
1648 894 1713 934 ac
1754 880 2001 935 homines
2050 894 2215 948 reges

631 968 895 1022 crearint.
925 968 1111 1037 Itaque
1147 970 1250 1024 hoc
1281 971 1619 1037 arnigmatice
1668 970 1806 1025 Deus
1853 972 2199 1041 perspicuum

634 1073 700 1113 ac
737 1066 995 1113 testatum
1019 1061 1298 1129 prOpheta:
1325 1060 1472 1115 facit.
1502 1060 1634 1114 Cum
1665 1077 1815 1125 vero,
1859 1073 1917 1114 ut
1944 1062 2197 1129 arbitror,

632 1149 1050 1217 explicationem
1099 1150 1365 1205 sermonis
1430 1151 1588 1218 hujus
1640 1152 1798 1206 rebus
1860 1162 1970 1207 tum
2034 1154 2201 1221 gestis

631 1243 1100 1296 accommodatam
1133 1242 1327 1299 aﬂ'erre
1361 1255 1785 1299 consentaneum
1818 1246 1889 1299 sit
1918 1263 1935 1299 :
1974 1247 2202 1302 dicimus

629 1349 787 1401 aqua:
816 1333 1021 1388 Siloam
1057 1350 1179 1388 eum
1209 1352 1430 1405 regnum
1460 1338 1697 1391 divinqu
1731 1338 1981 1392 conferre
2002 1381 2017 1405 ,
2056 1341 2198 1407 quod

630 1426 725 1479 ubi
765 1427 1439 1495 contempsissentindaei,
1469 1428 1621 1481 alteri
1682 1430 2094 1495 subdebantur,
2146 1439 2200 1484 et

635 1516 989 1570 tradebantur
1010 1517 1277 1571 hostibus.
1311 1517 1444 1573 lliuc
1466 1519 1578 1571 ait:
1611 1537 1633 1568 ι
1664 1517 1926 1583 Quoniam
1951 1537 2055 1574 non
2088 1522 2201 1576 vult

633 1608 863 1676 populus
900 1609 1001 1661 iste
1036 1624 1227 1677 aquam
1267 1608 1466 1662 Siloam
1511 1609 1763 1665 ﬂuentem
1824 1611 2051 1681 placide,
2103 1615 2198 1668 scd

627 1698 833 1754 habere
866 1700 1069 1754 mavult
1118 1700 1381 1767 Raasson,
1412 1710 1471 1756 et
1504 1701 1669 1756 filium
1711 1704 1968 1759 Ronuelim
2019 1721 2197 1775 regem

629 1790 775 1844 inter
805 1805 917 1854 vos,
944 1800 1228 1860 propterea
1281 1806 1408 1846 ecce
1456 1793 1669 1847 reducit
1714 1794 1970 1849 Dominus
2009 1795 2063 1849 in
2100 1809 2199 1849 vos

2303 599 2434 668 ἦγον
2488 599 2586 668 μὲν
2643 600 2751 670 γὰρ
2780 598 2859 669 τῷ
2891 598 3108 669 Πιλάτῳ
3159 598 3429 667 λέγοντες·
3481 618 3500 651 ι
3526 595 3680 670 Αἶρε,
3711 598 3819 673 αίρε
3839 644 3853 667 ,

2305 688 2616 758 σταύρωσον
2630 690 2811 743 αὐτόν.
2839 709 2858 741 ι
2895 689 3134 742 Ἑκείνου
3150 690 3209 742 δὲ
3235 690 3370 761 πρὸς
3393 692 3567 743 ταῦτα
3586 696 3850 763 μονονουχὶ

2302 740 2849 851 καταμειδιῶγντόςτε
2880 740 3301 849 καὶλέγοντοςῘ
3320 740 3423 834 Ἰῗὺν
3470 740 3691 851 βασῖλέα
3720 740 3870 853 ὐμένῖ

2304 846 2638 943 σταυρώσω;
2698 846 3179 945 κατεκεκράγεσαν
3234 846 3504 942 λέγοντες·
3550 894 3569 925 ι
3608 878 3717 929 Ούκ
3753 846 3865 948 έχοιξ

2305 984 2404 1036 μεν
2434 966 2656 1036 βασιλέα
2692 968 2739 1018 εί
2777 966 2852 1037 μὴ
2887 967 3194 1036 Καίσαρα.»
3241 967 3433 1037 Ἀθρει
3454 966 3517 1037 δὴ
3546 968 3691 1032 ὅπως
3713 972 3850 1041 ἠρνή.

2305 1074 2464 1112 σαντο
2500 1058 2596 1127 μὲν
2647 1058 2708 1110 τὸ
2750 1058 2840 1111 ὑπ’
2873 1058 3038 1111 αὐτοῦ
3084 1059 3484 1128 βασιλεύεσθαι,
3525 1061 3769 1131 Καίσαρα
3806 1066 3850 1118 δὲ

2302 1150 2395 1202 καὶ⁵
2419 1149 2735 1219 ἀνθρώπους
2762 1150 3137 1220 ἐπεγράφοντο
3164 1151 3434 1222 βασιλέας.
3452 1154 3851 1221 Αὶνιγματωδὼς

2300 1238 2588 1309 τοιγαροῦν
2626 1238 2704 1308 τῷ
2744 1240 2995 1311 προφήτῃ
3054 1238 3185 1301 Θεὸς
3232 1240 3365 1293 αὐτὸ
3414 1240 3477 1310 δὴ
3534 1240 3689 1293 τοῦτο
3739 1243 3853 1294 καθ-

2306 1327 2513 1398 ίστησιν
2544 1331 2793 1399 ἐναργές.
2831 1330 3046 1401 Ἐπειδὴ
3074 1330 3129 1382 δὲ
3159 1332 3459 1402 προσήκειν
3486 1332 3852 1401 ὑπολαμϐάνω,

2302 1421 2395 1473 καὶ
2423 1421 2483 1473 τὸ
2512 1423 2623 1482 τοῖς
2653 1421 2907 1491 τηνικάδε
2938 1422 3225 1492 πράγμασι
3253 1423 3570 1492 πρέπουσαν
3598 1424 3691 1477 τοῦ
3714 1425 3854 1493 λόγου

2301 1513 2630 1583 ποιήσασθαι
2664 1512 2761 1582 τὴν
2798 1513 3070 1567 ἀπόδοσιν’
3120 1514 3297 1584 φαμὲν
3343 1515 3426 1567 ὅτι
3469 1514 3546 1585 τῷ
3596 1514 3743 1569 ὕδατι
3773 1517 3853 1570 τοῦ

2300 1602 2520 1674 Σιλωὰμ
2546 1603 2645 1673 τὴν
2678 1604 2783 1657 ὑπὸ
2812 1604 2932 1675 Θεῷ
2969 1605 3290 1675 παρεικάζει
3324 1605 3625 1675 βασιλείαν,
3660 1607 3725 1677 ῆν
3750 1610 3853 1661 dm-

2303 1695 2574 1765 μάσαντες
2614 1694 2873 1759 Ἰουδαῖοι,
2910 1696 3197 1764 γεγόνασιν
3227 1698 3315 1766 ὑφ’
3342 1699 3536 1769 ἑτέρῳ,
3568 1699 3661 1751 καὶ
3703 1699 3855 1755 δέδον-

2298 1802 2387 1839 ται
2415 1788 2526 1849 τοῖς
2575 1785 2808 1856 ἐχθροῖς.
2843 1784 3109 1858 Ταύτῃτοί
3151 1799 3316 1855 φησι⁶
3355 1803 3373 1836 ι
3405 1786 3505 1839 Διὰ
3552 1785 3614 1838 τὸ
3648 1786 3719 1857 μὴ
3750 1786 3855 1857 βού·

629 1896 822 1949 aquam
865 1880 1012 1936 ﬂuvii
1043 1883 1418 1937 vehementem
1467 1893 1525 1938 et
1579 1884 1969 1949 abundantem,
2016 1901 2196 1955 regem

2299 1875 2484 1929 λεσθαι
2546 1851 2637 1929 τὸν
2678 1851 2813 1929 λαὸν
2876 1851 3065 1928 τοῦτον
3114 1851 3176 1929 eo
3215 1851 3374 1948 θῦδωρ
3402 1877 3496 1930 τοῦ
3559 1851 3771 1947 Σιλωάμ
3803 1878 3855 1931 τὸ

627 1973 1001 2042 Assyriorum.
1036 1993 1060 2026 ο
1104 1974 1311 2042 Aquam
1342 1974 1546 2029 Siloam
1595 1976 1731 2030 adeo
1774 1977 1985 2045 placide
2034 1975 2200 2032 ﬂuere

630 2064 845 2128 diount,
884 2072 943 2118 ut
964 2064 1151 2133 quiete
1177 2065 1294 2119 sine
1344 2065 1491 2120 omni
1539 2068 1718 2121 sonitu
1760 2067 2194 2136 praeterlabatur.

630 2150 875 2208 Vertitur
911 2164 1090 2209 autem
1120 2154 1323 2210 Siloam
1351 2155 1565 2210 missus.
1600 2154 1781 2225 Itaque
1802 2196 1819 2221 ,
1848 2164 1908 2210 ut
1927 2157 2038 2226 jam
2065 2158 2197 2225 dixi,

627 2243 866 2300 sumitur
889 2252 947 2298 ut
981 2245 1053 2299 sit
1078 2245 1255 2314 imago
1309 2254 1363 2300 et
1411 2248 1814 2315 reprazseutatio
1866 2251 2033 2302 nostri
2074 2248 2201 2303 Ser-

629 2336 835 2390 vatoris
867 2337 1155 2401 adventus,
1182 2337 1273 2406 qui
1310 2337 1515 2406 absque
1538 2339 1686 2392 omni
1722 2354 1997 2395 murnmre
2031 2340 2200 2395 exsti-

633 2426 722 2489 tit,
756 2440 819 2479 ut
871 2426 1029 2480 modo
1068 2424 1203 2480 dixi.
1260 2425 1458 2482 Missus
1516 2437 1694 2481 autem
1735 2442 1862 2483 vere
1905 2428 2196 2494 Chrisms;

631 2515 991 2583 quamobrem
1021 2514 1338 2584 Apostolum
1391 2528 1447 2571 et
1475 2515 1790 2572 Pontilicem
1834 2519 2199 2577 confessionis

626 2616 830 2661 nostra
875 2606 1090 2676 sapiens
1131 2606 1329 2662 Paulus
1362 2610 1610 2664 nominat
1638 2612 1724 2675 ἐς
1763 2629 1783 2663 ι
1831 2614 2028 2682 accipit
2068 2614 2196 2669 item

624 2711 728 2766 pro
783 2696 1021 2767 imagine
1074 2707 1130 2753 et
1183 2708 1309 2769 typo
1346 2700 1497 2767 regni
1542 2700 1635 2754 Dei
1684 2700 1909 2758 Siloam.
1962 2703 2201 2760 Proinde

634 2786 1071 2854 quandoquidem
1090 2786 1319 2855 papulas
1345 2787 1446 2841 iste
1462 2788 1758 2843 obduratus
1786 2797 1840 2843 et
1872 2788 2194 2856 effrenatus,

621 2891 825 2947 aquam
881 2876 1084 2931 Siloam
1135 2877 1329 2932 leniter
1378 2877 1631 2933 ﬂuentem
1662 2881 1935 2948 Lrespuit,
1995 2882 2202 2935 exemit

624 2969 772 3021 cnim
800 2967 895 3022 Dei
912 2967 1122 3036 jugum,
1154 2968 1433 3037 magisque
1458 2970 1603 3037 cupit
1628 2970 1907 3024 hominum
1927 2985 2093 3040 regno
2110 2986 2203 3026 su-

631 3059 814 3121 besse,
842 3068 897 3112 et
914 3067 972 3112 ut
995 3058 1242 3113 homines
1265 3059 1497 3114 habendi
1517 3059 1813 3129 cupiditate
1840 3060 2153 3115 iuﬂaunnati
2182 3080 2196 3116 :

629 3146 901 3215 Raasson,
934 3151 1146 3220 inquit,
1171 3159 1231 3205 et
1261 3150 1471 3205 Phasce
1499 3153 1601 3207 sibi
1633 3152 1978 3208 dominentur
2007 3172 2020 3207 :
2056 3155 2197 3208 hanc

618 3242 697 3296 ob
718 3257 938 3298 causam
970 3284 987 3311 ,
1020 3243 1073 3297 in
1095 3256 1191 3298 eos
1224 3258 1422 3312 aquam
1462 3243 1630 3311 ﬂuvii,
1665 3247 1717 3300 id
1750 3256 1854 3315 est,
1907 3247 2198 3316 Euphratis

627 3335 941 3389 immittam.
995 3336 1209 3390 Atcum
1251 3336 1428 3391 oratio
1457 3338 1751 3394 involutior
1783 3340 1892 3405 sit,
1944 3339 2198 3409 adiunxit

627 3442 794 3496 porro
831 3426 1039 3491 statim,
1089 3435 1145 3480 et
1168 3427 1342 3495 inquit
1371 3444 1386 3479 :
1420 3442 1603 3497 regem
1663 3430 1942 3500 Assyrium
1980 3441 2037 3486 et
2081 3430 2199 3502 glo-

628 3518 768 3571 riam
791 3517 928 3584 ejus,
949 3516 999 3569 id
1017 3527 1121 3583 est,
1145 3533 1333 3573 omnes
1353 3519 1595 3574 subditos
1615 3519 1752 3589 ejus,
1769 3530 1821 3574 et
1837 3536 2050 3579 omnem
2069 3536 2199 3593 gen-

632 3623 742 3663 tem
776 3607 1043 3663 cervicem
1063 3609 1142 3665 eis
1155 3610 1603 3665 substernentem.
1632 3612 1802 3681 Aquae
1826 3627 1953 3668 vero
1983 3628 2198 3684 compa-

631 3709 722 3755 rat
743 3700 1133 3756 multitudinem
1164 3742 1179 3766 ,
1210 3702 1368 3772 idque
1393 3720 1461 3757 ex
1492 3719 1639 3758 more
1672 3704 1927 3761 divinitus
1946 3707 2200 3774 aspirata:

627 3792 939 3859 Scriptum.
968 3791 1129 3865 138
1157 3791 1432 3862 Siquidem
1460 3794 1525 3849 de
1558 3793 1746 3850 Ninive
1773 3804 1828 3849 et
1858 3796 2198 3851 multitudine

624 3896 748 3951 ejus
765 3883 1165 3947 innumerabili,
1192 3884 1322 3938 dicit
1342 3898 1473 3939 voce
1500 3884 1879 3954 prophetarum
1908 3899 1925 3939 ι
1956 3904 1975 3937 ι
2008 3886 2074 3939 Ει
2102 3886 2195 3940 Ni-

622 3973 752 4028 nive
779 3972 923 4028 velut
947 3974 1152 4040 piscina
1178 3988 1462 4043 aquarum,
1486 3990 1640 4045 aqua:
1655 3977 1771 4045 ejus
1794 3977 1862 4031 ⁸⁷.
1894 4000 1913 4027 ι
1940 3977 2198 4032 [mmora-

629 4073 719 4119 tur
745 4076 922 4120 autem
952 4068 1004 4119 iu
1058 4066 1448 4132 translatione,
1491 4076 1545 4120 et
1578 4076 1834 4135 tanquam
1868 4067 1934 4122 de
1966 4068 2109 4121 unda
2144 4076 2200 4123 et

623 4156 793 4212 ﬂuvio
818 4156 949 4211 dicit
972 4172 986 4208 :
1013 4176 1031 4207 ι
1051 4157 1118 4211 Et
1146 4157 1397 4211 ascendet
1416 4158 1472 4211 in
1494 4172 1707 4213 omnem
1727 4158 1918 4211 vallem
1942 4168 2193 4226 vestram,

620 4256 680 4302 et
712 4247 1105 4316 perambulabit
1131 4262 1345 4303 omnem
1372 4263 1583 4302 murum
1613 4257 1879 4313 vestrum,
1908 4256 1963 4303 et
1987 4248 2198 4303 auferet

625 4354 658 4394 a
691 4338 876 4394 Iudaea
898 4340 1171 4395 hominem
1201 4340 1292 4410 qui
1320 4351 1480 4411 caput
1512 4340 1691 4396 levare
1714 4341 1929 4411 poterit,
1960 4352 2052 4395 aut
2079 4341 2194 4396 ειη.

622 4443 753 4487 aere
786 4430 1011 4500 aliquid.
1050 4431 1114 4485 Et
1147 4440 1497 4486 eruntcastra
1529 4429 1666 4499 ejus,
1695 4440 1752 4485 ut
1778 4432 2090 4487 latitudines
2113 4446 2198 4487 re-

2300 1968 2663 2037 πορευόμενον
2727 1967 2943 2038 ἡσυχῆ,
3011 1967 3148 2021 ἀλλὰ
3222 1968 3510 2038 βούλεσθαι
3578 1970 3716 2041 ἔχειν
3775 1972 3855 2024 τὸν

2312 2057 2613 2124 Ῥαασσὼν,
2638 2056 2733 2110 καὶ
2771 2057 2862 2109 τὸν
2898 2058 3009 2111 υἱὸν
3060 2057 3153 2110 τοῦ
3205 2058 3481 2128 Ῥομελίου
3529 2060 3747 2129 βασιλέα
3780 2061 3853 2130 ἐφ’

2300 2146 2485 2216 ὑμῶν,
2526 2147 2616 2200 διὰ
2664 2146 2822 2201 τοῦτο
2863 2148 2970 2200 ἰδοὺ
3004 2148 3196 2216 ἀνάγει
3248 2149 3451 2221 Κύριος
3497 2151 3584 2220 ἐφ’
3612 2152 3749 2223 ὑμᾶς
3800 2148 3853 2206 τδ

2300 2236 2442 2309 ὕδωρ
2473 2238 2567 2292 τοῦ
2599 2240 2842 2307 ποταμοῦ
2870 2240 2930 2293 τὸ
2959 2241 3173 2311 ἰσχυρὸν
3204 2244 3295 2295 καὶ
3318 2242 3378 2296 τὸ
3414 2244 3572 2309 πολὺ,
3597 2244 3685 2297 τὸν
3715 2245 3852 2315 βασι*

2298 2327 2391 2380 λέα
2420 2328 2527 2381 τῶν
2557 2331 2871 2400 Ἀσσυρίων.
2896 2350 2914 2383 ι
2947 2332 2989 2382 Τ
2992 2332 3021 2383 ὸ
3055 2331 3148 2384 τοῦ
3176 2332 3395 2405 Σιλωὰμ
3420 2333 3567 2405 ὕδωρ
3592 2337 3700 2404 ρεῖν
3728 2334 3852 2388 οὕτω

2298 2421 2460 2488 φασὶν
2494 2422 2690 2493 ἡσυχῆ,
2726 2422 2801 2485 ὡς
2842 2422 2961 2493 δίχα
3012 2424 3217 2476 κτύπου
3275 2426 3598 2495 προχεῖσθαι
3652 2427 3850 2489 παντός.

2310 2512 2700 2583 Ἐρμηνεύεται
2761 2513 2818 2566 δὲ
2887 2515 3127 2586 Σιλωὰμ,
3168 2516 3597 2587 ἀπεσταλμένος.
3650 2495 3852 2589 Δέχετάι

2296 2603 2476 2656 τοίνυν
2503 2607 2581 2667 εἰς
2607 2605 2789 2659 εἰκόνα
2819 2607 2909 2659 καὶ
2938 2606 3105 2660 τύπον
3145 2607 3307 2661 αὐτὸν
3359 2607 3458 2678 τῆς
3490 2608 3587 2661 τοῦ
3626 2609 3854 2681 Σωτῆρος

2297 2693 2453 2763 ἡμῶν
2486 2696 2805 2767 παρουσίας,
2835 2697 2935 2766 τῆς
2992 2698 3229 2769 ἀψοφητὶ
3276 2700 3670 2772 γεγενημένης,
3699 2702 3851 2754 καθά-

2300 2801 2407 2854 περ
2440 2785 2576 2856 ἐφην
2600 2787 2823 2856 ἀρτίως.
2872 2789 3306 2860 Ἀπεσταλμένος
3354 2791 3411 2844 δὲ
3471 2793 3592 2844 κατ’
3620 2792 3853 2863 ἀλήθειαν

2299 2878 2327 2929 ὁ
2355 2878 2606 2947 Χριστός.
2640 2879 2954 2936 Ἀπόστολον
2981 2880 3110 2949 γοῦν
3144 2883 3237 2934 καὶ
3270 2883 3558 2954 ’Δρχιερέα
3590 2884 3745 2939 αὐτὸν
3769 2884 3854 2954 τῆς

2298 2966 2585 3037 ὁμολογίας
2619 2969 2773 3038 ἡμῶν
2820 2971 2913 3023 καὶ
2955 2972 2984 3023 ὁ
3019 2972 3178 3039 σοφὸς
3206 2972 3462 3042 ὀνομάζει
3507 2974 3734 3037 Παῦλος.
3766 2976 3852 3026 Δέ-

2299 3076 2449 3129 χεται
2474 3059 2529 3111 δὲ
2577 3060 2773 3130 ὁμοίως
2801 3062 2891 3114 καὶ
2923 3060 3261 3126 ἁπαξαπλῶς
3288 3064 3387 3134 τῆς
3425 3065 3529 3118 ὑπὸ
3570 3065 3688 3136 Θεῷ
3719 3067 3853 3135 βασι-

2300 3146 2443 3210 λείας
2469 3151 2547 3213 είς
2573 3150 2739 3202 τύπον
2762 3151 2853 3205 τὸν
2886 3150 3124 3221 Σιλωάμ.
3145 3154 3352 3208 Οὐκοῦν
3378 3156 3676 3228 ἐπειδήπερ
3694 3160 3720 3210 ὁ
3746 3156 3854 3218 λαὸς

2300 3232 2453 3302 οὗτος
2482 3242 2510 3293 ὁ
2544 3240 2811 3311 ἀκαμπὴς
2858 3243 2952 3295 καὶ
2990 3244 3222 3314 ὲξήνιος,
3270 3248 3330 3299 ού
3362 3247 3616 3317 βούλεται
3646 3248 3780 3318 ἔχειν
3805 3248 3855 3301 τὸ

2302 3328 2445 3399 ὕδωρ
2479 3331 2572 3383 τοῦ
2592 3332 2814 3403 Σιλωάμ
2832 3333 2893 3386 τὸ
2916 3337 3281 3405 πορευόμενον
3306 3339 3486 3409 ησυχῆ
3502 3355 3517 3372 ο
3560 3341 3856 3394 ἀποσείεται

2299 3423 2409 3493 γὰρ
2432 3423 2523 3475 τὸν
2562 3424 2665 3477 ὑπὸ
2718 3424 2837 3494 Θεῴ
2878 3425 3074 3493 ζυγόνο
3126 3429 3385 3499 ἐπιθυμεῖ
3432 3431 3489 3483 δὲ
3534 3431 3736 3501 μᾶλλον
3766 3432 3857 3485 ὑπὸ

2298 3515 2399 3585 τὴν
2431 3514 2729 3585 ἀνθρώπων
2760 3510 2899 3569 εἶναι
2922 3515 3218 3586 βασιλείαν,
3253 3522 3346 3573 καὶ
3378 3522 3703 3592 κατισχύσαι
3735 3522 3855 3592 μᾶλ-

2299 3606 2389 3660 λον
2423 3607 2586 3661 αὐτοῦ
2611 3608 2737 3672 τοὺς
2762 3609 3102 3663 πλεονεκτεῖν
3124 3611 3423 3677 ἐθέλοντας,
3445 3614 3535 3666 τὸν
3575 3613 3853 3673 Ῥαασσὼν,

2299 3701 2462 3770 φημὶ,
2486 3701 2696 3753 καὶτὸν
2727 3702 2901 3754 Φακεέ
2922 3719 2935 3733 ’
2976 3703 3179 3774 ταύτης
3227 3705 3391 3757 ἓνεκα
3423 3705 3518 3774 τῆς
3571 3706 3746 3768 αἰτίας
3780 3704 3855 3757 ἐπ’

2298 3791 2482 3854 αὐτοῖς
2515 3794 2700 3860 ἀνήσω
2721 3792 2781 3844 τὸ
2809 3792 2954 3863 ὕδωρ
2983 3793 3074 3847 τοῦ
3129 3793 3394 3863 ποταμοῦ,
3434 3793 3584 3847 τοῦτ’
3612 3796 3746 3860 ἐστι,
3774 3793 3855 3847 τοῦ

2299 3882 2607 3952 Εὐφράτου.
2644 3883 2860 3954 Ἐπειδὴ
2882 3884 2937 3936 δὲ
2966 3879 3033 3954 ἦν
3073 3883 3441 3954 ἀσαφέστερός
3470 3902 3590 3948 πως
3637 3888 3664 3939 ὁ
3695 3886 3853 3953 λόγος,

2299 3972 2638 4044 προσεπάγει
2664 3974 3024 4043 παραχρῆμα,
3046 3977 3140 4027 καί
3164 3991 3315 4045 φησι,
3347 3974 3579 4029 Βασιλέα
3601 3975 3708 4029 τῶν
3744 3976 3853 4027 Ἀσσ

2302 4063 2522 4133 συρίων,
2554 4064 2649 4116 καὶ
2702 4064 2800 4134 τὴν
2828 4063 2987 4129 δόξαν
3035 4065 3218 4118 αὑτοῦ·
3250 4066 3393 4120 τοῦτ’
3436 4067 3575 4134 ἔστι,
3625 4069 3748 4131 τοὺς
3775 4067 3855 4120 ὑπ’

2298 4155 2449 4227 αύτῷ
2471 4155 2699 4219 πάντας,
2734 4157 2830 4209 καὶ
2856 4156 3001 4211 ἅπαν
3035 4156 3186 4221 ἔθνος
3224 4157 3285 4210 τὸ
3337 4160 3690 4232 ὺπεστρωκδς
3722 4161 3856 4232 αύτῷ

2297 4247 2389 4299 τὸν
2416 4248 2862 4317 αύχένα.”Υδατι
2921 4248 2978 4300 δὲ
3034 4251 3355 4320 παρεικάζει
3406 4253 3475 4306 τὰ
3525 4256 3727 4327 πλήθη.
3762 4258 3856 4309 Kal

2297 4339 2454 4393 τοῦτο
2477 4340 2595 4403 ἔθος
2625 4344 2688 4412 τῇ
2727 4341 3068 4412 θεοπνεύστῳ
3091 4344 3299 4414 Γραφῇ.
3320 4347 3428 4399 Καὶ
3454 4346 3587 4414 γοῦν
3620 4350 3743 4419 περὶ
3767 4347 3855 4416 τῆς

2296 4431 2521 4501 Νινευῆ,
2553 4434 2648 4486 καὶ
2678 4433 2778 4503 τῆς
2810 4436 2868 4486 ὲν
2892 4435 3030 4505 αὐτῇ
3053 4437 3423 4508 ἀναριθμήτου
3461 4440 3855 4511 πληθύος,φησὶ

621 4522 800 4592 gionis
819 4530 922 4576 tuae
939 4520 1202 4591 repleant.
1226 4542 1246 4574 ι
1277 4522 1542 4578 Perducta
1563 4531 1688 4577 sunt
1709 4525 1775 4577 ad
1796 4525 1997 4578 exitum
2015 4525 2194 4578 omnia

2299 4523 2386 4576 διά
2405 4525 2586 4594 φωνῆς
2625 4525 2940 4595 προφητῶν·
2973 4546 2990 4577 ι
3023 4529 3133 4583 Καὶ
3159 4529 3381 4600 Νινευῆ,
3408 4530 3482 4595 ὡς
3516 4533 3855 4604 κολυμϐήθρα

627 4615 765 4679 haec,
789 4614 1146 4683 prophetaute
1168 4612 1423 4681 Jeremia,
1442 4613 1969 4672 Nabuchodonosoro
1990 4618 2195 4686 regioni

622 4702 942 4759 Judzeorum
980 4703 1179 4758 bellum
1214 4704 1503 4769 inferente,
1526 4716 1580 4760 et
1623 4706 1924 4762 Jerusalem
1955 4708 2197 4776 percele-

624 4792 779 4847 brem
812 4792 1046 4857 delente,
1078 4794 1275 4862 templo
1330 4795 1571 4862 incenso,
1623 4794 2049 4866 Judaeorumque
2080 4798 2193 4851 cla-

622 4882 856 4937 rissimis
885 4883 1019 4937 viris
1050 4883 1372 4949 interfectis,
1399 4884 1672 4954 simulque
1686 4900 1807 4939 cum
1830 4887 1978 4941 vasis
1993 4888 2189 4953 sacris,

619 4974 877 5027 universa
912 4972 1259 5029 multitudine
1282 5012 1298 5037 ,
1343 4989 1464 5043 quae
1498 4976 1714 5043 quidem
1752 4977 1966 5031 residua
1998 4992 2028 5031 e
2050 4977 2187 5032 bello

616 5070 890 5127 evaserat,
907 5062 958 5116 iu
980 5063 1098 5131 ejus
1118 5064 1251 5119 fines
1266 5065 1517 5119 adducta.
1533 5062 1882 5133 Perspicuum
1906 5065 2067 5135 igitur
2082 5077 2185 5131 est,

616 5156 711 5222 qui
737 5170 930 5224 aquam
966 5156 1168 5211 Siloam
1199 5158 1393 5212 leniter
1410 5157 1685 5223 ﬂuentem,
1714 5158 1765 5211 id
1789 5167 1891 5225 est,
1915 5157 2188 5213 Christum

615 5246 737 5299 sive
770 5260 989 5315 regnum
1015 5247 1108 5301 Dei
1135 5248 1335 5303 habere
1356 5248 1565 5315 volunt,
1590 5250 1675 5303 his
1697 5250 1917 5305 omnino
1937 5250 2185 5320 Assyrio-

616 5351 738 5388 rum
768 5350 972 5403 regem,
1010 5338 1111 5391 hoc
1133 5347 1238 5403 est,
1266 5336 1521 5391 Satanam
1548 5340 1957 5404 insultaturum,
1986 5350 2041 5393 et
2058 5356 2187 5409 cap-

615 5428 756 5479 tivus
825 5442 954 5482 suos
1005 5426 1133 5496 jugo
1191 5430 1639 5496 snppositurum,
1689 5440 1744 5486 et
1807 5432 2189 5500 multiplicibus

612 5528 959 5582 peccatorum
988 5517 1194 5584 laqueis
1226 5521 1588 5587 jeonstrictos,
1629 5536 1816 5577 servos
1846 5521 2186 5579 eﬂ'ecturum.

2301 4614 2507 4668 ὑδάτων
2538 4614 2607 4666 τὰ
2666 4614 2831 4668 ὕδατα
2869 4617 3061 4687 αὐτῆς.
3103 4636 3122 4668 ι
3170 4618 3449 4689 Ἐπιμένει
3498 4622 3555 4676 δὲ
3591 4626 3655 4693 τῇ
3692 4626 3851 4694 τροπῇ

2299 4706 2391 4758 καί
2414 4722 2595 4775 φησιν’
2641 4725 2659 4758 ι
2702 4709 2787 4772 Ὡς
2843 4710 2928 4779 ἐφ’
2959 4710 3149 4774 ὕδατός
3198 4729 3258 4765 τε
3307 4714 3402 4767 καὶ
3452 4716 3721 4786 ποταμοῦ,
3772 4718 3853 4770 καὶ

2298 4796 2630 4867 ἀναϐήσεται
2654 4800 2745 4852 ἐπὶ
2767 4802 2945 4853 πᾶσαν
2974 4802 3233 4873 φάραγγα
3280 4805 3453 4874 ὑμῶν,
3488 4810 3585 4861 καὶ
3627 4828 3850 4881 περιπα-

2297 4888 2452 4955 τήσει
2482 4888 2574 4941 ἐπὶ
2605 4891 2712 4943 πᾶν
2758 4894 2933 4962 τεῖχος
2976 4894 3170 4964 ὑμῶν,
3232 4897 3327 4950 καὶ
3374 4898 3565 4967 ἀφελεῖ
3609 4900 3715 4954 ἀπὸ
3762 4902 3851 4970 τῆς

2297 4978 2555 5043 Ἰουδαίας
2586 4981 2892 5052 ἄνθρωπον,
2940 4985 2997 5048 ὃς
3047 4987 3330 5058 δυνήσεται
3384 4993 3626 5064 κεφαλὴν
3652 4991 3849 5065 ἆραι,ῆ

2293 5069 2516 5122 δυνατὸν
2541 5074 2960 5128 συντελέσασθαί
3004 5094 3077 5133 τι.
3131 5080 3241 5133 Καὶ
3269 5080 3421 5134 ἔσται
3468 5087 3500 5153 η
3540 5085 3844 5155 παρεμϐολὴ

2293 5160 2478 5228 αὐτοῦ,
2521 5162 2659 5217 ὥστε
2692 5165 2975 5236 πληρῶσαι
3004 5168 3073 5221 τά
3105 5170 3281 5240 πλάτη
3332 5173 3430 5242 τῆς
3477 5174 3661 5245 χώρας
3692 5194 3799 5229 σου.
3823 5194 3839 5227 ι

2296 5251 2473 5323 Ἤχθη
2500 5253 2557 5305 δὲ
2611 5255 2690 5317 είς
2729 5254 2899 5325 πέρας
2952 5255 3166 5311 ἅπαντα
3218 5259 3393 5323 ταυτὶ,
3430 5263 3847 5332 προφητεύοντος

2304 5344 2584 5416 Ἰερεμίου,
2620 5347 2707 5399 ὅτε
2736 5347 2835 5417 τῆς
2855 5348 3119 5401 Ἰουδαίων
3162 5349 3345 5420 χώρας
3394 5356 3844 5425 κατεστράτευσεν

2296 5436 2324 5487 ὁ
2367 5436 2856 5507 Ναϐουχοδονόσορ’
2905 5440 2996 5491 καὶ
3030 5438 3245 5493 καθεῖλε
3275 5441 3376 5510 μὲν
3407 5444 3507 5515 τὴν
3535 5444 3846 5516 περιϐόητον

2309 5528 2682 5598 Ἰερουσαλήμ·
2710 5532 3106 5601 κατεμπρήσας
3128 5530 3185 5584 δὲ
3208 5536 3301 5585 καὶ
3324 5535 3415 5588 τὸν
3440 5536 3586 5601 ναὸν,
3619 5537 3711 5589 καὶ
3735 5537 3849 5596 τοὺς

609 5606 722 5663 τῶν
778 5609 1048 5662 Ἰουδαίων
1102 5612 1404 5683 ἐπισήμους
1462 5616 1810 5683 ἀπεκτονὼς,
1871 5619 2009 5689 ὁμοῦ
2076 5624 2189 5685 τοῖς
2229 5623 2446 5677 σκεύεσι
2476 5628 2587 5688 τοῖς
2643 5626 2807 5695 ἱεροῖς
2858 5628 2955 5697 τὴν
2983 5628 3149 5699 ἄλλην
3173 5630 3388 5684 ἃπασαν
3429 5630 3522 5683 καὶ
3548 5630 3849 5698 ύπολελειμ.⁶

684 5762 909 5821 "Joan.
953 5782 1066 5834 xu,
1093 5769 1177 5825 15.
1256 5770 1302 5802 ’⁸
1326 5770 1489 5828 llehr.
1518 5790 1597 5841 ιιι,
1756 5777 1797 5807 ⁸⁷
1824 5777 2047 5832 Nahuni.
2077 5793 2135 5844 ll,
2161 5779 2212 5834 8.
