4742 6492
582 398 672 452 229
1695 403 1761 460 IN
1800 401 2030 458 ISAIAM
2064 401 2192 455 LIB.
2231 399 2251 454 l
2311 401 2518 457 ORAT.
2563 400 2626 454 V.
3695 399 3800 455 ΞΞο

582 516 733 586 μένην
757 516 816 567 ἐκ
842 514 936 568 τοῦ
981 515 1216 586 πολέμου
1270 515 1480 587 πληθὺν
1536 515 1872 586 ἀπεκόμισεν
1928 519 2007 580 είς
2056 516 2154 586 τὴν
2223 514 2439 570 ἑαυτοῦ.
2474 515 2746 586 Πρόδηλον
2769 508 2863 569 οὖν
2889 515 2970 568 ὅτι
2998 517 3110 581 τοῖς
3139 515 3238 568 οὐκ
3273 514 3549 568 ἐθέλουσιν
3575 514 3718 587 ἔχειν
3739 517 3801 569 τὸ

579 609 706 680 ὕδωρ
726 608 812 661 τοῦ
838 608 1059 680 Σιλωάμ
1087 609 1150 661 τὺ
1187 610 1554 680 πορευόμενον
1586 610 1786 680 ἡσυχῆ,
1821 609 1964 662 τοῦτ’
2010 610 2126 662 ἐστι
2166 609 2420 680 Χριστὸν,
2496 609 2615 679 ἦτοι
2648 606 2748 679 τὴν
2807 607 2912 660 ὑπὸ
2947 607 3066 677 Θεῷ
3126 607 3419 678 βασιλείαν,
3472 607 3800 680 ἐπιπηδήσει

579 703 770 765 πάντως
817 704 844 755 ό
909 703 1016 755 τῶν
1056 702 1261 772 νοητῶν
1330 704 1632 774 Ἀσσυρίων
1661 703 1932 773 βασιλεὺς,
1961 703 2103 756 τοῦτ’
2127 703 2294 767 ἔστιν,
2323 704 2354 754 ό
2419 703 2679 765 Σατανᾶς,
2716 702 2809 756 καὶ
2865 701 3238 772 αἰχμαλώτους
3294 701 3446 767 ἐλὼν,
3474 705 3586 765 τοῖς
3654 701 3801 764 ἰδίοις

579 794 818 863 ὑποθήσει
852 793 1055 862 ζυγοῖς,
1088 793 1183 846 καὶ
1212 793 1426 863 ποιήσει
1447 793 1685 857 δούλους,
1715 795 1834 856 ταῖς
1867 794 1932 844 ὲκ
1953 792 2305 864 πολυτρόπων
2344 791 2626 862 ἁμαρτιῶν
2658 792 3048 861 κατασφίγγων
3080 793 3307 861 σειραῖς.

637 885 761 939 Μεθ’
787 883 948 952 ἡμῶν
981 889 1014 938 ὀ
1045 886 1209 951 Θεὸς,
1245 885 1431 954 γνῶτε
1485 887 1652 954 ἔθνη,
1705 887 1802 939 καὶ
1834 885 2094 953 ἡττᾶσθε
2121 903 2134 917 ·
2165 897 2214 950 Α
2313 884 2477 939 Vsus.

1928 885 2094 940 τᾶσθε
2121 903 2134 917 ·
2165 897 2214 950 Α
2313 884 2477 939 Vsus.
2518 887 2670 940 9-10.
2726 886 3016 939 Nobiscum
3076 887 3238 948 Deus,
3277 887 3458 939 scitote
3491 896 3666 953 gentes
3693 925 3708 951 ,
3750 893 3801 939 et

577 977 922 1031 ἐπακούσατε
971 977 1084 1041 ἕως
1131 977 1396 1046 ἐσχάτου
1448 977 1559 1046 τῆς
1608 977 1722 1047 τῆς
1755 993 1768 1007 '
1813 977 2126 1046 ισχυκότες
2232 975 2450 1028 υίησὶηιὶι

1930 977 2126 1041 υκότες
2232 975 2496 1028 cincimini
2529 989 2547 1026 :
2587 976 2831 1027 exaudita
2857 989 3016 1042 usque
3047 977 3116 1026 ad
3164 985 3454 1026 extremum
3484 987 3638 1028 terra
3664 991 3682 1039 ;
3712 975 3803 1043 qui

578 1067 829 1134 ἡττᾶσθε.
867 1069 1011 1121 Ἐὰν
1033 1069 1141 1138 γὰρ
1169 1070 1357 1122 πάλιν
1384 1071 1697 1137 ίσχύσητε,
1739 1068 1928 1123 πάλιν
1947 1069 2128 1136 ήττη-
2231 1065 2451 1134 pra'aalu

1924 1069 2128 1136 ’ήττη-
2231 1065 2605 1134 ρτωυαιιιὶιιὶε,
2644 1063 2939 1117 vincimini.
2985 1062 3044 1116 Si
3086 1063 3225 1115 enim
3265 1079 3451 1115 rursus
3507 1064 3797 1130 praealtis.

576 1157 836 1222 θήσεσθε.
898 1157 1009 1210 Kal
1077 1156 1157 1224 ἣν
1218 1157 1296 1210 ἂν
1353 1159 1784 1226 βουλεύσησθε
1845 1158 2128 1226 βουλὴν,
2234 1154 2371 1217 ritis,
2401 1165 2445 1206 et

1927 1158 2090 1226 υλὴν
2112 1199 2128 1223 ,
2234 1154 2371 1217 ritis,
2401 1155 2558 1206 etiam
2591 1153 2781 1206 iterum
2807 1153 3110 1207 viuccmini.
3147 1152 3215 1205 Et
3254 1153 3597 1221 quodcunque
3628 1157 3799 1208 consi-

576 1244 937 1298 διίισκεδάσει
1001 1247 1393 1315 Κύριοςοκαὶ
1448 1250 1633 1316 λόγον
1675 1247 1747 1300 ὃν
1802 1247 1876 1300 ἂν
1936 1245 2164 1312 Julii“
2233 1247 2363 1299 lium
2420 1247 2449 1298 ii

1936 1245 2127 1312 λαλής
2153 1277 2164 1289 ο
2233 1247 2363 1299 lium
2420 1246 2700 1309 iniucritis,
2759 1244 3034 1313 dissipabit
3065 1244 3343 1307 Dominus,
3375 1258 3423 1297 et
3453 1261 3620 1298 sermo
3653 1263 3801 1315 quem

576 1353 724 1403 σητε,
781 1340 852 1390 οὐ
896 1336 981 1405 μὴ
1019 1338 1264 1406 ἑμμείνῃ
1291 1353 1304 1368 ·
1339 1338 1427 1392 ὅτι
1476 1339 1606 1408 μεθ’
1653 1337 1820 1407 ἡμῶν
1856 1340 2070 1407 Κύριος
2095 1340 2132 1391 ὁ
2239 1336 2444 1406 loquem

1929 1340 2132 1407 iptoqd
2239 1335 2523 1406 loquamini
2561 1334 2776 1388 minime
2816 1333 3002 1401 stabit,
3056 1335 3179 1404 quia
3231 1335 3498 1388 uobiscum
3543 1334 3802 1390 Dominus

579 1430 721 1492 Θεός.
2235 1425 2394 1480 Deus.

650 1520 968 1592 ’Δνασκιρτᾷ
994 1520 1071 1590 τῷ
1105 1521 1360 1594 προφήτῃ
1418 1521 1554 1592 πρὸς
1611 1520 1877 1593 θυμηδίαν
1905 1523 1935 1574 ὁ
1988 1520 2131 1586 νοῦς,
2309 1516 2503 1571 Exsilit

1930 1545 1935 1569 ι
1988 1520 2131 1586 νοῦς,
2309 1516 2503 1571 Exsilit
2537 1531 2646 1586 prae
2685 1518 2880 1587 gaudio
2912 1518 3126 1573 animus
3150 1518 3446 1589 prophetae,
3491 1528 3675 1589 utpote
3711 1519 3803 1588 qui

581 1615 900 1681 ἐπεγνωκότι
941 1613 1128 1682 σαφῶς
1160 1614 1221 1666 τὸ
1250 1613 1488 1685 Χριστοῦ
1522 1615 1839 1685 μυστήριον.
1869 1608 2001 1667 Εἶτα
2025 1613 2135 1665 τῶν
2238 1607 2396 1678 plane
2434 1612 2454 1663 (

1935 1631 2001 1666 τα
2025 1613 2135 1665 τῶν
2238 1607 2396 1678 plane
2434 1608 2634 1663 Christi
2677 1610 2992 1680 mysterium
3037 1611 3277 1680 agnovit.
3341 1609 3543 1664 Deinde
3589 1621 3806 1664 sancto-

578 1704 730 1772 ἀγίων
759 1705 1162 1773 εύαγγελιστῶν
1193 1709 1286 1759 καὶ
1324 1706 1508 1777 μέντοι
1539 1707 1632 1757 καὶ
1665 1704 1976 1757 ἀποστόλων
2017 1705 2135 1756 τότε

577 1795 863 1864 πρόσωπον·
879 1793 1013 1864 όμοῦ
1041 1795 1135 1847 καὶ
1175 1796 1269 1848 τὸν
1302 1794 1458 1862 λόγον
1492 1792 1797 1856 ἀναλαϐὼν,
1829 1791 2051 1860 Ἕλλησί
2077 1807 2136 1842 τε

578 1882 663 1934 καὶ
687 1882 958 1946 Ἰουδαίοις
991 1883 1275 1953 μονονουχὶ
1321 1882 1415 1936 καὶ
1452 1881 1924 1952 διαμαρτύρεται,
1975 1877 2138 1932 ὅπλον

579 1975 676 2036 τοῖς
708 1975 1093 2044 πεποιημένοις
1121 1973 1302 2040 αὑτὸν,
1321 1973 1473 2025 οὐδὲν
1503 1973 1651 2025 ἔσται
1673 1973 1734 2024 τὸ
1763 1969 2135 2025 ἀντιστατοῦν.

578 2065 688 2128 Τοῖς
711 2065 804 2135 μὲν
840 2061 939 2118 οὖν
971 2065 1148 2120 ἐθνεσι
1197 2066 1291 2118 δύο
1337 2065 1511 2118 ταῦτα
1564 2065 1905 2136 κατορθῶσαι
1957 2064 2138 2118 διακε-

575 2155 789 2217 λεύεται,
807 2155 1103 2222 διαγνῶναί
1129 2172 1189 2208 τε
1208 2157 1271 2209 τὸ
1298 2155 1533 2226 Χριστοῦ
1562 2157 1880 2226 μυστήριον,
1909 2156 2002 2209 καὶ
2031 2157 2138 2226 μὴν

2242 1717 2358 1755 rum
2389 1702 2849 1770 evangelistarum
2896 1712 2952 1758 et
3001 1701 3371 1772 apostolorum
3405 1710 3516 1756 tum
3548 1717 3803 1770 persona,

2242 1804 2351 1848 tum
2396 1794 2648 1848 oratione
2685 1803 2960 1864 assumpta
2985 1834 3000 1860 ,
3035 1793 3237 1850 Graecis
3273 1803 3327 1848 et
3369 1791 3566 1848 ludat-is
3597 1804 3803 1847 tantum

2243 1899 2349 1938 non
2387 1892 2750 1950 contestatur,
2777 1885 2922 1954 quod
2963 1884 3007 1938 si
3037 1884 3185 1938 illum
3211 1899 3358 1936 arma
3389 1883 3638 1950 iecerint,
3671 1883 3807 1938 nihil

2243 1973 2484 2029 futurum
2523 1976 2594 2030 sit
2622 1978 2763 2045 quod
2793 1977 3030 2032 resistat.
3055 1975 3318 2032 Gentibus
3353 1975 3515 2044 igitur
3541 1976 3804 2046 praacipit,

2242 2075 2300 2119 ιιι
2330 2065 2438 2120 duo
2469 2067 2582 2121 haec
2620 2075 2766 2122 recte
2793 2081 2858 2122 ac
2881 2067 3168 2137 diligenter
3197 2068 3399 2122 faciant
3433 2103 3448 2131 ,
3481 2076 3538 2120 ut
3574 2081 3806 2136 cognos-

2243 2169 2368 2214 Cant
2412 2159 2614 2214 Christi
2667 2161 3011 2232 mysterium,
3077 2170 3132 2216 et
3167 2170 3225 2215 ut
3275 2163 3341 2214 ab
3399 2161 3486 2215 his
3537 2161 3628 2230 qui
3677 2159 3807 2213 illud

577 2247 650 2300 ὅτι
678 2247 764 2298 καὶ
792 2245 1061 2316 ἡττᾶσθαι
1096 2246 1202 2317 χρὴ
1241 2250 1353 2310 τοῖς
1388 2246 1730 2300 διδάσκουσιν
1757 2247 1908 2300 αὑτό.
1965 2246 2140 2299 Γνῶτε
2172 2249 2212 2304 Β
2244 2251 2439 2306 docent

1965 2246 2140 2299 Γνῶτε
2172 2249 2212 2304 Β
2244 2251 2439 2306 docent
2468 2252 2610 2306 vinci
2645 2267 2702 2306 se
2735 2253 3029 2321 patiantur.
3076 2251 3285 2307 Scitote
3315 2253 3485 2318 enim,
3522 2252 3718 2321 inquit,
3752 2260 3807 2306 et

577 2336 692 2406 γὰρ,
727 2337 884 2407 φησὶ,
917 2336 1010 2390 καὶ¹
1039 2335 1130 2389 τὸν
1161 2338 1219 2390 ἐν
1254 2337 1404 2407 αύτῷ
1439 2336 1664 2402 δέξασθε
1703 2337 1882 2405 λόγον,
1918 2337 2012 2389 καὶ
2043 2338 2140 2408 ἠτ-

576 2427 779 2502 τήθητε,
806 2425 960 2480 τοῦτ’
984 2426 1121 2493 ἐστι,
1156 2430 1560 2498 παραχωρεῖτε,
1597 2428 1690 2480 καὶ
1723 2427 1796 2498 μὴ
1820 2427 2140 2481 ἀνθίστασθε

576 2519 676 2579 τοῖς
704 2517 884 2585 ἁγίοις
917 2519 1319 2586 μυσταγωγοῖς·
1349 2517 1699 2571 ὑπακούσατε
1722 2518 1778 2570 δὲ
1819 2517 2019 2588 μᾶλλον
2044 2519 2142 2572 αύ-

574 2609 674 2670 τοῖς
722 2607 822 2670 ἕως
891 2607 1119 2678 ἐσχάτου
1180 2609 1278 2678 τῆς
1330 2608 1457 2679 γῆς,
1495 2608 1639 2662 τοῦτ’
1691 2608 1856 2676 ἐστιν,
1896 2611 1945 2662 οἱ
2000 2609 2141 2662 κατά

575 2696 736 2749 πᾶσάν
762 2713 818 2748 τε
848 2695 1011 2748 πόλιν
1034 2697 1129 2749 καὶ
1163 2695 1370 2773 χώραν,
1411 2698 1504 2750 καὶ
1539 2698 1700 2769 μέχρι
1730 2698 1910 2752 αὐτῶν
1936 2700 2142 2770 τερμά⁹

575 2803 668 2839 των
700 2788 792 2857 τῆς
822 2788 926 2839 ὑπ’
961 2788 1208 2858 οὐρανόν.
1245 2789 1308 2840 Ui
1330 2787 1387 2841 δὲ
1413 2787 1718 2859 ήττώμενοί
1747 2806 1807 2842 τε
1835 2791 1929 2844 καὶ
1962 2807 2143 2862 παρα-

575 2881 750 2949 χωρεῖν
778 2877 1061 2941 ἐθέλοντες
1077 2879 1138 2930 τὸ
1161 2878 1318 2949 νικᾷν
1339 2881 1452 2942 τοῖς
1473 2883 1571 2950 τῆς
1605 2880 1863 2950 ἀληθείας
1889 2881 2142 2937 διδασκὰ-

577 2971 677 3035 λοις
701 3013 714 3033 ,
743 2971 1079 3038 εἰσδέξονται
1118 2973 1218 3041 μὲν
1245 2971 1483 3035 εὐκόλως
1514 2972 1604 3026 τὸν
1637 2975 1766 3044 παρ’
1789 2973 1938 3044 αύτῷ
1964 2975 2140 3044 λόγον,

583 3065 996 3128 πεπιστευκότες
1027 3064 1088 3117 δὲ
1119 3067 1198 3128 είς
1229 3065 1465 3137 Χριστὸν
1502 3064 1809 3136 βαδιοῦνται
1853 3069 1974 3122 κατ’
2015 3068 2142 3122 εὐθὺ

579 3159 761 3222 παντὸς
789 3157 1023 3228 ἀγαθοῦ,
1059 3159 1154 3214 καὶ
1190 3161 1288 3230 τὴν
1320 3159 1467 3230 αὐτῷ
1503 3159 1825 3230 φιλαιτάτην
1870 3160 2145 3231 κατορθώ-

581 3266 756 3313 σαντες
790 3250 1019 3322 ἀρετὴν,
1045 3249 1304 3320 λαμπράν
1331 3267 1388 3303 τε
1426 3249 1520 3303 καὶ
1565 3233 1928 3322 ἀξιοζήλωτον
1977 3269 2144 3305 κατα-

581 3342 1034 3414 κληρονομήσουσι
1055 3343 1231 3406 δόξαν.
1260 3343 1370 3396 Καὶ
1394 3344 1556 3396 ταυτὶ
1601 3344 1699 3414 μὲν
1727 3346 1838 3406 τοῖς
1877 3342 2144 3414 Ἐλλήνων

584 3434 826 3503 στίφεσιν,
856 3435 932 3498 ώς
966 3436 1031 3487 ἐκ
1053 3433 1344 3505 προσώπου
1371 3433 1479 3486 τῶν
1509 3434 1678 3502 ἁγίων
1701 3435 2016 3489 ἀποστόλων
2051 3435 2145 3488 καὶ⁷

580 3525 970 3594 εὐαγ-ίελιστῶν
1005 3527 1033 3578 ὁ
1061 3527 1343 3597 προφήτης
1379 3525 1562 3597 φησίν·
1608 3527 1792 3597 Ὑμεῖς
1823 3527 1900 3594 δὲ,
1933 3523 1978 3580 ὧ
2011 3528 2141 3579 ἰου-

2239 2341 2356 2410 ejus
2393 2356 2696 2397 sermonem
2731 2343 2929 2413 capite,
2957 2353 3012 2398 et
3045 2343 3347 2406 vincimini,
3381 2343 3432 2397 id
3488 2353 3593 2410 est,
3627 2343 3805 2399 cedite

2239 2441 2293 2484 et
2319 2433 2521 2486 sanctis
2583 2433 2918 2503 mystagogis
2977 2433 3143 2488 nolite
3196 2434 3494 2497 resistere,
3551 2433 3647 2487 sed
3703 2431 3810 2486 illis

2240 2525 2418 2592 potius
2469 2525 2875 2587 obsecundante,
2925 2535 2981 2580 et
3023 2506 3314 2592 exaddite,
3365 2539 3537 2593 usque
3601 2523 3670 2577 ad
3709 2537 3808 2576 cx-

2242 2625 2472 2670 tremum
2508 2624 2706 2682 terrm,
2769 2616 2819 2670 id
2853 2624 2957 2682 est,
3023 2617 3113 2686 qui
3160 2617 3214 2670 in
3245 2617 3437 2686 quavis
3475 2614 3700 2670 civitate
3751 2623 3809 2669 et

2241 2706 2461 2776 regione
2513 2707 2666 2772 estis,
2695 2715 2751 2760 et
2781 2723 2951 2775 usque
2981 2708 3048 2760 ad
3103 2707 3249 2775 ipsos
3282 2707 3417 2761 lines
3446 2705 3599 2762 orbis
3633 2715 3808 2762 terra-

2243 2811 2385 2851 rum.
2427 2797 2588 2867 139
2606 2796 2812 2866 Quippe
2843 2797 2968 2851 victi
2997 2799 3088 2866 qui
3111 2807 3257 2862 sunt,
3293 2798 3493 2866 quique
3519 2797 3802 2850 victoriam

2242 2889 2519 2957 magistris
2555 2891 2799 2944 veritatis
2819 2889 3121 2944 concedere
3161 2887 3376 2954 volunt,
3423 2889 3582 2942 facile
3619 2902 3810 2943 eorum

2243 2981 2475 3035 orationi
2517 2980 2796 3047 accedent,
2831 2989 2887 3036 et
2918 2981 3200 3035 credentes
3239 2980 3292 3034 in
3330 2979 3633 3044 Christum,
3660 2988 3809 3034 recta

2244 3069 2474 3123 inomni
2508 3069 2794 3139 probitatis
2845 3085 3044 3139 genere
3093 3070 3548 3140 progredientur,
3609 3068 3812 3139 gratis-

2247 3161 2550 3228 simamque
2587 3161 2637 3215 ei
2664 3163 2917 3214 virtutem
2975 3161 3309 3225 excolentes,
3341 3160 3704 3230 splendidam,
3757 3171 3814 3215 et

2245 3253 2610 3306 admiratione
2661 3252 3116 3322 aminlationeque
3165 3252 3536 3322 dignissimam
3585 3251 3811 3321 gloriam

2245 3356 2668 3413 consequentur.
2707 3344 2773 3397 Et
2814 3345 2928 3399 haec
2979 3343 3196 3413 quidem
3255 3343 3566 3398 Graecorum
3601 3343 3815 3398 cohorti

2247 3443 2499 3498 tanquam
2557 3450 2621 3487 ex
2690 3449 2920 3502 persona
2970 3444 3282 3489 sanctorum
3337 3435 3703 3504 apostolorum
3753 3448 3819 3490 ac

2248 3525 2704 3595 evangelistarmn
2755 3526 3019 3594 propheta
3047 3525 3178 3579 dicit
3210 3542 3225 3579 :
3261 3524 3368 3581 Vos
3397 3537 3600 3592 autem,
3645 3541 3678 3580 o
3717 3523 3818 3582 Jun

579 3619 724 3689 δαῖοι,
759 3621 1045 3690 ίσχυκότες
1075 3596 1328 3688 ἡττᾶσθε.
1361 3596 1524 3672 Ὅσον
1553 3620 1654 3690 μὲν
1679 3621 1787 3692 γὰρ
1833 3623 1910 3684 εἷς
1962 3639 2024 3690 γε
2054 3621 2145 3674 τὸν
2174 3596 2216 3652 c
2251 3617 2348 3670 diei
2373 3656 2388 3680 ,
2431 3631 2452 3684 ο

1962 3639 2024 3690 γε
2054 3621 2145 3674 τὸν
2174 3596 2216 3652 c
2251 3617 2388 3680 dari,
2431 3615 2520 3685 qui
2582 3615 2960 3685 praevaluistis,
3021 3616 3320 3671 vincimini.
3384 3615 3519 3670 Nam
3554 3619 3696 3687 quod
3746 3617 3814 3672 ad

582 3715 754 3767 ἐνόντα
779 3717 892 3775 τοῖς
935 3712 1214 3774 Ἰουδαίοις
1245 3711 1468 3776 σκοπὸν,
1525 3712 1859 3782 κατίσχυσαν
1885 3713 1980 3765 τοῦ
2014 3714 2148 3784 Χρι-

586 3802 720 3870 στοῦ,
751 3803 974 3876 σταυρῷ
1000 3802 1333 3873 παραδόντες
1365 3803 1414 3855 oi
1440 3803 1682 3856 δείλαιοι.
1715 3803 1860 3873 Πλὴν
1897 3804 2146 3856 ἐῦουλεύ-

587 3912 731 3948 σαντο
759 3895 982 3965 βουλὴν,
1013 3895 1078 3964 ἢν
1109 3894 1170 3946 οὐ
1205 3892 1279 3963 μὴ
1321 3891 1583 3946 δύνωνται
1635 3896 1844 3964 στῆσαι,
1903 3894 2046 3947 κατὰ
2087 3895 2149 3946 τὸ

584 3989 977 4059 γεγραμμένον.
1017 3986 1090 4038 Ού
1138 3985 1247 4056 γάρ
1269 3980 1337 4055 ἦν
1370 3983 1627 4037 δύνασθαι
1659 3984 1874 4055 θανάτῳ
1927 3985 2149 4056 περιδα-

584 4076 683 4130 λείν
705 4078 793 4132 τὸν
821 4076 1070 4148 ἀρχηγὸν
1097 4079 1194 4146 τῆς
1217 4077 1381 4146 ζωῆς.
1401 4075 1609 4130 Οὐκοῦν
1625 4078 1674 4130 εί
1689 4077 1782 4130 καὶ
1809 4077 2148 4148 νενομίκατε,

587 4171 754 4238 φησιν,
787 4169 1010 4240 ἰσχῦσαι
1031 4167 1590 4238 Κυριοκτονήσαντες,
1619 4166 1734 4220 ἀλλ’
1762 4161 1856 4220 οὖν
1881 4166 2147 4236 ὴττήθητε

583 4259 774 4325 λοιπὸν,
801 4262 898 4314 καὶ
925 4260 1046 4312 δότε
1081 4259 1142 4311 τὸ
1172 4258 1420 4322 εὐπειθὲς
1468 4259 1902 4330 παραδεξάμενοι
1938 4261 2038 4330 τὴν
2067 4262 2151 4314 πί-

585 4365 707 4416 στιν,
737 4351 905 4421 ἡγουν
935 4351 1116 4402 ἐκεῖνο
1137 4346 1452 4417 γινώσκετε,
1473 4348 1573 4402 κᾶν
1599 4351 1680 4402 ὅτι
1707 4349 1867 4403 πάλιν
1897 4349 2148 4420 ίσχύσητε

585 4437 652 4508 μὴ
683 4439 1008 4508 ἀνεχόμενοι
1064 4436 1164 4507 τῆς
1220 4435 1590 4502 διδασκαλίας,
1631 4437 1746 4492 ἀλλ’
1787 4439 2149 4510 ἐπιτιμῶντες

581 4527 775 4598 ἀγρίως
795 4532 909 4592 τοῖς
934 4528 996 4581 τὸ
1027 4527 1361 4596 Εὐαγγέλιον
1395 4529 1840 4597 καταγγέλλουσι,
1868 4529 2030 4584 πάλιν
2052 4532 2148 4601 ἠτ-

579 4621 868 4693 τηθήσεσθε
905 4620 1190 4684 κολάζοντι
1221 4621 1406 4675 λοιπὸν
1461 4621 1538 4692 τῷ
1571 4624 1770 4694 Κριτῇ.
1804 4623 1898 4676 καὶ
1929 4622 2028 4687 τὰς
2053 4623 2150 4693 τῆς

581 4711 711 4766 οῦτω
750 4717 974 4786 μακρᾶς
1036 4713 1295 4775 ἀπονοίας
1349 4713 1588 4768 αἰτοῦντι
1640 4715 1812 4778 δίκας.
1855 4717 1919 4769 Ὃ
1960 4715 2023 4787 δὴ
2056 4717 2150 4770 καὶ

581 4805 903 4876 πέπρακται.
935 4805 1092 4859 Μετά
1120 4804 1228 4876 γάρ
1247 4821 1328 4856 τοι
1366 4804 1426 4856 τὸ
1451 4804 1750 4859 ἀναϐιῶναι
1769 4807 2024 4877 Χριστὸν,
2055 4808 2148 4860 καὶ
2180 4825 2223 4880 ι)

580 4896 806 4950 ἀνελθεῖν
835 4900 917 4960 είς
965 4897 1214 4967 οὐρανὸν,
1270 4897 1364 4949 καὶ
1412 4898 1593 4960 αὐτοῖς
1638 4898 1994 4952 ἐπεϐούλευον
2039 4902 2148 4963 τοῖς

583 4985 742 5053 ἁγίοις
769 4985 1112 5048 ἀποστόλοις·
1151 4986 1244 5037 καὶ
1297 4985 1359 5055 δὴ
1395 4986 1488 5036 καὶ
1537 4985 1880 5055 εἰσφέροντες
1922 4990 1978 5040 ἐν
2035 4990 2148 5050 τοῖς

583 5079 866 5149 συνεδρίοις
896 5078 1128 5130 ἔτυπτον
1156 5075 1509 5145 ἐγκαλοῦντες
1537 5078 1628 5129 καὶ
1649 5077 1914 5145 λέγοντες·
1935 5079 2151 5148 Παραγ-

581 5166 723 5239 γελίᾳ
743 5167 1200 5238 παρηγγείλαμεν
1248 5166 1376 5236 ὑμῖν
1429 5169 1502 5236 μὴ
1556 5165 1734 5220 λαλεῖν
1787 5185 1892 5222 τινι
1939 5170 2032 5222 ἐπὶ
2069 5169 2148 5240 τῷ

581 5259 790 5328 ὀνόματι
829 5258 1037 5328 τούτῳ,
1068 5259 1161 5311 καὶ
1193 5257 1302 5310 ἰδοὺ
1331 5256 1730 5327 πεπληρώκατε
1756 5258 1853 5329 τὴν
1884 5259 2152 5330 Ἰερουσα-

581 5347 681 5419 λὴμ
709 5351 808 5420 τῆς
848 5351 1073 5420 διδαχῆς
1096 5349 1268 5420 ὑμῶν.
1303 5347 1510 5401 Οὐκοῦν
1551 5348 1734 5412 ἔδοξαν
1767 5351 1862 5419 μὲν
1888 5350 1982 5403 καὶ
2009 5351 2150 5404 κατὰ

581 5441 725 5494 τοῦτο
753 5445 981 5513 ἰσχύειν,
1019 5442 1158 5510 πλὴν
1188 5441 1420 5510 ἀνόνητα
1467 5440 1646 5494 πάντα
1683 5443 1885 5505 αὐτοῖς,
1917 5444 2008 5494 καὶ
2029 5441 2150 5511 βου-

583 5530 660 5602 λὴ,
689 5534 781 5586 καὶ
809 5531 1027 5600 σκέψις,
1065 5532 1158 5584 καὶ
1192 5531 1369 5599 λόγος·
1417 5531 1613 5583 ἐνίκων
1646 5531 1750 5601 γάρ
1779 5533 1829 5584 οἱ
1878 5532 2152 5586 θεσπέσιοι

586 5623 812 5690 μαθηταὶ
839 5623 1096 5687 λέγοντες
1117 5660 1131 5684 ,
1159 5621 1295 5674 διότι
1341 5621 1474 5676 Μεθ’
1507 5621 1666 5692 ἡμῶν
1705 5622 1907 5694 Κύριος
1944 5627 1972 5676 ό
1998 5623 2150 5688 Θεός.

584 5714 641 5765 Οἱ
664 5713 716 5766 δὲ
749 5715 959 5785 πικρὰς
1010 5713 1262 5785 ἐξτηνται
1311 5713 1482 5779 δίκας,
1513 5717 1630 5779 ταῖς
1663 5714 1946 5786 Ῥωμαίων
1990 5732 2152 5786 στρα-

583 5808 713 5869 τιαῖς
739 5809 832 5860 καὶ
862 5807 967 5875 οὐχ
993 5806 1209 5868 ἑκόντες
1233 5804 1555 5876 ἡττώμενοι.

2249 3705 2557 3761 Judzeorum
2588 3707 2812 3776 quidem
2839 3707 3149 3761 institutum
3182 3709 3395 3772 attinet,
3421 3707 3818 3776 pravalueruut

2249 3795 2467 3850 Christo
2503 3809 2624 3848 cum
2678 3795 2862 3848 miseri
2903 3795 3048 3848 cruci
3104 3810 3225 3850 cum
3275 3797 3596 3850 traderent:
3632 3811 3817 3850 verum

2250 3883 2525 3938 iniverunt
2554 3883 2862 3949 consilium,
2905 3884 3049 3954 quod
3088 3900 3194 3938 non
3229 3894 3518 3954 potuerant
3548 3886 3816 3951 stabilire,

2244 3975 2399 4044 juxta
2428 3975 2477 4028 id
2509 3974 2654 4044 quod
2683 3975 2946 4044 scriptum
2976 3984 3078 4029 est.
3112 3974 3224 4029 Nec
3265 3975 3408 4028 enim
3456 3973 3570 4028 ﬂeri
3619 3975 3816 4044 potuit,

2251 4075 2312 4122 ut
2343 4074 2518 4120 morte
2549 4080 2865 4135 oppressum
2905 4075 3156 4120 tenerent
3187 4065 3313 4120 vita:
3353 4065 3676 4134 principem.
3715 4067 3820 4119 Ita-

2251 4173 2355 4228 que
2381 4158 2486 4212 etsi
2523 4156 2807 4226 putavistis
2838 4157 3074 4226 potiores
3119 4154 3304 4210 tulisse
3357 4169 3479 4209 cum
3530 4155 3815 4209 Dominum

2253 4246 2623 4302 trucidat-istis
2648 4285 2664 4311 ,
2700 4255 2878 4301 tamen
2927 4245 3183 4314 deinceps
3212 4244 3513 4308 vincimiai,
3565 4255 3822 4314 praestate

2251 4336 2634 4402 obedientiam,
2689 4334 2848 4390 ﬁdem
2874 4335 3283 4403 amplectimini,
3323 4349 3388 4389 ac
3433 4334 3564 4388 illud
3597 4335 3816 4401 scitote,

2251 4430 2392 4500 quod
2435 4430 2536 4483 etsi
2580 4429 2807 4497 posthac
2869 4427 3288 4495 prtevalueritis,
3318 4437 3495 4482 tamen
3536 4427 3582 4481 si
3614 4437 3820 4495 mysta-

2251 4521 2463 4590 gogiam
2496 4519 2640 4573 ferre
2675 4533 2783 4571 non
2815 4517 3015 4584 velitis,
3049 4519 3144 4574 sed
3197 4519 3280 4573 his
3323 4520 3414 4588 qui
3469 4518 3820 4587 Evangelium

2253 4613 2601 4675 annuntiant,
2631 4609 2928 4665 crudeliter
2989 4609 3281 4672 insultetis,
3329 4612 3395 4663 de
3438 4609 3650 4679 integro
3697 4611 3821 4663 vin-

2251 4704 2452 4760 cemini
2485 4719 2515 4758 a
2542 4703 2735 4759 Judice
2762 4703 2854 4771 qui
2884 4705 3099 4757 tandem
3125 4703 3298 4772 punit,
3333 4711 3568 4756 ettanta:
3604 4713 3822 4774 tamque

2253 4796 2522 4850 diuturna:
2564 4795 2786 4849 insania:
2833 4807 3023 4863 pa:an
3045 4795 3270 4863 expetit.
3319 4794 3469 4859 Quod
3509 4803 3563 4849 et
3618 4795 3818 4850 factum

2258 4897 2361 4942 est.
2398 4886 2692 4956 Postquam
2721 4886 2866 4941 enim
2893 4886 3166 4940 revixerat
3192 4885 3442 4942 Christus
3463 4926 3477 4949 ,
3503 4896 3556 4942 et
3582 4889 3817 4943 redierat

2255 4979 2307 5032 in
2337 4979 2555 5042 coelum,
2595 4987 2649 5032 et
2673 4977 2803 5044 ipsis
2824 4991 3039 5045 quoque
3094 4978 3294 5031 sanctis
3348 4978 3605 5046 apostolis
3647 4979 3822 5034 collo-

2257 5078 2452 5124 carunt
2485 5069 2728 5131 insidias,
2759 5075 2813 5120 et
2840 5075 3046 5121 tractos
3073 5068 3125 5120 in
3159 5068 3387 5121 concilia
3431 5068 3817 5136 verberarunt,

2257 5159 2487 5215 crimina
2522 5158 2879 5222 intentantes,
2909 5171 2973 5210 ac
3002 5157 3246 5211 dicentes
3284 5173 3298 5209 :
3327 5159 3518 5212 Annon
3567 5159 3822 5212 mandato

2258 5251 2632 5306 mandavimus
2649 5250 2802 5304 vobis
2828 5264 2894 5303 ne
2923 5249 3173 5317 cuiquam
3202 5247 3499 5318 loquamini
3528 5250 3579 5304 in
3605 5251 3824 5306 nomine

2259 5345 2362 5398 isto
2389 5344 2412 5396 ?
2441 5352 2494 5396 et
2526 5355 2653 5396 ecce
2692 5339 2998 5409 replevistis
3021 5339 3323 5395 Jerusalem
3356 5340 3596 5394 doctrina
3623 5356 3820 5395 vestra.

2257 5435 2440 5504 Itaque
2462 5435 2513 5488 in
2534 5435 2634 5488 hoc
2661 5433 2762 5486 visi
2812 5442 2940 5486 sunt
2974 5433 3302 5500 praivalere:
3344 5444 3601 5487 caeterum
3619 5440 3673 5484 et
3690 5445 3823 5486 con-

2257 5527 2436 5581 silium
2472 5535 2525 5580 et
2571 5524 2857 5594 prudentia
2893 5532 2948 5578 et
2994 5525 3193 5588 verba,
3256 5525 3438 5578 omnia
3474 5523 3578 5577 illis
3621 5535 3813 5590 parum

2260 5616 2600 5685 profuerunt.
2650 5614 2908 5668 Vicerunt
2937 5612 3081 5667 enim
3123 5613 3292 5667 divini
3338 5610 3585 5680 discipuli
3631 5611 3818 5664 dicen—

2263 5719 2342 5761 tes
2378 5725 2390 5758 :
2426 5705 2712 5760 Nobiscum
2741 5706 2999 5759 Dominus
3040 5707 3181 5759 Deus
3211 5713 3316 5757 est.
3366 5708 3435 5757 At
3464 5702 3551 5755 isti
3600 5699 3827 5756 acerbas

2261 5813 2450 5865 paruas
2472 5797 2752 5858 dederunt,
2783 5793 3038 5851 Romanis
3067 5794 3234 5863 cepiis
3253 5793 3414 5848 etiam
3443 5790 3682 5847 nolentes
3699 5790 3828 5846 sub-

2259 5889 2386 5944 acti.
