4742 6544
1198 404 1299 467 251
2179 406 2237 460 8.
2274 402 2551 461 εῑιιιιιι
2591 400 3074 458 ΑιΕχΑΝυιιιΝι
3114 402 3434 458 ARCIIIEP.
4370 408 4481 464 232

1281 507 1439 562 Vens.
1484 506 1568 568 Η,
1605 504 1689 558 12.
1742 501 1833 558 Sic
1874 504 2003 557 dicit
2057 503 2354 559 Dominus:
2405 501 2561 557 Forti
2601 502 2785 556 manui
2821 512 2859 564 Α
2964 498 3130 552 Οὕτω

2604 502 2785 556 manui
2821 512 2859 564 Α
2964 498 3130 552 Οὕτω
3156 499 3319 569 λέγει
3344 502 3590 568 Κύριος-ο
3618 499 3699 570 Τῇ
3730 500 3950 570 ἰσχυρᾷ
3965 501 4117 571 χειρί
4133 503 4477 569 ἀπειθοῦσι,

1189 597 1515 666 ‘immorigeri
1544 606 1685 660 sunt,
1712 594 1892 648 itineri
1942 595 2038 649 uia:
2074 595 2257 663 populi
2281 596 2463 663 hujus,
2498 594 2730 647 dicentes
2757 608 2777 646 :

1147 680 1159 707 ‘
1198 687 1493 756 Nequaudo
1520 687 1718 749 dicunt,
1754 685 1984 739 Durum.
2019 684 2287 756 Quidquid
2313 686 2448 740 enim
2475 684 2600 739 dicit
2617 700 2783 754 popu-

1195 782 1275 832 lus
1306 780 1410 842 hic,
1445 779 1637 831 durum
1666 787 1765 831 est.

1267 870 1382 923 Dixi
1416 868 1634 923 beatum
1694 870 2009 939 prophetam
2063 880 2378 925 sanctorum
2414 868 2780 937 apostolorum

1191 972 1243 1014 et
1293 962 1751 1030 evangelistarum
1819 977 2105 1029 personam
2155 962 2260 1016 sibi
2305 962 2667 1030 imposuisse,
2728 971 2782 1015 et

1194 1052 1425 1105 movisse
1461 1060 1652 1121 gentes
1672 1067 1735 1106 ac
1768 1051 1983 1106 Judazos
2038 1059 2095 1104 ut
2130 1050 2350 1105 Christo
2399 1050 2779 1119 subjiciantur,

1192 1154 1360 1210 utque
1401 1143 1625 1197 audiant
1678 1143 1853 1211 ipsum
1884 1141 2048 1197 etiam
2105 1140 2158 1195 hi
2188 1140 2277 1209 qui
2316 1141 2369 1194 in
2400 1141 2781 1195 remotissimis

1194 1243 1358 1287 terra:
1422 1233 1620 1288 ﬁnibus
1673 1232 1943 1287 habitant.
1981 1231 2183 1286 Deinde
2252 1228 2390 1285 Deus
2435 1239 2640 1284 tantum
2674 1244 2780 1285 non

1195 1325 1472 1379 tlemirans
1514 1322 1729 1380 lsraelis
1763 1324 2175 1395 perversitatem
2206 1332 2263 1378 et
2311 1323 2575 1394 insignem
2616 1322 2781 1377 insci-

1193 1418 1345 1483 tiam,
1386 1419 1493 1472 ait:
1535 1418 1694 1490 140
1728 1417 1878 1473 Forti
1922 1418 2100 1471 manui
2140 1417 2473 1482 immorigcri
2514 1424 2659 1470 sunt.
2686 1416 2781 1468 Est

1193 1511 1339 1563 eilim
1377 1523 1681 1580 prapotens
1721 1518 1776 1564 et
1811 1509 2060 1573 infracta,
2103 1518 2162 1562 et
2183 1507 2528 1576 omnipotens
2559 1507 2777 1561 dextera

1192 1598 1285 1652 Dei
1341 1607 1396 1653 et
1445 1598 1625 1653 Patris
1648 1598 1840 1662 Filius,
1882 1613 1978 1668 per
2018 1612 2176 1667 quem
2233 1597 2439 1661 omnia,
2490 1604 2543 1649 et
2578 1597 2629 1649 in
2669 1610 2777 1664 quo

1192 1692 1397 1755 oninin,
1441 1693 1530 1761 qui
1559 1691 1795 1747 abolevit
1830 1692 2033 1753 omnia,
2069 1689 2327 1745 contrivit
2353 1689 2629 1753 Satanam,
2659 1703 2779 1757 Spo-

1192 1783 1345 1837 liavit
1400 1784 1603 1839 inferos
1631 1825 1646 1849 ,
1692 1793 1751 1840 et
1786 1783 2121 1852 corruptioni
2164 1781 2438 1851 subjectos
2491 1781 2777 1849 incorrup-

2884 589 2960 658 τῇ
2989 592 3200 659 πορείᾳ
3236 592 3348 661 τῆς
3385 592 3530 647 ὀδοῦ
3569 590 3677 646 τοῦ
3711 594 3864 647 λαοῦ
3903 596 4120 649 τούτου
4152 596 4439 666 λέγοντες
4464 616 4477 627 ο

2883 679 3132 745 Μήποτε
3168 681 3402 745 εἴπωσι,
3439 683 3737 750 Σκληρόν.
3791 681 3924 738 Πᾶν
3954 684 4063 753 γὰρ
4110 686 4144 740 ὃ
4190 688 4301 741 ἐὰν
4334 689 4480 757 εἴπῃ

2883 769 2915 823 ὀ
2947 771 3098 836 λαός
3129 767 3330 837 οὗτος,
3362 774 3649 841 σκληρόν
3680 774 3872 829 ἐστιν.

2960 867 3138 935 Ἔφην
3168 867 3249 919 ὅτι
3285 867 3391 920 τῶν
3423 868 3594 935 ἁγίων
3621 868 3933 924 ἀποστόλων
3958 870 4050 924 καὶ
4071 871 4482 941 εύαγγελιστῶν

2880 956 2941 1008 τὸ
2974 958 3263 1028 πρόσωπον
3292 958 3470 1028 ἐαυτῷ
3505 960 3802 1029 περιτιθεὶς
3821 962 3849 1013 ὁ
3874 961 4144 1032 μακάριος
4164 966 4479 1034 προφήτης,

2879 1042 3088 1096 ἕθνεσίν
3115 1062 3171 1097 τε
3204 1046 3297 1099 καὶ
3332 1045 3604 1109 Ἰουδαίοις
3645 1048 3913 1117 ἡττᾶσθαι
3944 1050 4169 1120 Χριστῷ
4216 1052 4478 1105 συνεϐούδ

2889 1131 3099 1197 λευσεν,
3124 1134 3429 1188 ὑπακοῦσαί
3452 1153 3511 1188 τε
3543 1136 3689 1207 αύτῷ
3717 1138 3815 1191 καὶ
3862 1140 3989 1202 τοὺς
4017 1140 4211 1209 μέχρις
4230 1142 4480 1211 ἐσχάτων

2879 1223 2981 1293 τῆς
3013 1226 3134 1294 γῆς.
3168 1222 3302 1279 Εἶτα
3335 1226 3468 1290 Θεὸς
3500 1228 3635 1299 πρὸς
3673 1229 3836 1281 αὐτὸν
3864 1233 4146 1301 μονονουχὶ
4179 1232 4275 1284 καὶ
4300 1250 4479 1285 καταο

2881 1316 3179 1385 Θαυμὰζων
3226 1318 3325 1387 τὴν
3369 1318 3461 1371 τοῦ
3496 1319 3711 1390 Ἰσραὴλ
3760 1321 4054 1391 σκαιότητα
4105 1324 4199 1376 καὶ
4243 1324 4306 1375 τὸ
4354 1324 4480 1377 λίαν

2877 1407 3107 1477 ἀμαθὲς,
3123 1407 3202 1479 Τῇ
3226 1410 3420 1480 ἰσχυρᾷ
3437 1412 3599 1481 χειρὶ,
3630 1411 3816 1481 φησὶν,
3840 1411 4176 1466 ἀπειθοῦσιν.
4218 1433 4236 1465 ι
4256 1415 4476 1468 Παναλ-

2877 1498 2979 1568 κὴς
2997 1502 3124 1569 γὰρ,
3164 1519 3181 1552 ι
3218 1501 3313 1553 καὶ
3343 1501 3666 1571 ἄθραυστος,
3696 1503 3788 1555 καὶ
3821 1503 3996 1557 πάντα
4034 1504 4293 1573 ἰσχύουσα
4326 1506 4480 1572 δεξιά

2876 1587 2970 1640 τοῦ
3003 1588 3136 1642 Θεοῦ
3168 1591 3263 1643 καὶ
3295 1591 3511 1661 Πατρός
3542 1593 3569 1644 ό
3611 1591 3758 1656 Υἱὸς,
3790 1593 3856 1645 δι’
3882 1588 3941 1647 οὗ
3966 1595 4035 1649 τὰ
4062 1596 4259 1660 πάντα,
4290 1598 4386 1649 καὶ
4419 1600 4479 1648 ἐν

2874 1673 2917 1746 ᾧ
2964 1679 3032 1732 τὰ
3075 1682 3252 1734 πάντα
3276 1697 3287 1710 ⁸
3320 1683 3349 1734 ό
3377 1685 3729 1755 καταργήσας
3759 1682 4006 1750 θάνατον,
4038 1687 4132 1739 καὶ
4174 1688 4478 1757 συντρίψας

2875 1772 2968 1824 τὸν
2998 1774 3269 1837 Σατανᾶν,
3304 1774 3401 1828 καὶ
3430 1775 3730 1839 σκυλεύσας
3756 1777 3846 1831 τὸν
3868 1777 4021 1849 ᾅδην,
4044 1780 4139 1833 καὶ
4161 1780 4477 1851 ἀφθαρσίαν

1196 1877 1342 1931 tione
1373 1878 1613 1941 donavit,
1661 1887 1823 1945 atque
1853 1874 2035 1930 omnia
2074 1874 2233 1928 sicuti
2262 1874 2330 1928 ab
2371 1872 2524 1927 initio
2564 1872 2776 1926 fuerunt
2810 1875 2849 1929 Β
2877 1863 3069 1935 δωρούι

2603 1879 2776 1926 ιειοεηιι
2810 1875 2849 1929 Β
2877 1863 3217 1935 δωρούμενος
3267 1869 3379 1930 τοῖς
3429 1867 3537 1921 ὑπὸ
3589 1868 3815 1938 φθορὰν,
3865 1871 3957 1923 καὶ
4001 1872 4358 1938 ἀνακαινίζων
4406 1875 4476 1928 τὰ

1190 1970 1490 2026 renovavit.
1542 1970 1633 2024 Sic
1666 1970 1760 2040 qui
1818 1969 1877 2025 in
1914 1968 2133 2024 Christo
2196 1967 2395 2021 servati
2445 1973 2591 2027 sunt,
2642 1978 2775 2019 voce

1187 2059 1472 2127 psallentis
1501 2060 1688 2114 dicunt
1713 2078 1726 2114 :
1766 2060 2031 2114 «Dextera
2058 2058 2266 2112 Domini
2299 2058 2478 2112 evexit
2513 2070 2620 2119 me,
2645 2057 2777 2109 dex-

1189 2161 1307 2205 tera
1357 2150 1565 2205 Domini
1617 2151 1868 2220 praestitit
1916 2149 2285 2205 virtutem":
2334 2146 2545 2202 Dictum
2607 2148 2773 2201 etiam

1184 2252 1273 2297 est
1302 2243 1355 2297 in
1386 2242 1652 2297 canticis:
1691 2260 1711 2293 ι
1744 2242 1972 2298 Dextera
2008 2240 2215 2295 Domini
2250 2239 2531 2294 nobilitata
2556 2247 2639 2293 est
2664 2236 2776 2291 for-

1188 2332 1445 2401 titudine,
1499 2332 1723 2388 dextera
1761 2342 1873 2399 tua,
1924 2332 2172 2397 Domine,
2210 2332 2372 2401 fregit
2405 2330 2770 2386 inimicos".i

1195 2421 1387 2493 itaque
1436 2439 1503 2479 eo
1559 2424 1853 2494 impietatis
1880 2435 1936 2480 et
1988 2422 2212 2479 insania:
2260 2429 2545 2485 venerunt,
2571 2429 2630 2473 ut
2650 2418 2775 2475 forti

1192 2515 1380 2571 manui
1414 2514 1574 2571 facile
1593 2516 1937 2572 conservanti
1973 2514 2303 2583 immorigeri
2333 2527 2458 2569 esse
2482 2512 2774 2575 voluerint,

1188 2607 1357 2675 idque
1409 2621 1509 2677 pro
1546 2606 1716 2661 nihilo
1745 2605 2025 2661 duxerint.
2070 2602 2407 2674 lmmorigeri
2441 2612 2568 2659 sunt
2591 2603 2774 2668 etiam,

1186 2698 1390 2768 inquit,
1418 2698 1517 2753 viae
1536 2696 1715 2769 populi
1747 2696 1929 2766 hujus,
1962 2696 2120 2767 cujus
2151 2709 2434 2765 personam
2467 2709 2774 2759 assumens,

1186 2789 1351 2845 modo
1389 2791 1602 2845 dixerat
1634 2808 1649 2843 :
1693 2788 1985 2845 Nobiscum
2022 2789 2181 2845 Deus.
2215 2788 2346 2856 Quae
2410 2788 2625 2842 tandem
2690 2786 2777 2840 via

1181 2891 1268 2937 est
1302 2880 1485 2952 populi
1516 2880 1717 2950 hujus?
1754 2880 1954 2934 Eorum
1986 2880 2079 2949 qui
2110 2878 2519 2934 Emmanuelem
2553 2880 2775 2944 habent,

1186 2973 1320 3029 ﬁdes
1348 2972 1683 3043 evangelica,
1724 2971 1849 3026 vitae
1888 2970 2160 3025 institutio
2188 2979 2243 3024 et
2299 2972 2663 3033 conversatio,
2701 2970 2781 3026 le-

1183 3065 1290 3136 gali
1320 3074 1375 3120 et
1428 3064 1704 3119 umbratili
1742 3062 1959 3131 rejecta.
1997 3062 2067 3116 Et
2128 3062 2459 3131 immorigeri
2521 3072 2646 3116 sunt
2682 3063 2782 3116 via:

1183 3156 1369 3228 populi
1422 3156 1602 3226 hujus,
1652 3157 1914 3217 dicentes,
1950 3152 2028 3208 Ne
2064 3154 2279 3222 quando
2309 3153 2520 3219 dicatis,
2552 3152 2775 3207 Durum.

2879 1958 3059 2011 πάντα
3091 1959 3225 2025 πρὸς
3248 1959 3307 2012 τὸ
3336 1963 3394 2013 ἐν
3424 1961 3640 2031 ἀρχαῖς,
3669 1961 3824 2015 υύτω
3854 1964 3947 2016 καὶ
3970 1963 4059 2018 διὰ
4085 1965 4185 2036 τῆς
4217 1966 4311 2020 τοῦ
4331 1967 4475 2036 ψάλ-

2878 2045 3064 2110 λοντος
3100 2048 3284 2119 φωνῆς
3323 2049 3373 2100 οἱ
3406 2049 3464 2102 ἐν
3491 2050 3712 2121 Χριστῷ
3739 2053 4069 2122 σεσωσμένοι
4100 2055 4284 2123 φασίν
4323 2075 4341 2106 ι
4372 2060 4478 2108 Δει

2878 2138 2967 2205 ξιά
3014 2140 3223 2210 Κυρίου
3270 2138 3454 2209 ὕψωσέ
3499 2158 3588 2211 με,
3619 2141 3768 2207 δεξιά
3800 2144 4004 2214 Κυρίου
4039 2146 4264 2216 ἐποίησε
4310 2146 4476 2200 δύνα-

2881 2249 2992 2302 μιν.
3030 2252 3047 2282 ι
3104 2232 3329 2303 Εἴρηται
3388 2232 3444 2286 δὲ
3489 2234 3583 2287 καὶ
3627 2236 3684 2287 ἐν
3727 2234 3933 2307 ᾮδαῖςο
3987 2256 4005 2289 ι
4045 2238 4108 2291 Ἦ
4154 2237 4304 2303 δεξιά
4353 2256 4474 2304 σου,

2878 2327 3070 2398 Κύριε,
3100 2328 3409 2395 δεδόξασται
3440 2331 3496 2383 ἐν
3532 2332 3708 2403 ἰσχύϊ·
3736 2335 3769 2404 ἡ
3796 2334 3944 2398 δεξιά
3976 2351 4068 2387 σου
4101 2336 4241 2406 χεὶρ,
4271 2334 4472 2406 Κύριε,

2878 2419 3144 2491 ἔθραυσεν
3165 2422 3412 2494 ἐχθρούς.
3451 2444 3469 2476 ι
3500 2424 3709 2478 Οὐκοῦν
3735 2426 4080 2497 ἀνοσιότητός
4105 2444 4164 2479 τε
4190 2426 4475 2497 ὁμοῦ,,καὶ

2881 2510 2986 2583 μὴν
3014 2514 3108 2565 καὶ
3138 2515 3565 2585 φρενοϐλαϐείας
3593 2516 3673 2579 εἰς
3695 2516 3852 2569 τοῦτο
3873 2517 4273 2587 διεληλάκασιν,
4299 2518 4375 2581 ὡς
4402 2521 4471 2589 τῇ

2881 2603 3082 2674 ἰσχυρᾷ
3122 2606 3269 2673 χειρὶ
3311 2609 3378 2675 τῇ
3431 2603 3679 2678 σωζούσῃ
3722 2605 3922 2677 ῥᾳδίως
3956 2606 4201 2660 ἀπειθεῖν
4228 2607 4474 2669 ἑλέσθαι,

2879 2696 2974 2747 καί
3024 2697 3155 2759 παρ’
3184 2697 3339 2750 οὐδὲν
3380 2697 3634 2768 ἡγεῖσθαι
3683 2696 3744 2751 τὸ
3788 2697 4373 2767 πρᾶγμα.Ἀπειθοῦσι
4413 2699 4475 2752 δὲ

2879 2787 3081 2857 ὁμοίως
3128 2790 3195 2859 τῇ
3246 2788 3442 2860 πορείᾳ
3483 2789 3578 2842 τοῦ
3620 2788 3753 2843 λαοῦ
3808 2790 4021 2855 τούτου,
4060 2790 4255 2861 φησίν·
4300 2782 4363 2843 οὗ
4412 2791 4476 2844 τὸ

2881 2878 3171 2949 πρόσωπον
3215 2880 3503 2934 ἀναλαϐὼν
3549 2880 3787 2951 ἔφασκεν
3842 2868 4039 2946 εὐθύς·
4087 2883 4222 2937 Μεθ’
4249 2884 4409 2954 ἡμῶν
4446 2885 4475 2936 ὁ

2881 2970 3244 3031 Θεός.’οποία
3287 2971 3343 3025 δέ
3392 2971 3477 3035 τίς
3505 2974 3654 3027 ἐστιν
3687 2975 3719 3044 ἡ
3758 2973 3949 3044 πορεία
3989 2974 4084 3028 τοῦ
4128 2974 4300 3040 λαοῦς
4350 2976 4475 3028 Τῶν

2880 3059 3111 3129 ἐχόντων
3155 3062 3245 3114 τὸν
3299 3062 3648 3133 Ἐμμανουὴλ
3680 3065 3714 3134 ἡ
3755 3065 3933 3127 πίστις
3986 3066 4018 3135 ἡ
4069 3067 4148 3128 είς
4197 3066 4383 3131 αὑτὸν,
4434 3068 4468 3136 ἡ

2882 3153 3215 3225 εύαγγελικὴ
3251 3153 3512 3217 πολιτεία,
3538 3157 3975 3228 παρεωραμένης
4002 3160 4098 3227 τῆς
4121 3160 4177 3210 ἐν
4200 3156 4352 3229 νόμῳ
4377 3161 4475 3211 καὶ

1185 3219 1361 3304 btnne
1411 3219 1557 3304 enim
1587 3219 1735 3318 quod
1799 3246 2001 3301 dixerit
2048 3219 2277 3314 populus
2308 3244 2421 3309 hic,
2457 3246 2648 3299 durum
2673 3254 2775 3300 est.
2806 3219 2848 3276 (δ
2882 3242 2957 3306 ὡς
2987 3219 3047 3297 ἐν

2602 3261 2648 3299 m
2673 3254 2775 3300 est.
2806 3219 2848 3276 (δ
2882 3242 2957 3306 ὡς
2987 3219 3047 3297 ἐν
3078 3219 3274 3308 σκιαῖς.
3295 3219 3700 3301 Ἀπειθοῦσίδέ
3729 3219 4020 3320 τῆστορείᾳ
4047 3219 4140 3302 τοῦ
4177 3219 4475 3304 λαοῖίτούο

1184 3337 1469 3408 Siquidem
1516 3338 1688 3391 durus
1727 3334 2011 3388 videbatur
2053 3332 2252 3386 Judaais
2303 3345 2428 3386 esse
2469 3339 2778 3386 sanctorum

1186 3428 1558 3499 apostolorum
1590 3440 1813 3482 sermo:
1859 3425 1984 3494 quia
2027 3424 2345 3480 circumcisa
2372 3422 2521 3478 velut
2546 3432 2602 3477 et
2639 3422 2783 3477 able-

1184 3527 1314 3590 μιν
1350 3526 1749 3589 peropportune
1776 3516 1967 3570 umbra
1995 3554 2009 3579 ,
2040 3529 2145 3570 non
2179 3514 2473 3570 secundum
2508 3512 2671 3568 Mosis
2699 3512 2779 3569 le-

1189 3622 1309 3676 gem
1344 3607 1526 3662 vivere
1557 3620 1655 3662 eos
1713 3606 1860 3676 passi
1888 3613 2035 3673 sunt,
2083 3607 2176 3660 sed
2209 3605 2514 3675 evangelice
2536 3615 2591 3660 et
2620 3604 2782 3675 spiri-

1186 3698 1431 3754 tualiter.

1261 3868 1426 3926 Vens.
1446 3870 1531 3926 14.
1549 3869 1620 3925 At
1639 3870 1875 3926 timorem
1893 3886 2069 3924 eorum
2090 3886 2153 3925 ne
2174 3871 2472 3937 timueritis,
2496 3888 2585 3927 nec
2601 3873 2780 3927 turbae

1186 3964 1338 4027 mini,
1382 3963 1667 4018 Dominum
1700 3964 1873 4031 ipsum
1916 3963 2102 4032 gloriae
2147 3975 2331 4018 sancte
2373 3966 2549 4029 colite,
2588 3976 2633 4019 et
2676 3967 2781 4019 erit

1185 4054 1297 4121 ipse
1336 4056 1493 4108 timor
1523 4064 1666 4107 tuus.
1696 4051 1767 4106 Et
1821 4055 1866 4108 si
1908 4054 2007 4123 ipsi
2054 4054 2283 4123 conﬁsus
2320 4056 2505 4123 fueris,
2550 4059 2647 4110 erit
2686 4058 2778 4111 tibi

1184 4144 1681 4212 eanetiﬁcationi,et
1722 4160 1828 4197 non
1869 4154 1927 4197 ut
1962 4144 2129 4215 lapidi
2157 4147 2462 4214 uacationis
2488 4151 2777 4215 ogcurretis

1184 4236 1256 4300 ei,
1296 4251 1387 4289 nec
1420 4247 1477 4290 ut
1504 4244 1665 4305 petrae
1695 4237 1884 4291 "time.

1257 4415 1395 4471 Cum
1480 4416 1867 4484 perstrinxerit
1918 4425 2047 4472 ante
2129 4417 2648 4492 Hierosolymltauos
2718 4434 2778 4480 ut

2879 3352 2973 3388 του
3004 3336 3248 3404 λέγοντες
3267 3355 3278 3367 ⁸
3315 3340 3403 3409 Μή
3453 3356 3584 3392 ποτε
3613 3340 3831 3410 εἴπητε,
3862 3342 4121 3413 Σκληρόν.
4167 3344 4281 3397 Πᾶν
4302 3345 4414 3414 γὰρ
4444 3345 4473 3399 ὃ

2880 3428 2975 3481 ἐὰν
3002 3430 3128 3500 εἴπῃ
3173 3431 3201 3483 ὁ
3235 3430 3362 3493 λαὸς
3391 3425 3545 3495 οὗτος
3569 3472 3583 3497 ,
3634 3433 3867 3505 σκληρόν
3907 3434 4043 3487 ἐστι.
4091 3435 4335 3508 Σκληρὸν
4362 3438 4473 3508 γὰρ

2880 3514 3019 3572 εἷναί
3040 3538 3157 3584 πως
3178 3523 3291 3585 τοῖς
3325 3523 3604 3587 Ἰουδαίοις
3628 3525 3802 3578 ἐδόκει
3826 3525 3937 3578 τῶν
3960 3526 4131 3594 ἁγίων
4154 3528 4473 3582 ἀποστόλων

2879 3610 2908 3661 ὁ
2937 3609 3112 3678 λόγος,
3141 3612 3222 3663 ὅτι
3258 3613 3699 3682 περιστέλλοντες
3742 3615 3819 3679 ὠς
3863 3618 3922 3668 ἐν
3964 3616 4141 3689 καιρῷ
4179 3618 4257 3688 τῷ
4291 3602 4473 3674 δέοντι

2880 3699 2980 3771 τὴν
3006 3703 3190 3765 σκιὰν,
3226 3702 3327 3775 ζῇν
3372 3705 3471 3756 οὐκ
3517 3705 3642 3759 εῑων
3691 3707 3834 3761 κατά
3873 3708 3966 3761 τὸν
4004 3708 4245 3775 Μωσέως
4278 3712 4470 3783 νόμον,

2880 3794 3249 3861 εύαγγελικῶς
3279 3796 3334 3848 δὲ
3365 3796 3563 3866 μᾶλλον
3591 3798 3682 3850 καὶ
3704 3800 4110 3869 πνευματικῶς.

2956 3883 3066 3937 Τὸν
3097 3884 3165 3936 δὲ
3194 3886 3382 3953 φόϐον
3407 3884 3610 3940 αὐτῶν
3648 3889 3722 3941 οὐ
3748 3887 3836 3962 μὴ
3878 3888 4195 3957 φοϐηθῆτε,
4236 3891 4367 3945 οὐδ’
4396 3893 4469 3946 οὐ

2873 3973 2959 4041 μὴ
2997 3974 3351 4043 ταραχθῆτε,
3376 3978 3596 4045 Κύριον
3612 3978 3801 4033 αὐτὸν
3828 3981 4135 4049 ἁγιάσατε,
4156 3983 4256 4037 καί
4283 3985 4471 4051 αὐτὸς

2879 4066 3051 4120 ἔσται
3083 4082 3182 4120 σοι
3212 4071 3419 4136 φόϐος.
3446 4070 3554 4123 Καὶ
3592 4070 3702 4123 ἐὰν
3733 4072 3826 4124 ἐπ’
3852 4071 4015 4138 αὐτῷ
4041 4075 4342 4143 πεποιθὼς
4370 4073 4466 4147 ᾖς,

2876 4156 3047 4211 ἔσται
3071 4173 3171 4211 σοι
3202 4162 3291 4224 εὶς
3318 4160 3605 4229 ἁγίασμα.
3646 4163 3744 4215 καὶ
3788 4165 3903 4231 οὐχ
3944 4164 4026 4230 ὠς
4055 4166 4237 4220 λίθου
4274 4183 4470 4235 προσ-

2878 4248 3130 4316 κόμματι
3152 4250 3571 4319 συναντήσετε
3594 4252 3773 4319 αὐτῷ,
3802 4255 3929 4308 οὐδ’
3948 4256 4030 4323 ὠς
4062 4257 4283 4327 πέτρας
4310 4262 4469 4315 πτώ-

2871 4355 3031 4407 μανι.

2948 4431 3447 4502 ΙΙροαιτιασάμενος
3475 4436 3601 4499 τοὺς
3644 4436 3701 4503 ἐξ
3737 4438 3949 4510 Ἰσραὴλ
3972 4439 4047 4503 ὡς
4076 4441 4325 4497 ἀπειθεῖν
4351 4445 4470 4499 ἐλο-

1187 4509 1568 4579 imtnorigeros
1625 4508 1726 4563 via‘.
1773 4508 1977 4579 populi,
2017 4509 2314 4568 Christiani
2370 4516 2648 4583 nimirum,
2717 4527 2773 4575 et
2803 4561 2848 4616 υ
2880 4520 3060 4591 μένους

2591 4533 2648 4616 tt,
2717 4527 2773 4575 et
2803 4561 2848 4616 υ
2880 4520 3073 4616 μένους
3105 4525 3169 4592 τῇ
3199 4524 3395 4596 πορείᾳ
3420 4526 3513 4579 τοῦ
3547 4528 3697 4594 λαοῦ,
3718 4528 3812 4582 τοῦ
3840 4508 4152 4605 ἐννΧριστῷ
4180 4535 4339 4605 δῆλον
4363 4538 4464 4601 ὃτι,

1188 4600 1432 4669 mysticis
1486 4610 1801 4655 sanctorum
1866 4601 2231 4670 apostolorum
2289 4605 2763 4665 institutionibus:

1182 4690 1489 4745 orationem
1550 4691 1940 4747 consolationis
1994 4693 2207 4762 plenam
2251 4696 2320 4752 ad
2353 4711 2448 4754 eos
2475 4704 2766 4769 convertit,

1183 4788 1241 4833 et
1269 4782 1526 4835 invictum
1550 4782 1788 4835 animum
1827 4784 1929 4839 illis
1964 4784 2133 4850 addit,
2160 4803 2266 4841 non
2294 4787 2491 4844 debere
2516 4792 2767 4861 inquiens

1180 4866 1382 4923 timere
1421 4882 1536 4931 eos,
1589 4870 1679 4936 qui
1713 4870 1818 4924 illis
1847 4870 2180 4941 iuunbrigeri
2225 4882 2370 4940 sunt,
2427 4890 2526 4930 nec
2547 4880 2770 4932 omnino

1172 4967 1410 5027 propter
1432 4972 1619 5011 eorum
1655 4960 1908 5014 ferociam
1957 4963 2304 5019 tumultuari:
2339 4966 2434 5020 sed
2460 4966 2571 5022 Deo
2591 4970 2770 5038 potius

1166 5050 1455 5110 conlisos,
1490 5047 1734 5107 hostibus
1759 5050 1982 5121 juvenili
2017 5054 2298 5111 alacritate
2348 5058 2640 5117 insultare:
2673 5077 2771 5131 pro

1146 5142 1326 5227 (ferto
1350 5136 1616 5192 habentes
1664 5156 1787 5197 eum
1832 5158 1981 5199 arma
2023 5145 2153 5215 ipsis
2200 5146 2317 5204 fore
2352 5158 2409 5205 et
2439 5166 2620 5207 arcem
2662 5153 2771 5209 ror-

1128 5222 1467 5313 iitudinis:
1512 5241 1678 5296 seque
1719 5232 1879 5289 facile
1917 5250 2268 5306 superaturos
2319 5256 2413 5298 eos
2439 5245 2529 5313 qui
2557 5246 2771 5300 restite-

1101 5311 1270 5401 ςηιι.
1322 5312 1490 5401 Hinc
1534 5318 1652 5373 ait:
1707 5325 1980 5381 Timorem
2006 5342 2190 5384 eorum
2228 5347 2297 5387 ne
2328 5311 2641 5401 tititueritis,
2675 5354 2769 5391 ue-

1032 5392 1676 5514 strfmtrqrbft'ui-ni.
1715 5414 1809 5514 Sin
1861 5418 1990 5514 velit
2033 5421 2301 5491 quispiam
2351 5425 2463 5479 hac
2513 5392 2764 5483 subtilius

1007 5486 1614 5599 8::";:n1141
1649 5514 1704 5556 et
1736 5506 1842 5560 alio
1871 5508 2028 5563 modo
2054 5486 2174 5565 ‘hoc—
2195 5512 2376 5567 licebit
2398 5515 2761 5585 interpretari:

1188 5576 1464 5630 ³⁸⁸⁸⁸⁸⁸⁸
1518 5597 1624 5640 Γθε
1656 5606 1722 5650 se
1784 5598 1967 5653 habet.
2035 5599 2204 5656 Judmi
2247 5605 2391 5661 enim
2428 5576 2762 5679 non‘puruut

1060 5691 1089 5719 ϐ

1089 5698 1470 5787 Ῥεδίω
1486 5751 1607 5810 γη,
1646 5750 1747 5810 16,
1822 5758 1867 5789 τ’
1892 5758 2057 5813 Exod.
2088 5776 2172 5826 XV.
2201 5760 2252 5814 6·

2877 4614 2972 4666 καὶ
3020 4617 3139 4677 ταῖς
3186 4616 3293 4668 τῶν
3323 4619 3495 4687 ἁγίων
3522 4621 3833 4675 ἀποστόλων
3866 4627 4298 4695 μυσταγωγίαις,
4334 4630 4465 4700 μεθ-

2876 4704 3057 4775 ίστησι
3091 4706 3223 4776 πρὸς
3256 4709 3454 4773 αὐτοὺς
3479 4710 3572 4763 τὸν
3602 4713 3698 4783 τῆς
3727 4715 4130 4786 παρακλήσεως
4154 4717 4332 4786 λόγον,
4371 4723 4466 4775 καὶ

2876 4793 3181 4866 ἄθραυστον
3232 4799 3416 4861 αὐτοῖς
3470 4801 3825 4873 ἐνεργάζεται
3869 4803 4014 4869 νοῦν,
4051 4807 4125 4879 μὴ
4158 4808 4220 4879 δὴ
4265 4810 4465 4881 χρῆναι

2876 4886 3051 4955 λέγων
3083 4888 3312 4943 δεδιέναι
3356 4895 3483 4955 τοὺς
3521 4894 3882 4961 ἀπειθοῦντας
3929 4900 4134 4962 αὐτοῖς,
4181 4904 4319 4970 μήτε
4360 4903 4465 4973 μὴν

2875 4980 3014 5044 ὅλως
3041 4980 3132 5034 τὸν
3166 4984 3230 5036 ἐκ
3260 4984 3357 5054 τῆς
3405 4987 3627 5042 ἐκείνων
3656 4990 3980 5061 σκαιότητος
4011 4992 4348 5064 εἰσδέχεσθαι
4376 4996 4463 5049 θό⁰

2870 5070 3055 5141 ρυϐονο
3086 5072 3495 5145 τεθαρρηκότας
3533 5077 3590 5131 δὲ
3625 5079 3827 5148 μᾶλλον
3877 5081 3969 5135 ἐπὶ
4019 5082 4160 5153 Θεῷ,
4191 5101 4463 5139 κατανεα-

2869 5161 3143 5217 νιεύεσθαι
3175 5166 3283 5218 τῶν
3314 5168 3546 5239 ἐχθρῶν·
3576 5166 3634 5224 εὖ
3666 5173 3875 5237 εἰδότας
3913 5175 3995 5228 ὃτι
4034 5176 4131 5230 καὶ
4161 5176 4328 5230 ὅπλον
4376 5178 4463 5231 αύ-

2868 5256 2982 5317 τοῖς
3029 5256 3201 5322 ἐσται,
3239 5260 3335 5310 καὶ
3370 5259 3581 5331 πύργος
3618 5262 3823 5332 ἰσχύος,
3859 5265 3954 5318 καὶ
4001 5268 4460 5338 κατακρατησου-

2872 5362 2955 5397 σιν
2977 5346 3209 5410 εὐκόλως
3234 5349 3342 5401 τῶν
3364 5350 3797 5422 ἀνθεστηκότων.
3821 5355 4092 5427 Ταύτῃτοί
4124 5352 4197 5427 ιρη
4208 5374 4293 5411 σιν
4312 5375 4325 5387 ·
4360 5358 4459 5411 Τὸν

2868 5436 2925 5488 δὲ
2952 5437 3114 5504 φόϐον
3139 5440 3316 5491 αὐτῶν
3343 5442 3403 5493 οὐ
3436 5441 3511 5513 μὴ
3545 5443 3841 5516 φοϐηθῆτε,
3873 5447 3994 5500 οὐδὲ
4019 5448 4355 5520 ταραχθῆτε.
4398 5449 4458 5502 Εἰ

2869 5526 2926 5578 δὲ
2967 5526 3030 5598 δή
3073 5544 3158 5591 τις
3205 5529 3447 5600 βουλοιτο
3492 5537 3614 5598 ταῖς
3668 5536 3776 5589 τῶν
3826 5540 4201 5609 προκειμένων
4228 5541 4457 5603 ἐννοίαις

2875 5617 3055 5686 ἰσχνὸν
3094 5620 3292 5674 ἐνιέναι
3323 5624 3413 5675 τὸν
3450 5625 3591 5693 νοῦν,
3626 5628 3719 5681 καὶ
3751 5629 3873 5684 καθ’
3895 5631 4081 5702 ἕτερον
4112 5632 4245 5685 αὐτὸ
4274 5632 4454 5704 νοήσει
