4742 6556
1296 454 1406 511 235

2253 452 2313 507 S.
2352 450 2629 507 CYRILLI
2670 449 3145 506 ALEXANDRINI
3184 451 3498 509 ARCHIEP.

4465 451 4563 499 2-30

1302 577 1566 644 scriptum
1612 580 1712 625 est.
1785 569 2147 624 Confirmabit
2190 581 2368 624 autem
2420 570 2632 624 divinus
2682 568 2877 623 Paulus
2908 579 2950 634 Α
2979 572 3090 632 τοῖς
3153 589 3175 623 τ

2690 568 2877 623 Paulus
2908 579 2950 634 Α
2979 572 3090 632 τοῖς
3153 572 3389 643 πατέρες
3442 574 3535 626 καὶ
3583 573 3685 626 υίοὶ
3745 573 3882 644 ἅμα.
3942 573 4150 627 Γείτων
4188 568 4287 624 καὶ
4342 566 4563 635 πλησίον

1300 669 1486 721 dicens
1517 681 1531 717 :
1564 663 1787 718 «Omnia
1840 678 2059 732 possum
2089 662 2142 715 in
2171 662 2391 717 Christo
2424 661 2515 731 qui
2556 662 2875 715 corroborat

1300 773 1388 810 me
1420 757 1521 809 ⁸³.»
1557 754 1857 824 Capientur
1914 769 2064 823 ergo,
2101 755 2297 823 inquit,
2354 754 2449 823 qui
2486 770 2588 808 non
2646 754 2874 806 credunt

1300 845 1549 900 homines
1580 846 1633 899 in
1689 844 1979 899 securitate
2022 846 2367 899 exsistentcs.
2401 844 2670 908 Quantum
2732 843 2875 896 enim

1300 945 1510 1007 spectat
1536 936 1603 990 ad
1642 950 1933 1005 supernum
1967 936 2225 991 auxilium
2265 937 2407 1006 quod
2458 935 2710 990 lsraelitis
2732 949 2876 988 sem-

1302 1043 1399 1098 per
1433 1027 1624 1093 adfuit,
1660 1029 1747 1080 vix
1784 1028 1900 1096 capi
1931 1034 2180 1097 poterant
2214 1038 2306 1079 aut
2351 1026 2647 1095 expugnati
2682 1026 2749 1078 ab
2777 1026 2879 1079 Eui-

1304 1118 1485 1182 micis,
1547 1119 1661 1173 sive
1699 1119 2054 1188 aspectabiles
2087 1118 2161 1172 illi
2206 1128 2409 1183 essent,
2440 1117 2877 1186 siveiuaspeeta-

1303 1208 1458 1265 biles.
1485 1209 1629 1263 Dixit
1652 1211 1795 1264 enim
1822 1209 2019 1265 alicubi
2051 1209 2191 1264 Deus
2208 1211 2273 1262 de
2295 1209 2624 1264 Jerusalem:
2663 1209 2756 1262 «Et
2783 1223 2881 1278 ego

1301 1316 1397 1355 ero
1424 1300 1554 1365 illi,»
1582 1301 1714 1354 dicit
1736 1300 2016 1367 Dominus,
2043 1317 2260 1354 «murus
2279 1301 2416 1370 ignis
2440 1301 2878 1371 circumquaque,

1306 1404 1361 1447 et
1403 1395 1455 1447 in
1506 1393 1732 1464 gloriam
1778 1408 1873 1447 ero
1907 1394 1959 1445 in
1994 1393 2170 1446 medio
2204 1392 2434 1460 ejus‘h
2474 1393 2737 1447 Caeterum
2791 1394 2879 1447 ubi

1304 1487 1661 1555 impegerunt,
1697 1496 1750 1539 et
1800 1486 1851 1538 in
1904 1483 2175 1539 Christum
2209 1484 2553 1539 temulentius
2578 1486 2881 1540 deblatera-

1301 1588 1448 1642 ruut,
1472 1577 1617 1631 omni
1652 1577 1948 1631 munitione
1982 1587 2036 1630 et
2057 1576 2374 1630 defensione
2404 1587 2511 1630 tam
2540 1574 2878 1646 intelligibili,

1300 1682 1460 1734 quam
1480 1665 1722 1719 sensibili
1749 1665 1988 1719 destituti
2010 1664 2316 1735 desertique
2349 1665 2401 1719 iu
2425 1665 2622 1719 mundo
2661 1666 2879 1734 degunt.

1300 1759 1379 1811 Ad
1413 1757 1549 1811 alios
1578 1757 1745 1821 enim,
1777 1756 1828 1809 id
1852 1765 1956 1823 est,
1985 1757 2049 1810 ad
2078 1768 2266 1826 gentes
2294 1758 2546 1826 migravit
2578 1758 2884 1814 Servatoris

1297 1848 1491 1919 gratia.
1517 1867 1535 1901 «
1561 1848 1728 1901 Erunt
1757 1848 1973 1917 quidem
2005 1859 2153 1914 tunc,
2183 1868 2201 1899 ι
2230 1848 2423 1917 inquit.
2457 1866 2475 1898 «
2499 1849 2764 1905 manifesti
2791 1853 2880 1922 qui

2976 661 3140 713 αὐτο]
3162 662 3485 715 ἀπολοῦνται
3507 680 3521 692 ·
3554 662 3731 716 καίτοι
3749 662 3857 716 τῶν
3884 664 3943 716 ἐν
3966 661 4189 735 Χριστῷ
4213 655 4566 727 κεκλημένων

2976 754 3056 815 εἰς
3088 753 3357 824 ἀγιασμὸν
3395 755 3492 824 οὑχ
3522 749 3624 809 ὧδε
3654 756 3908 826 ἐχόντων.
3927 755 4102 825 ’ἰσχὺς
4129 752 4240 822 γὰρ
4262 748 4448 802 αὐτῶν
4483 744 4567 797 καὶ

2978 844 3212 916 ὕμνησις
3250 848 3278 898 ὁ
3322 846 3543 916 Κύριος,
3570 849 3713 901 κατά
3744 848 3806 900 τὸ
3847 845 4258 917 γεγραμμένον.
4319 838 4432 891 Καὶ
4487 853 4568 887 πι-

2980 939 3244 992 στώσεται
3269 939 3443 1008 λέγων
3474 942 3503 992 ό
3532 939 3815 1004 θεσπέσιος
3846 940 4057 1001 Παῦλος
4079 955 4091 969 ’
4130 957 4146 988 ι
4184 935 4371 989 Πάντα
4402 928 4569 999 ἰσχύω

2979 1034 3036 1086 ἐν
3059 1032 3137 1102 τῷ
3175 1032 3557 1103 ἐνδυναμοῦντί
3590 1052 3657 1103 με
3700 1032 3937 1104 Χριστῷ.
3972 1051 3989 1083 ι
4026 1028 4359 1083 Ἀλώσονται
4394 1022 4568 1076 τοίνυν

2979 1128 3028 1180 oi
3058 1126 3432 1191 ἀπιστοῦντες,
3470 1128 3653 1198 φησιν,
3685 1126 3963 1198 ἄνθρωποι
4000 1124 4059 1177 ἐν
4092 1119 4366 1190 ἀσφαλείᾳ
4393 1116 4564 1177 ὄντες·

2983 1217 3146 1268 Ὅσον
3178 1218 3277 1286 μὲν
3320 1215 3428 1286 γὰρ
3459 1213 3598 1289 ἧκεν
3628 1219 3707 1279 είς
3739 1215 3835 1287 τὴν
3863 1214 4069 1268 ἀνωθεν
4108 1208 4436 1280 ἐπικουρίαν
4478 1206 4569 1272 τὴν

2982 1308 3300 1379 ὑπάρξασαν
3323 1309 3410 1362 ἀεὶ
3435 1312 3548 1371 τοῖς
3577 1309 3635 1374 ἐξ
3673 1307 3909 1379 Ἰσραὴλ,
3938 1303 4206 1360 ἀνάλωτοί
4235 1317 4382 1363 τινες
4404 1294 4566 1369 ἦσαν.

2984 1400 3078 1452 καλ⁸
3131 1399 3612 1468 δυσκαταμάχητοι
3662 1400 3774 1460 τοῖς
3825 1396 4059 1467 ἐχθροῖς,
4109 1393 4324 1462 ὁρατοῖς
4364 1405 4428 1440 τε
4479 1385 4569 1437 καὶ

2982 1491 3407 1562 ἀοράτοις.“Εφη
3440 1492 3546 1560 γάρ
3571 1508 3672 1543 που
3705 1490 3836 1551 Θεὸς
3864 1487 3993 1557 περὶ
4031 1486 4133 1555 τῆς
4170 1480 4567 1553 Ἰερουσαλήμ·

2990 1602 3008 1634 «
3037 1585 3147 1636 Καὶ
3193 1582 3303 1651 ἐγὼ
3335 1583 3526 1653 ἔσομαι
3569 1584 3707 1652 αὐτῇ
3762 1582 3909 1649 λέγει
3955 1580 4159 1649 Κύριος
4188 1578 4368 1645 τεῖχος
4401 1571 4571 1641 πυρὸς

2987 1675 3263 1740 κυκλόθεν,
3294 1675 3388 1727 καὶ
3437 1676 3517 1737 είς
3563 1674 3719 1739 δόξαν
3767 1674 3959 1743 ἔσομαι
4009 1673 4066 1723 ἐν
4116 1668 4268 1739 μέσῳ
4312 1664 4518 1733 αὐτῆς.
4548 1678 4567 1712 ι

2998 1764 3214 1835 Ἐπειδὴ
3234 1764 3290 1816 δὲ
3315 1764 3820 1835 προσκεκροῦκασιν
3842 1757 4303 1832 ὲμπαροινοῦντες
4324 1751 4569 1824 Χριστῷ,

2986 1854 3164 1924 πάσης
3207 1854 3505 1921 ἀσφαλείας
3552 1854 3769 1924 ἔρημοι,
3800 1850 3999 1922 νοητῆς
4052 1865 4112 1901 τε
4165 1846 4257 1899 καὶ
4304 1841 4571 1912 αἰσθητῆς

1297 1943 1648 2011 obsignantur
1673 1941 1841 2010 legem
1868 1954 1934 1994 ne
1965 1942 2193 1995 discant.
2222 1958 2240 1991 ι
2268 1940 2335 1993 Ει
2357 1940 2406 1993 hi
2430 1940 2646 2010 quinam
2668 1943 2879 1997 tandem
2915 1958 2954 2012 Β
2982 1946 3170 1999 διατελ·

2698 1943 2879 1997 andem
2915 1958 2954 2012 Β
2982 1944 3315 1999 διατελοῦσιν
3357 1946 3413 1999 ἐν
3461 1945 3668 2015 κόσμῳ.
3702 1941 4157 2011 Μεταπεφοίτηκε
4186 1937 4295 2007 γὰρ
4335 1936 4417 1997 εἰς
4460 1931 4571 1985 έτέ·

1300 2032 1471 2086 sunt?
1511 2032 1611 2098 Qui
1641 2032 1692 2084 in
1723 2030 1943 2086 Christo
1957 2031 2279 2085 videlicetet
2307 2032 2882 2087 vocatietsanctificali

1302 2139 1398 2192 per
1463 2122 1747 2193 Spiritum,
1806 2138 1835 2176 a
1898 2124 2092 2191 quibus
2152 2124 2281 2176 illud
2335 2132 2459 2193 apte
2507 2123 2608 2177 «lici
2658 2134 2879 2194 posset:

1305 2234 1324 2266 «
1343 2215 1628 2285 Signatum
1643 2222 1901 2282 estsuper
1920 2229 2016 2266 nos
2034 2213 2212 2266 lumen
2232 2214 2407 2267 vultus
2423 2214 2521 2277 tui,
2540 2215 2843 2269 Domine“.
2858 2233 2876 2265 ι

1300 2306 1484 2378 Imago
1509 2306 1708 2376 quippe
1739 2314 1793 2360 et
1820 2304 2118 2359 similitudo
2144 2314 2197 2359 et
2223 2315 2476 2375 tanquam
2502 2303 2669 2359 facies
2698 2305 2790 2360 Dei
2828 2316 2882 2360 et

1297 2398 1479 2456 Patris
1499 2407 1586 2454 est
1610 2397 1801 2452 Filius.
1824 2396 2027 2449 Lumen
2046 2407 2223 2450 autem
2251 2397 2318 2451 ab
2339 2396 2425 2450 illo
2451 2397 2502 2449 in
2526 2412 2620 2452 nos
2635 2398 2878 2465 missum,

1298 2503 1384 2547 est
1436 2490 1671 2560 Spiritus
1701 2498 1922 2544 sanctus
1956 2503 2052 2557 per
2084 2502 2243 2557 quem
2285 2488 2636 2558 obsignamur
2664 2490 2729 2543 ad
2771 2490 2881 2557 pri-

1300 2599 1444 2639 mam
1469 2582 1760 2653 imaginem
1780 2580 2059 2636 reformati
2082 2595 2176 2650 per
2196 2580 2700 2634 sanctificationem.
2728 2580 2878 2635 Facti

1296 2671 1444 2727 enirn
1460 2687 1647 2726 sumus
1658 2671 1724 2725 ad
1741 2671 2028 2740 imaginem
2047 2669 2519 2724 etsimilitudinem
2545 2670 2631 2725 Dei
2651 2672 2740 2740 qui
2760 2686 2881 2725 con-

1296 2763 1455 2818 didit.
1490 2762 1733 2817 Evadent
1759 2761 1921 2832 igitur
1957 2761 2008 2815 in
2040 2760 2557 2828 nianifestationem,
2600 2762 2792 2830 inquit,
2825 2762 2879 2816 id

1297 2864 1404 2922 est,
1434 2855 1672 2925 insignes
1693 2854 1870 2907 etDeo
1887 2852 2178 2916 notissimi,
2196 2863 2251 2907 et
2280 2853 2329 2906 in
2350 2852 2505 2925 143
2527 2856 2725 2908 mundo
2748 2870 2879 2909 con-

1296 2947 1490 3019 spicui,
1510 2947 1601 3017 qui
1619 2956 1810 3001 sancto
1823 2944 2023 3015 Spiritu
2039 2944 2302 3014 obsignati
2318 2956 2464 3009 sunt,
2483 2944 2879 3000 utnondiscant

1298 3042 1493 3109 legem.
1515 3038 1766 3108 Nunquid
1806 3037 1969 3105 igitur
1993 3036 2383 3090 abstinebimus
2403 3053 2429 3089 a
2450 3038 2682 3091 lectione
2711 3036 2879 3107 legis?

1296 3133 1459 3202 Atqui
1480 3130 1898 3198 sic-intelligere,
1916 3131 2098 3198 quidni
2121 3131 2371 3184 inscitum
2392 3132 2464 3184 sit
2490 3140 2545 3183 et
2562 3130 2872 3196 absurdum,

1297 3242 1421 3281 eum
1441 3226 1580 3282 Deus
1597 3225 1741 3281 dicat
1762 3223 2047 3293 perspicue
2068 3237 2084 3276 :
2109 3240 2127 3273 «
2152 3222 2441 3292 Propterea
2471 3223 2660 3292 loquor
2686 3224 2871 3278 vobis:

2988 2053 3135 2105 ρους,
3169 2034 3314 2089 τοῦτ’
3331 2035 3467 2098 ἐστι,
3489 2037 3614 2098 τοὺς
3636 2035 3695 2099 ἐξ
3726 2034 3891 2087 ἐθνῶν
3912 2035 3943 2103 ἡ
3974 2031 4067 2086 τοῦ
4097 2029 4366 2093 σώζοντος
4387 2027 4568 2097 χάρις.

2989 2131 3241 2182 Ἔσονται
3292 2128 3347 2181 δὲ
3396 2129 3515 2182 τότε
3567 2129 3730 2198 φησὶν
3773 2124 4018 2194 φανεροὶ,
4053 2125 4102 2175 οί
4140 2117 4571 2191 σφραγιζόμενοι

2984 2221 3073 2274 τὸν
3119 2221 3283 2289 νόμον
3323 2219 3417 2273 τοῦ
3468 2218 3542 2290 μὴ
3593 2218 3805 2289 μαθεῖν.
3848 2217 3957 2269 Καὶ
4004 2215 4149 2276 τίνες
4183 2215 4248 2265 ἂν
4277 2207 4390 2264 εἷεν
4424 2204 4571 2263 οὗτοι

2984 2314 3177 2378 πάλιν;
3209 2314 3271 2365 Ol
3314 2313 3371 2365 ἐν
3403 2311 3623 2383 Χριστῷ
3659 2310 3900 2381 δηλονότι
3932 2306 4343 2376 δεδικαιωμένοι
4377 2321 4441 2356 τε
4484 2302 4573 2355 καὶ

2983 2403 3303 2476 ἡγιασμένοι
3332 2402 3418 2454 διὰ
3446 2402 3540 2454 τοῦ
3570 2400 3914 2470 Πνεῦματος·
3948 2393 4028 2460 οἷς
4068 2397 4135 2450 ἂν
4163 2394 4468 2465 ἁρμόσειεν
4500 2392 4573 2442 εἰ-

2983 2498 3133 2547 πεῖν·
3157 2513 3175 2543 «
3225 2491 3563 2562 Ἐσημειώθη
3594 2492 3678 2559 ἐφ’
3706 2493 3740 2561 ἡ
3752 2491 3859 2560 μᾶς
3883 2488 3945 2540 τὸ
3990 2486 4103 2556 φῶς
4148 2487 4244 2537 τοῦ
4274 2480 4572 2554 προσώπου

2985 2604 3099 2649 σου,
3138 2584 3330 2657 Κύριε.
3361 2604 3379 2635 ι
3412 2582 3591 2637 Είκὼν
3618 2583 3716 2655 μὲν
3743 2583 3852 2653 γὰρ
3878 2582 3972 2635 καὶ
3996 2580 4256 2650 ὁμοίωσις
4288 2578 4385 2631 καὶ
4409 2578 4572 2631 οίονεὶ

2983 2676 3271 2747 πρόσωπον
3302 2674 3395 2727 τοῦ
3431 2674 3566 2727 Θεοῦ
3602 2674 3695 2726 καὶ
3725 2674 3939 2744 Πατρὸς
3964 2673 3992 2723 ὁ
4027 2670 4172 2729 Υίός.
4196 2669 4317 2732 Φῶς
4336 2669 4395 2722 δὲ
4430 2668 4495 2720 τὸ
4517 2667 4571 2731 ἐξ

2981 2770 3146 2825 αὑτοῦ
3182 2768 3534 2839 πεμπόμενον
3565 2769 3643 2830 είς
3670 2768 3819 2837 ἡμᾶς
3858 2767 3917 2818 τὸ
3948 2763 4171 2834 Πνεῦμα
4202 2761 4263 2814 τὸ
4299 2762 4481 2828 ἆγιον,
4506 2761 4571 2812 δι’

2978 2857 3038 2915 οῦ
3060 2858 3581 2930 κατεσφραγίσμεθα
3600 2857 3733 2927 πρὸς
3755 2857 3937 2909 είκόνα
3960 2856 4059 2925 τὴν
4081 2852 4305 2923 πρώτην
4327 2854 4572 2921 ἀναμορ-

2979 2952 3237 3023 φούμενοι
3275 2951 3338 3002 δι’
3369 2949 3656 3020 ἀγιασμοῦ.
3696 2946 4047 3019 Πεποιήμεθα
4096 2946 4199 3015 γὰρ
4234 2946 4359 2997 κατ’
4381 2943 4570 2996 εἰκόνα

2980 3044 3072 3095 καὶ
3121 3042 3377 3111 ὁμοίωσιν
3420 3040 3514 3093 τοῦ
3569 3040 3855 3101 κτίσαντος
3910 3036 4339 3091 Θεοῦ.Ἐσονται
4386 3034 4569 3086 τοίνυν

2979 3135 3220 3205 φανεροὶ,
3251 3133 3404 3203 φησὶ,
3443 3132 3587 3186 τοῦτ’
3610 3132 3776 3193 ἔστιν,
3808 3131 4064 3201 ἐπίσημοι
4090 3129 4184 3182 καὶ
4210 3127 4334 3197 Θεῷ
4365 3144 4569 3196 γνωρι-

2981 3223 3239 3293 μώτατοι,
3266 3226 3359 3277 κοιλ⁵
3383 3224 3703 3294 διαπρεπεῖς
3724 3223 3781 3275 ἐν
3807 3221 3997 3291 κόσμῳ
4014 3238 4025 3249 ·
4058 3220 4107 3273 οἱ
4127 3218 4204 3288 τῷ
4224 3220 4369 3289 ἁγίῳ
4390 3234 4566 3270 κατα-

1296 3317 1486 3373 Omnis
1500 3317 1677 3373 scriba
1701 3316 1894 3371 doctus
1913 3316 1962 3368 in
1984 3330 2148 3384 regno
2171 3315 2428 3370 caelorum
2452 3316 2642 3370 similis
2667 3327 2753 3370 est
2780 3315 2874 3369 ho~
2903 3318 2944 3374 C
2982 3331 3169 3385 σφραγι

2689 3327 2753 3369 :st
2780 3315 2874 3369 hoo
2903 3318 2944 3374 C
2982 3314 3401 3385 σφραγιζόμενοι
3451 3312 3746 3383 Πνεῦματι,
3786 3310 3880 3364 τοῦ
3915 3310 3988 3381 μὴ
4023 3310 4215 3377 μαθεῖν
4248 3309 4344 3360 τὸν
4375 3309 4562 3379 νόμον.

1299 3407 1429 3462 mini
1454 3407 1629 3470 diviti,
1651 3406 1741 3475 qui
1764 3405 2034 3475 depromit
2056 3421 2119 3460 ex
2146 3407 2402 3461 thesauro
2428 3422 2526 3461 suo
2545 3422 2681 3461 nova
2707 3420 2759 3462 et
2780 3422 2870 3461 veo

1297 3508 1413 3553 tera
1434 3496 1534 3550 ⁸⁸.»
1563 3495 1750 3565 Itaque
1772 3496 1913 3550 scire
1946 3495 2159 3563 quidem
2190 3495 2359 3565 legem
2390 3510 2495 3550 non
2523 3511 2867 3550 recusamus:

1295 3589 1664 3645 atcavendum
1690 3596 1867 3652 tamen
1889 3601 1954 3641 ne
1974 3586 2043 3639 ita
2068 3586 2323 3650 sciamus,
2348 3596 2471 3641 utet
2489 3587 2671 3642 vivere
2687 3588 2868 3656 cupia-

1296 3692 1415 3733 mus
1440 3677 1684 3748 legaliter
1704 3686 1758 3731 et
1782 3674 2022 3731 Judaice.
2052 3672 2166 3729 Non
2198 3676 2340 3730 enim
2362 3676 2524 3731 boves
2547 3675 2872 3731 sacriﬁcabi-

1298 3784 1438 3838 mus,
1468 3784 1645 3839 neque
1661 3768 1857 3824 hosnis
1875 3767 2118 3823 cruentis
2135 3767 2508 3823 universorum
2530 3766 2694 3822 Deum
2711 3781 2871 3821 vene-

1295 3863 1557 3930 rabimur,
1590 3870 1648 3916 at
1674 3860 1972 3930 spiritalem
1990 3859 2479 3928 cultumillipotius
2496 3858 2784 3913 oﬂ‘eremus
2816 3856 2870 3910 in

1290 3955 1511 4011 odorem
1572 3953 1974 4009 suaveolentize.
2027 3951 2197 4005 Sicuti
2256 3951 2425 4013 enim,
2469 3950 2546 4003 ait
2590 3952 2869 4013 Servatur,

1296 4046 1471 4102 «Deus
1500 4045 1725 4116 spiritus
1747 4054 1850 4107 est,
1870 4056 1925 4097 et
1951 4044 2041 4112 qui
2065 4044 2291 4096 adorant
2313 4042 2483 4104 illum,
2505 4041 2556 4093 in
2588 4042 2779 4109 spiritu
2819 4047 2871 4093 et

1292 4138 1521 4193 veritate
1537 4145 1753 4205 oportet
1773 4135 2000 4188 adorare
2027 4134 2093 4187 ‘7.
2121 4153 2139 4183 ι
2170 4132 2321 4198 Quod
2349 4139 2529 4185 autem
2555 4139 2743 4186 sancto
2760 4131 2871 4199 Spi-

1292 4229 1401 4282 ritu
1417 4226 1719 4298 obsignatis
1737 4230 1802 4279 ad
1818 4229 2109 4279 novitatem
2129 4225 2276 4287 vitae,
2296 4238 2547 4293 magnum
2569 4223 2639 4278 sit
2656 4222 2870 4290 dispen-

1292 4318 1600 4382 dium,velle
1606 4319 1718 4387 jam
1737 4319 1915 4371 vivere
1929 4315 2195 4370 etversari
2209 4313 2450 4380 Judaice,
2466 4314 2869 4370 scilicetsecun-

1292 4413 1417 4465 «lum
1458 4410 1877 4480 legisumbratu,
1922 4408 2171 4476 probabit
2210 4408 2397 4462 beatus
2434 4406 2629 4462 Paulus
2646 4407 2869 4477 loquens

2975 3402 3098 3476 Ἆρ’
3131 3401 3223 3458 οῦν
3271 3404 3584 3474 ἀφεξόμεθα
3637 3403 3744 3455 τῶν
3795 3401 4035 3472 νομικῶν
4071 3399 4563 3467 ἀναγνωσμάτωνς

2977 3495 3167 3549 Καίτοι
3218 3494 3334 3557 πῶς
3379 3495 3479 3546 οὐκ
3519 3491 3727 3563 ἀμαθὲς
3759 3491 3819 3544 τὸ
3865 3485 3966 3543 ὦδε
4005 3490 4166 3551 νοεῖν,
4202 3485 4441 3557 Χριστοῦ
4478 3483 4566 3538 λέ·

2975 3602 3160 3651 γοντος
3207 3583 3484 3655 ἐναργῶςυ
3541 3603 3558 3634 «
3588 3584 3686 3636 Διά
3731 3581 3890 3635 τοῦτο
3937 3580 4083 3647 λέγω
4137 3579 4289 3648 ὑμῖν,
4320 3578 4405 3630 ὅτι
4456 3577 4565 3638 πᾶς

2974 3674 3333 3744 γραμματεὺς
3373 3671 3731 3743 μαθητευθεὶς
3762 3674 3826 3741 τῇ
3875 3669 4124 3739 βασιλείᾳ
4147 3669 4257 3721 τῶν
4287 3668 4563 3738 οὐρανῶν,

2973 3765 3154 3834 ὅμοιός
3203 3767 3351 3817 ἐστιν
3399 3763 3671 3834 ἀνθρώπῳ
3723 3764 3982 3833 πλουσίῳ,
4015 3763 4165 3824 ὅστις
4198 3760 4460 3814 ἐκϐάλλει
4500 3762 4564 3812 ἐκ

2972 3858 3065 3910 τοῦ
3106 3857 3377 3930 θησαυροῦ
3422 3856 3585 3909 αὺτοῦ
3618 3856 3782 3909 καινὰ
3811 3858 3905 3908 καὶ
3948 3855 4173 3910 παλαιά.
4202 3874 4223 3906 ι
4259 3855 4477 3907 Οὐκοῦν
4500 3856 4563 3907 οὐ

2973 3950 3389 4020 παραιτούμεθα
3436 3950 3533 4020 μὲν
3579 3950 3638 4002 τὸ
3678 3949 3874 4002 εἰδέναι
3902 3949 3992 4002 τὸν
4023 3950 4188 4018 νόμον
4208 3964 4221 3977 ·
4270 3947 4332 4000 τό
4362 3966 4429 4016 γε
4456 3950 4565 4017 μὴν

2971 4040 3142 4104 οὕτως
3191 4040 3411 4108 εἰδέναι,
3447 4041 3700 4110 φευκτὸν,
3732 4040 3873 4094 ὥστε
3903 4041 3997 4094 καὶ
4023 4041 4122 4112 ζῇν
4153 4040 4373 4095 ἑλέσθαι
4408 4058 4563 4111 νομι-

2972 4133 3103 4197 κῶς,
3138 4134 3305 4205 ἦγουν
3335 4134 3659 4196 Ἰουδαϊκῶς.
3693 4135 3768 4187 Οὐ
3797 4135 3906 4205 γάρ
3934 4153 4017 4188 τοι
4055 4135 4183 4205 βοῦς
4213 4136 4562 4208 ἱερεύσομεν,

2969 4224 3092 4278 οὔτε
3121 4227 3227 4296 μὴν
3251 4227 3369 4288 ταῖς
3388 4225 3454 4278 δι’
3479 4228 3532 4278 αί
3541 4225 3724 4295 μάτων
3755 4226 3968 4290 θυσίαις
3995 4228 4302 4297 τιμήσομεν
4336 4228 4433 4281 τὸν
4453 4228 4565 4280 τῶν

2969 4318 3106 4371 ὅλων
3147 4317 3298 4370 Θεόν.
3334 4317 3719 4387 Πνευματικὴν
3763 4318 3816 4371 δὲ
3870 4318 4069 4389 μᾶλλον
4105 4321 4564 4390 προσκομιοῦμεν

2969 4408 3117 4478 αὐτῷ
3148 4408 3404 4479 λατρείαν
3456 4409 3537 4470 εἰς
3584 4406 3758 4476 ὀσμὴν
3808 4409 4162 4472 εὐωδίας.“Ως
4194 4411 4305 4479 γάρ
4339 4427 4508 4479 φησιν
4533 4411 4565 4463 ὁ

1290 4501 1376 4555 his
1393 4501 1483 4571 qui
1514 4510 1637 4570 post
1673 4500 1830 4555 fidem
1855 4501 1921 4554 ad
1943 4500 2146 4554 cultum
2181 4499 2519 4555 umbratilem
2552 4499 2696 4555 velut
2723 4508 2869 4554 retro
2976 4500 3163 4570 Σωτήρ

2683 4509 2696 4554 ι
2723 4508 2869 4554 retro
2976 4500 3183 4570 Σωτήρ·
3218 4517 3236 4549 ι
3263 4498 3485 4568 Πνεῦμα
3512 4501 3539 4551 ὁ
3560 4498 3711 4564 Θεὸς,
3733 4498 3974 4562 καὶτοὺς
3992 4499 4442 4569 προσκυνοῦντας
4464 4501 4556 4553 αῦ-

1288 4590 1767 4644 abeuut:«Exorsi
1811 4590 2195 4658 spiritu,nunc
2237 4602 2399 4643 carne
2438 4588 2865 4643 consummami-
2900 4657 2920 4660 ι
2968 4589 3059 4642 τὸν
3091 4591 3147 4641 ὲν

2689 4588 2865 4642 nami-
2900 4657 2920 4660 _r
2968 4589 3059 4642 τὸν
3091 4591 3147 4641 ἐν
3177 4588 3446 4658 πνεύματι
3480 4589 3575 4641 καὶ
3620 4588 3847 4660 ἀληθείᾳ
3883 4589 3964 4641 δεῖ
3992 4591 4339 4660 προσκυνεῖν.
4376 4607 4395 4640 ι
4438 4589 4559 4639 ’Ὁτι

1289 4681 1545 4749 ιιι⁶⁸ἳ›,Ει
1562 4695 1750 4734 rursus
1775 4697 1787 4733 :
1809 4657 1971 4735 «Dico
1989 4689 2167 4734 autem
2186 4681 2338 4735 vobis
2353 4684 2493 4749 quod
2509 4681 2551 4734 si
2574 4679 2862 4734 circumei-
2899 4657 2941 4711 θ
2969 4681 3026 4733 δὲ
3072 4682 3162 4732 τοῖ.

2691 4679 2862 4733 umci-
2899 4657 2941 4711 D
2969 4681 3026 4733 δὲ
3072 4682 3185 4743 τοῖς
3235 4657 3326 4749 τῷ
3362 4680 3501 4751 ἁγίῳ
3550 4657 3831 4750 Πνεῦματι
3877 4657 4451 4751 κατεσφραγισμένοις
4479 4682 4561 4741 εἰς

1288 4773 1512 4835 «lalulni,
1536 4772 1787 4826 Christus
1817 4774 1966 4825 vobis
1988 4771 2119 4825 nihil
2151 4772 2410 4840 proderit.
2437 4770 2736 4824 Abalienati
2762 4769 2862 4838 igi-
2975 4773 3161 4826 καινότ

2688 4769 2862 4838 ιιίἰεί-
2975 4773 3263 4843 καινότητα
3310 4771 3474 4841 ζωῆς,
3510 4771 3681 4841 ζημία
3736 4771 3904 4839 πολλὴ
3954 4772 4015 4824 τὸ
4066 4771 4240 4824 θέλειν
4272 4772 4357 4824 ἔτι
4410 4771 4561 4825 πολι-

1288 4873 1377 4916 ιυι·
1414 4861 1546 4915 estis
1576 4877 1605 4914 a
1641 4861 1878 4925 Christo,
1909 4861 2218 4929 quicunque
2250 4862 2301 4913 in
2329 4860 2442 4929 lege
2467 4857 2860 4926 justificamini,
2965 4862 3161 4914 1:50:00

2684 4858 2860 4925 mtini,
2965 4862 3217 4915 τεύεσθαί
3254 4878 3313 4914 τε
3361 4863 3455 4914 καὶ
3507 4861 3607 4933 ζῇν
3645 4861 3971 4927 Ἰουδαῖκῶς,
4004 4862 4123 4932 ἦτοι
4148 4862 4291 4914 κατὰ
4323 4862 4429 4933 τὴν
4463 4858 4557 4913 τοῦ

1284 4951 1461 5018 gratia
1494 4952 1789 5005 excidistis.
1827 4950 1935 5007 Nos
1971 4949 2114 5005 enim
2141 4964 2237 5019 per
2270 4948 2427 5002 fidem
2460 4962 2606 5016 spem
2635 4946 2860 5014 justitiac
2965 4954 3129 5023 νόμου

2684 4948 2860 5002 Istitia:
2965 4954 3129 5023 νόμου
3176 4952 3355 5016 σκιὰν9
3383 4952 3712 5006 πιστώσεται
3755 4954 3931 5021 λέγων
3962 4956 3989 5006 ό
4021 4954 4295 5024 μακάριος
4344 4954 4557 5014 Παῦλος

1280 5049 1669 5108 exspectamus
1690 5043 1753 5094 ⁸⁸.
1791 5061 1809 5093 ›
2970 5046 3081 5106 τοῖς
3128 5062 3153 5114 μ

2970 5046 3081 5106 τοῖς
3128 5043 3265 5114 μετὰ
3309 5044 3407 5113 τὴν
3458 5044 3641 5096 πίστιν
3701 5045 3893 5097 ἁνόπιν
3961 5044 4152 5115 ὥσπερ
4216 5044 4414 5111 ίοῦσιν,
4476 5046 4558 5106 είς

1273 5129 1543 5199 λατρείαν
1582 5132 1678 5202 τὴν
1716 5136 1774 5187 ἐν
1802 5137 2016 5197 σκιαίς’
2053 5152 2071 5185 ι
2098 5132 2481 5205 Ἐναρξάμενοι
2512 5132 2804 5202 πνεύματι,
2836 5132 2929 5187 νῦν
2966 5137 3128 5205 σαρκὶ⁸
3161 5136 3515 5190 ἐπιτελεῖσθε.
3549 5157 3567 5188 ι
3602 5138 3708 5189 Καὶ
3743 5137 3904 5190 πάλιν
3926 5153 3939 5167 ο
3969 5157 3987 5188 «
4018 5139 4177 5206 Λέγω
4209 5138 4265 5192 δὲ
4298 5140 4455 5209 ὑμῖν,
4475 5141 4558 5192 ὅτι

1258 5223 1369 5276 ἐὰν
1432 5226 1859 5299 περιτέμνησθε,
1911 5230 2147 5299 Χριστὸς
2203 5229 2347 5299 ὑμᾶς
2389 5229 2542 5281 οὐδὲν
2591 5228 2884 5299 ὠφελήσει.
2954 5229 3455 5300 Ἀπηλλοτριώθητε
3519 5230 3628 5284 ἀπὸ
3679 5231 3957 5301 Χριστοῦ,
4001 5232 4054 5283 οἵ
4103 5249 4251 5295 τινες
4301 5234 4364 5285 ἐν
4407 5234 4557 5303 νόμῳ

1238 5310 1485 5374 βιοῧτεν
1521 5313 1622 5382 τῆς
1673 5321 1895 5390 χάριτος
1927 5320 2241 5384 ἐξεπέσατε.
2288 5322 2480 5391 Ἡμεῖς
2529 5322 2637 5392 γὰρ
2682 5322 2771 5375 διὰ
2809 5325 3044 5387 πίστεως
3099 5322 3289 5375 ἐλπίδα
3315 5322 3663 5393 δικαιοσύνης
3693 5323 4127 5393 ἀπεκδεχόμεθα.
4169 5343 4186 5375 ι

1312 5397 1508 5492 flans.
1563 5402 1655 5459 17.
1693 5408 1762 5464 Ει
1791 5414 1960 5466 dicet:
1992 5412 2316 5481 Exspectabo
2362 5413 2524 5466 Deum
2567 5415 2656 5481 qui
2678 5418 2859 5468 avertit
3035 5414 3143 5469 Kal

2683 5418 2859 5468 avertit
3035 5414 3143 5469 Καὶ
3197 5413 3348 5482 ἐρεῖ’
3381 5413 3551 5467 Μενῶ
3598 5414 3705 5468 τὸν
3757 5416 3907 5469 Θεὸν
3960 5417 4440 5485 ἀποστρέψαντα
4486 5417 4556 5471 τὸ

1180 5482 1453 5578 [aciem
1509 5504 1681 5547 suam
1734 5518 1767 5552 a
1793 5500 1948 5555 domo
1983 5502 2173 5569 Jacob,
2215 5512 2261 5556 et
2290 5502 2554 5569 conﬁdens
2590 5520 2678 5558 ero
2706 5520 2861 5573 super
2966 5520 3053 5573 πρε

2706 5520 2861 5573 super
2966 5506 3289 5573 πρόσωπον
3324 5504 3511 5558 αὑτοῦ
3544 5505 3662 5559 ἀπὸ
3694 5506 3800 5561 τοῦ
3839 5507 4009 5561 οἴκου
4058 5508 4290 5578 Ἰακὼϐ,
4327 5511 4429 5564 καὶ
4458 5526 4558 5564 πε·-

1151 5576 1367 5619 ειιηι.
2967 5595 3184 5662 ποιθὼς
3211 5596 3426 5665 ἔσομαι
3454 5598 3549 5650 ἐπ’
3582 5596 3762 5663 αὐτῷ.

1060 5782 1118 5822 ⁸⁸
1155 5741 1868 5901 ἐδίιϊῒξιὶῗῃὲ,¹ζῖ1ὸζῗι
1948 5777 2243 5834 “Zachar.
2271 5792 2334 5845 ιι,
2360 5776 2413 5831 5.
2491 5777 2536 5809 ⁸⁵
2560 5777 2700 5833 Psal.
2726 5792 2799 5842 IV,
2826 5775 2877 5831 7.

2686 5816 2700 5833 .
2726 5792 2799 5842 Iv,
2826 5775 2877 5831 7.
2955 5776 3001 5806 °°
3025 5774 3209 5829 Matth.
3240 5791 3359 5839 xm,
3416 5775 3504 5830 52.
3584 5776 3626 5807 ⁵⁷
3651 5774 3804 5831 Jonn.
3836 5794 3908 5846 tv,
3932 5779 4019 5833 al.
4088 5781 4146 5827 .6“
4171 5780 4353 5836 Galat.
4382 5797 4464 5846 ιιι,
4492 5779 4553 5837 5.
