4134 6498
232 426 350 482 257

1379 423 1450 485 IN
1489 429 1718 487 lSAlAM
1755 429 1886 491 LIB.
1930 436 1967 491 Ι.
2009 429 2217 494 ORA'I‘.
2265 433 2322 496 ν.

3348 438 3351 442 ’
3397 438 3504 498 εεε

309 540 432 595 Ὅτι
461 540 596 595 πολὺ
625 541 884 612 πρόσεστι
911 543 1022 608 τοῖς
1045 545 1104 598 ὲν
1133 545 1357 619 Χριστῷ
1382 548 1444 603 τὺ
1468 550 1704 622 εὐήνιον,
1731 558 1804 606 κα

2000 555 2153 624 Quod
2209 557 2248 612 ii
2304 558 2397 628 qui
2432 557 2486 613 in
2522 559 2740 615 Christo
2776 569 2924 627 sunt,
2958 559 3114 615 facile
3144 557 3298 630 quasi
3347 559 3502 613 freno

227 630 323 684 διὰ
353 630 557 684 τούτων
583 633 731 702 ἡμᾶς
763 635 796 687 ὁ
835 637 1117 707 προφήτης
1149 641 1404 710 πειρᾶται
1434 641 1820 714 πληροφορεῖν.

230 724 654 795 Προσεπεφὼνει
689 726 789 796 μὲν
818 728 926 800 γάρ
959 730 1143 794 αὐτοῖς
1169 732 1199 784 ὁ
1231 732 1340 786 τῶν
1370 733 1506 787 ὅλων
1539 735 1671 799 Θεὸς
1695 737 1824 808 περὶ

229 816 330 868 τοῦ
375 817 742 888 Ἐμμανουήλο
780 819 984 892 Κύριον
1021 823 1185 876 αὑτὸν
1210 824 1494 892 ἁγιάσατε,
1538 828 1632 880 καὶ
1664 829 1823 894 αὐτὸς

230 907 387 962 ἔσται
433 925 528 960 σου
575 908 762 976 φόϐος.
809 911 918 964 Καὶ
959 913 1055 967 tam
1106 915 1194 968 ἐπ’
1237 916 1386 987 αὐτῷ
1426 917 1700 982 πεποιθὼς
1733 915 1819 992 ᾖς,

229 999 385 1055 ἔσται
431 1017 512 1054 σοι
559 1003 640 1064 είς
671 1001 938 1073 ἀγίασμα.
965 1005 1028 1057 Oi
1056 1005 1114 1058 δὲ
1148 1006 1240 1059 καὶ
1278 1006 1399 1062 λίαν
1442 1009 1696 1080 ἀσμένως
1727 1011 1820 1066 τὸν

225 1091 332 1162 τῆς
386 1093 470 1156 είς
527 1093 686 1146 τοῦτο
746 1096 1134 1164 μυσταγωγίας
1188 1100 1596 1170 προσηκάμενοι
1638 1101 1816 1172 λόγον,

229 1184 549 1256 μελλησμοῦ
584 1186 708 1258 δίχα
737 1189 938 1252 παντὸς
965 1189 1348 1260 ὑπισχνοῦνταί
1367 1208 1428 1244 τε
1457 1191 1518 1245 τὺ
1545 1192 1815 1258 εὐπειθὲς,

226 1281 326 1333 καὶ
356 1282 536 1333 πᾶσαν
563 1281 650 1332 ἐπ’
673 1280 822 1351 αύτῷ
843 1280 1060 1351 θέμενοι
1084 1281 1180 1354 τὴν
1204 1283 1394 1337 ἐλπίδα
1419 1283 1572 1353 φασίο
1598 1304 1617 1337 t
1654 1284 1817 1340 Μενῶ

223 1372 316 1423 τὸν
349 1371 506 1433 Θεὸν,
529 1371 622 1424 τὸν
649 1371 1070 1443 ἀποστρέψαντα
1094 1372 1154 1425 τὺ
1176 1372 1466 1443 πρόσωπον
1499 1374 1665 1430 αὐτοῦ
1699 1375 1814 1430 ἀπὸ

220 1463 317 1517 τοῦ
345 1464 500 1518 οἴκου
548 1463 764 1530 Ἰακὼϐ,
799 1464 895 1517 καὶ
924 1463 1198 1528 πεποιθὼς
1229 1465 1421 1537 ἔσομαι
1459 1467 1546 1520 ἐπ’
1578 1468 1744 1539 αύτῷ.
1789 1488 1808 1522 ι

221 1555 335 1608 Καὶ
367 1554 422 1608 τί
457 1554 519 1608 τὸ
565 1553 710 1625 μενῶ
740 1553 1056 1625 σημαίνειεν
1080 1556 1179 1622 ἀν;
1216 1558 1288 1611 Ἦ
1321 1558 1496 1614 ἐκεῖνό
1538 1576 1638 1613 που
1679 1561 1814 1614 πάν-

217 1665 351 1714 τως,
380 1648 411 1702 δ
449 1649 546 1702 καὶ
569 1651 597 1702 ό
625 1648 911 1710 Θεσπέσιος
937 1645 1041 1718 ἔφη
1070 1650 1256 1704 Δαόίδο
1298 1669 1317 1703 ι
1367 1651 1687 1722 ’Υπομένων
1713 1654 1814 1708 ὕπ-

217 1740 416 1812 έμεινα
442 1741 536 1794 τὸν
557 1743 778 1812 Κύριον,
815 1743 910 1797 καὶ
935 1743 1203 1816 προσέσχε
1234 1760 1344 1812 μοι.
1373 1761 1392 1795 t
1431 1742 1724 1814 ’Υπομένει
1754 1743 1811 1798 δὲ

214 1831 309 1884 εδν
346 1831 574 1902 Κύριον,
614 1835 647 1887 ό
684 1833 752 1886 τὰ
787 1834 937 1905 αύτῷ
966 1833 1229 1888 δοκοῦντα
1266 1835 1484 1904 φρονεῖν
1511 1836 1804 1905 ᾑρημένος,

1929 647 2050 702 duci
2088 658 2144 702 et
2187 647 2330 704 ﬂecti
2363 653 2590 720 possint,
2624 668 2687 707 ex
2731 652 2814 708 his
2846 655 3012 708 etiam
3043 652 3200 707 vobis
3234 651 3498 722 propheta

1928 739 2085 794 Iidem
2137 739 2318 796 facere
2359 752 2604 797 conatur.
2648 743 2927 799 Allocutus
2965 751 3050 800 est
3089 744 3234 799 enim
3258 759 3354 798 eos
3376 746 3499 797 uni-

1924 845 2208 886 versorum
2259 831 2402 890 Deus
2453 835 2520 889 de
2575 836 2928 890 Emmanuele
2963 834 3288 890 :Dominttm
3324 835 3500 906 ipsum

1923 932 2112 978 sancte
2165 923 2348 993 colite,
2410 935 2465 980 et
2524 926 2613 982 ille
2663 928 2769 982 erit
2828 936 2950 981 tuus
3006 928 3192 982 timor.
3247 927 3309 981 Et
3363 928 3408 982 si
3449 926 3498 982 ei

1921 1014 2158 1072 conlisus
2185 1017 2283 1082 sis,
2321 1017 2427 1072 erit
2459 1017 2553 1072 tibi
2590 1019 2642 1072 in
2677 1017 3187 1076 sanctiﬁcationem.
3218 1017 3282 1072 Hi
3316 1029 3497 1073 autem

1920 1119 2226 1162 sermonem
2281 1107 2442 1178 hujus
2509 1109 2860 1180 mystagogiae
2918 1109 3149 1164 libenter
3205 1110 3495 1164 admodum

1919 1199 2268 1255 admittentes
2291 1239 2308 1264 ,
2361 1200 2571 1269 abiecta
2626 1201 2771 1255 omni
2801 1201 3147 1256 cunctatione
3177 1200 3498 1270 pollicentur

1917 1290 2284 1346 obedientiam
2317 1309 2332 1359 ;
2377 1302 2433 1348 et
2487 1308 2702 1348 omnem
2739 1293 2792 1348 in
2827 1307 2892 1348 co
2921 1296 3069 1364 speiu
3104 1302 3383 1362 ponentes,
3415 1295 3498 1348 di-

1923 1392 2051 1437 cunt
2080 1402 2094 1438 :
2151 1401 2171 1436 t
2212 1384 2549 1455 Exspectabo
2576 1385 2742 1440 Deum
2778 1387 2867 1456 qui
2896 1385 3091 1440 avertit
3119 1384 3307 1439 faciem
3341 1401 3492 1440 suam

1915 1488 1944 1527 a
1993 1475 2154 1529 domo
2179 1473 2368 1542 Jacob,
2399 1485 2454 1529 et
2480 1475 2746 1530 confidam
2777 1476 2848 1529 ei.
2894 1494 2911 1527 ι
2960 1475 3023 1529 Et
3051 1476 3178 1545 quid
3218 1476 3492 1545 signiﬁcat

1915 1565 2092 1620 illud:
2149 1560 2537 1636 Exspectabo?
2588 1565 2734 1622 Num-
2787 1568 2837 1621 id
2890 1566 3114 1622 omnino
3154 1567 3296 1636 quod
3327 1568 3490 1622 etiam

1913 1654 2130 1710 divinus
2184 1655 2350 1709 David
2412 1654 2679 1710 dicebat:
2735 1673 2754 1706 ι
2793 1653 3128 1724 Exspectaus
3177 1652 3490 1722 exspectavi

1914 1746 2236 1812 Dominum,
2267 1758 2322 1802 et
2351 1747 2580 1802 intendit
2615 1747 2746 1800 ntihi
2795 1745 2880 1800 ὀἳ
2917 1765 2936 1798 ι
2973 1744 3262 1814 Exspectat
3308 1754 3488 1798 autem

1917 1835 2103 1900 Deum,
2149 1836 2239 1905 qui
2277 1851 2472 1891 curare
2509 1851 2571 1889 ea
2601 1835 2715 1889 vult
2742 1850 2862 1904 qua:
2890 1835 2988 1904 ipsi
3019 1833 3255 1904 placent,
3287 1845 3341 1889 et
3367 1835 3488 1904 ejus

216 1923 314 1976 καὶ
367 1925 486 1986 τοῖς
538 1923 704 1978 αὐτοῦ
753 1924 984 1996 νεύμασι
1039 1924 1474 1988 κατακολουθῶν,
1519 1925 1713 1996 ἥδιστά
1748 1942 1804 1978 τε

1911 1930 2064 1983 nutu'i
2091 1901 2432 1998 obsequitur,
2456 1929 2656 1998 quippe
2679 1901 2840 1999 ια
2856 1901 2952 1998 pro
2969 1901 3166 1997 pietate
3187 1901 3488 1981 certamina

212 2014 336 2068 λίαν
395 2016 528 2079 τοὺς
567 2015 706 2086 ὑπὲρ
743 2017 844 2088 τῆς
887 2019 968 2081 είς
1007 2019 1169 2072 αὐτὸν
1203 2019 1481 2083 εὐσεϐείας
1518 2018 1808 2089 ὑπομένων

213 2106 462 2174 ἀγῶνας.
489 2107 630 2177 Πρὸς
654 2107 762 2180 γάρ
789 2125 874 2160 τοι
903 2109 1062 2162 τοῦτο
1083 2111 1300 2175 αὐτοὺς,
1329 2109 1418 2162 διὰ
1439 2109 1538 2180 τῆς
1564 2109 1660 2163 τοῦ
1680 2108 1810 2178 ψάλ-

213 2199 404 2264 λοντος
436 2200 619 2270 φωνῆς
648 2199 982 2272 παροτρύνει
1013 2201 1073 2255 τὺ
1095 2201 1320 2272 Πνεῦμα
1346 2201 1525 2271 λέγον·
1560 2220 1580 2253 ι
1601 2187 1809 2272 Ἀνδρί-

214 2291 334 2358 ζου,
381 2291 481 2345 καὶ
523 2290 905 2364 κραταιούσθω
936 2293 971 2363 ή
1001 2292 1202 2366 καρδία
1235 2310 1352 2357 σου,
1389 2293 1484 2346 καὶ
1514 2293 1808 2364 ὑπόμεινον

213 2383 305 2436 τὸν
341 2382 573 2455 Κύριον.
611 2401 633 2436 ι
679 2385 968 2455 Ὑπομενῶ
999 2385 1198 2451 τοίνυν,
1235 2385 1390 2456 φησὶ,
1418 2385 1511 2440 τὸν
1545 2385 1680 2440 Θεὸν
1714 2384 1807 2439 τὸν

213 2469 640 2540 ἀποστρέψαντα
686 2471 748 2525 τὸ
802 2472 1094 2543 πρόσωπον
1149 2472 1315 2526 αὑτοῦ
1369 2475 1478 2528 ἀπὸ
1524 2474 1618 2528 τοῦ
1654 2475 1806 2528 οῐκου

224 2560 447 2614 Ἰακώό.
490 2559 682 2634 ’Δθρει
725 2562 790 2634 δὴ
822 2559 916 2617 οὖν
955 2563 1110 2636 ἄθρει
1154 2566 1290 2636 πρὸς
1324 2568 1446 2630 ταῖς
1477 2565 1805 2630 εύπειθείαις

212 2651 379 2704 πόσον
413 2651 596 2724 ἔχουσι
623 2655 684 2708 τὸ
715 2655 983 2726 νουνεχές.
1025 2655 1118 2722 Ἐξ
1153 2650 1229 2710 ὧν
1271 2656 1380 2729 γὰρ
1413 2658 1592 2729 ἕτεροι
1631 2674 1804 2729 προσ-

209 2745 574 2814 κεκρούκασι,
603 2747 698 2800 καὶ⁵
740 2747 806 2818 δὴ
840 2748 936 2802 καὶ
967 2749 1266 2804 πεπόνθασι
1307 2749 1402 2804 τοῦ
1439 2751 1586 2804 θείου
1630 2767 1802 2821 προσ-

207 2835 362 2891 ώπου
399 2839 503 2909 τήν
531 2840 901 2913 ἀποστροφὴν,
924 2841 1015 2896 διὰ
1034 2841 1238 2896 τούτων
1266 2842 1443 2896 αὐτῶν
1471 2841 1804 2912 ἀσφαλεστέ-

209 2945 311 2999 ρας
339 2930 674 3001 ἐργάζονται
699 2931 798 2996 τὰς
815 2933 1027 2988 ἑαυτῶν
1051 2934 1298 3006 καρδίας,
1331 2935 1468 3006 πρὸς
1497 2935 1596 3006 τὴν
1625 2937 1705 2999 είς
1734 2935 1804 2989 τά

203 3021 424 3092 ἀμείνω
461 3022 654 3094 ῥοπήν.
685 3023 901 3077 Δεδίασι
939 3023 1048 3096 γάρ
1079 3025 1189 3078 τῶν
1226 3025 1386 3079 θείων
1411 3025 1676 3097 ὀμμάτων
1699 3025 1801 3098 τὴν

203 3113 588 3184 ἀποστροφήν.
646 3115 1173 3187 Ἀπροσωπόληπτος
1223 3116 1333 3186 γὰρ
1375 3119 1406 3171 ὁ
1449 3118 1661 3190 κριτὴς,
1708 3118 1804 3172 καὶ

202 3205 303 3259 ούκ
327 3207 402 3260 ἂν
446 3207 740 3264 ὲνδοιάσειέ
783 3225 868 3273 τις
893 3210 974 3262 ὅτι
1011 3208 1187 3281 πάντη
1219 3225 1279 3263 τε
1322 3209 1416 3264 καὶ
1441 3209 1658 3274 πάντως
1687 3213 1802 3276 τοῖς
1827 3233 1871 3292 α

202 3299 444 3353 ἑκάστου
472 3300 693 3371 τρόποις
725 3300 1048 3372 πρεπόντως
1074 3317 1134 3354 τε
1165 3301 1260 3354 καὶ
1282 3301 1506 3365 εἰκότως
1534 3302 1567 3374 ή
1595 3305 1799 3374 χαριεῖ-

201 3408 292 3443 ται
319 3391 417 3445 τὸν
451 3391 690 3457 ἔπαινον,
719 3393 886 3463 ήγουν
930 3391 1138 3444 ἐποίσει
1182 3393 1282 3465 τὴν
1305 3392 1482 3464 δίκην.
1528 3393 1636 3446 Καὶ
1673 3395 1798 3457 τοὺς

207 3481 308 3551 μὲν
344 3484 472 3546 ταῖς
505 3483 812 3546 ἀπειθείαις
844 3482 1216 3554 ἑξυὸρικότας,
1256 3484 1361 3550 ἔξω
1402 3501 1462 3538 τε
1502 3483 1797 3555 προσώπου

206 3576 518 3646 ποιήσεται,
547 3575 642 3629 καὶ
683 3576 947 3646 ἡγήσεται
971 3576 1290 3646 στυγητούς.
1319 3575 1456 3639 Τούς
1496 3593 1559 3644 γε
1594 3577 1700 3648 μὴν
1729 3578 1794 3648 τῇ

207 3665 390 3718 πίστει
420 3666 806 3738 τετιμηκότας,
838 3667 1103 3738 ἡγήσεται
1137 3667 1234 3737 μὲν
1251 3669 1326 3730 ὡς
1349 3668 1667 3736 ἀγαπητοὺς
1696 3684 1797 3738 τη-

209 3753 445 3826 ροῦντας
473 3756 573 3827 τήν
603 3756 804 3821 πίστιν,
833 3759 1314 3828 ἀποστραφήσεται
1340 3757 1400 3811 δὲ
1455 3757 1716 3828 μεθέντας
1735 3757 1799 3811 τὸ

210 3850 464 3920 γνήσιον,
494 3849 588 3902 καὶ
618 3850 677 3902 ὲν
711 3849 811 3919 τσῳ
840 3851 1107 3920 ἡγήσεται
1143 3851 1256 3911 τοῖς
1303 3849 1427 3918 μηδ’
1461 3848 1596 3912 ὅλως
1630 3866 1796 3902 πεπι-

209 3940 520 4005 πευκόσιν,
576 3941 610 4012 ἢ
660 3940 800 4010 τάχα
853 3957 956 3992 που
996 3940 1090 3993 καὶ
1131 3941 1188 3992 ὲν
1220 3939 1448 4011 χείροσι.
1485 3940 1795 4010 Γέγραπται

206 4031 317 4104 γὰρ
364 4032 502 4102 περί
548 4049 728 4086 τινωνο
765 4050 787 4082 ι
819 4033 1082 4104 Κρεῖττον
1119 4030 1226 4100 γὰρ
1268 4026 1337 4101 ἦν
1379 4031 1562 4093 αὐτοῖς
1590 4031 1664 4102 μὴ
1693 4033 1794 4084 ὲίτις⁴

206 4125 516 4192 εγνωκέναι
566 4123 666 4195 τὴν
707 4123 824 4179 ὁδὸν
865 4125 964 4192 τῆς
996 4123 1274 4192 ἀληθείας,
1307 4124 1342 4193 ἢ
1374 4121 1684 4191 ἐπιγνοῦσιν
1715 4125 1794 4186 είς

205 4219 275 4272 τὰ
307 4218 492 4272 όπίσω
532 4215 850 4286 ἀνακάμψαι
887 4215 996 4268 ἀπὸ
1031 4214 1134 4283 τῆς
1181 4213 1576 4284 παραδοθείσης
1612 4213 1795 4276 αὐτοῖς

202 4311 371 4378 ἀγίας
401 4308 644 4378 ἐντολῆς.
680 4326 698 4358 ι

288 4402 459 4456 Ἰδοὺ
486 4401 606 4471 ἐγὼ
641 4401 737 4455 καὶ
775 4401 847 4456 τὰ
873 4400 1079 4454 παιδιά
1112 4399 1150 4454 ἅ
1173 4417 1271 4468 μοι
1298 4397 1520 4451 ἔδωκεν
1551 4400 1585 4450 ό
1627 4397 1790 4463 Θεὸς,

203 4494 302 4546 καὶ
365 4493 544 4546 ἔσται
597 4493 687 4558 εὶς
732 4490 970 4559 σημεῖα,
1031 4489 1128 4543 καὶ
1191 4492 1278 4554 εἰς
1337 4489 1546 4555 τέρατα
1597 4487 1668 4540 ἐν
1714 4485 1793 4556 τῷ

215 4583 463 4649 Ἰσραὴλ
489 4583 647 4651 παρὰ
667 4580 890 4648 Κυρίου
922 4578 1184 4645 Σαϐαὼθ,
1208 4577 1277 4643 ὃς
1298 4575 1644 4631 κατοικεῖέν
1671 4577 1789 4646 ὄρει
1822 4573 1868 4634 D

203 4675 381 4728 Σιών.

277 4764 391 4836 Τὴν
432 4764 602 4834 καλὴν
626 4763 916 4835 ὁμολογίαν
940 4758 1000 4816 εὖ
1030 4761 1173 4832 μάλα
1201 4760 1536 4832 διῃρηκότων
1561 4759 1788 4830 (ἔφασαν

204 4858 336 4928 γάρ’
372 4878 390 4908 ι
413 4857 575 4911 Μενῶ
589 4856 678 4909 τὸν
704 4856 836 4910 Θεὸν
852 4856 943 4908 τὸν
971 4853 1388 4924 ἀποστρέψαντα
1417 4853 1475 4906 τὸ
1500 4852 1788 4922 πρόσωπον

203 4950 373 5003 αὑτοῦ
404 4949 514 5003 ἀπὸ
532 4948 625 5002 τοῦ
652 4951 801 5002 οἴκου
835 4945 1050 5007 Ἰακὼϐ,
1075 4947 1166 4998 καὶ
1188 4943 1459 5008 πεποιθὼς
1481 4943 1674 5014 ἔσομαι
1699 4943 1786 4996 ἐπ’

203 5043 358 5113 αὐτῷ
389 5041 437 5111 ν)
457 5041 798 5111 παραχρῆμα
816 5039 878 5092 τὸ
909 5037 1072 5092 αὑτοῦ
1101 5036 1391 5108 πρόσωπον
1419 5034 1662 5106 είσφέρει
1691 5034 1786 5088 τοῦ

213 5132 590 5204 Ἐμμανουήλ,
622 5134 734 5194 τοῖς
771 5132 856 5183 ἐπ’
888 5129 1037 5200 αὐτῷ
1074 5129 1172 5200 τὴν
1198 5127 1386 5180 ἐλπίδα
1416 5126 1664 5198 θεμένοις
1690 5144 1789 5196 χα·

203 5226 498 5298 ριζομένου
541 5225 639 5296 τὴν
675 5223 1006 5296 οἰκειότητα,
1036 5221 1194 5290 δῆλον
1231 5219 1288 5272 δὲ
1331 5221 1411 5273 ὅτι
1447 5219 1544 5290 τήν
1580 5217 1667 5271 διὰ
1697 5216 1790 5270 τοῦ

204 5319 545 5387 Πνεύματος.
587 5317 778 5386 Ἐνῆκε
807 5315 917 5387 γὰρ
939 5315 1113 5385 sum
1145 5312 1274 5374 Υἱὸς
1299 5310 1361 5363 τὸ
1389 5309 1516 5362 ἴδιον
1545 5309 1786 5380 πνεῦμα,

203 5415 300 5465 καὶ
326 5413 516 5464 οἰκεῖοι
549 5409 855 5478 γεγόναμεν
891 5405 1078 5459 αὐτοῦ’
1105 5403 1201 5458 καὶ
1226 5404 1282 5456 ὲν
1318 5401 1465 5471 αὐτῷ
1487 5401 1782 5472 κράζομεν,

201 5501 349 5556 ἄ66α
375 5504 404 5555 ὁ
436 5501 645 5570 Πατηρο
678 5496 934 5568 ὀνομάζει
957 5495 1135 5548 τοίνυν
1161 5493 1307 5565 ήμᾶς
1330 5489 1516 5543 παιδία
1545 5489 1640 5542 τοῦ
1671 5491 1786 5542 Πα-

202 5597 354 5665 τρὺς,
381 5593 456 5658 ὡς
477 5592 572 5664 τὴν
602 5592 689 5645 διά
714 5589 1024 5661 Πνεύματος
1049 5587 1270 5658 ἔχοντας
1295 5581 1673 5653 ἀναγέννησιν,
1702 5580 1788 5633 ἵνα

204 5689 302 5740 καὶ
332 5685 548 5755 ἀδελφοὶ
576 5682 1003 5757 χρηματίσωμεν
1035 5679 1128 5733 τοῦ
1176 5675 1320 5733 κατὰ
1364 5675 1525 5744 φύσιν
1570 5670 1788 5743 ἀληθῶς

1913 2019 2270 2074 libentissime
2297 2019 2548 2074 sustinet.
2581 2017 2696 2072 Huc
2726 2020 2867 2073 enim
2905 2031 2999 2072 eos
3043 2032 3174 2071 voce
3204 2016 3486 2086 psallentis

1907 2113 2112 2167 excitat
2164 2111 2424 2180 Spiritus,
2473 2111 2727 2180 inquiens
2761 2127 2776 2164 :
2814 2128 2833 2160 ι
2871 2108 3111 2162 Viriliter
3143 2124 3262 2178 age,
3291 2119 3345 2162 et
3366 2123 3487 2162 cor-

1910 2202 2197 2256 robot-etttr
2249 2215 2346 2254 cor
2394 2210 2546 2254 tuum
2575 2242 2588 2266 ,
2625 2209 2681 2254 et
2735 2208 2983 2267 exspecta
3029 2198 3310 2251 Dominum
3359 2198 3474 2251 7°.t

1911 2311 1933 2346 ι
1963 2293 2302 2365 Exspectabo
2332 2312 2352 2346 ι
2383 2293 2568 2362 igitur,
2590 2291 2790 2362 inquit,
2813 2309 2832 2343 ι
2858 2291 3150 2360 Deutu,qui
3185 2291 3383 2345 avertit
3407 2291 3488 2343 fa-

1907 2385 2047 2440 ciem
2075 2399 2230 2440 suatn
2258 2399 2287 2438 a
2318 2383 2481 2439 domo
2501 2381 2692 2438 Jacob.
2721 2401 2739 2434 ι
2769 2381 3009 2437 Observa
3043 2382 3228 2447 igitur,
3255 2383 3483 2436 observa

1908 2488 2107 2549 praeter
2129 2477 2518 2539 obedientiam.
2547 2485 2750 2547 quanta
2775 2477 3060 2546 prudentia
3091 2475 3301 2544 praediti
3335 2487 3481 2530 sunt.

1906 2567 2040 2622 Nam
2077 2568 2220 2623 unde
2255 2568 2436 2622 caeteri
2469 2568 2826 2636 impegerunt,
2856 2576 2910 2620 et
2933 2566 3098 2620 divini
3129 2566 3304 2619 vultus
3327 2581 3483 2619 aver-

1905 2655 2171 2710 sationem
2223 2655 2369 2726 passi
2415 2665 2563 2720 sunt,
2607 2655 2731 2710 inde
2771 2655 2844 2709 illi
2893 2669 3022 2709 suos
3069 2654 3282 2708 animos
3311 2656 3486 2726 magis

1909 2747 2233 2817 tranquillos
2285 2755 2344 2802 et
2396 2747 2575 2801 minus
2629 2746 2868 2802 lubricos
2899 2747 3146 2812 reddunt,
3179 2755 3234 2801 et
3273 2747 3339 2800 ad
3369 2762 3482 2801 tue-

1906 2841 2041 2896 liora
2101 2839 2474 2911 procliviores.
2509 2838 2830 2894 Timuerunt
2862 2839 3128 2908 siquidem
3173 2838 3482 2892 divinorum

1903 2933 2186 2988 Oculorum
2245 2933 2609 2988 aversionem.
2662 2926 2778 2987 Non
2831 2933 2974 2986 enim
3005 2946 3359 3001 personarum
3391 2947 3486 2984 ac.-

1903 3033 2149 3094 ceptator
2179 3033 2263 3080 est
2287 3023 2475 3095 iudex,
2509 3039 2608 3079 nec
2637 3025 2833 3094 cuique
2875 3022 3096 3078 dubium
3133 3038 3254 3077 esse
3283 3031 3480 3092 potest,

1906 3113 2037 3182 quin
2065 3113 2263 3183 ubique
2303 3124 2359 3168 et
2377 3129 2595 3184 seraper
2621 3129 2717 3184 pro
2750 3115 3012 3184 cujusque
3041 3115 3250 3168 meritis
3278 3130 3483 3169 convc-

1904 3207 2120 3261 nientet‘
2145 3215 2199 3262 et
2232 3206 2392 3277 digne
2425 3206 2506 3262 vel
2543 3206 2754 3262 laudem
2781 3207 3008 3269 tribuat,
3039 3207 3120 3260 vel
3154 3206 3479 3276 supplicium

1904 3291 2104 3346 inferat
2135 3308 2152 3355 ;
2205 3301 2259 3346 et
2287 3294 2378 3362 qui
2414 3309 2479 3347 ex
2516 3293 2880 3348 obstinatitiue
2908 3295 3144 3364 p’rolervi
3183 3295 3418 3356 fuerunt,
3449 3311 3479 3349 a

1899 3393 2192 3454 conspectu
2245 3385 2570 3449 removebit,
2602 3395 2657 3440 et
2685 3387 2810 3441 odio
2839 3387 3031 3455 dignos
3060 3385 3344 3451 indicabit.
3373 3385 3478 3454 Qui

1898 3489 2030 3530 vero
2091 3475 2196 3530 fide
2248 3476 2551 3544 coluerunt,
2603 3478 2800 3532 charos
2851 3478 3069 3532 habebit
3116 3493 3211 3532 eos
3261 3479 3350 3546 qui
3411 3478 3478 3531 fi-

1900 3568 2020 3620 dem
2063 3574 2320 3632 servant;
2357 3576 2411 3619 at
2439 3567 2531 3634 qui
2574 3567 2714 3620 hanc
2749 3567 3133 3636 ingenuitatem
3165 3567 3480 3634 relinquun;

1898 3663 1955 3709 et
1994 3656 2278 3722 alujiciunt,
2311 3665 2520 3710 avertet
2556 3671 2672 3723 eos,
2703 3658 2817 3725 pari
2852 3672 2914 3710 ac
2944 3655 3124 3724 peiore
3156 3657 3334 3711 forsas
3359 3657 3478 3710 loco

1899 3746 2115 3802 habebit
2165 3763 2328 3818 quant
2369 3749 2462 3817 qui
2509 3763 2783 3817 nunquam
2828 3749 3052 3802 omnino
3103 3749 3471 3802 crediderunt.

1899 3839 2170 3908 Scriptum
2205 3849 2291 3894 est
2317 3839 2464 3893 enim
2490 3838 2557 3893 de
2587 3839 2909 3908 quihusdam
2939 3860 2952 3894 ι
2999 3858 3018 3890 t
3055 3839 3236 3894 Satius
3263 3851 3379 3893 crat
3414 3840 3477 3893 ii-

1898 3932 1964 3986 lis
1997 3933 2136 3986 viam
2169 3933 2415 3986 veritatis
2446 3947 2550 3986 non
2578 3931 2887 4002 agnovisse,
2908 3946 3092 4001 quam,
3119 3931 3205 3982 ubi
3241 3946 3474 4000 agnove—

1899 4025 2026 4089 rint,
2059 4025 2303 4079 converti
2344 4027 2410 4078 ab
2439 4041 2504 4078 eo
2541 4024 2681 4092 quod
2720 4024 2824 4077 illis
2867 4022 3119 4076 traditum
3154 4022 3250 4074 fttit
3285 4030 3473 4076 sancto

1898 4130 2167 4185 praecepto
2192 4118 2256 4168 ⁷¹.
2302 4138 2317 4167 ι

1970 4407 2133 4461 Vens.
2169 4405 2251 4458 i8.
2293 4403 2423 4456 Ecce
2448 4420 2539 4472 ego
2569 4413 2616 4456 et
2641 4404 2786 4470 pueri
2816 4419 2942 4472 quos
2976 4403 3100 4454 mihi
3133 4403 3269 4454 dedit
3309 4399 3467 4467 Dens,

1895 4508 1941 4550 et
1969 4505 2121 4550 erunt
2149 4497 2298 4562 signa
2325 4507 2368 4546 ct
2397 4505 2598 4546 ostenta
2631 4497 2683 4547 ίνι
2712 4491 2882 4546 Israel
2907 4511 2942 4547 η,
2965 4493 3184 4545 Domino
3214 4490 3467 4551 Sabaoth,

1893 4590 1981 4657 qui
2013 4587 2214 4639 habitat
2248 4587 2302 4638 in
2336 4599 2504 4638 monte
2536 4582 2684 4637 Sion.

1968 4759 2260 4826 Postquam
2335 4756 2648 4826 praeclaram
2733 4755 3127 4809 confessionem
3177 4753 3474 4808 edidissent

1894 4854 2168 4924 (dixerant
2211 4850 2353 4904 enim
2383 4868 2396 4904 :
2428 4867 2446 4899 ι
2480 4847 2812 4918 Exspectabo
2845 4847 3007 4900 Deum
3043 4846 3130 4914 qui
3161 4847 3352 4900 avertit
3385 4845 3469 4900 fa-

1895 4946 2031 5000 ciem
2060 4957 2212 4998 suam
2260 4957 2289 4995 a
2325 4941 2484 4995 domo
2517 4938 2705 5002 Iacob,
2742 4948 2797 4992 et
2825 4937 3090 4992 confidant
3131 4937 3204 4992 illi
3238 4935 3310 5008 ι),
3345 4953 3469 4992 ιιιοκ

1894 5051 2178 5108 personam
2233 5034 2404 5106 ipsius
2461 5030 2828 5086 Emtuanuelis
2881 5029 3217 5095 introducit,
3265 5030 3355 5100 qui
3415 5031 3468 5084 itt

1895 5132 2011 5200 ipso
2041 5142 2190 5198 spem
2231 5123 2631 5180 Collocantibus
2657 5122 3094 5190 coniunctionem
3129 5122 3469 5192 spiritualem

1894 5221 2147 5276 videlicet
2193 5216 2455 5284 indulget.
2493 5213 2692 5268 Eiiudit
2733 5215 2876 5268 enim
2917 5212 3082 5268 Filius
3113 5228 3264 5267 suum
3295 5211 3469 5282 Spiri-

1895 5325 2006 5366 tum
2057 5312 2110 5366 itt
2155 5325 2273 5372 nos,
2326 5317 2380 5362 et
2408 5308 2559 5374 quasi
2595 5305 2878 5360 domestici
2911 5320 2974 5359 ac
3002 5304 3177 5358 intimi
3222 5303 3352 5357 facti
3379 5320 3469 5358 su-

1898 5415 2039 5463 mus,
2081 5399 2132 5452 itt
2191 5400 2416 5466 ipsoque
2468 5393 2806 5448 clamamus:
2841 5393 3017 5457 Abba,
3063 5392 3244 5448 Pater.
3292 5390 3468 5459 Quare

1895 5503 2094 5560 pueros
2124 5487 2215 5542 Dei
2247 5496 2301 5541 et
2332 5483 2511 5538 Patris
2538 5498 2637 5538 nos
2669 5491 2844 5550 vocat,
2879 5492 3064 5552 utpote
3103 5483 3468 5552 regeneratio-

1897 5597 2018 5635 nem
2073 5595 2168 5649 per
2208 5577 2468 5648 Spiritum
2514 5574 2792 5640 habentes,
2835 5583 2893 5628 ut
2930 5584 2982 5630 et
3013 5573 3212 5629 fratres
3235 5571 3351 5639 ejus
3373 5568 3465 5638 qui

1897 5681 2090 5726 natura
2142 5684 2268 5725 vero
2323 5680 2407 5724 est
2457 5666 2643 5732 Ftiius,
2698 5681 3089 5736 nuncupentur.
3131 5663 3275 5719 Dixit
3319 5661 3466 5714 enim

275 5850 327 5882 '°
352 5849 488 5907 Dial.
519 5863 700 5914 xxxix,
726 5850 776 5904 l.
852 5846 896 5878 τ’
920 5852 932 5866 '
960 5843 1101 5902 i'sal.
1131 5855 1280 5907 xxvt,
1313 5839 1395 5896 Η.
1477 5838 1519 5871 "
1544 5835 1586 5891 ll
1613 5838 1754 5894 l‘etr.
1783 5851 1845 5902 tt,
1866 5833 1955 5900 20,
1987 5834 2078 5892 2i.
