4134 6504
682 413 790 474 ιω
1663 404 1722 458 s.
1764 400 2040 458 CYRILLI
2079 397 2548 455 ALEXANDRINI
2587 395 2908 455 ARCHIEP.
3817 403 3903 461 tuo

686 542 822 582 voce
855 519 1136 594 psallentis
1169 537 1182 574 :
1216 536 1234 569 ι
1263 516 1613 574 Annttntiabo
1659 532 1860 573 nomen
1903 525 2050 571 tuum
2089 515 2263 568 tratri-
2291 523 2318 580 Α

2291 523 2336 580 Α
2368 515 2516 569 Υίοῦ.
2550 517 2694 587 Ἔφη
2727 514 2834 587 γὰρ
2858 514 2948 570 διὰ
2970 515 3071 588 τῆς
3091 517 3186 571 τοῦ
3207 517 3520 582 Ψὰλλοντος
3542 515 3735 588 φωνῆς’
3762 540 3776 569 ι
3805 521 3903 577 Ἀπ-

688 621 791 676 bus
820 617 953 671 meis
981 615 1052 667 ".
1101 630 1120 664 ι
1165 609 1360 666 Verum
1393 611 1671 666 enimvero
1703 611 1826 666 licet
1855 610 2025 664 frater
2063 606 2257 669 factus,

2368 607 2583 677 αγγελῶ
2612 608 2672 662 τὸ
2711 609 2883 679 ὃνομά
2915 625 3011 662 σου
3033 612 3145 674 τοῖς
3188 609 3443 678 ἀδελφοῖς
3485 626 3608 680 μου.
3646 627 3664 659 ι
3701 610 3829 680 Πλὴν
3867 617 3904 668 εί

685 720 740 764 et
789 703 1178 778 primogenitus
1214 713 1464 758 nostrum
1499 715 1717 772 propter
1749 700 2142 756 humanitatem
2176 697 2260 751 di-

2364 700 2458 752 xa‘t
2480 699 2700 768 γέγονεν
2723 698 2968 768 ἀδελφὸς,
2996 701 3092 754 κα³ι
3117 702 3528 772 κεχρημάτικεν
3557 700 3706 771 ἡμῶν
3735 706 3904 772 προπό-

685 808 804 853 ctus
847 798 939 860 sit,
984 795 1199 850 tametsi
1240 794 1382 850 Deus
1418 794 1490 850 sit
1517 803 1570 849 et
1603 793 1772 848 Filius
1791 792 2048 862 unigena,
2081 799 2260 844 tamen

2364 809 2520 856 τοκος
2552 790 2641 844 διὰ
2671 791 2731 844 τὸ
2774 791 3136 863 ἀνθρώπινον,
3165 793 3340 847 καίτοι
3370 791 3504 854 Θεὸς
3535 792 3802 864 ὑπάρχων,
3833 798 3903 850 καὶ

688 891 846 964 145
864 891 1089 960 gloriam
1109 889 1248 957 ejus,
1267 900 1322 943 et
1340 902 1502 958 super
1517 903 1732 943 omnem
1755 897 2064 942 creaturam
2080 884 2231 940 excel
2247 913 2264 925 -

2366 883 2493 946 Υἱὸς
2532 885 2850 957 μονογενὴς,
2880 884 2996 938 ἀλλ’
3025 886 3125 939 οὐκ
3151 887 3507 966 ἡγνοήκσμεν
3544 885 3706 941 αὐτοῦ
3733 887 3819 959 τὴν
3841 889 3903 943 δό-

683 983 906 1038 lentiam
932 998 1038 1036 non
1076 982 1412 1050 ignoramus.
1449 980 1664 1034 Scimus
1703 995 1831 1034 vero
1855 993 1953 1032 nos
1978 979 2077 1048 ipsi
2103 975 2264 1031 aDeo

2368 973 2482 1041 ξαν,
2505 975 2600 1029 καὶ
2620 975 2716 1046 τὴν
2737 976 2877 1030 κατὰ
2903 978 3086 1048 πάσης
3109 978 3338 1040 κτίσεως
3361 979 3656 1047 ὑπεροχήν.
3685 981 3903 1049 Ἰσμενδὲ

685 1087 742 1131 et
784 1075 949 1130 l’atre
997 1075 1247 1128 donatos.
1285 1074 1402 1141 Quo
1435 1074 1550 1144 ipse
1583 1075 1855 1129 invenitur
1887 1072 2034 1128 Patri
2069 1083 2122 1128 et
2155 1071 2266 1127 Deo

2365 1065 2447 1117 ὅτι
2475 1063 2736 1134 δεδόμεθα
2761 1064 2910 1137 αὐτῷ
2939 1067 3088 1136 παρὰ
3108 1067 3242 1119 Θεοῦ
3275 1066 3366 1119 καὶ
3398 1067 3634 1136 Πατρός.
3665 1068 3764 1121 Καὶ
3782 1069 3905 1125 τοῦτο

685 1168 898 1225 emt-sti
943 1168 1190 1222 dixisse:
1238 1185 1257 1218 ι
1295 1166 1441 1233 Quos
1487 1165 1681 1221 dedisti
1737 1165 1867 1219 mihi
1917 1179 1982 1219 ex
2033 1164 2262 1229 mundo,

2366 1156 2529 1219 αὐτὸς
2558 1157 2872 1228 εὑρίσκεται
2911 1157 3104 1226 λέγων.
3147 1158 3283 1228 πρὸς
3316 1159 3406 1212 τὸν
3452 1160 3511 1213 ὲν
3554 1162 3662 1224 τοῖς
3699 1161 3904 1232 οὐρανοῖς

689 1263 763 1315 ιιιί
812 1272 990 1324 erant,
1033 1269 1087 1312 et
1119 1258 1249 1313 mihi
1287 1258 1406 1312 illos
1437 1258 1634 1311 dedisti
1667 1257 1735 1313 ⁷³.
1771 1276 1788 1308 ι
1829 1256 2088 1311 Dominus
2119 1254 2264 1308 enim

2367 1247 2586 1318 Πατέρα
2623 1248 2719 1303 καὶ
2747 1248 2898 1302 Θεόν·
2934 1269 2952 1301 ι
2989 1248 3096 1314 Οὓς
3124 1249 3361 1313 δέδωκάς
3405 1267 3498 1321 μοι
3527 1251 3593 1304 ἐκ
3622 1251 3709 1304 τοῦ
3738 1254 3904 1324 κόσμου

687 1355 930 1410 omnium
988 1361 1070 1408 est
1119 1362 1311 1406 natura
1357 1351 1551 1415 Filius,
1585 1361 1640 1405 et
1683 1350 1738 1404 in
1772 1348 1954 1405 omnia
1989 1364 2109 1418 qua:
2137 1356 2264 1402 sunt

2368 1338 2450 1390 σοὶ
2485 1333 2646 1410 ἦσαν,
2693 1340 2861 1410 κάμοὶ
2902 1341 3098 1404 αὐτοὺς
3133 1341 3358 1404 ἔδωκας.
3406 1360 3424 1392 ι
3477 1340 3674 1412 Κύριος
3709 1345 3796 1414 μὲν
3822 1346 3905 1419 γὰρ

686 1458 898 1512 creata,
947 1461 1069 1500 cum
1109 1445 1216 1499 Deo
1265 1451 1320 1498 et
1370 1442 1530 1497 Patre
1569 1457 1789 1512 regnum
1823 1442 2052 1496 obtinet.
2079 1441 2149 1493 At
2176 1439 2266 1494 nhi

2365 1430 2474 1482 τῶν
2507 1430 2646 1484 ὅλων
2681 1432 2800 1485 ἐστὶ
2842 1432 2983 1486 κατὰ
3019 1431 3178 1500 φύσιν
3205 1434 3235 1486 6
3269 1432 3416 1486 Υἱός·
3463 1433 3558 1486 καὶ
3590 1435 3909 1508 συγκατάρχει

690 1542 858 1596 homo
908 1539 1080 1593 factus
1105 1547 1212 1603 est,
1239 1537 1324 1591 eui
1365 1537 1546 1590 munia
1578 1535 1880 1604 adiudicata
1907 1542 2033 1588 sunt
2062 1543 2116 1586 et
2143 1533 2267 1586 data

2369 1523 2568 1586 παντὸς
2594 1523 2820 1595 γενητοῦ
2857 1525 2936 1595 τῷ
2964 1525 3084 1595 Θεῷ
3123 1528 3216 1579 καὶ
3265 1527 3463 1598 Πατρί.
3509 1527 3720 1600 Ἐπειδὴ
3741 1530 3823 1582 καὶ
3840 1532 3909 1599 γέ·

685 1634 967 1697 dirinitus,
1018 1632 1267 1699 accipere
1309 1630 1508 1684 dicitur
1544 1645 1605 1682 ea
1645 1643 1873 1696 quorum
1914 1624 2124 1680 exsistit
2166 1625 2266 1678 Do-

2368 1633 2523 1686 γονεν
2553 1616 2858 1686 ἄνθρωπος,
2892 1611 2938 1685 ᾧ
2979 1618 3156 1670 πάντα
3201 1617 3320 1671 ἐστὶ
3361 1617 3617 1671 θεόσδοτα
3655 1621 3742 1673 καὶ
3767 1622 3908 1674 εἶσκε-

687 1726 866 1779 minus
909 1732 966 1775 ιιι
996 1721 1138 1777 Deus
1181 1737 1198 1775 :
1262 1740 1280 1773 ι
1315 1720 1534 1776 Postulo
1582 1720 1752 1784 enim,
1789 1719 1985 1787 inquit,
2017 1734 2045 1771 a
2075 1732 2180 1782 me,
2213 1726 2268 1771 et.

2369 1707 2604 1779 κριμένα
2632 1706 2847 1776 λέγεται
2878 1708 3083 1771 λαϐεῖν,
3117 1702 3190 1761 ὧν
3231 1708 3445 1778 ὑπῆρχε
3483 1707 3666 1778 κύριος
3694 1710 3762 1765 ὡς
3786 1712 3905 1775 Θεόέ·

686 1814 824 1868 dabo
882 1812 977 1866 tibi
1035 1821 1224 1882 gentes
1283 1811 1655 1865 haereditatem
1695 1819 1860 1874 tuam,
1893 1815 1947 1862 et
1980 1808 2270 1877 possessio-
2300 1871 2318 1882 -

2300 1871 2339 1882 ἢ
2373 1820 2391 1850 ι
2422 1801 2652 1871 Ait-qaut
2686 1799 2814 1870 γὰρ,
2852 1818 2868 1849 ι
2909 1801 3062 1871 φησι,
3105 1817 3125 1852 ι
3163 1800 3292 1870 παρ’
3326 1799 3488 1870 ἐμοῦ,
3534 1802 3625 1853 καὶ
3665 1800 3804 1855 δώσω
3847 1820 3909 1857 σοι

686 1920 809 1960 nem
844 1915 986 1955 tuam
1013 1903 1276 1956 terminos
1304 1913 1461 1956 terra:
1501 1899 1567 1952 ⁷⁸.
1603 1920 1620 1951 ι
1656 1899 1904 1954 Exsultat
1936 1914 2066 1968 ergo
2099 1899 2150 1952 in
2185 1897 2269 1952 ltis
2300 1871 2318 1925 1

2300 1871 2341 1925 Β
2370 1894 2498 1965 ἔθνη
2537 1893 2636 1965 τὴν
2675 1893 3041 1967 κληρονομίαν
3071 1910 3186 1956 σου,
3229 1893 3322 1947 καὶ
3361 1891 3460 1964 τὴν
3494 1894 3803 1965 κατάσχεσίν
3837 1913 3908 1952 σου

687 1997 780 2066 ιιιιί
849 1997 922 2049 illi
976 1995 1168 2058 ﬁdunt,
1222 1995 1276 2049 id
1330 2003 1434 2058 est,
1476 1995 1527 2046 iu
1577 1994 1663 2048 his
1698 1993 1788 2064 qui
1846 1994 2019 2047 vocati
2050 2003 2168 2046 sunt
2201 1991 2269 2046 ad

2369 1983 2436 2037 τὰ
2464 1984 2676 2055 πέρατα
2709 1983 2808 2053 τῆς
2848 1983 2975 2053 γῆς.
3011 2003 3029 2036 ι
3086 1985 3476 2054 Ἐπιγὰννυται
3515 1985 3690 2038 τοίνυν
3717 1988 3815 2050 τοῖς
3842 1989 3907 2040 ἐπ’

691 2089 1022 2158 agnitionem
1055 2087 1303 2142 veritatis
1358 2103 1451 2156 per
1489 2087 1682 2149 tidem,
1737 2097 1791 2140 et
1841 2101 2002 2139 manu
2061 2094 2270 2138 tantum

2370 2077 2522 2147 αὐτῷ
2562 2076 2898 2136 πεποιθόσιν,
2944 2075 3089 2128 τοῦτ’
3121 2076 3258 2141 ἐστι,
3309 2079 3422 2140 τοῖς
3469 2076 3805 2147 κεκλημένοις
3847 2079 3907 2142 είς

692 2195 796 2234 non
833 2187 1084 2246 protensa
1135 2193 1228 2231 eos
1279 2185 1546 2230 monstrat
1594 2175 1819 2231 dicens:
1854 2194 1871 2226 ι
1911 2175 2050 2230 Ecce
2081 2190 2181 2244 ego
2215 2184 2270 2228 et

2371 2170 2670 2238 ἐπίγνωσιν
2701 2167 2960 2238 ἀληθείας
3003 2167 3092 2222 διὰ
3129 2169 3227 2240 τῆς
3268 2169 3526 2233 πίστεως
3567 2169 3716 2240 μόνον
3740 2170 3790 2222 δὲ
3818 2172 3909 2241 οὐχι

691 2272 840 2341 pueri
893 2285 1028 2338 quos
1071 2269 1218 2322 dedit
1257 2269 1386 2322 tnilti
1423 2266 1579 2322 Dens.
1608 2286 1626 2317 ι
1663 2266 1796 2334 Quis
1829 2267 1990 2337 igitur
2021 2269 2112 2337 qtti
2149 2268 2266 2321 hinc

2371 2265 2466 2318 καὶ
2489 2267 2649 2334 χεῖρα
2666 2262 2966 2335 προτείνων
2981 2263 3386 2324 καταδείκνυσι,
3410 2263 3603 2332 λέγων’
3629 2282 3648 2315 ι
3687 2265 3801 2318 Ἰδοὺ
3825 2267 3907 2334 ἐγὼ

691 2363 934 2430 loquitur
961 2360 983 2414 ?
1038 2360 1289 2415 videlicet
1338 2359 1680 2424 Emmanuel,
1704 2359 1798 2428 qui
1832 2361 1961 2425 erit,
1991 2358 2185 2428 inquit,
2214 2361 2271 2412 in.

2371 2355 2556 2410 καὶτὰ
2585 2354 2791 2420 παιδία,
2826 2355 2863 2407 ἆ
2899 2371 2988 2425 μοι
3022 2355 3222 2409 ἔδωκεν
3255 2358 3284 2409 ὀ
3308 2356 3464 2420 Θεός.
3499 2375 3516 2408 ι
3549 2355 3644 2420 Τίς
3665 2353 3750 2410 οὖν
3772 2358 3909 2411 ταῦτα

691 2455 844 2523 signa
871 2463 926 2507 et
949 2461 1161 2508 ostenta
1187 2453 1238 2506 in
1263 2452 1445 2516 Israel,
1479 2467 1508 2506 a
1539 2451 1766 2507 Domino
1786 2451 2025 2504 Sabaoth
2051 2451 2141 2519 qui
2168 2451 2267 2504 Ita-

2369 2449 2575 2517 λέγωνς
2606 2449 2634 2500 6
2664 2448 3012 2520 Ἐμμανουήλ
3037 2447 3300 2518 δηλονότι.
3330 2451 3429 2511 ⁸ος
3459 2449 3631 2514 ἔσται,
3661 2452 3824 2520 φησὶν,
3849 2453 3909 2514 εἰς

693 2549 831 2601 bitat
866 2547 917 2599 in
950 2556 1132 2599 monte
1163 2545 1316 2600 Sion.
1356 2545 1487 2599 Nam
1519 2556 1577 2599 ut
1619 2549 1842 2600 credant
1881 2555 2039 2599 teme
2076 2543 2266 2598 incolae

2372 2543 2572 2612 σημεῖα
2607 2541 2703 2594 καὶ
2733 2541 2937 2612 τέρατα
2964 2542 3022 2593 ὲν
3053 2540 3131 2610 τῷ
3172 2541 3389 2612 Ἰσραὴλ
3424 2543 3576 2612 παρὰ
3602 2542 3792 2611 Κυρίου
3829 2541 3909 2594 Σα-

692 2653 816 2692 eum
850 2638 939 2706 qui
974 2649 1164 2691 natura
1205 2637 1348 2693 Deus
1368 2650 1473 2702 est,
1507 2636 1708 2691 factum
1740 2651 1860 2692 esse
1887 2636 2187 2699 hominem,
2214 2645 2269 2690 et

2371 2631 2542 2698 ϐαὼθ,
2571 2632 2630 2695 ὃς
2655 2635 2902 2684 κατοικεῖ
2935 2633 2990 2684 ἐν
3016 2633 3091 2702 τῷ
3116 2632 3231 2703 ὄρει
3259 2632 3422 2690 Σιών.
3457 2634 3572 2686 Ἵνα
3599 2633 3702 2704 γὰρ
3727 2633 3907 2686 πιστεύ-

693 2729 784 2798 qui
839 2727 1208 2781 universitatis
1255 2727 1512 2780 Dominus
1567 2727 1805 2792 exsistit,
1863 2726 2006 2781 servi
2037 2725 2268 2780 formam

2373 2741 2522 2780 σειαν
2552 2725 2604 2777 οἱ
2635 2723 2775 2777 κατὰ
2807 2725 2986 2777 πᾶσαν
3015 2725 3114 2793 τὴν
3143 2728 3270 2796 γῆν,
3298 2726 3380 2779 ὅτι
3410 2727 3543 2789 Θεὸς
3569 2725 3646 2779 ὢν
3668 2727 3809 2796 φύσει
3836 2727 3907 2795 γί-

691 2831 936 2893 gestasse
971 2823 1180 2875 ratione
1208 2820 1629 2888 dispensationis
1669 2835 1781 2874 suae
1809 2828 2030 2888 pr0pter
2057 2833 2179 2882 nos,
2207 2833 2272 2873 ac

2371 2835 2528 2886 γονεν
2549 2817 2853 2888 ἄνθρωπος,
2879 2819 2973 2870 καὶ
2996 2817 3102 2873 τῶν
3140 2819 3280 2872 ὅλων
3310 2820 3575 2892 ὑπάρχων
3597 2819 3800 2891 Κύριος,
3833 2820 3910 2887 τὴν

691 2914 1048 2982 complurima
1096 2927 1193 2983 per
1234 2909 1483 2966 Jtnlteam
1518 2913 1665 2983 signa
1701 2923 1982 2981 operatum
2018 2926 2160 2978 esse,
2189 2911 2272 2965 di-

2371 2910 2464 2964 τοῦ
2507 2909 2694 2965 δούλου
2734 2913 3014 2983 πεφόρηκε
3054 2912 3268 2983 μορφὴν
3302 2914 3657 2984 οἰκονομικῶς
3691 2913 3749 2966 δι’
3775 2913 3907 2983 ἡμᾶς·

692 3007 942 3076 viuchue
964 3007 1293 3076 praestantiae
1331 3008 1714 3061 documentum
1760 3006 2121 3060 clarissimum
2163 3005 2274 3059 edi-

2373 3004 2603 3060 πλεῖστά
2626 3022 2687 3058 τε
2717 3005 2818 3059 ὅσα
2847 3007 2990 3059 κατὰ
3010 3005 3109 3077 τὴν
3138 3007 3394 3060 Ἰουδαίαν
3420 3008 3705 3077 είργάσατο
3728 3009 3909 3077 σημεῖα,

693 3099 860 3165 disse,
913 3108 1078 3170 atque
1107 3113 1168 3154 ea
1195 3098 1434 3169 perlecta
1460 3115 1582 3168 qua:
1607 3099 1913 3168 opinionem
1942 3099 2183 3153 omnium
2217 3106 2269 3152 et

2373 3100 2468 3152 καὶ
2532 3100 2630 3169 τῆς
2676 3099 2826 3162 θείας
2894 3100 3166 3169 ὑπεροχῆς
3231 3101 3628 3172 ἐνεργεστάτην
3684 3097 3912 3163 ἀπόδειξιν

691 3194 993 3249 orationem
1028 3201 1306 3263 superant,
1343 3200 1585 3247 mortuos
1609 3191 1920 3257 excitando,
1967 3190 2323 3274 immundosc

2298 3217 2344 3274 ο
2375 3195 2682 3262 ἐποιήσατο·
2717 3193 2786 3246 τὰ
2814 3192 3133 3264 παραδόξως
3173 3210 3233 3246 τε
3295 3194 3391 3247 καὶ
3445 3193 3586 3265 ὑπὲρ
3624 3191 3772 3260 λόγον
3806 3191 3905 3244 ἀπο·

692 3285 921 3356 spiritus
978 3285 1331 3354 increpando,
1385 3285 1656 3352 caecisque
1689 3285 1860 3339 visum
1903 3300 1998 3353 pro
2035 3282 2276 3350 suojure

2374 3287 2696 3357 τελούμεναο
2742 3285 2903 3339 τοῦτο
2967 3286 3067 3356 μὲν
3113 3286 3342 3358 νεκροὺς
3397 3287 3655 3351 ἀναστὰς,
3701 3283 3838 3338 τοῦτο
3868 3283 3911 3334 δὲ

693 3386 750 3432 et
795 3377 1123 3431 auctoritate
1181 3375 1483 3447 largiendo.
1537 3375 1777 3432 Jntlairat
1808 3388 1986 3430 autem
2015 3377 2277 3446 perversi-

2374 3376 2707 3448 ἅκαθάρτοις
2750 3377 3062 3448 πνεύμασιν
3099 3378 3390 3449 ἐπιτιμῶν⁸
3437 3379 3533 3432 καὶ
3568 3377 3773 3446 τυφλοῖς
3799 3374 3845 3427 δὲ
3868 3376 3911 3425 τὸ

698 3466 824 3522 tatis
845 3477 898 3520 et
928 3467 1220 3536 impietatis
1246 3467 1576 3536 criminatio,
1603 3469 1917 3539 prophetica
1945 3469 2051 3522 erit
2073 3469 2269 3523 oratio.

2378 3469 2596 3540 βλέπειν
2646 3472 2703 3524 ὲν
2747 3470 2969 3541 ἐξουσίᾳ
3020 3470 3386 3541 δωρούμενος.
3424 3471 3711 3541 ’Έγκλημα
3755 3469 3804 3521 δὲ
3839 3468 3913 3536 τῆς

696 3557 863 3628 Signa
907 3559 1051 3614 enim
1103 3567 1156 3611 et
1197 3569 1410 3613 ostenta
1451 3574 1482 3612 a
1514 3561 1740 3614 Domino
1787 3559 2026 3614 SabaOIlt
2056 3559 2148 3628 qui
2182 3561 2277 3614 Ita-

2389 3559 2656 3614 Ἰουδαίων
2693 3560 3016 3632 σκαιότητος
3055 3561 3151 3614 καὶ
3195 3561 3535 3626 δυσσεϐείας,
3574 3564 3602 3615 6
3631 3556 3913 3632 προφητιιδς

695 3649 836 3703 bitat
892 3649 944 3702 in
1002 3659 1185 3704 monte
1243 3651 1393 3716 Sion,
1453 3649 1594 3705 facta
1625 3652 1756 3705 dicit
1791 3667 1804 3705 :
1845 3651 1932 3706 isti
1979 3666 2110 3706 vero
2139 3651 2274 3705 nihil

2375 3657 2528 3708 ἔσται
2557 3653 2732 3722 λόγος.
2763 3651 2844 3707 Τὰ
2871 3654 2972 3726 μὲν
2999 3653 3110 3726 γὰρ
3132 3657 3336 3725 σημεῖα
3363 3657 3459 3709 καὶ
3485 3656 3555 3710 τὰ
3576 3655 3766 3724 τέρατα
3795 3647 3913 3718 παρὰ

697 3757 802 3795 ιιοιι
855 3751 908 3795 et
961 3757 1143 3796 rerum
1183 3751 1236 3796 et
1271 3744 1562 3796 verborum
1615 3744 1901 3812 impiorum
1953 3745 2272 3798 intentatum

2376 3744 2582 3816 Κυρίου
2626 3721 2992 3798 Σαϐαὼθ-τοῦ
3014 3721 3415 3810 κατοικοῦντος
3469 3749 3528 3800 ἐν
3559 3721 3651 3816 τῷ-
3676 3745 3782 3815 lipsi
3807 3739 3913 3794 Σιὼν

697 3831 1084 3903 Ielinquentes,
1117 3832 1494 3902 blaspltemare
1521 3834 1636 3888 ausi
1666 3843 1790 3887 sunt
1811 3835 2089 3888 dicentes:
2121 3851 2141 3884 ι
2173 3831 2276 3887 llic

2375 3836 2700 3909 γεγενῆσθαί
2727 3853 2911 3907 φησιν.
2946 3838 3008 3891 0i
3050 3837 3108 3891 δὲ
3138 3839 3248 3893 τῶν
3277 3839 3526 3894 ἐκτόπων
3555 3839 3587 3910 ἢ
3623 3833 3913 3910 πραγμάτων

697 3939 803 3979 non
859 3925 1008 3995 ejicit
1059 3925 1322 3979 daetnonia
1383 3927 1482 3980 nisi
1528 3941 1622 3995 per
1655 3925 1939 3982 Beelzebul
1974 3926 2272 3997 principem

2375 3932 2409 4003 ἢ
2456 3931 2630 4000 λόγων
2659 3931 3075 4002 ἀνεπιτήδευτον
3105 3932 3300 3997 ἐῶντες
3332 3934 3510 4000 οὐδὲν,
3547 3932 3827 4003 δυσφημεῖν
3842 3928 3915 3980 ἀπ·

697 4016 1086 4072 (Ιπῐηοιιὶοΐυηι
1122 4017 1193 4073 ’⁸ο
1224 4035 1244 4070 ι
2376 4032 2618 4101 ετόλμων
2675 4029 2944 4099 λέγοντες·
2985 4049 3004 4082 ι
3047 4023 3218 4096 Οὗτος
3270 4031 3370 4085 οὐκ
3428 4031 3678 4086 ἐκϐάλλει
3731 4027 3792 4080 τὰ
3825 4025 3915 4078 6m-

2379 4122 2537 4192 μόνια
2583 4123 2632 4174 εί
2682 4121 2757 4192 μὴ
2795 4123 2852 4174 ὲν
2895 4121 3222 4187 Βεελζεϐοὺλ
3259 4121 3338 4193 τῷ
3385 4121 3607 4195 ἄρχοντι
3639 4121 3738 4174 τῶν
3763 4119 3916 4186 δαιμο-

2376 4216 2525 4268 νίων.
2565 4234 2583 4265 ι

768 4297 937 4353 Vens.
973 4299 1064 4363 i9,
1090 4296 1181 4351 20.
1217 4295 1282 4350 Et
1316 4299 1360 4351 si
1389 4298 1617 4352 dixerint
1640 4298 1778 4351 vobis
1800 4314 1818 4349 :
1848 4297 2114 4368 Requirite
2135 4307 2274 4351 vates

2446 4305 2556 4360 Καὶ
2578 4305 2688 4359 ἐὰν
2710 4307 2925 4360 εἴπωσι
2959 4309 3116 4375 πρὸς
3140 4307 3316 4378 ὑμᾶς’
3345 4308 3654 4377 Ζητήσατε
3675 4303 3803 4369 τοὺς
3823 4297 3914 4354 ἀπὸ

699 4392 762 4444 de
814 4405 955 4444 terra
1005 4405 1177 4444 vocem
1227 4391 1454 4454 edentes,
1497 4392 1866 4454 ventritoqztos,
1896 4392 2186 4458 vanidicos,
2227 4401 2272 4444 et

2378 4393 2488 4462 τῆς
2526 4394 2640 4464 τῆς
2685 4395 3059 4464 φωνοῦντας,
3115 4399 3214 4452 καὶ
3261 4399 3407 4463 τοὺς
3460 4394 3915 4470 ἐγγαστριμύθους

697 4484 788 4548 qui
825 4487 888 4537 de
917 4494 1092 4536 ventre
1132 4482 1439 4552 loquuntur,
1472 4498 1640 4536 nonne
1665 4498 1787 4552 gens
1812 4487 1880 4534 ad
1908 4483 2071 4537 Deum
2091 4485 2276 4537 suum?

2378 4484 2518 4550 τοὺς
2545 4485 3038 4554 κενολογοῦντας,
3065 4487 3123 4540 οἳ
3147 4487 3216 4540 ἐκ
3241 4487 3351 4555 τῆς
3381 4488 3615 4553 κοιλίας
3629 4481 3913 4555 φωνοῦσιιο.

701 4580 841 4644 Quid
887 4579 1161 4632 cortsulitis
1205 4578 1268 4630 de
1321 4578 1451 4630 vivis
1498 4589 1731 4631 mortuos
1760 4579 1786 4630 Ρ
1840 4575 2020 4646 Legem
2050 4577 2187 4630 enim
2224 4561 2333 4630 inI

2310 4561 2355 4617 Ῑ)
2381 4579 2490 4630 οὐκ
2531 4577 2708 4642 ἔθνος
2745 4577 2894 4646 πρὸς
2922 4578 3072 4632 Θεὸν
3104 4580 3332 4644 αὐτοῦ;
3370 4581 3434 4637 Τί
3472 4578 3770 4649 ἐκζητοῦσι
3812 4571 3914 4638 περὶ

698 4669 1064 4739 udjumentum
1122 4670 1290 4736 dedit,
1342 4679 1396 4724 ut
1453 4669 1682 4724 dicant:
1714 4668 1835 4722 Non
1883 4671 2015 4723 sicut
2069 4669 2276 4721 verbum

2383 4666 2501 4721 τῶν
2587 4666 2816 4729 ζώντων
2871 4671 3015 4736 τοὺς
3073 4676 3328 4740 νεκρούς
3350 4692 3368 4739 ;
3443 4678 3642 4746 Νόμον
3702 4669 3801 4740 γὰρ
3853 4665 3917 4726 εἷς

698 4766 859 4827 istud,
895 4765 959 4818 de
977 4780 1078 4835 quo
1101 4781 1201 4819 non
1229 4775 1299 4818 est
1318 4765 1459 4818 dona
1479 4765 1607 4819 dare
1629 4780 1721 4832 pro
1751 4765 1881 4830 ipso.

2375 4760 2669 4825 ,βοήθειαν
2721 4762 2966 4830 ἔδωκεν,
3017 4766 3117 4820 ἵνα
3157 4767 3412 4821 εἴπωσιν
3452 4771 3565 4837 οὐχ
3597 4766 3674 4831 ὠς
3697 4761 3757 4815 τὸ
3787 4755 3916 4827 ῥῆμα

2382 4851 2557 4907 τοῦτο
2623 4855 2756 4924 περὶ
2827 4853 2899 4912 οὗ
2963 4861 3075 4912 οὐκ
3141 4859 3273 4914 ἔστι
3331 4859 3489 4930 δῶρα
3555 4858 3756 4914 δοῦναι
3813 4844 3916 4914 περῖ

2381 4947 2593 5002 αὑτοῦ.

774 5043 1153 5098 lnstructionis
1234 5043 1444 5115 plenam
1501 5047 1804 5100 orationem
1862 5049 2107 5115 praetexit
2163 5050 2280 5119 ipse

2453 5057 2836 5128 Κατηχητικὺν
2872 5059 3148 5131 ὲξυφαίνει
3178 5066 3335 5136 λόγον
3367 5070 3532 5133 αὐτὸς
3557 5069 3585 5121 6
3621 5051 3914 5133 Ἐμμανουῆ)

706 5133 1043 5203 Emmanuel,
1065 5137 1146 5190 his
1161 5138 1249 5205 qui
1271 5152 1422 5207 spent
1449 5139 1503 5192 in
1525 5139 1640 5207 ipso
1668 5137 1830 5210 146
1849 5152 2165 5208 posuerunt,
2188 5143 2280 5212 qtti

2382 5148 2495 5209 τοῖς
2547 5147 2740 5202 ἐλπίδα
2787 5149 3036 5221 θεμένοις
3065 5156 3144 5218 εἰς
3176 5133 3358 5223 αὐτὸν,
3400 5162 3450 5214 οἳ
3507 5150 3915 5223 κατελογίσθηστιν

704 5228 1132 5282 numerabantur
1168 5229 1220 5282 itt
1257 5230 1402 5289 liliis.
1447 5240 1500 5284 et
1552 5231 1652 5300 ipsi
1687 5249 1716 5283 a
1764 5231 1876 5285 Deo
1900 5242 1950 5285 et
1989 5232 2145 5287 Patre
2172 5236 2284 5290 dati

2388 5238 2486 5308 μὲν
2516 5241 2575 5292 ἐν
2606 5241 2834 5304 τέκνοις·
2858 5243 3094 5299 δέδονται
3116 5247 3171 5300 δὲ
3205 5250 3354 5322 αὐτῷ
3388 5254 3536 5325 παρὰ
3569 5247 3695 5304 Θεοῦ
3724 5242 3804 5298 καὶ
3831 5239 3916 5291 Πα-

709 5328 873 5384 sunt,
933 5327 992 5371 ιιι
1029 5317 1304 5372 Servatori
1331 5327 1386 5372 et
1416 5316 1785 5389 Redemptori,
1834 5331 1889 5376 et
1930 5323 2284 5390 Viril‘tratori,

2283 5373 2284 5378 η
2386 5330 2535 5400 τρὸς,
2570 5331 2646 5393 ὡς
2693 5334 2908 5408 Σωτῆρι
2955 5339 3048 5391 καὶ⁸
3100 5316 3361 5416 Λυτρωτῇ
3415 5316 3507 5398 καὶ
3559 5334 3812 5405 Ζωοποιῷν
3844 5327 3915 5383 καὶ

705 5409 907 5478 quique
961 5409 1266 5463 illuminare
1319 5409 1486 5474 valet,
1531 5412 1786 5481 omnique
1831 5415 1974 5468 malo
2022 5415 2276 5487 liberare,

2388 5423 2790 5491 καταφωτίςειν
2833 5428 3088 5498 ἰσχύοντι,
3124 5435 3219 5485 καὶ
3243 5437 3445 5500 παντὸς
3483 5433 3818 5492 ἀπαλλάττειν
3841 5436 3917 5474 κα·

703 5513 760 5555 et
786 5501 876 5571 qni
912 5517 1006 5556 eos
1033 5502 1284 5555 omnibus
1326 5502 1502 5556 modis
1535 5519 1562 5555 a
1595 5505 1839 5572 pristinis
1878 5506 2116 5562 moribus
2162 5511 2276 5576 pri-

2385 5513 2519 5568 κοῦ·
2558 5516 2818 5589 ἀφίστησι
2863 5519 2918 5572 δὲ
2959 5523 3158 5588 αὐτοὺς
3205 5527 3514 5598 ὀλοτρόπως
3564 5529 3667 5582 τῶν
3715 5513 3916 5590 ἀρχαίων

704 5609 901 5662 tnaque
927 5593 1197 5646 dementia
1228 5592 1490 5646 vindicat.
1519 5595 1614 5648 Est
1661 5597 1804 5649 enim
1839 5597 1891 5650 in
1928 5613 2077 5653 more
2107 5601 2277 5656 idolo-

2384 5605 2554 5675 ἠθῶν,
2583 5610 2678 5662 καὶ
2707 5612 3131 5682 φρενοϐλαϐείας
3157 5619 3256 5690 τῆς
3288 5592 3527 5694 πρώτης.
3553 5619 3705 5679 Ἕθος
3726 5612 3811 5684 μὲν
3833 5603 3917 5672 γὰρ

704 5694 824 5736 runt
879 5682 1178 5737 cultoribus
1201 5722 1218 5749 ,
1272 5682 1551 5737 oraculum
1581 5683 1969 5742 dientoniorum
2000 5691 2272 5760 amplecti,

2382 5700 2495 5762 τοῖς
2523 5701 2632 5752 τῶν
2672 5703 2904 5761 εἰδώλων
2937 5714 3360 5784 προτκυνηταῖς,
3388 5717 3513 5782 τοὺς
3542 5715 3603 5766 ἐκ
3632 5707 3730 5762 τῶν
3762 5701 3915 5766 δαιμο-

774 5838 820 5869 ⁷¹
841 5837 982 5894 Psal.
1005 5855 1117 5908 xxi,
1135 5839 1226 5896 25.
1300 5841 1348 5874 "
1369 5838 1524 5898 Joan.
1554 5857 1686 5910 χιιι,
1711 5845 1764 5899 9.
1841 5845 1888 5877 "
1910 5845 2054 5903 Psal.
2082 5864 2142 5915 ιι,
2166 5850 2220 5905 8.
2298 5852 2345 5884 ⁷⁸
2368 5851 2406 5906 lli

1161 5841 1226 5896 ιδ.
1300 5841 1348 5874 ’³
1369 5838 1524 5898 Joan.
1554 5857 1686 5910 χιιι,
1711 5845 1764 5899 9.
1841 5845 1888 5877 "
1910 5845 2054 5903 Psal.
2082 5864 2142 5915 ιι,
2166 5850 2220 5905 8.
2298 5852 2345 5884 ⁷⁸
2368 5851 2559 5908 Matth.
2588 5871 2683 5923 xu,
2705 5857 2793 5911 24.
