4742 6544
1307 468 1416 524 243

2294 469 2352 529 S.
2395 467 2672 528 CYRlLLl
2709 467 3186 524 ALEXANDRINI
3225 467 3546 524 ARCHIEP.

4487 461 4582 508 2ου

1306 591 1354 636 et
1381 582 1437 634 in
1467 591 1662 634 terram
1695 579 1939 634 deorsum
1962 581 2260 650 inspiciam.
2286 579 2422 636 Ecce
2451 589 2628 637 autem
2652 580 2900 651 afﬂictio,
2933 584 2978 642 Α
3005 583 3094 648 είς
3129 598 3179 635 τι

2712 580 2900 651 'ﬂictio,
2933 584 2978 642 Α
3005 583 3094 648 είς
3129 579 3240 635 τὸν
3287 579 3551 649 οὐρανὸν
3579 575 3722 638 ἅνω,
3769 573 3867 627 καὶ
3895 574 3981 637 εἰς
4007 568 4122 636 τὴν
4161 565 4279 638 γῆν
4321 566 4482 619 κάτω
4505 565 4585 632 ἐμ-

1305 682 1355 725 et
1388 671 1650 740 angustia,
1705 681 1752 725 et
1784 671 1954 741 caligo
1978 679 2026 726 et
2047 682 2249 741 egestas
2283 680 2532 742 angusta,
2582 681 2629 726 et
2676 670 2902 726 tenebris

1306 782 1360 819 ut
1393 780 1494 817 non
1517 764 1759 828 videatis,
1791 773 1968 817 etnon
1989 763 2194 832 deﬁciet
2233 763 2355 834 {qui
2398 764 2454 817 in
2488 764 2732 834 angustia
2785 763 2902 831 fac-

1304 855 1375 908 rit
1408 869 1572 924 usque
1607 851 1681 906 ad
1711 862 1934 921 tempus.

1378 1031 1692 1086 Orationem
1726 1030 1792 1084 ad
1839 1038 2218 1084 contumacem
2257 1038 2496 1100 gentem,
2545 1029 2594 1083 id
2635 1029 2904 1095 est,lsra-

1307 1123 1446 1179 clem
1485 1123 1762 1191 transfert,
1796 1124 2033 1193 quicum
2056 1121 2287 1192 amplam
2317 1132 2373 1177 et
2391 1121 2722 1177 uberrimam
2766 1136 2900 1176 con-

1309 1215 1631 1272 enlationem
1656 1217 1920 1272 divinitus
1946 1224 2430 1286 consequerentur,
2462 1223 2516 1268 et
2551 1214 2682 1285 legis
2742 1214 2902 1268 insti-

1311 1309 1447 1365 tutis
1477 1319 1529 1364 et
1561 1311 1844 1381 praeceptis
1873 1309 2074 1364 affatim
2110 1309 2506 1381 opulentet-que
2539 1307 2902 1372 abundarent,

1310 1400 1587 1455 Christum
1621 1410 1823 1465 tamen,
1853 1402 2103 1470 quaintis
2146 1405 2250 1455 hor.
2292 1400 2358 1454 ad
2408 1399 2692 1452 utilitatem
2749 1411 2903 1452 snam

1314 1491 1585 1561 proiicere
1616 1492 2006 1563 intelligerent,
2037 1508 2143 1547 non
2164 1492 2521 1546 admiserunt.
2558 1489 2693 1544 llinc
2720 1487 2907 1541 detur-

1313 1583 1429 1637 bati
1471 1595 1598 1638 sunt
1636 1584 1703 1639 ab
1730 1600 1791 1639 ea
1822 1598 1940 1654 qua:
1965 1599 2089 1638 cum
2122 1583 2210 1637 illo
2237 1591 2321 1638 est
2359 1581 2764 1650 conjunctione,
2798 1578 2904 1632 scio

1313 1674 1440 1730 licet
1470 1678 1568 1730 sub
1594 1675 2006 1746 intelligentian't
2030 1676 2243 1731 cadenti
2276 1685 2329 1728 et
2349 1671 2644 1742 spirituali,
2669 1680 2723 1725 et
2752 1669 2904 1738 quasi

1315 1767 1460 1822 fame
1510 1767 1898 1837 disperierunt.
1941 1768 2088 1822 Dixit
2137 1769 2282 1821 enim
2341 1763 2713 1818 universitatis
2767 1760 2908 1815 Deus

1313 1870 1448 1912 voce
1477 1857 1915 1927 prophetarum:
1969 1875 1988 1908 ι
2057 1856 2196 1912 Ecce
2251 1854 2444 1909 induco
2493 1852 2686 1906 famem
2746 1865 2908 1920 super

1315 1957 1544 2016 terram,
1577 1947 1712 2002 dicit
1761 1947 2046 2013 Dominus,
2101 1963 2206 2000 non
2263 1946 2457 1998 famem
2507 1945 2686 2012 panis,
2736 1955 2912 2010 neque
2942 1936 2985 1991 Β

1315 2037 1461 2092 sitim
1521 2053 1715 2108 aquae,
1792 2041 1886 2094 sed
1948 2038 2144 2092 famem
2205 2035 2458 2091 audiendi
2521 2036 2743 2088 verbum
2802 2030 2913 2086 Do-

1317 2131 1472 2186 mini.
1533 2131 1601 2186 Et
1650 2132 1718 2185 ab
1763 2130 1972 2185 oriente
2037 2144 2209 2200 usque
2254 2128 2320 2183 ad
2378 2142 2628 2182 occasum
2681 2125 2915 2179 circum-

1317 2223 1661 2278 cursitabunt
1716 2234 2022 2293 quaerentes
2067 2223 2288 2277 verbum
2330 2219 2538 2274 Domini
2586 2226 2639 2273 et
2688 2233 2792 2272 non
2831 2216 2913 2268 in-

1317 2314 1624 2370 venient".
1662 2333 1682 2367 ι
1720 2313 1946 2380 Quando
1973 2314 2161 2383 igitur,
2240 2311 2435 2376 inquit,
2492 2310 2738 2380 principe
2785 2306 2912 2360 vitze

1318 2405 1627 2470 interfecto,
1657 2420 1878 2476 gravem
1925 2415 1980 2458 et
2014 2404 2408 2458 intolerabilem
2455 2402 2649 2455 fantem
2685 2400 2916 2454 sustine-

1319 2498 1470 2562 bitis,
1493 2512 1801 2553 sermonem
1838 2496 1952 2558 Dei,
1991 2510 2188 2565 panem
2214 2494 2304 2563 qui
2347 2493 2413 2548 de
2438 2492 2580 2546 caelo
2612 2490 2909 2554 descendit,

1320 2591 1410 2660 qui
1440 2590 1534 2644 dat
1563 2589 1764 2642 mundo
1795 2588 1982 2656 vitam,
2015 2603 2120 2642 non
2145 2586 2427 2650 habentes,
2461 2595 2588 2640 tunc
2611 2599 2760 2644 vero,
2789 2591 2915 2635 tunc

1321 2681 1593 2746 esurietis,
1629 2691 1685 2736 et
1717 2662 1841 2748 ejus
1865 2681 2007 2749 quod
2067 2679 2325 2733 acciderit
2375 2692 2535 2732 sensu
2586 2678 2714 2730 tacti
2753 2672 2916 2746 148

1321 2773 1549 2843 principi
1592 2781 1646 2828 et
1681 2773 1872 2840 patriis
1921 2771 2180 2826 institutis
2219 2769 2575 2824 maledicetis.
2633 2765 2744 2820 lloc
2787 2767 2914 2834 quid

1321 2864 1427 2920 sibi
1490 2865 1649 2919 vult?
1687 2864 1996 2919 Judaeorum
2059 2863 2312 2918 nimirum
2369 2859 2634 2929 praefecti,
2687 2856 2912 2920 Scribat,

1323 2955 1469 3017 dico,
1505 2964 1558 3010 et
1586 2954 1869 3020 Pharisaei,
1907 2951 2312 3007 multitudinem
2350 2948 2451 3004 sibi
2495 2947 2764 3001 subditam
2793 2960 2915 3000 con-

1324 3055 1410 3100 tra
1446 3045 1794 3100 ServatOrem
1851 3044 2092 3098 omnium
2139 3042 2414 3098 Christum
2477 3042 2752 3095 concitare
2809 3054 2914 3092 non

1324 3137 1670 3192 destiterunt.
1704 3137 1820 3202 Quo
1864 3145 2042 3189 autem
2096 3133 2503 3188 excusationem
2552 3145 2664 3186 sua:
2727 3137 2914 3184 contra

1327 3228 1476 3282 illum
1496 3227 1718 3282 insaniae
1741 3226 2120 3288 obtenderent,
2147 3223 2462 3294 religionem
2493 3220 2656 3276 Mosis
2677 3230 2730 3276 et
2758 3221 2906 3291 leges

1328 3319 1651 3389 allegabant.
1691 3318 1822 3372 Nam
1860 3315 2324 3385 persequebantur
2373 3314 2652 3370 dicentes:
2694 3331 2715 3365 ε
2751 3312 2806 3367 Si
2832 3327 2920 3368 es-

1330 3420 1414 3466 set
1444 3409 1601 3463 aDeo
1635 3408 1724 3463 hic
1748 3409 1932 3473 homo,
1979 3421 2087 3460 non
2143 3405 2394 3462 solvisset
2453 3405 2855 3471 Sahbatum";
2895 3423 2914 3456 ι

1331 3501 1560 3570 ideoque
1583 3507 1966 3570 persuaserunt
1998 3506 2055 3551 ut
2105 3510 2226 3552 eum
2281 3513 2377 3552 ceu
2417 3497 2551 3568 legis
2600 3498 2922 3566 praevarica-

1334 3604 1509 3648 torem
1543 3599 2014 3660 persequerentur.
2043 3589 2269 3656 Quando
2298 3589 2485 3658 igitur,
2518 3589 2711 3656 inquit,
2730 3603 2826 3644 vos
2856 3589 2922 3642 ab

1332 3687 1443 3742 illis
1472 3685 1682 3741 seducti
1720 3682 2028 3738 esurieritis
2086 3700 2100 3736 :
2136 3691 2263 3735 tunc
2307 3681 2641 3736 tnalcdicetis
2681 3680 2922 3734 onmimn

1341 3789 1582 3832 vestrum
1642 3776 1896 3847 principi,
1927 3783 1980 3829 et
2016 3775 2206 3844 patriis
2237 3773 2454 3837 ritibus,
2486 3774 2590 3828 hoc
2637 3783 2743 3836 est,
2793 3773 2925 3840 legis

1335 3867 1598 3922 institutis
1633 3875 1686 3921 et
1732 3865 2237 3920 consuetudinibus.
2283 3864 2338 3918 In
2405 3864 2718 3918 memoriam
2778 3863 2922 3916 enim

1336 3958 1670 4038 revocabitis
1702 3972 1730 4010 a
1762 3956 1990 4011 ducibtts
2026 3971 2120 4011 vos
2147 3957 2468 4011 concitatos.
2515 3955 2582 4009 Et
2621 3955 2922 4025 principum

1338 4061 1637 4120 przetcxtus
1669 4061 1832 4119 atque
1903 4048 2182 4102 excusatio
2238 4047 2461 4102 insaniat
2527 4046 2684 4115 hujus
2738 4057 2924 4101 contra

1336 4143 1611 4198 Ciulstum
1652 4151 1812 4196 erant
1851 4140 2010 4208 patrii
2057 4141 2214 4203 ritus,
2263 4139 2314 4193 id
2343 4151 2444 4203 est,
2511 4139 2928 4194 consuetudines

1339 4247 1397 4290 et
1433 4235 1771 4298 traditiones,
1817 4249 1921 4286 non
1966 4233 2127 4286 modo
2159 4247 2281 4300 qua:
2319 4247 2385 4286 ex
2439 4231 2555 4302 lege
2636 4231 2923 4297 fluxerunt,

1339 4328 1432 4384 sed
1451 4328 1612 4382 etiam
1643 4340 1762 4395 quae
1800 4339 1864 4379 ex
1891 4324 2042 4379 vanis
2071 4324 2546 4379 observationibus
2574 4333 2924 4394 acceperunt,

1341 4419 1624 4481 doctrinm,
1683 4416 1934 4470 mandata
1979 4415 2276 4469 hominum.
2344 4413 2530 4470 Aderit
2564 4415 2726 4486 igitur
2775 4414 2929 4470 vobis

1341 4511 1474 4564 dura
1526 4509 1716 4572 fames,
1769 4505 2117 4576 quantumvis
2187 4522 2404 4562 sursum
2432 4515 2486 4560 et
2511 4507 2758 4561 deorsum
2807 4521 2930 4577 per-

2943 3266 2986 3325 C

3006 672 3364 742 casum—mt-
3420 671 3520 725 καὶ
3554 667 3686 722 ίδοὺ
3730 666 3941 733 θλίψις
3980 661 4080 714 καὶ
4111 661 4147 728 ἠ
4197 656 4581 725 στενοχωρία,

3009 766 3108 820 καὶ
3137 765 3379 831 σκότος,
3415 763 3634 830 ἀπορία
3679 756 3888 826 στενὴ,
3941 755 4039 809 καί
4073 755 4298 818 σκότος
4325 750 4488 804 ὥστε
4507 747 4584 817 μὴ

2998 857 3278 924 βλέπειν,
3309 855 3409 910 καὶ
3437 857 3549 910 οὐκ
3572 849 4018 922 ἀπορηθήσετηι
4053 849 4085 901 ὀ
4116 845 4186 899 ἐν
4219 842 4586 912 στενοχωρίᾳ

3003 952 3089 1004 ὢν
3113 950 3228 1016 ἕως
3264 949 3494 1017 καιροῦ.

3076 1040 3413 1110 Μετατίθησι
3457 1039 3548 1091 τὸν
3593 1037 3750 1106 λόγον
3791 1037 3883 1088 ἐπὶ
3935 1035 3997 1088 τὸ
4054 1031 4364 1101 ἁπειθῆσαν
4421 1025 4586 1089 ἔθνος,

3003 1131 3147 1186 τοῦτ’
3179 1131 3318 1194 ἐστι,
3344 1131 3433 1184 τὸν
3470 1128 3705 1201 Ἰσραὴλ,
3740 1129 3790 1182 οἶ
3825 1127 3921 1182 καὶ
3953 1126 4213 1180 πλατειαν
4243 1122 4471 1192 ἔχοντες
4507 1121 4590 1172 καὶ

3007 1223 3296 1294 ἀμφιλαφῆ
3341 1223 3439 1292 τὴν
3482 1223 3548 1275 ὲκ
3585 1219 3720 1274 Θεοῦ
3749 1217 4118 1292 παράκλησιν,
4165 1215 4263 1270 καὶ
4295 1215 4420 1276 ταῖς
4448 1228 4591 1282 νομι-

3005 1320 3130 1381 καῖς
3171 1317 3523 1386 εἰσηγήσεσιν
3551 1311 3928 1384 ἐντρυφῶντες
3975 1308 4270 1375 πλουσίως,
4321 1305 4404 1369 είς
4434 1321 4501 1373 γε
4539 1305 4593 1356 τὸ

3007 1406 3205 1460 εἰδέναι
3255 1405 3316 1458 τὸ
3360 1404 3567 1460 τελοῦν,
3607 1405 3687 1466 εἰς
3737 1402 3923 1473 ὄνησιν
3985 1399 4046 1453 οὐ
4099 1398 4458 1469 προσήκαντο
4511 1394 4593 1445 τὸν

3006 1499 3260 1568 Χριστόν.
3293 1497 3478 1568 Ταύτῃ
3507 1513 3590 1549 τοι
3629 1494 3724 1548 καὶ
3753 1491 4096 1563 ὼλισθήκασι
4129 1490 4229 1560 τῆς
4265 1487 4402 1557 πρὸς
4441 1483 4594 1537 αὐτὸν

3011 1589 3346 1659 οίκειότητος
3382 1588 3580 1659 νοητῆς
3628 1584 3870 1656 δηλονότι
3913 1583 4008 1642 καὶ
4045 1577 4430 1650 πνευματικῆς
4453 1616 4468 1638 ,
4512 1578 4597 1628 καὶ

3006 1674 3120 1734 οἷον
3147 1678 3290 1750 λιμῷ
3315 1676 3653 1732 διολώλασιν,
3684 1677 3827 1745 Ἔφη
3855 1673 3964 1744 γὰρ
3995 1673 4023 1725 ὁ
4054 1670 4163 1724 τῶν
4185 1669 4323 1723 ὅλων
4346 1667 4486 1730 Θεὸς
4514 1665 4593 1718 διὰ

3009 1773 3193 1843 φωνῆς
3233 1770 3548 1842 προφητῶν.
3586 1786 3605 1821 ι
3648 1767 3779 1821 Ἰδοὺ
3807 1763 3917 1834 ἐγὼ
3950 1763 4141 1830 ἐπάγω
4169 1761 4330 1830 λιμὸν
4363 1759 4463 1812 ἐπὶ
4507 1757 4597 1825 τῆς

3009 1865 3147 1934 γῆς,
3192 1863 3339 1932 λέγει
3385 1861 3620 1933 Κύριος·
3677 1859 3752 1913 Οὐ
3805 1856 3965 1927 λιμὸν
4010 1855 4212 1926 ἄρτου,
4267 1851 4392 1904 οὐδὲ
4445 1848 4598 1918 δίψαν

3016 1953 3231 2017 ὓδατος,
3262 1952 3400 2006 ἀλλὰ
3442 1951 3601 2022 λιμὸν
3629 1947 3722 2002 τοῦ
3757 1946 3988 2000 ἀκοῦσαι
4031 1945 4124 1998 τὸν
4152 1943 4308 2011 λόγον
4359 1937 4597 2010 Κυρίου·

3018 2047 3112 2101 καὶ
3140 2044 3248 2100 ἀπὸ
3276 2041 3550 2098 ἀνατολῶν
3591 2043 3696 2104 ἓως
3724 2036 3963 2108 δυσμῶν,
4008 2031 4485 2106 περιδραμοῦνται
4514 2027 4593 2098 ir,-

3015 2137 3238 2198 τοῦντες
3260 2135 3350 2190 τὸν
3373 2134 3528 2202 λόγον
3546 2132 3776 2204 Κυρίου,
3805 2130 3901 2184 καὶ
3923 2127 3984 2181 οὐ
4017 2131 4090 2198 μὴ
4115 2117 4372 2196 εὕρωσιν.
4404 2121 4598 2174 »Ὅταν

3017 2227 3217 2290 τοίνυν,
3255 2227 3411 2298 φησὶ,
3445 2224 3537 2278 τὸν
3568 2222 3813 2294 ἀρχηγὸν
3848 2224 3946 2292 τῆς
3980 2219 4126 2290 ζωῆς
4155 2214 4597 2276 ἀποκτείναντες,

3019 2317 3257 2389 σκληρὸν
3304 2317 3401 2370 καὶ
3445 2315 3723 2368 δύσοιστον
3765 2311 4075 2382 ὑπομένητε
4126 2307 4306 2379 λιμὸν,
4358 2304 4457 2358 τὸν
4513 2302 4598 2355 τοῦ

3017 2409 3152 2462 Θεοῦ
3197 2409 3356 2476 λόγον
3396 2407 3496 2460 οὐκ
3543 2404 3780 2476 ἔχοντες,
3816 2403 3908 2458 τὸν
3936 2402 4100 2473 ἄρτον
4131 2399 4224 2452 τὸν
4251 2397 4310 2464 ἐξ
4349 2393 4599 2466 οὐρανοῦ,

3015 2503 3108 2556 τὸν
3139 2501 3285 2572 ζωὴν
3309 2499 3516 2553 διδόντα
3549 2498 3626 2568 τῷ
3667 2498 3880 2567 κόσμῳ,
3905 2493 4027 2547 τότε
4056 2493 4367 2562 πεινήσετε.
4398 2489 4515 2542 Καὶ
4543 2487 4600 2557 δὴ

3018 2594 3114 2647 καὶ
3169 2595 3248 2657 εἰς
3303 2591 3558 2662 αἴσθησιν
3608 2588 3702 2642 τοῦ
3758 2585 4168 2658 συμϐεϐηκότος
4230 2581 4599 2653 ὲνηνεγμένοι,

3022 2685 3209 2748 κακῶς
3242 2685 3416 2756 ἐρεῖτε
3447 2682 3538 2735 τὸν
3561 2681 3798 2752 ἄρχοντα
3829 2679 3926 2733 καὶ
3951 2677 4021 2730 τὰ
4049 2677 4276 2746 πάτρια.
4307 2672 4423 2726 Καὶ
4463 2672 4514 2724 τί
4544 2670 4604 2741 δή

3016 2777 3174 2831 τοῦτό
3216 2779 3399 2842 tactv;
3444 2777 3506 2828 Οἱ
3557 2775 3656 2846 μὲν
3684 2772 3792 2844 γὰρ
3826 2771 3934 2826 τῶν
3971 2767 4238 2823 Ἰουδαίων
4272 2762 4601 2836 καθηγηταὶ,

3019 2872 3372 2943 Γραμματεῖς
3391 2869 3467 2939 ,δὴ
3494 2867 3638 2936 λέγω
3671 2869 3764 2919 καὶ
3789 2862 4141 2935 Φαρισαίους,
4173 2856 4602 2929 παροτρύνονιες

3017 2966 3080 3018 οὐ
3121 2962 3527 3024 διαλελοίπασι,
3573 2958 3716 3013 κατὰ
3759 2955 3855 3010 τοῦ
3897 2955 4118 3008 πάντων
4150 2950 4311 3022 ήμῶν
4355 2949 4604 3019 Σωτῆρος

3017 3053 3280 3126 Χριστοῦ,
3317 3053 3416 3122 τὴν
3466 3050 3572 3104 ὑπὸ
3599 3050 3759 3119 χεῖρα
3788 3043 4016 3113 πληθύν.
4054 3041 4166 3096 Καὶ
4196 3039 4480 3110 πρόφασιν
4511 3037 4604 3102 τῆς

3020 3147 3142 3200 κατ’
3178 3142 3343 3197 αὐτοῦ
3376 3142 3572 3214 μανίας
3599 3141 3868 3212 ἐδέχοντο,
3908 3137 4008 3208 τὴν
4048 3137 4128 3198 είς
4175 3132 4386 3188 Μωσέα
4419 3148 4482 3184 τε
4520 3131 4607 3182 καὶ

3019 3236 3184 3306 νόμον
3226 3233 3379 3288 αἰδῶ.
3423 3232 3671 3286 Ἐδίωκον
3722 3230 3832 3303 γὰρ
3875 3230 4157 3299 λέγοντες·
4204 3246 4223 3277 ι
4258 3226 4322 3278 Εἰ
4364 3219 4435 3294 ἦν
4459 3217 4607 3281 οὗτος

3025 3327 3179 3398 παρὰ
3211 3325 3345 3380 Θεοῦ
3377 3327 3404 3377 6
3430 3325 3736 3398 ἄνθρωπος,
3768 3323 3868 3376 οὐκ
3897 3323 3963 3376 ἂν
3991 3321 4112 3373 ἔλυε
4156 3318 4216 3372 τὸ
4245 3315 4530 3370 Σάὅδατον
4583 3332 4602 3364 ι

3024 3419 3236 3474 υύκοῦν
3272 3418 3346 3481 ὼς
3375 3417 3794 3488 παρανομοῦντα
3819 3415 4033 3469 διώκειν
4065 3413 4132 3466 ἂν
4163 3410 4406 3464 ἔπειθον.
4445 3408 4610 3461 Ὅταν

3023 3512 3202 3564 τοίνυν
3254 3511 3438 3581 φησίν·
3491 3509 3679 3582 Ὑμεῖς
3723 3510 3771 3562 oi
3826 3508 3955 3579 παρ’
4004 3509 4227 3560 ἐκείνων
4268 3501 4611 3575 ἠπατημένοι

3027 3604 3336 3674 πεινήσετε,
3366 3603 3488 3656 τότε
3521 3600 3706 3664 κακῶς
3738 3601 3914 3671 ἐρεῖτε
3959 3599 4140 3653 πάντα
4187 3595 4345 3666 ὑμῶν
4378 3595 4611 3665 ἄρχοντα

3026 3697 3121 3749 καὶ
3145 3695 3214 3748 τὰ
3241 3695 3466 3765 πάτριοι,
3503 3691 3648 3746 τοῦτ’
3684 3690 3820 3753 ἔστι,
3854 3692 3923 3744 τὰ
3953 3690 4050 3760 ἔθη
4083 3689 4149 3742 τὰ
4183 3690 4418 3758 νόμιμα.
4457 3688 4609 3737 Ἀνα-

3030 3783 3405 3856 μνησθήσεσθε
3432 3783 3540 3854 γὰρ
3561 3783 3643 3835 ὅτι
3675 3779 4030 3853 παρώτρυνον
4055 3779 4197 3850 ὑμᾶς
4219 3781 4268 3830 oi
4293 3776 4607 3848 ἡγούμενοι·

3028 3877 3123 3928 καὶ
3151 3873 3258 3926 τῶν
3287 3872 3563 3943 ἀρχόντων
3594 3873 3628 3942 ἡ
3667 3871 3942 3942 πρόφασις
3971 3865 4040 3941 ἦν
4067 3869 4165 3937 τῆς
4194 3866 4341 3920 κατὰ
4375 3861 4610 3936 Χριστοῦ

3031 3966 3224 4038 μανίας
3253 3964 3321 4018 τὰ
3355 3965 3558 4034 πάτρια
3579 3981 3592 3995 ο
3625 3963 3769 4016 τοῦτ’
3815 3961 3952 4022 ἔστι,
3990 3961 4057 4014 τὰ
4099 3960 4194 4030 ἔθη
4223 3961 4320 4012 καὶ
4348 3959 4407 4011 αἱ
4440 3973 4614 4025 παρα-

3027 4059 3223 4120 δόσεις,
3252 4057 3346 4110 καὶ
3371 4057 3490 4126 οὐχὶ
3519 4055 3583 4125 δὴ
3615 4055 3831 4117 πάντως
3851 4055 3907 4106 αἱ
3932 4052 4021 4106 διὰ
4047 4052 4234 4121 νόμου,
4252 4048 4396 4105 ἀλλὰ
4422 4049 4520 4102 καὶ
4546 4047 4611 4099 τὰ

3029 4150 3088 4217 ἐξ
3116 4148 3337 4204 είκαίων
3371 4149 3748 4219 ἐπιτηρήσεων
3781 4145 4026 4214 ἐδέχοντο
4048 4141 4403 4204 διδασκαλίας
4433 4138 4614 4194 ἐντάλ-

3033 4255 3179 4311 ματα
3199 4237 3524 4309 ἀνθρώπων.
3558 4237 3753 4289 Ἔσται
3794 4235 3974 4296 τοίνυν
4001 4234 4086 4303 ἐφ’
4119 4232 4266 4302 ὑμᾶς
4291 4229 4511 4300 σκληρᾷ
4539 4228 4614 4280 λι-

3034 4328 3153 4399 μὸς,
3184 4327 3297 4383 ἄνω
3321 4343 3381 4379 τε
3405 4327 3498 4380 καὶ
3525 4327 3673 4380 κάτω
3697 4323 4154 4397 περιϐλεπόμενοι
4180 4322 4278 4375 καὶ
4304 4320 4613 4388 πανταχόσε

3033 4421 3341 4494 βλέποντες,
3377 4420 3496 4491 ἦτοι
3528 4420 3620 4471 τὸν
3648 4419 3748 4488 τῆς
3794 4415 4039 4479 διανοίας
4070 4413 4356 4484 ὀφθαλμὸν
4393 4410 4615 4484 περιφέτ

3035 4529 3240 4582 ροντες,
3274 4512 3459 4583 ἓτερον
3489 4510 3640 4563 οὐδὲν
3681 4508 3900 4579 ὄψεσθε,
3934 4508 4121 4578 φησὶν,
4166 4507 4215 4559 εί
4263 4505 4338 4575 μὴ
4385 4503 4615 4577 ἀπορίαν

1341 4601 1602 4664 Iustretis,
1628 4608 1684 4655 et
1709 4600 2055 4669 undiquaque
2085 4600 2558 4668 circumspiciatis,
2590 4606 2751 4666 atque
2775 4614 2926 4652 tnen-
2957 4601 3000 4657 D
3032 4603 3214 4673 στενὴν

2740 4613 2926 4652 tutett-
2957 4601 3000 4657 Ι)
3032 4603 3224 4673 στενὴν
3286 4603 3380 4656 καὶ
3425 4601 3650 4666 σκότος,
3702 4601 3840 4654 ὥστε
3895 4599 4062 4672 μηδὲν
4111 4597 4378 4653 δύνασθαί
4421 4615 4473 4669 τι
4511 4594 4613 4648 τῶν

1342 4695 1415 4766 tis
1449 4693 1634 4748 oculos
1660 4691 2080 4752 circumferatis,
2113 4691 2278 4757 aliud,
2346 4690 2541 4760 inquit,
2603 4690 2735 4744 nihil
2775 4691 2925 4745 vide-

1341 4784 1472 4838 bitis
1501 4792 1694 4851 praeter
1717 4793 2011 4852 egestatem
2035 4791 2318 4850 angustam
2343 4792 2398 4835 et
2426 4782 2697 4844 tenebras,
2715 4791 2772 4836 ttt
2795 4782 2927 4837 nihil

1347 4877 1492 4945 quod
1519 4876 1648 4928 utile
1671 4876 1741 4929 sit
1771 4876 2031 4930 cernatis.
2063 4875 2215 4940 Quod
2246 4884 2424 4928 autem
2459 4875 2624 4930 dicit:
2655 4891 2673 4924 ι
2697 4873 2808 4928 Non
2835 4876 2928 4930 de~

1342 4968 1494 5022 ficiet
1521 4968 1611 5036 qui
1652 4969 1704 5022 in
1733 4971 1978 5039 angustia
2021 4978 2126 5032 est,
2163 4984 2335 5038 usque
2361 4969 2425 5022 ad
2463 4978 2704 5037 tempus;
2735 4988 2753 5022 ι
2790 4985 2929 5040 prae-

1337 5059 1479 5113 dicit
1505 5059 1694 5114 iterum
1749 5064 2089 5118 vocationem
2131 5061 2394 5132 gentium.
2426 5060 2525 5128 Qui
2573 5063 2718 5115 enim
2761 5078 2923 5128 nune,

1333 5147 1547 5215 inquit.
1580 5154 1792 5209 suntin
1825 5155 2074 5225 angustia
2120 5163 2175 5208 et
2199 5154 2339 5207 fame
2400 5155 2703 5208 divinarum
2745 5155 2930 5224 {disci-

1322 5235 1615 5306 plinarum
1643 5255 1772 5299 sunt
1799 5249 2064 5314 oppressi,
2135 5262 2240 5300 non
2286 5246 2706 5301 confundentnr.
2750 5247 2929 5318 Siqui-

1309 5327 1468 5378 άωη
1509 5325 1614 5380 “iis
1668 5333 2098 5392 benedictionem
2164 5338 2434 5407 impertiet
2488 5337 2821 5404 Emmanuel,
2876 5349 2930 5394 et

1283 5425 1573 5477 ερροηθι
1620 5434 1786 5482 escas
1818 5429 2147 5495 spirituales,
2176 5439 2230 5484 et
2269 5431 2503 5484 divinam
2551 5431 2658 5486 illis
2704 5432 2931 5488 instruet

1253 5511 1611 5598 "fienosamt
1635 5510 1774 5571 illud
1799 5519 2016 5573 dicens:
2058 5520 2230 5586 Edita,
2264 5519 2449 5583 bibite,
2473 5529 2528 5574 et
2563 5519 2928 5591 inebriamini,

1216 5595 1646 5683 propinqui.
1680 5603 1805 5661 Erit
1841 5624 1970 5664 vero
2006 5611 2126 5676 hoe,
2162 5611 2354 5680 inquit,
2387 5626 2558 5678 usque
2589 5613 2654 5666 ad
2694 5624 2929 5683 tempus,

1186 5667 1308 5718 λδ
1358 5687 1487 5747 εει,
1550 5702 1688 5747 non
1757 5703 2033 5770 perveniet
2090 5718 2229 5757 nunc
2286 5703 2351 5757 ad
2421 5707 2644 5769 exitum,
2718 5667 2932 5776 qutindo

1325 5816 1639 5900 ”Amos
1673 5863 1804 5925 vui,
1830 5858 1916 5925 ll,
1941 5857 2028 5912 12.
2097 5857 2150 5920 ,⁷⁸
2169 5856 2327 5914 Joan.
2354 5873 2431 5928 ιιι,
2454 5859 2539 5916 l6.

3023 4695 3310 4768 χρησίμων
3337 4695 3574 4764 βλέπειν,
3605 4695 3699 4748 καὶ
3723 4695 3823 4746 οὐκ
3849 4691 4262 4764 ἀπορηθήσεται
4291 4692 4319 4744 ὁ
4343 4691 4406 4743 ὲν
4436 4704 4614 4742 στενο-

3024 4788 3199 4859 χωρίᾳ
3231 4786 3306 4840 ὢν
3336 4787 3441 4851 ἕως
3482 4785 3699 4857 καιροῦ.
3745 4784 4118 4856 Προαγορεύει
4163 4783 4329 4836 πάλιν
4373 4782 4474 4852 τὴν
4510 4779 4616 4832 τῶν

3025 4878 3194 4931 ἐθνῶν
3226 4877 3438 4948 κλῆσιν.
3459 4880 3519 4932 Οί
3544 4877 3762 4950 γὰρνῦν
3792 4877 4165 4948 ὅντες,φησὶν,
4197 4876 4256 4927 ἐν
4283 4869 4617 4944 στενοχωρία

3026 4973 3121 5024 καὶ
3167 4971 3311 5043 λιμῷ
3343 4971 3455 5024 τῶν
3487 4970 3646 5024 θείων
3703 4971 4040 5042 μαθημάτων
4089 4969 4476 5038 πεπιεσμένοι,
4518 4965 4617 5017 οὐκ

3031 5065 3488 5137 ἀπορηθήσονται.
3518 5065 3804 5136 Χαριεῖται
3826 5063 3935 5134 γὰρ
3967 5063 4150 5127 αὐτοῖς
4181 5061 4282 5132 τὴν
4312 5059 4564 5129 εὐλογίαν
4593 5060 4620 5108 ὁ

3046 5157 3417 5229 Ἐμμανουὴλ,
3437 5158 3529 5209 καί
3548 5157 3854 5227 παραθήσει
3870 5155 4078 5227 τροφὰς
4095 5155 4193 5217 τὰς
4211 5151 4617 5223 πνευματικὰς.

3033 5251 3128 5304 καὶ
3156 5251 3255 5322 τὴν
3285 5250 3437 5303 θείαν
3476 5251 3660 5312 αὐτοῖς
3701 5249 3946 5304 ἁπλὼσει
3991 5246 4297 5320 τράπεζαν.
4330 5248 4507 5300 ἐκεῖνο
4542 5241 4623 5294 λέ-

3034 5357 3176 5410 γων·
3221 5341 3427 5407 Φάγετε
3464 5344 3558 5394 καὶ
3587 5341 3760 5400 πίετε,
3790 5340 3885 5394 καὶ
3919 5337 4248 5410 μεθύσθητε,
4289 5337 4341 5390 οἱ
4373 5332 4619 5406 πλησίον.

3038 5433 3232 5486 Ἔσται
3253 5432 3309 5484 δὲ
3328 5431 3506 5497 τοῦτο,
3533 5432 3715 5502 φησὶν,
3733 5431 3836 5494 ἓως
3855 5428 4068 5501 καιροῦ,
4097 5429 4239 5482 τοῦτ’
4257 5428 4432 5491 ἐστιν,
4445 5426 4500 5479 οὺ
4524 5421 4624 5475 νῦν

3038 5526 3117 5587 είς
3147 5525 3322 5594 πέρας
3345 5524 3641 5593 οἰχήσεται.
3673 5523 3802 5578 Ὅτε
3826 5523 3920 5575 καὶ
3946 5523 3975 5575 ὁ
4001 5524 4104 5592 τῆς
4133 5519 4475 5592 προφητείας
4498 5515 4626 5584 περὶ

3039 5617 3218 5669 αὐτῶν
3251 5615 3440 5684 γέγονε
3475 5615 3651 5684 λόγος.
3671 5615 3809 5668 Ἀλλ’
3834 5617 3892 5667 ὲν
3923 5613 4102 5685 καιρῷ
4123 5611 4200 5682 τῷ
4224 5612 4401 5665 δέοντι
4424 5606 4540 5663 καθ’
4565 5606 4624 5658 ὅν

3039 5707 3337 5778 ὲπιλάμψει
3394 5710 3505 5771 τοῖς
3546 5707 3639 5760 ἐπὶ
3689 5707 3793 5777 γῆς
3845 5707 3874 5758 ὁ
3917 5703 4290 5777 Ἐμμανουήλ,
4340 5703 4472 5756 Τότε
4514 5698 4626 5768 γὰρ
