4134 6504
260 389 374 447 245

266 502 537 574 κέκληται
565 501 678 556 τῶν
712 503 884 558 ἐθνῶν
918 507 951 576 ἡ
979 508 1205 579 πληθύς.

243 825 252 856 ε
344 784 524 839 Τοῦτο
551 785 784 854 πρῶτον
808 788 926 853 πίε,
949 789 1100 857 ταχὺ
1127 793 1302 856 ποίει,
1328 793 1486 862 χώρα
1511 798 1848 863 Ζαϐουλὼν,

261 878 298 942 ἡ
332 874 409 946 γῆ
429 879 792 947 Νεφθαλείμ,
817 879 958 946 όδὸς
981 881 1322 952 θαλάσσης,
1349 887 1446 940 καὶ
1483 891 1538 941 οί
1562 890 1761 943 ⁶ίοιποί
1798 894 1853 945 οἱ

261 967 380 1034 τὴν
430 970 735 1036 παραλίαν
779 971 878 1025 καί
919 971 1110 1039 πέραν
1174 977 1279 1028 τοῦ
1327 978 1642 1046 Ἰορδάνου,
1683 983 1855 1036 Γαλι-

261 1062 411 1113 λαιά
450 1059 566 1114 τῶν
587 1060 799 1116 ἐθνῶν.
843 1064 898 1116 '0
924 1066 1074 1130 λαός
1113 1069 1146 1119 ό
1175 1071 1578 1139 πορευόμενος
1615 1073 1684 1126 ἐν
1709 1073 1853 1128 σκό-

264 1167 375 1215 τει,
427 1151 582 1206 ἴδετε
625 1151 751 1221 φῶς
789 1155 963 1224 μέγα.
1014 1160 1078 1210 Οἱ
1112 1165 1530 1230 κατοικοῦντες
1576 1182 1643 1220 εν
1691 1167 1853 1237 χώρα

263 1243 364 1294 καί
404 1244 476 1296 ἐν
512 1243 656 1311 σκιᾷ
699 1246 979 1313 θανάτου,
1024 1249 1148 1318 φῶς
1177 1252 1403 1322 λάμψει
1433 1257 1526 1325 ἐφ’
1565 1256 1748 1326 ὑμᾶς’
1785 1276 1852 1313 το

275 1336 579 1390 πλεῖστον
609 1339 713 1392 τοῦ
738 1341 915 1404 λαοῦ,
948 1342 979 1394 ὃ
1015 1345 1349 1415 κατήγαγες
1387 1348 1459 1400 ἐν
1497 1351 1851 1419 εὐφροσύνῃ

264 1443 406 1480 σου·
467 1429 564 1481 καὶ
625 1432 1149 1500 εὐφρανθήσονται
1206 1436 1465 1491 ἐνώπιόν
1510 1455 1628 1494 σου
1676 1442 1757 1506 ὡς
1799 1445 1852 1496 oi

263 1523 728 1590 εὐφραινόμενοι
758 1526 828 1578 ἐν
864 1517 1088 1595 ἁμητῷ,
1123 1530 1222 1583 καί
1258 1530 1330 1584 ὃν
1377 1536 1598 1600 τρόπον
1627 1539 1681 1589 οἱ
1706 1536 1853 1590 διαι-

259 1613 552 1681 ρούμενοι
579 1615 802 1668 σκύλα.

343 1705 566 1777 Σκληρᾷ
603 1724 662 1759 τε
687 1707 831 1778 λιμῷ
871 1710 967 1763 καὶ
1003 1712 1189 1781 μέντοι
1229 1717 1324 1769 καὶ
1357 1717 1562 1790 ἀπορίᾳ
1589 1737 1850 1775 καταπιε-

269 1798 572 1869 σθήσεσθαι
606 1799 779 1869 λέγων
798 1840 813 1864 ,
839 1802 965 1866 τοὺς
993 1805 1238 1860 ἀπειθεῖν
1271 1810 1584 1881 ᾑρημένους
1605 1813 1684 1884 τῷ
1723 1815 1854 1885 Ἐμο

1441 399 1510 454 ΙΝ
1548 399 1779 456 ISAIAM
1819 400 1950 458 LlB.
1997 403 2036 458 I.
2078 401 2288 459 ORAT.
2327 403 2389 458 γ.

1889 535 1931 590 Α
1961 517 2310 584 propheticus
2352 531 2532 573 sermo
2568 518 2633 572 de
2682 518 2787 575 illis
2824 519 3041 578 habitus
3095 528 3196 591 est,
3268 525 3360 578 sed
3402 532 3538 580 tem-

3347 422 3351 426 ‘
3430 409 3542 468 246

1955 621 2084 675 pore
2119 609 2425 672 commodo,
2482 625 2590 678 quo
2656 613 2972 668 mortalibus
3006 613 3286 669 illucescct
3328 615 3546 670 Emma-

1957 697 2114 750 nuel:
2155 710 2282 753 tunc
2317 700 2460 752 enim
2504 710 2690 754 vocata
2747 711 2825 757 est
2863 706 3103 773 gentium
3162 706 3468 761 multitudo.

2021 788 2150 844 CAP.
2181 789 2269 845 ΙΧ.
2306 789 2467 844 Vens.
2497 792 2607 846 1-5.
2641 792 2752 850 Hoc
2779 796 3004 864 primunt
3039 797 3172 858 bibe,
3203 799 3304 852 cito
3329 800 3435 868 (ac,
3467 819 3542 854 re-

1955 879 2040 950 gio
2082 878 2343 945 Zabulou,
2375 892 2515 935 terra
2552 881 2918 952 Nephthalim,
2955 889 3035 939 via
3074 890 3255 952 maris,
3323 901 3370 944 et
3415 895 3535 945 reli-

1952 973 2042 1042 qui
2086 973 2360 1032 maritimi.
2418 984 2467 1027 et
2517 985 2662 1028 trans
2692 975 3002 1041 Jordanem,
3032 977 3256 1033 Galilwa
3283 983 3538 1048 gentium.

1956 1065 2190 1134 Populus
2215 1066 2303 1134 qui
2325 1068 2557 1120 ambulat
2589 1069 2642 1122 in
2686 1069 2928 1132 tenebris,
2985 1069 3154 1123 videte
3203 1072 3366 1123 lucem
3420 1089 3538 1126 ma-

1953 1172 2147 1225 gnam:
2172 1158 2262 1224 qui
2299 1157 2549 1210 habitatis
2581 1159 2633 1211 in
2661 1160 2868 1228 regione
2895 1169 2942 1213 et
2972 1162 3154 1212 umbra
3194 1162 3400 1224 mortis,
3450 1162 3541 1214 lux
3653 1199 3671 1212 ρ

1955 1236 2184 1300 illucebit
2215 1247 2374 1301 vobis.
2407 1247 2644 1302 Maxima
2687 1265 2809 1316 pars
2839 1249 3020 1317 populi
3063 1267 3217 1319 quam
3276 1251 3542 1304 deduxisti

1956 1337 2225 1392 iulwtitia
2260 1349 2448 1403 tua,et
2491 1340 2811 1394 la'tabunlur
2874 1358 3051 1394 coram
3117 1353 3184 1406 te,
3253 1351 3306 1394 ut
3359 1343 3396 1395 ii
3454 1345 3542 1412 qui

1963 1428 2214 1483 (terantur
2253 1431 2306 1484 in
2335 1447 2518 1496 messe,
2567 1442 2612 1485 et
2658 1443 2710 1484 ut
2737 1433 2773 1484 ii
2801 1435 2890 1502 qui
2933 1433 3172 1486 dit-idum
3209 1432 3400 1500 spolia.

2030 1708 2191 1781 149
2225 1709 2283 1764 ΕΙ
2313 1709 2446 1765 dura
2477 1711 2616 1765 fame
2644 1723 2699 1768 et
2757 1715 2936 1782 inopia
3005 1719 3326 1786 premendus
3383 1719 3538 1785 dixit,

1955 1802 2044 1871 qui
2077 1802 2234 1856 ﬁdem
2273 1803 2609 1857 Emmauucli
2645 1805 2843 1861 habere
2895 1816 3235 1872 recusarunt,
3291 1824 3396 1864 non
3455 1819 3538 1864 ta-

268 1887 553 1957 μανουὴλ,
596 1890 696 1944 οὐκ
746 1891 1189 1965 ἀπορηθήσεσθαι
1235 1899 1363 1963 τοὺς
1411 1903 1470 1955 ὲν
1524 1905 1856 1978 στενοχωρίᾳ

1962 1909 2080 1946 tuen
2110 1893 2415 1948 defecturos
2445 1895 2534 1963 qui
2572 1896 2624 1948 in
2666 1900 2914 1966 angustia
2961 1900 3156 1953 versati
3196 1911 3344 1964 sunt,
3372 1917 3540 1970 usque

270 1979 623 2049 προειρηκὼς
651 1982 755 2046 ἕως
780 1986 996 2056 καιροῦ,
1035 1988 1177 2042 κατά
1195 2006 1259 2058 γε
1290 1991 1388 2062 τὴν
1417 1993 1517 2064 ἥδη
1551 1997 1854 2064 προαποδο-

271 2069 466 2125 θείσαν
486 2071 744 2128 διάνοιαν.
777 2077 1036 2147 Ἀρχεται
1063 2080 1258 2151 δηλοῦν
1287 2085 1380 2138 καὶ
1405 2085 1547 2150 τίνες
1571 2088 1621 2140 οἱ
1648 2089 1856 2158 πρῶτοι

272 2163 670 2230 πιστεύσαντες
689 2208 702 2231 ,
734 2169 828 2221 καὶ
860 2171 1084 2242 ἀπαρχὴ
1124 2176 1408 2242 γεγονότες
1437 2179 1546 2232 τῶν
1586 2180 1856 2251 κεκλημέ-

271 2270 384 2307 νων
433 2256 512 2318 είς
567 2257 861 2324 ἐπίγνωσιν
907 2261 1000 2314 τοῦ
1039 2263 1384 2338 Ἐμμανουὴλ
1425 2267 1520 2321 τοῦ
1571 2267 1852 2338 λέγοντοςο

287 2344 425 2397 Ἰδοὺ
459 2343 572 2414 ἐγὼ
596 2348 781 2402 καὶτὰ
809 2351 994 2404 παιδία
1022 2354 1058 2406 ἆ
1089 2371 1176 2424 μοι
1208 2356 1407 2411 ἔδωκεν
1433 2361 1460 2411 6
1492 2358 1644 2423 Θεὸς,
1672 2360 1732 2423 ὃς
1763 2361 1858 2414 καὶ

273 2435 500 2504 γέγονεν
531 2440 610 2502 είς
639 2442 840 2510 σημεῖά
863 2460 920 2495 τε
944 2444 1035 2496 καὶ
1066 2446 1268 2516 τέρατα
1293 2448 1351 2501 ἐν
1375 2449 1454 2519 τῷ
1479 2449 1612 2518 οἴκῳ
1641 2450 1858 2522 Ἰσραὴλ

274 2529 434 2599 παρά
477 2531 684 2603 Κυρίου
729 2534 956 2589 Σαϐαὼθ
999 2537 1092 2591 τοῦ
1121 2540 1501 2606 κατοικοῦντος
1537 2545 1594 2596 ὲν
1627 2543 1706 2614 τῷ
1740 2545 1858 2614 δρει

276 2619 437 2673 Σιών.
469 2623 605 2675 Φασὶ
633 2625 741 2695 γάρ
777 2643 879 2679 που
925 2627 1018 2681 καὶ
1047 2629 1170 2703 ὅρια
1210 2631 1497 2687 Ζαϐουλὼν
1521 2635 1614 2688 καὶ
1637 2636 1857 2703 Νεφθα-

273 2713 406 2783 λε¹ιμ
530 2716 806 2787 Τιϐεριάδι
847 2721 1212 2790 παρακεῖσθαι
1252 2723 1436 2808 λίμνῃ,
1475 2727 1567 2780 καὶ
1610 2729 1668 2780 ὲν
1704 2729 1860 2799 ἐσχα-

274 2809 425 2871 τιαῖς
448 2804 582 2862 εἶναι
608 2809 708 2880 τῆς
751 2811 1017 2866 Ἰουδαίων
1040 2813 1243 2884 χώρας,
1360 2819 1567 2890 ὅμορον
1591 2820 1858 2890 ὑπάρχειν

273 2900 346 2968 τῇ
383 2899 492 2952 τῶν
516 2900 686 2954 ἐθνῶν
718 2901 996 2976 Γαλιλαίᾳ,
1040 2907 1235 2978 ἑτέρας
1275 2908 1442 2978 οὔσης
1489 2911 1589 2981 τῆς
1625 2911 1762 2982 πρὸς
1790 2915 1858 2984 τῇ

272 2989 543 3044 Φοινίκων
577 2991 751 3064 χώρᾳ.
813 2996 910 3049 Ἐκ
939 2996 1142 3050 τούτων
1183 2999 1314 3068 φασὶ
1360 3000 1593 3070 μάλιστα
1626 3001 1734 3054 τῶν
1759 3019 1861 3071 cpu-

275 3081 391 3134 λῶν
415 3084 540 3146 τοὺς
573 3084 762 3152 ἁγίους
792 3088 1126 3152 ἀποστόλους
1151 3090 1408 3158 γενέσθαι
1439 3092 1581 3146 κατά
1618 3096 1679 3146 τὸ
1717 3092 1862 3146 πλεῖ-

276 3190 427 3227 στον.
456 3175 566 3228 Καὶ
583 3175 710 3242 γοῦν
733 3178 802 3232 τὰ
824 3181 952 3250 περὶ⁵
973 3182 1069 3250 τῆς
1099 3181 1343 3252 κλήσεως
1357 3184 1556 3252 αὐτῶν,
1584 3185 1861 3249 Ματθατος

1958 1983 2023 2035 ad
2070 1992 2278 2049 tempus
2319 1983 2571 2052 prchatus
2616 1997 2719 2049 est,
2751 1987 2904 2055 juxta
2939 1989 3085 2056 prius
3141 1991 3357 2044 allatam
3421 2007 3545 2046 sen-

1961 2074 2204 2127 tentiam.
2247 2073 2470 2129 Orditur
2508 2077 2882 2132 demonstrare
2907 2080 2998 2148 qui
3051 2081 3158 2134 siut
3231 2082 3387 2151 primi
3444 2085 3535 2151 qui

1959 2164 2324 2230 crediderunt,
2353 2175 2406 2220 et
2431 2169 2524 2237 qui
2557 2170 2808 2237 primitiae
2837 2173 3047 2226 luerunt
3083 2188 3270 2228 eorum
3297 2177 3388 2245 qui
3444 2193 3540 2232 vo-

1960 2255 2065 2310 cati
2093 2265 2218 2309 sunt
2245 2258 2310 2310 ad
2337 2259 2660 2327 agnitionem
2684 2259 3044 2316 Etttmauuelis
3067 2305 3082 2329 ,
3109 2264 3369 2321 dicentis:
3397 2267 3535 2322 Ecce

1959 2359 2058 2414 ego
2087 2355 2140 2399 et
2175 2347 2325 2416 pueri
2371 2363 2505 2416 quos
2561 2350 2689 2403 mihi
2727 2351 2868 2405 dedit
2898 2353 3057 2415 Deus,
3101 2363 3154 2408 et
3194 2356 3284 2424 qui
3331 2365 3449 2410 erat
3488 2358 3542 2411 in

1961 2435 2120 2491 domo
2147 2439 2306 2492 Israel
2340 2439 2390 2492 in
2427 2440 2578 2510 signa
2613 2451 2666 2494 et
2701 2451 2910 2496 ostenta
2937 2459 2967 2496 a
3008 2445 3234 2500 Domino
3281 2444 3540 2512 Sabaoth,

1961 2528 2054 2595 qui
2078 2529 2285 2582 habitat
2311 2531 2363 2582 in
2388 2540 2574 2584 monte
2589 2530 2742 2586 Sion.
2773 2533 3007 2588 Narrant
3033 2537 3177 2589 enim
3209 2536 3342 2591 ﬁnes
3360 2536 3541 2592 Zabu-

1961 2617 2050 2672 lon
2090 2627 2145 2673 et
2182 2619 2524 2688 Nephthalim
2555 2621 2827 2678 Tiberiadi
2863 2635 3055 2694 stagno
3100 2627 3369 2696 adiacere,
3407 2639 3462 2684 et
3489 2630 3540 2683 iu

1962 2711 2223 2765 extremis
2253 2712 2494 2780 partibus
2528 2712 2766 2769 Iudaica:
2801 2718 3036 2785 regionis
3065 2733 3205 2784 esse,
3281 2729 3340 2773 ut
3397 2718 3540 2774 Gali-

1962 2800 2075 2854 lmze
2112 2803 2350 2871 gentium
2377 2803 2486 2857 sint
2533 2804 2907 2869 contermiuze,
2980 2822 3101 2860 nam
3136 2807 3301 2861 altera
3341 2820 3424 2862 est
3487 2811 3542 2863 in

1965 2892 2181 2962 regione
2214 2893 2546 2948 Phoenicum.
2585 2894 2661 2948 Ex
2692 2894 2776 2949 bis
2807 2895 3045 2950 maxime
3074 2897 3320 2950 tribubus
3358 2897 3542 2950 dicunt

1963 2981 2252 3052 plerosque
2287 2993 2599 3038 sanctorum
2635 2984 3004 3053 apostolorum
3043 2999 3186 3040 esse.
3222 2985 3287 3040 Et
3325 2988 3541 3054 quidem

1965 3073 2033 3127 de
2073 3089 2260 3128 eorum
2299 3077 2583 3131 vocatione
2643 3075 2924 3132 Matthaeus
2985 3079 3173 3132 beatus
3218 3080 3544 3148 evangelista

1966 3167 2120 3222 nobis
2145 3183 2428 3233 euarrans,
2470 3169 2702 3240 primum
2733 3171 2952 3240 quidem
2996 3186 3092 3240 per
3132 3172 3264 3226 ﬁnes
3299 3169 3540 3225 Zabulou

271 3265 414 3333 ἡμῖν
451 3265 480 3316 ὁ
509 3265 779 3336 μακάριος
805 3270 1199 3342 εὐαγγελιστὴς
1228 3272 1614 3344 ἐξηγούμενος,
1642 3273 1858 3343 πρῶτον

1962 3269 2015 3316 et
2049 3260 2394 3330 Nepbthalim
2420 3261 2604 3317 Jesum
2645 3263 2884 3330 deducit,
2935 3273 3120 3336 postea
3195 3264 3545 3334 quemadmo-

278 3355 385 3424 μὲν
413 3356 738 3427 ἀποκομίζει
770 3359 863 3414 τὸν
899 3362 1109 3432 Ἰησοῦν
1147 3363 1206 3416 ἐν
1244 3363 1412 3432 ὁρίοις
1447 3363 1733 3418 Ζαϐουλὼν
1765 3365 1860 3418 καὶ

275 3446 620 3517 Νεφθαλείμ.
654 3446 786 3504 Εἶτα
826 3451 946 3506 τίνα
973 3455 1172 3523 τρόπον
1205 3455 1539 3520 ἀπολέκτους
1565 3458 1860 3528 ἐποιήσατο

275 3539 411 3604 τοὺς
441 3541 630 3608 ἁγίους
656 3545 1006 3611 ἀποστόλους,
1039 3550 1380 3619 προσεπάγει
1417 3550 1625 3620 σαφῶς.
1656 3552 1859 3622 Γράφει

275 3631 334 3685 δὲ
362 3632 509 3686 οὕτω
541 3637 670 3706 περὶ
700 3638 967 3707 Χριστοῦ·
1003 3659 1022 3692 ι
1059 3641 1169 3695 Καὶ
1201 3641 1517 3696 καταλιπὼν
1547 3643 1646 3714 τὴν
1677 3643 1861 3708 Ναζα-

279 3723 379 3793 ρὲθ
409 3723 582 3777 ἐλθὼν
607 3728 926 3798 κατῴκησεν
947 3731 1026 3791 είς
1064 3733 1438 3804 Καπερναοὺμ
1475 3734 1574 3805 τὴν
1608 3733 1860 3805 παραθα-

277 3813 498 3871 λάττιον
532 3820 590 3871 ὲν
612 3821 782 3889 ὁρίοις
809 3823 1097 3877 Ζαϐουλὼν
1122 3826 1216 3878 καὶ
1239 3827 1580 3899 Νεφθαλεὶμ,
1604 3828 1691 3882 ἵνα
1719 3827 1860 3898 πλη-

281 3906 432 3979 ρωθῇ
462 3909 522 3962 τὸ
557 3911 720 3981 ῥηθὲν
751 3913 838 3968 διὰ
876 3915 1098 3970 Ἡσαΐου
1124 3917 1392 3985 λέγοντος·
1437 3920 1513 3990 Γῆ
1555 3919 1860 3983 Ζαϐουλὼν,

280 3999 382 4052 καὶ
417 4000 492 4071 γῆ
519 4003 840 4076 Νεφθαλεὶμ
876 4007 992 4072 ὁδὸς
1025 4008 1303 4082 θαλάσσης
1356 4013 1531 4083 πέραν
1567 4012 1861 4084 Ἰορδάνου,

278 4091 545 4146 Γαλιλαία
571 4093 680 4147 τῶν
703 4095 891 4160 ἐθνῶν,
909 4099 938 4150 6
965 4097 1092 4163 λαὸς
1117 4100 1426 4173 καθήμενος
1445 4103 1504 4156 ὲν
1533 4105 1715 4158 σκότει
1747 4106 1863 4174 φῶς

281 4183 359 4236 ῐδε
399 4185 562 4255 μέγα,
598 4188 691 4242 καὶ
719 4192 832 4253 τοῖς
857 4190 1189 4262 καθημένοις
1219 4197 1277 4248 ὲν
1307 4194 1461 4268 χώρᾳ
1482 4199 1576 4249 καὶ
1603 4199 1731 4268 σκιᾷ
1765 4197 1862 4250 θα-

279 4273 471 4339 νάτου,
499 4278 616 4344 φῶς
645 4277 918 4332 ἀνέτειλεν
959 4283 1164 4345 αὐτοῖς.
1204 4305 1221 4335 ι
1259 4286 1604 4356 Προσεπάγει
1648 4287 1706 4341 δὲ
1737 4287 1862 4342 τού-

277 4384 398 4431 τοις
418 4384 432 4397 ·
475 4388 493 4419 ι
528 4371 852 4442 Περιπατῶν
882 4374 938 4428 δὲ
967 4375 1116 4446 παρά
1147 4377 1246 4448 τὴν
1279 4377 1552 4433 θάλασσαν
1581 4379 1680 4448 τῆς
1706 4379 1863 4432 Γαλι-

278 4457 444 4520 λαίας
507 4457 585 4511 ίδε
639 4459 733 4513 δύο
782 4461 1046 4532 ἀδελφοὺς
1071 4504 1086 4526 ,
1141 4464 1362 4534 Σίμωνα
1420 4465 1512 4518 τὸν
1574 4466 1864 4535 λεγόμενον

280 4550 516 4620 Πέτρον,
549 4553 641 4605 καὶ
680 4553 935 4625 Ἀνδρέαν
964 4556 1056 4608 τὸν
1088 4555 1315 4623 ἀδελφὸν
1349 4557 1535 4622 αὑτοῦ,
1570 4557 1862 4628 βάλλοντας
1895 4602 1939 4658 D

278 4642 700 4714 ἀμφίϐληστρον
745 4646 824 4709 εἰς
869 4647 970 4716 τὴν
1017 4646 1312 4700 θάλασσαν’
1342 4643 1482 4718 ἦσαν
1514 4649 1624 4719 γὰρ
1657 4648 1858 4711 ἁλιεῖςο

280 4735 380 4788 καὶ
415 4731 569 4788 εἶπεν
613 4736 796 4800 αὐτοῖς
826 4741 854 4790 ὁ
905 4738 1134 4809 Ἰησοῦςο
1177 4739 1339 4792 Δεῦτε
1379 4740 1554 4793 ὀπίσω
1609 4757 1734 4810 μου,
1769 4742 1864 4794 καὶ

279 4829 499 4899 ποιήσω
527 4830 670 4900 ὑμᾶς
686 4830 939 4897 γενέσθαι
955 4832 1124 4894 ἁλιεῖς
1149 4831 1552 4904 ἀνθρώπων.οί
1579 4833 1636 4886 δὲ
1663 4832 1864 4897 εὐθέως

278 4923 515 4989 ἀφέντες
542 4921 612 4974 τὰ
639 4923 832 4977 δίκτυα
877 4924 1245 4995 ἠκολούθησαν
1293 4925 1460 4996 αὐτῷ.
1509 4926 1618 4979 Καὶ
1653 4925 1862 4996 προϐὰς

278 5013 496 5066 ἐκεῖθεν
534 5011 672 5067 εἶδεν
696 5015 887 5078 ἄλλους
917 5015 1008 5069 δύο
1035 5017 1319 5085 ἀδελφοὺς,
1358 5017 1613 5071 Ἰάκωϐον
1644 5019 1736 5072 τὸν
1765 5016 1859 5071 τοῦ

279 5103 594 5170 Ζεϐεδαίου,
639 5105 733 5158 καὶ
772 5105 1026 5176 Ἰωάννην
1070 5106 1162 5159 τὸν
1204 5106 1431 5175 ἀδελφὸν
1477 5105 1642 5160 αὑτοῦ
1689 5107 1747 5159 ὲν
1788 5104 1866 5177 τῷ

279 5194 458 5266 πλοίῳ
491 5196 630 5265 μετά
662 5196 948 5252 Ζεϐεδαίου
976 5197 1070 5250 τοῦ
1119 5197 1322 5268 πατρὸς
1367 5197 1566 5260 αὐτῶν,
1605 5198 1867 5269 καταρτί-

279 5289 481 5352 ζοντας
512 5287 583 5342 τὰ
605 5289 799 5343 δίκτυα
827 5289 1027 5355 αὐτῶν,
1065 5291 1158 5343 καὶ
1183 5289 1446 5344 ἐκάλεσεν
1470 5289 1691 5353 αὐτούς.
1723 5290 1787 5343 Ol
1807 5288 1865 5342 δὲ

277 5378 493 5444 εὐθέως
531 5380 759 5449 ἀφέντες
802 5381 863 5433 τὸ
917 5381 1102 5435 πλοῖον
1147 5383 1239 5437 καὶ
1294 5383 1384 5436 τὸν
1435 5383 1648 5453 πατέρα
1685 5382 1864 5436 αὐτῶν

274 5470 662 5542 ἠκολούθησαν
695 5472 865 5542 αὐτῷ.
903 5493 922 5524 ι
969 5475 1164 5528 ’ἰστέον
1212 5475 1270 5528 δὲ
1314 5476 1396 5529 ὅτι
1440 5475 1538 5547 τὴν
1587 5474 1864 5529 θάλασσαν

271 5567 387 5634 τῆς
412 5563 699 5628 Γαλιλαίας
727 5564 826 5635 τὴν
841 5564 1132 5636 Τιϐεριάδα
1147 5567 1343 5638 λίμνην
1367 5568 1428 5620 τὸ
1450 5568 1692 5639 Γράμμα
1727 5568 1864 5639 φησὶ

274 5655 345 5710 τὸ
377 5655 553 5727 ἱερόν·
586 5656 714 5710 ἔνθα
743 5657 837 5710 καὶ
859 5655 1128 5731 ηὕρηνται
1155 5658 1255 5730 τὴν
1277 5659 1384 5712 τῶν
1417 5659 1615 5715 ἀλιέων
1652 5660 1864 5732 μετιόν-

357 5817 408 5850 "
431 5815 622 5878 Matth.
655 5831 727 5884 ιν,
747 5815 934 5876 15-17.
1011 5815 1058 5848 ⁸⁸
1085 5817 1217 5875 ibid.
1242 5817 1430 5872 18-22.

1962 3353 2088 3407 dum
2122 3353 2380 3424 delegerit
2420 3364 2638 3410 sanctos
2663 3357 2961 3424 apostolos,
2994 3358 3288 3426 prudenter
3321 3356 3543 3426 subjun-

1962 3446 2068 3514 git,
2110 3445 2298 3516 sicque
2326 3448 2391 3501 de
2429 3446 2648 3502 Christo
2682 3449 2911 3505 scribit:
2943 3468 2961 3500 ι
3025 3449 3092 3503 Ει
3141 3448 3328 3503 relicto
3372 3447 3545 3502 Naza-

1964 3539 2082 3592 reth
2102 3579 2116 3602 ,
2139 3538 2413 3608 profectus
2445 3540 2707 3594 habitavit
2739 3541 2791 3596 iu
2816 3542 3218 3612 Capharnaum,
3258 3541 3394 3595 mari
3423 3541 3545 3595 ﬁni-

1966 3632 2179 3697 timam,
2229 3635 2282 3687 iu
2314 3633 2510 3689 ﬁnibus
2541 3632 2778 3690 Zabulon
2803 3645 2858 3690 et
2890 3634 3229 3704 Nephlbalim
3256 3677 3271 3702 ,
3324 3646 3379 3688 ut
3438 3635 3542 3690 im-

1964 3723 2205 3794 pleretur
2245 3726 2388 3793 quod
2433 3727 2633 3781 dictum
2668 3736 2752 3782 est
2789 3728 2857 3781 ab
2898 3727 3034 3782 Isaia
3071 3730 3330 3798 propheta
3362 3730 3543 3783 dicen-

1967 3827 2020 3871 te
2055 3833 2071 3872 :
2109 3817 2277 3871 Terra
2315 3817 2579 3882 Zabulou,
2614 3829 2668 3872 et
2701 3829 2842 3873 terra
2865 3819 3231 3888 Nephthalim,
3264 3824 3349 3873 via
3381 3820 3546 3874 maris

1965 3907 2106 3962 ultra
2177 3907 2506 3972 Jordanem,
2558 3909 2776 3964 Galilzea
2833 3911 3110 3979 gentium;
3172 3910 3400 3980 populus
3455 3911 3544 3978 qui

1963 4000 2106 4056 sedit
2131 4001 2180 4053 iu
2217 4001 2472 4067 tenebris,
2505 4001 2678 4056 lucem
2699 4001 2830 4056 vidit
2868 4011 3213 4072 tnaguam,et
3233 4001 3545 4057 sedentibus

1967 4092 2018 4146 in
2066 4094 2284 4160 regione
2321 4102 2375 4146 et
2410 4093 2600 4146 umbra
2655 4095 2866 4156 mortis,
2925 4093 3015 4146 lux
3052 4102 3172 4148 orta
3208 4101 3291 4147 est
3321 4093 3401 4146 eis
3425 4092 3488 4145 ".
3523 4112 3540 4143 ι

1965 4183 2128 4237 Addit
2155 4200 2282 4238 vero
2324 4185 2436 4239 his:
2472 4201 2490 4235 ι
2532 4184 2898 4240 Obambulaus
2921 4185 3216 4254 verojuxta
3249 4201 3397 4240 mare
3431 4186 3543 4242 Ga-

1967 4274 2138 4338 lilaeae,
2171 4276 2303 4329 vidit
2331 4277 2464 4330 duos
2495 4276 2712 4340 fratres,
2755 4276 3028 4333 Simonem
3064 4278 3266 4332 dictum
3301 4277 3542 4342 Petrum,

1966 4375 2020 4420 et
2067 4368 2341 4421 Andream
2372 4366 2593 4421 fratrem
2632 4368 2768 4436 ejus,
2799 4369 3064 4438 jacieutes
3093 4370 3228 4424 retia
3259 4369 3313 4423 in
3346 4385 3498 4424 mare
3527 4386 3541 4424 :

1966 4469 2123 4513 erant
2159 4461 2302 4514 enim
2332 4460 2663 4530 piscatores:
2693 4478 2754 4516 ac
2793 4463 2927 4516 dixit
2961 4462 3067 4517 illis
3114 4463 3272 4518 Jesus
3307 4479 3323 4515 :
3355 4461 3545 4516 Venite

1968 4560 2090 4620 post
2125 4565 2230 4615 me,
2282 4549 2557 4604 etfaciam
2597 4568 2692 4607 vos
2745 4553 3043 4622 piscatores
3092 4555 3390 4609 hominum.
3448 4555 3546 4608 At-

1971 4657 2078 4712 que
2106 4641 2202 4706 illi,
2239 4643 2500 4697 continuo
2534 4643 2736 4697 relictis
2779 4645 3002 4710 retibus,
3049 4647 3218 4700 secuti
3248 4655 3371 4700 sunt
3398 4662 3540 4701 eum.

1970 4733 2098 4790 Inde
2124 4749 2442 4803 progressus
2478 4735 2610 4788 vidit
2637 4734 2772 4790 alios
2797 4736 2932 4791 duos
2999 4735 3216 4802 fratres,
3285 4737 3545 4794 Jacobum

1971 4829 2139 4883 ﬁlium
2181 4827 2446 4892 Zebedaai,
2473 4837 2527 4882 et
2551 4827 2812 4883 Joannem
2846 4831 3068 4884 fratrem
3102 4831 3217 4898 ejus
3281 4831 3332 4884 iu
3399 4832 3543 4895 navi,

1969 4937 2091 4977 cum
2122 4921 2382 4976 Zebedzeo
2413 4929 2566 4990 patre
2604 4937 2720 4986 suo,
2776 4921 3074 4977 sarcientes
3131 4939 3228 4977 sua
3285 4923 3417 4978 retia
3441 4965 3456 4990 ,
3490 4934 3546 4978 et

1971 5012 2184 5067 vocavit
2214 5027 2310 5066 eos
2349 5030 2362 5064 :
2415 5011 2577 5080 hique
2615 5013 2860 5082 protinus
2902 5013 3086 5067 relicta
3142 5015 3262 5068 navi
3301 5024 3356 5070 et
3393 5024 3546 5084 patre

1967 5119 2082 5170 suo,
2113 5105 2282 5159 secuti
2308 5113 2434 5158 sunt
2459 5119 2582 5158 eum
2603 5104 2670 5158 ⁸⁸.
2703 5122 2721 5156 ι
2748 5103 3037 5159 Sciendum
3057 5118 3188 5160 vero
3212 5103 3545 5175 Scripturam

1967 5209 2182 5252 sacram
2201 5193 2381 5249 dicere
2413 5209 2562 5248 mare
2585 5193 2819 5250 Galilteaz
2854 5195 3198 5251 Tiberiadem
3228 5197 3425 5262 lacum,
3455 5196 3543 5251 ubi

1967 5289 2137 5344 divini
2183 5291 2432 5362 discipuli
2465 5293 2809 5361 piscatoriam
2843 5305 3012 5345 artem
3035 5307 3292 5346 exercere
3336 5290 3541 5345 inventi

1967 5390 2113 5438 sunt.
2159 5381 2310 5438 Facit
2342 5384 2504 5453 igitur
2540 5383 2698 5438 verba
2735 5382 2894 5453 150
2924 5387 2974 5436 in
3010 5387 3294 5453 pnesentia
3329 5383 3544 5435 univer-

1970 5474 2148 5530 sitatis
2179 5476 2320 5530 Deus
2349 5489 2482 5532 voce
2511 5477 2804 5546 prophetae,
2841 5477 2988 5530 velut
3058 5476 3121 5528 ad
3157 5476 3405 5545 regiones
3429 5473 3544 5526 sive

1971 5566 2220 5622 civitates
2256 5566 2428 5622 tribus
2451 5545 2688 5621 zabulon
2737 5577 2790 5622 et
2818 5563 3183 5637 Ncphtbalim,
3215 5579 3337 5634 quae
3385 5560 3544 5615 Tibe-

1971 5657 2109 5714 riadi
2139 5668 2330 5729 stagno
2391 5667 2546 5716 erant
2594 5659 2867 5716 conﬁnes:
2928 5660 3124 5730 quibus
3177 5665 3384 5711 tantum
3436 5668 3544 5708 nou
