4742 6544
1194 382 1303 438 247

2188 382 2246 435 S.
2291 378 2567 436 CYRILLI
2615 378 3087 438 ALEXANDBIN!
3127 378 3449 437 ARCHIEP.

4376 374 4479 430 υἱ

1198 497 1454 555 salutaris
1492 497 1737 566 poculum
1772 494 2105 563 impartitur,
2135 505 2191 550 et
2254 497 2438 551 vinum
2507 497 2762 567 propinat
2820 500 2868 557 Α
2895 512 2987 559 τες
3031 513 3071 548 τι

2610 497 2762 567 ρίηοῖ
2820 500 2868 557 Α
2895 512 2987 559 τες
3031 496 3226 567 τέχνην
3273 497 3322 550 οἱ
3364 497 3639 551 θεσπέσιοι
3692 495 3951 568 μαθηταί.
3995 493 4244 546 Ποιεῖται
4300 504 4480 543 τοινυν

1198 590 1513 645 exhilaratus
1551 604 1645 643 cor
1678 586 1931 649 hominis,
1967 587 2406 656 pradicationem
2438 588 2691 643 videlicet
2720 588 2786 644 de

1199 681 1441 734 Christo.
1472 677 1603 735 Hoc.
1646 678 1840 746 inquit,
1901 678 2138 745 primum
2171 677 2320 745 bibe,
2378 679 2486 733 cito
2512 678 2692 745 facito,
2732 678 2786 734 id

1200 785 1304 835 est,
1335 788 1367 826 ο
1397 774 1546 843 regio
1579 770 1819 826 Zahulon
1856 787 1919 826 ac
1945 770 2318 841 Nephthalim,
2364 772 2622 840 suscipite
2648 786 2785 842 prte-

1200 866 1522 921 dicatinnem
1563 864 1877 918 salutarem.
1908 863 2012 918 Sed
2053 863 2218 917 facite
2258 864 2385 925 cito,
2428 862 2478 917 id
2505 872 2610 928 est,
2647 863 2785 916 citra

1201 971 1413 1009 omnem
1473 970 1703 1007 moram.
1782 954 2022 1018 Celeres,
2097 955 2171 1007 uti
2247 955 2516 1019 dicebam,
2570 953 2787 1008 fuerunt

1204 1048 1475 1117 discipuli,
1507 1058 1559 1101 et
1593 1048 1747 1101 valde
1773 1046 2025 1101 alacriter
2056 1045 2122 1099 ad
2173 1047 2498 1102 credendum
2568 1046 2787 1103 Christo

1202 1142 1577 1213 prosilierunt.
1625 1138 1759 1192 Nam
1787 1141 2043 1193 continuo
2078 1139 2279 1193 relictis
2317 1140 2520 1194 retibus
2550 1150 2605 1193 et
2636 1150 2790 1208 patre

1204 1250 1326 1297 suo,
1353 1234 1527 1287 secuti
1559 1242 1685 1286 sunt
1712 1248 1727 1296 ;
1763 1240 1820 1285 et
1853 1246 1953 1286 nec
1977 1230 2131 1300 longa
2168 1230 2504 1285 institutione
2531 1230 2633 1286 illis
2653 1246 2789 1300 opus

1205 1323 1329 1377 fuit.
1376 1321 1883 1375 Andieruutenim:
1919 1339 1938 1371 ι
1996 1320 2183 1374 Venite
2213 1329 2336 1389 post
2364 1334 2468 1384 me,
2503 1329 2556 1375 et
2589 1318 2786 1374 faciam

1206 1434 1303 1471 vos
1332 1418 1629 1486 piscatores
1680 1414 1959 1468 hominum
1984 1431 2001 1476 ;
2032 1422 2087 1467 et
2120 1411 2289 1466 secuti
2318 1423 2448 1465 sunt
2477 1426 2599 1467 eum
2655 1411 2724 1464 ⁶¹.
2761 1428 2781 1462 ι

1204 1510 1330 1564 Pari
1362 1510 1518 1564 modo
1546 1516 1601 1561 et
1625 1517 1850 1562 caeteros
1890 1515 2106 1561 sanctos
2136 1504 2407 1572 apostolos
2437 1514 2657 1559 vocatos
2706 1504 2788 1558 in-

1206 1605 1508 1662 veniemus,
1541 1608 1595 1653 et
1628 1599 1679 1652 in
1718 1598 2053 1668 disciplinam
2094 1594 2296 1651 Christi
2362 1609 2421 1650 se
2476 1595 2784 1650 tradidisse.

1209 1692 1410 1748 Scribit
1429 1691 1572 1745 enim
1586 1690 1823 1744 Joannes
1844 1691 1923 1745 sic
1945 1689 2011 1744 de
2025 1687 2311 1743 Servatore
2333 1698 2520 1742 nostro
2534 1687 2784 1743 Christo:

1213 1806 1232 1837 ι
1268 1785 1489 1841 Postero
1535 1785 1620 1839 die
1654 1783 1823 1837 voluit
1847 1782 1997 1837 exire
2040 1782 2091 1835 in
2130 1779 2431 1847 Galilteam,
2480 1790 2534 1836 et
2587 1780 2790 1849 reperit

1208 1877 1535 1945 Philippum;
1570 1886 1625 1929 et
1659 1874 1789 1929 dicit
1811 1875 1857 1929 ei
1894 1872 2070 1938 Jesus,
2130 1886 2358 1941 sequere
2403 1888 2506 1927 me.
2536 1848 2668 1926 Erat
2694 1887 2791 1925 au-
2823 1848 2864 1905 Β

1208 1980 1314 2021 tem
1349 1965 1624 2034 Philippus
1674 1979 1706 2017 a
1740 1962 2025 2017 Bethsaida
2090 1961 2310 2017 civitate
2347 1962 2576 2016 Andreae
2604 1970 2658 2016 et
2691 1962 2791 2016 Pe-

1210 2058 1297 2112 tri.
1339 2057 1551 2124 liepcrit
1585 2054 1861 2121 Philippus
1890 2051 2302 2112 Nathanaelem,
2336 2062 2391 2105 et
2433 2052 2563 2105 dicit
2590 2052 2675 2105 ei:
2715 2051 2792 2109 De

1210 2162 1316 2214 quo
1350 2146 1571 2213 scripsit
1603 2144 1777 2197 Moses
1804 2144 1855 2196 in
1898 2142 2035 2211 lege,
2073 2149 2128 2193 et
2157 2141 2453 2209 prophetaz,
2483 2140 2791 2196 invenimus

1207 2236 1392 2292 Jesum
1454 2237 1620 2290 [ilium
1679 2235 1876 2305 Ioseph
1930 2232 2269 2288 Nazarenutn
2314 2233 2385 2287 3’.
2444 2251 2465 2286 ο
2518 2232 2618 2287 Ubi
2662 2247 2792 2287 vero

1208 2331 1437 2385 accessit
1477 2331 1541 2382 ad
1583 2328 1790 2391 Jesum,
1852 2342 1918 2383 ac
1978 2326 2246 2380 dicentem
2295 2326 2512 2382 demum
2545 2326 2789 2384 audivit:

1214 2442 1236 2477 ι
1271 2424 1591 2490 Priusquam
1641 2431 1690 2477 te
1714 2420 1993 2490 Philippus
2034 2428 2271 2485 vocaret,
2320 2435 2441 2473 cum
2498 2434 2648 2474 esses
2692 2419 2793 2473 sub

1209 2516 1340 2580 ﬁcu,
1372 2513 1621 2568 videbam
1654 2521 1725 2578 te,
1781 2531 1800 2563 ι
1834 2512 2057 2565 credidit
2090 2513 2359 2581 protinus,
2420 2521 2478 2565 et
2515 2510 2791 2575 clamavit,

1209 2608 1397 2665 dicens
1431 2625 1443 2661 :
1481 2625 1499 2657 ι
1538 2604 1733 2669 Rahbi,
1767 2612 1819 2656 tu
1850 2618 1910 2658 es
1938 2602 2106 2658 Filius
2147 2603 2262 2668 Dei,
2298 2612 2353 2655 tu
2388 2617 2449 2659 es
2485 2617 2578 2659 rex
2613 2602 2792 2659 lsrae-

1210 2699 1278 2754 iis
1310 2698 1376 2752 ⁸³.
1416 2718 1435 2750 ι
1472 2698 1680 2752 Rursus
1710 2696 2018 2758 Betltsaida,
2045 2696 2112 2751 de
2137 2710 2242 2764 qua
2270 2694 2549 2763 Philippus
2595 2705 2647 2750 et
2687 2695 2793 2749 Na-

1210 2790 1427 2847 thanael
1460 2788 1673 2843 oriundi
1704 2796 1850 2851 sunt,
1877 2787 2158 2856 adjacebat
2188 2788 2324 2843 mari
2356 2786 2649 2842 Tiberiadi.
2682 2786 2793 2842 Meo

1212 2883 1369 2937 minit
1398 2883 1522 2937 item
1564 2883 1756 2936 heatns
1786 2880 1951 2933 David
1971 2879 2255 2933 electionis
2289 2880 2697 2948 discipulorum,
2740 2890 2790 2935 et

2887 589 3013 651 τοὺς
3036 588 3225 657 λόγους
3254 591 3283 642 ὁ
3298 589 3407 642 τῶν
3433 590 3571 644 ὅλων
3593 590 3725 653 Θεὸς
3740 589 3828 642 διὰ
3858 589 4044 657 φωνῆς
4066 586 4163 638 τοῦ
4193 585 4483 655 προφήτου

2888 678 3026 750 πρὸς
3055 681 3114 732 τὸ
3155 681 3350 750 παρὸν,
3376 680 3451 744 ὡς
3482 682 3617 753 πρός
3645 699 3706 733 τε
3743 680 3841 742 τὰς
3868 678 4055 749 χώρας
4089 678 4211 747 ἦτοι
4253 677 4358 739 τὰς
4392 677 4483 729 πό-

2886 769 3000 834 λεις
3040 770 3141 839 τῆς
3187 771 3358 840 φυλῆς
3390 770 3677 826 Ζαϐουλὼν
3714 773 3809 826 καὶ
3839 770 4191 840 Νεφθαλεὶμ,
4237 770 4294 823 αἶ
4342 787 4485 839 napo

2888 861 3097 916 έκειντο
3123 866 3189 933 τῇ
3219 863 3496 935 Τιϐεριάδι
3528 864 3728 937 λίμνῃ·
3764 864 3859 918 καὶ
3893 861 4181 933 μονονουχὶ
4216 863 4484 932 ποτήριον

2887 954 3078 1017 αὐταῖς
3102 954 3196 1007 τοῦ
3234 957 3501 1026 σωτηρίου
3529 957 3721 1021 διδοὺς,
3750 957 3845 1010 καὶ¹
3870 952 4016 1010 οἶνον
4044 955 4347 1026 προσάγων
4384 954 4479 1007 τὸν

2889 1047 3248 1115 εὐφραίνοντα
3268 1047 3496 1118 καρδίαν
3524 1047 3832 1119 ἀνθρώπου,
3851 1048 3914 1101 τὸ
3938 1049 4205 1118 κήρυγμα
4227 1046 4483 1115 δηλονότι

2889 1137 2951 1189 τὸ
2995 1139 3124 1208 περὶ
3162 1137 3421 1208 Χριστοῦ.
3472 1138 3644 1192 Τοῦτο
3704 1139 3918 1210 πρῶτον
3966 1140 4080 1203 πίε,
4136 1140 4295 1208 φησὶ,
4343 1137 4483 1207 ταχῦ

2892 1231 3058 1292 ποίει,
3108 1230 3251 1283 τοῦτ’
3295 1229 3463 1294 ἔστιν,
3497 1225 3542 1284 ὦ
3600 1230 3752 1302 χώρα
3799 1230 4087 1285 Ζαϐουλὼν
4131 1232 4230 1283 καὶ
4271 1228 4484 1296 Νεφθαο

2892 1322 3039 1392 λεὶμ,
3061 1321 3281 1393 δέχεσθε
3310 1322 3370 1377 τὸ
3398 1323 3467 1393 κή
3478 1340 3665 1394 ρυγμα
3684 1323 3746 1377 τὸ
3778 1325 4070 1395 σωτήριον.
4089 1322 4255 1374 Ἀλλὰ
4276 1324 4485 1375 ποιεῖτε

2892 1413 3053 1480 ταχὺ,
3081 1412 3225 1465 τοῦτ’
3249 1412 3365 1465 ἔστι
3385 1460 3399 1478 ,
3434 1413 3752 1484 μελλησμοῦ
3782 1413 3904 1482 δίχα
3934 1414 4160 1475 παντός.
4202 1412 4384 1478 Ὀξεῖς
4405 1412 4484 1477 δὲ,

2894 1502 2972 1567 ὡς
3003 1502 3160 1573 Esmv,
3188 1506 3234 1556 οί
3262 1503 3527 1575 μαθηταὶ,
3557 1505 3652 1558 καὶ
3676 1505 3795 1557 λίαν
3827 1504 4062 1570 ἑτοίμως
4099 1504 4275 1566 ἰόντες
4301 1503 4401 1555 ἐπὶ
4428 1503 4487 1555 τὸ

2896 1597 3185 1649 πιστεῦσαι
3212 1597 3453 1667 Χριστῷ.
3492 1598 3892 1666 Ἦκολούθησαν
3918 1597 4027 1667 γὰρ
4052 1596 4217 1660 εὐθὺς
4249 1596 4488 1666 ἀφέντες

2894 1689 2964 1744 τὰ
2990 1689 3181 1742 δίκτυα
3212 1689 3306 1742 καὶ
3336 1689 3428 1743 τὸν
3459 1690 3694 1760 πατέρα,
3732 1691 3826 1742 καὶ
3860 1689 4259 1759 μυσταγωγίας
4300 1688 4489 1751 αὐτοῖς

2896 1779 3118 1850 ἐδέησεν
3147 1781 3207 1833 ού
3240 1782 3726 1851 μακρᾶς.’Ήκουον
3751 1781 3858 1851 γάρ
3878 1797 3891 1810 ·
3918 1799 3937 1831 ι
3962 1781 4127 1833 Δεῦτε
4151 1780 4331 1832 ὀπίσω
4358 1797 4486 1850 μου,

2896 1873 2990 1925 καὶ
3038 1873 3247 1942 ποιήσω
3293 1873 3439 1942 ὑμᾶς
3485 1872 3739 1940 γενέσθαι
3785 1874 3958 1937 ἁλιεῖς
4015 1872 4345 1944 ἀνθρώπων,
4394 1873 4488 1925 καὶ

2897 1962 3270 2035 ἠκολούθησαν
3307 1962 3474 2033 αὐτῷ.
3517 1982 3535 2017 ι
3600 1965 3757 2018 Κατὰ
3802 1965 3896 2017 τὸν
3947 1960 4067 2017 ῐσον
4124 1965 4330 2036 τρόπον
4395 1964 4490 2016 καὶ

2896 2056 3116 2126 ἐτέρους
3144 2056 3254 2109 τῶν
3296 2058 3467 2125 ἁγίων
3497 2059 3815 2113 ἀποστόλων
3843 2056 4221 2127 κεκλημένους
4254 2057 4489 2127 εὑρήσοι

2899 2166 3019 2216 μεν,
3058 2149 3155 2202 καὶ
3189 2150 3560 2220 πεποιηκότας
3586 2151 3687 2219 τῆς
3711 2150 3803 2203 ἐπὶ
3831 2148 4056 2220 Χριστῷ
4090 2148 4490 2218 μυσταγωγίας

2894 2241 2984 2295 τὸν
3016 2241 3195 2309 λόγον.
3227 2243 3433 2313 Γράφει
3466 2244 3577 2315 γὰρ
3618 2244 3876 2314 Ἰωάννης
3919 2243 4017 2296 ὡδὶ
4062 2240 4192 2312 περὶ
4228 2241 4327 2293 τοῦ
4359 2242 4491 2294 πάν-

2893 2352 3000 2391 των
3028 2334 3184 2404 ἡμῶν
3214 2336 3469 2405 Σωτῆρος
3506 2334 3743 2406 Χριστοῦ
3765 2352 3776 2364 ·
3806 2359 3826 2384 ς
3867 2335 3945 2405 Τῇ
3978 2333 4246 2403 ἐπαύριον
4284 2332 4491 2403 ¹ηθέλη-

2897 2440 2988 2477 σεν
3015 2423 3253 2489 ἐξελθεῖν
3284 2426 3364 2486 είς
3396 2424 3493 2495 τὴν
3523 2425 3812 2478 Γαλιλαίαν
3833 2440 3846 2453 ·
3877 2426 3970 2478 καὶ
4003 2424 4255 2495 εὑρίσκει
4297 2423 4493 2476 Φίλιπ-

2894 2533 3017 2579 πον,
3048 2516 3141 2571 καὶ
3170 2514 3319 2584 ,λέγει
3346 2516 3537 2585 asch
3571 2515 3802 2586 Ἰησοῦς·
3835 2515 4144 2569 Ἀκολούθει
4170 2531 4282 2585 μοι.
4301 2509 4418 2568 Ἦν
4438 2515 4494 2568 δὲ

2894 2607 2923 2660 ὁ
2969 2607 3237 2671 Φίλιππος
3289 2606 3397 2661 ἀπὸ
3432 2606 3710 2677 Βηθσαϊδὰ
3754 2607 3822 2659 ἐκ
3865 2606 3963 2677 τῆς
4005 2605 4191 2677 χώρας
4232 2606 4492 2674 Ἀνδρέου

2897 2698 2992 2753 καὶ
3043 2698 3272 2769 Πέτρου.
3316 2697 3577 2768 Εὑρίσκει
3620 2698 3887 2761 Φίλιππος
3925 2697 4018 2750 τὸν
4048 2696 4353 2766 Ναθαναὴλ
4403 2696 4495 2749 καὶ⁵

2895 2791 3045 2860 λέγει
3080 2789 3262 2860 αὐτῷ’
3304 2792 3399 2851 Ὃν
3431 2788 3636 2860 ἔγραψε
3673 2790 3880 2857 Μωσῆς
3912 2791 3970 2841 ἐν
4005 2788 4083 2858 τῷ
4112 2788 4290 2858 νόμῳ,
4323 2788 4420 2841 καὶ
4446 2788 4495 2840 oi

2896 2882 3192 2953 προφῆται,
3231 2880 3549 2951 εὑρήκαμεν
3618 2877 3829 2949 Ἰησοῦν
3861 2878 3977 2932 υἱὸν
4014 2878 4109 2931 τοῦ
4158 2880 4366 2948 Ἰωσὴφ
4406 2878 4495 2932 τὸν

1212 2977 1387 3044 inquit
1416 2995 1429 3029 :
1465 2993 1484 3026 ι
1525 2973 1639 3028 lllic
1671 2971 1949 3040 Beniamin
1978 2970 2163 3038 iunior
2220 2971 2273 3024 in
2327 2981 2567 3040 stupore,
2597 2973 2796 3042 princi-
2897 2974 3006 3027 ἀπὸ
3032 2973 3085 3028 Ν

2617 2973 2796 3026 irinci-
2897 2974 3006 3027 ἀπὸ
3032 2971 3307 3044 Ναζαρέθ.
3338 2991 3358 3023 ›
3383 2969 3599 3042 Ἐπειδὴ
3621 2969 3678 3023 δὲ
3709 2971 3937 3039 ἀφίκετο
3967 2970 4104 3041 πρὸς
4132 2969 4224 3023 τὸν
4257 2969 4490 3040 Ἰησοῦν,

1213 3082 1309 3136 pes
1335 3067 1493 3128 Juda,
1522 3068 1687 3121 duces
1710 3079 1924 3125 eorum,
1951 3065 2224 3132 principes
2274 3063 2543 3126 Zabulon,
2592 3066 2797 3132 princi—
2897 3062 3016 3137 εἶτα
3044 3065 3086 3117 λε

2621 3066 2797 3119 ιιυίιιοὶ-
2897 3062 3016 3137 εἶτα
3044 3065 3294 3132 λέγοντος
3316 3064 3538 3134 ῆκουσε·
3561 3082 3580 3116 ι
3605 3062 3718 3133 Πρὸ
3735 3062 3830 3116 τοῦ
3861 3079 3919 3116 σε
3948 3062 4216 3114 Φίλιππον
4241 3060 4494 3129 φωνῆσαι

1214 3170 1311 3223 pes
1338 3152 1681 3223 Nrphthalim
1708 3153 1773 3207 ⁸⁸.
1806 3152 1960 3219 Quod
1993 3162 2175 3208 autem
2208 3153 2640 3224 diviuidiscipuli
2681 3155 2795 3210 suis
2898 3159 3028 3214 ὄντα
3074 3160 3087 3211 t‘

2628 3155 2640 3207 i
2681 3155 2795 3210 suis
2898 3159 3028 3214 ὄντα
3074 3160 3177 3212 ὑπὸ
3204 3159 3304 3229 τὴν
3354 3159 3526 3215 συκῆν
3571 3153 3709 3210 εἶδόν
3752 3174 3836 3219 σε,
3867 3175 3884 3207 ι
3928 3154 4265 3209 πεπίστευκε
4317 3170 4496 3223 παρα-

1215 3247 1544 3315 temporihus
1592 3261 1696 3301 non
1725 3246 1821 3301 soli
1842 3244 2066 3300 vocandi
2096 3255 2301 3311 essent,
2336 3246 2429 3300 sed
2456 3245 2619 3300 etiam
2660 3246 2796 3299 mul-
2823 3251 2867 3310 ς.
2900 3252 3087 3322 χρῆμα

2660 3246 2796 3299 mill‘
2823 3251 2867 3310 C
2900 3252 3107 3322 χρῆμα,
3140 3252 3233 3305 καὶ
3259 3250 3322 3321 δὴ
3348 3251 3442 3304 καὶ
3476 3249 3749 3319 ἀνέκραγε
3787 3248 3962 3314 λέγων
3984 3264 3996 3276 ·
4032 3265 4051 3293 ι
4089 3246 4267 3310 Ῥασὶ,
4299 3247 4367 3298 σὺ
4395 3242 4447 3298 εἷ
4468 3246 4495 3298 ὁ

1217 3335 1390 3389 titudo
1414 3336 1678 3404 gentium,
1723 3336 1992 3404 designat,
2025 3334 2312 3402 inquiens:
2362 3334 2427 3388 Et
2468 3335 2660 3403 reliqui
2689 3350 2802 3389 ma-
2905 3344 3035 3407 Υἱὸς
3087 3366 3090 3378 ‹

2618 3335 2660 3388 lli
2689 3350 2802 3389 ma-
2905 3344 3035 3407 Υἱὸς
3087 3343 3181 3396 τοῦ
3230 3342 3388 3407 Θεοῦ,
3436 3343 3501 3398 σὺ
3551 3338 3603 3395 εἷ
3649 3345 3676 3395 ό
3722 3340 3976 3411 βασιλεὺς
4021 3339 4119 3392 τοῦ
4184 3339 4429 3409 Ἰσραήλ.
4474 3358 4491 3391 ι

1219 3425 1385 3477 ritimi
1416 3426 1556 3478 ultra
1611 3424 1926 3487 Iordanem,
1978 3424 2198 3480 Galilaaa
2260 3428 2523 3494 gentium,
2577 3427 2804 3495 populus
2906 3434 3092 3505 Βηθσα

2625 3427 2804 3495 ψυιίιϐ
2906 3434 3178 3505 Βηθσαϊδὰ
3209 3434 3265 3486 δὲ
3290 3434 3450 3487 πάλιν
3481 3432 3539 3498 ἐξ
3588 3428 3656 3505 ἦς
3685 3434 3713 3484 ὁ
3739 3431 4006 3493 Φίλιππος
4044 3426 4114 3501 ἦν
4149 3428 4247 3484 καὶ
4278 3429 4381 3498 μέν
4416 3446 4498 3481 τοι

1218 3517 1310 3585 qui
1343 3516 1583 3595 ambulat
1625 3517 1677 3570 in
1723 3517 1983 3578 tenebris,
2016 3516 2187 3573 lucem
2241 3517 2375 3571 vidit
2425 3532 2697 3586 magnam;
2749 3527 2803 3573 et
2905 3525 3091 3581 Ναθαν

2624 3533 2697 3583 ιιιὶ
2749 3527 2803 3573 ei
2905 3523 3220 3595 Ναθαναὴλ,
3271 3524 3567 3594 παρέκειτο
3625 3526 3690 3594 τῇ
3759 3522 4004 3594 θαλάσσῃ
4054 3523 4120 3591 τῇ
4188 3519 4494 3591 Τιϐεριάδι.

1218 3608 1309 3676 qui
1351 3607 1609 3663 habitatis
1648 3608 1700 3661 in
1738 3608 1956 3675 regione
1983 3624 2043 3663 ac
2073 3608 2259 3661 umhra
2294 3608 2504 3671 mortis,
2550 3607 2638 3661 lux
2678 3607 2801 3663 illu-
2906 3617 3091 3687 Διαμέι

2622 3625 2638 3661 ί
2678 3607 2801 3663 Ῐηυο
2906 3617 3281 3688 Διαμέμνηται
3326 3616 3383 3668 δὲ
3412 3615 3507 3668 καὶ
3546 3614 3576 3668 ὁ
3628 3614 3897 3685 μακάριος
3926 3612 4090 3665 Δαὸὶδ
4117 3613 4219 3681 τῆς
4254 3610 4369 3663 τῶν
4396 3628 4495 3681 μα.⁸

1222 3702 1367 3756 cehit
1394 3700 1560 3756 vobis.
1602 3699 2087 3755 lncedehaitteuim
2124 3699 2233 3766 jam
2257 3699 2476 3765 perinde
2504 3710 2561 3752 ut
2595 3711 2801 3769 gentes,
2906 3708 3085 3779 θητῶν

2625 3711 2801 3761 ἐηιθεο
2906 3708 3085 3779 θητῶν
3125 3708 3508 3778 ἀναρρήσεως,
3556 3705 3650 3759 καί
3696 3721 3891 3774 φησιν·
3938 3725 3955 3755 ι
4001 3705 4147 3756 Ἐκεῖ
4198 3702 4498 3772 Βενιαμεὶν

1220 3802 1275 3847 et
1299 3792 1863 3849 commemorabantur
1913 3790 1964 3844 in
2026 3792 2126 3848 hoc
2186 3792 2404 3857 mundo,
2467 3791 2802 3860 tanquamin
2907 3797 3093 3867 νεώτεε

2625 3807 2718 3844 γαίη
2751 3791 2802 3847 in
2907 3797 3171 3867 νεώτερος
3212 3799 3269 3850 ὲν
3296 3797 3572 3861 ἐκστάσει,
3616 3796 3874 3867 ἄρχοντες
3907 3792 4078 3847 Ἰούδα
4101 3792 4377 3863 ἡγεμόνες
4399 3793 4498 3845 a6-

1222 3894 1401 3949 nocte,
1472 3897 1528 3939 et
1586 3885 1638 3941 in
1704 3886 1962 3950 tenebris,
2048 3893 2329 3953 propterea
2413 3884 2555 3952 quod
2623 3882 2803 3939 lumen
2906 3889 3095 3942 τῶν-ἅ

2625 3882 2803 3939 lumen
2906 3889 3036 3942 τῶν·
3068 3889 3324 3959 ἄρχοντες
3348 3885 3652 3951 Ζαϐουλὼν,
3684 3886 3943 3957 ἄρχοντες
3962 3882 4303 3954 Νεφθαλείμ.
4333 3901 4352 3934 ι
4372 3881 4498 3936 ὀτι

1229 3977 1382 4048 151
1422 3993 1566 4032 verae
1599 3977 1688 4032 Dei
1719 3976 2049 4044 cognitionis
2081 3976 2131 4029 in
2164 3975 2346 4030 animo
2374 3990 2479 4030 non
2524 3973 2803 4036 haberent,
2907 3980 2960 4033 δὲ
3008 3979 3102 4050 ἔμε

2625 3982 2803 4036 ιενθηι.
2907 3980 2960 4033 δὲ
3008 3979 3230 4050 ἔμελλον
3270 3981 3332 4034 ού
3375 3980 3525 4050 μόνοι
3564 3977 3936 4048 κληθήσεσθαι
3977 3975 4120 4030 κατὰ
4166 3975 4407 4045 καιροὺς
4451 3976 4498 4026 ot

1223 4072 1319 4126 sed
1362 4078 1581 4126 ruerent
1607 4068 1759 4139 quasi
1797 4069 1848 4123 in
1883 4083 2100 4123 omnem
2140 4066 2373 4133 foveam,
2419 4077 2474 4124 et
2517 4066 2572 4122 in
2604 4067 2803 4121 malum
2910 4070 3096 4126 θεσπέι

2625 4067 2803 4121 nalum
2910 4070 3190 4126 θεσπέσιοι
3230 4071 3496 4143 μαθηταὶ.
3525 4070 3663 4126 ἀλλὰ
3693 4070 3802 4140 γὰρ
3834 4069 3927 4121 καὶ
3950 4069 4008 4120 αἱ
4037 4069 4146 4121 τῶν
4175 4067 4353 4121 ἐθνῶν
4380 4066 4498 4135 ἀγέρ

1225 4160 1392 4216 veluti
1448 4162 1514 4216 ad
1559 4161 1805 4230 quemvis
1854 4159 2085 4229 lapidem
2123 4158 2503 4229 impingerent.
2552 4157 2808 4212 Habitare
2909 4164 3021 4228 λαι,
3055 4180 3098 4216 xi

2636 4158 2808 4212 bitare
2909 4164 3021 4228 λαι,
3055 4162 3397 4232 καταμηνύει
3432 4161 3639 4229 λέγων’
3668 4161 3762 4215 καὶ
3792 4162 3842 4213 οί
3879 4158 4056 4212 λοιποὶ
4105 4160 4155 4211 oi
4194 4158 4297 4229 τὴν
4322 4158 4499 4229 παρ-ἀν

1225 4269 1356 4308 vero
1384 4268 1479 4313 eos
1522 4255 1575 4307 in
1617 4253 1837 4321 regione
1864 4262 1920 4307 et
1956 4253 2143 4306 umbra
2181 4253 2366 4308 mortis
2402 4253 2507 4317 ait,
2550 4253 2692 4321 quod
2738 4251 2809 4305 sit
2909 4254 3022 4308 λιον
3054 4273 3098 4308 xi

2626 4253 2692 4305 od
2738 4251 2809 4305 sit
2909 4254 3022 4308 λιον
3054 4254 3147 4309 καὶ
3188 4255 3365 4324 πέραν
3392 4253 3486 4307 τοῦ
3534 4251 3824 4323 Ἰορδάνου,
3872 4249 4135 4305 Γαλιλαία
4163 4250 4276 4304 τῶν
4305 4250 4494 4311 ἐθνῶν,

1230 4348 1371 4414 apud
1414 4361 1538 4410 eos,
1588 4352 1717 4415 puta
1756 4344 1810 4399 in
1863 4344 2170 4413 regionibus
2214 4360 2434 4408 eorum,
2475 4343 2619 4397 aliud
2675 4341 2809 4397 nihil
2908 4349 2937 4400 ὁ
2987 4346 3103 4408 λαὸς

2675 4341 2809 4397 nihil
2908 4349 2937 4400 ὁ
2987 4346 3113 4408 λαὸς
3156 4348 3184 4400 ὁ
3215 4345 3580 4415 πορευόμενος
3614 4344 3674 4397 ἐν
3731 4342 3917 4396 σκότει
3954 4342 4069 4410 φῶς
4111 4340 4188 4393 ἴδε
4227 4341 4396 4411 μέγα.
4438 4341 4497 4394 οι

1230 4452 1391 4507 quam
1424 4438 1536 4493 sola
1569 4436 1759 4492 nebula
1805 4445 1859 4489 et
1891 4436 2083 4506 caligo,
2116 4436 2314 4490 mentis
2355 4435 2602 4491 videlicet
2634 4444 2687 4488 et
2726 4435 2809 4488 iu-
2911 4455 3102 4495 κατοικ

2634 4444 2687 4488 et
2726 4435 2809 4488 in-
2911 4436 3288 4499 κατοικοῦντες
3312 4438 3371 4487 ἐν
3401 4434 3553 4506 χώρᾳ
3580 4435 3672 4489 καὶ
3706 4434 3835 4504 σκιᾷ
3863 4433 4123 4495 θανάτου,
4149 4432 4268 4501 φῶς
4292 4432 4498 4504 λάμψει

1231 4530 1571 4600 tclligentiae,
1626 4529 1828 4600 quique
1869 4529 1978 4583 sint
2023 4530 2193 4583 instar
2234 4537 2591 4590 mortuorum,
2630 4526 2807 4579 adhuc
2843 4592 2879 4600 _
2918 4530 3004 4595 ἐφ’
3046 4528 3104 4598 si

2630 4526 2807 4579 adhuc
2843 4592 2879 4600 _
2918 4530 3004 4595 ἐφ’
3046 4528 3210 4598 ὑμᾶς.
3255 4525 3532 4589 Ἐὸάδιξον
3574 4525 3681 4596 γὰρ
3715 4524 3906 4595 ῶσπερ
3951 4525 4001 4577 oi
4048 4526 4107 4590 ἐξ
4156 4523 4356 4588 ἐθνῶν,
4408 4526 4500 4577 καὶ

1233 4624 1500 4678 viventes.
1538 4621 1838 4693 Corporum
1868 4635 2100 4689 namque
2127 4621 2315 4674 umhra
2363 4621 2585 4678 omnino
2621 4633 2809 4674 eorum
2842 4592 2889 4647 θ
2917 4620 3106 4690 διέτριί

2627 4633 2809 4674 eorum
2842 4592 2889 4647 θ
2917 4592 3181 4690 διέτριδον
3210 4621 3267 4670 ὲν
3293 4618 3428 4688 τῷδε
3462 4617 3540 4687 τῷ
3587 4592 3779 4687 κόσμῳ
3803 4635 3815 4647 ·
3851 4592 4108 4689 καθάπερ
4152 4617 4203 4670 οἱ
4243 4619 4302 4671 ἐν
4347 4622 4500 4673 νυκτὶ

1235 4715 1437 4769 formas
1470 4715 1736 4777 imitatur,
1768 4724 1824 4768 et
1858 4723 2117 4781 quiantum
2160 4714 2225 4767 ad
2275 4711 2458 4782 ﬁgurae
2498 4709 2810 4765 similitudiv
2918 4711 3012 4767 καὶ
3044 4711 3102 4764 ὲν

2628 4709 2810 4765 litudi-
2918 4711 3012 4767 καὶ
3044 4711 3102 4764 ὲν
3134 4710 3333 4780 σκότῳ,
3360 4708 3449 4762 διά
3475 4725 3560 4762 τοι
3602 4708 3663 4761 τὸ
3685 4709 3800 4778 φῶς
3828 4711 3930 4763 οὐκ
3955 4709 4099 4779 ἔχειν
4126 4711 4208 4772 εις
4249 4709 4379 4764 νοῦν
4408 4713 4501 4779 τῆς

1236 4823 1360 4862 nem
1396 4807 1608 4865 attinet.
1644 4806 1787 4861 nulla
1826 4806 2035 4859 ratione
2065 4804 2361 4870 discrepat.
2418 4800 2581 4857 Deum
2630 4808 2809 4857 autem
2918 4800 3109 4871 ἀληθοί

2630 4808 2809 4857 autem
2918 4800 3149 4871 ἀληθοῦς
3178 4801 3528 4869 θεογνωσίας,
3574 4801 3793 4854 πίπτειν
3828 4801 3886 4854 δὲ
3912 4800 4103 4872 ὥσπερ
4130 4803 4276 4855 κατὰ
4307 4802 4499 4873 βόθρου

1238 4900 1452 4954 nescire
1484 4899 1574 4967 qui
1620 4908 1807 4952 natura
1843 4906 1927 4952 est
1953 4906 2007 4951 et
2042 4909 2167 4951 vere
2201 4896 2362 4957 Deus,
2396 4891 2625 4947 imitatio
2676 4904 2813 4957 quo~
2921 4891 3111 4952 παντός

2623 4916 2625 4932 ι
2676 4904 2813 4957 quo»
2921 4891 3150 4952 παντός·
3184 4890 3277 4942 καὶ
3313 4882 3404 4942 οἷά
3431 4907 3513 4951 τις
3547 4888 3680 4957 λίθῳ
3712 4891 3876 4942 παντὶ
3922 4891 4287 4960 προσπταίειν
4324 4891 4496 4961 κακῷ.

1236 4989 1532 5043 dammodo
1578 4998 1662 5045 est
1699 4999 1755 5043 et
1798 4990 1987 5041 umbra
2030 4986 2243 5042 mortis.
2278 4982 2541 5039 Caeterum
2574 4978 2678 5037 illis
2713 4978 2817 5037 hoc
2922 4980 3109 5036 Κατοιπ

2622 4980 2678 5037 iis
2713 4978 2817 5037 hoc
2922 4980 3210 5036 Κατοικεῖν
3230 4981 3285 5033 δὲ
3311 4981 3509 5044 αὐτοὺς
3536 4983 3593 5033 ἐν
3610 4980 3763 5051 χώρᾳ
3785 4982 3879 5033 καὶ
3908 4984 4037 5052 σκιᾷ
4054 4981 4289 5036 θανάτου
4312 4986 4495 5055 φησὶν,

1234 5078 1435 5135 morbo
1470 5076 1841 5135 laborantibus
1896 5079 1986 5133 lux
2019 5092 2209 5147 magna
2255 5072 2477 5137 affulsit,
2526 5081 2649 5141 post
2693 5084 2812 5125 eam
2920 5068 3009 5122 διὰ
3038 5068 3099 5122 τὸ

2631 5081 2649 5125 t
2693 5084 2812 5125 eam
2920 5068 3009 5122 διὰ
3038 5068 3099 5122 τὸ
3137 5066 3276 5123 εἶναι
3319 5073 3448 5142 παρ’
3482 5072 3666 5133 αὐτοῖς
3689 5111 3705 5134 ,
3742 5072 3909 5142 ἤγουν
3944 5074 4003 5128 ὲν
4036 5075 4160 5137 ταῖς
4191 5075 4381 5129 αὐτῶν
4409 5073 4501 5144 χώ-

1221 5182 1398 5236 quam
1435 5169 1547 5235 ipse
1578 5171 1832 5228 Christus
1863 5169 2065 5235 intulit,
2100 5166 2381 5223 oraculum
2407 5178 2625 5233 quoque
2644 5178 2814 5220 evan-
2923 5162 3094 5231 ραις,ε

2644 5178 2814 5220 evan-
2923 5161 3269 5231 ραις,ἕτερον
3294 5162 3464 5226 οὐδὲν,
3490 5163 3630 5236 πλὴν
3652 5165 3736 5218 ὅτι
3763 5166 3932 5235 μόνην
3957 5166 4128 5237 ἀχλὺν
4153 5167 4251 5220 καὶ
4284 5168 4498 5229 σκότον,

1206 5260 1486 5326 gelicum.
1524 5258 1653 5319 lude
1679 5264 1779 5321 fuit
1824 5265 2054 5319 maxima
2088 5273 2212 5327 pars
2244 5256 2422 5326 populi
2463 5270 2623 5325 quam
2647 5255 2815 5311 dedu-
2922 5252 3014 5305 τὸν
3038 5270 3079 5308 νι

2647 5255 2815 5311 dedu-
2922 5252 3014 5305 τὸν
3038 5254 3226 5326 νοητὸν
3254 5254 3513 5324 δηλονότι,
3542 5251 3684 5311 εἶναι
3709 5257 3765 5311 δὲ
3791 5256 3980 5329 ὥσπερ
4008 5258 4070 5310 ὲν
4100 5256 4365 5326 ὁμοιώσει
4395 5256 4498 5311 τῶν

1186 5346 1350 5399 xisti
1391 5347 1450 5399 in
1476 5349 1667 5409 lzetitia
1698 5368 1809 5413 tua.
1864 5354 2029 5411 Multo
2070 5351 2214 5405 enim
2260 5348 2441 5418 plures
2476 5361 2543 5401 ex
2568 5348 2817 5415 gentibus
2921 5344 3059 5399 τεθνι

2626 5348 2817 5405 uitibus
2921 5344 3249 5409 τεθνεώτων,
3284 5348 3461 5404 καίτοι
3500 5349 3707 5413 ζῶντας
3742 5351 3841 5405 ετι.
3879 5352 3939 5404 Ἢ
3975 5351 4074 5421 μὲν
4115 5349 4228 5421 γὰρ
4264 5351 4377 5406 τῶν
4409 5366 4499 5404 σω-

1169 5432 1400 5484 vocati
1440 5448 1598 5503 sunt,
1637 5457 1832 5514 prater
1873 5459 1967 5499 eos
2008 5442 2099 5509 qui
2144 5455 2210 5497 ex
2248 5436 2412 5493 Israel
2450 5436 2816 5495 crediderunt.
2926 5436 3042 5506 μάτ

2622 5436 2816 5495 lerunt.
2926 5436 3113 5506 μάτων
3166 5438 3294 5492 σκιὰ
3336 5442 3588 5509 μιμεῖται
3619 5441 3839 5505 πάντως
3888 5441 4069 5495 αὐτῶν
4114 5441 4187 5494 τὰ
4220 5443 4495 5513 σχήματα,

1134 5503 1418 5605 Ιιδςεζεδ,
1449 5503 1661 5593 inquit.
1697 5537 1870 5591 lucem
1922 5534 2056 5587 vidit
2098 5542 2370 5601 magnam,
2417 5528 2650 5585 maxima
2698 5544 2824 5597 pars
2926 5503 3007 5584 ira.

2624 5542 2650 5585 tt
2698 5544 2824 5597 pars
2926 5503 3290 5599 παραλλάττει
3316 5503 3373 5587 δὲ
3402 5503 3544 5594 δλως
3589 5531 3710 5589 κατ’
3731 5503 3923 5589 οὐδένα
3958 5533 4183 5605 τρόπον,
4211 5503 4348 5587 atro;
4367 5529 4497 5603 ἧκεν

1095 5600 1583 5679 Ρορυιὶιιυθιιι
1627 5624 1900 5678 deduxisti
1935 5623 1985 5675 in
2020 5600 2221 5677 laetitia.
2245 5619 2400 5686 illud,
2425 5638 2443 5671 ι
2476 5619 2774 5685 Deduxisti,
2797 5639 2816 5675 ι
2927 5621 2968 5677 sl

2626 5621 2774 5685 xisti,
2797 5639 2816 5675 ι
2927 5621 3007 5686 εἰς
3036 5621 3337 5692 ἐμφέρειαν
3375 5621 3473 5693 τὴν
3503 5623 3581 5688 ὡς
3613 5624 3672 5678 ἐν
3704 5624 3946 5695 σχήματι
3994 5600 4172 5694 λέγω·
4205 5626 4299 5679 τὸν
4336 5600 4401 5678 δέ
4435 5638 4493 5690 γε

1195 5744 1233 5771 “
1302 5750 1539 5823 Num.
1587 5788 1680 5841 ιν,
1724 5782 1801 5837 μ),
1882 5777 2358 5843 "toani,ts—t5.
2434 5777 2850 5832 "ibid.47—i9.
2927 5776 3067 5829 “Ps

1587 5788 1680 5841 ιν,
1724 5782 1801 5837 l9.
1882 5779 2073 5833 "Joan
2104 5797 2138 5843 ι,
2171 5777 2358 5832 4545.
2434 5777 2478 5809 ⁸³
2509 5778 2633 5832 ibid.
2664 5777 2850 5831 4749.
2927 5776 2970 5807 "
3000 5775 3137 5829 Psal.
3158 5790 3324 5836 uvn,
3350 5774 3440 5829 28.
