4742 6496
556 347 660 403 219

1720 356 1788 413 ΙΝ
1822 358 2058 416 ISAMM
2099 361 2230 420 LIB.
2271 365 2316 422 Ι.
2355 365 2565 423 ORAT.
2613 366 2674 423 ν.

3709 383 3815 432 250

553 464 681 515 θεὸν
706 462 806 514 οὐκ
831 461 1031 515 εἰδέναι
1064 464 1155 517 τὸν
1185 464 1341 533 φύσει
1373 469 1465 521 καὶ
1486 468 1728 540 ἀληθῶς.
1758 473 1984 546 μίμημά
2009 473 2128 537 πώς
2156 482 2202 539 Δ
2234 479 2426 548 positu!

1940 475 1984 528 ,ά
2009 473 2128 537 πώς
2156 482 2202 539 Α
2234 479 2472 548 positum
2497 488 2583 535 est
2605 496 2702 550 pro
2726 479 2967 547 Vocasti,
2991 493 3043 539 et
3068 483 3364 544 redemisti.
3392 487 3555 543 vcluti
3578 491 3813 559 captivos

553 557 666 607 ἐστι
702 554 796 606 καὶ
827 554 952 607 σκιά
974 555 1226 612 θανάτου.
1267 559 1427 613 Ἀλλὰ
1457 565 1571 626 τοῖς
1605 563 1787 618 ἐκεῖνα
1815 569 2130 638 νενοσηκόσι

554 645 668 712 φῶς
700 644 1005 715 ἐπέλαμψε,
1031 647 1170 717 μετὰ
1198 647 1255 700 τὺ
1283 649 1433 722 παρὰ
1463 652 1700 723 Χριστοῦ
1741 655 2006 725 δηλονότι,
2039 658 2138 710 καὶ

552 736 612 790 τὸ
663 736 946 807 θέσπισμα
995 739 1057 791 τὸ
1112 739 1491 808 εὐαγγελικόν.
1549 745 1793 800 Ἐκεῖθεν
1837 749 2030 817 γέγονε
2079 751 2138 803 τὸ

553 827 799 881 πλεῖστον
838 828 930 881 τοῦ
967 828 1122 895 λαοῦ,
1173 830 1233 883 6v
1277 835 1589 905 κατήγαγες
1623 839 1680 890 ἐν
1715 840 1780 909 τῇ
1829 840 2138 914 εὐφροσύνῃ

554 935 665 972 σου.
695 919 919 983 Πλείους
948 920 1057 994 γὰρ
1089 921 1210 976 λίαν
1254 926 1301 976 oi
1327 925 1385 992 ἐξ
1421 926 1590 979 ἐθνῶν
1621 929 1952 1001 κεκλημένοι
1989 933 2138 1004 παρὰ

553 1010 676 1073 τοὺς
725 1011 1126 1077 πιστεύσαντας
1169 1014 1228 1080 ἐξ
1281 1018 1522 1090 Ἰσραήλ.
1578 1019 1790 1074 Οὐκοῦν
1841 1023 1954 1090 φῶς
2005 1019 2134 1089 εἶδε,

552 1106 704 1175 φησι,
739 1106 902 1176 μέγα,
954 1109 1014 1161 τὸ
1056 1109 1306 1164 πλεῖστον
1332 1113 1428 1165 τοῦ
1461 1113 1610 1181 λαοῦ,
1658 1116 1686 1168 ὃ
1732 1119 2044 1188 κατήγαγες
2081 1122 2138 1172 ἐν

555 1197 860 1269 εὐφροσύνη
889 1217 1003 1252 σου.
1033 1202 1106 1254 Τὸ
1143 1204 1198 1256 δὲ
1225 1206 1574 1276 Κατήγαγες,
1597 1208 1716 1261 ἀντὶ
1746 1209 1862 1278 τοῦ,
1914 1213 2138 1264 Ἀνεκα-

556 1287 717 1353 λέσω,
747 1291 1018 1356 τέθεικεν,
1054 1296 1148 1348 καὶ
1185 1295 1508 1372 Ἐλυτρὼσω
1530 1339 1544 1362 ,
1575 1300 1827 1374 καθάπερ
1858 1302 2138 1373 αἰχμαλώ-

554 1397 680 1444 τους
719 1383 784 1434 ἐκ
809 1384 1124 1450 πλεονεξίας
1149 1387 1461 1459 διαϐολικῆς
1485 1391 1906 1463 γεγενημένους.
1936 1415 1953 1445 ί
1979 1390 2138 1447 Οὗτοι

552 1473 1024 1546 εὐφρανθήσονται
1054 1478 1286 1532 ἐνώπιόν
1315 1497 1430 1545 σου,
1462 1482 1538 1545 ὡς
1559 1484 1607 1535 οἱ
1639 1485 2055 1555 εὐφραινόμενοι
2080 1487 2137 1537 ἐν

549 1566 749 1637 ἁμητῷ
772 1583 785 1596 ο
821 1568 915 1620 καὶ
951 1569 1011 1622 ὃν
1048 1571 1248 1642 τρόπον
1287 1573 1338 1624 oi
1371 1573 1739 1645 διαιρούμενοι
1779 1575 1839 1628 τὰ
1876 1577 2063 1629 σκῦλα.
2113 1595 2131 1628 ι

545 1660 838 1733 Νοήσομεν
867 1665 923 1717 δὲ
958 1665 1078 1736 διχῆ
1121 1667 1230 1720 τῶν
1257 1670 1638 1738 προκειμένων
1663 1671 1763 1743 τὴν
1790 1671 2037 1742 δήλωσιν.
2076 1673 2137 1726 Ei

548 1751 648 1821 μὲν
681 1752 932 1826 γὰρέἶεν
957 1757 1006 1808 oi
1039 1755 1317 1812 θεσπέσιοι
1361 1759 1600 1832 μαθηταί⁵
1637 1763 1686 1814 oi
1717 1764 2137 1833 εὐφραινόμενοι

2236 567 2434 621 diaboli
2481 571 2786 639 tyrannide.
2826 589 2844 622 ι
2875 571 2938 627 Hi
2967 572 3293 629 laetabuntur
3326 591 3509 630 coram
3559 587 3632 643 te,
3663 585 3814 649 quasi

2237 664 2330 733 qui
2367 665 2618 718 laetantur
2649 669 2699 718 in
2734 682 2930 730 messe,
2963 670 3417 736 quemadmodum
3454 672 3546 741 qui
3575 672 3814 728 dividunt

2238 755 2426 820 Spolia.
2459 775 2478 807 ι
2527 753 2784 810 Bil'ariam
2836 767 3017 812 autem
3056 759 3418 829 intelligemus
3463 762 3579 817 haec
3629 767 3815 819 verba.

2238 841 2370 897 Nam
2403 846 2445 899 si
2474 846 2638 900 divini
2673 849 2917 916 discipuli
2954 849 3084 914 sint,
3126 850 3216 918 qtti
3253 852 3502 904 laetantur
3533 853 3584 906 in
3617 869 3816 918 messe,

2237 944 2291 987 et
2329 935 2573 988 dividunt
2619 938 2811 1004 spolia,
2848 939 2970 990 dum
3013 939 3266 992 nimirum
3313 950 3500 1008 gentes
3532 944 3815 1011 eullignnt,

2239 1027 2402 1080 veluti
2452 1025 2779 1082 frumentum
2823 1030 2877 1083 in
2916 1032 3167 1085 horreum
3210 1033 3560 1098 dominicum,
3595 1045 3650 1087 et
3679 1035 3814 1088 anti-

2239 1134 2402 1186 quum
2428 1135 2668 1175 errorem
2702 1132 3002 1190 amputant,
3033 1124 3232 1193 gau'lio
3261 1124 3568 1178 alliciuntur
3597 1127 3815 1193 perinde

2239 1223 2303 1262 ac
2345 1208 2378 1261 ii
2414 1210 2503 1276 qui
2540 1209 2592 1261 in
2631 1210 2776 1277 agris
2822 1218 3028 1264 tuetqu
3059 1230 3072 1264 :
3101 1221 3156 1264 et
3190 1210 3316 1262 dum
3351 1221 3605 1278 tanquam
3634 1223 3813 1283 tyran-

2241 1299 2354 1350 nica
2389 1301 2435 1352 vi
2465 1303 2698 1367 eripiunt
2731 1321 2758 1350 a
2795 1302 2995 1354 Sataua
3039 1303 3312 1366 seductus,
3346 1313 3400 1356 et
3431 1318 3527 1371 per
3563 1303 3720 1356 fidem
3749 1303 3815 1354 ad

2240 1391 2490 1458 pietate-tn
2535 1394 2843 1458 traducunt,
2873 1397 3109 1463 gaudent
3141 1397 3296 1465 quasi
3337 1394 3428 1466 qui
3473 1395 3642 1465 spolia
3679 1395 3816 1447 divi-

2240 1485 2393 1536 dunt.
2446 1482 2656 1537 Etenim
2703 1485 2755 1537 hi
2803 1486 2951 1550 illus,
3003 1487 3075 1539 illi
3126 1489 3265 1542 alios
3319 1496 3728 1555 permoverunt,
3765 1494 3817 1539 et

2246 1573 2470 1643 singulis
2507 1575 2558 1628 iu
2593 1575 2803 1629 lucrum
2839 1578 3037 1631 cedunt
3068 1579 3120 1632 bi
3153 1578 3244 1645 qui
3279 1578 3478 1633 servati
3519 1585 3667 1640 stant,
3695 1587 3754 1630 ut
3789 1589 3820 1628 e

2243 1665 2384 1719 bello
2428 1668 2598 1734 spolia
2651 1669 2964 1725 vietor-ibus.
3015 1672 3110 1724 Sin
3140 1672 3205 1725 de
3243 1670 3326 1725 bis
3353 1672 3444 1739 qui
3476 1670 3818 1726 crediderunt

2239 1760 2380 1814 istud
2418 1763 2558 1817 dicat
2588 1782 2601 1818 :
2635 1763 3018 1831 intelligemus,
3053 1778 3147 1817 eos
3185 1779 3305 1814 cum
3340 1763 3544 1817 erroris
3580 1773 3822 1830 tempore

546 1845 606 1896 ἐν
637 1845 858 1914 ἀμητῷ,
906 1847 1000 1900 καὶ
1045 1848 1413 1921 διαιρούμενοι
1463 1854 1655 1918 σκύλα,
1685 1855 1862 1925 φαμὲν
1887 1857 1968 1908 ὅτι
2013 1859 2141 1920 τούς
2173 1852 2215 1910 Β
2245 1852 2419 1906 nullutl

1954 1874 1968 1908 ι
2013 1859 2141 1920 τοὺς
2173 1852 2215 1910 Β
2245 1852 2446 1906 nullum
2482 1851 2714 1906 fructum
2745 1851 2970 1920 justilize
3003 1853 3283 1917 haberent,
3316 1853 3418 1906 hoc
3449 1851 3734 1905 credentes
3767 1851 3816 1904 iu

545 1935 604 1999 ἐξ
627 1935 802 1989 ἐθνῶν
836 1938 1184 2007 συλλέγοντες
1216 1943 1467 2016 καθάπερ
1505 1945 1625 1998 τινὰ
1672 1948 1818 1998 σῖτον
1858 1947 1936 2010 εἰς
1989 1949 2132 2000 ἀπο-

547 2027 726 2097 θήκην
771 2029 1121 2103 δεσποτικὴν,
1171 2033 1266 2086 καὶ
1319 2035 1419 2105 τῆς
1469 2036 1700 2106 ἀρχαίας
1752 2036 2142 2107 ἀποκείροντες

544 2115 782 2186 πλάνης,
833 2119 1214 2190 εὐφραίνονται
1265 2125 1406 2176 κατὰ
1450 2125 1542 2178 τὸν
1595 2123 1710 2179 ἴσον
1768 2127 1966 2198 τρόπον
2027 2129 2138 2191 τοῖς

544 2207 763 2277 ἀμῶσιν
792 2211 851 2262 ἐν
885 2214 1094 2283 ἀγροῖς.
1125 2215 1463 2284 ἁρπάζοντες
1490 2218 1546 2270 δὲ
1576 2218 1829 2290 καθάπερ
1853 2219 1916 2271 ἐκ
1939 2235 2137 2290 τυραν-

542 2304 701 2373 νικῆς
733 2303 1048 2370 πλεονεξίας
1076 2307 1201 2369 τοὺς
1227 2309 1614 2380 ἠπατημένους
1642 2310 1747 2364 ὐπὸ
1775 2309 1868 2363 τοῦ
1897 2311 2134 2377 Σατανᾶ,

543 2393 634 2445 καὶ
695 2393 1054 2464 μεθιστάντες
1111 2397 1196 2451 διὰ
1257 2401 1355 2470 τῆς
1409 2401 1643 2464 πίστεως
1694 2403 1773 2466 είς
1832 2402 2137 2464 εὐσέϐειαν,

2240 1942 2520 1999 Christum
2552 1943 2882 2012 implevisse.
2911 1942 3012 2010 Qui
3043 1945 3205 1996 etiam
3233 1943 3361 1995 olim
3398 1942 3589 1995 vastati
3620 1951 3820 1996 etcqu

2249 2049 2278 2086 a
2316 2034 2596 2087 dasmuniis
2620 2043 2728 2086 tum
2766 2049 2794 2086 a
2825 2032 3027 2088 Satana
3067 2033 3283 2100 direpti,
3312 2048 3406 2086 eos
3432 2033 3522 2101 qui
3551 2031 3818 2100 quondam

2244 2127 2570 2196 spoliabant,
2606 2127 2927 2190 diviserunt,
2979 2137 3035 2179 et
3066 2142 3250 2178 eorum
3285 2125 3486 2178 malitia
3517 2125 3823 2192 superiores

2244 2218 2591 2274 exstiterunt.
2636 2219 2821 2286 Itaque
2860 2218 3032 2288 gavisi
3071 2228 3199 2270 sunt
3240 2226 3294 2270 ct
3335 2216 3457 2285 ipsi,
3490 2217 3645 2271 sicuti
3694 2232 3818 2286 pro-

2245 2311 2405 2380 pheta
2457 2309 2608 2375 dicit,
2684 2321 2934 2377 tanquam
2981 2310 3071 2379 qui
3119 2309 3371 2362 hetantur
3413 2308 3469 2362 in
3523 2323 3716 2373 laesae,
3769 2315 3824 2360 et

2247 2401 2700 2470 quetnatlmodnm
2729 2401 2780 2452 hi
2814 2403 2900 2468 qui
2931 2401 3176 2454 dividunt
3204 2400 3396 2467 Spolia.

543 2485 831 2556 χαίρουσιν
863 2487 939 2551 ὡς
968 2491 1016 2541 oi
1055 2491 1424 2563 διαιρούμενοι
1457 2493 1522 2546 τὰ
1556 2493 1746 2548 σκῦλα.
1783 2497 1844 2547 Οἱ
1877 2495 1976 2566 μὲν
2016 2495 2125 2564 γὰρ
2153 2491 2397 2557 τούτους.
2442 2493 2490 2545 οἱ
2523 2492 2579 2545 δὲ
2612 2492 2853 2556 ἐκείνους
2895 2492 3144 2548 ἔπειθον*
3176 2496 3269 2548 καὶ
3299 2495 3514 2562 ἑκάστῳ
3547 2491 3734 2563 κέρδος
3771 2491 3822 2543 οἶ

546 2581 906 2647 σεσωσμένοι,
939 2581 1190 2654 καθάπερ
1242 2588 1355 2646 τοῖς
1398 2585 1706 2654 νενικηκόσι
1752 2585 1820 2639 τὰ
1853 2587 1917 2638 ἐκ
1950 2585 2044 2638 τοῦ
2076 2583 2314 2654 πολέμου
2351 2582 2541 2638 σκύλα.
2587 2585 2652 2640 Ei
2695 2585 2751 2639 δὲ
2782 2585 2847 2656 δὴ
2889 2588 3017 2657 περὶ
3047 2587 3155 2640 τῶν
3195 2589 3639 2642 πεπιστευκότων
3677 2587 3824 2658 είρῆ-

545 2673 672 2727 σθαι
724 2674 876 2743 λέγοι
931 2679 1107 2743 ταυτὶ,
1165 2680 1528 2751 ἐννοήσωμεν,
1573 2682 1654 2734 ὃτι
1690 2680 1832 2734 κατὰ
1873 2681 1964 2735 τὸν
1997 2679 2092 2735 τοῦ
2125 2679 2431 2734 πλανᾶσθαι
2465 2680 2680 2752 καιρὸν,
2719 2679 2931 2748 καρπὸν
2975 2682 3167 2735 οὐδένα
3209 2682 3553 2751 δικαιοσύνης
3589 2682 3824 2752 ἔχοντες,

541 2768 960 2839 πεπλουτήκασι
986 2771 1172 2824 τοῦτον
1210 2776 1638 2838 πεπιστευκότες
1671 2777 1751 2840 είς
1781 2775 2038 2846 Χριστόν.
2069 2773 2230 2828 Ἀλλὰ
2267 2773 2361 2828 καὶ
2392 2772 2561 2827 πάλαι
2594 2773 2952 2844 πορθούμενοι
2988 2777 3083 2828 καὶ
3113 2776 3542 2847 διαρπαζομενοι
3577 2775 3729 2844 παρά
3763 2790 3826 2828 τε

541 2856 648 2908 τῶν
679 2857 979 2929 δαιμονίων
1008 2862 1102 2916 καὶ
1128 2862 1221 2918 τοῦ
1249 2866 1483 2927 Σατανᾶ,
1513 2867 1832 2936 νενικήκασι
1851 2865 1939 2919 διὰ
1963 2863 2224 2938 Χριστοῦ,
2255 2865 2382 2928 τοὺς
2412 2863 2578 2918 πάλαι
2609 2865 2988 2931 σκυλεύοντας,
3018 2868 3110 2922 καὶ
3136 2869 3417 2938 κρείττους
3445 2867 3699 2935 γεγόνασι
3727 2865 3825 2936 τῆς

539 2951 778 3006 ἐκείνων
815 2955 1152 3025 σκαιότητος.
1194 2957 1403 3011 Οὐκοῦν
1432 2959 1812 3031 εὐφραίνονται
1836 2960 1928 3014 καὶ
1957 2959 2128 3020 αὐτοὶ,
2155 2957 2300 3013 καθά
2323 2975 2486 3028 φησιν
2515 2959 2542 3010 6
2567 2961 2867 3030 προφήτης,
2891 2960 2967 3024 ὡς
2999 2961 3048 3014 oi
3083 2961 3499 3032 εὐφραινόμενοι
3524 2963 3581 3012 ἐν
3607 2958 3825 3030 ἀμητῷ,

539 3048 637 3102 καὶ
659 3049 728 3101 ὃν
749 3049 949 3120 τρόπον
975 3053 1023 3104 οἱ
1045 3050 1410 3126 διαιρούμενοι
1436 3055 1628 3112 σκύλα.

609 3141 776 3196 Διότι
803 3140 1265 3210 ἀφαιρεθήσεται
1304 3148 1338 3198 ό
1367 3144 1540 3215 ζυγὸς
1573 3149 1606 3200 ό
1649 3146 1740 3200 ἐπ’
1777 3143 1976 3200 αὐτῶν
2005 3142 2122 3196 κεί-
2151 3145 2195 3204 C

1951 3163 1976 3193 ι·
2005 3142 2122 3196 κεί-
2151 3145 2195 3204 C
2302 3143 2460 3214 152
2491 3142 2650 3198 Vens.
2677 3142 2728 3196 ι.
2752 3143 2886 3208 Quia
2914 3143 3329 3211 tolleturjugum
3353 3142 3477 3210 ipsis
3497 3142 3824 3209 impositum,

533 3250 754 3303 μενος,
785 3233 884 3288 καὶ
916 3233 961 3312 τ’(
981 3232 1204 3302 ῥάϐδος
1241 3235 1274 3303 ὴ
1311 3235 1409 3288 ἐπὶ
1439 3233 1545 3289 τοῦ
1578 3234 1881 3304 τραχήλου
1915 3233 2136 3289 αὐτῶν.

545 3326 672 3394 Τὴν
722 3325 834 3395 γὰρ
878 3325 1107 3394 ῥάϐδον
1153 3326 1271 3380 τῶν
1313 3327 1731 3382 ἀπαιτούντων
1784 3328 2140 3384 διεσκέδασε

540 3418 769 3485 Κίεριος
797 3417 879 3482 ὡς
914 3415 986 3484 τῇ
1021 3415 1207 3488 ἡμέρᾳ
1238 3415 1311 3485 τῇ
1337 3418 1432 3472 ἐπὶ
1473 3418 1732 3488 Μαδιάμ.

623 3507 983 3580 Ἐλευθέρους
1029 3511 1188 3574 ὄντας
1235 3512 1362 3574 τοὺς
1411 3511 1503 3563 ἐπὶ
1548 3511 1646 3582 τῆς
1694 3512 1832 3583 γῆς,
1888 3513 1983 3566 καὶ
2019 3512 2141 3566 κατ’

541 3601 742 3656 εἰκόνα
760 3601 860 3672 τὴν
887 3601 1036 3656 θείαν
1065 3599 1123 3656 εὖ
1157 3602 1301 3674 μάλα
1331 3605 1752 3674 πεποιημένους,
1787 3604 2142 3675 ἐκτισμένους

541 3711 624 3757 τε,
652 3691 809 3746 καθά
840 3710 1002 3763 φησιν
1027 3694 1054 3745 6
1097 3695 1368 3765 μακάριος
1396 3696 1625 3760 Παῦλος,
1656 3697 1748 3748 ἐπὶ
1780 3695 1960 3767 ἔργοις
1999 3697 2143 3766 ἀγα-

543 3780 684 3844 θοῖς,
734 3775 816 3845 οἷς
861 3781 1266 3853 προητοίμασεν
1312 3785 1340 3835 6
1379 3782 1533 3847 Θεὸς.
1566 3785 1651 3838 ἵνα
1681 3787 1738 3838 ἐν
1769 3786 1954 3849 αὐτοῖς
1980 3803 2142 3859 περι-

545 3874 914 3942 πατήσωμεν,
958 3873 1424 3948 πεπλεονέκτηκεν
1467 3876 1528 3929 οὐ
1561 3876 1796 3948 μετρίως
1829 3878 1858 3930 6
1887 3877 1986 3947 τῆς
2018 3878 2142 3932 ἀνο-

547 3960 680 4032 μίας
723 3959 972 4032 εὑρετὴς,
1009 3962 1105 4014 καὶ
1136 3961 1236 4030 τῆς
1265 3965 1344 4026 εἰς
1388 3961 1520 4016 Θεὸν
1553 3965 1864 4033 ἀποστήσας
1895 3964 2140 4034 ἀγάπης.

546 4052 723 4114 ἰδίους
755 4052 1047 4122 ἐποιήσατο
1087 4052 1490 4122 προσκυνητὰς,
1530 4051 1924 4122 δυσδιάφυκτον
1957 4052 2142 4116 αὐτοῖς

543 4144 877 4215 ἐπαρτήσας
924 4143 1015 4196 τὸν
1059 4146 1163 4214 τῆς
1214 4141 1489 4214 ἁμαρτίας
1533 4142 1720 4211 ζυγόν.
1782 4142 2142 4213 Πεπραχότας

540 4237 739 4292 τοίνυν
777 4234 996 4298 ἀθλίως,
1042 4236 1136 4287 καὶ
1200 4237 1259 4288 ἐν
1308 4235 1519 4299 τούτοις
1564 4236 1722 4296 ὂντας
1767 4237 1878 4298 τοῖς
1927 4236 2138 4298 κακοῖς,

548 4331 799 4399 μάλιστα
836 4327 961 4388 τοὺς
987 4326 1046 4391 ἐξ
1079 4325 1248 4380 ἐθνῶν
1273 4326 1543 4398 ἐρρύσατο
1567 4327 1822 4398 Χριστὸς,
1857 4327 1952 4380 καὶ
1979 4325 2142 4379 πάλιν

545 4421 838 4492 ἀπέφηνεν
859 4417 1194 4488 ἐλευθέρους,
1232 4417 1419 4492 Ταύτῃ
1439 4418 1519 4471 τοί
1547 4435 1711 4488 φησιν
1729 4433 1742 4446 ·
1782 4436 1798 4468 ι
1823 4417 2144 4488 Ἀφαιρεθή-

547 4528 708 4564 σεται
743 4511 772 4563 ό
802 4507 964 4576 ζυγὸς
989 4510 1017 4560 6
1053 4508 1138 4560 ἐπ’
1166 4507 1346 4560 αὐτῶν
1372 4507 1644 4576 κείμενος,
1691 4506 1786 4560 καὶ
1815 4509 1848 4577 ἡ
1885 4505 2080 4578 ῥάϐδος
2108 4505 2143 4576 ἡ

544 4601 643 4656 ἐπὶ
658 4599 760 4654 τοῦ
784 4599 1056 4671 τραχήλου
1084 4599 1282 4653 αὐτῶν.
1315 4619 1332 4649 ι
1367 4598 1589 4652 Ῥἀόδον
1617 4598 1673 4651 δέ
1696 4595 1868 4669 οἶμαι,
1897 4598 2084 4668 φησὶν,
2106 4596 2141 4668 ἦ

545 4694 608 4746 τὸ
642 4692 950 4763 σκῆπτρον,
984 4691 1128 4745 τοῦτ’
1156 4691 1291 4757 ἐστι,
1324 4691 1422 4762 τὴν
1472 4691 1772 4761 βασιλείαν,
1800 4690 1958 4761 δῆλον
1979 4689 2035 4744 δὲ
2059 4691 2142 4743 ὅτι

545 4786 649 4858 τὴν
678 4783 778 4837 τοῦ
812 4785 1042 4848 Σατανᾶ,
1072 4783 1106 4854 ἢ
1137 4785 1276 4854 τάχα
1322 4801 1424 4836 που
1461 4784 1560 4854 τὴν
1602 4784 1869 4854 ἀνάγκην,
1917 4785 2012 4839 καὶ
2043 4783 2142 4855 τὴν

545 4879 722 4930 οἷονεί
749 4877 962 4948 πληγήν
987 4894 1043 4929 τε
1076 4877 1170 4930 καὶ
1204 4877 1462 4946 μάστιγα.
1501 4876 1724 4946 Συνέχει
1751 4876 1860 4948 γὰρ
1892 4877 2038 4945 ἡμᾶς
2061 4877 2143 4940 είς

546 4968 611 5022 τὸ
637 4971 847 5022 οἰκεῖον
876 4967 1090 5039 θέλημα
1115 4968 1176 5021 τὸ
1201 4968 1396 5038 μιαρὸν
1433 4969 1528 5022 καὶ⁹
1553 4967 1780 5038 βέὄηλον
1807 4968 1914 5020 τῶν
1949 4968 2140 5038 δαιμο-

549 5057 685 5112 νίων
711 5057 776 5110 τὸ
812 5058 1028 5127 στίφος,
1057 5060 1152 5112 καὶ
1182 5058 1210 5109 6
1251 5058 1453 5112 τούτων
1489 5059 1790 5129 ἡγούμενος
1817 5061 1844 5112 6
1875 5061 2137 5124 Σατανᾶς,

554 5152 848 5221 μονονουχὶ
893 5151 1076 5220 ῥάϐδῳ
1119 5151 1441 5206 καταπαίων
1471 5155 1591 5215 ταῖς
1624 5153 1732 5206 τῶν
1760 5153 1948 5206 παθῶν
1982 5151 2141 5206 δυνα-

553 5242 804 5306 στείαις,
838 5242 876 5297 ἆ
910 5243 1166 5314 ἐπιφέρει
1208 5243 1285 5314 τῷ
1325 5243 1419 5315 νῷ,
1469 5246 1562 5298 καὶ
1613 5244 2000 5310 καταϐιάζεται
2039 5245 2139 5316 τὴν

551 5332 786 5404 καρδίαν
811 5337 891 5398 είς
918 5335 978 5388 τὸ
1007 5335 1138 5406 δρᾷν
1171 5335 1372 5388 ἐθέλειν
1397 5335 1432 5388 ἃ
1461 5335 1536 5406 μὴ
1572 5335 1751 5408 θέμις.
1791 5337 2136 5392 ’Λποσείσον-

549 5445 645 5480 ται
689 5427 889 5493 τοίνυν,
922 5429 1079 5498 φησὶ,
1113 5427 1205 5480 τὸν
1240 5428 1306 5481 ἐκ
1337 5427 1649 5495 πλεονεξίας
1675 5429 1859 5499 ζυγὸν,
1899 5429 1994 5484 καὶ
2029 5427 2136 5501 μὴν

551 5516 656 5570 καί
691 5516 790 5588 τὴν
827 5518 1043 5588 ῥάϐδον,
1077 5519 1146 5589 ἣν
1178 5521 1472 5591 ἐσχήκασιν
1513 5521 1600 5573 ἀεὶ
1641 5521 1783 5576 κατὰ
1810 5521 1904 5590 τοῦ
1933 5523 2137 5594 τραχήο

549 5606 678 5670 λου,
732 5607 983 5684 καθάπερ
1031 5609 1237 5664 οἰκέται
1291 5615 1411 5676 ταῖς
1457 5611 1548 5666 τοῦ
1593 5603 1853 5673 δεσπότοῦ
1903 5619 2137 5688 πληγαῖς

629 5763 680 5794 ⁸⁷⁵
712 5763 903 5835 Ephes.
930 5782 993 5832 tt,
1025 5768 1104 5822 I0.

2239 3247 2288 3290 et
2347 3239 2492 3306 virga
2533 3253 2650 3306 qum
2683 3253 2841 3303 super
2873 3235 3068 3288 collum
3120 3237 3375 3300 ipsorum.
3417 3234 3624 3302 l’irgmtt
3686 3236 3826 3287 enim

2240 3341 2547 3386 exactorem
2581 3331 2854 3398 dissipavit
2888 3328 3170 3393 Dominus,
3203 3327 3340 3382 velut
3377 3327 3433 3380 in
3462 3327 3548 3380 die
3583 3325 3826 3379 Mudtan.

2315 3503 2449 3558 Cum
2477 3501 2632 3556 liberi
2664 3511 2845 3556 essent
2877 3501 2928 3554 in
2961 3510 3131 3564 terra,
3158 3510 3213 3556 et
3252 3500 3317 3553 ad
3363 3499 3654 3568 imaginem
3686 3499 3825 3552 divi-

2247 3609 2371 3649 nam
2411 3593 2775 3664 pulcherrime
2823 3591 3110 3658 fabricati,
3155 3593 3498 3661 conditique,
3539 3603 3597 3646 ut
3650 3593 3828 3660 inquit

2243 3685 2430 3738 beatus
2471 3681 2670 3738 Paulus
2692 3683 2762 3750 ⁸⁸,
2805 3686 2871 3736 ad
2919 3698 3085 3752 Opera
3137 3681 3275 3736 bona
3325 3698 3446 3752 qua:
3497 3685 3826 3751 pra-paravit

2243 3777 2418 3841 Deus,
2454 3786 2508 3829 ut
2547 3777 2598 3830 iu
2639 3775 2744 3829 illis
2781 3775 3207 3837 amlmlaremus,
3244 3775 3439 3830 invasit
3465 3789 3558 3828 eos
3589 3787 3640 3828 et
3681 3785 3826 3829 totos

2242 3866 2484 3936 possedit
2510 3865 2814 3935 iniquitatis
2845 3866 3113 3928 inventor,
3137 3874 3190 3919 et
3221 3881 3250 3918 a
3281 3865 3549 3919 charitate
3573 3868 3624 3918 in
3657 3866 3821 3920 Deum

2242 3974 2488 4022 aversos,
2523 3959 2739 4028 proprie
2770 3974 2897 4012 suos
2929 3960 3168 4012 cultores
3207 3957 3458 4020 reddidit,
3496 3971 3561 4011 ac
3594 3957 3825 4010 inevita-

2247 4046 2352 4100 bile
2385 4049 2590 4117 peccati
2619 4047 2807 4118 jugum
2841 4047 3115 4116 imposuit.
3142 4046 3329 4116 Itaque
3356 4047 3554 4101 misere
3577 4059 3823 4116 agentes.

2246 4139 2438 4208 hisque
2476 4139 2527 4193 in
2561 4141 2716 4193 malis
2751 4149 2992 4192 versatos
3021 4138 3250 4205 gentiles
3285 4139 3544 4202 maxime,
3571 4138 3825 4195 Chriszus

2243 4234 2467 4303 eripuit,
2502 4243 2556 4287 et
2592 4234 2658 4286 de
2699 4232 2911 4298 integro
2955 4233 3006 4284 in
3049 4230 3354 4284 libertatem
3383 4231 3694 4285 vindicavit.
3741 4231 3825 4283 ld-

2244 4327 2390 4380 circo
2417 4326 2526 4378 ait:
2553 4343 2570 4376 ι
2603 4323 2844 4378 Tolletur
2867 4324 3048 4393 jngum
3079 4323 3207 4388 ipsis
3235 4323 3565 4391 impositum,
3590 4333 3642 4377 et
3674 4323 3823 4393 virga

2245 4433 2366 4486 qua!
2386 4427 2469 4471 est
2505 4417 2556 4468 in
2585 4416 2722 4470 collo
2752 4430 2962 4468 eorum.
2997 4433 3014 4466 ι
3047 4413 3268 4481 Virgam
3299 4427 3503 4480 autem,
3531 4415 3713 4478 credo,
3740 4417 3824 4469 di-

2181 4495 2224 4548 D
2251 4511 2350 4576 cit,
2383 4508 2466 4560 vel
2498 4517 2791 4574 sceptrum,
2828 4507 2928 4558 hoc
2959 4515 3061 4568 est,
3095 4520 3340 4573 regnum,
3380 4505 3583 4559 scilicet
3611 4504 3826 4558 Satanae

2246 4617 2309 4655 ac
2341 4599 2746 4654 immumlorum
2793 4597 3100 4665 spirituum,
3154 4595 3233 4650 vel
3272 4595 3410 4649 forte
3443 4596 3822 4650 necessitatem

2247 4710 2309 4747 ac
2339 4692 2497 4747 veluti
2531 4691 2742 4762 plagam
2767 4700 2816 4744 et
2843 4687 3130 4757 flagellum.
3152 4687 3378 4742 Coercet
3402 4690 3546 4741 enim
3578 4703 3696 4752 nos,
3729 4703 3823 4741 co-

2245 4789 2428 4858 gitque
2460 4785 2523 4838 ad
2566 4797 2718 4838 suam
2763 4781 3089 4834 voluntatem
3125 4780 3444 4833 sceleratam
3479 4789 3534 4834 et
3563 4777 3822 4832 nefariam

2245 4893 2438 4948 agmen
2486 4873 2909 4935 daemoniorum,
2954 4887 3249 4940 eorumque
3294 4871 3675 4939 antesignanus
3725 4871 3824 4924 Sa-

2248 4980 2437 5034 tanas.
2480 4966 2769 5022 aﬂ'ectnum
2824 4966 3052 5034 imperio
3097 4980 3192 5018 ceu
3243 4965 3392 5032 virga
3434 4966 3819 5033 propemodum

2243 5063 2576 5123 verberans,
2624 5074 2759 5130 quos
2811 5058 2974 5111 menti
3022 5055 3283 5122 offundit,
3327 5057 3675 5125 animumque
3725 5056 3822 5108 im-

2245 5154 2418 5220 pellit,
2445 5163 2502 5206 ut
2533 5167 2650 5220 quae
2681 5165 2786 5203 non
2823 5150 2942 5204 licet
2970 5149 3097 5202 velit
3128 5148 3325 5201 facere.
3357 5147 3639 5201 Excuticut
3667 5161 3816 5216 ergo,

2245 5245 2456 5315 inquit,
2503 5244 2693 5312 jugum
2755 5241 3084 5311 tyrannidis,
3132 5251 3185 5294 et
3232 5239 3432 5310 virgam
3476 5254 3636 5306 quam
3681 5238 3820 5292 collo

2247 5337 2646 5407 impendentem
2702 5349 2918 5403 semper
2969 5333 3306 5396 habuerunt,
3360 5331 3506 5384 velut
3553 5330 3815 5397 mancipia

2244 5430 2361 5487 heri
2409 5429 2581 5502 plagis
2633 5426 2898 5496 subjecta.
2947 5425 3272 5480 Meutionem
3321 5439 3452 5478 vero
3501 5439 3688 5477 rursus
3734 5422 3812 5475 in—

2246 5523 2466 5579 terserit
2509 5522 2755 5577 historic
2793 5534 2914 5591 quae
2951 5519 3121 5589 posita
3157 5529 3241 5572 est
3281 5517 3333 5571 in
3371 5516 3508 5570 libro
3545 5514 3812 5570 Judicum.

2247 5616 2340 5672 Sic
2370 5625 2550 5672 autem
2595 5629 2656 5671 se
2685 5612 2848 5670 habet
2878 5631 2891 5666 :
2929 5611 3061 5669 Cum
3096 5611 3509 5681 dereliquisseut
3549 5604 3813 5663 universi-
