4134 6536
596 415 697 470 251

1596 410 1654 465 S.
1696 406 1975 464 CYRILLI
2016 404 2492 463 ALEXANDRINI
2529 403 2849 459 ARCIIIEP.

3782 399 3886 453 9.32

603 531 734 583 latis
766 529 929 581 Deum
978 525 1235 580 Israelita:
1287 525 1624 594 temporibus
1663 524 1940 587 Judicnm,
1975 525 2040 577 ad
2083 523 2201 576 im-

2330 520 2677 591 ιποκείμενοι.
2715 519 3006 589 Μέμνηται
3043 518 3100 570 δὲ
3140 518 3298 571 πάλιν
3348 518 3583 587 ἱστορίας
3626 514 3887 583 κειμένης

603 621 857 690 pietatem
888 634 1099 671 morum
1136 617 1370 671 devoluti
1408 629 1559 677 sunt.
1592 617 1869 686 Deumque
1896 615 2182 685 opitulato-

608 728 719 765 rem
760 726 821 761 ar.
854 708 1119 762 vindicem
1159 707 1407 761 molestia
1453 706 1786 771 all'ecerunt,
1822 706 1978 760 idolis
2027 705 2193 768 atlixi,

606 800 965 869 operibusque
1017 814 1237 853 suarum
1292 813 1545 852 manuum
1580 798 1783 851 cultum
1812 798 2194 851 attribuentes.

608 893 746 947 Hinc
786 891 1092 946 Madianitis
1138 890 1318 944 traditi
1355 900 1502 953 sunt,
1538 889 1625 957 qui
1653 888 1959 942 universam
1989 904 2175 943 eorum

610 994 813 1037 terram
846 982 1149 1053 ilchpulati
1183 991 1328 1043 sunt,
1362 983 1522 1036 urbes
1555 992 1610 1035 et
1638 980 1880 1043 castella,
1918 990 1970 1035 et
2001 996 2120 1049 quae
2146 981 2198 1033 in

610 1076 757 1144 agris
802 1085 976 1135 crant,
1016 1075 1376 1141 diripuerunt,
1433 1082 1749 1142 tantumque
1808 1074 2056 1127 timorem
2096 1075 2200 1126 mi-

613 1166 750 1218 seris
784 1162 1150 1226 incusserunt,
1177 1173 1234 1215 ut
1272 1163 1324 1215 iu
1359 1163 1577 1230 rupibus
1603 1162 1987 1226 habitaverint,
2017 1173 2072 1217 et
2118 1163 2203 1215 in-

616 1269 865 1308 accessos
917 1262 1125 1307 montes
1168 1264 1547 1321 petrarumtpie
1578 1268 1773 1321 specus
1802 1253 1901 1306 sibi
1937 1254 2201 1322 pararint,

617 1347 845 1413 diraque
881 1361 942 1398 ac
982 1347 1235 1397 diuturna
1282 1345 1457 1397 inedia
1507 1344 1752 1409 oppressi
1804 1342 2027 1395 fuerint.
2067 1339 2206 1396 Gra-

618 1439 761 1490 viter
787 1448 963 1491 autem
998 1436 1312 1491 fatiscentes
1344 1451 1407 1489 ac
1450 1435 1763 1489 laborantes
1797 1435 2206 1488 commiseratus

621 1526 785 1588 Deus,
822 1543 981 1579 manu
1027 1541 1091 1580 ac
1137 1527 1439 1580 ministerio
1473 1524 1747 1580 Gedeonis
1789 1526 2045 1588 asseruit,
2111 1526 2204 1593 qui

623 1620 944 1676 Madianitas
988 1622 1218 1687 devicit,
1266 1632 1321 1675 et
1369 1621 1695 1676 necessitate
1741 1620 2086 1688 impendente
2144 1635 2209 1673 ac

622 1713 770 1779 virga
809 1711 1056 1766 lsraelem
1099 1712 1365 1766 liberavit.
1410 1710 1485 1765 lta
1517 1726 1645 1781 ergo
1680 1731 1697 1763 ι
1730 1712 2013 1780 dissipavit
2048 1710 2207 1781 153

623 1814 934 1858 exactornm
961 1805 1187 1874 virgam,
1218 1806 1357 1860 sicut
1387 1806 1440 1859 in
1475 1804 1562 1859 die
1594 1803 1844 1858 Modiam.
1881 1823 1899 1856 ι
1936 1804 2208 1870 Quemad-

2301 615 2358 666 ἐν
2390 615 2453 684 τῇ
2487 612 2655 683 βίϐλῳ
2685 612 2794 664 τῶν
2822 610 3061 680 Κριτῶν.
3094 611 3249 662 Ἐστι
3278 609 3333 661 δὲ
3365 608 3525 679 αὓτη.
3555 606 3888 661 Καταλελοι-

2302 704 2463 766 πότες
2491 703 2600 775 γάρ
2635 704 2727 757 τὸν
2758 702 2863 755 τῶν
2897 703 3031 755 ὅλων
3066 702 3197 754 Θεὸν
3245 702 3294 754 οί
3333 702 3391 767 ἐξ
3433 700 3648 770 Ἰσραήλ
3680 700 3741 750 ἐν
3775 700 3889 759 ταῖς

2302 794 2408 849 τῶν
2456 795 2675 867 Κριτῶν
2723 796 2996 866 ἡμέραις,
3036 794 3333 864 ἐτράποντο
3379 793 3516 864 πρὸς
3566 791 3892 857 ἀνοσιότητα

2303 891 2543 961 τρόπων,
2576 891 2669 943 καὶ
2690 889 3056 958 λελυπηκότες
3081 890 3140 942 οὑ
3172 889 3409 960 μετρίως
3433 888 3523 939 τὸν
3543 884 3893 956 ἐπαμύνοντα

2305 983 2459 1046 Θεὸν,
2504 982 2746 1046 εἰδώλοις
2795 980 3205 1053 προσκείμενοι,
3248 981 3341 1034 καὶ
3386 983 3497 1042 τοῖς
3547 979 3730 1049 ἔργοις
3783 975 3893 1028 τῶν

2311 1075 2457 1128 ίδίων
2487 1073 2688 1145 χειρῶν
2734 1074 3104 1145 προσάγοντες
3134 1072 3411 1143 λατρείας.
3466 1069 3655 1142 Ταύτῃ
3684 1086 3768 1121 τοι
3811 1068 3893 1121 δέ·

2306 1165 2485 1218 δονται
2519 1168 2630 1228 τοῖς
2663 1164 3038 1236 Μαδιηναίοις·
3084 1164 3132 1217 οἳ
3180 1167 3364 1218 πᾶσαν
3405 1162 3586 1216 αὐτῶν
3633 1160 3896 1229 κατεληῖυ

2309 1257 2464 1322 ζοντο
2493 1257 2618 1327 γῆν,
2657 1257 2839 1320 πόλεις
2868 1274 2927 1309 τε
2961 1257 3054 1309 καὶ
3116 1254 3312 1325 κώμας
3353 1253 3769 1325 διαρπάζοντες,
3803 1251 3901 1304 καὶ

2310 1352 2376 1405 τὰ
2392 1354 2450 1404 ἐν
2469 1353 2680 1420 ἀγροῖς.
2710 1351 2819 1403 Καὶ
2849 1349 3104 1402 τοσοῦτον
3129 1349 3523 1419 ἐνεποιήσαντο
3551 1348 3662 1409 τοῖς
3690 1344 3902 1406 ἀθλίοις

2310 1444 2372 1496 τὸ
2393 1443 2573 1514 δεῖμα,
2594 1442 2733 1495 ὥστε
2768 1442 2861 1495 καὶ
2892 1440 3097 1511 πέτρας
3129 1440 3327 1502 αὐτοὺς
3355 1438 3570 1491 ἑλέσθαι
3598 1437 3900 1500 κατοικεῖν,

2314 1534 2407 1586 καὶ
2452 1534 2520 1586 τά
2558 1532 2802 1586 δύσϐατα
2828 1530 2935 1584 τῶν
2963 1531 3127 1602 ὀρῶν,
3169 1531 3265 1584 καὶ
3306 1530 3410 1593 τάς
3458 1530 3566 1581 τῶν
3618 1526 3907 1596 σπηλαίων

2314 1622 2779 1694 περιεργάζεσθαι
2816 1619 3163 1684 καταδύσεις,
3212 1618 3391 1690 ἀγρίῳ
3431 1636 3491 1671 τε
3542 1619 3639 1671 καὶ
3703 1614 3908 1685 μακρῷ

2315 1714 2735 1769 καταθλίὸεσθαι
2791 1713 2957 1784 λιμῷ.
3010 1713 3382 1783 Κεκμηκότας
3448 1711 3504 1763 δέ
3550 1710 3614 1762 ού
3666 1710 3909 1779 μετρίως

2326 1807 2477 1877 ἠλέει
2508 1806 2662 1870 Θεὸς,
2690 1802 2810 1860 εἶτα
2846 1805 3087 1858 σέσωκεν
3119 1805 3315 1868 αὐτοὺς
3345 1804 3433 1857 διά
3459 1802 3643 1873 χειρὸς
3671 1799 3908 1863 Γεδεὼν,

626 1896 842 1950 modum
869 1897 1013 1949 enim
1050 1906 1175 1949 tunc
1219 1895 1545 1951 intolerabili
1584 1895 1874 1967 tyrannide
1915 1910 2208 1964 oppressos

2330 1899 2371 1962 ις
2406 1898 2658 1967 νενίκηκε
2708 1899 2835 1960 τοὺς
2888 1895 3297 1966 Μαδιηναίους,
3350 1893 3647 1965 ἠλευθέρου
3703 1909 3765 1944 τε
3816 1890 3913 1943 τὸν

625 1987 846 2056 eripuit,
882 1987 1159 2057 tyrannica
1199 1997 1355 2055 gente
1384 1988 1628 2056 expulsa,
1661 1989 1740 2042 sic
1770 2003 1862 2041 eos
1893 1997 2211 2040 exactormn

626 2079 777 2147 virga
808 2079 1028 2147 depulsa
1064 2090 1116 2132 et
1151 2079 1357 2147 objecta
1406 2090 1594 2147 gentes
1619 2082 1986 2135 conservavit.
2040 2081 2212 2135 Exac-

631 2178 781 2223 tores
805 2184 933 2223 vero
954 2169 1182 2237 appellat
1210 2172 1383 2237 ipsum
1415 2168 1695 2232 Satanam,
1723 2170 1948 2238 ipsaque
1972 2185 2092 2223 cum
2122 2168 2213 2223 illo

630 2261 916 2322 daemonia,
959 2260 1156 2329 quibus
1213 2260 1297 2314 liic
1332 2275 1526 2327 scopus
1568 2261 1722 2328 quasi
1766 2262 2075 2329 propositus
2106 2270 2208 2325 est,

631 2362 692 2406 ut
730 2364 946 2423 peccata
979 2364 1236 2408 consueta
1271 2354 1425 2422 quasi
1470 2354 1693 2422 vectigal
1729 2370 1820 2407 seu
1862 2354 2117 2406 tributum
2144 2353 2211 2406 ab

633 2447 946 2501 hominibus
973 2451 1210 2516 exigant.
1239 2447 1470 2502 Omnino
1500 2448 1645 2501 enim
1677 2448 1744 2501 ab
1766 2463 1833 2502 eo
1860 2447 1953 2517 qui
1981 2447 2208 2501 scortari

633 2538 769 2592 solet
800 2539 1208 2603 scortationem,
1253 2539 1321 2592 ab
1351 2554 1416 2593 eo
1450 2540 1541 2607 qui
1577 2538 1742 2591 furari
1794 2538 1931 2593 solet
1985 2538 2210 2601 furtum,

634 2641 692 2684 ut
720 2632 952 2702 suppilet
995 2642 1175 2686 vestes
1207 2633 1288 2685 vel
1336 2631 1548 2687 furetur
1582 2632 1923 2701 simpliciter,
1949 2641 2004 2685 et
2036 2647 2063 2683 a
2102 2631 2215 2684 sin-

635 2724 775 2793 gulis
806 2724 1019 2777 demum
1069 2724 1379 2777 bomiuibns
1425 2725 1476 2777 in
1518 2725 1713 2792 quibus
1746 2725 1931 2777 insunt
1963 2723 2213 2787 alfectus,

637 2828 700 2865 ea
744 2827 862 2878 quae
912 2813 1203 2866 familiaria
1253 2814 1358 2867 illis
1407 2825 1535 2867 sunt
1578 2824 1634 2867 et
1676 2815 1848 2867 amica
1904 2822 2215 2882 reposcunt.

640 2901 817 2968 Unde,
864 2904 1076 2973 opinor,
1118 2921 1287 2958 sai-rte
1318 2904 1534 2960 Littera:
1577 2907 1833 2972 quosdam
1880 2920 2064 2959 vocem
2106 2904 2222 2971 ejus

640 2998 731 3064 qui
786 2998 981 3050 tributa
1014 2998 1179 3066 exigit
1216 3013 1318 3050 non
1349 2997 1653 3059 audientes,
1690 2998 1875 3051 beatos
1909 2998 2221 3065 praedicant.

2326 1990 2543 2062 Ἰσραήλ
2614 1990 2713 2061 τῆς
2778 1987 3174 2059 ἐπηρτημένης
3230 1987 3415 2049 αὐτοῖς
3486 1986 3737 2055 ἀνάγκης
3811 1982 3913 2035 καὶ

2315 2082 2535 2154 ράὕδου.
2593 2080 2749 2135 Οὕτω
2777 2081 2957 2133 τοίνυν
2994 2079 3341 2135 διεσκέδασεν
3368 2080 3396 2130 6
3425 2076 3629 2148 Κύριος
3668 2075 3767 2147 τὴν
3797 2075 3912 2128 τῶν

2311 2173 2684 2228 ἀπαιτούντων
2717 2174 2932 2244 ῥάϐδον,
2968 2174 3044 2237 ὡς
3072 2176 3138 2244 τῇ
3179 2172 3363 2244 ἡμέρᾳ
3404 2175 3471 2242 τῇ
3517 2170 3611 2223 ἐπὶ
3658 2169 3910 2239 Μαδίαμ.

2321 2265 2409 2327 Ὠς
2452 2263 2561 2335 γάρ
2603 2264 2875 2336 ἐρρύσατο
2906 2264 3025 2317 τότε
3060 2264 3184 2328 τοὺς
3225 2266 3345 2327 ταῖς
3386 2263 3681 2333 ἀφορήτοις
3723 2261 3917 2314 πλεον-

2290 2372 2293 2375 '
2319 2352 2491 2418 εξίαις
2525 2354 2957 2425 ἐνησχημένους,
2985 2354 3046 2407 τὸ
3072 2353 3429 2408 πλεονεκτοῦν
3449 2354 3709 2418 ἐξελάσας
3732 2352 3910 2415 ἔθνος.

2319 2447 2463 2500 ούτω
2499 2446 2707 2499 σέσωκε
2754 2449 2880 2511 τοὺς
2928 2447 2987 2514 ἐξ
3028 2446 3218 2511 ἐθνῶν,
3261 2446 3358 2517 τὴν
3397 2446 3505 2500 τῶν
3534 2446 3915 2500 ἀπαιτούντων

2322 2540 2519 2602 ἐλάσας
2554 2539 2770 2609 ῥάϐδον,
2799 2538 3192 2601 Ἀπαιτοῦντας
3227 2538 3285 2591 δέ
3313 2555 3498 2608 φησιν,
3529 2538 3691 2589 αύτόν
3730 2554 3790 2590 τε
3818 2537 3913 2589 τὸν

2325 2632 2594 2695 Σατανᾶν,
2647 2632 2741 2684 καὶ⁵
2778 2631 2846 2684 τὰ
2876 2631 3150 2700 δαιμόνια,
3183 2626 3264 2694 οἷς
3294 2631 3322 2681 6
3351 2630 3553 2694 σκοπὸς
3580 2630 3728 2699 καὶὴ
3764 2631 3917 2683 πᾶσα

2328 2724 2569 2794 σπουδὴ,
2640 2726 2700 2775 τὸ
2766 2725 3022 2777 ἀπαιτεῖν
3088 2722 3410 2793 ἀνθρώπους
3481 2722 3729 2793 καθάπερ
3794 2721 3920 2776 τινὰ

2328 2814 2554 2884 δασμὸν,
2576 2814 2609 2884 ἦ
2632 2814 2782 2877 τέλος
2810 2814 2909 2877 τὰς
2939 2815 3189 2883 συνήθεις
3217 2811 3513 2884 ἁμαρτίας.
3548 2812 3779 2883 Ζητοῦσι
3808 2812 3920 2883 γὰρ

2332 2905 2546 2968 πάντως
2567 2947 2581 2971 ,
2615 2906 2725 2959 ἀπὸ
2762 2907 2861 2975 μὲν
2903 2908 2999 2958 τοῦ
3047 2904 3335 2977 πορνεύειν
3372 2906 3625 2967 εἰωθότος
3656 2905 3756 2975 τὴν
3785 2922 3919 2976 πορ-

2334 2998 2504 3063 νείαν,
2536 2998 2641 3052 ἀπὸ
2670 2999 2727 3051 δέ
2760 2997 2854 3051 τοῦ
2895 2998 3149 3050 κλέπτειν
3199 2998 3298 3067 τὴν
3332 2997 3581 3068 κλεψίαν.
3613 2998 3820 3065 Ἥγουν
3859 2996 3921 3048 τὸ

640 3090 967 3143 λωποδυτεῖν
1003 3091 1208 3155 ἁπλῶς,
1252 3092 1345 3144 καὶ
1391 3092 1475 3159 ἐφ’
1510 3090 1742 3145 ἑκάστου
1796 3091 1904 3142 τῶν
1942 3090 2000 3143 ἐν
2044 3089 2273 3143 πάθεσιν
2323 3091 2524 3157 όντων,
2574 3090 2640 3144 τά
2685 3091 2835 3161 αύτῷ
2883 3090 3086 3161 συνήθη
3131 3091 3224 3143 καὶ
3264 3090 3413 3159 φίλα.
3457 3089 3623 3143 Ὅθεν
3664 3085 3815 3160 οἶμαι
3858 3088 3921 3142 τὸ

641 3186 881 3257 Γράμμα
898 3186 958 3239 τὸ
1004 3186 1148 3256 ίερὸν
1181 3186 1473 3259 μακαρίζει
1513 3186 1685 3250 τινὰς,
1716 3186 1791 3250 ὡς
1822 3186 1896 3256 μὴ
1927 3186 2268 3248 ἀκούσαντας
2298 3188 2396 3258 τὴν
2423 3188 2517 3241 τοῦ
2549 3189 2843 3259 φορολόγου
2879 3189 3084 3258 φωνήν.

715 3278 881 3332 Vens.
930 3277 992 3338 6,
1047 3278 1098 3329 7.
1155 3277 1297 3343 Quia
1352 3293 1557 3330 onmem
1608 3276 1795 3329 stolam
1855 3283 2299 3345 congregatamc

646 3369 864 3439 fraude,
909 3380 956 3423 et
997 3379 1187 3424 vestem
1222 3388 1339 3423 cum
1376 3371 1788 3423 commutatione
1830 3369 2132 3433 restituent,
2183 3380 2228 3423 et

650 3463 821 3516 volent
861 3479 972 3516 esse
999 3464 1116 3531 igne
1145 3464 1423 3517 combusti.
1448 3462 1588 3525 Quia
1614 3479 1743 3525 puer
1771 3473 1922 3515 natus
1947 3474 2021 3515 est
2058 3463 2227 3526 nobis,

648 3564 698 3608 et
727 3554 873 3623 ﬁlius
908 3556 1063 3607 datus
1091 3564 1168 3607 est
1201 3556 1369 3617 nobis,
1406 3554 1558 3623 cujus
1597 3555 1922 3621 principatus
1957 3553 2130 3621 factus
2158 3563 2233 3608 est

649 3661 808 3711 super
841 3647 1113 3698 humerum
1148 3644 1281 3713 ejus,
1313 3655 1357 3697 et
1397 3645 1666 3697 vocabitur
1703 3661 1888 3697 nomen
1916 3643 2027 3712 ejus
2060 3646 2235 3714 magni

651 3736 863 3789 consilii
895 3736 1149 3806 Angelus.
1211 3735 1322 3805 Ego
1372 3736 1508 3788 enim
1556 3734 1818 3787 adducant
1862 3752 2039 3799 pacem
2082 3754 2238 3805 super

650 3830 934 3899 principes.
959 3845 1136 3898 pacem
1163 3839 1206 3881 et
1246 3831 1527 3881 sanitatem
1558 3844 1761 3881 eorum.
1781 3826 2007 3897 Magnus
2035 3828 2205 3897 princi
2223 3858 2235 3865 -

652 3935 808 3992 putus
840 3922 974 3990 ejus,
999 3933 1044 3975 et
1076 3923 1223 3990 pacis
1256 3921 1370 3990 ejus
1403 3938 1502 3973 non
1532 3922 1627 3972 erit
1660 3920 1783 3988 ﬁnis
1814 3934 1833 3971 .‘
1861 3937 2019 3989 super
2046 3922 2237 3973 solium

657 4015 896 4077 Davitlis,
926 4024 974 4067 ct
1007 4030 1219 4080 regnum
1243 4013 1375 4080 ejus,
1405 4022 1459 4064 ut
1492 4021 1626 4063 recte
1657 4012 1793 4064 illud
1830 4013 2165 4065 adminislret
2190 4023 2238 4065 et

655 4108 964 4163 auxilietur.
991 4108 1042 4158 in
1062 4104 1273 4172 justitia
1300 4115 1346 4155 et
1376 4104 1429 4155 in
1450 4103 1659 4172 judicio
1689 4103 1744 4156 in
1773 4121 1974 4156 omnem
1995 4105 2240 4172 deinceps

658 4200 1036 4256 wternitatem.
1075 4195 1231 4250 Zelus
1266 4196 1474 4249 Domini
1505 4196 1741 4250 Sabaoth
1776 4198 1893 4265 [ecit
1930 4197 2063 4251 lucc.

729 4487 949 4543 Vocata:
1006 4494 1135 4540 sunt
1194 4485 1259 4539 ad
1312 4484 1643 4553 agnitionem
1714 4482 2084 4538 Emmanuelis
2148 4496 2245 4551 per

662 4590 885 4637 sanctos
910 4578 1180 4649 apostolos
1222 4577 1463 4646 reliquis:
1505 4575 1747 4637 lsraelis,
1791 4586 1996 4631 vocata:
2035 4584 2158 4629 sunt
2191 4585 2244 4629 et

2411 3278 2528 3331 Ὅτε
2566 3275 2773 3332 πᾶσαν
2796 3276 3038 3345 στολὴν
3078 3276 3574 3348 ἐπισυνηγμένην
3605 3277 3789 3343 δόλῳ,
3826 3278 3921 3331 καί

2336 3368 2570 3437 ἱμάτιον
2586 3372 2715 3438 μετ’
2744 3368 3021 3439 ἀλλαγῆς
3043 3370 3479 3424 ἀποτίσουσινο
3504 3370 3601 3423 καὶ
3633 3369 3927 3435 θελήσουο

2334 3474 2457 3521 σιν,
2512 3460 2564 3511 εὶ
2611 3458 2991 3527 ἐγενήθησαν
3042 3460 3465 3528 πυρίκαυστοι.
3513 3461 3635 3513 Ὅτι
3682 3460 3928 3514 παιδίον

2334 3550 2627 3619 ἐγεννήθη
2667 3551 2813 3619 ἡμῖν
2848 3553 2999 3618 υἱὸς,
3037 3553 3134 3605 καὶ
3168 3552 3348 3619 ἐδόθη
3382 3552 3549 3621 ἡμῖν,
3581 3548 3652 3609 οὗ
3693 3554 3733 3621 ἡ
3766 3553 3926 3623 ἀρχὴ

2335 3643 2629 3712 ἐγεννήθη
2690 3644 2788 3696 ἐπὶ
2849 3644 2956 3697 τοῦ
3005 3644 3166 3713 ὤμου
3231 3646 3441 3710 αὐτοῦ,
3500 3646 3597 3699 καὶ
3653 3646 3928 3700 καλεῖται

2337 3737 2526 3805 ὄνομα
2550 3735 2739 3789 αὐτοῦ
2766 3735 3038 3805 μεγάλης
3056 3735 3296 3804 βουλῆς
3321 3736 3597 3807 ἅγγεὶος.
3644 3736 3786 3806 Ἐγὼ
3818 3738 3930 3807 γὰρ

2337 3827 2460 3890 ἄξω
2505 3827 2758 3895 εἰρήνην
2811 3826 2910 3880 ἐπὶ
2960 3826 3101 3891 τοὺς
3153 3826 3470 3896 ἄρχοντας,
3530 3828 3779 3897 εἰρήνην
3835 3829 3931 3882 καὶ

2339 3920 2570 3987 ὑγίειαν
2595 3917 2812 3974 αὐτῶν.
2844 3919 3086 3991 Μεγάλη
3120 3922 3158 3988 ἡ
3181 3921 3337 3990 ἀρχὴ
3362 3922 3571 3987 αὑτοῦ,
3601 3922 3699 3975 καὶ
3722 3920 3834 3987 τῆς
3862 3923 3932 3974 εί-

2333 4012 2531 4080 ρήνης
2568 4014 2755 4067 αὐτοῦ
2798 4014 2909 4067 οὐκ
2958 4013 3128 4065 ἔσται
3181 4015 3385 4082 aptos“
3425 4014 3523 4067 ἐπὶ
3572 4014 3679 4067 τὸν
3713 4016 3933 4081 θρόνον

2342 4105 2522 4159 Δαϐίὸ
2547 4106 2646 4160 καὶ
2677 4105 2793 4174 τὴν
2819 4107 3151 4171 ,βασιλείαν
3183 4106 3393 4170 αὑτοῦ,
3427 4105 3803 4173 κατορθῶσαι
3830 4107 3933 4160 αὑ-

2345 4198 2478 4265 τήν.
2535 4200 2643 4251 Καὶ
2694 4198 3119 4253 ἀντιλαϐέσθαι
3171 4197 3387 4267 αὐτῆς,
3439 4199 3510 4252 ἐν
3550 4197 3931 4266 δικαιοσύνῃ,

2344 4290 2443 4343 καὶ
2473 4290 2542 4342 ἐν
2573 4290 2825 4357 κρίματι,
2863 4290 2983 4344 ἀπὸ
3008 4290 3116 4343 τοῦ
3153 4290 3290 4354 νῦν,
3335 4291 3431 4343 καὶ
3464 4292 3551 4358 είς
3597 4290 3703 4343 τὸν
3748 4290 3935 4344 αἰῶνα

2345 4385 2600 4452 χρόνον-⁸
2628 4385 2659 4435 ό
2690 4381 2869 4450 ζῆλος
2901 4383 3121 4449 Kvplov
3160 4383 3403 4437 Σαϐαὼθ
3432 4383 3673 4448 ποιήσει
3722 4383 3929 4438 ταῦτα.

2419 4475 2698 4545 Κέκληται
2736 4475 2833 4544 μὲν
2862 4476 2942 4538 είς
2977 4475 3273 4543 ἐπίγνωσιν
3306 4474 3400 4529 τοῦ
3441 4474 3812 4547 Ἐμμανουήλ,
3849 4474 3936 4528 διὰ

2350 4569 2458 4621 τῶν
2484 4569 2656 4637 ἁγίων
2686 4568 3003 4621 ἀποστόλων
3046 4569 3107 4621 τὸ
3148 4568 3501 4638 κατάλειμμα
3542 4567 3637 4621 τοῦ
3681 4567 3931 4639 Ἰσραήλ·

661 4635 877 4744 ξοπιες.
919 4635 1127 4744 Quippe
1173 4635 1428 4727 dicebat:
1488 4672 1652 4744 ltcgio
1695 4635 1956 4735 zabulon,
1999 4680 2053 4724 et
2099 4679 2224 4724 terr:

2353 4635 2648 4731 κέκληνται
2675 4658 2733 4710 δὲ
2762 4660 2856 4711 καὶ
2883 4658 2952 4710 τά
2983 4658 3133 4729 ἔθνη.
3161 4659 3270 4710 Καὶ
3302 4635 3437 4726 γούν
3459 4656 3729 4725 ἕιρασκεψ

657 4765 1034 4833 Neplithalim;
1092 4764 1287 4833 quibus
1328 4764 1521 4818 deinde
1572 4763 1775 4825 subdit,
1836 4760 2054 4815 Galilwa
2119 4775 2252 4831 geu-

662 4864 820 4921 tium,
858 4858 1083 4927 populus
1126 4856 1214 4926 qui
1257 4857 1408 4911 sedet
1448 4855 1499 4908 in
1535 4855 1790 4919 tenebris,
1826 4854 2036 4906 videbat
2077 4853 2250 4907 lucem

664 4968 938 5021 magnam,
996 4950 1167 5004 lucem
1226 4949 1471 5002 videlicet
1506 4964 1599 5013 per
1634 4947 1931 5011 Christum,
1962 4944 2051 5013 qui
2092 4943 2254 4998 intel-

664 5043 903 5111 ligentitn
925 5042 1042 5096 luce
1069 5057 1169 5094 non
1199 5050 1410 5110 gentem
1432 5037 1931 5103 lsraeliticamjam,
1957 5037 2051 5089 sed
2081 5046 2251 5091 totum

670 5152 937 5192 terrarum
974 5134 1161 5189 orbem
1196 5133 1493 5187 collustrat.
1526 5132 1677 5198 Quod
1724 5141 1901 5184 autem
1937 5128 2240 5182 eollustrati

668 5230 865 5285 diaboli
915 5228 1130 5281 malitiae
1166 5223 1356 5296 jngnm
1388 5240 1585 5279 exuere
1640 5224 1957 5293 virgamque
2008 5220 2248 5291 ell‘ngcre

671 5322 954 5382 deberent,
1000 5320 1153 5390 plene
1182 5318 1544 5380 conﬁrmavit,
1577 5330 1699 5370 cum
1733 5316 1879 5369 addit
1910 5332 1922 5367 :
1954 5314 2243 5379 Propterea

675 5415 892 5469 tolletur
918 5414 1107 5482 jugum
1154 5412 1295 5479 quod
1327 5409 1430 5462 illis
1457 5411 1766 5478 impositum
1795 5416 1898 5470 est,
1927 5415 1979 5458 et
2014 5404 2157 5474 virga
2195 5404 2248 5456 in

671 5508 810 5562 collo
840 5521 1047 5559 eorum.
1080 5504 1290 5556 Atenim
1326 5501 1568 5555 videmus
1603 5501 1686 5552 bis
1717 5498 1805 5567 qui
1839 5508 2106 5551 creatum
2137 5510 2251 5548 scr-

673 5604 822 5658 viunt
866 5609 919 5654 et
957 5615 1119 5667 opera
1154 5613 1409 5653 manuum
1442 5610 1660 5650 suarum
1693 5593 1941 5653 adorant,
1972 5589 2251 5645 diabolica:

675 5695 895 5751 malitiae
956 5692 1142 5763 jugum
1208 5688 1550 5750 incubuisse;
1608 5683 1862 5738 lsraelitis
1904 5682 2066 5735 etiam
2121 5680 2252 5750 legis

674 5788 886 5858 pomlus
930 5800 1032 5839 non
1071 5783 1373 5841 ferendum,
1402 5786 1457 5831 et
1492 5791 1631 5831 onus
1662 5788 1789 5828 vere
1824 5772 2245 5827 intolerandum.

678 5879 956 5949 Siquidem
1010 5876 1152 5933 beati
1200 5868 1446 5940 discipuli
1501 5866 1965 5939 reprehenderunt
2007 5877 2121 5927 eos,
2164 5864 2253 5934 qui

2350 4752 2635 4807 Ζαϐουλὼν
2661 4752 2753 4804 καὶ
2775 4752 2845 4822 γῆ
2874 4750 3220 4820 Νεφθαλείμ·
3249 4744 3369 4802 εἶτα
3398 4749 3609 4811 τούτοις
3632 4749 3933 4819 ἐπήγαγεν,

2349 4842 2613 4896 Γαλιλαία
2634 4841 2744 4894 τῶν
2788 4840 2959 4894 ἐθνῶν
2980 4857 2993 4869 ⁸
3034 4843 3061 4893 6
3094 4841 3222 4904 λαὸς
3250 4842 3279 4893 ό
3328 4839 3640 4911 καθήμενος
3672 4840 3730 4891 ἐν
3757 4838 3935 4891 σκότει

2351 4936 2469 5007 φῶς
2492 4932 2598 4989 εἶδε
2638 4934 2804 5005 μέγα,
2834 4934 2895 4987 τὸ
2928 4933 3018 4988 διά
3065 4934 3303 5004 Χριστοῦ
3336 4933 3579 5004 δηλονότι
3623 4932 3934 5003 καταφωτί-

2354 5028 2538 5094 ζοντος
2564 5027 2787 5098 νοητῶς,
2824 5026 2922 5097 οὐχ
2955 5026 3013 5077 ἒν
3047 5025 3198 5089 ἔθνος
3230 5025 3311 5078 ἐτι
3338 5026 3399 5079 τὸ
3435 5026 3496 5090 ἐξ
3535 5026 3781 5097 Ἰσραὴλ.
3806 5026 3937 5096 σύμι

2330 5124 2531 5177 πασαν
2563 5122 2620 5174 δὲ
2660 5120 2856 5191 μᾶλλον
2892 5120 2990 5189 τὴν
3032 5118 3122 5170 ὑπ’
3163 5118 3407 5189 οὐρανόν.
3442 5120 3564 5172 Ὅτι
3610 5118 3840 5190 ἔμελλον
3891 5119 3937 5170 οί

2357 5214 2781 5284 πεφωτισμένοι,
2812 5213 2912 5282 τῆς
2936 5212 3031 5264 τοῦ
3072 5211 3323 5264 διαϐόλου
3366 5211 3689 5282 σκαιότητος
3738 5210 3937 5265 ἀποδύ-

2359 5308 2555 5362 σασθαι
2584 5307 2674 5359 τὸν
2709 5306 2890 5373 ζυγὸν,
2923 5305 3211 5375 διαφυγεῖν
3242 5321 3300 5357 τε
3331 5304 3429 5376 τὴν
3470 5304 3689 5377 ῥάϐδον,
3729 5304 3939 5376 πεπλη»

2360 5399 2632 5473 ροφόρηκε
2674 5399 2977 5471 προτιθείς’
3011 5399 3158 5451 Διότι
3198 5399 3629 5470 ἀφαιρεθήσεται
3657 5401 3687 5451 6
3726 5398 3887 5467 ζυγὸς
3914 5400 3939 5450 ὁ

2358 5493 2444 5546 ἐπ’
2462 5493 2644 5545 αὐτῶν
2673 5492 2943 5562 κείμενος,
2973 5492 3067 5544 καὶ⁴
3094 5493 3127 5561 ή
3147 5491 3339 5559 ῥάϐδος
3372 5492 3405 5562 ή
3437 5491 3530 5544 ἐπὶ
3551 5489 3645 5542 τοῦ
3667 5491 3935 5560 τραχήλου

2358 5584 2557 5639 αὐτῶν.
2591 5584 2730 5637 Ἀλλ’
2764 5586 2978 5654 ὁρῶμεν
2995 5585 3076 5637 ὅτι
3105 5587 3216 5647 τοῖς
3236 5585 3334 5655 μὲν
3358 5586 3426 5655 τῇ
3450 5583 3625 5636 κτίσει
3654 5582 3937 5655 λελατρευ-

2358 5680 2476 5733 κόσι
2510 5680 2605 5733 καὶ
2645 5680 2757 5741 τοῖς
2794 5678 2976 5748 ἔργοις
3002 5676 3111 5732 τῶν
3154 5678 3301 5731 ἰδίων
3338 5676 3538 5748 χειρῶν
3569 5694 3818 5747 προτκεκ
3840 5692 3912 5745 -ιη

2366 5772 2537 5835 κόσιν,
2569 5774 2597 5823 6
2618 5770 2715 5840 τῆς
2741 5768 3051 5839 διαϐολικῆς
3081 5770 3402 5839 σκαιότητος
3425 5768 3734 5841 ἐπέρῤιπτο
3760 5768 3931 5834 ζυγός·

2364 5867 2475 5927 τοῖς
2506 5882 2567 5932 γε
2599 5862 2705 5934 μὴν
2724 5860 2783 5928 ἐξ
2824 5861 3040 5932 Ἰσραήλ
3073 5861 3133 5915 τὸ
3166 5860 3258 5914 τοῦ
3292 5861 3456 5931 νόμου
3498 5859 3936 5931 δυσδιακόμιστον
