4134 6518
311 400 424 458 255

1483 405 1553 462 lN
1589 407 1820 464 lSAIAM
1863 411 1991 468 ΗΒ.
2036 415 2073 470 Ι.
2115 417 2325 480 ORAT.
2365 419 2428 477 ν.

3481 425 3590 484 254

309 525 502 596 ἄχθος,
531 526 628 580 καὶ
671 525 952 580 δύσοιστον
984 527 1207 599 ἀληθῶς
1241 529 1484 600 φορτίον.
1532 531 1642 584 Καὶ
1676 530 1808 600 γοῦν
1848 534 1904 588 οἱ

2009 549 2127 606 post
2165 539 2326 613 154
2357 541 2514 598 ﬁdem
2553 543 2620 597 ad
2656 543 2905 614 legalium
2949 544 3384 600 observationem
3419 561 3589 615 quos—

313 620 579 690 μακάριοι
611 618 871 691 μαθηταὶ,
901 623 1016 684 τοῖς
1047 620 1184 691 μετὰ
1208 621 1310 693 τὴν
1333 622 1518 676 πίστιν
1546 623 1904 678 ἀναπείθουσι

308 728 470 775 τινας
502 711 574 766 τὰ
606 714 664 766 ὲν
695 713 847 784 νόμῳ
888 716 1078 784 τηρεῖν
1126 715 1402 786 ἐπετίμων
1435 715 1704 784 λέγοντεςο
1739 735 1757 768 ι
1795 718 1905 771 Καὶ

310 803 412 858 νῦν
457 804 512 857 τί
558 804 850 876 πειράζετε
876 805 969 859 τὸν
999 805 1131 860 Θεὸν
1161 807 1432 861 ἐπιθεῖναι
1467 807 1634 876 ζυγὸν
1676 809 1771 862 ἐπὶ
1813 809 1904 862 τὸν

311 897 594 968 τράχηλον
621 896 728 951 τῶν
761 897 1041 969 μαθητῶν,
1068 898 1127 952 ὃν
1152 897 1277 952 οὔτε
1306 901 1491 970 ἡμεῖς,
1520 898 1641 953 οὔτε
1667 901 1717 953 οἱ
1747 900 1907 954 πατέ-

312 1005 410 1060 ρες
427 988 584 1060 ἡμῶν
608 987 904 1059 ἰσχύσαμεν
923 987 1186 1059 βαστάσαι
1205 1005 1219 1051 ς
1249 1008 1268 1041 ι
1288 989 1635 1061 Δυσφόρητος
1650 985 1744 1043 οὖν
1763 990 1904 1057 ἄγαν

310 1083 430 1144 τοῖς
480 1081 540 1148 ἐξ
582 1080 799 1152 Ἰσραὴλ
847 1083 875 1136 6
913 1082 1007 1136 τοῦ
1057 1082 1221 1153 νόμου
1271 1082 1470 1152 ζυγός·
1505 1083 1599 1137 καὶ
1653 1085 1791 1154 πρός
1839 1101 1904 1152 γε

310 1173 478 1228 τοῦτο
505 1174 565 1227 τὸ
591 1173 672 1227 ἔτι
704 1173 1126 1246 φορτικώτερον,
1169 1176 1200 1246 ή
1241 1175 1350 1228 τῶν
1382 1175 1693 1247 Φαρισαίων
1720 1176 1906 1228 σκαιό.

309 1281 419 1335 της
446 1265 758 1336 συνέτριϐεν
792 1265 854 1319 οὐ
893 1264 1130 1336 μετρίως
1161 1264 1540 1337 συνθραύουσα
1582 1268 1702 1329 ταῖς
1729 1265 1906 1336 ἀπλη-

315 1360 522 1423 στίαις.
568 1359 1038 1432 Ἐρασιχρήματοι
1071 1358 1178 1429 γὰρ
1224 1361 1273 1411 οί
1326 1359 1422 1430 τῆς
1470 1359 1742 1412 Ἰουδαίων
1778 1376 1905 1413 συν-

311 1451 545 1521 αγωγῆς
567 1450 700 1522 ήγού
709 1467 881 1521 μενοι,
909 1451 1006 1506 καὶ
1035 1451 1235 1504 σκοπὸν
1256 1450 1470 1521 ἔχοντες
1489 1451 1587 1504 ἕνα
1611 1451 1670 1504 τὸ
1693 1467 1902 1504 παντα-

310 1543 476 1616 χόθεν
506 1543 808 1614 συλλέγειν,
843 1543 939 1597 καὶ
982 1543 1416 1608 καταϐιάζεσθαι
1441 1543 1568 1607 τοὺς
1601 1543 1708 1598 ὑπὸ
1746 1545 1908 1614 χεῖρα

309 1635 498 1700 λαούς.
539 1635 747 1691 Οὐκοῦν
777 1636 980 1707 πρέποι
1023 1634 1090 1688 ἂν
1119 1634 1216 1688 καὶ
1257 1635 1399 1706 μάλα
1437 1635 1615 1706 ὀρθῶς
1650 1635 1746 1689 καὶ
1779 1634 1907 1705 περί

319 1745 389 1797 γε
423 1728 534 1782 τῶν
573 1728 632 1797 ἐξ
682 1727 919 1800 Ἰσραήλο
953 1746 971 1779 ι
1005 1729 1127 1781 Ὅτι
1160 1727 1590 1799 ἀφαιρεθήσεται
1616 1729 1645 1780 ό
1687 1726 1852 1796 ζυγὸς
1879 1728 1908 1780 6

309 1821 404 1874 ἐπ’
433 1820 613 1874 αὐτῶν
651 1821 922 1891 κείμενος,
954 1819 1050 1873 καὶ
1080 1821 1114 1889 ἡ
1146 1819 1340 1890 ῥάϐδος
1373 1821 1406 1889 ὴ
1449 1819 1543 1873 ἐπὶ
1571 1818 1667 1872 τοῦ
1702 1819 1909 1889 τραχή-

309 1911 410 1965 λου
457 1912 661 1966 αὐτῶν.
702 1932 720 1964 ι
757 1911 978 1967 Ῥάϐδον
1001 1911 1058 1966 δὲ
1096 1911 1236 1965 κατὰ
1267 1911 1328 1964 τὸ
1372 1910 1540 1975 εἰκὸς,
1575 1909 1672 1982 τὴν
1701 1912 1766 1963 ὲκ
1795 1909 1906 1962 τῶν
1941 1899 1984 1954 Β

307 2001 636 2072 ἡγουμένων
666 2002 924 2074 ὀνομάζει
951 2001 1290 2068 πλεονεξίαν,
1317 2002 1489 2055 διάτοι
1515 2001 1577 2055 τὸ
1602 2000 1903 2055 ἀπονεῦσαι

307 2095 505 2158 δεινῶς
532 2097 612 2159 είς
638 2094 1002 2167 φιλοκερδίας.
1040 2093 1256 2164 Ταύτης
1289 2094 1452 2147 ’ἑνεκα
1481 2091 1582 2160 τῆς
1622 2091 1822 2153 αἰτίας.
1853 2091 1904 2143 oi

307 2186 561 2252 δείλαιοι,
593 2188 688 2241 καί¹
720 2186 884 2242 αὑτὸν
903 2187 1237 2240 ἀπεκτόνασι
1269 2185 1361 2238 τὸν
1387 2185 1534 2238 Υἱόν.
1571 2185 1767 2239 Καίτοι
1795 2183 1904 2256 γὰρ

313 2279 522 2343 ἰδόντες
559 2279 644 2332 ὅτι
678 2279 841 2342 αὑτός
883 2279 1031 2332 ἐστιν
1063 2279 1092 2332 6
1133 2277 1470 2349 κληρονόμος
1499 2271 1659 2332 εἶπαν
1690 2279 1747 2330 ἐν
1776 2279 1902 2331 ἑαυ-

306 2374 452 2436 τοῖς,
481 2371 646 2442 φησίν
669 2386 684 2401 ο
718 2388 737 2422 t
777 2369 942 2423 Δεῦτε
975 2370 1389 2440 ἀποκτείνωμεν
1414 2369 1598 2432 αὐτὸν,
1636 2369 1730 2423 καὶ
1762 2369 1904 2439 σχῶ-

315 2479 423 2534 μεν
451 2463 666 2526 ἑαυτοῖς
707 2462 806 2534 τὴν
852 2461 1221 2532 κληρονομίαν
1258 2460 1446 2516 αὐτοῦ.
1496 2481 1516 2514 ι
1553 2462 1678 2516 Ὅτι
1724 2461 1905 2515 τοίνυν

309 2556 550 2627 δυσσεϐῆ
586 2556 682 2608 καὶ⁵
724 2554 938 2609 ἀνόσιον
969 2554 1185 2624 ἔχοντες
1219 2554 1312 2608 τὸν
1351 2556 1444 2607 ἐπὶ
1500 2554 1636 2625 τῷδε
1679 2553 1902 2618 σκοπὸν,

307 2649 512 2716 ἥδιστα
547 2647 613 2702 ἄν
634 2648 745 2702 τῶν
772 2647 943 2701 ὄντων
968 2648 1154 2712 αὐτοῖς
1189 2647 1448 2702 ἁπάντων
1485 2647 1786 2718 ὑπέμειναν
1806 2645 1906 2718 τὴν

309 2740 540 2810 ζημίαν,
582 2741 655 2794 ’Ἡ
685 2740 793 2794 ἴδον
829 2738 1214 2809 ἐπιλάμψαντα
1235 2739 1315 2809 τῷ
1346 2739 1537 2809 κόσμῳ
1569 2738 1661 2791 τὸν
1697 2738 1909 2807 Ἐμμα-

309 2833 502 2904 νονὴλ,
535 2832 867 2902 ὑπεμφαίνει
889 2831 1108 2900 ,λέγων’
1137 2849 1156 2883 ι
1191 2833 1314 2886 Ὅτι
1338 2834 1519 2885 πᾶσαν
1557 2831 1749 2902 στολὴν
1789 2835 1908 2884 ὲπι-

311 2925 669 2996 συνηγμένην
722 2925 877 2995 δόλῳ,
937 2924 1032 2978 καὶ¹
1075 2925 1290 2995 ἱμάτιον
1344 2925 1484 2994 μετὰ
1533 2923 1903 2994 καταλλαγῆς,

305 3016 655 3081 ἀποτίσουσι,
693 3016 786 3070 καὶ
812 3015 1130 3088 θελήσουσιν
1169 3017 1218 3068 εί
1252 3015 1592 3087 ἐγενήθησαν
1631 3016 1896 3086 πυρίκαυ·

310 3126 455 3162 στοι.
482 3110 600 3162 Ὅτι
617 3107 826 3161 παιδίον
846 3106 1106 3178 ἐγεννήθη
1133 3108 1263 3177 ἡμῖν
1291 3107 1406 3170 υίὸς
1427 3107 1520 3160 καὶ
1540 3106 1696 3178 ἐδόθη
1716 3109 1902 3178 ἡμῖν.»

2006 628 2128 683 dam
2163 633 2532 700 perpulerunt,
2561 633 2807 690 dicentes
2833 653 2847 688 :
2887 651 2906 686 ι
2946 635 3009 689 Et
3041 651 3182 690 nunc
3208 629 3334 704 quid
3365 636 3591 688 teutatis

2009 721 2212 788 Deum,
2249 733 2308 778 ut
2355 724 2646 794 imponatis
2697 725 2884 796 iugum
2928 729 3126 782 cervici
3174 727 3588 795 discipulorum,

2007 815 2149 883 quod
2188 830 2361 885 neque
2394 831 2489 870 nos
2519 831 2696 886 neque
2724 830 2904 888 patres
2935 819 3102 873 nostri
3140 830 3356 888 portare
3411 820 3583 886 νοιιιὶο

2010 921 2128 960 mus
2153 905 2237 960 ⁸θῖ
2263 925 2282 959 ι
2310 907 2650 962 Intolerabile
2680 909 2843 980 igitur
2870 910 3155 963 admodum
3185 910 3441 964 Israelitis
3471 918 3590 962 erat

2015 1001 2153 1072 legis
2193 1000 2406 1071 jugum,
2442 1011 2496 1055 et
2526 1003 2670 1070 quod
2713 1005 2889 1057 adhuc
2922 1004 3141 1067 gravius
3167 1011 3273 1066 est,
3310 1018 3403 1056 eos
3453 1003 3592 1055 l‘ha-

2009 1095 2288 1149 riszeorum
2331 1094 2533 1148 malitia
2573 1095 2714 1149 haud
2752 1095 3116 1158 mediocriter,
3157 1093 3453 1149 insatiabili
3491 1109 3588 1147 et.-

2007 1188 2230 1256 piditate
2269 1185 2521 1258 frangens
2559 1197 2612 1242 et
2644 1187 2974 1256 opprimeus.
3020 1186 3189 1240 Erant
3235 1187 3380 1239 enim
3427 1201 3590 1255 pecu-

2009 1279 2219 1332 niarum
2291 1293 2538 1334 amantes
2597 1278 2908 1333 Judzcorum
2967 1294 3256 1350 synagogte
3312 1278 3588 1342 ductores,

2008 1386 2285 1440 unumque
2316 1372 2457 1426 lumc
2488 1387 2710 1441 scopum
2747 1386 2856 1440 prae
2908 1385 2968 1424 se
3012 1370 3299 1434 habentes,
3329 1377 3388 1422 ut
3422 1368 3588 1422 uade-

2007 1477 2220 1532 cuuque
2254 1462 2603 1532 colligerent,
2649 1462 3012 1531 populumque
3053 1461 3329 1514 subditum
3380 1457 3592 1512 violen-

2010 1553 2233 1607 tissimis
2287 1553 2461 1608 modis
2510 1561 2828 1606 tractarent.
2881 1553 3069 1620 Itaque
3121 1549 3426 1605 rectissime
3482 1547 3588 1603 dici

2010 1642 2212 1713 poterit
2266 1643 2334 1695 de
2389 1643 2648 1699 lsraelitis
2697 1644 2860 1698 etiam
2904 1641 3196 1697 :Tolletur
3242 1641 3429 1711 jugum
3485 1638 3593 1694 illis

2009 1735 2345 1802 impositum,
2373 1744 2428 1788 et
2452 1736 2598 1804 virga
2627 1751 2746 1804 «tute
2769 1746 2851 1790 est
2878 1736 2929 1789 in
2961 1735 3100 1790 collo
3126 1745 3340 1788 eorum.
3369 1732 3588 1800 Virgam

2010 1835 2188 1879 autem
2246 1841 2530 1896 procerum
2592 1829 2947 1898 rapacitatem
3007 1829 3292 1881 nominare
3353 1825 3590 1890 videtur,

2007 1918 2148 1986 quod
2198 1919 2439 1972 avaritiae
2488 1920 2760 1988 impendio
2813 1919 2976 1974 dediti
3025 1918 3246 1972 fuerint.
3307 1915 3457 1972 Ilane
3513 1917 3586 1970 ob

2005 2023 2226 2064 causam
2269 2009 2452 2064 miseri
2509 2010 2683 2078 ipsum
2734 2009 2895 2063 etiam
2927 2009 3122 2064 Filium
3175 2008 3588 2063 interfecerunt.

2006 2101 2324 2172 Quanquam
2346 2103 2488 2157 enim
2507 2101 2755 2158 sciebant
2777 2118 2896 2157 eum
2925 2117 3046 2158 esse
3073 2102 3362 2165 lueredem,
3397 2119 3415 2152 ι
3437 2099 3591 2171 Apud

2005 2209 2065 2248 se
2098 2193 2382 2260 dixerunt,
2430 2194 2623 2264 inquit,
2667 2194 2897 2258 Adeste,
2960 2193 3269 2248 occidamus
3327 2206 3486 2257 eum,
3539 2199 3593 2244 et

2006 2285 2304 2341 habeamus
2335 2286 2492 2340 nobis
2526 2285 2897 2339 hmreditatem
2948 2281 3066 2352 ejus
3091 2284 3156 2336 ⁸⁷.
3193 2303 3212 2335 ι
3242 2282 3393 2349 Quod
3429 2281 3595 2352 igitur

2009 2377 2230 2448 impium
2285 2388 2338 2433 et
2382 2377 2649 2432 nefarium
2701 2390 2925 2445 scopum
2975 2372 3241 2429 habentes
3282 2369 3590 2425 Iudaeorum

2007 2470 2267 2539 pmice“,
2292 2471 2541 2524 omnimn
2573 2469 2836 2524 bonorum
2865 2482 3088 2522 suorum
3115 2467 3387 2536 iacturam
3421 2463 3593 2519 liberr-

2010 2563 2217 2617 tissime
2257 2561 2628 2631 pertulissent,
2665 2561 2846 2630 potius
2877 2575 3037 2630 quam
3081 2561 3327 2612 viderent
3372 2555 3592 2610 illuces-

2009 2662 2220 2706 contem
2277 2651 2479 2706 mundo
2529 2652 2958 2716 Emmanuelem,
2991 2648 3302 2703 subindicat
3355 2647 3588 2700 dicens:

2015 2763 2032 2795 ι
2065 2749 2289 2796 Omnem
2320 2741 2511 2796 stolam
2540 2751 2923 2811 congregatam
2953 2739 3096 2803 dolo,
3134 2749 3187 2793 et
3220 2747 3428 2791 vestem
3467 2751 3590 2790 cum

2018 2836 2443 2890 commutatione
2493 2835 2804 2898 restituent,
2837 2842 2892 2887 et
2942 2831 3122 2888 volent
3171 2831 3276 2902 igni
3323 2827 3592 2885 combusti

2009 2943 2150 2984 esse.
2179 2928 2316 2996 Quia
2357 2943 2487 2998 puer
2521 2937 2680 2981 natus
2705 2935 2788 2980 est
2829 2925 3005 2991 nobis,
3035 2934 3087 2978 et
3134 2923 3276 2978 (ilius
3321 2924 3475 2976 datus
3511 2930 3594 2975 est

2010 3021 2183 3076 nobis.
2216 3040 2234 3073 ι
2261 3020 2334 3074 Ex
2355 3019 2476 3074 dolo
2505 3019 2646 3074 enim
2672 3028 2721 3071 et
2748 3017 2956 3081 fraude,
2989 3025 3043 3070 et
3075 3031 3139 3070 ex
3167 3016 3354 3081 iniquo
3379 3012 3586 3081 judicio

2009 3128 2170 3182 opum
2215 3119 2606 3167 coacervatum
2631 3108 2927 3172 ctunulum,
2961 3107 3135 3176 inquit
3168 3123 3182 3159 :
3220 3112 3592 3158 verumtamen

321 3200 428 3253 Ἐκ
451 3201 603 3253 δόλου
638 3199 737 3270 μὲν
776 3199 884 3270 γὰρ
916 3199 1010 3251 καὶ
1041 3199 1276 3267 ἀπάτης,
1311 3200 1404 3253 καὶ
1443 3199 1550 3252 ἀπὸ
1576 3199 1672 3252 τοῦ
1699 3200 1905 3272 κρίνειν

2007 3203 2302 3272 jucundum
2364 3202 2469 3256 illis
2529 3211 2583 3255 et
2637 3209 2849 3269 gratum
2906 3198 3128 3261 fuisset,
3187 3196 3349 3250 etiam
3411 3194 3587 3264 ipsum

308 3292 420 3344 οὐκ
457 3291 654 3362 ὀρθῶς,
688 3293 788 3362 τὴν
817 3291 924 3344 τῶν
946 3292 1247 3363 χρημάτων
1281 3292 1527 3364 ἄθροισιν
1557 3294 1902 3366 ἐποιήσαντο,

307 3382 518 3454 φησίν·
550 3382 664 3437 ἀλλ’
690 3383 789 3454 ἡδὺ
820 3382 914 3435 καὶ
955 3382 1108 3452 φίλον
1146 3383 1350 3447 αὐτοῖς,
1388 3385 1484 3438 καὶ
1525 3385 1690 3456 μέχρι
1730 3386 1906 3456 αὐτῆς

306 3475 419 3544 τῆς
470 3475 796 3547 περιστολῆς
848 3475 942 3528 καὶ
991 3475 1100 3529 τῶν
1151 3477 1384 3546 ίματίων
1442 3477 1579 3547 μετὰ
1631 3478 1903 3532 καταλλα-

306 3566 444 3636 γῆς,
482 3566 626 3620 τοῦτ’
651 3567 788 3629 ἔστι,
817 3569 956 3636 μετὰ
981 3567 1322 3638 προσθήκης.
1353 3568 1788 3639 ἀποπέμψασθαι
1812 3571 1906 3624 καὶ

312 3657 640 3726 ἀποϐαλεῖν,
688 3659 887 3728 μᾶλλον
924 3659 981 3712 δέ
1014 3659 1484 3730 φησιν-ἠθέλησαν
1521 3661 1906 3732 καταφλεχθῆ-

307 3769 404 3804 ναι
430 3751 525 3804 καὶ
547 3751 704 3821 πυρὶ,
741 3749 1139 3822 δυσφοροῦντες
1183 3751 1346 3819 ἄγαν,
1377 3752 1457 3804 ὅτι
1493 3753 1707 3807 παιδίον
1754 3756 1908 3823 ἐγεν-

307 3845 452 3918 νήθη
482 3846 614 3915 ἡμῖν
650 3844 787 3908 υίός.
838 3842 1274 3913 Πεπιστευμένοι
1303 3845 1413 3915 γὰρ
1453 3843 1546 3897 τὸν
1585 3845 1907 3902 δεσποτικὸν

311 3936 641 4008 ἀμπελῶνα,
669 3937 798 3999 τοὺς
838 3935 1086 4004 καρποὺς
1125 3934 1399 4005 ἠθέλησαν
1432 3935 1576 4006 ἔχειν
1619 3937 1773 3991 αὐτοὶ
1813 3939 1909 3994 καὶ

310 4031 492 4101 μόνοι,
540 4029 998 4100 προσκομίζοντες
1053 4028 1132 4098 τῷ
1172 4028 1408 4102 δεσπότῃ
1435 4029 1496 4082 τὸ
1543 4029 1764 4101 σύμπαν
1813 4032 1908 4086 οὐ·

309 4122 430 4176 δέν.
471 4122 688 4176 Παιδίον
715 4122 769 4175 δὲ
802 4121 975 4190 λέγων
1001 4120 1382 4192 γεγεννῆσθαι,
1409 4122 1674 4193 διελέγχει
1718 4123 1908 4194 σαφῶς

306 4215 415 4284 τῆς
445 4214 556 4267 τῶν
580 4212 899 4282 Μανιχαίων
924 4212 1083 4282 δόξης
1108 4213 1168 4266 τὸ
1197 4213 1448 4284 ἀδρανὲς,
1480 4215 1530 4268 οἳ
1572 4215 1906 4285 παραιτοῦν-

304 4325 406 4362 ται
431 4306 630 4375 λέγειν,
662 4305 746 4358 ὃτι
773 4307 961 4373 γέγονε
999 4303 1133 4378 σὰρξ
1163 4307 1190 4358 6
1210 4305 1382 4375 Λόγος
1407 4322 1422 4337 ο
1457 4306 1602 4359 τοῦτ’
1637 4308 1773 4370 ἐστι,
1804 4308 1905 4377 τὴν

305 4397 474 4470 ἡμῶν
523 4397 802 4469 πεφόρηκε
837 4396 1015 4467 σάρκα
1055 4397 1121 4450 δι’
1152 4398 1298 4468 ἡμᾶς
1343 4399 1720 4469 οἰκονομικῶς.
1769 4401 1905 4456 Ἀλλ’

308 4477 362 4543 εί
397 4488 675 4560 βούλονται
702 4491 920 4560 φρονεῖν
956 4488 1152 4559 ὀρθῶς,
1186 4490 1279 4542 καὶ
1307 4491 1404 4561 τῆς
1443 4492 1653 4546 ἑαυτῶν
1681 4493 1906 4547 δυσϐου-

2012 3295 2268 3350 amictum
2300 3303 2352 3350 et
2386 3304 2586 3359 vestes,
2619 3308 2742 3348 cum
2789 3290 3212 3361 perntutalioire,
3245 3288 3298 3341 id
3329 3298 3436 3352 est,
3465 3300 3588 3339 cum

2008 3397 2258 3457 quaestu,
2305 3386 2574 3440 dimittere
2617 3394 2672 3439 et
2711 3383 2981 3453 abjicere,
3024 3382 3132 3436 imo
3179 3393 3343 3446 vero,
3393 3377 3590 3447 inquit,

2009 3478 2331 3533 maluissent
2368 3476 2610 3531 comburi
2642 3475 2806 3528 etiam
2841 3476 2990 3543 igne,
3033 3473 3316 3542 aegerrime
3350 3470 3589 3526 ferentes

1976 3584 2238 3638 puerum
2276 3579 2460 3621 natum
2512 3580 2636 3620 esse
2677 3564 2857 3630 nobis,
2886 3574 2940 3617 et
2985 3563 3152 3617 tilium
3192 3563 3376 3616 datum
3413 3560 3588 3616 nobis.

2007 3659 2214 3725 Quibus
2252 3657 2396 3712 enim
2443 3656 2635 3712 herilis
2673 3658 2842 3708 vineae
2868 3669 2998 3709 cura
3042 3651 3330 3706 connnissa
3383 3649 3589 3715 fuerat,

2008 3752 2064 3805 hi
2113 3749 2212 3804 soli
2261 3750 2471 3804 fructus
2521 3749 2622 3804 sibi
2674 3748 2926 3802 volebant
2979 3747 3212 3811 habere,
3267 3744 3401 3798 hero
3450 3742 3588 3796 nihil

2007 3858 2232 3916 prorsus
2255 3843 2571 3899 aﬂerentes.
2602 3841 2837 3897 Puerum
2863 3849 3044 3895 autem
3069 3847 3253 3894 natum
3285 3853 3404 3893 cum
3433 3837 3587 3903 dicit,

2009 3937 2378 3992 infirmitatem
2410 3935 2832 3989 Manicha-orum
2861 3932 3132 3999 opinionis
3173 3930 3453 3984 evidenter
3497 3943 3590 3982 co-

2007 4030 2206 4099 arguit,
2241 4029 2333 4100 qui
2378 4035 2611 4083 renuunt
2639 4027 2837 4090 dicere.
2869 4025 3105 4081 Verbum
3136 4037 3355 4078 carnem
3387 4022 3588 4075 lactant

2005 4142 2150 4193 esse,
2181 4127 2232 4182 id
2266 4135 2370 4193 est,
2406 4134 2648 4179 nostram
2679 4137 2904 4177 carnem
2942 4131 3166 4191 propter
3199 4134 3298 4174 nos
3341 4125 3590 4188 portasse

2005 4231 2102 4287 per
2121 4216 2595 4285 dispensationem.
2623 4211 2784 4281 Atqui
2823 4210 2867 4264 si
2897 4219 3041 4265 recte
3076 4223 3266 4278 Sapere
3295 4206 3588 4269 Vulttel‘iltl,

2006 4321 2060 4366 et
2109 4325 2262 4364 suam
2314 4310 2552 4379 ipsorum
2603 4304 2965 4360 temeritatem
3008 4303 3302 4368 damnare,
3351 4316 3416 4355 ne
3453 4315 3587 4353 con-

2008 4404 2292 4458 tumeliose
2359 4411 2674 4472 pervertant
2738 4401 2901 4453 verba
2976 4398 3254 4468 propheta:
3319 4393 3574 4457 dicentis,

2013 4510 2244 4565 puerum
2312 4495 2469 4549 nohis
2533 4505 2718 4547 natum
2774 4506 2895 4551 esse
2941 4504 2957 4544 :
3005 4489 3092 4543 ubi
3151 4488 3349 4541 etenim
3410 4484 3589 4554 proles

307 4577 434 4641 λίας
460 4576 953 4649 καταψηφίζεσθαι,
987 4577 1061 4649 μὴ
1085 4579 1498 4650 ἀτιμαζέτωσαν
1517 4581 1617 4646 τὰς
1650 4582 1744 4636 τοῦ
1771 4601 1903 4656 προ·

2010 4603 2134 4640 rere
2171 4594 2297 4639 nata
2347 4596 2429 4640 est
2475 4599 2538 4640 ex
2591 4584 2838 4647 muliere,
2867 4582 2958 4652 qui
3007 4581 3157 4635 locus
3206 4593 3329 4632 esse
3371 4576 3588 4646 poterit,

307 4674 488 4741 φήτου
542 4671 758 4740 φωνὰς,
811 4672 1019 4726 παιδίον
1054 4674 1184 4744 ἡμῖν
1218 4675 1578 4746 γεγεννῆσθαι
1626 4676 1896 4746 λέγοντος.

311 4761 493 4816 ὐπου
527 4763 637 4834 γὰρ
658 4763 816 4827 τόκος
844 4765 908 4816 ὲκ
945 4763 1205 4832 γυναικὸς
1230 4765 1467 4836 ἀληθῶς,
1500 4771 1654 4822 ποῖον
1688 4769 1754 4824 ἂν
1787 4771 1900 4842 ἔχει

305 4855 476 4908 τόπον
498 4855 560 4908 τὸ
599 4856 816 4926 δοκήσει
860 4856 955 4909 καὶ
983 4858 1132 4927 σκιᾷ,
1161 4858 1254 4911 καὶ
1281 4859 1358 4922 ὡς
1394 4861 1454 4913 ὲν
1497 4861 1686 4932 μόναις
1728 4865 1900 4918 εἰπεῖν

307 4947 642 5016 φαντασίαις
689 4947 1014 5020 γεγενῆσθαι
1065 4948 1165 5020 τὴν
1197 4949 1530 5022 ὲπιδημίαν;
1581 4953 1720 5024 πλὴν
1768 4956 1900 5027 ἡμῖν

307 5037 554 5092 δεδόσθαι
589 5040 722 5109 φησὶ
748 5039 838 5092 τὸν
866 5039 1000 5095 υἱόν.
1029 5039 1224 5109 Γέγονε
1246 5041 1356 5113 γὰρ
1384 5042 1671 5115 ἄνθρωπος
1698 5047 1728 5099 6
1744 5064 1901 5116 μονο-

310 5131 476 5202 γενὴς
515 5131 610 5183 τοῦ
659 5130 794 5184 Θεοῦ
826 5132 998 5200 Λόγος
1023 5133 1086 5186 οὐ
1125 5132 1192 5185 δι’
1230 5133 1440 5201 ἑαυτὸν,
1479 5138 1812 5192 ἀνακαινιῶν
1846 5140 1902 5193 δὲ

314 5222 516 5293 μᾶλλον
536 5223 607 5275 τὰ
635 5222 758 5275 καθ’
783 5225 930 5294 ἡμᾶς
949 5227 1028 5287 είς
1054 5225 1114 5278 τὸ
1142 5225 1236 5278 ἀπ’
1265 5227 1458 5298 ἀρχῆς,
1485 5229 1577 5281 καὶ
1607 5230 1707 5301 τῆς
1735 5233 1905 5286 ἁπάν-

310 5331 420 5367 των
453 5313 602 5383 ζωῆς
629 5314 968 5386 ἀντίλυτρον,
1007 5316 1066 5368 τὸ
1103 5316 1234 5370 ἴδιον
1265 5319 1427 5388 σῶμα
1450 5323 1802 5394 προσκομιῶν
1824 5326 1905 5390 είς

311 5406 487 5477 ὀσμὴν
504 5407 734 5470 εὐωδίας
753 5407 833 5476 τῷ
853 5407 972 5478 Θεῷ
995 5409 1090 5462 καὶ
1118 5411 1313 5481 Πατρί.
1336 5411 1669 5483 Γεγενῆσθαι
1689 5415 1746 5468 δέ
1766 5434 1901 5487 φησι

312 5497 411 5567 τὴν
427 5497 604 5567 ἀρχὴν
628 5497 793 5550 αὐτοῦ
811 5499 904 5552 ἐπὶ
914 5499 1008 5553 τοῦ
1030 5501 1181 5570 ῶμου
1199 5502 1384 5565 αὐτοῦ,
1403 5503 1651 5558 καὶδοκεῖ
1665 5497 1769 5577 ’μέν
1793 5526 1901 5562 τισι

311 5587 553 5641 τοιοῦτόν
593 5607 646 5642 τι
704 5592 865 5644 νοεῖν.
910 5591 1129 5664 Ἐπειδὴ
1179 5594 1308 5664 γὰρ,
1349 5601 1534 5666 φησιν,
1585 5599 1762 5669 ἑαυτῷ
1808 5601 1899 5653 τὸν

317 5681 548 5752 σταυρὸν
578 5682 658 5743 εἰς
699 5681 881 5752 ὤμους
936 5683 1076 5753 ἔχων
1110 5687 1148 5740 ὁ.
1172 5687 1374 5758 Κύριος
1427 5688 1585 5761 ἡμῶν
1631 5691 1836 5762 Ἰησοῦς
1869 5695 1898 5746 6

379 5839 431 5871 ⁸³
457 5839 578 5893 Act.
598 5841 780 5905 xv,lO.
860 5843 902 5874 "
929 5842 1118 5900 Matth.
1153 5860 1242 5899 xxi
1299 5846 1386 5901 53.

2011 4677 2169 4750 155
2203 4678 2456 4747 Opinione
2505 4684 2560 4730 et
2596 4675 2782 4728 umbra
2833 4672 2918 4727 vel
2950 4671 3064 4726 sola
3095 4669 3272 4738 specie
3302 4668 3591 4720 adventum

2007 4775 2124 4842 ejus
2151 4770 2358 4826 fuisse?
2403 4768 2602 4823 Verum
2636 4766 2765 4822 dicit
2801 4765 2958 4820 nobis
3001 4765 3185 4819 datum
3228 4775 3351 4815 esse
3398 4759 3588 4812 tilium.

2006 4865 2203 4920 Factus
2229 4863 2468 4919 esteuim
2497 4862 2658 4916 homo
2685 4859 3018 4928 unigenitum
3055 4855 3148 4909 Dei
3189 4853 3444 4917 Verbum,
3485 4865 3590 4903 non

2006 4967 2228 5026 propter
2252 4955 2508 5025 seipsum,
2526 4952 2624 5008 sed
2643 4953 2822 5022 potius
2844 4957 2903 5004 ut
2928 4957 3166 5004 nostram
3191 4944 3582 5008 conditionem,

2009 5049 2168 5104 sicuti
2207 5047 2307 5100 fuit
2335 5064 2363 5099 a
2393 5047 2681 5116 principio,
2725 5051 3088 5106 rcstauraret,
3135 5049 3187 5094 et
3240 5049 3298 5092 ut
3344 5036 3590 5092 omnium

2009 5144 2132 5196 vita:
2167 5142 2400 5211 pretium
2459 5155 2522 5193 ac
2581 5139 3004 5206 redemptionem
3063 5149 3217 5189 suum
3248 5146 3446 5202 corpus
3483 5130 3592 5183 Deo

2004 5243 2060 5288 et
2092 5233 2232 5286 Patri
2263 5233 2314 5285 in
2351 5233 2570 5288 odorem
2601 5231 2887 5287 suavitatis
2922 5227 3166 5283 oll'erret.
3204 5225 3429 5280 Factum
3456 5239 3587 5277 vero

2005 5325 2363 5394 principatum
2389 5325 2507 5393 ejus
2545 5325 2620 5377 ait
2655 5338 2817 5392 super
2845 5321 3129 5376 humerum
3159 5319 3295 5388 ejus,
3341 5317 3586 5371 videtur-

2007 5431 2112 5486 que
2135 5417 2409 5472 nonnullis
2439 5414 2741 5486 huiusmodi
2772 5415 3046 5486 quidpiam
3079 5414 3411 5483 intelligere:
3441 5410 3590 5476 Quo-

2011 5509 2156 5564 niam
2180 5511 2344 5574 enim,
2372 5511 2566 5579 inquit,
2585 5525 2799 5565 crucem
2818 5520 3041 5580 portans
3067 5508 3306 5562 humeris
3330 5505 3592 5558 Dominus

2009 5613 2196 5658 noster
2214 5600 2370 5658 Jesus
2390 5603 2656 5668 Christus,
2682 5604 2748 5658 ad
2771 5605 3072 5673 passionem
3102 5601 3389 5654 salutarem
3415 5597 3585 5662 venit,

2006 5709 2061 5753 et
2095 5697 2361 5754 exaltatus
2409 5709 2512 5764 est,
2564 5709 2616 5753 ct
2669 5697 2854 5753 orbem
2913 5707 3177 5751 terrarum
3221 5709 3316 5765 pcr
3345 5692 3586 5763 seipsum
