4134 6496
225 383 337 440 257

1377 385 1447 443 IN
1485 387 1723 444 ISAIAM
1761 388 1892 444 LIB.
1934 387 1973 446 ι.
2011 387 2222 445 ΟΠΑΤ.
2265 391 2356 448 Ἥ.

3320 423 3324 427 ·
3399 392 3508 450 αειε

223 505 376 558 ἔστιν
404 502 440 572 ἠ
480 499 802 564 ἀνάστασις,
837 498 932 554 καὶ
953 501 988 571 ἠ
1021 499 1156 572 ζωὴ,
1179 501 1323 566 τίνος
1359 504 1428 559 ἂν
1454 503 1650 580 ἐδεήθη
1684 509 1813 581 πρὸς

1924 507 2122 563 diebus
2166 510 2419 564 excitabo
2465 510 2599 565 illud
2639 512 2706 566 “.
2756 529 2778 562 ι
2826 511 3070 583 Regnum
3122 527 3252 568 vero
3301 513 3506 571 Christi

225 593 565 664 ζωοποίησιν
592 593 625 664 ἡ
660 591 804 664 Coiﬁ;
833 592 945 645 Καὶ
979 594 1027 646 εί
1046 592 1115 646 τά
1140 591 1247 646 τῶν
1277 595 1478 667 ἑτέρων
1500 599 1821 672 ὲγηγερκὼς

221 689 422 757 ὁρᾶται
473 684 703 755 σώματα
731 683 956 752 δυνάμει
988 683 1152 737 πάλιν
1185 685 1310 757 ἰδίᾳ,
1348 686 1465 751 πῶς
1492 688 1558 743 ἂν
1586 691 1686 744 οὐκ
1721 693 1818 745 ἀν-

223 779 426 849 έστησε
463 776 559 829 καὶ
594 775 698 846 πρό
723 791 785 844 γε
805 774 914 827 τῶν
933 774 1110 830 ἄλλων
1129 775 1192 828 τὺ
1227 777 1392 846 ἴδιονς
1422 780 1633 840 Καίτοι,
1661 783 1815 852 φησὶ,

225 871 363 941 πρὸς
425 868 710 932 Ἰουδαίους
749 868 914 931 αὐτός
939 884 951 896 ·
998 885 1018 919 ι
1058 868 1270 922 Λύσατε
1308 871 1398 923 τὸν
1432 873 1561 926 ναὸν
1605 874 1814 939 τοῦτον,

226 963 318 1016 καὶ
348 963 409 1014 ἐν
438 961 618 1032 τρισὶν
647 958 885 1033 ἡμέραις
911 960 1088 1032 ἐγερῶ
1108 961 1290 1014 αὐτόν.
1334 981 1352 1012 s
1383 963 1505 1016 ’Ότι
1529 964 1634 1036 γάρ
1657 965 1814 1019 suos.

224 1071 386 1125 νητος
418 1055 452 1126 ἡ
501 1052 753 1124 βασιλεία
796 1051 890 1105 τοῦ
924 1053 1162 1122 Χριστοῦ
1196 1055 1289 1107 καὶ
1325 1053 1388 1106 τὸ
1423 1057 1818 1127 ἐρηρεισμένον

224 1146 432 1217 ἔχουσα
457 1146 546 1200 διὰ
573 1145 776 1209 παντὸς
804 1144 1068 1209 διδάσκει,
1098 1144 1293 1214 λέγων.
1319 1165 1340 1196 ι’
1357 1147 1585 1218 Μεγάλη
1613 1150 1646 1219 ή
1673 1148 1816 1222 ἁρχὴ

224 1237 418 1302 αὑτοῦ,
469 1238 699 1309 καὶτῆς
757 1238 982 1310 εἰρήνης
1029 1237 1194 1292 αὐτοῦ
1247 1240 1346 1292 οὐκ
1393 1238 1538 1293 ἔστιν
1586 1242 1752 1313 ὃριον.
1792 1261 1813 1294 s

221 1327 401 1402 Ἦρξε
451 1332 558 1403 γὰρ
589 1331 775 1384 οὐκέτι
829 1330 1000 1402 μόνης
1041 1333 1142 1402 τῆς
1187 1331 1466 1396 Ἰουδαίας,
1498 1334 1719 1406 ἁπάσης
1759 1335 1816 1389 δὲ

226 1424 431 1494 μᾶλλον
461 1423 560 1492 τῆς
606 1424 697 1476 ὑπ’
729 1423 976 1496 οὐρανόν.
1024 1427 1133 1479 Καὶ
1171 1426 1325 1490 τέλος
1371 1430 1471 1482 οὐκ
1523 1429 1675 1483 ἔσται
1717 1431 1816 1502 τῆς

222 1515 358 1582 παρ’
385 1515 542 1586 ἡμῶν
575 1517 1026 1590 προσφερομένης
1059 1521 1210 1592 αὐτῴ
1235 1523 1476 1593 εἰρήνης.
1523 1523 1815 1596 Εἱρηνεύο-

223 1624 329 1675 μεν
357 1608 469 1680 γάρ
502 1610 639 1680 πρὸς
679 1611 861 1671 αὑτὸν,
907 1612 1053 1683 αὐτῷ
1087 1615 1518 1686 προσκυνοῦμεν,
1549 1617 1624 1680 ώς
1657 1616 1813 1689 ἔφην,

220 1699 323 1751 καὶ
355 1699 424 1752 δι’
465 1701 629 1754 αὐτοῦ
662 1703 751 1756 καί⁵
793 1705 852 1755 ὲν
889 1703 1038 1776 αύτῷ
1065 1703 1144 1774 τῷ
1180 1705 1300 1776 Θεῷ
1339 1708 1434 1760 καὶ
1466 1708 1662 1779 Πατρί.
1706 1710 1817 1763 Καὶ

217 1790 323 1859 τὴν
355 1789 452 1844 τοῦ
483 1791 718 1863 πολέμου
751 1793 1006 1864 πρόξενον
1037 1796 1317 1867 ἁμαρτίαν
1335 1799 1398 1851 ὲκ
1425 1801 1592 1869 μέσου
1615 1803 1811 1864 ποιεῖν,

1927 602 2149 655 omnino
2207 600 2371 656 ﬁxum
2421 612 2476 658 et
2529 601 2742 656 ﬁrmum
2797 619 2920 660 esse
2973 606 3153 669 docet.
3201 623 3323 662 cum
3374 609 3505 665 ait:

1933 707 1960 741 ς
2001 689 2222 761 Magnus
2261 693 2597 762 principatus
2629 693 2790 763 ejus,
2836 704 2891 749 et
2932 697 3082 764 pacis
3105 696 3221 765 ejus
3268 714 3376 753 non
3403 699 3511 754 erit

1929 783 2070 837 ﬂuis.
2116 803 2136 836 ι
2172 783 2286 837 Non
2318 782 2463 838 enim
2495 784 2593 838 soli
2624 783 2826 840 Judaese
2846 826 2862 851 ,
2919 790 3014 842 sed
3056 791 3154 843 toti
3185 790 3303 844 orbi
3332 797 3510 845 terra-

1928 891 2046 928 rum
2084 877 2392 944 imperavit.
2451 876 2563 932 Nec
2608 878 2732 933 ﬂuis
2785 879 2888 933 erit
2918 882 3100 949 pacis,
3135 897 3253 950 quae
3279 899 3310 936 a
3353 882 3508 937 nobis

1927 968 2003 1023 illi
2037 967 2284 1023 aﬂ‘ertur.
2321 968 2518 1023 Pacem
2551 969 2695 1024 enim
2735 986 2859 1040 erga
2888 986 3009 1024 eum
3049 973 3308 1027 habemus
3340 979 3508 1028 :ado-

1927 1074 2113 1113 ramus
2161 1076 2306 1123 enin,
2355 1069 2412 1112 nt
2453 1059 2587 1126 dixi,
2648 1061 2729 1114 sic
2783 1068 2840 1115 ct
2889 1076 2985 1131 per
3016 1062 3190 1128 illum,
3222 1075 3279 1118 et
3324 1066 3378 1120 iu
3415 1066 3510 1122 illo

1925 1150 2094 1204 Deum
2125 1167 2188 1204 ac
2238 1149 2480 1207 Patrem.
2519 1152 2586 1205 Et
2621 1161 2904 1221 peccaturo
2959 1155 3099 1208 unde
3145 1157 3348 1211 bellqu
3377 1175 3508 1214 con-

1925 1244 2110 1297 llatmn
2142 1254 2192 1296 et
2225 1253 2404 1298 ortum
2444 1254 2549 1310 est,
2591 1248 2958 1302 exterminare
2982 1249 3259 1304 debemus.
3282 1250 3508 1308 Venisse

1925 1349 2105 1389 autem
2131 1350 2253 1388 cum
2294 1336 2360 1388 ad
2394 1344 2606 1404 gentem
2629 1335 2940 1394 Iudaeorum
2968 1339 3306 1395 liberandum
3324 1343 3504 1408 docet,

1921 1443 2046 1480 cum
2110 1428 2305 1482 addit:
2355 1445 2373 1479 ι
2417 1428 2595 1497 Super
2656 1429 2850 1484 solium
2909 1430 3167 1498 Davidis,
3232 1444 3286 1487 et
3341 1450 3508 1503 super

1924 1531 2150 1586 regnum
2188 1515 2344 1585 eius,
2402 1528 2460 1572 ul.
2507 1521 2705 1590 dirigat
2735 1523 2895 1586 illud,
2959 1533 3014 1577 et
3057 1525 3405 1578 adluinistret
3448 1525 3503 1580 itt

1919 1607 2156 1677 justitia,
2189 1619 2248 1664 et
2291 1609 2519 1677 judicio,
2554 1612 2607 1665 in
2645 1628 2861 1667 onmem
2886 1613 3140 1681 deinceps
3166 1615 3506 1684 perpetuita-

1927 1711 2056 1754 ιιιιιι.
2093 1719 2114 1752 s
2145 1699 2432 1770 Postquam
2464 1712 2643 1756 autem
2678 1707 2814 1756 satis
2844 1705 2912 1758 de
2955 1703 3306 1759 Enunanuele
3337 1709 3503 1762 verba

1929 1794 2084 1847 nobis
2137 1792 2267 1848 fecit
2321 1796 2516 1848 beatus
2565 1795 2857 1863 propheta.
2909 1798 3262 1852 humanitatis
3291 1809 3505 1869 tempus

221 1883 647 1949 σπουδάζοντες.
692 1885 816 1938 Ὅτι
878 1886 934 1939 δὲ
989 1887 1218 1956 ἀφίκετο
1264 1888 1328 1942 τὸ
1384 1889 1495 1944 τῶν
1547 1891 1813 1945 Ἰουδαίων

1920 1885 2175 1954 eXpIicat,
2232 1886 2418 1939 dicens
2471 1901 2538 1938 τι
2594 1884 2758 1940 Zelus
2821 1887 3033 1942 Domini
3090 1889 3328 1945 Sabaoth
3378 1892 3504 1946 fecit

215 1975 608 2047 ἐλευθερώσων
655 1977 824 2041 ἔθνος,
860 1977 1102 2032 διδάσκει
1143 1980 1449 2052 προτιθείςο
1491 2001 1511 2034 ι
1556 1972 1679 2036 Ἐπὶ
1721 1984 1816 2037 τὸν

218 2066 420 2138 θρόνον
451 2068 637 2131 Δαϐὶδ,
669 2068 764 2121 καὶ
794 2069 885 2122 ἐπὶ
907 2071 1005 2140 τὴν
1037 2068 1316 2139 βασιλείαν
1344 2071 1508 2124 αὑτοῦ
1537 2071 1816 2144 κατορθῶ-

215 2177 316 2212 σαι
353 2161 524 2231 αὑτήν
550 2177 562 2189 ·
598 2161 692 2214 κα)⁸
732 2160 1116 2216 ἀντιλαϐέσθαι
1155 2164 1324 2234 αὐτῆς
1369 2163 1428 2215 ὲν
1475 2162 1810 2236 δικαιοσύνῃ,

215 2251 320 2305 καὶ
349 2254 408 2304 ὲν
436 2253 686 2323 κρίματι,
718 2253 824 2306 ἀπὸ
853 2251 947 2306 τοῦ
988 2252 1082 2307 νῦν
1112 2254 1207 2306 καὶ
1247 2257 1325 2318 εις
1354 2254 1446 2307 τὸν
1474 2255 1646 2308 αἰῶνα
1681 2255 1812 2325 χρὸν

213 2360 336 2396 νον.
374 2363 393 2394 s
449 2343 671 2414 Ἐπειδὴ
701 2343 757 2396 δὲ
791 2342 1160 2414 ἀποχρώντως
1191 2345 1322 2415 ἡμῖν
1353 2344 1446 2399 τὸν
1479 2345 1605 2416 περί
1633 2361 1695 2412 γε
1717 2343 1810 2397 τοῦ

227 2435 586 2507 ’Βμμανουὴλ
632 2438 927 2508 ἐποιήσατο
968 2436 1126 2506 λόγον
1161 2440 1190 2491 ὁ
1227 2438 1497 2509 μακάριος
1527 2439 1815 2510 προφήτης

211 2531 319 2600 τῆς
342 2530 809 2601 ὲνανθρωπήσεως
829 2530 920 2584 τὸν
938 2531 1128 2602 καιρὸν
1147 2531 1456 2594 ἀποδίδωσι,
1477 2531 1670 2600 λέγων·
1699 2551 1715 2583 ι
1756 2533 1814 2585 ’0

211 2622 385 2693 ζῆλος
413 2623 618 2694 Κυρίου
644 2621 871 2676 Σαϐαὼθ
894 2627 1106 2694 ποιήσει
1131 2622 1322 2677 ταῦτα.
1347 2643 1366 2674 ι
1389 2625 1546 2688 Ποῖος
1572 2625 1629 2678 δὲ
1650 2625 1814 2694 ζῆλος

210 2715 313 2767 καὶ
342 2717 439 2768 ἐπὶ
471 2715 610 2768 τίσιν
645 2716 944 2784 ἀναγκαῖον
973 2717 1170 2770 εἰπεῖν.
1226 2717 1282 2769 '0
1317 2717 1416 2786 μὲν
1439 2715 1548 2788 γάρ
1585 2717 1813 2788 Δράκων

208 2806 238 2860 ὁ
269 2808 594 2878 ἀποστάτης
619 2808 837 2878 ἥρπασε
866 2807 966 2879 τὴν
995 2807 1087 2861 ὑπ’
1113 2807 1362 2877 οὐρανὸν,
1406 2807 1500 2860 καὶ
1521 2809 1632 2869 τοῖς
1665 2806 1814 2870 ίδίοις

206 2902 464 2970 ὑπέθηκε
502 2903 802 2972 σκήπτροις
840 2901 930 2954 τὸν
975 2900 1094 2954 κατ’
1127 2900 1310 2954 εἰκόνα
1347 2900 1480 2953 Θεοῦ
1520 2902 1814 2970 γενόμενον

205 2994 530 3066 ἄνθρωπον.
563 2991 672 3047 Ἦν
701 2990 794 3048 οὖν
825 2994 934 3066 ἄρα
964 2993 1128 3065 ζήλου
1159 2993 1362 3056 παντὸς
1386 2990 1536 3058 ἄξιον
1570 2991 1808 3064 άληθῶς,

204 3089 315 3141 καὶ
343 3085 657 3152 πλεονεξίας
697 3087 918 3159 ἁπάσης
947 3087 1252 3157 ἀνάμεστον
1279 3085 1340 3138 τὸ
1375 3085 1500 3139 καθ’
1523 3085 1681 3158 ήμῶν
1715 3103 1811 3154 γε·

204 3179 400 3247 γονὸς,
454 3177 796 3249 ἠλευθέρωσε
848 3178 1031 3230 τοίνυν
1061 3180 1088 3230 ὁ
1137 3175 1299 3248 ζῆλος
1331 3175 1536 3248 Κυρίου
1580 3175 1808 3230 Σαϐαὼθ

1918 1976 2052 2030 hzec.
2089 1993 2107 2027 ι
2143 1977 2243 2043 Qui
2293 1987 2474 2031 antem
2526 1979 2711 2042 zelus,
2745 1991 2800 2032 et
2834 1996 2932 2049 pro
2967 1982 3163 2049 quibus
3195 1986 3503 2038 necessario

1917 2068 2224 2122 dicendmu.
2264 2067 2439 2122 Draco
2488 2069 2744 2124 nimirum
2809 2082 3054 2140 apostata
3095 2077 3280 2128 orbem
3331 2085 3504 2128 terra-

1917 2175 2033 2214 rum
2060 2161 2255 2229 pra’dze
2296 2161 2506 2228 habuit,
2539 2171 2593 2217 et
2625 2163 2740 2217 suis
2784 2165 3014 2233 sceptris
3039 2165 3198 2236 157
3228 2167 3499 2221 hominem

1917 2260 1982 2309 ad
2019 2253 2115 2308 Dei
2167 2255 2454 2324 imaginem
2487 2255 2689 2310 factum
2726 2257 2980 2323 subjecit.
3013 2258 3146 2312 Erat
3174 2260 3342 2329 igitur
3371 2275 3501 2315 vere

1914 2350 2058 2401 on.ni
2093 2347 2213 2401 Zelu
2239 2349 2556 2416 dignum,et
2580 2350 2728 2405 omni
2763 2351 3046 2420 tyrannide
3081 2352 3320 2421 plenum.
3353 2353 3502 2422 quod

1916 2437 1969 2490 in
2005 2453 2104 2491 nos
2145 2438 2347 2492 factum
2387 2449 2491 2494 est.
2534 2438 2813 2494 Liberavit
2848 2441 3014 2512 igitur
3054 2441 3205 2497 zelus
3281 2437 3496 2494 Domini

1917 2527 2155 2582 SabaOth
2189 2542 2378 2582 omnes
2403 2539 2565 2582 terra;
2598 2530 2826 2583 incolas.
2861 2532 3034 2586 Aliter
3056 2543 3244 2587 autem
3267 2535 3346 2594 sic
3375 2553 3388 2589 :
3416 2535 3499 2590 Ad

1914 2619 2313 2674 inmolationem
2337 2631 2704 2690 provocarunt
2730 2637 2854 2677 eum
2881 2621 3210 2679 Israelittein
3239 2642 3343 2681 non
3369 2626 3496 2695 diis,

1913 2712 2054 2766 sicut
2082 2713 2346 2780 scriptum
2375 2723 2479 2775 est.
2505 2723 2558 2767 et
2590 2714 2642 2766 iu
2663 2715 2996 2770 vanitatibus
3033 2716 3166 2782 suis,
3197 2727 3249 2772 et
3281 2721 3499 2773 tandem

1917 2804 2317 2860 Emmanuelem
2359 2806 2412 2860 in
2454 2821 2671 2861 crucem
2723 2809 3073 2877 subegerunt.
3123 2811 3352 2864 Accensi
3408 2825 3500 2864 au-

1916 2909 2021 2952 tem
2043 2907 2168 2953 sunt
2195 2899 2292 2968 ipsi
2339 2898 2686 2956 aemulatione
2732 2900 2785 2953 in
2813 2901 3102 2970 gentibus,
3147 2905 3502 2972 quemadmo-

1914 2988 2039 3043 dum
2078 2989 2194 3058 ipse
2211 2991 2342 3045 dicit
2370 3007 2384 3045 :
2411 2988 2486 3043 Illi
2509 2991 2574 3044 ad
2603 2990 3003 3047 aenuulationem
3032 2994 3387 3048 incenderunt
3415 3010 3501 3050 me

1913 3079 1968 3134 in
1990 3095 2095 3134 non
2117 3080 2222 3135 diis
2243 3118 2258 3144 ,
2307 3081 2663 3135 irritaverunt
2695 3096 2782 3136 me
2818 3084 2869 3137 in
2905 3084 3064 3140 idolis
3091 3087 3227 3140 suis.
3263 3085 3374 3156 Ego
3403 3101 3500 3140 au-

1914 3181 2023 3226 tem
2057 3173 2125 3227 ad
2150 3173 2558 3229 ammlationem
2591 3176 2899 3243 provocabo
2943 3192 3038 3232 eos
3078 3178 3128 3231 in
3177 3195 3281 3233 non
3314 3185 3496 3249 gente,

203 3272 347 3334 τοὺς
381 3272 485 3324 ἀνὰ
512 3273 693 3324 πᾶσαν
724 3269 822 3340 τὴν
845 3269 970 3339 γῆν.
999 3269 1110 3322 Καὶ
1140 3267 1261 3322 κατ’
1290 3268 1478 3336 ἕτερον
1504 3266 1563 3321 δὲ
1589 3267 1810 3338 τρόπον,

1920 3267 1970 3320 in
2006 3275 2166 3336 gente
2192 3267 2358 3321 stulta
2395 3267 2623 3322 irritabo
2639 3283 2758 3324 eos.

203 3361 620 3434 παρεζήλωσαν
650 3361 813 3414 αὐτὸν
847 3361 897 3412 οἱ
936 3358 994 3424 ἐξ
1040 3358 1255 3430 Ἰσραὴλ
1283 3360 1372 3412 ἐπ’
1397 3359 1459 3411 οὐ
1493 3357 1635 3422 θεοῖς
1664 3357 1812 3412 καθὰ
1845 3358 2177 3431 γέγραπται,
2246 3358 2343 3412 καὶ
2382 3359 2440 3411 ὲν
2469 3361 2583 3424 τοῖς
2645 3362 2896 3432 ματαίοις
2933 3361 3136 3428 αὐτῶν,
3185 3361 3280 3416 καὶ
3318 3362 3505 3416 τελευ-

200 3443 422 3516 τῶντες
445 3451 794 3523 ἐσταύρωσαν
814 3450 906 3503 τὸν
937 3448 1305 3521 Ἐμμανουήλ.
1334 3447 1812 3520 Παρεζηλώθησαν
1849 3449 1907 3500 ὲν
1939 3451 2052 3512 τοῖς
2115 3447 2314 3512 ἔθνεσι,
2352 3449 2496 3504 καθά
2545 3455 2727 3520 ’φησιν
2766 3451 2962 3516 αὑτός·
2992 3453 3155 3506 Αὐτοὶ
3180 3453 3504 3525 παρεξήλω-

208 3547 318 3600 σάν
350 3563 418 3617 με
449 3548 535 3598 ἐπ’
565 3547 626 3599 οὐ
663 3545 826 3610 θεοῖς.
862 3545 1233 3616 Παρώργισάν
1261 3561 1328 3614 με
1352 3546 1410 3596 ὲν
1433 3546 1547 3607 τοῖς
1572 3543 1813 3609 εἰδώλοις
1849 3545 2049 3608 αὐτῶν,
2111 3544 2267 3614 κάγὼ
2329 3545 2714 3617 παραζηλώσω
2751 3549 2948 3611 αὐτοὺς
2975 3549 3061 3601 ἐπ’
3084 3550 3184 3602 ούκ
3220 3549 3382 3614 ἔθνει,
3413 3548 3503 3616 ἐπ’

205 3637 363 3693 ἔθνει
392 3639 639 3709 ἀσυνέτῳ
667 3638 954 3710 παροργιῶ
978 3634 1199 3699 αὐτούς.

852 3775 1089 3829 ΛΟΓΟΣ.
1154 3774 1246 3842 q'.

284 3891 565 3948 Θάνατον
601 3888 924 3944 ἀπέστειλε
979 3888 1196 3956 Κύριος
1245 3887 1345 3942 ἐπὶ
1411 3887 1650 3967 "laxati,
1712 3886 1814 3940 καὶ

205 3982 408 4055 ἦλθεν
444 3983 540 4036 ἐπὶ
589 3983 850 4051 Ἰσραὴλ,
889 3981 990 4034 καὶ
1016 3977 1305 4052 γνώσεται
1331 3973 1450 4048 πᾶς
1475 3983 1509 4035 ὁ
1527 3979 1678 4046 λαὸς
1705 3977 1812 4034 τοῦ

217 4075 504 4146 Ἐφριιτμ,
535 4073 632 4128 καὶ
651 4072 1045 4142 ἐγκαθήμενοι
1070 4073 1143 4126 ἐν
1171 4072 1487 4141 Σαμαρείᾳ,
1511 4070 1602 4139 ἐφ’
1648 4071 1810 4138 ὕϐρει

204 4169 314 4222 και
357 4166 574 4236 ὑψηλῇ
600 4165 813 4234 καρδίᾳ
835 4165 1119 4235 λέγοντες
1149 4181 1163 4194 ο
1225 4165 1474 4218 Πλίνθοι
1509 4162 1818 4216 πεπτώκα-

202 4277 343 4323 σιν,
374 4259 539 4314 ἀλλὰ
553 4257 726 4312 δεῦτε
747 4257 1144 4326 λαξεύσωμεν
1164 4257 1396 4320 λίθους,
1419 4255 1516 4309 καὶ
1535 4256 1816 4323 κόψωμεν

203 4356 619 4425 συκαμίνους,
677 4352 777 4406 καὶ
845 4349 1099 4418 κέδρους
1167 4348 1264 4402 καὶ
1325 4345 1816 4415 οὶκοδομήσωμεν

203 4448 459 4512 ἑαυτοῖς
489 4447 746 4516 πύργον.

2520 3762 2778 3818 ORATIO
2806 3761 2892 3817 Vl.

1989 3881 2121 3937 ΟΜ».
2179 3878 2269 3934 IX.
2308 3876 2471 3933 Vsus.
2531 3877 2680 3932 8-10.
2744 3875 2965 3930 Mortem
2995 3879 3212 3933 immisit
3259 3880 3400 3935 Deus
3441 3883 3500 3938 in

1915 3969 2120 4036 Iacob,
2185 3981 2234 4022 st
2298 3969 2489 4022 invasit
2537 3966 2742 4028 Israel,
2795 3967 3022 4036 sciatque
3057 3969 3228 4022 omnis
3275 3974 3500 4038 populus

1919 4063 2198 4132 Ephraim,
2250 4073 2299 4115 et
2353 4059 2680 4114 considentes
2731 4060 2787 4111 in
2845 4056 3116 4123 Samaria,
3177 4064 3398 4128 superbe
3448 4077 3499 4118 et

1918 4159 2058 4211 elato
2093 4157 2268 4208 animo
2315 4154 2544 4206 dicentes
2569 4167 2588 4206 :
2620 4151 2844 4221 Lapides
2871 4151 3190 4215 ceciderwu,
3217 4164 3274 4206 at
3312 4155 3498 4220 venite,

1917 4251 2152 4303 dolemus
2177 4248 2377 4314 lapides
2397 4288 2411 4310 ,
2453 4256 2500 4301 et
2537 4247 2845 4300 excidemus
2869 4261 3173 4316 sgcomoros
3203 4259 3253 4301 et
3277 4247 3498 4315 cedrus,

1915 4355 1962 4400 et
1991 4343 2310 4411 mdiﬁcemns
2338 4343 2484 4396 nobis
2516 4341 2647 4408 ipsis
2679 4341 2892 4393 turrim.

279 4563 518 4635 Μάκρος
554 4561 652 4632 μὲν
685 4559 877 4630 γέγονε
911 4556 991 4629 τῷ
1039 4556 1293 4627 προφήτῃ
1333 4553 1491 4622 λόγος
1524 4552 1553 4604 ὁ
1585 4550 1712 4623 περί
1750 4567 1813 4620 γε

1993 4541 2207 4596 Prolixa
2251 4541 2464 4610 quidem
2520 4539 2618 4593 fuit
2661 4538 2936 4607 prophetae
2976 4535 3152 4591 oratio
3182 4537 3248 4592 de
3279 4537 3497 4593 Emma-

201 4660 305 4712 τοῦ
381 4653 752 4727 Ἐμμανουηλ,
817 4652 877 4708 ὃν
937 4651 1269 4720 διαπεράνας
1325 4647 1596 4708 εύπαλῶς,
1652 4643 1811 4698 πάλιν

204 4751 497 4805 ἐπάνεισιν
526 4748 700 4802 eum
721 4750 777 4800 ὲν
800 4747 996 4819 ἀρχαῖς
1015 4762 1029 4775 ·
1052 4739 1191 4814 ἦσαν
1219 4741 1275 4794 δὲ
1302 4741 1479 4794 ταυτί.
1521 4737 1812 4810 Ἐπῃτιᾶτο

217 4845 324 4914 κὰρ
353 4841 474 4894 λίαν
514 4838 608 4894 τὸν
662 4838 900 4912 Ἰσραὴλ,
949 4837 1026 4901 ὠς
1069 4832 1398 4889 ἀπειθοῦντὰ
1427 4849 1485 4884 τε
1531 4830 1624 4883 καὶ
1673 4846 1814 4900 παρ-

208 4933 510 5006 οτρύνοντα
551 4932 641 4984 τὸν
673 4928 762 4984 ἀεὶ
803 4929 1082 4983 σεσωκὸτα
1133 4927 1286 4991 Θεὸν,
1322 4925 1524 4995 ταύτης
1555 4940 1616 4976 τε
1645 4922 1813 4975 ’ἑνεκα

204 5027 310 5097 τῆς
370 5025 571 5088 αἰτίας,
619 5026 730 5086 τοῖς
795 5023 1042 5094 ἐσχάτοις
1097 5022 1288 5076 ἑαυτὸν
1344 5019 1552 5072 ὲνιέντα
1599 5018 1811 5077 κακοῖς·

203 5119 425 5188 ἔφασκε
471 5117 581 5187 γὰρ
630 5115 714 5168 ὅτι
767 5115 866 5167 οὐκ
929 5113 1200 5183 ἠθέλησαν
1245 5113 1338 5165 τὸν
1385 5111 1548 5180 νόμον
1605 5106 1811 5178 Κυρίου

204 5207 446 5266 Σαϐαώο
472 5226 487 5239 ·
516 5207 653 5262 ἀλλὰ
677 5206 738 5259 τὸ
764 5204 941 5275 λόγιον
968 5204 1063 5258 τοῦ
1103 5204 1261 5273 ἁγίου
1309 5201 1524 5274 Ἰσραὴλ
1553 5197 1812 5270 παρώξυ-

205 5320 337 5356 ναν.
373 5301 482 5354 Καὶ
507 5297 764 5368 ἐθυμώθη
789 5297 926 5370 ὀργῇ
962 5296 1164 5367 Κύριος
1195 5296 1289 5350 ἐπὶ
1315 5295 1407 5348 τὸν
1446 5293 1570 5347 λαὸν
1619 5289 1807 5354 αὐτοῦ,

207 5395 307 5449 καί
347 5390 582 5446 ἐπέϐαλε
628 5390 726 5461 τὴν
752 5393 912 5460 χεῖρα
941 5389 1107 5443 αὐτοῦ
1138 5389 1224 5440 ἐπ’
1273 5388 1486 5449 αὐτοὺς,
1533 5385 1626 5438 καὶ
1671 5383 1809 5436 ὲπά·

207 5486 379 5551 ταξεν
412 5483 630 5545 αὐτούς.
669 5481 780 5535 Καὶ
811 5479 1136 5551 παρωξύνθη
1169 5479 1236 5532 τὰ
1277 5478 1400 5548 ὅρη,
1441 5477 1537 5529 καὶ⁴
1578 5473 1811 5544 ἐγενήθη

207 5577 284 5631 τὰ
316 5576 615 5647 θνησιμαῖα
647 5572 828 5626 αὐτῶν
857 5573 932 5637 ώς
962 5572 1171 5645 κοπρία
1221 5571 1280 5622 ὲν
1309 5568 1460 5640 μέσῳ
1490 5566 1633 5622 ὁδοῦ.
1669 5567 1810 5636 Ὀρη

205 5667 269 5722 δέ
309 5685 442 5738 φησι
468 5669 540 5720 τὰ
581 5664 998 5736 παρωξυμμένα
1024 5663 1153 5727 τοὺς
1175 5662 1286 5716 τῶν
1328 5659 1629 5732 Ἀσσυρίων
1665 5658 1817 5729 βασι-

289 5825 339 5858 "
361 5823 517 5883 Joan.
551 5839 617 5884 tt.
654 5825 739 5882 l9.

1921 4635 2076 4690 ttttcle
2126 4649 2229 4701 qua
2293 4631 2432 4686 scite
2491 4630 2780 4684 admodum
2829 4628 3120 4694 confecta,
3184 4645 3373 4685 rursus
3427 4631 3500 4684 ad

1921 4725 2184 4797 principia
2233 4724 2540 4777 revertitur.
2579 4721 2751 4775 Erant
2809 4729 2986 4775 autem
3045 4723 3158 4776 hmc
3196 4736 3210 4774 :
3247 4719 3502 4776 Graviter

1920 4820 2182 4890 siquidem
2224 4817 2517 4872 accusabat
2549 4813 2820 4875 lsraeleut,
2856 4823 3038 4882 utpote
3088 4813 3198 4868 Deo
3251 4814 3495 4867 immori-

1922 4929 2109 4984 gerum
2142 4921 2196 4966 et
2229 4912 2293 4962 ad
2327 4906 2665 4962 iracundiam
2703 4906 3030 4960 excitantem
3062 4921 3184 4960 eum
3227 4905 3318 4975 qui
3347 4921 3495 4960 sem-

1925 5019 2022 5074 per
2075 5008 2410 5059 servaverat.
2473 5011 2648 5065 eaque
2694 4996 2906 5048 ultimis
2939 5010 3060 5048 sese
3092 4993 3500 5051 calamitatibus

1921 5096 2305 5154 iuvolveutcm.
2362 5090 2582 5145 Dicebat
2630 5088 2774 5141 enim
2809 5087 2951 5141 nolle
2996 5103 3055 5142 se
3087 5085 3256 5154 legem
3283 5085 3497 5141 Domini

1920 5191 2158 5246 Sabaoth
2197 5202 2210 5239 :
2241 5195 2296 5238 at
2327 5182 2608 5238 oraculum
2635 5179 2810 5236 sancti
2845 5178 3061 5232 lsraelis
3079 5185 3497 5244 exasperarunt.

1918 5285 1995 5339 Ac
2023 5279 2395 5336 stomachatus
2428 5283 2514 5328 est
2539 5272 2806 5327 Dominus
2837 5268 3033 5341 populo
3088 5285 3208 5336 suo,
3240 5269 3495 5324 immisit--

1919 5389 2024 5445 que
2070 5373 2176 5427 illis
2223 5383 2440 5423 tltattttm
2479 5380 2666 5429 suam,
2703 5379 2766 5416 ac
2812 5362 3082 5433 percus~it
3128 5377 3242 5424 eos,
3277 5369 3332 5415 et
3363 5375 3497 5414 esa-

1919 5467 2124 5524 cet'hati
2158 5471 2283 5517 sunt
2313 5471 2544 5522 montes,
2573 5467 2626 5511 et
2653 5458 2788 5510 facta
2819 5465 2944 5509 sunt
2980 5455 3282 5509 morticinia
3309 5468 3496 5507 eorum

1922 5559 2067 5618 velut
2119 5567 2332 5611 stercus
2361 5553 2413 5606 in
2445 5551 2621 5604 medio
2659 5549 2774 5602 vite.
2806 5545 3020 5600 Montes
3045 5561 3182 5599 vero
3201 5544 3333 5599 dicit
3363 5558 3497 5597 exa-

1921 5652 2198 5716 cerbatos,
2234 5663 2386 5718 rogos
2414 5645 2762 5716 Assyriorum
2801 5662 2813 5697 :
2847 5638 3065 5710 superbi
3108 5638 3255 5696 enim
3302 5642 3496 5704 erant,
