4134 6492
644 371 753 429 259

1629 367 1687 423 S.
1726 365 2001 457 CYRILLI
2043 364 2515 425 ALEXANDRINI
2553 366 2870 425 ARCIIIEP.

3794 365 3900 422 260

646 502 702 543 et
727 486 971 551 fastuosi,
1000 497 1055 543 et
1074 485 1202 542 elati
1235 486 1442 550 animo,
1464 486 1578 557 qui,
1610 492 1718 541 tota
1750 486 2000 541 Samaria
2024 502 2053 540 a
2084 486 2199 540 l‘un.

2309 486 2472 549 λέας·
2503 487 2801 558 ὑπέροπτοι
2834 486 2944 559 γὰρ
2985 488 3080 541 καὶ
3129 486 3406 554 ἀλαζόνες,
3437 486 3532 540 καὶ
3576 485 3773 556 ὑψηλοὶ
3805 486 3901 551 τὰς

650 579 912 633 dainentis
948 591 1211 631 concussa
1252 586 1308 631 et
1338 579 1620 641 convulsa,
1652 576 1924 645 captivum
1960 576 2212 631 lsraelem

647 678 925 738 ceperunt,
968 677 1022 723 et
1049 668 1103 722 in
1146 679 1357 724 montes
1398 669 1681 722 Persarum
1713 676 1766 720 et
1805 666 2081 720 Medorum
2119 668 2215 720 ab-

645 760 935 815 duxerunt.
976 758 1236 814 Absoluto
1277 760 1495 828 itaque,
1530 760 1604 813 uti
1640 759 1887 813 dicebam
1915 798 1930 820 ,
1962 751 2215 813 vaticinia

648 854 713 905 de
755 851 1129 913 Emmanuele,
1179 852 1354 905 denuo
1404 852 1708 906 institutum
1743 850 1913 920 158
1953 851 2216 920 principio

646 957 866 1011 scopum
898 942 1265 1011 prosequitur,
1304 950 1359 997 et
1414 941 1677 995 Samaria:
1726 944 2088 996 vastationem
2116 958 2213 995 ex-

646 1034 820 1102 ponit,
852 1049 973 1086 cum
1002 1034 1077 1087 ait
1109 1049 1123 1086 :
1157 1053 1176 1085 ‹
1210 1033 1437 1088 Mortem
1467 1034 1645 1088 emisit
1679 1034 1814 1088 Deus
1851 1034 1902 1087 in
1945 1033 2131 1095 Jacob,
2160 1043 2214 1088 et

647 1122 842 1177 invasit
871 1122 1141 1178 lsraelem.
1171 1142 1189 1175 ι
1225 1121 1511 1178 Scieudmn
1547 1133 1722 1178 autem
1757 1122 2098 1176 Hebraeorum
2129 1126 2212 1176 in-

646 1213 1112 1280 terpretationem,
1138 1223 1471 1280 ceterosque
1516 1214 1853 1282 expositores
1888 1228 1984 1281 pro
2015 1222 2209 1277 morte,

643 1318 946 1358 sermonem
980 1305 1247 1374 posuisse.
1275 1323 1293 1357 ι
1326 1303 1639 1360 Sermonem
1662 1304 1824 1368 enim,
1848 1303 2040 1372 inquit,
2066 1305 2211 1359 misit

645 1393 903 1448 Dominus
948 1410 1111 1465 super
1144 1395 1331 1451 Jacob.
1363 1415 1380 1447 ι
1410 1396 1579 1461 Quem
1619 1395 1969 1450 sermonem?
2020 1410 2211 1463 nempe

641 1489 1088 1540 condemnantem
1112 1500 1203 1539 eos
1247 1486 1339 1553 qui
1382 1485 1712 1553 impietatem
1743 1495 2126 1545 exercuerunt,
2156 1494 2209 1539 et

642 1590 829 1642 poenas
887 1578 1213 1646 irrogantem
1269 1578 1336 1630 iis
1398 1577 1508 1645 qui,
1542 1577 1655 1644 ipso
1702 1574 1918 1641 relicto,
1956 1575 2208 1641 operibus

642 1680 861 1719 suarum
914 1682 1171 1720 manuum
1221 1668 1639 1733 procubuerunt.
1674 1664 1799 1721 Sive
1830 1666 1990 1732 igitur
2013 1667 2158 1719 dicat
2189 1683 2203 1719 :

641 1754 863 1810 Mortem
906 1758 1053 1812 misit
1104 1758 1274 1817 Deus,
1310 1757 1425 1811 sive
1475 1756 1931 1820 maledictionem,
1970 1758 2053 1810 vel
2090 1772 2205 1810 scr-

2319 576 2521 647 φρένας
2576 580 2884 646 γεγόνασιν.
2924 580 2987 633 Οἳ
3020 579 3113 633 καὶ
3146 581 3327 632 πᾶσαν
3365 580 3430 632 ὲκ
3473 578 3687 649 βάθρων
3735 595 3904 631 κατα-

2318 668 2591 732 σείσαντες
2649 670 2746 740 τὴν
2792 670 3127 742 Σαμαρείαν,
3202 667 3342 723 εἶλον
3408 669 3753 739 αἰχμάλωτον
3811 668 3902 720 τὸν

2329 759 2564 830 Ἰσραὴλ,
2625 760 2720 813 καὶ
2773 761 3116 829 ἀπεκόμισαν
3167 763 3247 823 είς
3294 760 3361 813 τά
3394 760 3496 831 ὅρη
3538 760 3766 829 Περσῶν
3810 762 3903 813 καὶ

2314 852 2533 921 Μήδων.
2570 853 2912 922 Διαπεράνας
2961 852 3160 918 τοίνυν,
3192 853 3267 916 ὡς
3312 852 3469 921 ἔφην,
3508 851 3607 922 τὴν
3655 852 3900 923 ἀνάρῤη-

2317 959 2402 994 σιν
2432 942 2526 995 τοῦ
2584 943 2948 1014 Ἐμμανουὴλ,
2980 943 3172 996 ἕπεται
3200 942 3265 1011 δὴ
3296 942 3458 996 πάλιν
3490 941 3567 1012 τῷ
3604 943 3661 993 ὲν
3704 944 3902 1011 ἀρχαῖς

2313 1034 2631 1105 προτεθέντι
2664 1034 3009 1106 σκοπῷ,’καὶ
3060 1036 3159 1106 τῆς
3203 1034 3519 1106 Σαμαρείας
3543 1034 3640 1105 τὴν
3699 1033 3901 1103 δῄωσιν

2313 1127 2601 1194 ἀφηγεῖται
2653 1126 2858 1193 λέγων’
2897 1145 2915 1178 r
2957 1127 3193 1181 Θάνατον
3236 1126 3522 1180 ἀπέστειλε
3564 1125 3771 1194 Κύριος
3810 1126 3901 1178 ἐπὶ

2324 1216 2539 1284 Ἰακὼϐ,
2569 1219 2663 1271 καὶ
2697 1214 2858 1288 ἦλθεν
2879 1219 2964 1271 ἐπ’
3006 1218 3238 1291 Ἰσραήλ.
3274 1238 3292 1269 ι
3332 1217 3528 1271 ’ἰστέον
3554 1217 3609 1270 δὲ
3635 1219 3716 1269 ὅτι
3748 1216 3899 1286 καὶὴ

2309 1308 2417 1360 τῶν
2454 1309 2722 1378 Ἐϐραίων
2756 1309 2984 1374 έκδοσις,
3030 1311 3124 1363 καὶ
3187 1310 3363 1380 ἕτεροι
3393 1309 3450 1361 δὲ
3480 1309 3586 1361 τῶν
3627 1310 3897 1378 ἑρμηνευο

2310 1401 2438 1462 τῶν,
2463 1402 2581 1454 ἀντὶ
2607 1401 2721 1467 τοῦ,
2738 1402 2968 1457 θανάτου
2990 1402 3264 1456 τεθείκασι
3290 1402 3465 1467 λόγον.
3489 1420 3507 1451 ι
3531 1402 3701 1467 Λόγον
3724 1420 3741 1451 ι
3764 1401 3893 1471 γάρ.

2310 1493 2489 1563 φησιν,
2523 1510 2541 1543 ι
2585 1493 2901 1547 ἀπέστειλεν
2926 1496 2952 1546 6
2982 1492 3185 1565 Κύριος
3218 1494 3307 1546 ἐπὶ
3346 1492 3565 1557 Ἰακὼϐ,
3596 1495 3689 1546 καὶ
3723 1488 3895 1563 ἦλθεν

2308 1586 2401 1638 ἐπὶ
2444 1586 2675 1656 Ἰσραήλ,
2708 1608 2726 1637 ι
2762 1586 2932 1654 Λόγον
2959 1586 3012 1638 δὲ
3035 1588 3245 1649 ὁποῖον;
3273 1584 3709 1646 Καταδικάζοντα
3738 1583 3896 1653 δηλο⁸

2307 1676 2416 1729 νότι
2462 1677 2568 1729 τῶν
2615 1676 2984 1748 ἠσεϐηκότων,
3031 1677 3126 1729 καὶ
3170 1674 3489 1729 ὑποτιθέντα
3527 1677 3736 1737 ποιναῖς
3772 1674 3897 1736 τοὺς

2306 1768 2466 1820 αὑτὸν
2520 1768 2617 1839 μὲν
2677 1766 3157 1830 καταλελοιπότας,
3215 1768 3728 1838 προσκεκυνηκότας
3783 1767 3894 1828 τοῖς

640 1862 876 1911 tironem,
902 1846 983 1898 vis
1028 1846 1416 1899 sententiarum
1448 1862 1551 1900 nou
1582 1845 1683 1899 erit
1715 1846 1972 1910 absurda,
2013 1847 2107 1899 sed
2138 1847 2199 1898 ad

2307 1859 2490 1931 ἔργοις
2533 1861 2640 1913 τῶν
2682 1861 2826 1913 ἰδίων
2858 1859 3075 1930 χειρῶν.
3132 1858 3323 1911 Εἱτοῦν
3374 1858 3603 1926 λέγοιτο,
3654 1856 3894 1910 Θάνατον

639 1951 804 1991 υιιυιιι
847 1944 902 1989 et
949 1936 1196 1988 eumdem
1253 1952 1474 2004 scopum
1535 1938 1733 1991 tendet.
1792 1934 2059 1989 Czetermn
2120 1936 2206 1991 hic

641 2027 966 2081 mentionem
995 2024 1163 2092 injicit
1203 2026 1443 2081 historia:
1466 2067 1482 2093 ,
1521 2041 1680 2095 quam
1724 2027 1973 2080 brevibus
2006 2026 2202 2080 dicam.

639 2117 733 2173 Sic
782 2132 1010 2187 namque
1063 2120 1147 2171 vix
1212 2120 1373 2171 etiam
1428 2118 1771 2172 manifestum
1822 2119 2015 2172 evadet
2064 2118 2204 2186 quod

638 2219 944 2263 enarratur.
1001 2209 1311 2277 Regnarunt
1383 2210 1545 2278 igitur
1596 2210 1823 2262 diversis
1875 2209 2205 2277 temporibus

641 2300 1031 2370 Hierosolymis
1078 2300 1131 2353 in
1171 2297 1304 2353 Jnda
1336 2310 1499 2368 atque
1534 2298 1698 2353 Jacob
1729 2299 1828 2353 viri
1868 2308 1978 2352 tum
2031 2300 2202 2369 probi,

642 2402 754 2446 tum
797 2393 1055 2462 improbi,
1099 2406 1199 2446 nec
1244 2392 1425 2446 minus
1457 2393 1509 2446 in
1543 2391 1727 2456 Israel,
1761 2390 2118 2460 Ephraemitze
2149 2392 2201 2445 in

639 2484 909 2540 Samaria.
939 2485 1072 2538 Nam
1097 2496 1212 2539 erat
1240 2499 1305 2539 ex
1346 2483 1487 2537 tribu
1524 2484 1774 2551 Ephraim
1805 2485 1967 2538 etiam
1998 2484 2204 2550 primus

637 2590 823 2628 eorum
857 2590 947 2629 rex
977 2573 1353 2635 Jeroboamus,
1384 2575 1521 2627 [ilius
1550 2572 1764 2639 Nabati,
1808 2576 1897 2643 qui
1930 2586 1987 2627 ut
2012 2574 2204 2627 vitulos

636 2677 830 2718 aureos
857 2665 1454 2733 adorarentpersuasit.
1490 2665 1683 2718 Eorum
1718 2680 1848 2734 ergo
1885 2670 1973 2735 qui
2013 2681 2204 2734 regna-

636 2768 826 2811 verunt
858 2755 1266 2827 Hierosolymis,
1308 2772 1369 2811 ac
1398 2758 1451 2810 in
1496 2757 1766 2822 Samaria,
1802 2759 1966 2811 certis
2000 2768 2203 2827 tempo-

637 2862 754 2899 rum
809 2847 1033 2911 vicibus,
1086 2846 1411 2914 complures,
1441 2847 1515 2899 uti
1570 2846 1719 2905 dixi,
1775 2844 1940 2899 Deum
1974 2844 2203 2898 oﬂende-

637 2945 779 3001 runt,
802 2936 1064 3002 intrepide
1080 2937 1288 3005 profani
1311 2936 1625 3001 idololatrzr,
1647 2938 1934 2990 adorantes
1956 2936 2199 2989 militiam

632 3029 775 3093 caeli,
813 3028 1075 3098 liguisque
1124 3039 1177 3081 et
1215 3027 1482 3097 lapidibus
1532 3030 1692 3096 impie
1730 3028 2049 3082 servientes.
2094 3026 2199 3079 Cu-

625 3119 862 3188 jusmodi
921 3118 1085 3171 etiam
1134 3118 1232 3172 fuit
1285 3119 1371 3172 ille
1422 3119 1709 3181 Achazus,
1745 3118 1837 3187 qui
1887 3132 2014 3171 suos
2064 3118 2198 3171 adeo

631 3213 829 3264 liberos
898 3224 993 3279 per
1047 3210 1223 3278 ignem
1294 3209 1549 3273 traduxit,
1605 3208 1940 3279 plurimaque
2009 3219 2196 3263 contra

634 3300 967 3355 Hierusalem
1010 3301 1146 3354 mala
1185 3310 1268 3354 est
1311 3300 1653 3354 machinatus
1677 3342 1691 3365 ,
1730 3310 1889 3369 atque
1925 3301 1976 3353 in
2025 3301 2196 3369 ipsum

632 3392 724 3446 Dei
764 3392 1020 3461 templum
1085 3404 1453 3461 transgressus
1493 3402 1594 3446 est.
1662 3392 1778 3459 Quo
1812 3408 1842 3447 e
1886 3394 2059 3447 medio
2104 3408 2200 3462 per

631 3496 859 3538 mortem
918 3483 1149 3546 sublato,
1183 3485 1414 3551 capessit
1471 3495 1741 3554 sceptrum
1797 3485 2087 3548 Ezechias,
2121 3502 2201 3539 rc-

628 3585 827 3644 gnante
883 3575 936 3628 in
996 3574 1241 3627 Samaria
1288 3589 1448 3642 super
1483 3573 1675 3629 lsraele
1729 3589 1820 3629 seu
1871 3576 2040 3629 decim
2098 3575 2197 3629 tri-

630 3668 822 3732 bubus,
862 3665 998 3720 Osea
1029 3664 1136 3718 ﬁlio
1169 3662 1279 3717 Ehe
1311 3682 1324 3716 :
1356 3678 1462 3732 quo
1504 3679 1721 3734 regnum
1744 3665 2153 3719 administrante
2179 3703 2195 3729 ,

629 3758 825 3813 bellum
874 3757 1135 3812 Samarize
1184 3756 1364 3810 intulit
1425 3757 1772 3826 Assyriorum
1838 3774 1950 3823 rex,
1989 3769 2045 3812 ct
2092 3774 2194 3812 una

626 3865 833 3907 cumea
866 3849 1010 3918 cepit
1040 3860 1094 3903 et
1134 3847 1329 3901 multas
1377 3847 1513 3902 alias
1547 3849 1708 3903 urbes
1740 3846 1958 3902 Indicae.
1995 3849 2195 3906 Deinde

630 3955 767 3996 vero
793 3949 937 4011 post,
968 3939 1392 3993 Sennacherimo
1437 3950 1633 3994 terram
1684 3940 1988 3995 Judznorum
2018 3943 2196 3997 incur-

627 4043 805 4098 sante,
849 4032 1283 4102 quandoquidem
1329 4031 1447 4099 pius
1488 4041 1604 4085 erat
1637 4030 1925 4096 Ezechias,
1973 4036 2194 4088 mirabi-

627 4125 754 4180 liter
806 4125 948 4178 Deus
1011 4121 1309 4178 Jerusalem
1365 4124 1727 4177 conservavit.
1778 4124 1870 4177 Est
1907 4134 2083 4178 autem
2116 4126 2195 4181 sic

628 4215 889 4283 scriptum
912 4225 1106 4282 quarto
1126 4214 1262 4267 libro
1279 4212 1587 4281 Regnorum
1605 4214 1702 4266 ’τοι
1725 4212 1938 4267 Factum
1959 4226 2037 4268 est
2053 4232 2195 4269 almo

627 4316 824 4375 quarto
847 4306 991 4375 regis
1015 4304 1260 4358 Ezechiae
1288 4323 1301 4358 :
1322 4306 1412 4373 qui
1440 4307 1726 4359 fuitauuus
1751 4308 2012 4373 septimus
2037 4306 2191 4361 Osca:

632 4400 724 4453 lilii
752 4398 883 4463 Ehe,
919 4400 1060 4468 regis
1088 4396 1285 4452 lsrael:
1319 4398 1711 4464 expeditionem
1750 4398 1877 4452 fecit
1906 4398 2189 4453 Salmaua-

2307 1952 2595 2004 ἀπέστειλε
2627 1953 2654 2004 6
2683 1951 2837 2018 Θεὸς,
2874 1950 3047 2004 είτοῦν
3084 1951 3245 2022 Ἀράν
3279 1951 3312 2021 ἢ
3347 1949 3524 2019 λόγον,
3573 1952 3672 2002 οὐκ
3715 1948 3895 2018 ἀσύμ-

2308 2042 2468 2106 ϐατος
2522 2043 2672 2096 ἔσται
2716 2043 2823 2098 τῶν
2891 2043 3109 2097 ἐννοιῶν
3154 2045 3186 2113 η
3228 2041 3475 2112 δύναμις,
3532 2040 3794 2109 βαδιεῖται
3835 2039 3894 2093 δὲ

2310 2135 2509 2204 μᾶλλον
2532 2137 2610 2198 εἰς
2631 2135 2726 2187 ἕνα
2750 2152 2809 2187 τε
2841 2136 2934 2188 καὶ
2965 2135 3058 2189 τὸν
3104 2134 3265 2187 αὑτὸν
3309 2134 3526 2186 σκοπόν.
3584 2132 3896 2202 Διαμέμνηο

2306 2226 2395 2279 ταί
2422 2243 2485 2293 γε
2515 2226 2623 2297 μὴν
2648 2226 2885 2298 ἱστορίας
2918 2229 2976 2279 ἐν
3005 2226 3229 2291 τούτοις,
3257 2227 3323 2296 ἣν
3360 2223 3469 2296 ἐρῶ
3505 2224 3589 2276 διὰ
3624 2223 3891 2293 Βραχέων.

2311 2323 2504 2377 Ἔσται
2539 2323 2647 2394 γὰρ
2676 2323 2820 2376 οὕτω
2846 2324 2931 2377 καὶ
2956 2324 3109 2394 μόλις
3138 2322 3447 2390 καταφανὲς
3469 2319 3891 2391 τὺδηλούμενον.

2308 2414 2734 2467 Βεϐασιλεύκασι
2763 2414 2940 2467 τοίνυν
2970 2415 3111 2469 κατά
3140 2414 3363 2483 καιροὺς
3413 2414 3471 2464 ἐν
3511 2414 3622 2474 τοῖς
3661 2412 3893 2482 Ἰεροσο-

2304 2506 2495 2577 λύμοις
2546 2507 2639 2559 ἐπὶ
2680 2506 2770 2560 τὸν
2838 2506 3059 2571 Ἰούδαν,
3108 2506 3224 2576 ἦτοι
3273 2504 3362 2556 τὸν
3427 2503 3642 2561 Ἰακὼϐ,
3702 2503 3895 2571 ἄνδρες

2304 2598 2497 2667 ἀγαθοί
2528 2616 2587 2652 τε
2620 2600 2711 2651 καὶ
2735 2598 2993 2670 πονηροί·
3020 2598 3171 2650 οὐδὲν
3212 2598 3269 2651 δὲ
3315 2591 3478 2668 ἦττον
3525 2596 3617 2648 καὶ
3663 2596 3756 2646 ἐπὶ
3798 2594 3893 2646 τὸν

2315 2688 2531 2760 Ἰσραὴλ
2562 2691 2611 2741 οἱ
2639 2692 2702 2742 ὲκ
2746 2691 2916 2761 φυλῆς
2962 2688 3193 2760 Ἐφραῖμ
3230 2690 3285 2742 ὲν
3313 2691 3378 2759 τῇ
3429 2686 3731 2757 Σαμαρείᾳ.
3782 2681 3891 2739 Ἦν

2302 2781 2410 2852 γὰρ
2443 2782 2506 2833 ὲκ
2538 2783 2709 2851 φυλῆς
2767 2781 3003 2852 Ἑφραῖμ
3034 2783 3128 2836 καὶ
3170 2785 3197 2836 ό
3248 2781 3461 2851 πρῶτος
3509 2780 3689 2833 αὐτῶν
3724 2778 3893 2847 βεϐα-

2304 2871 2565 2936 σιλευκὼς
2596 2873 2877 2943 Ἰεροϐοάμ
2906 2874 2935 2925 ό
2972 2874 3065 2926 τοῦ
3093 2872 3301 2935 Νάϐατ,
3332 2873 3389 2935 ὃς
3438 2873 3532 2924 καὶ
3562 2874 3680 2933 ταῖς
3715 2868 3893 2938 δαμάο

2300 2961 2449 3016 λεσιν
2505 2963 2670 3017 αὑτοῦ
2700 2966 2819 3026 ταῖς
2850 2967 3078 3035 χρυσαῖς
3106 2964 3355 3017 ἀνέπεισε
3394 2963 3737 3033 προσκυνεῖν.
3767 2960 3893 3012 Τῶν

2300 3054 2477 3106 τοίνυν
2541 3055 2681 3109 κατὰ
2741 3057 2965 3126 καιροὺς
3021 3054 3489 3124 βεϐασιλευκότων
3551 3053 3609 3105 ἐν
3658 3070 3717 3105 τε
3776 3052 3895 3115 τοῖς

2228 3183 2269 3240 c
2313 3145 2703 3217 Ἰεροσολύμοις
2730 3148 2823 3200 καὶ
2866 3148 2922 3199 ἐν
2955 3150 3017 3217 τῇ
3061 3147 3342 3217 Σαμαρείᾳ
3374 3146 3612 3198 πλεῖστοι
3656 3145 3893 3213 γεγόνα-

2302 3253 2408 3301 σιν,
2435 3237 2509 3300 ὼς
2543 3237 2697 3306 ἔφην,
2722 3236 2842 3307 Θεῷ
2880 3237 3315 3309 προσκρούοντες
3342 3238 3533 3300 ἀδεῶς,
3577 3236 3793 3308 βέϐηλοί
3827 3254 3891 3289 τε

2298 3331 2393 3381 καὶ
2455 3327 2859 3399 εἰδωλολάτραι,
2909 3326 3341 3398 προσκυνοῦντες
3401 3328 3468 3397 τῇ
3523 3328 3751 3396 στρατιᾷ
3790 3324 3894 3378 τοῦ

2298 3420 2549 3491 ούρανοῦ,
2574 3420 2750 3486 ξύλοις
2772 3437 2828 3473 τε
2852 3420 2943 3474 καὶ
2974 3420 3140 3483 λίθοις
3167 3420 3393 3483 ἀνοσίως
3421 3419 3843 3489 λελατρευκότες
3868 3435 3888 3449 ο

2296 3511 2477 3573 ὁποῖός
2531 3528 2615 3575 τις
2664 3507 2731 3582 ἦν
2776 3512 2869 3564 καλ⁴
2918 3506 3075 3575 οὗτος
3119 3512 3147 3563 6
3189 3510 3383 3580 Ἄχας,
3434 3511 3491 3573 ὃς
3550 3511 3643 3562 καὶ
3674 3510 3739 3562 τά
3781 3510 3894 3562 ἴδια.

2295 3602 2463 3654 τέκνα
2489 3601 2715 3672 διήγαγε
2745 3602 2833 3655 διὰ
2864 3601 3052 3672 πυρὸς,
3099 3602 3325 3655 πλεῖστά
3364 3620 3421 3654 τε
3473 3602 3574 3654 ὅσα
3618 3603 3761 3653 κατά
3787 3602 3893 3669 τὴν

2307 3689 2660 3761 Ἰερουσαλὴμ
2681 3690 2969 3761 εἰργάσατο
2990 3690 3154 3754 κακὰ,
3174 3690 3589 3760 παρανενόμηκε
3609 3689 3663 3743 δὲ
3688 3692 3779 3742 καὶ
3804 3691 3893 3752 είς

2296 3779 2456 3831 αὐτὸν
2500 3778 2591 3831 τὸν
2615 3778 2754 3831 θεῖον
2776 3777 2935 3834 νεών.
2983 3778 3206 3849 Ἐπειδὴ
3228 3779 3303 3832 ’δὲ
3344 3780 3565 3847 γέγονεν
3610 3783 3673 3830 ἐκ
3712 3781 3890 3849 μέσου

2297 3871 2511 3941 Θανάτῳ
2584 3871 3045 3942 κατειλημμένος,
3105 3871 3407 3940 διαδέχεται
3474 3872 3535 3925 τὸ
3601 3872 3890 3943 σκῆπτρον

2309 3962 2575 4031 Ἑζεκίας.
2600 3962 2969 4031 βασιλεύοντος
2996 3965 3053 4016 ἐν
3091 3966 3157 4034 τῇ
3196 3963 3475 4034 Σαμαρείᾳ
3503 3963 3595 4017 τοῦ
3642 3965 3887 4034 Ἰσραὴλ,

2295 4053 2413 4122 ἦτοι
2446 4053 2553 4105 τῶν
2575 4054 2706 4106 δέκα
2736 4054 2914 4122 φυλῶν
2943 4054 3100 4125 Ὠσηὲ
3147 4055 3263 4107 υίοῦ
3298 4056 3448 4108 Ἠλά.
3489 4050 3562 4108 Οὗ
3596 4055 3887 4119 διέποντος

2294 4147 2393 4215 τὴν
2435 4146 2712 4215 βασιλείαν
2756 4147 3187 4217 κατεστράτευσε
3214 4147 3314 4216 τῆς
3348 4148 3661 4216 Σαμαρείας
3699 4148 3728 4198 6
3772 4148 3886 4199 τῶν

2308 4237 2605 4306 Ἀσσυρίων
2647 4237 2918 4308 βασιλεύς.
2963 4239 3237 4302 Συνεξεῖλε
3273 4238 3328 4290 δὲ
3375 4239 3510 4309 αὐτῇ
3547 4240 3640 4290 καὶ
3678 4238 3887 4302 πολλὰς

2294 4329 2485 4399 ἐτέρας
2538 4330 2634 4399 τῆς
2675 4329 2930 4392 Ἰουδαίας
2971 4329 3175 4394 πόλεις.
3220 4328 3347 4382 Εἶτα
3381 4331 3517 4400 μετά
3575 4329 3738 4382 τοῦτο
3783 4330 3882 4383 τοῦ

2294 4420 2646 4493 Σενναχειρὶμ
2706 4423 3133 4492 κατατρέχοντος
3191 4422 3286 4493 τὴν
3332 4423 3592 4476 Ἰουδαίαν
3665 4424 3883 4477 σέσωκε

626 4506 785 4547 sarus
808 4507 901 4544 rex
925 4492 1266 4560 Assyriorum
1290 4491 1341 4543 in
1368 4490 1688 4555 Samariam,
1710 4505 1933 4559 eamque
1954 4492 2183 4554 obsedit,

2301 4510 2421 4574 Θεὸς
2480 4490 2793 4581 παραδόξως
2839 4490 3348 4585 τῆνΠἸερουσαλὴμ
3406 4512 3663 4575 εὐσεϐοῦς
3721 4512 3882 4576 όντος

619 4600 685 4641 ea
710 4596 832 4654 post
862 4584 1152 4638 triennium
1173 4593 1325 4649 capta
1358 4598 1500 4637 anno
1522 4594 1675 4637 sexto
1696 4583 1957 4645 Ezechizn,
1978 4585 2068 4650 qui
2090 4584 2189 4636 fuit

618 4690 793 4728 annus
827 4673 987 4744 159
1023 4690 1195 4727 nonus
1218 4673 1370 4729 Osca:
1410 4677 1549 4743 regis
1582 4674 1763 4727 Israel.
1814 4674 1877 4727 Et
1896 4685 2051 4742 capta
2108 4684 2192 4728 cst

620 4764 895 4832 Samaria,
933 4775 987 4821 et
1018 4767 1259 4819 traduxit
1297 4781 1390 4820 rex
1423 4766 1764 4834 Assyriorum
1810 4766 2107 4820 Samariam
2138 4766 2188 4819 in

619 4859 897 4928 Assyrios,
941 4866 994 4912 et
1029 4857 1082 4911 in
1118 4859 1269 4924 Alae,
1306 4868 1359 4910 et
1402 4859 1452 4910 in
1498 4858 1663 4911 Abior
1704 4855 1865 4909 ﬂuvio
1906 4856 2109 4921 Gozan,
2136 4865 2191 4910 et

621 4949 675 5002 in
744 4949 1014 5003 montibus
1071 4965 1167 5005 eos
1227 4949 1508 5004 collocavit
1560 4947 1859 5010 Medorum,
1906 4964 1970 5001 eo
2044 4948 2186 5017 quod

623 5054 730 5096 non
788 5042 1111 5096 audiverunt
1165 5056 1350 5097 vocem
1408 5041 1617 5094 Domini
1689 5040 1779 5093 Dei
1812 5040 1912 5101 sui,
1956 5048 2010 5093 et
2070 5040 2187 5091 vio-

621 5134 802 5189 larunt
828 5133 1000 5190 medus
1028 5137 1163 5202 ejus,
1190 5134 1321 5188 nihil
1362 5149 1548 5188 eorum
1587 5146 1705 5201 qua:
1733 5132 1984 5201 praecepit
2016 5131 2188 5186 Moses

619 5239 811 5280 servus
857 5224 1067 5279 Domini
1102 5224 1442 5287 audiverunt,
1495 5238 1594 5277 nec
1652 5222 1913 5276 fecerunt.
1973 5222 2188 5276 Decimo

621 5326 802 5371 autem
858 5325 1050 5386 quarto
1102 5331 1244 5369 anno
1288 5314 1428 5383 regis
1484 5314 1747 5376 Ezechiae,
1771 5313 2011 5368 ascendit
2047 5314 2185 5367 Seu-

618 5407 962 5463 nacherimus
1017 5422 1107 5461 rex
1166 5408 1508 5477 Assyriorum
1561 5407 1610 5459 iu
1655 5405 1813 5458 urbes
1850 5406 2044 5458 ludam:
2075 5422 2186 5459 mu-

619 5500 779 5562 nitas,
812 5513 1012 5566 easque
1059 5499 1361 5566 occupavit.
1426 5497 1487 5550 Et
1535 5498 1646 5551 haec
1669 5498 1882 5565 quidem
1916 5512 1978 5551 ex
2013 5501 2185 5555 sacris

618 5591 864 5646 Litteris.
896 5590 1049 5656 ρυοά
1087 5600 1264 5645 autem
1325 5591 1682 5660 depopulatus
1744 5592 1809 5643 sit
1870 5590 2177 5645 Samariam

688 5748 755 5779 ⁸⁵⁸
798 5746 862 5802 IV
892 5748 1021 5820 Reg.
1058 5764 1209 5815 xvm,
1241 5750 1274 5805 9
1306 5766 1457 5819 seqq.

2299 4602 2559 4673 Ἐζεχίου.
2607 4603 2919 4675 Γέγραπται
2972 4604 3028 4656 δὲ
3064 4604 3235 4668 οὕτως
3281 4606 3338 4658 ἐν
3359 4608 3423 4675 τῇ
3468 4606 3704 4677 τετάρτῃ
3766 4607 3881 4658 τῶν

2289 4691 2596 4761 βασιλειῶν.
2657 4694 2767 4747 Καὶ
2826 4695 3041 4763 ἐγένετο
3094 4697 3151 4748 ὲν
3207 4696 3285 4766 τῷ
3335 4698 3443 4749 ἔτει
3492 4698 3568 4767 τῷ
3628 4698 3881 4768 τετάρτῳ

2288 4783 2495 4852 βασιλεῖ
2538 4783 2771 4855 Ἐζεκίᾳ,
2805 4787 2963 4848 αὐτὸς
2985 4788 3012 4838 6
3037 4787 3275 4850 ἐνιαυτὸς
3304 4786 3551 4856 ἕϐδομος,
3591 4787 3668 4857 τῷ
3713 4789 3879 4859 Ὠσηὲ

2286 4874 2387 4944 υἱῷ
2415 4875 2545 4928 Ἥλά
2577 4875 2786 4945 βασιλεῖ
2818 4877 3053 4948 Ἰσραὴλ,
3089 4876 3252 4948 ἀνέϐη
3285 4878 3689 4948 Σαλαμανασάρ
3718 4879 3878 4948 βασι-

2284 4964 2409 5029 λεὺς
2446 4966 2744 5037 Ἀσσυρίων
2769 4968 2859 5020 ἐπὶ
2887 4968 3198 5038 Σαμάρειαν
3230 4970 3322 5021 καὶ
3351 4969 3657 5039 ἐπολιόρκει
3676 4971 3872 5043 αὑτήν.

2286 5057 2395 5109 Καὶ
2452 5057 2776 5111 κατελάϐετο
2808 5058 2976 5129 αὐτὴν
3009 5060 3116 5112 ἀπὸ
3167 5059 3354 5122 τέλους
3392 5061 3561 5131 τριῶν
3609 5061 3768 5125 ἑτῶν,
3812 5064 3875 5114 ἐν

2285 5147 2395 5199 ἔτει
2424 5148 2565 5219 ἕκτῳ
2594 5148 2670 5218 τῷ
2708 5149 2941 5221 Ἐζεκίᾳ,
2975 5151 3136 5214 αὐτὸς
3173 5153 3200 5204 6
3231 5152 3474 5214 ἐνιαυτὸς
3528 5150 3751 5215 ἔννατος
3790 5152 3873 5221 τῷ

2296 5242 2452 5311 Ὠσηὲ
2502 5241 2709 5311 βασιλεῖ
2771 5242 3005 5314 Ἰσραήλ.
3041 5243 3150 5297 Καὶ
3204 5242 3507 5313 συνελήφθη
3561 5244 3870 5314 Σαμάρεια,

2288 5332 2383 5383 καὶ
2411 5330 2656 5400 ἀπῴκισε
2683 5331 2932 5401 βασιλεὺς
2981 5333 3282 5403 Ἀσσυρίων
3306 5333 3406 5402 τὴν
3446 5333 3762 5403 Σαμάρειαν
3786 5335 3872 5397 είς

2302 5422 2638 5492 Ἀσσυρίους,
2693 5426 2783 5475 καὶ
2837 5422 3031 5495 ἔθηκεν
3078 5424 3274 5487 αὐτοὺς
3332 5424 3391 5475 ἐν
3457 5424 3617 5476 Ἀλαὲ
3662 5424 3757 5477 καὶ
3807 5425 3871 5475 ἐν

2300 5509 2501 5583 Ἀϐιὼρ
2522 5513 2751 5584 ποταμῷ
2775 5514 2981 5579 Γωζᾶν,
3018 5515 3113 5567 καὶ
3134 5516 3213 5578 εἰς
3244 5514 3310 5568 τὰ
3337 5514 3438 5585 ὅρη
3473 5514 3697 5581 Μήδωψ
3746 5512 3867 5565 ἀνθ’

2288 5596 2380 5666 ὧν,
2414 5604 2492 5655 ὅτι
2523 5603 2619 5655 ούκ
2673 5604 2908 5673 ἥκουσαν
2934 5605 3115 5675 φωνῆς
3145 5606 3350 5676 Κυρίου
3376 5604 3469 5657 τοῦ
3494 5602 3630 5656 Θεοῦ
3663 5602 3868 5672 αὐτῶν,
