4134 6486
228 383 330 441 261

1391 379 1462 437 ΙΝ
1499 378 1736 437 ISAIAM
1777 375 1908 433 LIB.
1953 377 1994 432 1.
2036 377 2248 438 ORAT.
2286 381 2376 446 VI.

3327 409 3331 414 ε
3409 377 3518 432 96?.

227 501 324 555 καὶ
366 497 688 568 παρέϐησαν
739 497 834 571 τὴν
878 497 1144 572 διαθήκην
1165 500 1350 568 αὐτοῦ,
1395 502 1572 556 πάντα
1608 502 1711 556 ὅσα
1750 501 1827 554 ὲνο

1936 499 2396 560 Sennacherimus
2449 505 2794 573 expeditione
2827 503 2966 560 facta
3023 511 3213 557 contra
3257 499 3518 554 llieroso-

227 591 477 646 ετείλατο
507 590 714 662 Μωσῆς
744 593 774 645 ὁ
801 591 986 656 δοῦλος
1014 594 1246 666 Κυρίου,
1278 595 1374 648 καὶ
1413 595 1514 648 ούκ
1555 594 1820 665 ἥκουσαν,

227 684 324 737 καὶ
360 683 461 736 οὐκ
501 683 784 753 ἐποίησαν.
817 685 926 737 Καὶ
975 683 1054 756 τῷ
1079 685 1663 758 τεσσαρεσκαιδεκάτῳ
1710 684 1824 738 ἔτει

230 771 500 844 βασιλέως
573 771 837 842 Ἐζεχίου,
896 774 1064 844 ἀνέϐη
1117 776 1511 846 Σενναχειρεὶμ
1570 776 1824 846 βασιλεὺς

240 863 547 934 Ἀσσυρίων
579 863 673 916 ἐπὶ
692 864 790 928 τὰς
813 865 999 928 πόλεις
1019 866 1120 936 τῆς
1163 866 1424 929 Ἰουδαίας
1459 867 1558 932 τὰς
1597 868 1820 938 ὀχυρὰς.

229 956 324 1009 καὶ
358 954 654 1008 συνέλαϐεν
700 956 890 1020 αὑτάς.
950 958 1060 1010 Καὶ
1109 961 1268 1011 ταυτὶ
1303 960 1403 1030 μὲν
1431 961 1496 1013 ἐκ
1523 960 1629 1013 τῶν
1663 960 1824 1032 ἱερῶν

230 1046 605 1117 Γραμμάτων.
670 1049 794 1100 Ὅτι
830 1048 886 1101 δὲ
949 1051 1411 1122 πεπόρθηκε-τὴν
1451 1053 1765 1123 Σαμάρειαν
1798 1054 1826 1106 ό

230 1137 640 1211 Σενναχειρεὶμ,
669 1140 976 1194 ἀναϐαίνων
1006 1143 1146 1196 κατὰ
1175 1143 1282 1196 τῶν
1323 1143 1730 1215 Ἱεροσολύμων,
1767 1144 1827 1210 ἐξ

229 1221 304 1281 ὢν
333 1231 498 1295 αὐτὸς
521 1231 798 1302 γέγραφεν
840 1236 868 1286 ὁ
916 1235 1185 1306 μακάριος
1220 1236 1446 1299 Ἡσαΐας
1473 1236 1501 1288 ὁ
1537 1238 1826 1307 προφήτης

232 1321 463 1392 ἀκονητὶ
501 1322 815 1394 διοῴόμεθα.
855 1324 1297 1396 Προσπεφώνηκε
1331 1325 1439 1396 γὰρ
1465 1325 1660 1389 οὕτως·
1705 1327 1827 1380 Ῥαο

228 1413 416 1486 ψὰκης
440 1419 551 1480 τοῖς
580 1416 912 1488 καθημένοις
952 1419 1010 1471 ὲν
1038 1417 1111 1487 τῷ
1140 1419 1332 1488 τείχει·
1387 1418 1463 1490 μὴ
1508 1420 1654 1490 ὑμᾶς
1686 1420 1826 1473 ἀπα·

228 1509 381 1564 τάτω
428 1509 695 1580 Ἑζεχίας,
720 1509 895 1578 λέγων
915 1527 927 1539 ·
967 1511 1024 1564 '0
1049 1512 1182 1574 Θεὸς
1213 1511 1369 1582 ὑμῶν
1404 1512 1630 1584 ῥύσεται
1658 1513 1824 1582 ὑμᾶς.

227 1599 326 1671 Μὴ
354 1599 659 1671 ἐρρύσαντο
680 1600 730 1652 οἱ
761 1599 873 1653 θεοὶ
901 1600 1010 1653 τῶν
1045 1601 1216 1654 ἐθνῶν
1239 1602 1473 1665 ἕκαστος
1508 1602 1606 1673 τὴν
1632 1601 1827 1656 ἑαυτοῦ

1927 594 2093 666 Iyma,
2125 611 2192 650 ex
2237 597 2322 651 his
2367 613 2490 666 quae
2521 598 2712 652 beatus
2742 596 2909 652 Isaias
2954 596 3215 668 propheta
3276 593 3515 661 scripsit,
3573 663 3576 666 ι

1927 688 2183 758 nulloueg
2212 689 2324 745 0tio
2353 689 2678 744 videbimus.
2722 689 2991 743 Clamavit
3024 686 3290 758 siquidem
3327 683 3515 752 “hap-

1927 795 2082 836 saces
2126 781 2207 834 his
2244 780 2336 849 qui
2385 781 2646 835 sederunt
2705 781 2758 835 in
2811 779 3102 841 inmitibus.
3141 777 3282 831 hunc
3322 775 3374 830 in
3403 789 3517 828 mo-

1929 871 2053 924 dum
2092 885 2105 922 :
2146 868 2223 924 Ne
2269 870 2422 924 vobis
2479 872 2720 939 imponat
2774 868 3052 933 Ezechias,
3095 867 3278 921 dicens
3323 884 3337 920 :
3376 863 3517 918 Deus

1929 972 2108 1018 vester
2187 963 2382 1032 eripiet
2447 977 2563 1015 vos.
2595 961 2732 1015 Nunt
2790 961 3106 1029 eripuerunt
3149 957 3220 1012 dii
3275 956 3514 1025 gentium

1930 1070 2081 1110 suam
2120 1057 2352 1126 quisque
2393 1053 2664 1123 regionem
2704 1067 2734 1105 e
2758 1065 2915 1105 manu
2953 1049 3095 1120 regis
3128 1045 3518 1118 Assyriorum?

1931 1147 2033 1204 Ubi
2076 1159 2160 1202 est
2193 1149 2325 1202 deus
2381 1147 2599 1206 Amath,
2624 1153 2678 1199 et
2730 1143 3014 1212 Arphath?
3046 1150 3102 1195 et
3141 1141 3228 1194 ubi
3267 1141 3399 1195 deus
3435 1142 3514 1195 ci-

1930 1239 2112 1293 vitatis
2150 1235 2511 1306 Sepharaim?
2541 1235 2679 1288 Num
2720 1232 3026 1289 Samariam
3085 1246 3116 1285 a
3149 1245 3312 1284 manu
3394 1245 3514 1284 mea

1931 1330 2222 1386 defendere
2262 1329 2547 1398 poterant?
2587 1325 2795 1382 Evertit
2846 1325 3100 1380 nimirum
3154 1332 3279 1376 ante
3321 1320 3518 1376 Sama-

1931 1427 2068 1481 riam
2127 1424 2609 1486 Sennacherimus,
2650 1436 2771 1476 cum
2830 1418 3148 1474 aliissimul
3197 1415 3422 1470 urbibus
3464 1423 3522 1468 et

1934 1519 2263 1588 regionibus,
2316 1533 2381 1571 ac
2442 1519 2656 1571 demum
2701 1514 3002 1569 Jerusalem
3070 1513 3302 1566 obsedit.
3352 1510 3521 1564 Post-

1933 1626 2096 1681 quam
2147 1611 2290 1663 enim
2329 1608 2383 1662 in
2426 1609 2661 1662 divinam
2727 1607 3059 1675 maiestatem
3115 1605 3229 1657 haec
3291 1600 3520 1656 dicteria

228 1691 420 1763 χώραν
455 1693 518 1744 ἐκ
564 1691 747 1763 χειρὸς
802 1691 1065 1763 βασιλέως
1107 1693 1444 1764 Ἀσσυρίων;
1478 1693 1586 1746 Ποῦ
1626 1694 1772 1746 ἔστιν
1802 1695 1830 1746 ὁ

1936 1699 2170 1768 iecisset,
2205 1713 2456 1767 egressus
2523 1713 2551 1750 a
2614 1695 2842 1750 Domino
2906 1693 3156 1763 angelus.
3204 1691 3402 1746 occidit
3451 1704 3520 1743 ex

227 1782 356 1846 θεὸς
407 1783 638 1854 Ὀμάθα,
676 1783 768 1836 καὶ
819 1783 1024 1852 Ἀρφάθ
1050 1801 1064 1844 ;
1096 1785 1190 1837 καὶ
1216 1785 1320 1837 ποῦ
1349 1784 1551 1838 ἔστινό
1584 1785 1702 1847 θεὸς
1726 1783 1828 1854 τῆς

227 1873 446 1937 πόλεως
472 1849 940 1946 *Σεπφαρουείμξ
978 1874 1054 1947 μὴ
1107 1875 1356 1928 ἐδύναντο
1413 1875 1584 1928 σῶσαι
1641 1849 1828 1944 Σαμά-
1864 1849 1905 1904 Β

229 1977 391 2030 ρειαν
426 1961 491 2015 ὲκ
531 1961 710 2033 χειρός
748 1979 883 2033 μους
917 1962 1272 2035 Προανῄρηκε
1334 1963 1512 2016 τοίνυν
1567 1963 1663 2034 τὴν
1711 1965 1831 2018 Σα-

229 2051 474 2121 μάρειαν
495 2054 525 2104 ὁ
551 2053 939 2124 Σενναχειρεὶμ
972 2057 1092 2117 ταῖς
1123 2053 1312 2118 ἄλλαις
1355 2053 1492 2125 ὁμοῦ
1540 2055 1726 2109 πόλεσί
1769 2073 1828 2108 τε

227 2145 333 2198 καὶ
356 2144 606 2216 χώραις·
661 2142 781 2200 εἶτα
841 2146 1242 2218 πεπολιόρκηκε
1298 2148 1398 2218 τὴν
1453 2148 1825 2220 Ἰερουσαλήμ.

241 2237 474 2310 Ἐπειδὴ
507 2237 618 2309 γὰρ
646 2241 748 2310 τῆς
779 2237 928 2302 θείας
951 2240 1370 2309 κατεφλυάρησε
1403 2239 1580 2309 δόξης,
1604 2240 1828 2311 ἐξῆλθεν

227 2325 469 2395 ἄγγελος
498 2328 651 2397 παρὰ
680 2328 906 2399 Κυρίου,
944 2329 1036 2382 καὶ
1069 2328 1277 2382 ἀνεῖλεν
1322 2330 1385 2382 ἐκ
1416 2328 1515 2399 τῆς
1550 2329 1823 2400 παρεμϐο-

229 2419 337 2491 λῆς
363 2421 474 2474 τῶν
513 2421 816 2492 Ἀσσυρίων
850 2423 908 2474 ὲν
939 2425 1039 2495 μιᾷ
1078 2424 1234 2476 νυκτὶ
1289 2423 1482 2477 ἑκατὸν
1521 2425 1615 2479 καὶ
1651 2425 1831 2497 ὀγδοή-

229 2530 405 2567 κοντα
466 2514 628 2567 πέντε
681 2514 942 2584 χιλιάδας.
1005 2517 1213 2570 Οὐκοῦν
1267 2517 1566 2590 ἐπειδήπερ
1604 2519 1832 2589 ἀφίκετο

232 2604 342 2675 μὲν
383 2606 529 2659 κατά
572 2606 682 2658 τῶν
727 2606 1117 2678 Ἱεροσολύμων
1159 2611 1186 2660 ὁ
1225 2611 1632 2682 Σενναχειρεὶμ,
1697 2629 1831 2684 προ-

227 2699 417 2752 ανεῖλε
452 2699 508 2752 δὲ
548 2699 646 2770 τὴν
696 2701 1010 2770 Σαμάρειαν
1071 2701 1207 2756 Θεοῦ
1261 2706 1594 2776 παραδόντος
1641 2706 1828 2778 αὐτὴν,

224 2791 411 2846 διάτοι
439 2791 501 2844 τὸ
535 2791 668 2863 δρᾷν
693 2793 907 2847 ἑλέσθαι
943 2794 1011 2846 τὰ
1047 2794 1214 2866 χείρω
1262 2796 1370 2848 τῶν
1413 2799 1472 2850 ὲν
1515 2800 1629 2862 τοῖς
1674 2798 1831 2870 Ἰερο-

226 2883 516 2954 σολύμοις,
575 2886 884 2954 ἀναγκαίως
947 2888 1079 2958 φησί
1105 2905 1118 2918 ο
1169 2907 1188 2940 ι
1245 2887 1484 2943 Θάνατον
1546 2892 1831 2944 ἀπέστειλε

228 2975 447 3047 Κύριος
476 2978 570 3030 ἐπὶ
611 2977 826 3044 Ἰακὼϐ,
869 2979 961 3032 καὶ
995 2977 1159 3052 ἦλθεν
1200 2981 1292 3034 ἐπὶ
1345 2983 1584 3056 Ἰσραήλ.
1635 3005 1654 3036 ι
1690 2985 1830 3038 Ἀλλ’

225 3068 627 3140 ὲμπέπρησται
685 3070 783 3141 μὲν
829 3075 862 3143 ἡ
921 3073 1206 3144 Σαμάρεια
1259 3076 1316 3128 ἐν
1447 3076 1770 3148 κατῴκησεν
1802 3077 1832 3130 ό

1935 1793 2129 1846 castris
2182 1791 2525 1861 Assyriorum
2586 1805 2691 1843 una
2769 1799 2926 1842 nocte
2986 1795 3201 1840 centum
3257 1793 3310 1837 et
3366 1791 3522 1836 octo-

1933 1883 2082 1952 ginta
2138 1881 2377 1950 quinque
2421 1880 2604 1933 millia.
2635 1879 2767 1932 Cum
2804 1879 2971 1946 igitur
3004 1875 3403 1944 expeditionem
3443 1872 3521 1926 fe-

1932 1976 2094 2028 cisset
2150 1982 2339 2026 contra
2396 1970 2766 2041 Hierosolyma
2808 1967 3290 2027 Sennacherimus,
3325 1965 3521 2018 Sama-

1933 2066 2009 2120 ria
2083 2068 2231 2134 prius
2314 2074 2602 2133 occupata,
2638 2063 2746 2117 Deo
2819 2063 3067 2115 tradente
3155 2075 3296 2122 eam,
3377 2057 3519 2124 qnod

1933 2157 2192 2229 nequiora
2225 2158 2306 2212 his
2364 2173 2482 2226 quae
2520 2155 2910 2226 Hierosolymis
2959 2153 3096 2207 facta
3152 2162 3301 2216 sunt,
3339 2161 3522 2220 patra-

1935 2252 2092 2315 verit,
2125 2251 2438 2305 necessario
2475 2250 2641 2319 inquit
2676 2266 2690 2303 :
2723 2265 2740 2300 ι
2765 2247 2991 2302 Mortem
3040 2247 3219 2301 emisit
3275 2245 3414 2298 Deus
3464 2243 3518 2296 in

1931 2343 2119 2409 Jacob,
2151 2352 2205 2398 et
2265 2344 2466 2398 invasit
2522 2342 2707 2396 Israel.
2750 2359 2769 2394 ι
2806 2343 2874 2393 At
2925 2341 3145 2394 incensa
3200 2347 3280 2391 cst
3329 2337 3522 2392 civitas

1933 2434 2418 2497 Samaritanorum,
2461 2433 2513 2486 in
2575 2449 2680 2504 qua
2735 2433 3000 2486 habitavit
3075 2430 3266 2493 Israel,
3314 2430 3365 2482 id
3415 2439 3518 2491 est,

1933 2528 2120 2580 decem
2180 2527 2372 2590 tribus,
2405 2535 2456 2578 et
2511 2523 2751 2578 funditus
2802 2524 2982 2592 periit.
3025 2521 3155 2574 Erat
3205 2536 3365 2589 porro
3428 2534 3518 2573 sa-

1935 2617 2168 2686 pientia}.
2214 2616 2396 2680 credo,
2452 2625 2509 2668 ut
2557 2616 2808 2682 deinceps
2851 2614 3284 2677 considerarent,
3325 2611 3375 2665 hi
3427 2610 3519 2680 qui

1935 2710 1987 2764 iu
2036 2726 2100 2764 ea
2167 2709 2339 2763 relicti
2381 2719 2562 2772 erant,
2618 2708 2784 2761 Deum
2840 2705 3135 2769 offendere,
3167 2719 3285 2759 esse
3340 2707 3519 2774 rcipsa

1933 2803 2347 2874 gravissimum:
2371 2803 2491 2856 dein
2521 2803 2622 2856 hoc
2653 2801 2868 2870 cognito
2892 2810 2945 2854 et
2972 2809 3278 2868 perspecto,
3305 2798 3524 2869 placare

1932 2892 2194 2948 oll‘eusunt
2250 2894 2471 2948 omnino
2505 2901 2777 2963 Oportere,
2805 2901 2858 2946 et
2894 2891 3279 2945 mutationibus
3324 2891 3374 2942 in
3411 2905 3525 2942 nie-

1935 2985 2037 3038 lius
2092 2987 2359 3055 mitigare.
2419 2986 2571 3051 Quod
2635 2984 2688 3038 hi
2746 2999 2852 3037 non
2899 2981 3168 3044 fecerunt,
3233 2996 3411 3049 neque
3467 2980 3520 3031 in

1934 3080 2172 3134 animum
2224 3080 2581 3145 induxerunt,
2629 3079 2769 3131 ttnde
2817 3086 2996 3130 mente
3039 3074 3182 3143 capti
3237 3073 3526 3126 ambitiose

238 3159 493 3232 Ἰσραὴλ,
524 3161 668 3216 τοῦτ’
714 3161 882 3227 ἐστιν,
915 3164 971 3216 αί
1015 3163 1147 3218 δέκα
1183 3164 1369 3234 φυλαὶ,
1415 3166 1506 3218 καὶ
1554 3165 1830 3220 ἀπόλωλεν

1936 3170 2227 3241 iactarunt,
2257 3190 2274 3223 ι
2305 3169 2526 3225 [λειω-εδ
2544 3170 2876 3230 ceciderunt,
2895 3168 2987 3222 sed
3007 3167 3204 3228 venite,
3225 3165 3526 3219 incidamus

222 3252 524 3317 όλπελῶς.
558 3251 664 3308 Ἦν
694 3255 750 3309 δὲ
795 3251 949 3326 οἶμαι
982 3257 1144 3327 σοφὸν
1183 3258 1434 3328 ἐννοῆσαι
1473 3257 1660 3312 λοιπὸν
1704 3261 1831 3320 τοὺς

225 3346 679 3418 περιληφθέντας
749 3349 807 3401 ὲν
860 3350 1018 3421 αὐτῇ,
1053 3349 1136 3402 ὅτι
1183 3350 1246 3402 τὺ
1299 3350 1662 3422 προσκρούειν
1714 3351 1833 3422 Θεῷ

225 3440 596 3512 παγχάλεπον
646 3441 861 3510 ἀληθῶς
887 3459 901 3474 ⁶
961 3439 1084 3495 εἶτα
1141 3443 1300 3498 τοῦτο
1341 3445 1700 3513 διεγνωκότας
1741 3447 1834 3499 ἐκ·

230 3531 623 3602 μειλίσσεσθαι
652 3535 744 3585 τὸν
758 3532 1132 3602 λελυπημένον
1162 3533 1360 3604 χρῆναι
1385 3533 1558 3602 δήπου
1594 3534 1831 3597 πάντως,

228 3626 336 3679 καὶ
367 3629 487 3689 ταῖς
515 3627 593 3688 εἰς
627 3625 687 3678 τὸ
716 3625 938 3696 ἄμεινον
981 3624 1306 3696 μεταϐολαῖς
1339 3627 1773 3696 καταμαλθάσσε
1787 3642 1835 3679 ιν

233 3719 736 3790 παρωτρυμμένον.
779 3719 843 3770 Οἱ
883 3719 941 3771 δὲ
977 3717 1136 3772 τοῦτο
1179 3718 1276 3788 μὲν
1319 3719 1420 3772 οὐκ
1474 3719 1664 3789 ἔδρων,
1713 3719 1835 3772 οὐδὲ

231 3813 321 3876 εἰς
383 3811 508 3866 νοῦν
537 3811 776 3883 ἐδέχοντό
827 3809 1027 3863 ποθενο
1061 3809 1451 3882 ἁπονοούμενοι
1501 3812 1559 3865 δὲ
1612 3811 1709 3865 καὶ
1753 3811 1836 3864 ἔτι

235 3903 515 3976 μειζόνως
553 3903 810 3972 ἔφασκονο
856 3922 873 3954 ι
905 3902 1123 3957 Πλίνθοι
1168 3903 1541 3966 πεπτώκασιν,
1582 3903 1718 3958 ἀλλά
1744 3905 1837 3957 λα-

233 3991 530 4063 ξεύοωμεν
570 3991 772 4056 λίθους,
829 3992 925 4046 καὶ
973 3992 1229 4062 κόψωμεν
1260 3994 1596 4064 συκαμίνους
1627 3995 1720 4048 καὶ
1750 3995 1836 4050 xs-

230 4081 430 4154 δρους,
454 4080 548 4136 καὶ
562 4083 814 4154 οἰκοδομή
823 4099 1004 4153 σωμεν
1017 4084 1229 4148 ἑαυτοῖς
1249 4083 1481 4156 πύργον.
1510 4104 1528 4135 ι
1561 4087 1623 4138 Ὢ
1639 4086 1836 4158 πολλῆς

231 4173 510 4246 ἀμαθίας.
546 4173 669 4237 Πῶς
695 4174 804 4244 γὰρ
830 4173 928 4226 οὐκ
971 4172 1078 4226 ἔδει
1111 4173 1311 4244 μᾶλλον
1350 4177 1547 4228 εἰπεῖν·
1595 4177 1837 4248 Προσκε-

232 4265 566 4339 κρούκαμεν
613 4265 672 4331 ὲξ
731 4263 991 4328 ἀϐουλίας
1028 4265 1106 4337 τῷ
1154 4267 1333 4321 πάντα
1400 4267 1636 4338 ἰσχύοντι
1677 4265 1835 4338 Θεῷ;

233 4359 510 4413 Ἦλωσάν
535 4375 594 4410 τε
624 4357 827 4430 ταύτης
858 4357 1018 4411 ἕνεκα
1045 4359 1142 4429 τῆς
1171 4359 1370 4424 αἰτίας,
1427 4361 1482 4414 αἱ
1531 4361 1661 4432 παρ’
1705 4361 1838 4431 ἡμῖν

232 4453 435 4516 πόλεις
485 4469 545 4505 τε
603 4452 697 4504 καὶ
749 4451 955 4522 κῶμαι.
1023 4451 1208 4516 Δεῦτε,
1264 4454 1384 4515 ταῖς
1436 4450 1838 4522 μεταγνώσεσιν

1936 3264 2160 3333 lapides,
2195 3265 2495 3317 incidamus
2533 3277 2864 3332 sycomoros,
2900 3271 2952 3316 et
2979 3263 3193 3325 cedros,
3217 3269 3270 3314 et
3293 3258 3524 3312 aediﬁce-

1937 3373 2055 3410 mus
2087 3357 2240 3411 nobis
2277 3356 2404 3426 ipsis
2447 3356 2660 3409 turrim.
2700 3373 2718 3406 ι
2749 3352 2793 3409 Ο
2829 3369 3074 3422 magnam
3103 3350 3401 3407 inscitiam!
3442 3351 3523 3426 An

1937 3465 2042 3504 non
2087 3451 2291 3518 aequius
2329 3448 2487 3519 160
2511 3456 2628 3501 erat
2671 3447 2875 3510 dicere,
2911 3445 3245 3501 Offendinzns
3274 3457 3369 3512 per
3393 3442 3527 3496 stul-

1938 3541 2108 3595 titiam
2127 3551 2181 3594 et
2205 3540 2613 3610 incogitantiam
2637 3539 3059 3608 omnipotentem
3082 3534 3286 3591 Deum?
3309 3534 3525 3588 Vexata:

1935 3641 2061 3686 sunt
2113 3631 2250 3685 hanc
2291 3629 2360 3684 ob
2397 3645 2616 3685 causam
2646 3628 2808 3683 urbes
2840 3637 3034 3681 nostra;
3070 3636 3124 3681 et
3157 3626 3296 3680 vici:
3324 3624 3523 3689 venite,

1939 3725 2079 3780 hanc
2124 3723 2259 3778 iram
2309 3721 2679 3793 resipiscentia
2715 3719 3112 3776 exoneremtts?
3155 3721 3224 3773 At
3271 3718 3323 3772 hi
3362 3717 3526 3771 inini-

1939 3832 2025 3874 me
2077 3819 2263 3873 isthtrc
2316 3817 2596 3879 dixerunt,
2629 3814 2722 3869 sed
2750 3813 2919 3869 divini
2995 3811 3180 3866 auxilii
3234 3810 3527 3866 securitate

1937 3921 1992 3967 et
2048 3909 2300 3981 praesidio
2343 3907 2734 3964 contumeliose
2778 3913 3108 3973 contempto,
3160 3904 3522 3958 dictitabant:

1944 4022 1964 4056 ι
2001 4003 2227 4060 Urbium
2263 4001 2525 4056 Samaria
2583 3999 2722 4054 muri
2765 3997 3029 4054 exstructi
3066 4005 3194 4051 sunt
3243 4013 3310 4052 cx
3355 3995 3536 4050 latcre'

1940 4097 2155 4151 vitioso.
2205 4095 2356 4160 Quod
2419 4096 2465 4150 si
2515 4108 2614 4149 nos
2690 4093 2895 4162 lapides
2954 4091 3318 4156 caedimus,et
3379 4091 3522 4160 ligna

1941 4189 2274 4258 incorrupta,
2304 4200 2641 4258 sycomoros,
2688 4184 2928 4254 inquam,
2958 4194 3014 4238 et
3043 4184 3236 4238 cedros
3295 4182 3521 4253 adapta-

1939 4281 2202 4346 verimus,
2245 4278 2548 4347 turrimque
2585 4276 2941 4340 erexerimus,
2983 4291 3087 4329 non
3126 4273 3406 4342 capiemur
3457 4273 3523 4328 ab

1941 4371 2208 4432 hostibus,
2239 4375 2294 4423 et
2340 4368 2520 4422 invicti
2570 4367 2928 4422 manebimus.
2970 4367 3073 4433 Qui
3114 4380 3264 4436 ergo,
3324 4365 3523 4436 inquit,

1941 4463 2058 4518 haec
2109 4461 2339 4530 superbe
2361 4469 2414 4515 et
2453 4461 2595 4514 elato
2635 4460 2798 4513 corde
2851 4461 3056 4523 dicunt,
3100 4459 3294 4521 scient,
3322 4458 3372 4510 id
3415 4467 3522 4518 est,

231 4540 750 4614 ἀποφορτισώμεθα
803 4543 901 4614 τὴν
944 4543 1133 4613 ὀργήν.
1190 4543 1254 4595 Οί
1293 4541 1351 4596 δὲ
1394 4545 1554 4596 ταυτὶ
1603 4543 1703 4614 μὲν
1742 4543 1833 4596 οὐκ

1949 4554 2158 4609 discent
2197 4566 2406 4616 rursus,
2461 4564 2568 4618 quo
2626 4550 2843 4604 tandem
2917 4548 3108 4604 evadet
3185 4548 3285 4601 hoc
3367 4563 3523 4601 suum

235 4636 490 4706 ἔφασκον
521 4650 535 4663 ·
580 4634 1024 4705 περιυϐρίζοντες
1046 4635 1101 4686 δὲ
1129 4635 1329 4704 μᾶλλον
1374 4636 1472 4707 τῆς
1521 4636 1843 4708 ἐπικουρίας

234 4730 346 4800 τῆς
383 4726 535 4798 παρά
564 4726 698 4779 Θεοῦ
743 4727 843 4797 τὴν
877 4727 1177 4795 ἀσφάλειαν
1213 4725 1451 4795 ἔφασκον
1500 4727 1583 4779 ὅτι
1635 4727 1702 4778 τὰ
1735 4725 1846 4780 τῶν

239 4823 463 4875 πόλεων
490 4820 646 4889 τείχη
675 4819 782 4871 τῶν
810 4819 949 4872 κατά
970 4820 1066 4888 τὴν
1085 4819 1398 4890 Σαμάρειαν
1427 4819 1719 4889 πεποίηντο
1745 4819 1842 4889 μὲν

239 4919 308 4970 ὲκ
337 4912 562 4969 πλίνθου
585 4912 812 4988 σαθρᾶς.
850 4915 972 4968 Ἐὰν
994 4912 1050 4968 δὲ
1069 4914 1249 4978 λίθους
1262 4913 1630 4985 λαξεύσωμεν,
1649 4915 1742 4968 καὶ
1774 4914 1844 4970 τὰ

238 5011 474 5084 ἄσηπτα
501 5011 609 5064 τῶν
637 5009 831 5077 ξύλων,
878 5009 1204 5078 συκαμίνους
1227 5008 1304 5070 δὲ,
1342 5009 1484 5079 φημὶ
1503 5009 1595 5061 καὶ
1619 5008 1840 5079 κέδρους

241 5103 583 5176 ἁρμόσωμεν
622 5102 809 5164 αὐτοῖς
835 5101 929 5154 καὶ
957 5101 1350 5172 ἀναστήσωμεν
1380 5100 1608 5172 πύργον,
1632 5102 1841 5155 ἀνάλω-

241 5199 331 5252 τοί
374 5214 433 5250 τε
463 5194 700 5266 ἐσόμεθα
739 5197 850 5257 τοῖς
885 5192 1117 5264 ἐχθροῖς,
1158 5193 1254 5246 καὶ
1298 5193 1596 5264 ἀπόρθητοι
1652 5193 1841 5264 μενοῦ-

247 5307 379 5361 μεν.
412 5290 474 5342 Ol
503 5287 685 5341 τοίνυν
717 5285 914 5351 ταῦτα,
968 5285 1154 5355 φησὶν,
1187 5286 1274 5352 ἐφ’
1304 5283 1459 5356 ὕϐρει
1505 5285 1601 5338 καὶ
1659 5282 1837 5355 ὑψηλῇ

242 5381 450 5453 καρδίᾳ
475 5379 747 5449 λέγοντες,
794 5377 1114 5447 γνώσονται,
1151 5376 1297 5430 τοῦτ’
1325 5376 1461 5442 ἐστι,
1501 5378 1837 5449 μαθήσονται

242 5468 436 5531 πάλιν,
477 5468 598 5522 ὅποι
645 5467 772 5520 ποτὲ
837 5465 1098 5536 βαδιεῖται
1127 5465 1188 5519 τὸ
1228 5465 1453 5536 σκέμμα
1502 5467 1705 5532 αὐτοῖς,
1744 5475 1837 5524 καὶ

1946 4651 2277 4712 institutum,
2307 4647 2525 4716 etquod
2561 4660 2748 4699 rursus
2780 4644 2830 4697 in
2858 4643 3148 4712 perniciem
3173 4642 3333 4694 eadet
3369 4654 3524 4693 suum

1945 4741 2250 4796 consilium.
2292 4740 2580 4795 Sciendum
2610 4748 2789 4792 autem
2837 4744 2960 4806 post
2993 4733 3349 4788 vastationem
3390 4729 3527 4784 Sen-

1946 4833 2270 4899 nacherimi,
2303 4831 2631 4903 temporibus
2645 4829 2914 4894 Jeremiae,
2935 4826 3525 4882 Nabuchodonosorum

1944 4925 2184 4981 Judzeam
2245 4939 2583 4995 Oppugnasse
2639 4932 2694 4978 et
2748 4922 2978 4990 cepisse,
3035 4933 3099 4973 ac
3144 4926 3391 4973 vastasse
3441 4925 3525 4970 tu-

1951 5033 2058 5079 tam
2119 5022 2444 5085 Samariam,
2496 5021 2774 5089 ipsamque
2806 5019 2941 5071 adeo
2987 5013 3310 5069 Jerusalem.
3361 5009 3524 5066 Proin

1946 5119 2214 5186 propheta
2288 5115 2551 5170 Jeremias
2621 5114 2727 5167 ait:
2784 5131 2802 5162 ι
2843 5109 3156 5165 Maledictus
3210 5106 3300 5176 Qui
3374 5119 3523 5175 spent

1947 5203 2112 5258 habet
2163 5206 2213 5258 in
2277 5203 2516 5269 homine,
2552 5210 2611 5258 et
2662 5201 2839 5254 ﬁrmat
2889 5214 3108 5254 carnem
3155 5196 3360 5252 brachii
3416 5195 3524 5259 sui,

1947 5306 2001 5353 ct
2039 5314 2068 5352 a
2106 5297 2334 5352 Domino
2369 5297 2595 5352 discedit
2628 5311 2722 5352 cor
2754 5294 2872 5365 ejus
2904 5293 2971 5347 ⁸⁵.
3019 5310 3038 5344 ι
3075 5290 3327 5346 Servabil
3378 5287 3523 5343 enim

1946 5396 2105 5436 nemo
2139 5396 2285 5448 eum,
2309 5379 2402 5450 qui
2455 5381 2649 5435 divina:
2691 5379 2782 5433 ira:
2810 5376 3080 5434 obnoxius
3105 5382 3190 5429 est
3215 5389 3229 5426 :
3267 5389 3285 5422 ι
3311 5370 3522 5424 Manum

1944 5473 2087 5527 enim
2108 5472 2375 5528 excelsam
2403 5471 2524 5542 quis
2543 5480 2749 5526 avertet
2769 5472 2858 5526 "‘2
2895 5489 2913 5522 ι
2949 5467 3107 5526 sicuti
3135 5465 3393 5533 scriptum
3418 5469 3521 5515 est.

243 5563 331 5615 ὅτι
389 5560 552 5615 πάλιν
599 5558 976 5630 ἐκτελευτήσει
1039 5558 1177 5630 πρὸς
1239 5557 1460 5633 ὄλεθρον
1515 5562 1548 5630 ή
1613 5560 1775 5634 βουλὴ
1825 5565 2029 5629 αὐτοῖς.
2096 5564 2290 5618 Ἰστέον
2320 5564 2377 5618 δὲ
2411 5565 2491 5618 ὅτι
2543 5563 2683 5634 μετά
2725 5564 2822 5635 τὴν
2869 5561 3132 5634 πόρθησιν
3183 5555 3275 5610 τοῦ
3323 5555 3524 5607 Σεννα-

248 5655 473 5727 χειρεὶμ
529 5655 586 5707 ὲν
635 5654 846 5726 καιροῖς
895 5651 1206 5742 ξῐερεμίου,
1254 5652 1605 5726 πεπολέμηκε
1656 5655 1756 5728 τὴν
1805 5657 2065 5715 Ἰουδαίαν
2117 5661 2145 5713 ὁ
2191 5658 2658 5733 Ναϐουχοδονόσορ
2689 5653 2798 5713 εἷλέ
2819 5675 2877 5712 τε
2909 5658 3088 5711 πᾶσαν
3123 5652 3264 5706 κατά
3303 5648 3524 5718 κράτος»

323 5835 375 5868 ’⁸
396 5835 596 5895 Jerctn.
630 5854 762 5906 xvtt,
790 5837 842 5896 5.
917 5837 964 5870 ’⁸
995 5835 1096 5894 lsa.
1124 5853 1236 5904 xw,
1278 5837 1366 5897 Υ.
