4742 6542
1133 395 1241 451 Ξῦὃ

2128 389 2187 446 S.
2227 387 2506 447 CYBILLl
2549 389 3021 447 ALEXANDRINI
3061 391 3381 449 ARCHIEP.

4281 396 4366 451 ειι

1137 518 1234 574 καὶ
1298 515 1614 586 πεπόρθηκε
1663 513 1764 584 τὴν
1811 513 2146 585 Σαμάρειαν,
2207 513 2302 566 καὶ
2343 511 2513 582 αὐτὴν
2563 512 2658 566 καὶ
2695 511 2800 583 τὴν
2836 512 3213 585 Ἰερουσαλήμ.
3245 513 3454 567 Οὐκοῦν
3482 531 3648 584 φησιν
3694 515 3723 567 6
3768 517 4052 588 προφήτης
4105 515 4367 586 Ἱερεμίας·

1141 630 1161 662 ι
1220 609 1673 678 Ἐπικατάρατος,
1703 609 1760 672 ὃς
1781 607 1883 678 τὴν
1909 606 2096 660 ἐλπίδα
2129 606 2242 676 ἔχει
2267 606 2352 659 ἐπ’
2379 605 2685 678 ἄνθρωπον.
2723 607 2833 660 Καὶ
2889 609 3136 679 στηρίξει
3171 609 3348 680 σάρκα
3381 609 3666 679 βραχίονος
3727 608 3918 665 αὑτοῦ.
3967 630 3986 661 ι
4014 609 4258 663 Διασὼσει
4283 614 4369 680 Tit?

1138 705 1311 766 οὐδεὶς
1340 702 1432 755 τὸν
1459 701 1566 754 ὑπὸ
1601 700 1752 754 Θείαν
1781 700 1951 771 ὀργὴν
1985 698 2264 766 γεγονότα.
2301 715 2324 749 ι
2357 697 2467 768 Τὴν
2491 699 2601 770 γάρ
2633 701 2794 770 χεῖρα
2821 699 2920 769 τὴν
2951 701 3159 773 ὑψηλὴν
3184 702 3265 765 τίς
3287 701 3640 774 ἀποστρέψει,
3677 718 3694 754 ι
3729 703 3867 756 κατὰ
3895 702 3957 755 τὸ
3999 701 4370 774 γεγραμμένονξ

1215 797 1378 851 Vens.
1420 797 1506 858 ll.
1531 796 1616 850 1‘2.
1662 793 1728 846 Et
1755 795 1938 847 aliide:
1965 793 2103 847 Deus
2142 801 2509 862 consurgentes
2540 802 2722 846 contra
2753 801 2799 856 Α
2896 794 3004 849 Kal
3038 797 3088 862 ῥ.

2499 802 2722 846 tcontra
2753 801 2799 856 Α
2896 794 3004 849 Καὶ
3038 771 3212 862 ῥὰήξει
3264 799 3297 850 ό
3367 771 3504 862 Θεὸς
3547 771 3703 863 τοὺς
3752 771 4253 866 ἐπανισταμένους
4297 771 4372 850 ἐπ’

1139 902 1370 945 montem
1409 887 1561 951 Sion,
1601 897 1648 940 et
1687 887 1862 939 hostes
1909 885 2209 954 dissipabit,
2238 883 2456 954 Syriam
2520 899 2552 937 α
2599 884 2725 939 solis

1142 992 1281 1044 ortu,
1332 991 1379 1034 et
1425 978 1636 1036 Grazcos
1675 995 1706 1030 a
1738 979 1864 1032 satis
1916 993 2130 1041 occasu,
2191 977 2280 1048 qui
2314 975 2568 1032 larualem
2617 986 2742 1032 toto-

1144 1088 1232 1125 ore
1285 1072 1550 1125 devorent.

1217 1244 1350 1298 Cum
1413 1241 1646 1310 percutit
1704 1240 1844 1294 Deus
1899 1239 1971 1292 ob
2015 1236 2179 1292 multa
2233 1246 2475 1306 peccata,
2527 1236 2732 1290 inducit

1146 1333 1492 1388 credentibus
1546 1329 1833 1392 medelam,
1896 1337 1954 1380 ut
2026 1335 2281 1396 appareat
2332 1326 2730 1379 onmibusmo-

1148 1423 1252 1486 dis,
1309 1419 1514 1484 dolore,
1575 1417 1819 1485 inquam,
1880 1426 1937 1468 et
1993 1413 2364 1468 consolatione
2425 1413 2492 1465 ad
2557 1413 2732 1482 paeni-

1149 1510 1372 1563 teutiam
1437 1517 1655 1560 vocare.
1681 1502 1747 1556 Et
1804 1517 1948 1556 nunc
1995 1500 2173 1556 simile
2221 1500 2475 1570 quiddam
2511 1502 2596 1555 his
2637 1503 2727 1570 qui

1149 1597 1504 1664 direptionem
1551 1591 1693 1660 passi
1737 1597 1883 1655 sunt,
1919 1588 2279 1658 appromittit,
2315 1588 2584 1658 habetque
2650 1589 2733 1642 hi-

1151 1685 1318 1739 storia
1363 1681 1802 1751 explicationem,
1835 1679 1978 1747 quod
2013 1679 2348 1747 propositum
2398 1687 2501 1741 est,
2547 1693 2731 1747 quam,

1150 1779 1206 1821 nt
1269 1767 1423 1831 dixi,
1466 1779 1898 1818 commemorare
1955 1761 2143 1831 paucis
2186 1767 2271 1816 est
2332 1775 2576 1815 necesse.
2637 1759 2728 1814 Ul-

1150 1853 1337 1906 timum
1389 1851 1533 1904 enim
1574 1848 1774 1902 bellum
1811 1854 2000 1900 contra
2045 1845 2355 1898 universam
2402 1843 2649 1899 Judaiant
2678 1851 2732 1899 et

1151 1943 1459 1999 Samariam
1507 1957 1536 1994 a
1586 1939 2116 1995 Nabuchodonosoro
2157 1949 2365 2007 gestum
2400 1948 2507 1997 est,
2545 1937 2596 1990 in
2626 1951 2734 2004 quo

1149 2028 1368 2082 abducti
1396 2036 1522 2081 sunt
1562 2022 2136 2092 captivi,ethoStibus
2175 2024 2516 2091 septuaginta
2561 2037 2733 2078 annos

1151 2110 1473 2166 servierunt.
1503 2107 1771 2176 Tempore
1813 2123 1940 2161 vero
1991 2107 2085 2161 irae
2113 2118 2331 2174 exacto,
2364 2106 2734 2161 universitatis

1154 2204 1293 2255 Dens
1347 2201 1542 2254 iterum
1614 2197 1874 2252 misertus
1932 2206 2038 2261 est,
2093 2193 2380 2264 ellecitque
2438 2211 2495 2248 ut
2553 2196 2732 2250 remit-

1153 2302 1418 2356 terentur,
1459 2307 1581 2346 cum
1653 2287 1828 2360 Cyrus
1879 2289 2020 2344 lilius
2076 2287 2359 2359 Cambysis
2413 2287 2735 2358 Babylonios

1151 2386 1473 2456 Subegisset.
1501 2383 1636 2439 Cum
1671 2398 1799 2437 vero
1825 2382 1892 2436 ad
1925 2389 2169 2436 sanctam
2197 2380 2474 2434 civitatem
2529 2379 2733 2435 reversi

1149 2486 1354 2542 essent,
1405 2477 1496 2547 qui
1547 2486 1755 2530 tantum
1809 2489 2174 2528 mrumnarunt
2225 2472 2576 2543 pertulerant,
2613 2488 2733 2526 eam

1150 2574 1343 2638 denuo,
1367 2571 1591 2625 reticere
1614 2569 1918 2632 voluerunt,
1960 2569 2123 2636 idque
2156 2564 2424 2630 iecerunt,
2465 2566 2736 2621 divinum—

1150 2679 1258 2735 que
1291 2664 1447 2735 161
1491 2679 1646 2717 suum
1700 2663 1956 2731 templum
2036 2669 2428 2715 restaurarent.
2469 2659 2734 2714 Caeterum

1151 2759 1274 2812 licet
1328 2768 1472 2810 tanta
1530 2754 1671 2824 passi
1721 2753 1973 2814 fuissent.
2023 2762 2077 2806 et
2123 2763 2360 2806 veterum
2415 2750 2734 2806 delictorum

1150 2858 1341 2914 poenas
1372 2840 1621 2904 luissent,
1655 2838 1824 2893 nihilo
1860 2847 2039 2891 tamen
2092 2837 2270 2892 minus
2325 2838 2392 2892 de
2424 2836 2636 2907 integro
2669 2851 2736 2891 ex

1151 2928 1352 2982 invidia
1393 2927 1584 2980 vicina:
1629 2939 1818 2993 gemes
1897 2937 2166 2991 aggressa:
2201 2932 2348 2977 sunt.
2406 2919 2516 2977 Nec
2592 2923 2735 2976 enim

1149 3022 1402 3076 volebant
1478 3017 1778 3073 Jerusalem
1853 3015 2211 3078 invalescere,
2289 3015 2524 3070 maxime
2607 3030 2738 3069 vero

1149 3119 1391 3168 Omnium
1441 3114 1666 3165 aliorum
1707 3108 1829 3179 Syri
1883 3109 2067 3172 vicini,
2108 3116 2162 3161 et
2210 3105 2530 3162 Damasceni
2584 3122 2739 3161 acer-

1152 3203 1373 3258 bissime
1439 3200 1784 3256 infestarunt.
1838 3198 2033 3252 Verum
2097 3197 2204 3252 [leo
2249 3209 2520 3264 servante,
2552 3208 2605 3254 et
2634 3199 2740 3254 illis

1151 3297 1386 3364 captivis
1479 3303 1854 3356 sui-currente,
1897 3292 2021 3345 victi
2089 3302 2250 3346 sinit:
2312 3299 2503 3359 gentes
2591 3291 2736 3346 enim

1153 3396 1494 3460 superarunt.
1552 3383 1755 3440 Deinde
1814 3393 2058 3450 tempore
2110 3383 2738 3452 prOgrediente,Antio-

2832 886 2968 954 ὄρος
3000 885 3152 940 Σιὼν
3193 886 3287 940 ἐπ’
3325 887 3567 954 αὐτοὺς,
3593 888 3864 954 καὶτοὺς
3888 887 4139 957 ἐχθροὺς
4173 888 4372 943 διασκε-

2829 977 3004 1034 ἃὰσει
3031 996 3044 1010 ·
3085 981 3309 1050 Σηρίαν
3358 983 3453 1050 ἐφ’
3504 984 3684 1051 ἡλίου
3754 982 4088 1048 ἀνατολῶν,
4128 984 4216 1036 καί
4261 987 4374 1051 τοὺς

2833 1073 3145 1141 Ἕλληνας
3167 1075 3267 1144 ἀφ’
3295 1075 3477 1143 ἡλίου
3503 1075 3774 1145 δυσμᾶη·,
3817 1076 3960 1142 τοὺς
3991 1076 4374 1146 κατεσθίοντας

2831 1163 2939 1214 τὸν
2979 1162 3226 1230 Ἰσραὴλ
3249 1163 3372 1230 ὅλῳ
3414 1165 3493 1232 τῷ
3530 1168 3802 1236 στόματι.

2907 1255 3035 1306 Ὅτε
3071 1256 3297 1326 πλήττει
3335 1257 3467 1321 Θεὸς
3503 1258 3591 1312 διά
3634 1259 3836 1324 πολλάς
3875 1259 4166 1331 ἁμαρτίας,
4217 1261 4374 1326 ἐπάγει

2832 1346 2940 1408 τοῖς
2976 1347 3265 1401 πεπονθόσι
3291 1348 3388 1419 τὴν
3420 1348 3694 1420 μὼτωσιν,
3723 1351 3809 1404 ἵνα
3834 1352 4089 1420 φαίνηται
4106 1352 4187 1405 διά
4213 1353 4377 1414 παντὸς

2831 1434 3034 1505 τρόπου
3080 1437 3261 1491 καλῶν
3295 1441 3375 1504 εἰς
3411 1440 3753 1511 μετάγνωσιν
3818 1441 3908 1496 διά
3959 1459 4017 1494 τε
4071 1442 4219 1494 πόνου
4265 1442 4378 1511 φημὶ

2833 1527 2928 1580 καὶ
2961 1531 3378 1600 παρακλήσεως.
3424 1533 3676 1586 Τοιοῦτόν
3708 1551 3760 1586 τι
3789 1535 3879 1588 καὶ
3908 1533 4005 1588 νῦν
4039 1537 4145 1596 τοῖς
4186 1535 4378 1587 παθοῦσι

2834 1620 2934 1691 τὴν
2957 1620 3156 1692 δῂωσιν
3195 1625 3615 1693 ἐπαγγέλλεται.
3666 1625 3899 1698 Ἱστορία
3924 1627 3981 1680 δὲ
4017 1626 4255 1680 ἀπόδοσιν
4291 1627 4380 1696 ἔχει

2833 1710 2896 1765 τὸ
2927 1715 3305 1784 προκείμενον,
3331 1717 3398 1787 ἣν
3427 1718 3744 1786 ἀναγκαῖον,
3773 1720 3848 1783 ὡς
3873 1719 4031 1790 ἔφην,
4061 1719 4146 1773 διὰ
4176 1719 4381 1790 βραχέων

2835 1807 3028 1860 εἰπεῖν.
3059 1807 3375 1873 Τελευταῖος
3411 1812 3510 1880 μὲν
3551 1813 3657 1882 γὰρ
3706 1811 3848 1865 κατὰ
3910 1811 4089 1880 πάσης
4139 1812 4260 1880 ὁμοῦ
4305 1813 4380 1882 τῆς

2848 1905 3110 1971 Ἰουδαίας
3144 1948 3158 1971 ,
3190 1907 3284 1962 κα).
3335 1908 3434 1979 μέν
3461 1926 3546 1961 τοι
3579 1909 3674 1962 καὶ
3713 1909 3813 1978 τῆς
3858 1907 4183 1980 Σαμαρείας,
4209 1911 4234 1960 6
4262 1906 4381 1980 παρᾶ

2834 1997 2928 2051 τοῦ
2958 1999 3425 2070 Ναϐουχοδονόσορ
3459 2001 3693 2071 πόλεμος
3724 2001 3958 2070 γίνεται,
4016 2000 4110 2053 καὶ
4157 1999 4381 2069 ἀπεκομί-

2839 2092 3044 2163 σθησαν
3111 2092 3482 2162 αἰχμάλωτοι,
3553 2093 3646 2147 καὶ
3733 2093 4141 2148 δεδουλεύκασιν
4207 2092 4382 2164 ἐχθροῖς

2839 2184 3207 2255 ἐϐδομήκοντα
3228 2185 3342 2255 ἔτη.
3385 2185 3606 2256 Ἐπειδὴ
3633 2187 3690 2239 δὲ
3713 2187 4167 2259 συμπὶπέρασται
4185 2191 4280 2250 τοῖς
4300 2185 4384 2240 ἀπὸ

2838 2276 2933 2346 τῆς
2963 2277 3133 2350 ὀργῆς
3162 2281 3189 2332 6
3215 2279 3430 2351 καιρὸς,
3498 2279 3802 2352 κατηλέησε
3869 2280 4031 2334 πάλιν
4066 2282 4093 2336 6
4133 2279 4229 2334 τῶν
4275 2279 4385 2332 ὅλων

2837 2369 2991 2434 Θεὸς,
3020 2372 3113 2424 καὶ
3137 2370 3201 2443 δὴ
3225 2373 3319 2426 καὶ
3352 2373 3612 2444 ἀνεθῆναι
3639 2372 4078 2445 παρεσκεύασεν.
4116 2372 4281 2443 Κύρου
4310 2370 4381 2426 τοῦ

2838 2461 3136 2533 Καμϐύσου
3175 2465 3521 2535 νενικηκότος
3568 2465 3694 2529 τοὺς
3755 2464 4147 2529 Βαϐυλωνίους.
4208 2462 4386 2532 Ἐπειδὴ

2837 2554 3025 2627 δὲτὴν
3074 2556 3235 2626 ἁγίαν
3259 2558 3520 2626 ἀφίκοντο
3569 2557 3722 2610 πόλιν
3770 2559 3820 2612 οἱ
3855 2557 4234 2626 πεπονηκότες,
4281 2555 4383 2607 ἀνσ-

2838 2651 3095 2722 τειχίζειν
3123 2651 3312 2723 ἡθελον
3345 2651 3536 2723 αὐτὴν.
3582 2651 3691 2704 Καὶ
3725 2650 3793 2723 δὴ
3820 2652 3914 2705 καὶ
3968 2650 4284 2721 πεπράκασι,
4313 2646 4384 2699 καὶ

2839 2735 2930 2796 τὸν
2952 2741 3093 2795 θεῖον
3113 2741 3290 2795 αὐτῶν
3318 2742 3670 2813 ἀνεδείμαντο
3695 2741 3854 2795 νεών.
3905 2741 4043 2794 Ἀλλ’
4065 2739 4205 2792 οὐδὲν
4235 2731 4384 2806 ἦττον,

2842 2834 3021 2889 καίτοι
3071 2831 3311 2886 τοσαῦτα
3367 2832 3684 2899 πεπονθόσι,
3745 2831 3840 2886 καὶ
3881 2831 3982 2896 τὰς
4034 2832 4138 2885 τῶν
4185 2828 4385 2902 ἀρχαίων

2842 2925 3331 2998 πλημμελημάτων
3385 2925 3692 2978 ἐκτετικόσι
3753 2923 3930 2987 δίκας,
3981 2923 4263 2991 ἐπεφύοντο
4304 2917 4386 2969 πά-

2840 3019 2924 3074 λιν
2954 3021 3019 3073 ὲκ
3048 3016 3348 3088 βασκανίας
3389 3016 3459 3069 τά
3503 3016 3758 3086 περίοικα
3807 3014 3918 3068 τῶν
3980 3012 4162 3067 ἐθνῶν.
4215 3010 4279 3063 Οὐ
4305 3008 4388 3078 γὰρ

2841 3109 3032 3182 ἤθελον
3097 3108 3314 3179 ἰσχῦσαι
3340 3107 3440 3177 τὴν
3493 3106 3871 3178 Ἰερουσαλήμ.
3920 3104 4173 3160 Μάλιστα
4221 3101 4270 3154 δὲ
4306 3099 4388 3152 τῶν

2842 3201 3018 3256 ἄλλων
3052 3201 3306 3256 ἁπάντων
3338 3200 3620 3254 ἐπέκειντο
3645 3200 3858 3270 δριμεῖς
3887 3200 3940 3252 οἱ
3967 3199 4072 3253 άπὸ
4102 3197 4197 3267 τῆς
4228 3195 4389 3264 Συρίας

2840 3294 2940 3364 τῆς
2977 3293 3215 3362 γείτονος
3264 3293 3358 3345 καὶ
3408 3293 3506 3363 τῆς
3566 3287 3881 3360 Δαμασκοῦ.
3946 3289 4092 3360 Πλὴν
4134 3289 4386 3351 νενίκηντο.

2841 3385 2976 3439 Θεοῦ
3061 3383 3323 3449 σώζοντός
3375 3401 3435 3436 τε
3491 3383 3583 3435 καὶ
3629 3382 4008 3454 ἐπαμύνοντος
4061 3385 4169 3444 τοῖς
4218 3381 4273 3431 ἐκ
4314 3377 4390 3436 τῆς

1154 3483 1310 3547 chus,
1338 3480 1421 3535 cui
1473 3494 1772 3550 cognomen
1828 3487 1945 3532 erat
1997 3477 2323 3545 Epiphanes,
2369 3493 2591 3547 regnum
2661 3487 2738 3531 te-
2767 3501 2809 3557 ο
2843 3474 3027 3548 αἰχμαῖ

2519 3493 2591 3530 nn
2661 3487 2738 3531 te-
2767 3501 2809 3557 ο
2843 3474 3240 3548 αἰχμαλωσίας.
3273 3475 3668 3545 Κεκρατήκασι
3719 3475 3828 3545 γάρ
3873 3475 3988 3528 τῶν
4031 3471 4248 3544 ἐχθρῶν.
4285 3463 4389 3521 Εἶτα

1154 3588 1290 3626 nens
1341 3569 1504 3632 Asiae,
1533 3568 1773 3623 oliensus
1815 3581 1896 3623 cst
1929 3571 1981 3625 in
2020 3586 2164 3632 eum,
2201 3571 2288 3637 qui
2327 3579 2436 3623 tum
2477 3571 2735 3638 temporis

1151 3661 1487 3734 Egyptiacm
1539 3671 1696 3715 terra:
1743 3675 1964 3728 regnum
2017 3663 2314 3729 occupabat
2361 3657 2732 3722 Ptoletmunm,

1155 3755 1453 3826 proelioque
1536 3752 1827 3807 confmisso
1887 3753 2058 3807 victus
2140 3763 2244 3816 est,
2289 3756 2484 3824 vixque
2557 3751 2736 3804 salvus

1151 3843 1361 3914 ellugit.
1416 3842 1493 3898 Ne
1527 3859 1654 3897 vero
1676 3844 1896 3897 omnino
1939 3860 1995 3898 re
2025 3843 2224 3899 infecta
2256 3845 2476 3898 domum
2509 3843 2733 3906 rediret,

1152 3937 1300 3993 nullo
1369 3938 1572 4007 potitus
1641 3935 1883 3988 victoria:
1972 3945 2344 3997 monumento,
2389 3933 2532 3988 bello
2587 3933 2735 3986 illato

1151 4029 1351 4086 Judaea:
1377 4027 1744 4098 Hierosolyma
1787 4027 2095 4096 occupavit,
2131 4037 2185 4080 et
2215 4032 2314 4079 sub
2348 4041 2591 4088 tnanum_
2614 4025 2736 4076 diti-

1151 4126 1420 4186 onem’que
1449 4117 1910 4186 redigens,omnia
1961 4131 2089 4169 vasa
2138 4131 2293 4169 sacra
2339 4115 2600 4182 diripiens
2631 4111 2735 4182 Ly-

1153 4209 1290 4263 siam
1320 4205 1610 4276 quemdam
1656 4207 1845 4259 ducem
1871 4204 2070 4259 ludat-:1:
2125 4206 2470 4273 pt-zei'ecit,ac
2513 4206 2738 4275 praefec-

1155 4308 1333 4352 turam
1349 4297 1396 4351 ei
1422 4297 1673 4350 tuendam
1690 4310 1752 4350 ac
1769 4297 2196 4350 conservandam
2225 4296 2732 4350 demandavit.’l‘um

1152 4390 1443 4453 Antiocho,
1461 4405 1622 4460 quem
1655 4389 2180 4454 commemoravin
2213 4405 2370 4443 suum
2393 4404 2614 4459 regnum
2646 4406 2735 4444 re-

1152 4483 1546 4550 verso,bellum
1577 4493 1828 4555 gerentes
1874 4481 2040 4538 Judaei
2071 4497 2191 4537 cum
2246 4481 2405 4554 Lysia
2456 4481 2733 4552 prtefectn,

1153 4578 1500 4648 subegerunt.
1517 4577 1635 4644 Quo
1661 4575 1898 4646 cognito,
1919 4575 2218 4629 Antiochus
2243 4589 2354 4644 prae
2377 4575 2562 4631 dolore
2578 4576 2732 4631 obiit.

1153 4669 1428 4724 Promittit
1468 4669 1653 4738 itaque
1692 4666 1952 4721 auxiliqu
1997 4666 2364 4721 universitatis
2407 4667 2543 4720 Deus
2569 4683 2598 4718 a
2629 4664 2735 4718 Νι-

1153 4760 1602 4816 bncbodonosoro
1632 4759 1851 4830 quidem
1879 4757 2528 4828 subactis,captivitatem
2555 4767 2732 4811 tamen

2839 3571 3031 3642 χρόνου
3083 3567 3375 3638 προίόντος,
3439 3566 3711 3638 ⁹Αντίοχος
3770 3568 3798 3619 ὀ
3838 3566 4072 3638 ἐπίκλην
4136 3560 4390 3631 Ἐπιφανὴς

2840 3661 3140 3733 βασιλεύων
3167 3659 3268 3729 τῆς
3316 3658 3521 3722 Ἀσίας,
3555 3658 3857 3730 λελύπηται
3898 3659 4000 3729 μὲν
4039 3657 4167 3730 πρὸς
4205 3658 4284 3708 τὸν
4312 3651 4389 3721 βα-

2839 3755 3119 3810 σιλεύοντα
3141 3753 3203 3807 τὸ
3245 3752 3498 3824 τηνικάδε
3554 3752 3655 3822 τῆς
3710 3753 4029 3820 Αἰγυπτίων
4089 3752 4186 3822 γῆς
4230 3744 4390 3802 Πτολε-

2841 3849 2998 3917 μαῖον
3023 3859 3036 3873 ⁸
3111 3846 3489 3917 συγκροτήσας
3553 3844 3607 3897 δὲ
3678 3844 3934 3914 πόλεμον,
4001 3843 4239 3913 νενίκητο
4293 3837 4386 3910 μὲν,

2835 3937 3124 4001 διεσώζετο
3151 3937 3206 3991 δὲ
3242 3938 3416 4009 μόλις.
3446 3938 3566 3991 Ἵνα
3609 3938 3667 3991 δὲ
3719 3936 3794 4009 μὴ
3842 3938 4126 4008 ἄπρακτος
4152 3933 4390 3992 παντελως

2837 4029 3036 4102 δράμοι
3101 4031 3305 4094 οἴκαδε,
3363 4031 3514 4084 οὐδὲν
3567 4030 3706 4100 ἔχων
3745 4031 3848 4102 τῆς
3898 4033 4058 4104 νίκης
4107 4031 4389 4100 ὑπόμνημα.

2839 4119 3271 4192 κατεστράτευσε
3302 4120 3401 4190 τῆς
3451 4120 3733 4187 Ἰουδαίας,
3791 4115 3903 4174 εἷλε
3936 4123 4009 4176 τὰ
4055 4119 4387 4192 Ἰεροσόλυμα.

2839 4212 2935 4264 καὶ
2985 4212 3092 4264 ὑπὸ
3135 4215 3293 4284 χεῖρα
3313 4211 3493 4266 λαϐὼν
3523 4213 3702 4266 πάντα
3725 4213 3795 4268 τά
3825 4213 3994 4285 σκεύη
4027 4215 4094 4268 τὰ
4119 4213 4242 4283 ἅγια
4262 4213 4387 4278 διαρ-

2839 4305 3042 4369 πάσας,
3073 4305 3277 4358 Λυσίαν
3304 4303 3428 4358 τινὰ
3458 4305 3762 4376 στρατηγὸν
3795 4306 4038 4377 ἐνίδρυσε
4067 4309 4134 4378 τῇΔ
4177 4302 4393 4370 Ἰουδαίᾳ,

2838 4398 3027 4466 τηρεῖν
3079 4395 3340 4461 ἐπιτάξας
3403 4396 3555 4467 αὐτῷ
3614 4396 3714 4468 τὴν
3763 4397 3961 4468 ἀρχήν.
4042 4396 4258 4467 Ἐπειδὴ
4298 4392 4390 4446 δὲὸ

2843 4486 3243 4558 μνημονευθεὶς
3315 4488 3606 4560 Ἀντίοχος,
3641 4491 3721 4553 είς
3757 4489 3859 4561 τὴν
3891 4491 4086 4544 ἑαυτοῦ
4119 4487 4388 4560 δεδράμηκε

2841 4578 3162 4649 βασιλείαν,
3207 4579 3656 4653 πεπολεμήκασιν
3704 4581 3754 4634 οἱ
3826 4582 4072 4637 Ἰουδαῖοι
4122 4580 4282 4650 Λυσίᾳ
4326 4575 4390 4644 τῷ

2839 4671 3151 4743 στρατηγῷ,
3213 4674 3307 4727 καὶ
3365 4677 3700 4747 νενικήκασι.
3765 4675 3952 4730 Ταῦτα
4009 4678 4073 4748 δὴ
4163 4671 4390 4747 μαθὼνὸ

2851 4763 3120 4836 Ἀντίοχος
3163 4767 3230 4818 ὲκ
3285 4765 3462 4837 λύπης
3507 4768 3754 4839 τελευτᾷ.
3827 4769 4194 4840 Ὕπισχνεῐται
4239 4765 4389 4821 τοίνυν

1156 4851 1283 4904 licet
1337 4865 1478 4917 aegre
1533 4849 1941 4917 eﬂ'ugientibus,
1978 4859 2035 4902 et
2061 4848 2136 4901 ait
2170 4866 2183 4900 :
2224 4866 2242 4898 ι
2276 4846 2342 4900 Ει
2377 4845 2563 4900 al-lidet
2594 4847 2731 4901 Deus
2764 4845 2807 4899 D
2835 4854 2933 4926 τὴν
2963 4856 3029 4908 ἐπ

2516 4856 2563 4900 et
2594 4847 2731 4901 Deus
2764 4845 2807 4899 D
2835 4854 2933 4926 τὴν
2963 4856 3284 4928 ἐπικουρίαν
3315 4859 3343 4911 6
3376 4859 3483 4912 τῶν
3516 4859 3652 4912 ὅλων
3681 4859 3814 4924 Θεὸς
3837 4865 3952 4924 τοῖς
3985 4857 4389 4934 πεπορθημένας

1154 4943 1499 5010 insurgentes
1520 4949 1708 4995 contra
1733 4950 1970 4996 montem
1993 4938 2143 4993 Siott.
2171 4958 2189 4992 ι
2209 4938 2424 5004 Audin',
2448 4954 2553 5008 quo
2577 4949 2733 5008 pacto

1153 5035 1318 5085 etiam
1375 5033 1466 5102 qui
1527 5036 1781 5101 percutit,
1813 5033 2007 5087 sanat?
2045 5034 2134 5100 qui
2191 5041 2318 5086 sunt
2358 5046 2487 5101 ergo
2551 5032 2732 5084 insur-

1153 5123 1393 5193 gentes?
1431 5125 1586 5195 Syria
1655 5142 1684 5179 a
1725 5126 1856 5181 solis
1901 5133 2124 5188 ortu,et
2152 5121 2326 5178 Grzeci
2364 5137 2394 5176 a
2426 5123 2553 5178 solis
2577 5139 2733 5178 occa-

1152 5230 1237 5270 su.
1283 5214 1506 5270 Graecus
1564 5218 1708 5272 enim
1783 5231 1982 5288 genere
2031 5224 2151 5270 erat
2209 5215 2528 5280 Antiochus,
2560 5216 2652 5284 qui
2702 5229 2733 5269 e

1149 5307 1466 5363 Macedonia
1494 5323 1766 5379 eruperat.
1799 5309 1874 5364 Ea
1895 5325 2024 5364 vero
2049 5319 2133 5366 est
2164 5310 2229 5362 ad
2258 5323 2507 5364 occasum
2536 5325 2551 5359 :
2583 5308 2734 5379 quip-

1145 5415 1219 5469 pe
1285 5417 1414 5473 pars
1480 5402 1779 5458 occidentis
1831 5414 1916 5460 est
1963 5403 2319 5460 Macedonqu
2385 5401 2552 5472 regio,
2616 5417 2732 5456 ma-

1138 5493 1301 5550 xime
1327 5494 1547 5563 quando
1598 5493 1761 5548 veluti
1803 5509 1902 5564 per
1947 5494 2408 5564 comparationem
2452 5493 2629 5564 quoad
2655 5494 2730 5548 si-

1137 5589 1265 5639 tum
1331 5587 1398 5642 de
1465 5584 1672 5641 Graecis
1726 5585 2064 5657 intelligitur.
2135 5583 2259 5656 Syri
2325 5595 2505 5640 autem
2553 5587 2607 5641 hi
2675 5595 2731 5640 et

1127 5667 1500 5734 Damasceni.
1538 5677 1803 5746 Quoniam
1843 5689 2024 5732 autem
2078 5677 2146 5732 de
2200 5676 2406 5734 Graecis
2453 5677 2549 5743 ait,
2568 5678 2732 5733 devo-

1119 5772 1340 5828 rantes
1395 5769 1648 5828 lsraclem
1708 5779 1822 5830 toto
1863 5785 1984 5837 ore,
2037 5769 2344 5839 sciendum,
2392 5769 2714 5829 Antiochum

2840 4948 2946 5002 ὑπὸ
2973 4949 3066 5002 τοῦ
3108 4951 3600 5024 Ναϐουχοδονόσορ,
3653 4953 3978 5023 διαφυγοῦσι
4011 4957 4069 5010 δὲ
4123 4955 4268 5026 μόλις
4308 4949 4389 5017 τὴν

2839 5042 3211 5114 αἰχμαλωσίαν
3227 5045 3408 5116 φησίν·
3435 5064 3453 5096 ι
3473 5045 3583 5100 Καὶ
3601 5045 3753 5119 page;
3778 5049 3806 5101 6
3825 5047 3957 5112 θεὸς
3987 5050 4111 5112 τοὺς
4131 5050 4389 5100 ἐπανιστα-

2843 5135 3036 5206 μένους
3071 5136 3158 5188 ἐπ*
3186 5137 3312 5207 ὅρος
3344 5135 3481 5192 Σιὼν
3513 5139 3601 5190 ἐπ’
3628 5139 3847 5202 αὐτούς.
3873 5159 3892 5194 ι
3939 5141 4177 5206 Ἀκούεις
4207 5143 4341 5199 ὅπως
4366 5135 4388 5186 ὁ

2841 5225 3050 5297 πλήξας
3095 5228 3188 5280 καὶ
3239 5231 3436 5298 μωτοῖ;
3509 5230 3652 5295 τίνες
3711 5225 3808 5285 οὖν
3851 5235 3902 5286 oi
3959 5231 4386 5300 ἐπανιστάμενοις

2837 5318 3006 5390 Συρία
3044 5319 3136 5389 ἀφ’
3161 5320 3307 5391 ἡλίου
3342 5322 3637 5389 ἀνατολῶν,
3680 5327 3774 5380 καὶ
3801 5327 3850 5379 οἱ
3879 5327 4138 5399 Ἕλληνες
4153 5324 4241 5393 ἀφ’
4263 5321 4386 5394 ἡλίου

2837 5411 3077 5483 δυσμῶν.
3121 5413 3323 5486 Ἕλλην
3347 5414 3456 5486 γάρ
3487 5411 3557 5487 ἦν
3583 5416 3645 5470 τὸ
3671 5418 3830 5486 γένος
3872 5420 3901 5471 6
3967 5421 4246 5491 Ἀντίοχος,
4287 5417 4312 5468 6
4335 5414 4390 5464 ἔκ

2837 5499 3179 5565 Μακεδονίας
3235 5502 3574 5574 ὁρμώμενος.
3646 5506 3789 5578 Πρὸς
3863 5508 4102 5581 δυσμαῖς·
4154 5508 4215 5562 at,
4248 5503 4387 5570 αὕτη.

2832 5590 3016 5662 Μέρος
3046 5590 3154 5664 γὰρ
3185 5592 3286 5663 τῆς
3340 5593 3614 5668 Ἐσπὲρας
3644 5600 3678 5670 ή
3717 5599 3825 5654 τῶν
3878 5602 4197 5657 Μακεδόνων
4237 5595 4386 5674 χώραν

2840 5683 3056 5752 μάλισθ’
3074 5685 3202 5738 ὅταν
3233 5687 3309 5750 ὡς
3331 5688 3464 5759 πρὸς
3495 5691 3782 5763 σύγκρισιν
3810 5691 4216 5759 νοεῖται,οκατά
4228 5707 4284 5760 γε
4307 5687 4390 5754 τὴν

2824 5774 2994 5845 θέσιν,
3029 5776 3137 5832 τῶν
3185 5779 3279 5849 ἀφ’
3311 5781 3464 5850 ἡλίου
3503 5785 3802 5842 ἀνατολῶν.
3849 5787 4012 5861 Σύροι
4052 5789 4108 5844 δὲ
4138 5779 4274 5841 οὗτοι
4309 5776 4387 5835 καὶ
