4134 6560
672 445 776 502 ειη

1657 447 1714 503 S.
1757 448 2026 504 CYRILLI
2063 444 2531 502 ALEXANDRIM
2568 444 2892 504 'ARCHIEP.

3818 451 3919 509 268

678 564 835 636 163
889 563 1021 619 Cum
1082 562 1242 617 etiam
1300 579 1396 635 per
1453 578 1665 620 omnem
1720 576 1984 621 terrarum
2053 566 2234 620 orbem

2343 564 2453 617 τῶν
2501 565 2742 635 ἀρχαίων
2791 565 3017 619 ἐκείνοιν
3063 561 3401 636 πλημμελῶν
3435 566 3919 639 ἀποφοιτῆσαντες,

672 659 894 715 emicuit
933 656 1183 711 Christus
1212 656 1501 725 '(apparuit
1541 658 1681 711 enim
1715 658 1873 712 nobis
1898 657 2043 711 Dcus’
2068 658 2247 711 Domi-

675 766 792 815 nus,
821 750 974 820 juxta
1007 747 1294 803 Psalleutis
1330 764 1511 803 vocem
1538 748 1634 819 ν’),
1666 748 2070 804 elircnatiouem
2096 764 2246 803 suam

677 840 1034 903 retinuerunt,
1082 847 1137 893 et
1167 838 1411 910 quaa'fas
1458 852 1563 893 non
1605 848 1743 905 erat,
1793 849 2094 909 patrarunt,
2150 854 2250 894 nec

650 932 893 985 verbum
951 930 1067 996 ejus
1106 938 1440 999 receperunt,
1483 929 1783 984 nec‘lidcm
1831 929 2131 985 coluerunt.
2179 929 2248 983 At

672 1021 795 1089 quid
821 1022 934 1075 lucc
963 1020 1120 1074 dico?
1147 1019 1320 1089 impie
1360 1020 1687 1074 contumelia
1723 1018 2036 1084 affecerunt,
2086 1028 2140 1075 et
2185 1035 2248 1075 eo

673 1112 968 1182 impietatis
1000 1116 1353 1174 devenerunt,
1376 1122 1431 1164 ut
1460 1122 1514 1166 et
1539 1112 1684 1165 cruci
1726 1113 2017 1177 traderent,
2054 1121 2107 1167 et
2152 1113 2249 1167 lio-

672 1206 869 1260 minctn
901 1221 1022 1257 Clllll
1072 1213 1341 1269 sanctum,
1373 1213 1484 1257 tum
1516 1202 1741 1273 justum.
1776 1212 2057 1272 negarent,
2099 1218 2245 1257 mor-

672 1307 886 1363 temque
914 1296 1035 1347 vitae
1071 1294 1300 1363 principi
1348 1294 1809 1357 inacliinareutur,
1837 1293 2057 1362 impium
2087 1291 2245 1361 justi-

674 1386 875 1452 iicanti,
912 1399 965 1441 et
996 1387 1098 1441 hac
1133 1388 1197 1440 de
1228 1401 1389 1440 causa
1421 1386 1687 1439 universa}
1735 1394 1892 1438 terrae
1947 1384 2137 1439 'mcoiis
2176 1385 2247 1438 il-

670 1479 984 1544 luceSccuti,
1024 1486 1080 1531 ut
1111 1486 1333 1531 mortem
1356 1478 1619 1543 aboleret,
1645 1486 1697 1529 et
1728 1474 1938 1545 peccati
1974 1474 2242 1540 aculeum,

670 1570 914 1625 hebetem
945 1582 998 1623 et
1034 1570 1358 1623 inefﬁcacem
1387 1564 1939 1622 eﬂiccret."0mnilnts
1986 1565 2135 1621 hisce
2179 1566 2246 1620 de

665 1663 849 1717 causis
883 1677 1071 1715 manus
1104 1661 1345 1714 ferientis
1377 1660 1576 1713 mansit
1604 1657 1837 1724 excelsa,
1871 1654 2109 1711 et'furor
2139 1671 2243 1710 non

656 1765 747 1809 cst
774 1768 1021 1808 aversus.
1060 1752 1298 1822 Expositi
1326 1753 1467 1805 cnim
1512 1760 1637 1805 sunt
1681 1750 1995 1813 vastationi,
2028 1745 2245 1817 ‘Vespa-

665 1846 816 1899 siauo
858 1856 911 1899 ct
955 1844 1078 1898 Tito
1123 1861 1242 1897 cum
1285 1845 1391 1898 illis
1431 1842 1895 1911 belligeranlibus,
1942 1848 2245 1908 cunctaque

2350 653 2487 708 ἀλλὰ
2532 657 2641 726 γὰρ
2679 658 2928 721 ἐκτόπως
2973 658 3069 711 καὶ
3123 657 3455 727 παρανόμως
3502 658 3918 728 πολιτευόμενοι,

2350 746 2448 799 καὶ
2500 747 2620 801 λίαν
2649 749 3032 820 ἠμελημένως.
3080 749 3298 819 Ἐπειδὴ
3351 748 3407 801 δὲ
3445 751 3559 812 τοῖς
3600 750 3705 803 ἀνὰ
3748 752 3922 806 πᾶσαν

2348 836 2445 907 τὴν
2480 838 2571 889 ὑπ’
2606 838 2836 909 οὐρανὸν
2886 837 3203 907 ἐπέλαμψεν
3248 839 3276 889 ό
3329 839 3582 908 Χριστός.
3655 841 3921 909 Ἐπέφανε

2348 925 2457 995 γὰρ
2502 927 2633 994 ἡμῖν
2674 926 2827 990 Θεὸς,
2880 925 3020 979 κατὰ
3058 926 3158 994 τὴν
3212 925 3304 978 τοῦ
3363 927 3658 996 ψάλλοντος
3707 931 3920 1001 φωνήν·

2347 1017 2681 1085 τετηρήκασι
2714 1016 2775 1068 τὸ
2804 1015 3033 1089 ἐξήνιον,
3066 1018 3161 1070 καὶ
3202 1016 3524 1088 δεδράκασιν
3557 1019 3593 1073 ἃ.
3624 1021 3700 1091 μὴ
3747 1020 3921 1089 θέμις,

2347 1107 2408 1158 ού
2456 1108 2864 1178 προσηκάμενοι
2914 1110 3004 1164 τὸν
3043 1111 3175 1181 παρ’
3207 1110 3373 1164 αὑτοῦ
3424 1110 3599 1178 λόγον,
3632 1112 3695 1164 οὐ
3746 1111 3922 1164 πίστει

2346 1194 2700 1263 τιμήσαντες.
2752 1198 2867 1250 Ka‘t
2927 1199 2980 1251 τί
3024 1199 3200 1252 ταῦτα
3248 1199 3425 1267 λέγω;
3474 1200 3922 1271 Περιυόρίζοντες

2336 1286 2595 1353 ⁴ἀνοσίως,
2647 1290 2934 1344 καθίκοντο
2983 1291 3040 1345 δὲ
3092 1291 3410 1356 δυσσεόείας
3464 1293 3543 1357 είς
3600 1291 3778 1357 τοῦτο,
3834 1294 3925 1347 καὶ

2346 1379 2693 1451 ἀνοσιότητος
2720 1382 2956 1453 τρὸπων,
2989 1382 3129 1436 ὥστε
3170 1386 3271 1437 καὶ
3301 1383 3521 1456 σταυρῷ
3566 1384 3921 1454 παραδοῦναι,

2345 1469 2441 1522 καὶ
2467 1470 2559 1523 τὸν
2608 1471 2762 1540 ἆγιον
2807 1473 2903 1525 καὶ
2928 1473 3161 1527 δίκαιον
3190 1474 3551 1545 ἀρνήσασθαι,
3582 1476 3677 1527 καὶ
3699 1473 3924 1544 εθανάτῳ

2344 1560 2638 1631 πειρᾶσθαι
2690 1562 3005 1634 περιϐαλεῖν
3046 1564 3147 1617 ίτὸν
3193 1564 3436 1635 ἀρχηγὸν
3478 1565 3579 1636 τῆς
3619 1565 3788 1635 ζωῆς,
3837 1564 3924 1617 τὸν

2345 1651 2659 1707 δικαιοῦντα
2687 1655 2779 1708 τὸν
2795 1655 2981 1726 -ὰσεϐἧ
3002 1672 3016 1687 υ
3064 1656 3158 1710 καὶ
3184 1656 3388 1728 ταύτης
3428 1656 3590 1711 ἕνεκα
3611 1659 3713 1726 τῆς
3739 1654 3925 1718 αἰτίας

2336 1740 2725 1811 ἐπιλάμψαντα
2771 1745 2885 1806 τοῖς
2914 1744 3038 1799 κάνὰ
3078 1747 3259 1800 πᾶσαν
3309 1746 3408 1816 τὴν
3433 1749 3563 1817 γῆν,
3602 1746 3688 1798 ἵνα
3711 1761 3925 1815 καταρ-

2347 1832 2490 1903 γήσῃ
2524 1832 2770 1897 θάνατον,
2810 1834 2907 1887 καὶ
2952 1835 3183 1907 ἀδρανὲς
3211 1838 3470 1908 ἀποφήνῃ
3507 1837 3605 1907 τῆς
3651 1836 3925 1907 ἁμαρτίας

665 1934 1033 1989 Romanorum
1064 1951 1246 1998 manu,
1296 1935 1509 2002 quando
1544 1942 1596 1986 et
1625 1932 1863 1986 funditus
1907 1930 2090 1985 miseri
2123 1946 2234 2000 per-

2340 1924 2400 1977 τὺ
2435 1924 2678 1996 κέντρον.
2729 1925 2947 1981 Τούτων
2995 1927 3157 1983 ἕνεκα
3186 1929 3403 1984 πάντων
3445 1931 3479 2000 ἠ
3528 1927 3623 1981 τοῦ
3669 1929 3923 1992 παίοντος

666 2029 867 2091 ierunt,
927 2028 1080 2095 juxta
1138 2026 1445 2081 Servatoris
1493 2038 1701 2086 vocem,
1740 2024 1958 2076 incensa
2001 2020 2238 2089 regione,

646 2121 925 2174 convulso
956 2117 1322 2189 ipsotemplo,
1356 2117 1681 2184 omninoque
1702 2121 2009 2178 corruente,
2036 2111 2242 2180 utlapis

667 2210 827 2278 lapidi
891 2209 1173 2276 impositus
1232 2222 1338 2261 non
1403 2203 1827 2273 conspiceretur.
1907 2200 2242 2256 Connivente

669 2300 832 2369 igitur
868 2301 932 2352 ad
964 2306 1147 2351 nostra
1180 2296 1371 2350 delicta
1405 2292 1909 2358 misericorde‘Dco,
1950 2292 2243 2360 incogitan-

668 2400 747 2445 tes
778 2404 898 2444 esse
934 2389 1156 2442 omnino
1186 2386 1561 2456 gravissimum
1593 2393 1698 2449 est,
1734 2384 2095 2451 omnibusque
2127 2396 2243 2437 mo-

666 2482 749 2535 dis
778 2482 1068 2535 couveuire
1096 2480 1237 2544 dico,
1268 2488 1324 2534 ut
1366 2477 1626 2531 oﬂ‘ensum
1665 2476 1956 2545 placemus.
1998 2474 2110 2528 Etsi
2147 2474 2241 2528 de-

659 2572 970 2642 linquentes
1011 2572 1252 2627 cumulat
1288 2569 1585 2634 lieneﬁciis,
1628 2582 1691 2623 ac
1727 2567 2098 2622 inobe‘dicntes
2124 2581 2241 2636 'pro

650 2680 761 2719 sua
787 2663 1073 2718 clementia
1098 2672 1408 2717 conservat.
1440 2660 1519 2715 Ne
1544 2661 1614 2714 sit
1646 2659 1808 2728 igitur
1841 2659 1892 2712 iu
1932 2658 2084 2712 nobis
2124 2659 2241 2711 ani-

660 2773 787 2812 mus
813 2754 1140 2810 obstinatior
1172 2768 1269 2808 nec
1297 2754 1361 2806 ad
1387 2751 1666 2807 sentienda
1710 2750 1824 2819 ejus
1868 2752 2005 2805 dona
2032 2752 2237 2814 tardus,

662 2845 758 2898 sed
791 2858 886 2912 per
909 2859 969 2898 ea
994 2844 1189 2913 quibus
1236 2841 1384 2896 novit
1426 2842 1589 2895 etiam
1639 2840 1910 2909 improbos
1964 2840 2239 2895 beneﬁciis

654 2933 897 2999 'aﬂicere,
929 2950 1026 3003 per
1051 2935 1165 2989 lucc
1202 2934 1316 3003 ipsa
1364 2947 1464 2989 nos
1510 2934 1577 2989 ad
1620 2933 1948 3003 agnitionem
1992 2931 2237 2999 benigni-

650 3028 793 3082 tatis
844 3027 961 3095 eius
1003 3026 1398 3096 pervenientes,
1458 3026 1524 3080 de
1562 3025 1852 3094 praeteritis
1907 3024 2239 3094 pmuitudine

652 3121 950 3183 'ducamur,
989 3127 1337 3187 nostramque
1372 3116 1713 3171 voluntatem
1770 3116 1836 3168 ad
1894 3115 2235 3168 seriiendum

647 3211 736 3272 δεῖ,
763 3220 816 3263 ct
840 3210 907 3264 ad
928 3209 1255 3279 probitatem
1287 3223 1496 3263 morum
1532 3206 1960 3277 amplectendam
2004 3219 2236 3259 conver-

649 3309 857 3352 'liIlIlUSo

2349 2014 2469 2084 χεὶρ
2524 2015 2946 2086 ἀπομεμένηκεν
2997 2017 3194 2088 ὑψηλὴ,
3249 2018 3341 2071 καὶ
3395 2020 3425 2072 ὁ
3469 2017 3638 2088 θυμὸς
3679 2018 3780 2070 οὐκ
3824 2018 3921 2071 ἀπ-

2349 2106 2615 2176 εστράφη.
2668 2106 2913 2161 Δέδονται
2948 2108 3058 2180 γὰρ
3104 2109 3163 2171 ἐς
3209 2110 3510 2179 ἐρήμωσιν,
3544 2108 3922 2180 πολεμούντων

2347 2196 2529 2261 αὐτοῖς
2555 2199 2961 2253 Οὐεσπασιανοῦ
2990 2199 3180 2253 τεκαὶ
3224 2200 3407 2265 Τίτου,
3454 2199 3549 2253 καὶ
3596 2200 3820 2269 ἁπάσης
3868 2199 3923 2251 δὲ

2346 2287 2447 2356 τῆς
2496 2288 2783 2359 Ῥωμαίων
2831 2290 3031 2361 χειρὸς,
3088 2291 3178 2344 ὅτε
3206 2290 3326 2344 ίκαὶ
3380 2290 3550 2362 ἄρδην
3599 2292 3649 2343 οἱ
3697 2290 3924 2353 τάλανες

2335 2378 2715 2443 ἀπολώλασιν,
2746 2380 3285 2452 ςκατεμπρησθείοης
3336 2382 3518 2445 αὐτοῖς
3565 2382 3669 2452 τῆς
3716 2381 3922 2452 χώρας.

2348 2471 2838 2540 κατασεσεισμένου
2868 2472 2924 2525 δὲ
2952 2470 3115 2527 αὑτοῦ
3143 2473 3237 2527 τοῦ
3266 2472 3419 2538 ναοῦ,
3450 2473 3543 2526 καὶ
3570 2474 3924 2536 πεπτωκότος

2333 2561 2425 2621 ei;
2457 2560 2801 2623 Emamvdiots
2834 2560 2980 2614 λίθον
3013 2561 3106 2614 ἐπὶ
3127 2561 3257 2633 λίθῳ
3285 2561 3359 2634 μὴ
3384 2562 3614 2633 ὁρᾶσθαι
3645 2562 3921 2632 κείμενον,

2331 2652 2487 2705 *κατὰ
2516 2652 2614 2722 τὴν
2642 2652 2735 2705 τοῦ
2777 2654 3030 2725 Σωτῆρος
3059 2656 3260 2726 φωνήν.
3307 2653 3786 2722 Ἀνεξικακοῦντος
3816 2653 3923 2707 τοί-

2345 2760 2438 2797 νυν
2490 2744 2582 2796 ἐπὶ
2612 2746 2723 2808 τοῖς
2758 2744 2918 2815 ἡμῶν
2954 2746 3259 2818 πταίσμασι
3307 2746 3404 2800 τοῦ
3446 2746 3921 2817 φιλοικτείρμονος

2345 2833 2480 2886 Θεοῦ
2531 2835 2591 2887 τὸ
2635 2837 2980 2891 ἀπονοείσθαι
3034 2837 3405 2909 παγχάλεπον,
3461 2839 3656 2911 χρῆναι
3690 2838 3750 2891 δέ
3785 2855 3922 2907 φημι

2323 2925 2430 2979 -διὰ
2478 2926 2858 2998 παντδςήμᾶς
2888 2929 3329 2999 ἐκμειλίσσεσθαι
3357 2929 3561 3001 τρόπου
3607 2929 3921 2999 λελυπημέ-

2343 3034 2456 3073 νον.
2508 3018 2618 3072 Καὶ
2669 3022 2744 3091 μὴ
2779 3021 3233 3092 πλημμελοῦντας
3277 3024 3592 3094 εὐεργετείο
3652 3014 3824 3087 σώζει
3867 3023 3921 3076 δὲ

2344 3109 2588 3163 ἀπειθεῖν
2627 3111 2929 3182 ᾑρημένους
2954 3112 3041 3167 διὰ
3062 3112 3159 3185 τὴν
3186 3113 3332 3185 αὐτῷ
3360 3113 3676 3186 πρέπουσαν
3723 3114 3922 3185 ἡμερό-

2341 3219 2499 3273 τητα.
2527 3203 2731 3272 Μηδεὶς
2775 3200 2871 3258 οὖν
2900 3204 3038 3259 ἔστω
3080 3206 3313 3278 σκληρὸς
3353 3208 3411 3261 ἐν
3460 3208 3612 3277 ἡμῖν,
3644 3206 3785 3277 μήτε
3818 3206 3921 3277 μὴν

2259 3290 2301 3344 C
2338 3293 2534 3363 βραδὺς
2564 3295 2644 3356 είς
2693 3294 2945 3365 αἴσθησιν
2987 3297 3096 3351 τῶν
3141 3299 3273 3369 παρ’
3320 3297 3482 3352 αὐτοῦ
3535 3296 3919 3368 χαρισμάτων,

663 3388 833 3441 "am
860 3388 927 3442 δι’
956 3379 1031 3442 ὧν
1055 3387 1196 3456 ἔγνω
1225 3388 1319 3441 καὶ
1343 3387 1442 3441 οὐκ
1465 3386 1621 3450 ὄντας
1642 3386 1881 3456 ἀγαθοὺς
1903 3387 2231 3458 εὐεργετεῖν,
2270 3387 2360 3439 διὰ
2424 3386 2627 3439 τούτων
2659 3387 2857 3453 αὐτῶν,
2906 3390 2967 3453 ἐς
3006 3391 3301 3459 ἐπίγνωσιν
3340 3391 3438 3462 τῆς
3478 3390 3703 3461 ἐνούσης
3773 3388 3921 3459 αὐτῷ

644 3481 1067 3552 ’φιλανθρωπίας
1120 3480 1425 3551 ἐρχόμενοι,
1496 3479 1991 3551 μεταγινώσκωμεν
2040 3480 2131 3533 ἐπὶ
2172 3482 2285 3542 τοῖς
2336 3479 2712 3549 παρῳχηκόσι.
2767 3482 3246 3554 Μεταπλὰττωμεν
3280 3483 3343 3538 δὲ
3395 3483 3455 3538 τὸ
3515 3484 3645 3538 ίδιον
3707 3483 3920 3555 θέλημα

644 3575 794 3647 ’πρὸς
818 3576 878 3628 τὸ
909 3574 1105 3645 χρῆναι
1137 3572 1408 3626 δουλεύειν
1442 3572 1609 3641 αὐτῷ,
1644 3573 1890 3644 καὶτοὺς
1912 3574 2021 3642 ’τῆς
2054 3574 2354 3635 ἐπιεικείας
2385 3569 2701 3624 ἀνθελέσθαι
2732 3573 2983 3643 τρόπους.

726 3667 898 3721 Trans.
943 3665 1131 3719 1446.
1158 3663 1224 3717 Et
1248 3665 1446 3732 auferet
1471 3664 1739 3717 'Dominus
1776 3665 1965 3717 lsroeli
1999 3674 2149 3733 caput
2181 3678 2227 3717 et

646 3764 904 3824 caudam,
930 3774 1176 3826 magnum
1219 3765 1269 3810 et
1313 3773 1530 3827 parvum
1555 3773 1659 3811 una
1687 3759 1793 3820 die,
1831 3774 2022 3821 senem,
2068 3768 2113 3811 et
2143 3774 2229 3812 eos

642 3854 745 3920 qui
783 3850 944 3919 facies
972 3850 1326 3912 admirantur,
1354 3852 1448 3903 hoc
1480 3849 1792 3918 principium
1816 3860 1911 3915 est,
1941 3859 1986 3902 et
2011 3850 2231 3917 pmphe-

640 3952 785 4004 'tam,
818 3951 862 3993 et
892 3940 979 4008 qui
1012 3940 1161 3992 docet
1192 3939 1396 4007 iniqua,
1440 3940 1483 3992 is
1516 3947 1593 3993 est
1619 3941 1809 3992 cauda.
1857 3938 1924 3993 Et
1958 3951 2105 3993 erunt
2138 3943 2227 4010 qui

641 4031 862 4085 ‘beutum
890 4031 1065 4083 dicent
1092 4030 1343 4099 papulum
1369 4031 1527 4097 hunc,
1563 4032 1882 4100 seducenles,
1908 4040 1956 4086 et
1977 4038 2230 4086 seducunt

657 4134 712 4175 ut
746 4123 991 4176 devorent
1022 4136 1130 4177 eos.

731 4290 866 4355 Quia
897 4288 1163 4344 excelsam
1192 4302 1407 4341 manum
1442 4288 1494 4342 in
1527 4301 1715 4341 omnes
1743 4298 2047 4357 porrectam
2074 4288 2225 4356 dicit,

652 4376 849 4430 nedum
878 4377 1013 4428 iram
1041 4375 1271 4428 divinam
1302 4374 1460 4428 linem
1498 4375 1800 4429 habituram
1824 4376 2062 4430 declarat
2089 4378 2226 4431 dilu-

650 4465 792 4527 cide,
825 4473 879 4518 et
910 4462 1127 4533 quinam
1166 4472 1464 4532 temporum
1508 4464 1725 4535 delapsu
1760 4464 1972 4520 futurus
2008 4467 2080 4523 sit
2112 4481 2227 4522 mo—

2408 3664 2519 3717 Καὶ
2555 3666 2771 3735 ἀφελεῖ
2808 3666 3022 3734 Κύριος
3042 3667 3171 3720 ’ἀπὸ
3226 3666 3464 3734 Ἰσραὴλ
3510 3669 3792 3736 κεφαλὴν
3824 3668 3918 3722 καί

2335 3758 2540 3824 οἰερὰν,
2569 3759 2757 3828 μέγαν
2799 3758 2897 3812 καὶ
2933 3760 3149 3828 μικρὸν
3192 3759 3262 3813 ἐν
3285 3760 3391 3829 μιᾷ
3424 3760 3633 3828 θήμέρᾳ,
3666 3763 3919 3830 eapse-'61?-

2334 3860 2449 3911 την
2480 3845 2579 3899 καὶ
2608 3846 2752 3913 τοὺς
2792 3845 2865 3899 τὰ
2895 3848 3185 3914 πρόσωπα
3217 3848 3644 3916 θαυμάζοντας·
3675 3851 3835 3917 αὕτη
3880 3853 3917 3918 ἠ

2334 3934 2538 4003 ἀρχή·
2582 3937 2680 3990 καὶ
2731 3937 3063 4007 προφήτην,
3110 3939 3207 3992 καὶ
3265 3938 3629 3994 διδάσκοντα
3686 3941 3914 4009 ἄνομον

2336 4024 2515 4093 οὗτος
2549 4028 2587 4095 ἢ
2636 4029 2803 4097 οὐρά.
2837 4030 2943 4084 Καὶ
2971 4030 3217 4085 ἔσονται
3259 4035 3313 4086 οἱ
3354 4030 3780 4101 μακαρίζοντες
3813 4034 3916 4086 τόν

2332 4118 2487 4171 λαὸν
2534 4119 2752 4173 τοῦτον
2804 4120 3151 4186 πλανῶντες
3174 4161 3188 4186 ,
3236 4122 3334 4175 καὶ
3385 4122 3703 4176 etlamer
3751 4122 3915 4188 ὅπως

2333 4211 2707 4265 καταπὶωσιν
2734 4212 2973 4277 αὐτούς.

2417 4296 2655 4369 ’Υψηλὴν
2676 4300 2967 4370 ἀπομεῖναι
3001 4300 3097 4372 τὴν
3125 4300 3219 4355 τοῦ
3254 4301 3501 4367 παίοντος
3536 4305 3696 4375 χεῖρα
3714 4303 3913 4373 λέγων,

2330 4384 2526 4440 οὔποτε
2556 4388 2655 4458 τὴν
2690 4390 2841 4442 θείαν
2887 4390 3056 4461 ὀργὴν
3102 4391 3406 4460 καταλῆξαι
3452 4393 3552 4463 τὴν
3598 4393 3685 4445 ἐπ’
3722 4392 3913 4456 αὐτοῖς

2330 4478 2623 4548 ἁφηγεῖται
2675 4480 2965 4551 λαμπρῶς,
3026 4484 3121 4537 καὶ
3178 4483 3358 4546 ὁποῖός
3411 4500 3493 4547 τις
3555 4482 3709 4536 ἔσται
3765 4484 3914 4537 κατὰ

643 4558 753 4611 dus
781 4570 952 4627 pinnae
993 4556 1060 4611 ab
1103 4555 1208 4610 illis
1253 4556 1547 4624 exigenda).
1592 4556 1881 4613 Auferetur
1933 4560 2099 4623 enim,
2151 4561 2228 4615 in-

2334 4571 2554 4641 καιροὺς
2582 4571 2683 4640 τῆς
2723 4573 3230 4644 ἐπενεχθησομένης
3280 4575 3461 4638 αὐτοῖς
3500 4575 3682 4639 αἰκίας
3725 4577 3757 4629 ὁ
3783 4576 3911 4648 τρδο

649 4645 786 4715 quit,
812 4662 913 4700 una
940 4645 1047 4709 die,
1078 4644 1129 4698 id
1156 4653 1256 4707 est,
1290 4644 1449 4699 simul
1495 4660 1600 4700 uno
1636 4655 1895 4715 tempore,
1946 4646 2105 4719 164
2147 4650 2224 4703 vi-

651 4734 844 4789 delicet
882 4734 1003 4788 belli
1060 4732 1451 4800 Romanorum,
1501 4744 1662 4804 caput
1730 4746 1786 4791 et
1843 4742 2034 4793 cauda.
2086 4740 2225 4805 Quid

647 4832 827 4876 autem
862 4823 1292 4892 hmanigtnatis
1322 4825 1414 4887 sit,
1452 4826 1707 4894 explicat,
1745 4840 1867 4881 cum
1912 4827 1989 4881 ait
2045 4845 2059 4883 :
2112 4827 2225 4883 Ma-

647 4929 810 4984 gnum
843 4923 897 4969 et
918 4929 1168 4985 parvum,
1202 4915 1395 4981 idest,
1422 4923 1478 4969 et
1509 4916 1772 4971 illustrem
1802 4926 1860 4972 et
1899 4920 2210 4976 obscurum.

656 5003 765 5058 Eos
789 5007 954 5058 etiam
982 5005 1072 5074 qui
1114 5006 1247 5068 sint,
1283 5020 1475 5060 rursus
1492 5005 1858 5075 demonstrat,
1884 5022 2006 5063 cum
2030 5011 2174 5065 addit
2198 5029 2213 5066 :

646 5095 864 5157 Senem,
907 5105 961 5149 et
1003 5108 1096 5149 eos
1136 5093 1229 5163 qui
1277 5093 1445 5149 facies
1493 5095 1854 5153 admirantur.
1894 5097 2120 5165 Quibus,
2159 5109 2217 5155 ut

642 5200 744 5253 ego
782 5183 998 5253 quidem
1031 5198 1250 5250 censeo,
1281 5184 1456 5237 innuit
1507 5184 1708 5240 tribum
1764 5201 1882 5256 qua:
1930 5190 2214 5245 sacerdotii

647 5288 845 5327 munus
876 5273 1063 5328 sortita
1102 5281 1206 5335 est.
1250 5273 1301 5326 id
1336 5281 1439 5336 est,
1467 5285 1561 5328 eos
1582 5274 1674 5343 qui
1712 5286 1836 5330 sunt
1860 5291 1925 5331 ex
1956 5280 2216 5348 sanguine

642 5362 908 5431 Levitico,
952 5378 1088 5433 quos
1127 5363 1290 5417 etiam
1322 5362 1505 5432 populi
1535 5363 1731 5419 subditi
1770 5366 2011 5422 seniores
2041 5370 2214 5424 uomi-

642 5455 864 5508 nabant.
899 5454 965 5508 Et
987 5468 1117 5509 sane
1144 5453 1315 5507 divini
1344 5452 1593 5521 discipuli
1629 5468 1723 5509 eos
1751 5456 1828 5511 sic
1856 5459 2213 5529 appellabant,

641 5545 929 5600 dicentes:
966 5562 984 5594 ι
1034 5543 1316 5613 Principes
1361 5545 1542 5612 populi
1600 5557 1655 5601 et
1703 5548 1965 5615 seniores,
2016 5553 2061 5606 si
2118 5569 2216 5609 nos

642 5635 801 5690 hodie
840 5635 908 5691 de
943 5634 1204 5697 beneﬁcio
1235 5634 1287 5688 in
1324 5633 1594 5690 hominem
1640 5637 1915 5699 inﬁrmum
1944 5642 2211 5701 collatoin

714 5790 760 5819 θ’
784 5786 922 5841 ι’δυι.
946 5803 1111 5854 cxvu,
1140 5789 1230 5843 27.

2320 4678 2442 4725 πος.
2496 4662 2952 4734 Ἀφαιρεθήσεται
2998 4666 3128 4738 γὰρ,
3190 4666 3372 4738 φησὶν,
3422 4666 3531 4720 ἀπὸ
3584 4666 3807 4738 Ἰσραὴλ
3854 4670 3911 4721 ἐν

2320 4750 2503 4823 ἡμέρᾳ
2534 4754 2655 4824 μιᾷ,
2681 4754 2826 4807 τοῦτ’
2856 4755 2992 4821 ἐστι,
3030 4756 3154 4810 καθ’
3181 4758 3279 4811 ἕνα
3300 4757 3511 4829 καιρὸν,
3538 4757 3698 4829 δῆλον
3735 4760 3796 4813 δὲ
3822 4761 3908 4813 ὅτι

2324 4842 2543 4906 πάντως
2571 4860 2673 4897 που
2707 4845 2799 4898 τὸν
2828 4845 2920 4900 τοῦ
2967 4846 3205 4919 πολέμου
3238 4848 3331 4902 τοῦ
3380 4848 3533 4919 παρὰ
3589 4849 3904 4920 Ῥωμαίων,

2321 4931 2561 5002 κεφαλήν
2592 4949 2652 4985 τε
2685 4936 2780 4988 καὶ
2820 4936 3007 5007 οὐράν.
3044 4938 3153 4992 Καὶ
3179 4938 3232 4991 τί
3273 4939 3336 4992 τὸ
3384 4938 3636 5009 αἴνιγμα,
3670 4939 3905 5010 διερμη-

2323 5020 2490 5085 νεύει,
2540 5021 2732 5091 λέγων,
2787 5024 2960 5095 μέγαν
3004 5027 3100 5080 καὶ
3145 5029 3358 5099 μικρὸν,
3388 5028 3531 5083 τοῦτ’
3567 5028 3709 5094 ἐστι,
3744 5046 3902 5101 περι-

2322 5113 2465 5181 φανῆ
2494 5128 2554 5163 τε
2584 5114 2679 5166 καὶ
2703 5113 2934 5185 ἄσημον.
2968 5119 3079 5172 Καὶ
3104 5119 3247 5184 τίνες
3291 5121 3358 5174 ἂν
3385 5114 3494 5172 εἷεν
3529 5114 3695 5186 οῦτοι,
3738 5121 3903 5176 πάλιν

2320 5200 2716 5270 προσαπέδειξε
2767 5205 3111 5274 προστιθείςο
3158 5208 3498 5281 Πρεσϐύτην,
3541 5212 3795 5275 καὶτοὺς
3832 5195 3913 5264 τὰ¹

2321 5291 2588 5360 πρόσωπα
2647 5292 3056 5365 θαυμάζοντας.
3110 5301 3370 5370 Σημαίνει
3422 5301 3481 5354 δὲ
3533 5302 3622 5355 διὰ
3667 5302 3898 5367 τούτων,

2323 5379 2573 5451 καθάπερ
2625 5383 2873 5454 ἐγῷμαι,
2923 5387 3021 5458 τὴν
3071 5386 3317 5461 ἱερᾶσθαι
3377 5390 3646 5461 λαχοῦσαν
3701 5390 3898 5461 φυλὴν,

2318 5469 2464 5524 τοῦτ’
2500 5472 2633 5536 ἔστι,
2664 5477 2791 5539 τοὺς
2829 5474 2888 5541 ἐξ
2933 5478 3162 5547 αἵματος
3195 5478 3345 5544 Λευῒ,
3381 5479 3473 5543 οὓς
3517 5480 3614 5533 καὶ
3655 5479 3900 5550 πρεσϐυ-

2321 5560 2511 5631 τέρους
2560 5564 2839 5636 ὠνόμαζον
2897 5571 2945 5622 ot
2994 5570 3098 5623 ὑπὸ
3146 5574 3302 5643 χεῖρα
3354 5572 3491 5625 λαοί.
3528 5572 3639 5625 Καὶ
3681 5572 3817 5639 γοῦν
3848 5572 3900 5625 oi

2322 5651 2596 5709 θεσπέσιος
2646 5658 2881 5728 μαθηταὶ
2929 5664 3458 5733 προσπεφωνήκασιν
3506 5665 3709 5728 αὐτοῖς,
3753 5662 3901 5716 οὕτω
