4134 6508
262 406 363 462 269

1375 396 1441 454 IN
1479 396 1710 452 ISAIAM
1750 394 1879 452 LIB.
1923 396 1962 449 Ι.
2001 392 2209 451 ORA'I‘.
2253 387 2321 446 Vl

3352 424 3355 428 ,
3400 378 3507 434 270

258 515 510 588 iudicium
545 526 826 580 vocamur,
857 510 1127 582 quomodo
1165 509 1256 566 ille
1290 518 1537 566 servatus
1587 509 1680 574 sit,
1732 523 1827 562 no-

1954 507 2207 574 ,έγοντεςο
2245 522 2263 554 ι
2305 503 2597 572 ’Ἄρχοντες
2622 496 2713 551 τοῦ
2753 492 2881 549 λαοῦ
2914 491 3007 547 καὶ
3034 490 3414 563 πρεσϐύτεροι,
3458 486 3505 538 εί

262 620 373 664 tum
401 607 471 662 sit
497 604 675 670 vobis,
708 613 767 660 et
800 603 896 659 toti
921 602 1140 673 populo,
1168 601 1314 671 quod
1349 602 1403 656 in
1440 599 1658 656 nomine
1699 596 1826 655 Jesu

258 699 496 756 Νεωτκί
521 698 563 752 ¹.
594 715 618 749 ι
647 695 713 751 Hi
742 695 888 750 enim
912 694 1178 760 seniores,
1214 709 1382 765 penes
1413 706 1551 763 quos
1578 690 1828 762 judican-

260 794 311 848 di
338 798 574 861 potestas
600 796 740 855 erat,
768 802 877 843 non
905 795 1085 843 rectas
1115 788 1181 842 de
1223 787 1386 841 rebus
1426 783 1654 856 singulis
1694 781 1831 838 tule-

266 892 392 939 runt
431 880 749 946 sententias,
806 878 1096 935 insatiabili
1131 877 1425 947 cupiditate
1473 888 1696 930 munera
1734 887 1827 928 ca-

262 977 487 1046 pientes,
535 980 591 1028 et
640 971 1017 1042 proximorum
1049 970 1220 1026 facies
1254 967 1609 1031 admirantes,
1654 979 1830 1034 quan-

264 1066 457 1121 tumvis
479 1064 564 1121 lex
598 1080 695 1135 per
723 1063 909 1119 Mosen
934 1063 1194 1120 clamaret
1226 1080 1241 1117 :
1273 1080 1293 1115 ‹
1325 1060 1592 1117 Iudicium
1623 1060 1829 1130 justum

256 1158 492 1227 iudicate
520 1158 583 1212 ἐ
622 1174 642 1208 ι
683 1165 739 1210 et
770 1154 970 1225 ubique
1018 1153 1319 1209 inculcaret
1352 1170 1368 1207 :
1399 1169 1418 1202 ι
1450 1150 1566 1207 Non
1600 1150 1832 1219 accipies

258 1262 548 1321 personam
608 1247 662 1302 in
710 1245 915 1317 judicio
949 1246 993 1300 ³.
1041 1263 1062 1298 ι
1107 1243 1221 1300 Hoc
1269 1251 1355 1299 est
1397 1242 1583 1313 igitur,
1635 1241 1831 1312 inquit,

262 1340 609 1412 principium.
638 1337 887 1394 Habetur
904 1349 1034 1392 vero
1063 1335 1228 1391 etiam
1255 1343 1435 1404 caput.
1470 1333 1647 1403 Caput
1685 1332 1832 1386 enim

262 1428 437 1499 populi
481 1427 763 1492 sacerdos,
810 1426 1028 1496 quando
1076 1425 1225 1480 velut
1280 1424 1337 1479 in
1371 1438 1479 1479 uno
1522 1421 1835 1492 intelligitur

261 1532 509 1588 corpore.
550 1514 921 1572 Auferendum
970 1529 1101 1570 vero
1132 1514 1211 1570 ait
1260 1528 1383 1570 cum
1424 1528 1577 1578 sene,
1612 1522 1668 1569 et
1707 1526 1835 1582 pro-

261 1616 475 1683 phetam
496 1622 551 1669 et
568 1612 854 1668 docentem
893 1609 1079 1679 iniqua
1114 1622 1317 1679 :quem
1365 1606 1497 1664 dicit
1543 1621 1665 1665 esse
1709 1619 1837 1661 cau-

258 1706 405 1767 dam,
432 1702 539 1757 hoc
566 1712 670 1767 est,
702 1700 753 1756 id
782 1701 924 1768 quod
949 1698 1220 1768 sequitur.
1256 1697 1426 1752 Erant
1451 1697 1596 1751 enim
1616 1695 1834 1766 quidam

262 1793 403 1863 apud
432 1790 651 1847 Iudaeos
677 1790 767 1861 qui
797 1789 967 1859 legem
989 1803 1021 1843 a
1056 1785 1459 1857 sapientissimo
1481 1783 1628 1840 Mose
1652 1785 1834 1840 datam

1932 599 2092 669 ἡμεῖς
2130 596 2369 667 σήμερον
2399 587 2816 662 ἀνακρουόμεθα
2846 585 2939 639 ἐπὶ
2967 581 3257 653 εὐεργεσίᾳ.
3294 576 3506 651 ἀνθρώ-

1930 704 2035 741 που
2066 684 2347 747 ἀσθενοῦς,
2370 684 2427 736 ἐν
2458 681 2564 735 τίνι
2590 674 2744 743 οὗτος
2773 678 3065 741 σέσωσται,
3096 673 3334 744 γνωστὸν
3367 670 3508 725 ἐστω

1931 781 2063 850 ὑμῖν
2097 777 2193 832 καὶ
2221 777 2385 831 παντὶ
2424 773 2502 845 τῷ
2536 772 2671 843 λαῷ,
2717 772 2798 825 ὅτι
2845 772 2902 823 ἐν
2941 768 3019 839 τῷ
3050 769 3274 837 ὀνόματι
3333 762 3507 834 Ἰησοῦ

1929 868 2168 942 Χριστοῦ
2200 867 2292 921 τοῦ
2330 864 2682 937 Ναζωραίου.
2724 881 2742 915 ι
2778 857 2935 918 Οὗτοι
2967 860 3075 932 γάρ
3120 863 3169 914 οἱ
3208 855 3509 929 πρεσϐύτε-

1934 981 2040 1034 ροι,
2074 963 2174 1034 τὴν
2221 961 2317 1015 τοῦ
2363 960 2573 1031 κρίνειν
2617 957 2831 1028 ἔχοντες
2875 954 3149 1022 ἐξουσίαν,
3197 954 3297 1006 οὐκ
3339 951 3513 1022 ὀρθὰς

1930 1054 2031 1117 τὰς
2065 1053 2152 1124 ἐφ’
2188 1052 2406 1122 ἑκάστῳ
2438 1050 2547 1103 τῶν
2591 1046 2724 1120 παρ’
2762 1048 2946 1109 αὐτοῖς
2992 1045 3327 1116 κρινομένων
3364 1046 3510 1096 ἐποι-

1929 1144 2090 1199 οῦντο
2116 1145 2349 1216 ψήφους,
2384 1140 2809 1214 δωροδοκοῦντες
2839 1138 3149 1209 ἀπλήστως,
3185 1137 3280 1189 καὶ
3305 1134 3374 1189 τὰ
3403 1133 3512 1187 τῶν

1935 1235 2208 1291 πλουσίων
2259 1232 2636 1305 θαυμάζοντες
2676 1231 2983 1300 πρόσωπα,
3036 1227 3215 1283 καίτοι
3269 1225 3362 1279 τοῦ
3422 1224 3515 1279 διὰ

1935 1327 2182 1391 Μωσέως
2226 1325 2563 1397 κεκραγότος
2596 1324 2792 1394 νόμου·
2843 1340 2861 1374 ι
2917 1323 3108 1392 Κρῖμα
3145 1319 3351 1374 δίκαιον
3393 1318 3515 1389 κρί-

1935 1434 2084 1471 νατε’
2128 1435 2148 1469 ι
2175 1416 2272 1471 καὶ⁵
2300 1416 2384 1481 τὸ,
2412 1434 2431 1468 ι
2457 1415 2532 1469 Οὐ
2560 1413 2706 1485 λήψῃ
2740 1411 3031 1484 πρόσωπον
3054 1412 3112 1465 ἐν
3144 1410 3346 1481 κρίσει,
3381 1428 3399 1461 ι
3431 1426 3514 1463 τι-

1937 1509 2125 1572 θέντος
2168 1511 2442 1580 πανταχῆ.
2501 1506 2653 1578 Αὕτη
2695 1504 2897 1570 τοίνυν,
2925 1504 3109 1575 φησὶν,
3144 1505 3179 1575 ὴ
3213 1503 3390 1575 ἀρχή·
3430 1502 3518 1556 λε-

1936 1600 2155 1672 λόγιστο
2187 1600 2243 1654 δὲ
2282 1600 2377 1654 καὶ
2418 1600 2498 1663 είς
2529 1598 2792 1670 κεφαλήν.
2842 1595 3068 1667 Κεφαλὴ
3117 1595 3227 1666 γὰρ
3257 1594 3401 1648 λαῶν
3444 1594 3517 1647 ie—

1941 1694 2092 1764 ρεὺς,
2125 1692 2255 1746 ὅταν
2283 1691 2360 1755 ὡς
2390 1691 2477 1760 ἐφ’
2510 1690 2630 1754 ἐνὸς
2651 1691 2851 1743 νοεῖται
2880 1688 3152 1758 σώματος.
3179 1688 3519 1757 Συναφαιρε-

1942 1784 2205 1854 θήσεσθαι
2237 1783 2296 1837 δέ
2332 1782 2411 1853 τῷ
2458 1781 2737 1854 πρεσϐύτῃ
2774 1779 2907 1851 φησὶ
2951 1780 3047 1835 καὶ
3092 1779 3379 1851 προφήτην
3425 1779 3521 1831 καὶ

264 1882 760 1951 interpretabantur
803 1880 1045 1950 quidem,
1097 1879 1195 1934 sed
1252 1890 1509 1948 perverse
1546 1875 1836 1940 faciebant,

1954 1875 2261 1931 Βιδάσκοντα
2289 1875 2487 1944 ἄνομα.
2520 1874 2629 1927 Καὶ
2657 1872 2847 1926 τοῦτον
2876 1866 3015 1926 εἷναί
3044 1888 3179 1941 φησι
3201 1869 3297 1940 τὴν
3330 1868 3517 1940 οὐρὰν,

268 1974 520 2031 Mosaicis
557 1971 737 2028 verbis
774 1971 1092 2026 inducentes
1120 1967 1261 2023 haud
1308 1975 1456 2022 recte
1518 1964 1838 2020 traditiones

267 2082 368 2122 non
397 2065 653 2134 scriptas,
702 2064 956 2118 mandata
1005 2059 1284 2117 hominum
1320 2068 1487 2127 atque
1543 2056 1835 2110 doctrinas.

274 2157 335 2213 Hi
366 2158 647 2212 Judaicam
696 2155 904 2225 plebem
950 2156 1299 2223 deceperunt,
1341 2160 1398 2204 et
1448 2157 1505 2203 ut
1550 2147 1839 2216 superbam

269 2248 540 2304 cervicem
608 2257 799 2302 contra
860 2245 1141 2301 Christum
1205 2242 1462 2312 erigeret,
1524 2237 1839 2293 eﬂ‘ecerunt.

268 2340 532 2407 Quoniam
566 2337 729 2410 igitur
763 2338 1129 2406 sequebantur
1173 2334 1225 2388 hi
1258 2345 1471 2402 quoque
1499 2330 1843 2385 sacerdotum

270 2431 590 2497 sententias,
626 2429 717 2499 qui
766 2429 821 2483 in
870 2427 1059 2482 ordine
1093 2425 1320 2493 locoque
1358 2421 1551 2492 capitis
1596 2420 1844 2477 collocati

268 2534 409 2589 sunt,
442 2536 544 2577 eos
568 2520 803 2579 caudam
828 2515 1144 2573 nominavit.
1166 2513 1325 2581 Nam,
1351 2522 1408 2566 ut
1434 2510 1701 2577 dicebam,
1723 2524 1844 2565 cum

268 2615 335 2669 de
360 2628 468 2668 uno
522 2609 872 2680 intelligimus
920 2619 1165 2676 corpore,
1216 2604 1389 2660 cauda
1427 2616 1640 2672 semper
1686 2611 1848 2673 caput

269 2704 643 2773 subsequitur.
694 2701 831 2757 Cum
878 2708 1058 2755 autem
1107 2696 1399 2766 prophetas
1448 2694 1680 2765 appellat
1729 2705 1845 2757 eos,

272 2797 491 2853 minime
534 2802 755 2851 sanctos
794 2806 937 2859 esse,
975 2799 1032 2847 et
1060 2803 1221 2846 veros
1270 2786 1593 2857 putabimus.
1636 2782 1850 2854 Adjecit

270 2891 408 2947 enim
457 2903 564 2944 eos
601 2888 798 2943 docere
844 2884 1048 2955 iniqua.
1109 2881 1302 2936 Verum
1353 2878 1480 2934 illud
1538 2877 1771 2934 dicimus
1831 2892 1846 2928 :

272 2984 438 3037 Erant
487 2977 746 3036 videlicet
785 2975 837 3031 in
881 2972 1048 3029 Israel
1096 2970 1579 3042 pseudoprophetaa
1622 2965 1851 3023 diversis

278 3071 640 3143 temporibus,
689 3077 803 3124 tum
853 3065 1063 3122 scilicet
1121 3077 1241 3118 cum
1293 3061 1458 3116 etiam
1506 3067 1692 3115 essent
1736 3057 1850 3111 veri

264 3163 571 3234 prepbetae.
626 3157 754 3214 Post
821 3152 1152 3224 captivitatis
1200 3161 1379 3207 autem
1438 3159 1677 3218 tempora
1737 3155 1850 3200 tum

1938 1966 2084 2022 τοῦτ’
2124 1968 2260 2029 ἐστι,
2288 1964 2351 2019 τὸ
2382 1965 2667 2035 ἑπόμενον.
2701 1960 2883 2018 Ἦσαν
2923 1963 3022 2033 μὲν
3056 1961 3166 2032 γάρ
3201 1974 3347 2024 τινες
3368 1960 3519 2031 παρά

1938 2060 2050 2122 τοῖς
2085 2057 2374 2124 Ἰουδαίοις,
2409 2056 2500 2110 τὸν
2528 2055 2617 2109 διὰ
2652 2054 2744 2109 τοῦ
2779 2052 3054 2123 πανσόφου
3095 2052 3334 2115 Μωσέως
3378 2052 3521 2122 διερ-

1945 2149 2272 2221 μηνεύοντες
2323 2149 2506 2219 νόμον·
2553 2147 2725 2220 ἔδρων
2755 2146 2813 2200 δὲ
2853 2144 3013 2199 τοῦτο
3048 2143 3519 2214 διεστραμμένως,

1940 2244 2054 2305 τοῖς
2079 2241 2169 2295 διὰ
2197 2240 2441 2304 Μωσέως
2466 2240 2646 2309 λόγοις
2678 2237 2973 2306 ἐπάγοντες
3004 2236 3107 2289 οὐκ
3145 2234 3319 2307 ὀρθῶς
3347 2252 3524 2306 παρα-

1942 2333 2119 2398 δόσεις
2145 2333 2444 2403 ἀγράφους,
2480 2330 2794 2401 ἐντάλματα
2818 2325 3120 2399 ἀνθρώπων
3145 2326 3240 2380 καὶ
3269 2325 3525 2380 διδασκα-

1944 2425 2090 2489 λίας.
2127 2418 2291 2479 Οὗτοι
2319 2424 2413 2477 τὸν
2452 2423 2561 2477 τῶν
2601 2422 2873 2476 Ἰουδαίων
2912 2420 3290 2491 πεπλανήκασι
3327 2419 3520 2489 δῆμον,

1946 2513 2041 2567 καὶ
2070 2511 2274 2584 γαῦρον
2320 2513 2530 2582 ἐγεῖραι
2578 2511 2719 2564 κατά
2764 2507 3001 2581 Χριστοῦ
3054 2509 3391 2579 πεποιήκασι
3432 2508 3526 2561 τὸν

1947 2606 2170 2677 αὐχένα.
2235 2604 2455 2675 Ἐπειδὴ
2499 2603 2677 2656 τοίνυν
2714 2602 2929 2655 εἵποντο
2961 2598 3057 2654 καλ⁸
3082 2592 3227 2653 οὗτοι
3260 2592 3379 2663 ταῖς
3417 2598 3526 2653 τῶν

1950 2696 2142 2768 ἱερέων
2164 2693 2433 2766 γνώμαις,
2465 2695 2515 2747 οἳ
2548 2694 2642 2747 καὶ
2672 2693 2731 2746 ἐν
2769 2692 2919 2757 τάξει
2961 2692 3203 2745 τέθειντο
3227 2693 3328 2761 τῆς
3353 2708 3526 2761 κεφα⁹

1946 2779 2069 2851 λῆς,
2104 2780 2269 2852 οὐρὰν
2298 2779 2583 2850 ὠνόμασεν
2623 2779 2843 2844 αὐτούς.
2906 2778 2995 2843 Ὠς
3026 2779 3136 2850 γὰρ
3185 2778 3345 2849 ἔφην,
3399 2779 3529 2833 ὅταν

1949 2873 2026 2936 ὠς
2057 2872 2142 2942 ἐφ’
2169 2873 2289 2936 ἐνὸς
2313 2872 2522 2943 νοῶμεν
2557 2870 2829 2942 σώματος,
2856 2870 3047 2925 ἕπεται
3084 2869 3303 2934 πάντως
3333 2872 3367 2942 ὴ
3394 2871 3531 2942 οὑρά

1949 2966 2017 3034 τῇ
2047 2963 2280 3035 κεφαλῇ.
2324 2962 2540 3035 Ἐπειδὴ
2572 2963 2628 3015 δὲ
2669 2964 2953 3034 προφήτας
2984 2963 3267 3034 ὠνόμασεν
3309 2966 3531 3030 αὐτοὺς,

1950 3057 2051 3126 οὐχ
2089 3054 2280 3125 ἁγίους
2323 3051 2464 3107 εἶναι
2494 3054 2590 3108 καὶ
2622 3052 2845 3124 ἀληθεῖς
2893 3054 3241 3125 λογιούμεθα.
3293 3056 3533 3127 Προστέ⁴

1954 3145 2101 3199 θεικε
2146 3143 2254 3216 γὰρ
2298 3143 2380 3211 τὸ,
2414 3144 2497 3197 ὅτι
2533 3142 2876 3197 διδάσκουσιν
2926 3143 3123 3214 ἄνομα.
3174 3145 3319 3218 Πλὴν
3353 3147 3533 3200 ἐκεῖνό

277 3232 440 3314 luisse
461 3255 629 3321 alios,
674 3264 834 3307 nemo
865 3247 1147 3305 commode
1190 3252 1246 3300 et
1288 3258 1415 3299 vere
1470 3241 1665 3298 dixerit
1705 3237 1850 3293 :nisi

1954 3252 2158 3308 φαμενο
2176 3232 2358 3290 *Ησαν
2393 3234 2493 3306 μέν
2520 3232 2628 3306 γὰρ
2646 3235 2704 3288 ἐν
2728 3233 2808 3304 τῷ
2850 3234 3065 3321 Ἰσραὴλ
3091 3234 3533 3308 ψευδοπροφῆται

281 3353 416 3406 forte
442 3349 574 3415 quis
604 3359 701 3402 eos
720 3344 888 3405 dicat,
919 3353 1059 3410 quos
1096 3334 1360 3394 Gamaliel
1402 3334 1538 3404 legis
1575 3334 1781 3399 doctor,
1802 3339 1858 3385 et

281 3442 431 3516 165
464 3442 560 3497 vir
606 3438 703 3495 toti
754 3434 953 3507 populo
1011 3429 1337 3489 venerabilis
1390 3424 1854 3489 commemoravit,

281 3532 738 3604 quemadmodum
767 3528 1027 3598 scriptum
1058 3532 1143 3580 est
1174 3522 1228 3577 in
1265 3521 1418 3577 Actis
1466 3516 1855 3590 apostolorum.

282 3626 369 3681 Sic
398 3623 552 3679 enim
593 3622 661 3677 de
686 3618 893 3675 sanctis
937 3611 1196 3684 apostolis
1254 3610 1446 3666 allatus
1486 3617 1571 3666 est
1619 3622 1716 3663 eos
1764 3604 1858 3675 qui

280 3717 521 3772 erantin
553 3711 826 3768 concilio:
867 3726 886 3761 ι
925 3706 1039 3762 Viri
1085 3704 1365 3766 lsraelitae,
1413 3720 1432 3754 ι
1482 3698 1674 3770 inquit,
1717 3715 1737 3751 ι
1777 3704 1859 3753 at-

284 3809 482 3864 tendite
528 3806 682 3861 vobis
716 3801 873 3873 ipsis,
897 3798 1025 3870 quid
1064 3797 1132 3852 de
1164 3793 1473 3850 hominibus
1508 3792 1593 3846 his
1622 3788 1744 3846 sitis
1769 3789 1853 3843 la-

283 3899 439 3953 cturi.
471 3895 612 3951 Nam
640 3902 768 3948 ante
789 3892 890 3946 hos
926 3889 1043 3944 dies
1073 3895 1297 3941 exortus
1338 3892 1423 3940 est
1459 3880 1733 3947 Theudas,
1767 3878 1860 3949 qui

284 3989 496 4045 dicebat
534 4000 593 4040 se
620 3997 744 4039 esse
772 3979 1077 4051 quempiam
1130 3988 1408 4047 magnum,
1466 3972 1553 4028 cui
1605 3983 1862 4025 numerus

289 4081 568 4136 hominum
599 4063 730 4147 plus.
750 4074 929 4129 minus
956 4068 1476 4140 quadringentorum
1510 4062 1756 4119 adhaesit.
1795 4059 1863 4115 Et

289 4174 336 4226 is
358 4172 608 4227 sublatus
637 4176 745 4233 est,
779 4175 834 4221 et
878 4169 1144 4233 quotquot
1173 4159 1437 4229 parebant
1483 4154 1533 4211 ci
1578 4154 1762 4220 deleti,
1806 4160 1864 4207 et

288 4267 354 4320 ad
379 4264 612 4319 nihilum
649 4258 860 4315 redacti
885 4266 1033 4313 sunt.
1066 4252 1196 4307 Post
1221 4251 1365 4304 hunc
1390 4254 1611 4302 exortus
1651 4253 1737 4300 est
1768 4241 1865 4298 Ju-

293 4359 385 4412 das
416 4353 679 4410 Galilaeus
723 4347 1058 4418 temporibus
1111 4336 1525 4410 descriptionis,
1560 4344 1618 4392 et
1667 4334 1865 4389 avertit

293 4444 549 4517 populum
586 4449 710 4512 post
745 4453 852 4496 se:
883 4437 979 4492 sed
1017 4443 1074 4490 et
1120 4433 1166 4488 is
1211 4432 1391 4502 periit,
1431 4438 1488 4485 et
1537 4440 1725 4482 omnes
1773 4423 1865 4494 qui

293 4538 557 4609 parebant
576 4535 651 4601 ei,
683 4530 914 4601 dispersi
948 4534 1076 4583 sunt
1108 4524 1152 4579 ι.
1198 4543 1216 4576 ι
1264 4520 1633 4578 Auferendum
1685 4517 1867 4585 itaque

295 4633 424 4687 dicit
460 4639 648 4700 caput,
684 4634 741 4681 et
775 4623 1028 4687 caudam,
1070 4620 1223 4689 juxta
1260 4630 1383 4673 eum
1433 4626 1652 4669 sensum
1709 4622 1870 4678 quem

298 4739 438 4781 nunc
472 4720 829 4778 reddidimus.
865 4715 1061 4772 Verum
1100 4713 1215 4766 fore
1266 4707 1420 4771 dicit,
1468 4704 1560 4775 qui
1598 4703 1743 4757 hunc
1780 4713 1878 4769 po-

300 4819 479 4889 pulum
506 4814 719 4870 felicem
754 4809 1070 4882 praedicent,
1114 4806 1461 4864 seduceutes,
1513 4806 1571 4853 et
1620 4796 1875 4851 seductu-

300 4927 407 4974 ros,
443 4919 504 4963 ut
552 4904 886 4962 absorbeant
924 4913 1040 4955 eos.
1072 4894 1383 4951 Judaeorum
1423 4889 1567 4945 enim
1598 4898 1876 4957 proceres,

301 5004 495 5073 quibus
541 5012 758 5054 sacrum
819 4992 1165 5059 divinumque
1202 4981 1608 5041 tabernaculum
1646 4991 1873 5034 concre-

304 5065 472 5147 ditum
507 5100 613 5154 est,
644 5096 702 5142 et
735 5083 827 5155 qui
858 5082 927 5136 ad
958 5075 1225 5135 sacriﬁcia
1247 5074 1402 5142 juxta
1428 5069 1599 5139 legem
1624 5065 1872 5122 facienda

306 5182 583 5237 constituti
604 5186 777 5239 erant,
808 5173 1063 5245 populum
1094 5168 1196 5225 sibi
1228 5165 1500 5222 subditum
1526 5161 1592 5216 ad
1608 5160 1872 5215 donorum

308 5270 602 5325 oblationes
627 5263 1075 5324 cohortabantur,
1114 5258 1304 5312 beatos
1334 5267 1429 5308 eos
1454 5251 1698 5306 dicentes
1726 5260 1867 5310 esse,

310 5364 355 5415 si
404 5361 616 5415 abunde
656 5367 885 5425 utraque
915 5365 1075 5407 manu
1121 5346 1413 5409 olIerrent,
1470 5343 1633 5412 idque
1678 5341 1879 5394 acriter

313 5452 647 5514 factitabant,
689 5464 797 5504 non
840 5443 1116 5513 religionis
1158 5454 1286 5509 erga
1338 5437 1507 5492 Deum
1557 5446 1689 5489 cura
1725 5430 1876 5496 tacti,

316 5543 407 5598 sed
440 5558 597 5597 suum
624 5549 891 5610 qumstutn
922 5544 1254 5605 spectantes.
1277 5529 1389 5586 liae
1418 5528 1648 5591 ratione,
1680 5524 1877 5593 inquit,

288 5636 596 5700 seducunt,
628 5644 688 5689 ut
716 5634 1043 5689 absorbeant
1072 5639 1184 5684 eos.
1223 5624 1359 5681 Cum
1406 5621 1551 5677 enim
1590 5614 1881 5675 insatiabili

399 5793 413 5821 ⁸
444 5790 562 5847 Act.
588 5788 826 5855 μηδ-10.
903 5788 923 5817 ¹
952 5786 1103 5840 Dent.
1146 5801 1182 5846 ι,
1222 5782 1307 5835 iii.

1958 3326 2101 3382 κατά
2130 3327 2376 3397 καιροὺς,
2411 3322 2655 3396 δηλονότι
2691 3323 2815 3378 καθ’
2848 3323 2942 3387 οὓς
2978 3320 3119 3395 ἦσαν
3148 3326 3197 3379 oi
3229 3327 3369 3381 κατά
3395 3328 3532 3399 ἀλή-

1959 3419 2110 3473 θειαν
2138 3417 2434 3489 προφῆται.
2465 3414 2620 3469 Μετὰ
2657 3416 2715 3470 δέ
2756 3432 2820 3484 γε
2852 3415 2979 3480 τοὺς
3023 3417 3122 3487 τῆς
3157 3418 3534 3489 αἰχμαλωσίας

1959 3505 2204 3575 καιροὺς,
2242 3502 2528 3575 ἀραρότως
2569 3504 2743 3558 εἰπεῖν
2786 3504 2887 3557 οὐκ
2930 3505 2997 3558 ἂν
3042 3504 3259 3561 δύναιτό
3300 3525 3407 3572 τις.
3453 3509 3536 3564 ὅτι

1959 3593 2213 3665 γεγόνασι
2249 3594 2367 3646 κατ’
2402 3592 2643 3658 ἐκείνους
2688 3594 2866 3665 ἕτεροί
2907 3611 3086 3661 τινες·
3117 3598 3166 3650 εί
3197 3598 3271 3670 μὴ
3316 3600 3423 3671 ἄρα
3452 3618 3537 3664 τις

1959 3685 2204 3748 ἐκείνους
2238 3684 2410 3753 λέγοι,
2436 3676 2512 3737 ὧν
2543 3685 2636 3738 καὶ
2663 3683 3027 3755 διαμέμνηται
3064 3686 3347 3760 Γαμαλιὴλ
3378 3708 3538 3761 νομο-

1959 3777 2279 3840 διδάσκαλος
2315 3776 2412 3840 ὢν,
2456 3777 2553 3830 καὶ
2588 3776 2770 3846 τίμιος
2810 3778 2973 3832 παντὶ
3013 3779 3093 3850 τῷ
3131 3779 3262 3851 λαῷ,
3298 3784 3441 3837 κατά
3474 3801 3537 3851 γε

1961 3869 2022 3923 τὸ
2052 3867 2438 3939 γεγραμμένον
2459 3868 2519 3920 ἐν
2544 3870 2663 3931 ταῖς
2694 3868 2935 3939 Πράξεσι
2962 3870 3071 3923 τῶν
3102 3872 3272 3940 ἀγίων
3303 3876 3535 3930 ἀποστό-

1962 3960 2089 4016 λων.
2164 3960 2607 4033 Προσπεφὼνηκε
2664 3959 2773 4034 γάρ
2834 3960 2977 4016 οὕτω
3030 3966 3158 4034 περὶ
3205 3965 3313 4019 τῶν
3368 3967 3539 4035 ἁγίων

1963 4052 2277 4109 ἀποστόλων
2326 4056 2437 4118 τοῖς
2467 4054 2527 4107 ἐν
2560 4054 2639 4124 τῷ
2679 4053 2961 4126 συνεδρίῳ,
2994 4055 3204 4123 λέγων·
3246 4075 3265 4108 ι
3315 4059 3537 4131 ’Δνδρες

1977 4144 2326 4216 Ἰσραηλῖται,
2371 4145 2669 4217 προσέχετε
2705 4147 2920 4209 ἑαυτοῖς
2959 4148 3051 4201 ἐπὶ
3083 4151 3194 4212 τοῖς
3232 4150 3538 4221 ἀνθρώποις

1966 4234 2197 4299 τούτοις,
2238 4234 2290 4287 τί
2322 4234 2543 4306 μέλλετε
2575 4236 2859 4306 πράσσειν.
2893 4236 3008 4307 Πρὸ
3051 4236 3163 4309 γάρ
3196 4238 3403 4294 τούτων
3430 4241 3539 4293 τῶν

1967 4325 2189 4397 ἡμερῶν
2228 4326 2426 4397 ἀνέστη
2454 4327 2656 4391 Θευδᾶς
2697 4327 2869 4397 λέγων
2901 4328 3024 4382 τινὰ
3054 4326 3192 4383 εἴναι
3221 4331 3411 4384 ἐαυτὸν
3441 4333 3542 4402 μέ-

1968 4435 2092 4487 γαν,
2130 4412 2175 4486 ᾧ
2219 4417 2551 4489 προσεκλίθη
2595 4419 2805 4489 ἀνδρῶν
2855 4420 3089 4491 ἀριθμὸς
3133 4422 3264 4474 ὡσεὶ
3286 4439 3544 4493 τετρακο·

1974 4509 2141 4564 σίων’
2184 4509 2242 4573 ὃς
2269 4508 2530 4583 ἀνῃρέθη.
2577 4511 2687 4562 Καὶ
2716 4510 2927 4576 ,πάντες
2982 4511 3092 4563 ὅσοι
3139 4512 3352 4563 εἵποντο
3396 4511 3546 4581 αὑτῷ

1973 4600 2320 4671 διελύθησαν,
2369 4601 2463 4653 καὶ
2508 4599 2753 4667 ἐγένοντο
2803 4601 2883 4664 είς
2931 4601 3105 4655 οὐδέν.
3158 4600 3313 4654 Μετά
3357 4599 3545 4654 τοῦτον

1970 4690 2172 4761 ἀνέστη
2232 4688 2433 4752 Ἰούδας
2477 4689 2505 4741 ὁ
2546 4686 2847 4752 Γαλιλαῖος,
2890 4689 2947 4739 ἐν
2996 4689 3118 4751 ταῖς
3168 4686 3404 4758 ἡμέραις
3446 4686 3547 4757 τῆς

1971 4780 2320 4852 ἀπογραφῆς,
2369 4780 2465 4833 καὶ
2510 4777 2790 4849 ἀπέστησε
2835 4778 2962 4832 λαὸν
3010 4777 3188 4831 ὀπίσω
3215 4778 3396 4832 αὐτοῦ.
3434 4779 3549 4833 Κά-

1972 4874 2148 4935 κεῖνος
2204 4869 2475 4933 ἀπώλετο,
2530 4868 2629 4923 καὶ
2676 4868 2876 4931 πάντες
2925 4868 3040 4921 ὅσοι
3091 4868 3369 4922 ἐπείθοντο
3400 4868 3549 4939 αὑτῷ

1970 4961 2485 5033 διεσκορπίσθησαν.
2525 4979 2545 5012 ι
2580 4957 3065 5029 Ἀφαιρεθήσεσθαι
3088 4959 3268 5013 τοίνυν
3296 4961 3431 5030 φησὶ
3454 4977 3550 5013 κε-

1975 5054 2152 5123 φαλὴν
2207 5052 2300 5106 καὶ
2353 5050 2555 5123 οὐράν,
2603 5050 2745 5103 κατά
2787 5066 2850 5117 γε
2893 5048 2993 5119 τὴν
3043 5049 3245 5120 ἀρτίως
3284 5051 3416 5122 ἡμῖν
3458 5052 3551 5105 τὸν

1979 5143 2437 5218 προαποδοθείσαν
2484 5142 2744 5197 διάνοιαν.
2796 5141 2941 5212 Πλὴν
2981 5142 3107 5204 τοὺς
3150 5142 3554 5213 μακαρίζοντας

1977 5240 2107 5293 λαὸν
2150 5237 2337 5291 τοῦτον
2376 5234 2696 5297 πλανῶντας
2742 5233 2958 5288 ἔσεσθαί
3014 5251 3166 5304 φησι,
3200 5236 3293 5287 καὶ
3336 5235 3553 5290 πλανῶ-

1983 5352 2065 5387 σιν
2101 5334 2250 5395 ὅπως
2286 5329 2628 5386 καταπίωσιν
2663 5326 2881 5391 αὐτούς·
2925 5328 2972 5379 οἱ
3009 5327 3118 5398 γὰρ
3146 5326 3254 5380 τῶν
3287 5328 3552 5380 Ἰουδαίων

1982 5424 2290 5495 καθηγητα“ι
2332 5421 2429 5492 τὴν
2482 5419 2633 5491 ἱεράν
2683 5434 2743 5470 τε
2793 5417 2886 5470 καὶ
2934 5415 3083 5469 θείαν
3135 5415 3553 5485 πεπιστευμένοι

1985 5519 2208 5587 σκηνὴν,
2248 5515 2342 5569 καὶ
2368 5515 2465 5577 τὰς
2504 5511 2646 5567 κατά
2678 5510 2875 5581 νόμους
2906 5507 3096 5571 θυσίας
3130 5507 3393 5561 ἐπιτελεῖν
3436 5507 3553 5557 ἐπι-

1983 5608 2326 5679 τεταγμένοι,
2384 5606 2725 5676 προῦτρεπον
2769 5604 2848 5665 είς
2899 5598 3234 5671 δωροφορίας
3278 5598 3404 5659 τοὺς
3446 5594 3553 5649 ὑπὸ

1387 5779 1405 5808 ³
1436 5777 1567 5833 ibid.
1598 5776 1678 5831 Π.
1756 5774 1775 5804 ⁸
1805 5771 1925 5827 Act.
1957 5785 2008 5834 ν,
2038 5767 2224 5824 55-57.
