4742 6544
1157 418 1265 484 $75

2143 430 2198 487 s.
2241 427 2510 486 CYRILL!
2549 422 3014 481 ALEXANDRINI
3054 423 3371 480 ancmev.
4246 391 4366 480 ιη’

1158 540 1301 597 dictu
1358 518 1593 610 ineptum
1630 525 1772 613 est),
1798 544 1890 599 sed
1953 545 2330 617 iniquitatibus
2382 518 2708 619 implicatos,
2739 546 2784 601 A
2812 542 2873 593 τὸ
2894 543 3031 611 πρᾶγ

2458 518 2708 619 pliealos,
2739 546 2784 601 Α
2812 542 2873 593 τὸ
2894 543 3142 611 πρᾶγμω
3172 539 3328 592 τοῦτο
3357 538 3463 607 γὰρ
3496 535 3742 606 εῦηθεςῆ
3772 535 3963 606 νοεῖνῆ
4001 535 4184 604 λέγειν.
4226 538 4331 593 ἀλλὰ

1157 632 1248 701 qui
1270 647 1335 687 eo
1358 631 1570 685 demum
1601 632 1961 704 improbitatis
1990 652 2199 692 morum
2240 639 2480 705 veniunt,
2524 650 2582 693 ut
2611 655 2715 693 non

1148 722 1258 790 jam
1296 720 1489 791 luiqui,
1519 724 1611 777 sed
1646 724 1824 778 verius
1871 726 2127 795 iniquitas
2162 727 2391 782 debeant
2428 727 2714 781 nominari.

1156 809 1217 863 lli
1245 809 1409 878 igitur
1436 812 1590 881 quasi
1620 813 1760 883 ignis
1803 814 2090 880 ardebunt,
2143 816 2336 887 inquit,
2391 816 2442 870 id
2470 826 2572 882 est,
2610 816 2716 886 ipsi

1152 900 1291 969 ignis
1312 912 1492 955 erunt.
1518 901 1686 957 Nemo
1724 905 1866 959 enim
1898 905 2035 961 alius
2057 906 2326 960 flammam
2372 906 2475 960 illis
2499 906 2714 969 inferet,

1147 990 1243 1044 sed
1278 990 1380 1058 ipsi
1412 992 1477 1045 ad
1508 992 1607 1047 hoc
1640 994 1743 1048 sibi
1762 995 1905 1049 inter
1930 1010 1989 1051 se
2013 996 2307 1051 sufficient.
2364 994 2713 1051 Sui-cenden-

1152 1086 1242 1133 tur
1270 1081 1434 1134 etiam
1464 1083 1614 1151 quasi
1648 1083 1814 1139 herba
1863 1088 2034 1153 arida,
2079 1096 2135 1142 et
2174 1096 2231 1141 ut
2278 1087 2518 1143 densitas
2558 1087 2718 1142 silva-

1147 1182 1290 1223 rum.
1328 1168 1483 1225 Furit
1532 1172 1677 1227 enim
1728 1188 1940 1243 semper
1982 1174 2217 1240 ﬂamma,
2266 1175 2309 1231 si
2361 1176 2412 1231 in
2437 1177 2716 1230 materiam

1148 1266 1357 1325 ustam,
1395 1260 1641 1329 herbam,
1674 1263 1913 1334 inquam,
1948 1267 2178 1331 aridam,
2211 1276 2267 1322 et
2287 1266 2431 1337 ligna
2452 1266 2718 1322 silvestria

1150 1348 1376 1404 incidat.
1412 1350 1589 1406 Credo
1611 1364 1787 1409 autem
1836 1371 1957 1424 ego,
1988 1356 2363 1427 propheticum
2414 1371 2717 1412 sermonem

1145 1438 1297 1494 hisce
1336 1440 1514 1496 verbis
1547 1444 1699 1498 nobis
1740 1445 1856 1501 haec
1902 1445 2037 1500 velle
2064 1446 2437 1501 demonstrare
2470 1463 2485 1499 :
2519 1445 2718 1515 Vespa-

1146 1528 1300 1583 siano
1340 1531 1481 1585 enim
1512 1541 1562 1586 et
1604 1533 1743 1593 Tito.
1772 1533 2351 1603 quemadmodumjant
2388 1550 2546 1605 supra
2587 1534 2718 1600 dixi,

1150 1618 1487 1675 vastantibus
1522 1619 1780 1688 Judzeam,
1820 1623 2087 1693 urbesque
2114 1622 2232 1693 ejus
2264 1624 2718 1694 oppugnantibus,

1153 1710 1384 1763 maxima
1412 1723 1522 1766 erat
1550 1712 1785 1783 undique
1807 1713 2173 1780 tumultuatio,
2202 1715 2393 1783 partim
2427 1715 2569 1769 fame
2590 1728 2722 1770 cou-

1148 1800 1377 1867 tlciente,
1427 1804 1622 1869 partim
1672 1804 1868 1874 ubique
1903 1805 2176 1860 seditiosis
2224 1805 2552 1869 hominibus,
2607 1814 2718 1857 tum

2818 632 2943 693 τοὺς
2970 634 3089 693 ταῖς
3115 630 3367 699 ἀνομίαις
3404 626 3911 697 κατηχθησμίνους,
3939 628 4159 697 ἧκοντάς
4182 645 4233 681 τε
4254 631 4333 700 ἤδη

2818 718 2956 790 πρὸς
2981 719 3140 771 τοῦτο
3169 718 3489 788 σκαιότητος
3538 717 3776 786 τρόπων,
3803 716 3878 779 ὡς
3909 715 4095 785 μηκέτι
4129 715 4216 785 μὲν
4232 717 4333 770 ἀνό-

2822 826 2975 881 μους,
3014 806 3244 879 ἀνομίαν
3290 808 3348 861 δὲ
3399 807 3598 877 μᾶλλον
3651 806 4010 877 ὀνομάζεσθαι
4062 806 4181 858 δεῖν.
4206 799 4334 861 Οὗτοι

2817 899 3104 971 τοιγαροῦν
3137 899 3213 963 ὡς
3239 899 3351 971 πῦρ
3411 898 3793 970 καυθήσονται,
3849 898 4004 968 φησὶ,
4031 896 4164 950 τοῦτ’
4198 897 4333 959 ἐστιν,

2820 969 2989 1044 αὑτοὶή
3027 990 3150 1043 καθ’
3174 969 3384 1043 ὲαῦτῶν
3408 988 3729 1060 γενήσονται
3757 987 3888 1059 πῦρ.
3945 987 4019 1040 Οὐ
4055 986 4154 1058 γὰρ
4185 987 4335 1057 ἕτερός

2817 1096 2902 1143 τις
2924 1078 3133 1131 ἐποίσει
3153 1078 3255 1149 τὴν
3282 1078 3458 1147 φλόγα
3485 1078 3689 1144 αὐτοῖς,
3716 1078 3831 1132 ἀλλ’
3864 1076 4175 1148 ἀρκέσουσιν
4201 1077 4335 1146 ἀλλή-

2818 1170 2931 1234 λοις
2949 1170 3028 1233 είς
3064 1168 3227 1224 τοῦτο
3253 1170 3427 1225 αὐτοί.
3475 1169 3855 1241 Καυθήσονται
3897 1166 3955 1221 δὲ
3982 1167 4056 1231 ὡς
4108 1167 4335 1239 ἀγρωστις

2819 1261 2980 1333 ξηρὰ,
3006 1261 3103 1315 καὶ
3127 1260 3204 1324 ὡς
3232 1260 3369 1331 δάση
3393 1259 3636 1332 δρυμῶν.
3684 1259 3979 1315 Μαίνονται
4005 1258 4108 1330 γὰρ
4152 1260 4338 1322 ἀεί

2819 1353 2877 1406 al
2905 1352 3120 1421 φλόγες,
3151 1353 3232 1416 εἰς
3254 1351 3389 1422 ὓλην
3441 1350 3703 1405 πεσοῦσαι
3755 1351 3852 1421 τὴν
3898 1350 4335 1420 εύκατάπρηστονμι

2819 1444 3093 1514 ἄγρωστιν
3125 1442 3183 1495 δέ
3234 1460 3379 1512 φημι
3420 1441 3520 1512 τὴν
3569 1441 3758 1513 ξηρὰν,
3799 1441 3894 1495 καὶ
3938 1440 4008 1493 τὰ
4062 1442 4117 1493 ὲν
4157 1440 4345 1509 δρυμοξ

2823 1531 2974 1598 ξύλα.
3007 1528 3176 1604 Οἶμαι
3226 1532 3283 1585 δὲ
3328 1532 3503 1601 ἔγωγε
3550 1532 3641 1585 τὸν
3670 1529 4001 1603 προφητικὸν
4054 1530 4174 1600 ἡμῖν
4216 1530 4345 1597 λόγον

2822 1625 3003 1679 ἐκεῖνα
3036 1622 3321 1693 βούλεσθαι
3359 1622 3555 1693 δηλοῦν
3602 1623 3661 1675 ὲν
3711 1622 3945 1684 τούτοιςο
3981 1619 4339 1673 υύεσπασιανοῦ

2819 1712 2929 1783 γὰρ
2961 1712 3056 1765 καὶ
3106 1712 3287 1775 Τίτου,
3330 1710 3579 1780 καθάπερ
3623 1709 3722 1779 ήδη
3757 1710 4036 1780 προεῖπον,
4062 1706 4340 1776 καταδῃούν-

2821 1820 2928 1856 των
2952 1802 3053 1873 τὴν
3100 1802 3378 1864 Ἰουδαίαν,
3411 1800 3506 1856 καὶ
3556 1801 3657 1864 τὰς
3689 1801 3748 1853 ὲν
3796 1799 3933 1869 αὐτῇ
3970 1797 4344 1867 πολιορκούντων

1148 1892 1336 1947 domos
1365 1893 1773 1963 diripientibus,
1811 1906 1921 1951 tum
1968 1912 2061 1952 eos
2101 1898 2192 1967 qui
2235 1898 2554 1952 videbantur
2586 1896 2720 1950 insi-
2750 1876 2794 1929 Β
2824 1893 3021 1958 πόλεις.

2472 1907 2554 1951 tur
2586 1896 2720 1950 insi-
2750 1876 2794 1929 Β
2824 1893 3026 1958 πόλεις,
3065 1893 3313 1956 πλεῖστος
3336 1889 3450 1964 ἦνό
3481 1892 3547 1944 ἐν
3570 1892 3783 1961 ἑκάστῳ
3817 1888 4060 1960 θόρυϐος.
4084 1888 4236 1941 Τοῦτο
4262 1887 4345 1956 μὲν

1150 1983 1367 2051 gniores
1414 1985 1806 2050 invadentibus,
1847 1998 1905 2042 ut
1933 1988 2189 2044 intestina
2236 1988 2531 2043 incolarum
2566 1988 2720 2043 mot-

1155 2074 1297 2126 mina
1342 2074 1456 2143 ipso
1489 2087 1714 2130 externo
1742 2078 1987 2147 graviora
2025 2079 2363 2134 exsisterent.
2391 2079 2589 2135 llorum
2629 2078 2722 2134 .ino

1153 2164 1350 2232 sephus
1396 2167 1598 2223 diserte
1650 2178 1890 2223 contexui
1940 2170 2246 2225 historiam.
2292 2170 2454 2239 Ergo,
2508 2170 2715 2239 inquit,

1154 2255 1421 2309 ardebunt
1464 2270 1561 2310 ceu
1613 2258 1667 2311 in
1710 2259 1976 2313 densitate
2034 2258 2203 2313 silvae.
2244 2260 2536 2329 Agrestem
2593 2273 2721 2312 vero

1155 2346 1376 2400 herbam
1418 2348 1697 2402 etaridam
1729 2350 2158 2420 densitatemque
2206 2350 2374 2415 silvas,
2415 2349 2717 2420 gregarium

1153 2437 1364 2489 turbam
1411 2452 1532 2492 eum
1584 2438 1762 2493 dicere
1810 2438 2067 2493 arbitror.
2103 2438 2270 2493 Divisi
2323 2450 2477 2493 erant
2522 2438 2721 2507 quippe

1152 2525 1438 2579 adversum
1468 2541 1526 2581 se
1557 2527 1658 2596 ipsi
1694 2528 1746 2580 in
1792 2527 2052 2597 factiones
2077 2537 2133 2582 et
2154 2527 2374 2583 dissidia
2415 2528 2717 2597 populares.

1154 2613 1418 2685 Deinceps
1471 2633 1597 2671 vero
1628 2620 1694 2672 ad
1738 2631 1834 2673 eos
1861 2618 1951 2687 qui
1984 2618 2302 2672 videbantur
2324 2633 2445 2673 esse
2481 2618 2711 2686 aliquid,

1154 2708 1350 2761 malum
1407 2720 1788 2777 perventurum
1838 2723 1999 2778 porro
2057 2710 2339 2776 ostendit,
2379 2711 2613 2764 dicens:
2656 2710 2721 2762 Et

1154 2800 1431 2855 devorabit
1448 2815 1569 2871 quae
1595 2800 1651 2853 in
1670 2801 1894 2854 circuitu
1914 2810 2035 2855 sunt
2052 2801 2266 2855 collium
2301 2801 2502 2855 omnia.
2522 2800 2721 2867 Colles,

1153 2902 1302 2959 puto,
1354 2902 1510 2945 vocat
1558 2906 1653 2945 eos
1679 2892 1768 2960 qui
1796 2901 2056 2961 prmstant
2109 2893 2254 2958 aliis,
2301 2902 2356 2947 et
2379 2894 2462 2946 vel
2525 2893 2723 2962 gloria,

1152 2980 1234 3034 vel
1264 2982 1476 3049 opibus,
1525 2983 1607 3037 vel
1650 2983 1758 3037 alio
1785 2983 2033 3052 quapiam
2069 2983 2227 3038 modo
2277 2983 2563 3038 excellunt.
2598 2984 2718 3037 .Iam

1154 3072 1285 3138 dixi,
1317 3073 1380 3125 iis
1408 3076 1497 3142 qui
1532 3074 1922 3141 Splendidioros
1949 3090 2067 3129 e5se
2102 3074 2439 3139 videbantur,
2486 3075 2723 3145 graviter

1154 3164 1265 3218 v’m
1292 3166 1480 3221 fecisse
1509 3167 1598 3234 qui
1639 3166 1691 3219 in
1724 3180 1939 3236 quaque
1977 3167 2192 3220 civitate
2238 3166 2533 3221 seditiones
2590 3180 2721 3221 con-

1155 3250 1328 3303 citare
1367 3252 1511 3305 soliti
1546 3262 1721 3316 erant,
1775 3254 1911 3307 adeo
1946 3261 2004 3307 ut
2047 3253 2315 3323 desperati
2371 3253 2614 3309 facerent
2659 3270 2721 3308 ea

1157 3356 1272 3407 quae
1305 3357 1372 3396 ue
1389 3344 1501 3412 ipsa
1528 3343 1741 3411 quidem
1758 3342 1988 3398 hostium
2010 3358 2197 3399 manus
2218 3344 2507 3413 aliquando
2528 3345 2720 3414 egerit.

1161 3432 1222 3487 Et
1251 3434 1381 3495 lucc,
1418 3435 1609 3503 inquit,
1643 3436 1693 3491 in
1728 3435 1804 3488 ira
1848 3436 2045 3489 furoris
2075 3436 2305 3491 Domini.
2343 3436 2613 3491 Succensa
2642 3446 2725 3491 est

1158 3525 1301 3577 enim
1335 3524 1413 3578 sic
1444 3525 1693 3579 universa
1725 3536 1869 3579 terra
1890 3525 2217 3581 Iudaeorum.
2246 3525 2377 3592 Qua:
2421 3542 2548 3581 vero
2580 3540 2725 3582 recte

1160 3616 1317 3678 dixit,
1349 3631 1468 3669 cum
1525 3616 1612 3669 illa
1670 3618 1825 3684 plana
1876 3616 2088 3671 fecisset
2135 3619 2723 3681 audientibus,'statim

1161 3709 1399 3762 adnectit
1435 3708 1544 3763 :Et
1595 3711 1700 3764 erit
1754 3710 1981 3779 populus
2035 3710 2180 3764 velut
2227 3710 2333 3780 igni
2392 3726 2722 3766 succensus:

1162 3798 1324 3853 homo
1352 3800 1538 3856 fratris
1575 3802 1689 3855 suis
1729 3816 1832 3854 non
1874 3801 2234 3855 miserebitur.
2266 3801 2724 3867 Quemadmodum

1162 3890 1305 3943 enim
1342 3890 1431 3957 qui
1493 3892 1661 3944 bobus
1708 3890 1882 3959 ignem
1918 3889 2227 3952 admovent,
2275 3886 2630 3942 exstimulant
2660 3887 2727 3941 ad

1164 3979 1320 4041 iram,
1360 3979 1707 4049 efticiuutque
1745 3989 1803 4032 ut
1839 3979 2102 4033 ferociore
2152 3978 2351 4045 impetu
2394 3976 2637 4030 ferantur
2673 3975 2726 4030 iu

1166 4086 1262 4125 eos
1317 4086 1453 4140 quos
1520 4072 1782 4139 impetunt
1810 4088 1823 4123 :
1855 4070 1935 4124 sic
1976 4072 2101 4132 erit,
2132 4068 2325 4136 inquit,
2357 4067 2729 4136 unusquisque

1166 4162 1411 4230 populus,
1450 4162 1596 4215 velut
1632 4161 1745 4230 igni
1789 4161 2060 4215 incensus.
2095 4158 2325 4214 Violenti
2352 4157 2496 4212 enim
2532 4166 2587 4211 et
2627 4156 2730 4210 im-

1166 4252 1548 4305 ntiserieordcs
1567 4262 1745 4317 erunt,
1763 4262 1816 4304 et
1830 4250 2024 4305 fratres
2046 4266 2147 4304 non
2175 4259 2492 4321 agnoscent,
2508 4262 2662 4304 acres
2677 4259 2732 4302 et

1166 4350 1433 4412 agrestes,
1459 4357 1523 4397 ac
1560 4341 1672 4395 fero
1698 4342 1878 4395 animo
1909 4342 2136 4396 invicem
2160 4354 2370 4406 omnes,
2406 4350 2460 4396 et
2492 4341 2730 4395 ferarum

1169 4434 1339 4487 instar
1371 4447 1491 4500 qua:
1533 4431 1693 4503 169
1723 4432 1863 4487 fame
1900 4441 2183 4494 acuuntur,
2208 4440 2262 4485 et
2290 4430 2474 4485 rabide
2502 4438 2735 4500 aguntur

1168 4523 1223 4578 in
1244 4523 1450 4592 aliquos
1476 4540 1491 4578 :
1528 4523 1874 4578 declinabunt
1901 4523 1967 4576 ad
1997 4522 2335 4588 dextram,et
2356 4521 2519 4576 edent
2542 4536 2573 4575 a
2594 4521 2730 4577 sini-

1168 4613 1318 4678 stris,
1356 4614 1405 4667 id
1445 4621 1549 4678 est,
1584 4612 1688 4667 huc
1721 4625 1776 4667 et
1806 4611 1928 4666 illuc
1953 4621 2355 4679 convertentur,
2384 4611 2503 4665 illos
2527 4626 2558 4663 a
2601 4611 2730 4665 dex-

1171 4703 1269 4756 tris
1300 4703 1625 4768 mordentes,
1658 4702 1760 4756 bos
1792 4718 1820 4754 τι
1846 4702 1999 4766 lzeva,
2030 4709 2309 4771 parcentes
2346 4700 2567 4766 nemini,
2592 4700 2735 4753 insa-

1174 4791 1339 4847 tiabili
1394 4793 1684 4860 cupiditate
1733 4793 1942 4860 seipsos
1984 4792 2266 4846 invadendi
2305 4790 2576 4845 ardentes.
2617 4788 2733 4843 Non

1175 4882 1337 4945 enim,
1383 4884 1588 4951 inquit,
1654 4885 1939 4938 satiabitur
1976 4886 2136 4938 homo
2189 4885 2476 4937 comedens
2534 4897 2731 4938 carnes

1177 4973 1380 5028 brachii
1417 4975 1521 5029 sui.
1552 4976 1595 5030 0
1626 4990 1738 5029 rem
1767 4976 1956 5029 miram
2006 4983 2061 5029 et
2110 4974 2520 5028 iucredibileml
2574 4973 2688 5027 Non
2715 5010 2730 5039 ,

1179 5064 1369 5132 inquit,
1402 5063 1503 5118 sibi
1530 5064 1661 5133 ipsis
1686 5075 2051 5132 comparcent,
2073 5079 2139 5117 ex
2172 5064 2447 5132 impotenti
2482 5064 2733 5119 videlicet

1181 5155 1408 5209 Insania.
1440 5152 1702 5223 Prorupta
1731 5157 1873 5209 enim
1917 5154 2081 5208 semel
2108 5162 2163 5207 et
2183 5154 2464 5221 desperata
2511 5152 2733 5207 audacia

1182 5244 1328 5308 l'reti,
1364 5244 1428 5296 ad
1452 5245 1630 5297 omnia
1657 5245 1963 5311 turpissima
1985 5244 2250 5297 acerrime
2275 5252 2325 5295 et
2342 5241 2564 5310 juvenili
2589 5254 2738 5295 more

1184 5335 1601 5403 progredientur.
1640 5334 1825 5387 Postea
1889 5334 2020 5388 dicit
2057 5351 2075 5387 :
2105 5333 2362 5386 Comedet
2423 5333 2567 5385 enim
2618 5330 2735 5383 Ma-

1187 5442 1365 5482 aasses
1409 5426 1681 5493 Ephraim,
1710 5437 1764 5480 et
1797 5426 2052 5495 Ephraim
2098 5426 2422 5478 Mauassem.
2480 5422 2735 5490 Ephraim

1189 5533 1309 5573 tero
1342 5527 1397 5572 et
1442 5515 1718 5569 Manasses
1766 5515 1990 5569 fuerunt
2016 5516 2121 5569 duo
2173 5513 2389 5576 fratres,
2424 5522 2477 5565 et
2522 5512 2612 5565 titii
2647 5510 2739 5566 Jo-

1190 5613 1329 5681 teph.
1355 5610 1424 5663 At
1446 5623 1617 5677 neque
1640 5610 1780 5664 inter
1810 5608 2086 5676 sanguinis
2112 5606 2375 5660 charitate
2400 5604 2742 5673 coniunctos,

1197 5703 1373 5771 nquit,
1424 5711 1614 5755 natura
1662 5702 1775 5768 ipsa
1821 5709 1948 5754 tunc
1997 5712 2178 5767 pacem
2228 5698 2560 5751 constituet:
2593 5696 2737 5765 leges

1186 5787 1660 5860 :ousanguiuitatis
1702 5787 1885 5842 inanes
1933 5796 2091 5842 erunt
2146 5794 2201 5841 et
2258 5785 2449 5840 irrita‘.
2502 5785 2736 5855 Surgcut

2821 1983 2981 2055 λιμοῦ
3009 1985 3431 2055 κατατήκοντος,
3466 1982 3626 2035 τοῦτο
3654 1982 3711 2035 δὲ
3737 1979 3848 2033 τῶν
3899 1982 3957 2032 ἐν
4005 1978 4196 2050 ἑκάστῃ
4238 1993 4340 2029 στα-

2822 2076 3057 2130 σιαστῶν
3090 2076 3274 2139 οἴκους
3314 2091 3376 2128 τε
3432 2072 3860 2143 διαρπαζόντων,
3916 2070 4267 2139 ἐπιφυομένων
4297 2066 4341 2119 δὲ

2819 2169 2933 2230 τοῖς
2974 2166 3224 2220 δοκοῦσιν
3284 2163 3421 2218 εἶναι
3480 2164 3926 2234 διαφανεστέροις
3951 2201 3968 2226 ,
4016 2161 4089 2224 ὼς
4132 2158 4345 2226 γενέσθαι

2820 2255 3218 2327 φορτικώτερον
3250 2256 3343 2309 τὸν
3369 2253 3568 2319 ἔξωθεν
3596 2253 3773 2323 μάχης
3793 2252 3865 2305 τὰ
3900 2254 3966 2305 ὲκ
3985 2250 4089 2303 τῶν
4120 2245 4347 2300 ἐνοικούν-

2818 2368 2927 2404 των
2953 2353 3298 2422 τολμήματα.
3330 2348 3514 2400 Ταῦτα
3549 2347 3607 2400 δὲ
3638 2346 3827 2416 σαφῶς
3878 2345 4129 2414 Ἰώσηπος
4160 2339 4341 2408 ἱστορεῖ.

2821 2439 3031 2494 Οὐκοῦν
3063 2438 3433 2510 καυθήσεσοαί
3458 2455 3621 2507 φησιν
3671 2438 3730 2489 ὲν
3775 2437 3888 2499 τοῖς
3916 2435 4104 2488 δάσεσι
4126 2430 4211 2484 τοῦ
4241 2431 4345 2499 δρυ-

2824 2532 2945 2603 μοῦ,
2968 2533 3243 2603 ἄγρωστιν
3289 2528 3441 2602 οἶμαι
3476 2529 3680 2601 ξηρὰν,
3732 2528 3828 2580 καὶ
3885 2526 4021 2594 δάση
4044 2520 4234 2594 δρυμοῦ
4267 2519 4352 2587 τὴν

2819 2623 3081 2691 ἀγελαίαν
3109 2622 3319 2693 πληθὺν
3351 2622 3650 2692 ὀνομάζων.
3724 2616 4068 2689 Ἐμερίζοντο
4106 2614 4204 2683 γὰρ
4248 2608 4345 2663 κατ’

2828 2716 3072 2786 ἀλλήλων
3100 2716 3181 2778 είς
3213 2714 3477 2784 διχονοίας
3506 2713 3601 2765 καὶ
3630 2712 3850 2772 στάσεις
3876 2710 3926 2762 οἱ
3975 2708 4147 2777 δῆμοι.
4178 2705 4279 2755 Ὅτι
4299 2699 4350 2752 δὲ

2821 2808 2915 2861 καὶ
2944 2806 3051 2860 τῶν
3076 2802 3213 2860 εἷναὶ
3236 2823 3290 2859 τι
3310 2804 3608 2858 δοκούντων
3640 2802 3837 2872 ἅψεται
3879 2800 3941 2852 τὺ
3990 2796 4175 2857 κακὸν,
4211 2805 4346 2861 προσο

2819 2897 3108 2967 ἀποφαίνει
3136 2896 3327 2965 λέγων’
3352 2896 3459 2949 Καὶ
3477 2893 3955 2963 ωγκαταφάγεται
3986 2888 4053 2942 τὰ
4078 2884 4240 2952 κύκλῳ
4262 2880 4349 2933 τῶν

2823 2989 3029 3060 βουνῶν
3059 2988 3257 3041 πάντα·
3296 2987 3517 3057 βουνοὺς
3549 2981 3703 3056 οἶμαι
3731 2983 3909 3051 λέγων
3935 2981 4060 3044 τοὺς
4088 2977 4188 3031 τῶν
4207 2973 4351 3028 ἀλλων

2822 3076 3276 3149 ὑπερκειμένους,
3306 3076 3403 3129 καὶ
3428 3075 3818 3144 ἀνεστηκότας,
3850 3072 3885 3142 ἢ
3934 3069 4072 3124 κατὰ
4092 3068 4189 3138 τὴν
4203 3062 4347 3126 δόξαν,

2823 3166 3029 3237 ἢκατὰ
3077 3166 3171 3219 τὸν
3231 3164 3481 3229 πλοῦτον,
3530 3164 3565 3234 ἢ
3617 3162 3738 3216 καθ’
3790 3161 3981 3233 ἔτερόν
4020 3176 4132 3213 τινα
4166 3154 4349 3225 τρόπον.

2829 3259 3006 3327 Ἔφην
3033 3256 3090 3310 δὲ
3120 3256 3347 3327 ἀρτίως,
3393 3256 3477 3308 ὅτι
3510 3258 3622 3317 τοῖς
3662 3251 3803 3307 εἶναι
3861 3251 4078 3306 δοκοῦσι
4125 3244 4351 3316 intimi/ts

2825 3348 3096 3415 ἐπεφύετο
3157 3346 3345 3411 δεινῶς
3384 3345 3447 3399 τὸ
3504 3347 3563 3398 ὲν
3618 3346 3825 3417 ἑκάστῃ
3882 3343 4037 3397 πόλει
4088 3334 4354 3397 στασιάζει*

2825 3437 3039 3501 είωοὸς,
3068 3438 3144 3500 ὡς
3170 3437 3229 3490 ὲν
3257 3435 3565 3501 ἀπογνώσει
3620 3436 3776 3507 δρᾷν,
3805 3435 3841 3489 ἃ.
3882 3434 4007 3504 μηδ’
4044 3432 4108 3485 ἂν
4142 3427 4262 3494 αὑτὴ
4287 3424 4352 3476 ὅέ-

2825 3528 3025 3600 δρακεν
3050 3528 3159 3581 ἔσθ’
3198 3529 3285 3581 ὅτε
3324 3527 3434 3580 τῶν
3476 3527 3749 3597 πολεμίων
3790 3528 3824 3596 ἡ
3880 3525 4024 3596 χείρ.
4059 3522 4162 3576 Καὶ
4186 3515 4351 3572 ταῦτα.

2828 3619 2985 3689 φησὶ,
3007 3618 3096 3673 διὰ
3125 3619 3296 3689 Ουμὺν
3328 3618 3501 3689 ὀργῆς
3535 3617 3763 3687 Κυρίου.
3822 3615 4222 3684 Συγκέκαυσται
4268 3605 4357 3674 γὰρ

2826 3711 2997 3774 οὕτως
3025 3712 3059 3781 ὴ
3089 3711 3352 3781 σύμπασα
3398 3711 3508 3763 τῶν
3551 3710 3818 3763 Ἰουδαίων
3866 3708 3969 3778 γῆ.
4001 3707 4066 3758 Ἃ
4100 3705 4152 3756 δὲ
4174 3703 4353 3770 εἴρηκεν

2828 3801 3263 3871 αἰνιγματωδῶς,
3293 3800 3468 3855 ταῦτα
3492 3801 3606 3865 τοῖς
3648 3799 4021 3871 ἀκροωμένοις
4085 3793 4217 3862 σαφῆ
4251 3788 4355 3841 καθ’

2830 3893 3002 3957 ιστάς,
3030 3894 3366 3964 προσεπάγει
3398 3892 3763 3964 παραχρῆμα⁸
3787 3892 3897 3945 Καὶ
3923 3890 4074 3945 ἔσται
4099 3890 4127 3941 ὁ
4157 3883 4267 3944 λαὸς
4296 3880 4358 3939 ὼς

2830 3987 2935 4040 ὑπὸ
2957 3987 3128 4058 πυρὸς
3172 3986 3671 4055 κατακεκαυμένος.
3708 3984 4027 4053 Ἀνθρωπος
4064 3979 4149 4033 τὸν
4171 3970 4359 4039 ἀδελφὺν

2830 4077 2996 4132 αὐτοῦ
3023 4078 3124 4131 οὐκ
3146 4077 3380 4147 ἐλεήσει.
3415 4075 3627 4145 Ὠσπερ
3658 4075 3763 4145 γὰρ
3784 4074 3833 4127 oi
3863 4073 4083 4143 μόσχοις
4108 4066 4355 4132 ἐπάγοντες

2832 4166 2968 4238 πῦρ,
2997 4166 3410 4237 παραθήγουσιν
3444 4166 3525 4228 είς
3554 4163 3744 4236 ὀργὰς,
3796 4162 3891 4216 καὶ
3934 4161 4034 4223 τὰς
4080 4155 4195 4211 καθ’
4223 4147 4286 4206 ὧν
4306 4149 4357 4200 ἀν

2835 4256 2965 4308 ίοιεν
2988 4256 3208 4323 ἐφόδους
3238 4254 3548 4324 ἀδρωτέρας
3568 4252 3837 4305 ποιεῖσθαι
3868 4244 4352 4321 παρασκευάζουσιν·

2831 4345 2993 4406 οῦτω,
3029 4345 3182 4415 φησὶ,
3229 4345 3323 4399 καὶ
3376 4345 3603 4407 ἕκαστος
3646 4343 3799 4396 ἔσται
3848 4341 3959 4395 τῶν
4008 4339 4147 4393 λαῶν
4186 4334 4251 4395 ὡς
4276 4327 4358 4382 ὖπδ

2834 4437 3005 4508 πυρὸς
3036 4436 3533 4507 κατακεκαυμένος.
3573 4432 3841 4504 ’(ιρμηταί
3874 4449 3933 4484 τε
3976 4431 4083 4500 γὰρ
4119 4428 4203 4481 καὶ
4229 4419 4355 4489 ἀφιλ-

2764 4554 2807 4609 ι)
2833 4528 3222 4599 οικτείρμονες,
3269 4529 3364 4582 καὶ
3412 4527 3675 4598 ἀδελφοὺς
3703 4527 3806 4580 οὐκ
3859 4525 4095 4585 εἰδότες,
4131 4514 4276 4573 δεινοί

2836 4620 2930 4673 καὶ
2962 4618 3286 4689 ἀγριόουμοι
3338 4619 3541 4681 πάντες
3578 4618 3791 4671 ἔσονται
3840 4617 3959 4668 κατ’
3998 4610 4244 4681 ἀλλήλων,
4284 4600 4358 4655 καὶ

2835 4709 3039 4781 Θηρίων
3071 4709 3226 4779 δίκην
3280 4708 3423 4778 λιμῷ
3455 4707 3806 4778 τεθηγμένων
3860 4706 3940 4767 είς
3984 4699 4260 4771 ἀγριότητα
4281 4689 4358 4756 τὴν

2834 4800 2976 4854 κατά
2999 4815 3180 4853 τινων·
3222 4798 3559 4852 ὲκκλινοῦσιν
3588 4799 3666 4860 εἰς
3695 4799 3763 4849 τὰ
3816 4793 3987 4860 δεξιὰ,
4019 4790 4111 4844 καὶ
4138 4785 4357 4854 φάγονται

2833 4895 2898 4945 ὲκ
2924 4891 3033 4944 τῶν
3064 4890 3382 4960 ἀριστερῶν·
3413 4887 3558 4942 τοῦτ’
3582 4888 3749 4952 ἐστιν,
3795 4886 3920 4956 τῇδε
3972 4879 4185 4938 κάκεῖσε
4231 4887 4356 4940 περι·

2837 4983 3260 5054 πραφὴσονται,
3297 4979 3695 5041 καταδακόντες
3722 4977 3847 5041 τοὺς
3865 4980 3928 5030 ὲκ
3945 4976 4149 5041 δεξιῶν,
4186 4969 4291 5026 τοὺς
4313 4960 4358 5024 ἐξ

2836 5072 3154 5143 εὐωνύμων,
3221 5072 3524 5141 φειδόμενοι
3581 5087 3641 5123 τε
3698 5068 3961 5139 μηδαμῶς
4008 5064 4235 5124 οὐδενὸς.
4285 5054 4359 5143 κᾷὶ

2834 5166 3128 5235 ἀκόρεστον
3150 5162 3365 5232 ἔχοντες
3392 5162 3494 5230 τῆς
3540 5162 3658 5215 κατ’
3688 5161 3932 5231 ἀλλήλων
3961 5157 4147 5226 ἐφόδου
4172 5152 4252 5205 τὸν
4279 5142 4357 5195 W5-

2838 5256 2949 5310 Θον.
2978 5253 3056 5309 Οὐ
3092 5253 3200 5323 γὰρ
3240 5254 3314 5323 μὴ
3340 5252 3627 5324 ἐμπλησθῇ
3648 5291 3662 5313 ,
3681 5251 3865 5321 φησὶν,
3899 5250 4172 5318 ἀνθρωπος
4200 5235 4359 5292 ἐσθίων

2838 5346 2936 5408 τὰς
2991 5345 3200 5415 σάρκας
3253 5343 3348 5395 τοῦ
3399 5344 3679 5413 βραχίονος
3749 5340 3939 5395 αὑτοῦ.
3989 5340 4053 5390 ’Ὠ
4099 5324 4358 5415 παραδόξον

2840 5409 3194 5503 πρᾶγμα-τοςὶ
3253 5409 3408 5487 Οὐδὲγ
3435 5409 3641 5485 ἑαυτῶν
3689 5431 3984 5500 φείσονται,
4033 5424 4205 5495 φησιν,
4230 5416 4293 5477 ὼς
4316 5409 4360 5472 ἐξ

2839 5525 3077 5592 ἀκράτου
3119 5523 3334 5590 μανίας.
3384 5522 3782 5589 ’Δπεγνωκὸτες
3809 5521 3917 5592 γὰρ
3957 5515 4100 5579 ἅπαξ
4123 5511 4240 5582 πρὸς
4274 5503 4359 5592 τξεῖν

2838 5613 3014 5666 ὁτιοῦν
3036 5611 3142 5665 τῶν
3169 5614 3558 5666 ἑκτοπωτάτων
3605 5612 3909 5681 βαδιοῦνται
3959 5603 4223 5662 νεανικῶς.
4252 5590 4359 5649 Εἶτα

2842 5720 3024 5771 φησιν,
3058 5703 3139 5755 ὅτι
3166 5702 3402 5769 Φάγεται
3431 5703 3538 5772 γὰρ
3577 5680 3872 5770 Μανασσῆς
3894 5700 3985 5777 τοῦ
4012 5692 4251 5764 Ἐφραῖμν
4284 5680 4360 5777 {ﬁ

2854 5791 3090 5863 'gepatp
3124 5791 3215 5845 τοῦ
3247 5793 3534 5860 Μανασσῆ.
3577 5790 3817 5860 Ἐφραῖμ
3854 5790 3909 5843 δὲ
3964 5772 4052 5842 ναξ
4106 5772 4359 5839 Μανασσῆς
