4742 6476
523 355 656 413 επ.
1675 341 1742 395 IN
1782 340 2017 395 ISAIAM
2056 339 2185 394 LIB.
2227 340 2270 396 1.
2308 339 2396 394 ΟΒ

1905 340 2017 395 IAM
2056 339 2185 394 LIB.
2227 340 2270 396 1.
2308 338 2515 394 ORAT.
2557 337 2664 393 γι.
3659 331 3778 387 9.78-

521 469 623 525 δύὸ
651 465 936 538 γεγόνασιν
989 459 1226 530 ἀδελφοὶ,
1273 458 1369 513 καὶ
1410 455 1602 527 Ἰωσὴφ
1644 454 1768 508 υἱοί.
1809 453 1947 506 Ἀλλ’
1984 451 2103 505 οὐδὲ
2135 461 2178 516 Α
2206 453 2348 508 enim

1895 453 1947 505 ,λ’
1984 451 2103 505 οὐδὲ
2135 453 2348 516 Αειιίιιι
2406 451 2543 505 alius
2599 450 2650 504 in
2701 448 2865 503 alium
2922 446 3134 505 fratres.
3191 443 3473 501 et-eodem
3521 441 3768 514 prognati

525 534 750 620 misti
799 553 1050 623 αἵματος,
1092 549 1275 618 φησὶν,
1318 547 1398 609 είς
1448 543 1686 597 διάθεσιν
1736 538 2101 610 συνημμένοις
2209 545 2398 601 εειηίιη

1895 538 2101 608 ιμένοις
2209 545 2455 608 semine,
2503 557 2640 596 unus
2697 541 2752 596 iu
2807 556 3009 605 unum,
3062 539 3166 592 duo
3223 537 3274 591 in
3343 535 3592 590 alterum.
3659 534 3768 590 Co-

529 645 838 720 βραϐεύσειο
878 643 1000 696 τότε
1049 641 1150 710 τὴν
1203 638 1427 709 εἰρήνην
1469 637 1504 707 ἡ
1567 632 1749 702 φύσις·
1800 630 2104 701 ἀργὴσουσι
2211 637 2390 691 male;

1898 630 2104 700 νήσουσι
2211 637 2390 691 medet
2447 647 2662 702 nempe,
2741 632 2944 701 inquit,
3019 629 3291 684 Manasses
3349 627 3640 696 Ephraim.
3717 634 3771 680 et

527 717 636 807 τῆς
679 732 997 804 συγγενείας
1048 731 1098 783 οἰ
1146 729 1320 798 νόμοι.
1368 723 1951 792 Κατεξαναστήσονται
1996 718 2106 789 γὰρ
2211 725 2400 795 Εριιηῑ

1902 737 1951 773 ιιι
1996 718 2106 789 γὰρ
2211 725 2464 795 prraim
2513 724 2837 787 Mauassem,
2881 721 3131 790 quoniam
3172 721 3331 774 simul
3363 717 3557 774 ludam
3606 731 3775 786 Oppu-

531 827 786 898 ἀλλήλων
813 823 1034 893 ἀδελφοὶ
1088 821 1185 875 καὶ
1235 818 1553 890 ὁμόσποροι,
1589 809 1671 878 εἷς
1697 830 1757 866 τε
1784 811 1908 865 καθ’
1967 810 2106 873 ἐνὸς,
2212 817 2404 886 gnatm]

1905 814 1908 831 '
1967 810 2106 873 ἐνὸς,
2212 817 2492 886 gnabunt:
2521 815 2703 882 itaque
2743 812 3062 868 cenl‘usione
3089 810 3292 881 repleta
3323 819 3449 865 sunt
3492 809 3691 874 omnia,
3722 817 3778 862 et

534 923 631 974 καὶ
659 916 787 972 καθ’
842 915 1028 986 ἑτέρου
1057 911 1170 966 δύο.
1207 910 1444 978 Φάγεται
1485 906 1616 976 γὰρ,
1653 903 1809 975 φησὶ,
1839 901 2108 971 Μανασσῆ
2217 908 2270 962 in
2299 921 2404 976 quo

1907 901 2108 971 ανασσῆ
2217 908 2270 962 in
2299 921 2434 976 quos
2466 920 2569 960 non
2603 904 2820 970 licebat,
2844 913 2898 958 et
2944 919 2975 957 a
3021 902 3216 971 quibus
3255 916 3366 955 non
3389 899 3601 966 licebat,
3655 914 3780 968 per-

534 1010 631 1065 τοῦ
691 1005 951 1079 Ἐφραῒμ,
983 1004 1080 1057 καὶ
1120 998 1361 1073 Ἐφραῒμ
1413 996 1507 1051 τοῦ
1535 994 1826 1063 Μανασσῆ,
1875 993 1957 1046 ὅτι
1994 990 2112 1079 ἅμα
2218 997 2407 1051 ιηῐεριιε

1903 1009 1957 1044 τι
1994 990 2112 1079 Ely-9!
2218 997 2422 1051 miscue
2463 995 2611 1052 furor
2648 995 2760 1066 egit
2782 992 2984 1048 omnia.
3019 991 3086 1046 Et
3119 993 3234 1046 haec
3255 989 3474 1058 quidem
3498 989 3776 1050 historice,

536 1077 965 1172 πολιορκησουσι
1013 1095 1106 1148 τὸν
1138 1091 1361 1146 Ἰούδαν.
1413 1084 1737 1158 Συγχύσεως
1781 1079 1876 1136 οῦν
1905 1081 2015 1151 ἄρα
2045 1077 2114 1132 τὰ
2219 1099 2409 1156 quema

1906 1077 2114 1172 ipa-7‘31
2219 1085 2668 1156 quemadmodum
2720 1083 2854 1150 dixi,
2898 1083 3058 1138 coetui
3092 1080 3398 1135 Judzeorum
3443 1078 3779 1134 acciderunt.

540 1168 722 1248 πάντα
757 1168 1096 1262 μγεμέστωτο,
1132 1184 1226 1238 καὶ
1254 1182 1542 1250 ἀδιάκριτα
1569 1175 1805 1231 πᾶσι-τὰ
1836 1173 1894 1240 ἐξ
1919 1171 2112 1244 ὀργῆς.
2221 1169 2386 1230 Nobis

1919 1171 2112 1244 ὀργῆς.
2221 1169 2386 1230 Nobis
2424 1183 2601 1228 autem
2655 1173 2786 1244 ipsis
2821 1173 2985 1228 etiam
3033 1171 3337 1227 cavendum
3393 1177 3495 1224 est.
3555 1168 3783 1223 Punitur

541 1286 638 1340 καὶ
663 1259 786 1339 καό⁹
818 1259 893 1336 ὧν
941 1280 1002 1335 οὐ
1030 1277 1209 1347 Θέμις,
1263 1269 1517 1341 καὶ-παρ’
1560 1261 1636 1323 ὧν
1687 1267 1749 1320 οὐ
1799 1265 1976 1331 Θέμις.
2006 1263 2124 1319 Καὶ
2222 1267 2364 1321 enim

1910 1282 1976 1328 ις.
2006 1263 2124 1319 Καὶ
2222 1267 2364 1321 eniin
2418 1266 2801 1329 inobedieutia,
2859 1275 2915 1320 et
2959 1265 3013 1319 iu
3074 1279 3233 1334 quam
3283 1261 3529 1332 quisquis
3571 1259 3783 1323 recidit,

540 1375 706 1429 ταυτὶ
755 1372 876 1443 μὲν,
906 1370 984 1432 ὡς
1025 1367 1183 1438 ἔφην,
1212 1361 1500 1434 ίστορικῶς
1543 1360 1663 1422 ταῖς
1706 1356 1814 1410 τῶν
1850 1355 2117 1409 Ἰουδαίων
2226 1365 2413 1424 tanqu:

1933 1355 2117 1409 ›δαίων
2226 1356 2605 1424 tauquamigni
2630 1355 2998 1421 comburetur,
3021 1367 3253 1423 eumque
3277 1363 3330 1408 et
3381 1349 3617 1406 carnalis
3643 1349 3806 1403 volu-~

544 1440 776 1536 ἀγέλαις
799 1461 994 1533 συνέϐη
1025 1457 1238 1513 παθεῖν.
1269 1448 1725 1524 Παραφυλακτέον
1753 1447 1811 1501 δὲ
1855 1447 1951 1500 καί⁸
1989 1447 2118 1516 ἡμῖν
2226 1455 2368 1516 ptas,

1919 1447 1951 1499 ιὶ
1989 1447 2118 1516 ἡμῖν
2226 1455 2368 1516 ptas,
2434 1457 2489 1501 et
2547 1447 2744 1502 ardens
2780 1446 3048 1516 cupiditas
3103 1445 3440 1499 incendent:
3479 1456 3542 1496 ac
3587 1441 3693 1495 erit
3738 1440 3792 1494 ei

545 1532 754 1621 αῦτοῖς.
785 1553 1088 1618 Κολάζεται
1117 1549 1226 1619 γὰρ
1267 1547 1329 1600 τὸ
1364 1545 1646 1615 δυσήκοον,
1691 1541 1788 1593 καί¹
1827 1540 1878 1592 εί
1915 1555 1999 1601 τις
2041 1537 2122 1600 εἰς
2228 1541 2374 1592 lutus

1919 1555 1999 1601 τις
2041 1537 2122 1600 εἰς
2228 1541 2374 1592 lutus
2439 1539 2493 1590 in
2543 1539 2726 1592 animo
2772 1552 2836 1591 ac
2877 1539 3040 1592 corde
3090 1551 3265 1606 pugna
3310 1532 3687 1598 intolerabilis,
3728 1546 3792 1584 ac

544 1648 712 1703 τοῦτο
750 1645 930 1704 πέσοι,
958 1643 1036 1706 ὡς
1086 1639 1191 1693 ὑπὸ
1223 1635 1396 1707 πυρὸς
1439 1632 1807 1702 καυθήσεται,
1853 1627 2122 1696 καταφλεο

545 1741 759 1810 γούσης
780 1736 943 1792 αὐτὸν
971 1733 1068 1788 καὶ
1096 1728 1364 1803 σαρκικῆς
1400 1725 1613 1798 ἡδονῆς,
1635 1723 1732 1776 καὶ
1755 1721 1964 1792 θερμῆς
2003 1722 2124 1772 επι-

2229 1629 2470 1698 insurget
2499 1638 2685 1683 contra
2732 1629 2979 1698 spiritum
3020 1641 3167 1694 caro,
3219 1636 3274 1682 et
3316 1627 3506 1695 ingens
3544 1623 3652 1676 erit
3708 1621 3796 1690 ja-

2231 1721 2398 1773 ctatio
2422 1734 2485 1773 ac
2513 1717 2876 1773 tumultuatio.
2897 1718 3076 1785 Quare
3105 1716 3263 1772 sicuti
3288 1724 3341 1771 et
3358 1715 3571 1769 divinus
3595 1711 3805 1772 Paulus

551 1803 784 1904 θυμίας.
815 1828 965 1892 Ἐξει
1013 1825 1071 1879 δὲ
1092 1824 1187 1877 καὶ
1211 1824 1292 1886 εἰς
1314 1820 1440 1874 νοῦν
1475 1819 1570 1871 καὶ
1601 1815 1828 1887 καρδίαν
1857 1814 2130 1884 ἀφόρητον
2162 1815 2204 1870 Β
2233 1811 2404 1879 inquit

1920 1814 2130 1884 >όρητον
2162 1815 2204 1870 Β
2233 1811 2404 1879 inquit
2428 1828 2442 1865 :
2481 1827 2499 1860 ι
2521 1809 2722 1878 Spiritu
2742 1809 3031 1874 ambulate,
3060 1816 3114 1862 et
3135 1806 3480 1873 cupiditatem
3515 1803 3696 1861 carnis
3725 1818 3793 1856 ne

555 1901 1325 1992 μάχηνο-κατεξαναστήσεται
1353 1909 1462 1980 γὰρ
1473 1907 1567 1962 τοῦ
1588 1904 1896 1974 πνεύματος
1916 1903 1950 1972 ἡ
1969 1901 2126 1971 σὰρξ,

552 2011 652 2065 καὶ
682 2011 740 2062 ὲν
765 2006 1014 2078 Θορύῆοις
1062 2003 1214 2056 ἔσται
1257 2000 1491 2061 πολλοῖς.
1543 1997 1654 2062 Διὸ,
1720 1994 1864 2048 καθά
1908 2009 2072 2063 φησιν
2101 1993 2141 2044 δ’

556 2098 848 2160 Θεσπέσιος
880 2094 1110 2157 Παῦλος·
1150 2111 1169 2144 ι
1192 2091 1283 2144 Ἐν
1311 2088 1583 2158 πνεύματι
1611 2086 1988 2156 περιπατεῖτε,
2037 2081 2132 2135 καὶ

551 2189 855 2259 ἐπιθυμίαν
889 2185 1091 2257 σαρκὸς
1116 2184 1178 2237 οὐ
1215 2181 1289 2253 μὴ
1316 2179 1590 2250 τελέσητε.
1624 2197 1642 2229 ι
1679 2175 2131 2244 ’Υποταττόμενοι

551 2284 665 2354 γὰρ
688 2281 767 2351 τῷ
783 2279 901 2350 Θεῷ
932 2276 1378 2349 περιπατήσομεν
1407 2273 1466 2324 ὲν
1500 2269 1796 2338 πνεύματι,
1825 2268 1918 2320 καὶ
1949 2266 2134 2338 κρείτ-

553 2388 685 2434 τους
710 2362 942 2439 ἐσόμεθα
977 2364 1256 2438 σαρκικῶν
1278 2359 1604 2431 ἐπιθυμιῶν,
1637 2360 1734 2411 καὶ
1772 2355 1872 2420 τὰς
1899 2357 1978 2419 είς
2007 2355 2132 2408 νοῦν

559 2461 672 2513 ἔσω
691 2461 988 2530 νικήσομεν
1011 2456 1234 2527 φλόγας,
1273 2454 1370 2507 καί⁸
1419 2450 1782 2506 ἀστασίαστον
1822 2448 2138 2518 τηρήσομεν

2235 1899 2568 1970 perieceritis
2601 1901 2666 1955 “.
2693 1919 2711 1953 ι
2741 1899 2873 1954 Nam
2915 1900 2958 1954 si
2989 1899 3095 1953 Deo
3140 1898 3338 1952 subditi
3371 1910 3579 1960 sumus,
3612 1892 3798 1948 ambu-

2234 1991 2468 2046 labimus
2509 1992 2560 2045 in
2593 1991 2810 2058 spiritu,
2844 1999 2900 2045 et
2935 1989 3179 2043 carnales
3217 1988 3536 2058 cupiditates
3571 1998 3798 2054 supera-

2235 2083 2431 2147 bimus,
2493 2083 2839 2152 internasque
2905 2081 3066 2135 animi
3099 2079 3242 2134 faces
3282 2080 3576 2144 vincemus,
3612 2086 3667 2131 et
3704 2089 3808 2130 cor.

2239 2174 2581 2246 tranquillum
2627 2185 2985 2244 pacatumque
3021 2171 3481 2228 conservabimus.
3514 2169 3622 2223 Pax
3653 2167 3811 2222 enim

2239 2266 2356 2330 Dei,
2411 2266 2554 2320 sicut
2599 2267 2858 2332 scriptum
2906 2273 2990 2318 est
3036 2265 3104 2327 ι’,
3159 2277 3279 2331 quas
3322 2268 3542 2329 superat
3586 2272 3815 2312 omnem.

2239 2366 2493 2426 mentem,
2533 2357 2801 2414 custodiet
2867 2355 3030 2412 corda
3075 2363 3295 2420 nostra,
3337 2360 3393 2408 et
3451 2350 3817 2423 cogitationes

2239 2457 2476 2504 nostras.
2886 2497 2888 2500 .

558 2549 661 2619 τὴν
685 2548 934 2619 καρδίαν.
978 2547 1044 2600 Ἦ
1087 2546 1195 2614 γὰρ
1219 2543 1409 2613 εἰρήνη
1449 2539 1544 2594 τοῦ
1601 2538 1770 2603 Θεοῦ,
1835 2536 1980 2590 καθὰ
2036 2535 2367 2608 γέγραπται,
2399 2542 2433 2611 ή
2470 2539 2808 2612 ὑπερέχουσα
2845 2537 3021 2592 πάντα
3056 2532 3642 2610 νοῦν,,φρουρήσειτὰς
3671 2546 3808 2600 καρέ

565 2641 686 2704 δίας
719 2643 751 2711 ἡ
762 2639 878 2710 μῶν
903 2640 996 2692 καὶ
1030 2637 1100 2692 τὰ
1126 2639 1367 2710 νοήματα
1397 2635 1574 2708 ἡμῶν.

647 2731 777 2784 Ἐπί
824 2729 975 2785 πᾶσι
1025 2731 1256 2796 τούτοις
1295 2731 1404 2783 οὐκ
1447 2724 1824 2794 ἀπεστράφη
1844 2726 1877 2778 ό
1933 2720 2144 2792 θυμὸς,

564 2823 707 2879 ἀλλ’
737 2821 825 2876 ἔτι
853 2820 982 2890 χεὶρ
1017 2819 1260 2890 ὑψηλή.
1303 2820 1450 2874 Οὐαί
1480 2818 1604 2885 τοῖς
1630 2817 1928 2888 γράφουσι
1963 2832 2146 2885 πονη-

561 2915 728 2985 ρίαν.
771 2912 1124 2982 Γράφοντες,
1155 2911 1264 2980 τὰρ
1308 2911 1604 2980 πονηρίαν
1643 2907 1979 2979 γράφουσιν
2000 2923 2015 2938 °
2045 2908 2145 2961 ἐκ·

570 3007 889 3070 cellar-ortae
925 3003 1126 3071 κρίσιν
1167 3001 1435 3071 πτωχῶν,
1479 3001 1579 3056 καὶ
1619 2999 1976 3069 ἁρπάζοντες
2018 2998 2146 3067 κρί-

2316 2721 2446 2780 CAP.
2481 2721 2552 2777 X.
2592 2721 2753 2776 VEBS.
2795 2721 2910 2777 1-4.
2948 2720 3015 2774 In
3058 2718 3298 2775 omnibus
3334 2718 3416 2772 his
3460 2733 3564 2772 non
3598 2734 3831 2772 aversus:

2245 2824 2319 2870 est
2346 2813 2514 2882 furor,
2548 2813 2638 2868 sed
2665 2813 2836 2866 adhuc
2860 2828 3048 2867 manus
3077 2811 3303 2866 excelsa.
3339 2807 3432 2863 Va:
3459 2809 3549 2878 qui
3573 2811 3821 2862 scribunt.

2245 2907 2598 2978 iniquitatem.
2631 2904 2924 2961 Scribentes
2961 2903 3101 2958 enim
3134 2901 3482 2972 iniquitatem
3536 2899 3822 2964 scribunt;

2249 2999 2568 3055 declinantes
2602 2997 2872 3068 judicium
2921 3008 3232 3064 pauperum,
3271 3002 3320 3046 et
3373 2991 3679 3060 diripientes
3721 2990 3813 3058 jus

565 3113 732 3168 ματα
772 3095 1043 3162 πενήτων
1074 3093 1182 3150 τοῦ
1225 3095 1378 3149 λαοῦ
1403 3111 1542 3163 μου,
1576 3093 1732 3146 ὥστε
1768 3093 1920 3146 εἶναι
1946 3090 2150 3157 αὐτοῖς
2175 3135 2217 3192 C
2249 3090 2438 3156 inopibt

1946 3090 2150 3192 αὐτοῖς
2175 3135 2217 3192 C
2249 3090 2487 3192 inopibus
2513 3090 2692 3192 populi
2709 3090 2946 3192 mei,qu3
2963 3085 3146 3190 viduas
3174 3083 3398 3192 Itqbeant
3420 3083 3633 3192 premite,

575 3188 776 3260 χήραν
801 3190 889 3254 εις
913 3185 1210 3257 ἁρπαγὴν,
1241 3185 1342 3239 καὶ
1391 3182 1656 3254 ὀρφανὸν
1695 3185 1781 3248 είς
1817 3181 2144 3252 προνομήν.

579 3282 690 3336 Καὶ
716 3279 776 3333 τι
803 3278 1137 3346 ποιήσωσιν
1167 3277 1238 3332 ἐν
1262 3276 1337 3344 τῇ
1375 3275 1565 3346 ἡμέρᾳ
1609 3271 1720 3342 τῆς
1768 3272 2150 3340 ἐπισκοπῆς;

589 3373 657 3427 Ἠ
679 3373 792 3440 γὰρ
819 3370 1024 3438 θλίψις
1045 3369 1188 3439 ὑμῖν
1215 3369 1515 3436 πόρρωθεν
1549 3365 1702 3434 ἣξει·
1722 3363 1818 3419 καί
1849 3363 2000 3432 πρὸς
2023 3365 2155 3416 τινα

581 3463 1050 3533 acutae-82363008,
1093 3459 1201 3514 τοῦ
1235 3457 1650 3527 ,βσηθηθῆναι;
1685 3455 1784 3510 καὶ
1826 3454 1944 3509 ποῦ
1977 3470 2152 3508 κατα-

581 3555 816 3623 λήψετε
865 3553 977 3622 τὴν
1017 3552 1206 3616 δόξαν
1240 3550 1426 3621 ὑμῶν,
1457 3546 1564 3603 τοῦ
1603 3547 1689 3619 μὴ
1743 3545 2028 3618 ἐμπεσεῖν
2071 3547 2157 3611 εἰς

582 3644 904 3715 ἐπαγωγήν
918 3661 937 3709 ;

660 3739 791 3790 Ὅτε
816 3736 916 3799 τὰς
945 3734 1054 3788 τῶν
1086 3733 1355 3787 Ἰουδαίων
1384 3729 1690 3801 συμφορὰς,
1715 3728 1811 3782 καὶ
1837 3727 1906 3781 τὰ
1927 3726 2163 3798 ἐσόμενα

591 3827 762 3898 βλάϐη
809 3826 898 3879 διὰ
937 3825 1038 3894 τῆς
1083 3823 1192 3877 τῶν
1235 3820 1508 3891 πολεμίων
1553 3819 1771 3890 χειρὸς,
1830 3815 2162 3885 πλατύτερον

591 3919 724 3989 ἡμῖν
773 3917 805 3969 ὁ
853 3915 1186 3987 προφητικὺς
1240 3911 1516 3982 ἐξηγεῖται
1562 3911 1739 3979 λόγος,
1771 3908 1892 3962 τότε
1938 3906 2003 3978 δὴ
2039 3907 2160 3959 λίαν

595 4010 778 4080 σοφῶς
819 4027 880 4062 τε
925 4011 1020 4063 καὶ
1062 4005 1419 4077 οἰκονομικῶς
1448 4003 1698 4075 ἐπιφέρει
1722 4002 1822 4065 τὰς
1848 3999 2046 4062 αἰτίας,
2078 4000 2162 4069 sep“

595 4096 684 4166 αίς
729 4101 760 4153 ὁ
790 4100 898 4154 τῶν
929 4099 1064 4153 ὅλων
1096 4097 1394 4167 λελύπηται
1438 4094 1589 4159 Θεὸς,
1619 4094 1712 4146 καὶ
1740 4092 1996 4162 πειρᾶται
2023 4089 2168 4144 διδά-

598 4210 749 4248 σκειν
775 4193 857 4246 ὅτι
889 4191 1067 4261 ψῆφος
1092 4190 1180 4243 ἐπ’
1209 4189 1390 4251 αὐτοῖς
1413 4186 1534 4241 ὁσία
1556 4187 1746 4256 γέγονε
1773 4184 2011 4238 καλοῦσα
2031 4183 2168 4254 πρὸς

597 4287 772 4358 δίκην.
806 4286 881 4338 UO
908 4285 1014 4356 γὰρ
1044 4283 1244 4346 ἀδίκως
1282 4281 1579 4335 ἐκτείνεται
1610 4279 1800 4333 δίκτυα
1847 4278 2166 4348 πτερωτοῖς,

599 4377 746 4433 κατὰ
773 4376 835 4430 τδ
859 4375 1266 4446 γεγραμμένον.
1299 4373 1433 4427 Οὐαὶ
1467 4371 1667 4436 τοίνυν,
1701 4369 1856 4440 φησὶ,
1879 4371 1992 4430 τοῖς
2034 4367 2171 4438 γρά-

2249 3190 2297 3236 et
2324 3181 2550 3249 pupillos
2579 3181 2850 3248 diripiant.
2901 3177 3042 3243 Quid
3076 3191 3192 3230 vero
3217 3174 3414 3244 facient
3445 3172 3499 3225 in
3521 3173 3604 3226 die
3625 3171 3814 3226 uisita—

2251 3273 2446 3329 tionis?
2491 3272 2715 3343 Aﬁiictio
2748 3270 2885 3326 enim
2926 3269 3066 3324 vobis
3111 3267 3176 3321 de
3221 3265 3369 3335 longe
3422 3267 3606 3318 ueniet.
3634 3261 3701 3315 Et
3749 3260 3818 3314 ad

2251 3379 2403 3433 quem
2431 3363 2757 3433 perfugietis,
2787 3370 2845 3414 ut
2876 3359 3134 3414 auxilium
3171 3353 3604 3424 consequamini?
3630 3356 3700 3408 Et
3731 3351 3820 3406 ubi

2256 3452 2557 3522 relinquetis
2602 3451 2826 3522 gloriam
2860 3459 3107 3515 vestram,
3145 3463 3231 3517 ⁸ηε
3271 3445 3518 3500 incidatis
3552 3444 3608 3498 in
3654 3442 3823 3497 abdu-

2257 3541 2524 3596 stionem?

2329 3742 2462 3798 Cum
2502 3739 2808 3796 indecorum
2843 3735 3201 3797 calamitates,
3236 3741 3291 3788 ct
3339 3730 3678 3788 incommoda
3723 3733 3829 3785 ho-

2262 3832 2374 3889 stili
2421 3844 2580 3886 manu
2628 3829 2832 3893 futura,
2863 3826 3024 3880 latius
3071 3824 3230 3880 nobis
3277 3822 3620 3892 propheticus
3649 3835 3836 3876 sermo

2263 3923 2505 3992 exponit,
2554 3929 2680 3975 tunc
2732 3915 3151 3990 prudentissime
3204 3928 3417 3984 quoque
3468 3920 3525 3967 et
3581 3910 3842 3980 apposite—

2266 4014 2430 4070 iufert
2475 4025 2688 4077 causas,
2721 4017 2939 4080 propter
2965 4021 3101 4078 quas
3146 4004 3516 4060 universitatis
3560 4002 3706 4057 Deus
3744 4000 3836 4057 of-

2268 4108 2453 4165 fensus
2491 4105 2933 4172 est,.d0cereqne
2995 4108 3244 4162 conatur,
3282 4109 3505 4152 causam
3541 4095 3833 4172 liancoesse

2268 4205 2512 4253 sanctum
2553 4194 2824 4247 decretum
2860 4187 2979 4250 Dei,
3016 4187 3084 4240 ad
3133 4199 3346 4255 poenam
3399 4180 3667 4236 vocantis.
3717 4177 3832 4234 Non

2271 4285 2414 4341 enim
2458 4283 2655 4351 injuste
2708 4280 3002 4335 tenduntur
3039 4276 3175 4331 retia
3213 4272 3539 4336 volucribus,
3583 4269 3737 4340 juxta
3781 4267 3844 4321 id

2272 4376 2417 4448 quod
2451 4375 2710 4443 scriptum
2753 4381 2859 4427 est.
2906 4369 2998 4423 Vae
3026 4367 3212 4438 igitur,
3240 4363 3437 4434 inquit,
3471 4361 3564 4432 qui
3591 4360 3850 4416 scribunt

601 4486 763 4541 φουσι
787 4466 1070 4538 πονηρίαν.
1095 4465 1406 4536 Γράφοντες
1426 4463 1534 4534 γὰρ
1558 4461 1823 4533 πονηρίαν
1848 4459 2171 4530 γράφουσιν,
2202 4480 2247 4535 ι)
2276 4466 2474 4536 iniquit

1960 4475 2171 4528 φουσινι
2202 4480 2247 4535 ι)
2276 4466 2635 4536 iniquitatem.
2668 4462 2977 4517 Scribentes
3003 4457 3150 4512 enim
3198 4455 3535 4523 iniquitatem
3566 4450 3833 4513 scribunt,

603 4559 942 4621 ἐκκλίνοντες
964 4555 1146 4627 κρίσιν
1174 4555 1424 4624 πτωχῶν,
1459 4553 1553 4607 καί⁸
1576 4551 1911 4622 ἁρπάζοντες
1931 4549 2175 4621 κρίματα

603 4652 852 4723 πενήτων
901 4649 996 4702 τοῦ
1043 4647 1174 4700 λαοῦ
1225 4643 1532 4718 μου.“Ἠσαν
1586 4644 1684 4714 μὲν
1729 4641 1838 4711 γὰρ
1885 4639 2035 4712 παρὰ
2063 4641 2177 4701 τοῖς

615 4741 892 4804 Ἰουδαίοις
933 4741 983 4794 οἰ
1038 4737 1363 4808 καλούμενοι
1408 4733 1984 4806 γραμματεῖς.Ἐργον
2011 4731 2070 4784 δὲ
2108 4726 2179 4800 ἦν

605 4835 789 4895 αὐτοῖς
822 4831 914 4884 τὸν
947 4832 1031 4899 ἐφ’
1063 4829 1277 4900 ἑκάστῳ
1331 4827 1616 4897 πράγματι
1643 4824 1737 4878 τοῦ
1778 4824 1941 4894 νόμου
1982 4822 2181 4876 σκοπὸν

606 4928 716 4989 τοῖς
741 4923 984 4978 ἐθέλουσι
1016 4922 1206 4992 μαθεῖν
1230 4921 1374 4990 σαφῆ
1399 4937 1458 4972 τε
1486 4919 1678 4982 ποιεῖν,
1713 4917 1808 4970 καὶ
1837 4919 1950 4979 τοῖς
1979 4916 2040 4968 τὸ
2063 4916 2177 4969 δια-

609 5022 813 5092 κρίνειν
865 5018 1025 5079 λαοὺς
1073 5011 1571 5084 ὲγκεχειρισμένοις
1625 5007 1693 5061 τὰ
1721 5009 1895 5062 τοιάδε
1943 5007 2176 5078 προσϐα-

611 5112 743 5166 λεῖν.
765 5109 1080 5179 Γέγραπται
1102 5105 1180 5165 δὲ,
1205 5104 1287 5155 ὅτι
1316 5120 1334 5152 ι
1359 5100 1526 5170 Χείλη
1542 5098 1731 5170 ἱερέως
1745 5096 2036 5166 φυλάξεται
2057 5094 2179 5166 κρίψ

619 5219 720 5268 σιν,
753 5200 848 5254 καὶ
874 5199 1040 5269 νόμον
1093 5195 1482 5265 ἐκζητήσουσιν
1524 5194 1587 5244 ὲκ
1633 5189 1896 5260 στόματος
1929 5187 2115 5243 αὑτοῦ.
2155 5206 2176 5240 ι

627 5291 954 5360 Ἡττώμενοι
1013 5287 1192 5342 τοίνυν
1260 5283 1500 5355 αἰσχρῶν
1553 5280 1872 5352 λημματίων
1897 5319 1912 5345 ,
1966 5279 2183 5339 ἀδίκους

2272 4563 2654 4628 detorquentes
2688 4551 2951 4622 judicium
2987 4561 3306 4616 pauperum,
3328 4553 3383 4599 et
3422 4542 3716 4610 eripientes
3750 4539 3838 4608 jus

2272 4650 2524 4720 in0pibus
2565 4645 2745 4716 populi
2796 4640 2924 4697 mei.
2959 4638 3298 4693 Exstiterunt
3335 4633 3533 4720 etenim
3571 4631 3708 4699 apud
3740 4629 3836 4684 Ju-

2276 4743 2420 4797 daeos
2454 4736 2682 4802 Scribm,
2728 4742 2790 4788 ut
2822 4737 3106 4793 vocantur,
3137 4738 3366 4796 quorum
3423 4719 3658 4776 olIicium
3697 4729 3837 4784 erat,

2277 4830 2410 4900 legis
2442 4841 2661 4897 scopum
2698 4838 2762 4878 ac
2799 4823 2852 4876 in
2895 4833 3106 4890 quaque
3148 4829 3210 4871 re
3254 4829 3473 4869 sensum
3512 4809 3843 4880 quibuslibet

2282 4921 2492 4974 discere
2532 4913 2835 4970 volentibus
2867 4909 3159 4975 explicare,
3199 4915 3253 4960 et
3296 4904 3494 4973 quibus
3527 4903 3846 4970 judicando-

2284 5024 2402 5062 rum
2435 5005 2752 5074 populorum
2789 5014 2981 5055 munus
3005 5008 3124 5051 erat
3154 4995 3534 5050 demandatum
3576 4992 3691 5046 haec
3714 5008 3843 5061 sug-

2284 5111 2492 5167 gerere.
2521 5094 2793 5163 Scriptum
2841 5105 2972 5145 vero
2999 5097 3084 5144 est
3122 5106 3135 5142 :
3179 5105 3198 5138 ι
3226 5085 3395 5140 Labia
3429 5084 3729 5139 sacerdotis
3759 5097 3850 5136 cu-

2285 5187 2520 5242 stodieut
2538 5184 2818 5253 judicium,
2837 5191 2889 5234 et
2905 5181 3076 5250 legem
3096 5177 3381 5247 exquirent
3407 5175 3474 5228 ab
3494 5188 3588 5227 ore
3608 5172 3724 5236 eius
3743 5171 3807 5222 ¹³.
3821 5188 3840 5222 ι

2288 5279 2473 5346 Itaque
2513 5274 2678 5343 turpis
2728 5281 2962 5342 quaestus
2990 5269 3243 5324 illecebra
3273 5266 3402 5322 victi
3435 5266 3599 5320 libros
3635 5263 3850 5330 iniquos

620 5351 895 5434 ἐποιοῦντο
923 5379 1022 5442 τὰς
1058 5351 1403 5446 συγγραφὰς,
1431 5373 1491 5426 τὸ
1520 5351 1760 5442 causa?
1813 5370 1964 5442 νόμῳ
1997 5368 2188 5423 δοκοῦν
2291 5370 2493 5425 scribet

1997 5368 2188 5423 δοκοῦν
2291 5370 2623 5434 scribebant,
2651 5365 2782 5434 legis
2806 5374 3038 5419 mentem
3069 5361 3233 5432 impie
3259 5366 3645 5428 cauponantes,
3666 5362 3721 5408 et
3743 5351 3850 5405 vel-

624 5472 847 5535 ἀνοσίως
892 5467 1384 5540 ὲκκαπηλεύοντες,
1424 5467 1517 5518 καὶ
1561 5464 1722 5517 οἰονεὶ
1765 5464 2050 5534 μίσγοντες
2095 5461 2186 5513 τὸν

2292 5471 2350 5514 ιιι
2399 5460 2582 5514 viuum
2640 5473 2794 5528 aquae
2852 5455 3162 5517 miscentes,
3193 5460 3248 5506 et
3301 5463 3492 5520 purum
3548 5451 3850 5510 argentum,

625 5561 761 5618 οἶνον
798 5534 972 5628 ῦδατι,
1002 5534 1110 5615 καί
1123 5560 1184 5614 τὸ
1210 5557 1444 5630 καθαρὸν
1467 5553 1750 5629 ἀργύριον,
1781 5555 2033 5623 ἀδόκιμον
2054 5553 2188 5606 ἀπο-
2290 5551 2496 5607 adulter

1977 5575 2033 5608 ον
2054 5553 2188 5606 dmo-
2290 5551 2648 5608 adulterinum
2683 5548 3061 5615 reddentes,ut
3094 5543 3308 5601 viduam
3337 5539 3533 5609 injuria
3558 5534 3850 5595 adicerent,

712 5719 753 5749 “
792 5714 1058 5804 Galatzv.
1092 5715 1179 5769 l6.
1257 5715 1299 5744 “
1334 5711 1567 5767 Pliiliuo.
1600 5725 1674 5764 vt.
1696 5709 1750 5762 Ἰ.

1851 5707 1894 5740 ³³
1917 5705 2200 5766 Μιιιιριωι.
2232 5704 2283 5757 7.

4406 2005 4413 2080 Ὗ

4406 2329 4413 2550 γ

4411 2591 4413 2650 1
