  <div class='ocr_page' id='page_1' title='image "/cluster/home/n/w/nwhite01/storage/ocr_20150623/70/hvd.32044019207901/150.png"; bbox 0 0 4134 6488; ppageno 0'>
   <div class='ocr_carea' id='block_1_1' title="bbox 200 413 326 472">
    <p class='ocr_par' dir='ltr' id='par_1_1' title="bbox 200 413 326 472">
     <span class='ocr_line' id='line_1_1' title="bbox 200 413 326 472; baseline 0 0"><span class='ocrx_word' id='word_1_1' title='bbox 200 413 326 472; x_wconf 71' lang='grc'><strong>285</strong></span> 
     </span>
    </p>
   </div>
   <div class='ocr_carea' id='block_1_2' title="bbox 1352 434 2324 502">
    <p class='ocr_par' dir='ltr' id='par_1_2' title="bbox 1352 434 2324 502">
     <span class='ocr_line' id='line_1_2' title="bbox 1352 434 2324 502; baseline 0.01 -10"><span class='ocrx_word' id='word_1_2' title='bbox 1352 434 1419 492; x_wconf 80' lang='grc' dir='ltr'><strong>ΙΝ</strong></span> <span class='ocrx_word' id='word_1_3' title='bbox 1455 439 1688 497; x_wconf 69' lang='lat' dir='ltr'><strong>ISAIAM</strong></span> <span class='ocrx_word' id='word_1_4' title='bbox 1729 439 1858 497; x_wconf 78' lang='lat' dir='ltr'><strong>LIB.</strong></span> <span class='ocrx_word' id='word_1_5' title='bbox 1900 445 1940 499; x_wconf 91' lang='grc'><strong>1.</strong></span> <span class='ocrx_word' id='word_1_6' title='bbox 1978 443 2188 501; x_wconf 74' lang='grc' dir='ltr'>υιιΑΤ.</span> <span class='ocrx_word' id='word_1_7' title='bbox 2237 443 2324 502; x_wconf 72' lang='lat' dir='ltr'><strong>Vl.</strong></span> 
     </span>
    </p>
   </div>
   <div class='ocr_carea' id='block_1_3' title="bbox 3376 420 3482 504">
    <p class='ocr_par' dir='ltr' id='par_1_3' title="bbox 3376 420 3482 504">
     <span class='ocr_line' id='line_1_3' title="bbox 3376 420 3482 504; baseline 0.038 -4"><span class='ocrx_word' id='word_1_8' title='bbox 3376 420 3482 504; x_wconf 67' lang='lat' dir='ltr'><strong>eos</strong></span> 
     </span>
    </p>
   </div>
   <div class='ocr_carea' id='block_1_4' title="bbox 201 533 1809 628">
    <p class='ocr_par' dir='ltr' id='par_1_4' title="bbox 201 533 1798 628">
     <span class='ocr_line' id='line_1_4' title="bbox 201 533 1798 628; baseline 0.015 -42"><span class='ocrx_word' id='word_1_9' title='bbox 201 533 550 628; x_wconf 74' lang='grc' dir='ltr'>ἀναφώνημα</span> <span class='ocrx_word' id='word_1_10' title='bbox 605 538 666 592; x_wconf 87' lang='grc' dir='ltr'><strong>τὸ</strong></span> <span class='ocrx_word' id='word_1_11' title='bbox 717 540 1026 612; x_wconf 67' lang='grc' dir='ltr'>εἰρημένονι</span> <span class='ocrx_word' id='word_1_12' title='bbox 1071 547 1213 601; x_wconf 83' lang='grc' dir='ltr'>τοῦτ’</span> <span class='ocrx_word' id='word_1_13' title='bbox 1259 550 1427 616; x_wconf 76' lang='grc' dir='ltr'>ἔστιν,</span> <span class='ocrx_word' id='word_1_14' title='bbox 1483 555 1699 622; x_wconf 82' lang='grc' dir='ltr'>γλυπτά</span> <span class='ocrx_word' id='word_1_15' title='bbox 1741 560 1798 610; x_wconf 81' lang='grc' dir='ltr'>ὲν</span> 
     </span>
    </p>
   </div>
   <div class='ocr_carea' id='block_1_5' title="bbox 1913 533 3480 628">
    <p class='ocr_par' dir='ltr' id='par_1_5' title="bbox 1913 557 3480 628">
     <span class='ocr_line' id='line_1_5' title="bbox 1913 557 3480 628; baseline -0.003 -14"><span class='ocrx_word' id='word_1_16' title='bbox 1913 559 2067 614; x_wconf 88' lang='lat' dir='ltr'><strong>domo</strong></span> <span class='ocrx_word' id='word_1_17' title='bbox 2091 576 2206 613; x_wconf 80' lang='lat' dir='ltr'><strong>inea</strong></span> <span class='ocrx_word' id='word_1_18' title='bbox 2230 559 2685 613; x_wconf 85' lang='lat' dir='ltr'><strong>abominationcm</strong></span> <span class='ocrx_word' id='word_1_19' title='bbox 2707 560 2732 612; x_wconf 90' lang='lat'><strong>?</strong></span> <span class='ocrx_word' id='word_1_20' title='bbox 2756 558 2896 611; x_wconf 70' lang='lat' dir='ltr'><strong>Disit</strong></span> <span class='ocrx_word' id='word_1_21' title='bbox 2924 572 3088 628; x_wconf 90' lang='lat' dir='ltr'><strong>porro</strong></span> <span class='ocrx_word' id='word_1_22' title='bbox 3113 566 3168 611; x_wconf 84' lang='lat' dir='ltr'><strong>et</strong></span> <span class='ocrx_word' id='word_1_23' title='bbox 3195 571 3291 624; x_wconf 83' lang='lat' dir='ltr'><strong>per</strong></span> <span class='ocrx_word' id='word_1_24' title='bbox 3315 557 3480 610; x_wconf 81' lang='lat' dir='ltr'><strong>unum</strong></span> 
     </span>
    </p>
   </div>
   <div class='ocr_carea' id='block_1_6' title="bbox 214 627 1796 710">
    <p class='ocr_par' dir='ltr' id='par_1_6' title="bbox 214 627 1796 710">
     <span class='ocr_line' id='line_1_6' title="bbox 214 627 1796 710; baseline 0.015 -32"><span class='ocrx_word' id='word_1_25' title='bbox 214 627 579 700; x_wconf 80' lang='grc' dir='ltr'>Ἰερουσαλὴμ</span> <span class='ocrx_word' id='word_1_26' title='bbox 621 632 714 684; x_wconf 78' lang='grc' dir='ltr'><strong>καὶ</strong></span> <span class='ocrx_word' id='word_1_27' title='bbox 754 635 813 686; x_wconf 82' lang='grc' dir='ltr'>ὲν</span> <span class='ocrx_word' id='word_1_28' title='bbox 847 636 1149 710; x_wconf 75' lang='grc' dir='ltr'><strong>Σαμαρείᾳ.</strong></span> <span class='ocrx_word' id='word_1_29' title='bbox 1185 641 1440 697; x_wconf 88' lang='grc' dir='ltr'>Τοιοῦτόν</span> <span class='ocrx_word' id='word_1_30' title='bbox 1477 661 1532 698; x_wconf 86' lang='grc' dir='ltr'><strong>τι</strong></span> <span class='ocrx_word' id='word_1_31' title='bbox 1566 647 1661 699; x_wconf 80' lang='grc' dir='ltr'><strong>καὶ</strong></span> <span class='ocrx_word' id='word_1_32' title='bbox 1705 647 1796 701; x_wconf 80' lang='grc' dir='ltr'><strong>διὰ</strong></span> 
     </span>
    </p>
   </div>
   <div class='ocr_carea' id='block_1_7' title="bbox 204 717 1791 810">
    <p class='ocr_par' dir='ltr' id='par_1_7' title="bbox 204 717 1791 810">
     <span class='ocr_line' id='line_1_7' title="bbox 204 717 1791 810; baseline 0.016 -44"><span class='ocrx_word' id='word_1_33' title='bbox 204 717 399 788; x_wconf 76' lang='grc' dir='ltr'>φωνῆς</span> <span class='ocrx_word' id='word_1_34' title='bbox 436 719 700 791; x_wconf 80' lang='grc' dir='ltr'>Ἰερεμίου</span> <span class='ocrx_word' id='word_1_35' title='bbox 742 725 877 796; x_wconf 75' lang='grc' dir='ltr'>φησὶ</span> <span class='ocrx_word' id='word_1_36' title='bbox 923 729 1053 798; x_wconf 79' lang='grc' dir='ltr'>περὶ</span> <span class='ocrx_word' id='word_1_37' title='bbox 1097 731 1200 800; x_wconf 75' lang='grc' dir='ltr'>τῆς</span> <span class='ocrx_word' id='word_1_38' title='bbox 1254 732 1626 806; x_wconf 85' lang='grc' dir='ltr'>Ἰερουσαλήμ.</span> <span class='ocrx_word' id='word_1_39' title='bbox 1663 738 1728 791; x_wconf 90' lang='grc' dir='ltr'><strong>Τί</strong></span> <span class='ocrx_word' id='word_1_40' title='bbox 1757 740 1791 810; x_wconf 77' lang='grc' dir='ltr'>ἡ</span> 
     </span>
    </p>
   </div>
   <div class='ocr_carea' id='block_1_8' title="bbox 205 810 1795 901">
    <p class='ocr_par' dir='ltr' id='par_1_8' title="bbox 205 810 1795 901">
     <span class='ocr_line' id='line_1_8' title="bbox 205 810 1795 901; baseline 0.013 -40"><span class='ocrx_word' id='word_1_41' title='bbox 205 810 544 901; x_wconf 64' lang='grc' dir='ltr'>ηγαπημένη</span> <span class='ocrx_word' id='word_1_42' title='bbox 589 813 648 866; x_wconf 79' lang='grc' dir='ltr'>ὲν</span> <span class='ocrx_word' id='word_1_43' title='bbox 684 812 764 884; x_wconf 80' lang='grc' dir='ltr'>τῷ</span> <span class='ocrx_word' id='word_1_44' title='bbox 796 816 935 887; x_wconf 80' lang='grc' dir='ltr'>οἴκῳ·</span> <span class='ocrx_word' id='word_1_45' title='bbox 957 835 1060 888; x_wconf 81' lang='grc' dir='ltr'><strong>μου</strong></span> <span class='ocrx_word' id='word_1_46' title='bbox 1088 823 1311 893; x_wconf 73' lang='grc' dir='ltr'>ἐποίησε</span> <span class='ocrx_word' id='word_1_47' title='bbox 1353 825 1663 898; x_wconf 81' lang='grc' dir='ltr'>βδέλυγμα;</span> <span class='ocrx_word' id='word_1_48' title='bbox 1689 829 1795 901; x_wconf 75' lang='grc' dir='ltr'><strong>ἔφη</strong></span> 
     </span>
    </p>
   </div>
   <div class='ocr_carea' id='block_1_9' title="bbox 206 899 1798 992">
    <p class='ocr_par' dir='ltr' id='par_1_9' title="bbox 206 899 1798 992">
     <span class='ocr_line' id='line_1_9' title="bbox 206 899 1798 992; baseline 0.016 -41"><span class='ocrx_word' id='word_1_49' title='bbox 206 899 269 992; x_wconf 78' lang='grc' dir='ltr'><strong><em>δέ</em></strong></span> <span class='ocrx_word' id='word_1_50' title='bbox 430 903 526 956; x_wconf 75' lang='grc' dir='ltr'>καὶ</span> <span class='ocrx_word' id='word_1_51' title='bbox 541 903 611 957; x_wconf 86' lang='grc' dir='ltr'>δι’</span> <span class='ocrx_word' id='word_1_52' title='bbox 631 905 753 969; x_wconf 78' lang='grc' dir='ltr'>ἑνὸς</span> <span class='ocrx_word' id='word_1_53' title='bbox 775 910 1080 980; x_wconf 76' lang='grc' dir='ltr'>προφήτουο</span> <span class='ocrx_word' id='word_1_54' title='bbox 1100 932 1118 964; x_wconf 83' lang='grc' dir='ltr'><strong>ι</strong></span> <span class='ocrx_word' id='word_1_55' title='bbox 1144 915 1353 980; x_wconf 83' lang='grc' dir='ltr'><strong>Σκοπὸς</strong></span> <span class='ocrx_word' id='word_1_56' title='bbox 1385 917 1626 990; x_wconf 72' lang='grc' dir='ltr'><strong>Ἐφραῖμ</strong></span> <span class='ocrx_word' id='word_1_57' title='bbox 1657 899 1798 992; x_wconf 82' lang='grc' dir='ltr'><strong>μετά</strong></span> 
     </span>
    </p>
   </div>
   <div class='ocr_carea' id='block_1_10' title="bbox 207 990 1798 1074">
    <p class='ocr_par' dir='ltr' id='par_1_10' title="bbox 207 990 1798 1074">
     <span class='ocr_line' id='line_1_10' title="bbox 207 990 1798 1074; baseline 0.014 -31"><span class='ocrx_word' id='word_1_58' title='bbox 207 990 372 1060; x_wconf 89' lang='grc' dir='ltr'>Θεοῦ,</span> <span class='ocrx_word' id='word_1_59' title='bbox 401 995 687 1066; x_wconf 61' lang='grc' dir='ltr'>προψήτης</span> <span class='ocrx_word' id='word_1_60' title='bbox 733 997 900 1066; x_wconf 83' lang='grc' dir='ltr'>παγίς</span> <span class='ocrx_word' id='word_1_61' title='bbox 932 1002 1144 1068; x_wconf 86' lang='grc' dir='ltr'>σκολιά,</span> <span class='ocrx_word' id='word_1_62' title='bbox 1183 1006 1276 1058; x_wconf 76' lang='grc' dir='ltr'><strong>ἐπὶ</strong></span> <span class='ocrx_word' id='word_1_63' title='bbox 1307 1006 1486 1071; x_wconf 85' lang='grc' dir='ltr'>πάσας</span> <span class='ocrx_word' id='word_1_64' title='bbox 1696 1013 1798 1065; x_wconf 82' lang='grc' dir='ltr'>αὐ-</span> 
     </span>
    </p>
   </div>
   <div class='ocr_carea' id='block_1_11' title="bbox 207 1083 1800 1174">
    <p class='ocr_par' dir='ltr' id='par_1_11' title="bbox 207 1083 1800 1174">
     <span class='ocr_line' id='line_1_11' title="bbox 207 1083 1800 1174; baseline 0.016 -40"><span class='ocrx_word' id='word_1_65' title='bbox 207 1083 554 1174; x_wconf 53' lang='grc' dir='ltr'>τῆάμανίαν</span> <span class='ocrx_word' id='word_1_66' title='bbox 566 1088 624 1138; x_wconf 86' lang='grc' dir='ltr'>ὲν</span> <span class='ocrx_word' id='word_1_67' title='bbox 637 1088 771 1157; x_wconf 58' lang='lat' dir='ltr'><strong>ollim)</strong></span> <span class='ocrx_word' id='word_1_68' title='bbox 786 1091 992 1163; x_wconf 76' lang='grc' dir='ltr'>Κυρίου</span> <span class='ocrx_word' id='word_1_69' title='bbox 1011 1095 1345 1169; x_wconf 73' lang='grc' dir='ltr'><strong>κατέπηξαν.</strong></span> <span class='ocrx_word' id='word_1_70' title='bbox 1372 1118 1394 1151; x_wconf 84' lang='grc'>›</span> <span class='ocrx_word' id='word_1_71' title='bbox 1428 1100 1800 1174; x_wconf 72' lang='grc' dir='ltr'><strong>’ἱδρυσάμενοι</strong></span> 
     </span>
    </p>
   </div>
   <div class='ocr_carea' id='block_1_12' title="bbox 209 1172 1801 1262">
    <p class='ocr_par' dir='ltr' id='par_1_12' title="bbox 209 1172 1801 1262">
     <span class='ocr_line' id='line_1_12' title="bbox 209 1172 1801 1262; baseline 0.014 -38"><span class='ocrx_word' id='word_1_72' title='bbox 209 1172 325 1243; x_wconf 75' lang='grc' dir='ltr'><strong>γὰρ</strong></span> <span class='ocrx_word' id='word_1_73' title='bbox 345 1176 405 1227; x_wconf 80' lang='grc' dir='ltr'>ὲν</span> <span class='ocrx_word' id='word_1_74' title='bbox 425 1177 538 1239; x_wconf 77' lang='grc' dir='ltr'>τοῖς</span> <span class='ocrx_word' id='word_1_75' title='bbox 565 1174 960 1250; x_wconf 75' lang='grc' dir='ltr'>Ἰεροσολύμοις</span> <span class='ocrx_word' id='word_1_76' title='bbox 985 1183 1204 1256; x_wconf 79' lang='grc' dir='ltr'>βωμοὺς</span> <span class='ocrx_word' id='word_1_77' title='bbox 1231 1188 1324 1240; x_wconf 71' lang='grc' dir='ltr'><strong>καὶ</strong></span> <span class='ocrx_word' id='word_1_78' title='bbox 1340 1172 1698 1262; x_wconf 80' lang='grc' dir='ltr'>χειρόκμητα,</span> <span class='ocrx_word' id='word_1_79' title='bbox 1715 1211 1801 1246; x_wconf 79' lang='grc' dir='ltr'>τε·</span> 
     </span>
    </p>
   </div>
   <div class='ocr_carea' id='block_1_13' title="bbox 212 1264 1801 1355">
    <p class='ocr_par' dir='ltr' id='par_1_13' title="bbox 212 1264 1801 1355">
     <span class='ocr_line' id='line_1_13' title="bbox 212 1264 1801 1355; baseline 0.013 -38"><span class='ocrx_word' id='word_1_80' title='bbox 212 1264 418 1319; x_wconf 82' lang='grc' dir='ltr'>θύκασι</span> <span class='ocrx_word' id='word_1_81' title='bbox 441 1269 509 1338; x_wconf 81' lang='grc' dir='ltr'>τῇ</span> <span class='ocrx_word' id='word_1_82' title='bbox 543 1267 710 1331; x_wconf 80' lang='grc' dir='ltr'>Βαὰλ,</span> <span class='ocrx_word' id='word_1_83' title='bbox 737 1271 833 1323; x_wconf 73' lang='grc' dir='ltr'><strong>καὶ</strong></span> <span class='ocrx_word' id='word_1_84' title='bbox 863 1274 929 1344; x_wconf 78' lang='grc' dir='ltr'>τῇ</span> <span class='ocrx_word' id='word_1_85' title='bbox 959 1279 1189 1348; x_wconf 86' lang='grc' dir='ltr'>στρατιᾷ</span> <span class='ocrx_word' id='word_1_86' title='bbox 1213 1277 1306 1332; x_wconf 89' lang='grc' dir='ltr'><strong>τοῦ</strong></span> <span class='ocrx_word' id='word_1_87' title='bbox 1339 1280 1589 1352; x_wconf 79' lang='grc' dir='ltr'>οὐρανοῦ.</span> <span class='ocrx_word' id='word_1_88' title='bbox 1607 1283 1801 1355; x_wconf 83' lang='grc' dir='ltr'>Δεδρά-</span> 
     </span>
    </p>
   </div>
   <div class='ocr_carea' id='block_1_14' title="bbox 209 1357 1802 1444">
    <p class='ocr_par' dir='ltr' id='par_1_14' title="bbox 209 1357 1802 1444">
     <span class='ocr_line' id='line_1_14' title="bbox 209 1357 1802 1444; baseline 0.013 -35"><span class='ocrx_word' id='word_1_89' title='bbox 209 1373 345 1411; x_wconf 81' lang='grc' dir='ltr'>κασι</span> <span class='ocrx_word' id='word_1_90' title='bbox 366 1357 426 1412; x_wconf 85' lang='grc' dir='ltr'>δὲ</span> <span class='ocrx_word' id='word_1_91' title='bbox 445 1360 602 1413; x_wconf 76' lang='grc' dir='ltr'>ταυτὶ</span> <span class='ocrx_word' id='word_1_92' title='bbox 627 1361 720 1414; x_wconf 78' lang='grc' dir='ltr'><strong>καὶ</strong></span> <span class='ocrx_word' id='word_1_93' title='bbox 749 1363 798 1415; x_wconf 83' lang='grc' dir='ltr'>οξ</span> <span class='ocrx_word' id='word_1_94' title='bbox 831 1364 890 1417; x_wconf 82' lang='grc' dir='ltr'>ὲν</span> <span class='ocrx_word' id='word_1_95' title='bbox 918 1368 988 1437; x_wconf 80' lang='grc' dir='ltr'>τῇ</span> <span class='ocrx_word' id='word_1_96' title='bbox 1019 1368 1318 1442; x_wconf 73' lang='grc' dir='ltr'>Σαμαρείᾳ.</span> <span class='ocrx_word' id='word_1_97' title='bbox 1344 1374 1442 1426; x_wconf 90' lang='grc' dir='ltr'>Ὃν</span> <span class='ocrx_word' id='word_1_98' title='bbox 1459 1373 1664 1444; x_wconf 85' lang='grc' dir='ltr'>τρόπον</span> <span class='ocrx_word' id='word_1_99' title='bbox 1689 1374 1802 1428; x_wconf 91' lang='grc' dir='ltr'>τοί-</span> 
     </span>
    </p>
   </div>
   <div class='ocr_carea' id='block_1_15' title="bbox 207 1448 1802 1536">
    <p class='ocr_par' dir='ltr' id='par_1_15' title="bbox 207 1448 1802 1536">
     <span class='ocr_line' id='line_1_15' title="bbox 207 1448 1802 1536; baseline 0.011 -36"><span class='ocrx_word' id='word_1_100' title='bbox 207 1464 333 1510; x_wconf 86' lang='grc' dir='ltr'>νυν,</span> <span class='ocrx_word' id='word_1_101' title='bbox 352 1448 541 1519; x_wconf 67' lang='grc' dir='ltr'>φησιν,</span> <span class='ocrx_word' id='word_1_102' title='bbox 570 1451 800 1522; x_wconf 79' lang='grc' dir='ltr'>ἐποίησα</span> <span class='ocrx_word' id='word_1_103' title='bbox 828 1454 1132 1528; x_wconf 73' lang='grc' dir='ltr'>Σαμαρείᾳ,</span> <span class='ocrx_word' id='word_1_104' title='bbox 1153 1459 1249 1513; x_wconf 72' lang='grc' dir='ltr'>καὶ</span> <span class='ocrx_word' id='word_1_105' title='bbox 1271 1463 1384 1525; x_wconf 87' lang='grc' dir='ltr'>τοῖς</span> <span class='ocrx_word' id='word_1_106' title='bbox 1403 1465 1802 1536; x_wconf 75' lang='grc' dir='ltr'>χειροποιήτοις</span> 
     </span>
    </p>
   </div>
   <div class='ocr_carea' id='block_1_16' title="bbox 207 1539 1806 1625">
    <p class='ocr_par' dir='ltr' id='par_1_16' title="bbox 207 1539 1806 1625">
     <span class='ocr_line' id='line_1_16' title="bbox 207 1539 1806 1625; baseline 0.013 -33"><span class='ocrx_word' id='word_1_107' title='bbox 207 1540 407 1611; x_wconf 81' lang='grc' dir='ltr'>αὐτῆς,</span> <span class='ocrx_word' id='word_1_108' title='bbox 429 1539 603 1606; x_wconf 80' lang='grc' dir='ltr'>οὕτως</span> <span class='ocrx_word' id='word_1_109' title='bbox 622 1546 835 1616; x_wconf 78' lang='grc' dir='ltr'>ποιήσω</span> <span class='ocrx_word' id='word_1_110' title='bbox 866 1548 962 1601; x_wconf 79' lang='grc' dir='ltr'><strong>καὶ</strong></span> <span class='ocrx_word' id='word_1_111' title='bbox 992 1549 1371 1625; x_wconf 80' lang='grc' dir='ltr'>Ἰερουσαλὴμ,</span> <span class='ocrx_word' id='word_1_112' title='bbox 1396 1556 1491 1608; x_wconf 72' lang='grc' dir='ltr'>καὶ</span> <span class='ocrx_word' id='word_1_113' title='bbox 1513 1559 1632 1621; x_wconf 79' lang='grc' dir='ltr'>τοῖς</span> <span class='ocrx_word' id='word_1_114' title='bbox 1650 1556 1806 1610; x_wconf 83' lang='grc' dir='ltr'>είδὼ·</span> 
     </span>
    </p>
   </div>
   <div class='ocr_carea' id='block_1_17' title="bbox 205 1628 1805 1716">
    <p class='ocr_par' dir='ltr' id='par_1_17' title="bbox 205 1628 1805 1716">
     <span class='ocr_line' id='line_1_17' title="bbox 205 1628 1805 1716; baseline 0.012 -34"><span class='ocrx_word' id='word_1_115' title='bbox 205 1629 328 1695; x_wconf 81' lang='grc' dir='ltr'>λοις</span> <span class='ocrx_word' id='word_1_116' title='bbox 370 1633 562 1704; x_wconf 81' lang='grc' dir='ltr'>αὐτῆς.</span> <span class='ocrx_word' id='word_1_117' title='bbox 595 1628 691 1698; x_wconf 73' lang='grc' dir='ltr'><strong>Οἷς</strong></span> <span class='ocrx_word' id='word_1_118' title='bbox 728 1636 840 1708; x_wconf 81' lang='grc' dir='ltr'>γὰρ</span> <span class='ocrx_word' id='word_1_119' title='bbox 875 1638 1081 1710; x_wconf 82' lang='grc' dir='ltr'>ἀδελφά</span> <span class='ocrx_word' id='word_1_120' title='bbox 1121 1642 1191 1696; x_wconf 87' lang='grc' dir='ltr'>τὰ</span> <span class='ocrx_word' id='word_1_121' title='bbox 1215 1645 1562 1716; x_wconf 79' lang='grc' dir='ltr'><strong>τολμήματα,</strong></span> <span class='ocrx_word' id='word_1_122' title='bbox 1591 1647 1805 1712; x_wconf 76' lang='grc' dir='ltr'>τούτοις</span> 
     </span>
    </p>
   </div>
   <div class='ocr_carea' id='block_1_18' title="bbox 205 1722 1804 1805">
    <p class='ocr_par' dir='ltr' id='par_1_18' title="bbox 205 1722 1804 1805">
     <span class='ocr_line' id='line_1_18' title="bbox 205 1722 1804 1805; baseline 0.011 -30"><span class='ocrx_word' id='word_1_123' title='bbox 205 1722 402 1777; x_wconf 73' lang='grc' dir='ltr'>ἕποιτο</span> <span class='ocrx_word' id='word_1_124' title='bbox 427 1725 496 1777; x_wconf 79' lang='grc' dir='ltr'><strong>ἂν</strong></span> <span class='ocrx_word' id='word_1_125' title='bbox 521 1726 747 1789; x_wconf 75' lang='grc' dir='ltr'>εἰκότως</span> <span class='ocrx_word' id='word_1_126' title='bbox 771 1729 864 1781; x_wconf 79' lang='grc' dir='ltr'>καὶ</span> <span class='ocrx_word' id='word_1_127' title='bbox 890 1731 1151 1805; x_wconf 82' lang='grc' dir='ltr'>ίσοπαλὴς</span> <span class='ocrx_word' id='word_1_128' title='bbox 1171 1735 1210 1805; x_wconf 44' lang='grc' dir='ltr'>ὴν</span> <span class='ocrx_word' id='word_1_129' title='bbox 1235 1734 1380 1804; x_wconf 85' lang='grc' dir='ltr'>δίκη.</span> <span class='ocrx_word' id='word_1_130' title='bbox 1409 1737 1619 1791; x_wconf 83' lang='grc' dir='ltr'>Οὐκοῦν</span> <span class='ocrx_word' id='word_1_131' title='bbox 1642 1739 1804 1791; x_wconf 72' lang='grc' dir='ltr'>ἔλαϐε</span> 
     </span>
    </p>
   </div>
   <div class='ocr_carea' id='block_1_19' title="bbox 209 1814 1804 1900">
    <p class='ocr_par' dir='ltr' id='par_1_19' title="bbox 209 1814 1804 1900">
     <span class='ocr_line' id='line_1_19' title="bbox 209 1814 1804 1900; baseline 0.011 -32"><span class='ocrx_word' id='word_1_132' title='bbox 209 1814 316 1884; x_wconf 75' lang='grc' dir='ltr'>μὲν</span> <span class='ocrx_word' id='word_1_133' title='bbox 342 1817 372 1871; x_wconf 85' lang='grc' dir='ltr'><strong>ὁ</strong></span> <span class='ocrx_word' id='word_1_134' title='bbox 403 1817 688 1890; x_wconf 79' lang='grc' dir='ltr'>Ἀσσύριος</span> <span class='ocrx_word' id='word_1_135' title='bbox 725 1822 820 1874; x_wconf 74' lang='grc' dir='ltr'>καὶ</span> <span class='ocrx_word' id='word_1_136' title='bbox 844 1823 1134 1894; x_wconf 86' lang='grc' dir='ltr'>Δαμασκὸν</span> <span class='ocrx_word' id='word_1_137' title='bbox 1160 1827 1256 1880; x_wconf 73' lang='grc' dir='ltr'><strong>καὶ</strong></span> <span class='ocrx_word' id='word_1_138' title='bbox 1284 1828 1618 1900; x_wconf 84' lang='grc' dir='ltr'>Σαμάρειαν.</span> <span class='ocrx_word' id='word_1_139' title='bbox 1654 1831 1804 1896; x_wconf 82' lang='grc' dir='ltr'>Ὀδὸς</span> 
     </span>
    </p>
   </div>
   <div class='ocr_carea' id='block_1_20' title="bbox 1899 648 3482 720">
    <p class='ocr_par' dir='ltr' id='par_1_20' title="bbox 1899 648 3482 720">
     <span class='ocr_line' id='line_1_20' title="bbox 1899 648 3482 720; baseline -0.001 -16"><span class='ocrx_word' id='word_1_140' title='bbox 1899 653 2215 720; x_wconf 71' lang='lat' dir='ltr'><strong>prophetam</strong></span> <span class='ocrx_word' id='word_1_141' title='bbox 2242 671 2253 706; x_wconf 87' lang='lat'>:</span> <span class='ocrx_word' id='word_1_142' title='bbox 2277 669 2297 702; x_wconf 72' lang='grc' dir='ltr'><strong>ι</strong></span> <span class='ocrx_word' id='word_1_143' title='bbox 2323 651 2642 720; x_wconf 81' lang='lat' dir='ltr'><strong>Speculator</strong></span> <span class='ocrx_word' id='word_1_144' title='bbox 2653 650 2911 720; x_wconf 82' lang='lat' dir='ltr'><strong>Ephraim</strong></span> <span class='ocrx_word' id='word_1_145' title='bbox 2930 665 3052 703; x_wconf 82' lang='lat' dir='ltr'><strong>cum</strong></span> <span class='ocrx_word' id='word_1_146' title='bbox 3072 648 3202 713; x_wconf 88' lang='lat' dir='ltr'><strong>Deo,</strong></span> <span class='ocrx_word' id='word_1_147' title='bbox 3220 649 3482 718; x_wconf 81' lang='lat' dir='ltr'><strong>propheta</strong></span> 
     </span>
    </p>
   </div>
   <div class='ocr_carea' id='block_1_21' title="bbox 1899 739 3478 810">
    <p class='ocr_par' dir='ltr' id='par_1_21' title="bbox 1899 739 3478 810">
     <span class='ocr_line' id='line_1_21' title="bbox 1899 739 3478 810; baseline -0.001 -15"><span class='ocrx_word' id='word_1_148' title='bbox 1899 741 2125 810; x_wconf 83' lang='lat' dir='ltr'><strong>laqueus</strong></span> <span class='ocrx_word' id='word_1_149' title='bbox 2167 752 2445 798; x_wconf 82' lang='lat' dir='ltr'><strong>tortuosos</strong></span> <span class='ocrx_word' id='word_1_150' title='bbox 2494 742 2547 796; x_wconf 85' lang='lat' dir='ltr'><strong>iu</strong></span> <span class='ocrx_word' id='word_1_151' title='bbox 2597 743 2850 796; x_wconf 84' lang='lat' dir='ltr'><strong>omnibus</strong></span> <span class='ocrx_word' id='word_1_152' title='bbox 2880 739 2980 795; x_wconf 85' lang='lat' dir='ltr'><strong>viis</strong></span> <span class='ocrx_word' id='word_1_153' title='bbox 3007 740 3167 809; x_wconf 85' lang='lat' dir='ltr'><strong>ejus:</strong></span> <span class='ocrx_word' id='word_1_154' title='bbox 3211 740 3478 794; x_wconf 77' lang='lat' dir='ltr'><strong>insaniam</strong></span> 
     </span>
    </p>
   </div>
   <div class='ocr_carea' id='block_1_22' title="bbox 1899 829 3481 887">
    <p class='ocr_par' dir='ltr' id='par_1_22' title="bbox 1899 829 3481 887">
     <span class='ocr_line' id='line_1_22' title="bbox 1899 829 3481 887; baseline -0.003 0"><span class='ocrx_word' id='word_1_155' title='bbox 1899 831 1954 887; x_wconf 88' lang='lat' dir='ltr'><strong>in</strong></span> <span class='ocrx_word' id='word_1_156' title='bbox 1967 833 2127 886; x_wconf 89' lang='lat' dir='ltr'><strong>domo</strong></span> <span class='ocrx_word' id='word_1_157' title='bbox 2145 833 2354 887; x_wconf 82' lang='lat' dir='ltr'><strong>Domini</strong></span> <span class='ocrx_word' id='word_1_158' title='bbox 2379 833 2719 887; x_wconf 81' lang='lat' dir='ltr'><strong>conlixcruut</strong></span> <span class='ocrx_word' id='word_1_159' title='bbox 2733 833 2822 887; x_wconf 66' lang='grc' dir='ltr'><strong>ιδ’.</strong></span> <span class='ocrx_word' id='word_1_160' title='bbox 2836 851 2854 882; x_wconf 84' lang='grc'><strong>›</strong></span> <span class='ocrx_word' id='word_1_161' title='bbox 2875 830 3172 886; x_wconf 73' lang='lat' dir='ltr'><strong>(Iollocatis</strong></span> <span class='ocrx_word' id='word_1_162' title='bbox 3194 829 3336 885; x_wconf 89' lang='lat' dir='ltr'><strong>enim</strong></span> <span class='ocrx_word' id='word_1_163' title='bbox 3362 829 3481 884; x_wconf 80' lang='lat' dir='ltr'><strong>Ilie-</strong></span> 
     </span>
    </p>
   </div>
   <div class='ocr_carea' id='block_1_23' title="bbox 1903 919 3482 993">
    <p class='ocr_par' dir='ltr' id='par_1_23' title="bbox 1903 919 3482 993">
     <span class='ocr_line' id='line_1_23' title="bbox 1903 919 3482 993; baseline -0.004 -17"><span class='ocrx_word' id='word_1_164' title='bbox 1903 922 2190 993; x_wconf 70' lang='lat' dir='ltr'><strong>rosolyma:</strong></span> <span class='ocrx_word' id='word_1_165' title='bbox 2213 923 2476 978; x_wconf 74' lang='lat' dir='ltr'><strong>altaribus</strong></span> <span class='ocrx_word' id='word_1_166' title='bbox 2503 932 2559 977; x_wconf 89' lang='lat' dir='ltr'><strong>et</strong></span> <span class='ocrx_word' id='word_1_167' title='bbox 2596 922 3018 984; x_wconf 83' lang='lat' dir='ltr'><strong>mauueouditis,</strong></span> <span class='ocrx_word' id='word_1_168' title='bbox 3039 919 3206 974; x_wconf 85' lang='lat' dir='ltr'><strong>Baalo</strong></span> <span class='ocrx_word' id='word_1_169' title='bbox 3240 930 3294 975; x_wconf 90' lang='lat' dir='ltr'><strong>ct</strong></span> <span class='ocrx_word' id='word_1_170' title='bbox 3337 920 3482 973; x_wconf 84' lang='lat' dir='ltr'><strong>mili-</strong></span> 
     </span>
    </p>
   </div>
   <div class='ocr_carea' id='block_1_24' title="bbox 1901 1010 3483 1080">
    <p class='ocr_par' dir='ltr' id='par_1_24' title="bbox 1901 1010 3483 1080">
     <span class='ocr_line' id='line_1_24' title="bbox 1901 1010 3483 1080; baseline -0.004 -11"><span class='ocrx_word' id='word_1_171' title='bbox 1901 1014 1989 1070; x_wconf 76' lang='lat' dir='ltr'><strong>tia:</strong></span> <span class='ocrx_word' id='word_1_172' title='bbox 2021 1015 2144 1069; x_wconf 70' lang='lat' dir='ltr'><strong>coeli</strong></span> <span class='ocrx_word' id='word_1_173' title='bbox 2169 1013 2570 1068; x_wconf 70' lang='lat' dir='ltr'><strong>sacrificarunt.</strong></span> <span class='ocrx_word' id='word_1_174' title='bbox 2610 1013 2761 1080; x_wconf 85' lang='lat' dir='ltr'><strong>Quod</strong></span> <span class='ocrx_word' id='word_1_175' title='bbox 2795 1016 2960 1067; x_wconf 90' lang='lat' dir='ltr'><strong>etiam</strong></span> <span class='ocrx_word' id='word_1_176' title='bbox 2992 1010 3257 1066; x_wconf 61' lang='lat' dir='ltr'><strong>Samaria</strong></span> <span class='ocrx_word' id='word_1_177' title='bbox 3288 1010 3483 1063; x_wconf 67' lang='lat' dir='ltr'><strong>incolat</strong></span> 
     </span>
    </p>
   </div>
   <div class='ocr_carea' id='block_1_25' title="bbox 1909 1097 3483 1172">
    <p class='ocr_par' dir='ltr' id='par_1_25' title="bbox 1909 1097 3483 1172">
     <span class='ocr_line' id='line_1_25' title="bbox 1909 1097 3483 1172; baseline -0.008 -12"><span class='ocrx_word' id='word_1_178' title='bbox 1909 1103 2176 1160; x_wconf 74' lang='lat' dir='ltr'><strong>fecerunt.</strong></span> <span class='ocrx_word' id='word_1_179' title='bbox 2204 1104 2666 1171; x_wconf 80' lang='lat' dir='ltr'><strong>Quemadmodum</strong></span> <span class='ocrx_word' id='word_1_180' title='bbox 2698 1103 2888 1172; x_wconf 79' lang='lat' dir='ltr'><strong>igitur,</strong></span> <span class='ocrx_word' id='word_1_181' title='bbox 2917 1102 3114 1172; x_wconf 87' lang='lat' dir='ltr'><strong>inquit,</strong></span> <span class='ocrx_word' id='word_1_182' title='bbox 3145 1098 3246 1152; x_wconf 90' lang='lat' dir='ltr'><strong>feci</strong></span> <span class='ocrx_word' id='word_1_183' title='bbox 3289 1097 3483 1152; x_wconf 90' lang='lat' dir='ltr'><strong>Sama-</strong></span> 
     </span>
    </p>
   </div>
   <div class='ocr_carea' id='block_1_26' title="bbox 1903 1189 3481 1263">
    <p class='ocr_par' dir='ltr' id='par_1_26' title="bbox 1903 1189 3481 1263">
     <span class='ocr_line' id='line_1_26' title="bbox 1903 1189 3481 1263; baseline -0.007 -14"><span class='ocrx_word' id='word_1_184' title='bbox 1903 1195 1998 1250; x_wconf 71' lang='lat' dir='ltr'><strong>ria:</strong></span> <span class='ocrx_word' id='word_1_185' title='bbox 2031 1203 2084 1250; x_wconf 91' lang='lat' dir='ltr'><strong>et</strong></span> <span class='ocrx_word' id='word_1_186' title='bbox 2119 1195 2443 1250; x_wconf 85' lang='lat' dir='ltr'><strong>manufactis</strong></span> <span class='ocrx_word' id='word_1_187' title='bbox 2467 1194 2603 1263; x_wconf 82' lang='lat' dir='ltr'><strong>ejus,</strong></span> <span class='ocrx_word' id='word_1_188' title='bbox 2637 1195 2722 1249; x_wconf 91' lang='lat' dir='ltr'><strong>sic</strong></span> <span class='ocrx_word' id='word_1_189' title='bbox 2751 1192 2948 1249; x_wconf 83' lang='lat' dir='ltr'><strong>faciam</strong></span> <span class='ocrx_word' id='word_1_190' title='bbox 2987 1200 3042 1248; x_wconf 89' lang='lat' dir='ltr'><strong>ct</strong></span> <span class='ocrx_word' id='word_1_191' title='bbox 3086 1189 3390 1244; x_wconf 80' lang='lat' dir='ltr'><strong>Jerusalem</strong></span> <span class='ocrx_word' id='word_1_192' title='bbox 3427 1196 3481 1240; x_wconf 89' lang='lat' dir='ltr'><strong>et</strong></span> 
     </span>
    </p>
   </div>
   <div class='ocr_carea' id='block_1_27' title="bbox 1903 1282 3482 1353">
    <p class='ocr_par' dir='ltr' id='par_1_27' title="bbox 1903 1282 3482 1353">
     <span class='ocr_line' id='line_1_27' title="bbox 1903 1282 3482 1353; baseline -0.006 -16"><span class='ocrx_word' id='word_1_193' title='bbox 1903 1283 2064 1338; x_wconf 75' lang='lat' dir='ltr'><strong>idolis</strong></span> <span class='ocrx_word' id='word_1_194' title='bbox 2099 1283 2237 1353; x_wconf 79' lang='lat' dir='ltr'><strong>ejus.</strong></span> <span class='ocrx_word' id='word_1_195' title='bbox 2267 1283 2509 1350; x_wconf 84' lang='lat' dir='ltr'><strong>Quorum</strong></span> <span class='ocrx_word' id='word_1_196' title='bbox 2539 1285 2686 1340; x_wconf 85' lang='lat' dir='ltr'><strong>enim</strong></span> <span class='ocrx_word' id='word_1_197' title='bbox 2741 1282 2938 1340; x_wconf 85' lang='lat' dir='ltr'><strong>similia</strong></span> <span class='ocrx_word' id='word_1_198' title='bbox 2989 1291 3044 1336; x_wconf 90' lang='lat' dir='ltr'><strong>et</strong></span> <span class='ocrx_word' id='word_1_199' title='bbox 3093 1287 3321 1349; x_wconf 85' lang='lat' dir='ltr'><strong>cognata</strong></span> <span class='ocrx_word' id='word_1_200' title='bbox 3357 1285 3482 1331; x_wconf 91' lang='lat' dir='ltr'><strong>sunt</strong></span> 
     </span>
    </p>
   </div>
   <div class='ocr_carea' id='block_1_28' title="bbox 1903 1372 3482 1442">
    <p class='ocr_par' dir='ltr' id='par_1_28' title="bbox 1903 1372 3482 1442">
     <span class='ocr_line' id='line_1_28' title="bbox 1903 1372 3482 1442; baseline -0.004 -14"><span class='ocrx_word' id='word_1_201' title='bbox 1903 1372 2189 1438; x_wconf 76' lang='lat' dir='ltr'><strong>maleﬁcia,</strong></span> <span class='ocrx_word' id='word_1_202' title='bbox 2222 1389 2316 1428; x_wconf 86' lang='lat' dir='ltr'><strong>eos</strong></span> <span class='ocrx_word' id='word_1_203' title='bbox 2364 1375 2557 1430; x_wconf 89' lang='lat' dir='ltr'><strong>merito</strong></span> <span class='ocrx_word' id='word_1_204' title='bbox 2604 1375 2908 1432; x_wconf 87' lang='lat' dir='ltr'><strong>consimilis</strong></span> <span class='ocrx_word' id='word_1_205' title='bbox 2945 1373 3108 1429; x_wconf 89' lang='lat' dir='ltr'><strong>etiam</strong></span> <span class='ocrx_word' id='word_1_206' title='bbox 3159 1387 3318 1442; x_wconf 85' lang='lat' dir='ltr'><strong>poena</strong></span> <span class='ocrx_word' id='word_1_207' title='bbox 3352 1383 3482 1423; x_wconf 88' lang='lat' dir='ltr'><strong>con-</strong></span> 
     </span>
    </p>
   </div>
   <div class='ocr_carea' id='block_1_29' title="bbox 1905 1459 3484 1538">
    <p class='ocr_par' dir='ltr' id='par_1_29' title="bbox 1905 1459 3484 1538">
     <span class='ocr_line' id='line_1_29' title="bbox 1905 1459 3484 1538; baseline -0.006 -17"><span class='ocrx_word' id='word_1_208' title='bbox 1905 1471 2184 1530; x_wconf 78' lang='lat' dir='ltr'><strong>sequetur.</strong></span> <span class='ocrx_word' id='word_1_209' title='bbox 2217 1463 2377 1534; x_wconf 83' lang='lat' dir='ltr'><strong>Cepit</strong></span> <span class='ocrx_word' id='word_1_210' title='bbox 2417 1466 2583 1535; x_wconf 72' lang='lat' dir='ltr'><strong>igitur</strong></span> <span class='ocrx_word' id='word_1_211' title='bbox 2621 1465 2878 1538; x_wconf 69' lang='lat' dir='ltr'><strong>Assyrius</strong></span> <span class='ocrx_word' id='word_1_212' title='bbox 2915 1466 3236 1518; x_wconf 89' lang='lat' dir='ltr'><strong>Damascum</strong></span> <span class='ocrx_word' id='word_1_213' title='bbox 3277 1470 3332 1516; x_wconf 87' lang='lat' dir='ltr'><strong>et</strong></span> <span class='ocrx_word' id='word_1_214' title='bbox 3383 1459 3484 1514; x_wconf 85' lang='lat' dir='ltr'><strong>Sa-</strong></span> 
     </span>
    </p>
   </div>
   <div class='ocr_carea' id='block_1_30' title="bbox 1905 1551 3478 1624">
    <p class='ocr_par' dir='ltr' id='par_1_30' title="bbox 1905 1551 3478 1624">
     <span class='ocr_line' id='line_1_30' title="bbox 1905 1551 3478 1624; baseline -0.007 -10"><span class='ocrx_word' id='word_1_215' title='bbox 1905 1559 2131 1614; x_wconf 87' lang='lat' dir='ltr'><strong>mariam</strong></span> <span class='ocrx_word' id='word_1_216' title='bbox 2158 1575 2173 1612; x_wconf 91' lang='lat'><strong>:</strong></span> <span class='ocrx_word' id='word_1_217' title='bbox 2199 1556 2285 1610; x_wconf 85' lang='lat' dir='ltr'><strong>via</strong></span> <span class='ocrx_word' id='word_1_218' title='bbox 2319 1567 2496 1612; x_wconf 89' lang='lat' dir='ltr'><strong>autem</strong></span> <span class='ocrx_word' id='word_1_219' title='bbox 2529 1559 2687 1624; x_wconf 83' lang='lat' dir='ltr'><strong>hujus</strong></span> <span class='ocrx_word' id='word_1_220' title='bbox 2716 1559 2791 1612; x_wconf 87' lang='lat' dir='ltr'><strong>rei</strong></span> <span class='ocrx_word' id='word_1_221' title='bbox 2817 1556 3166 1612; x_wconf 81' lang='lat' dir='ltr'><strong>conﬁciendae</strong></span> <span class='ocrx_word' id='word_1_222' title='bbox 3188 1563 3240 1606; x_wconf 88' lang='lat' dir='ltr'><strong>et</strong></span> <span class='ocrx_word' id='word_1_223' title='bbox 3261 1551 3478 1607; x_wconf 74' lang='lat' dir='ltr'><strong>occasio</strong></span> 
     </span>
    </p>
   </div>
   <div class='ocr_carea' id='block_1_31' title="bbox 1913 1643 3542 1713">
    <p class='ocr_par' dir='ltr' id='par_1_31' title="bbox 1913 1643 3542 1713">
     <span class='ocr_line' id='line_1_31' title="bbox 1913 1643 3542 1713; baseline -0.006 -10"><span class='ocrx_word' id='word_1_224' title='bbox 1913 1647 2158 1704; x_wconf 72' lang='lat' dir='ltr'><strong>victoriae</strong></span> <span class='ocrx_word' id='word_1_225' title='bbox 2191 1646 2312 1713; x_wconf 76' lang='lat' dir='ltr'><strong>fuit,</strong></span> <span class='ocrx_word' id='word_1_226' title='bbox 2343 1645 2607 1701; x_wconf 80' lang='lat' dir='ltr'><strong>idolorum</strong></span> <span class='ocrx_word' id='word_1_227' title='bbox 2641 1647 2865 1708; x_wconf 79' lang='lat' dir='ltr'><strong>efﬁctio.</strong></span> <span class='ocrx_word' id='word_1_228' title='bbox 2894 1662 3016 1702; x_wconf 90' lang='lat' dir='ltr'><strong>cum</strong></span> <span class='ocrx_word' id='word_1_229' title='bbox 3062 1643 3322 1700; x_wconf 76' lang='lat' dir='ltr'><strong>Samaria:</strong></span> <span class='ocrx_word' id='word_1_230' title='bbox 3369 1652 3480 1696; x_wconf 91' lang='lat' dir='ltr'><strong>tum</strong></span> <span class='ocrx_word' id='word_1_231' title='bbox 3537 1709 3542 1713; x_wconf 25' lang='grc' dir='ltr'><strong>η</strong></span> 
     </span>
    </p>
   </div>
   <div class='ocr_carea' id='block_1_32' title="bbox 1905 1737 3483 1810">
    <p class='ocr_par' dir='ltr' id='par_1_32' title="bbox 1905 1737 3483 1810">
     <span class='ocr_line' id='line_1_32' title="bbox 1905 1737 3483 1810; baseline -0.005 -16"><span class='ocrx_word' id='word_1_232' title='bbox 1905 1737 2345 1810; x_wconf 81' lang='lat' dir='ltr'><strong>Hierosolymis:</strong></span> <span class='ocrx_word' id='word_1_233' title='bbox 2380 1737 2612 1805; x_wconf 82' lang='lat' dir='ltr'><strong>ideoque</strong></span> <span class='ocrx_word' id='word_1_234' title='bbox 2647 1739 2730 1792; x_wconf 88' lang='lat' dir='ltr'><strong>his</strong></span> <span class='ocrx_word' id='word_1_235' title='bbox 2776 1739 2866 1805; x_wconf 85' lang='lat' dir='ltr'><strong>qui</strong></span> <span class='ocrx_word' id='word_1_236' title='bbox 2919 1737 3046 1791; x_wconf 88' lang='lat' dir='ltr'><strong>talia</strong></span> <span class='ocrx_word' id='word_1_237' title='bbox 3092 1747 3308 1806; x_wconf 87' lang='lat' dir='ltr'><strong>patrare</strong></span> <span class='ocrx_word' id='word_1_238' title='bbox 3352 1747 3483 1788; x_wconf 88' lang='lat' dir='ltr'><strong>con-</strong></span> 
     </span>
    </p>
   </div>
   <div class='ocr_carea' id='block_1_33' title="bbox 1905 1825 3484 1896">
    <p class='ocr_par' dir='ltr' id='par_1_33' title="bbox 1905 1825 3484 1896">
     <span class='ocr_line' id='line_1_33' title="bbox 1905 1825 3484 1896; baseline -0.004 -12"><span class='ocrx_word' id='word_1_239' title='bbox 1905 1837 2222 1892; x_wconf 88' lang='lat' dir='ltr'><strong>sueverunt,</strong></span> <span class='ocrx_word' id='word_1_240' title='bbox 2258 1827 2606 1896; x_wconf 78' lang='lat' dir='ltr'><strong>dignissimas</strong></span> <span class='ocrx_word' id='word_1_241' title='bbox 2653 1841 2844 1895; x_wconf 66' lang='lat' dir='ltr'><strong>pinnas</strong></span> <span class='ocrx_word' id='word_1_242' title='bbox 2894 1828 3108 1882; x_wconf 75' lang='lat' dir='ltr'><strong>inﬂixit.</strong></span> <span class='ocrx_word' id='word_1_243' title='bbox 3161 1826 3256 1881; x_wconf 69' lang='lat' dir='ltr'><strong>Est</strong></span> <span class='ocrx_word' id='word_1_244' title='bbox 3300 1825 3484 1892; x_wconf 79' lang='lat' dir='ltr'><strong>itaque</strong></span> 
     </span>
    </p>
   </div>
   <div class='ocr_carea' id='block_1_34' title="bbox 203 1900 1809 1993">
    <p class='ocr_par' dir='ltr' id='par_1_34' title="bbox 203 1906 1802 1993">
     <span class='ocr_line' id='line_1_34' title="bbox 203 1906 1802 1993; baseline 0.012 -35"><span class='ocrx_word' id='word_1_245' title='bbox 203 1906 263 1959; x_wconf 72' lang='grc' dir='ltr'>δὲ</span> <span class='ocrx_word' id='word_1_246' title='bbox 289 1907 396 1961; x_wconf 78' lang='grc' dir='ltr'><strong>τοῦ</strong></span> <span class='ocrx_word' id='word_1_247' title='bbox 418 1911 742 1981; x_wconf 74' lang='grc' dir='ltr'>πράγματος</span> <span class='ocrx_word' id='word_1_248' title='bbox 766 1913 938 1986; x_wconf 77' lang='grc' dir='ltr'>αὐτῷ,</span> <span class='ocrx_word' id='word_1_249' title='bbox 972 1917 1068 1969; x_wconf 75' lang='grc' dir='ltr'><strong>καὶ</strong></span> <span class='ocrx_word' id='word_1_250' title='bbox 1093 1915 1187 1970; x_wconf 91' lang='grc' dir='ltr'><strong>τοῦ</strong></span> <span class='ocrx_word' id='word_1_251' title='bbox 1225 1920 1552 1990; x_wconf 77' lang='grc' dir='ltr'>κατισχῦσαι</span> <span class='ocrx_word' id='word_1_252' title='bbox 1586 1921 1802 1993; x_wconf 83' lang='grc' dir='ltr'>πρόφα-</span> 
     </span>
    </p>
   </div>
   <div class='ocr_carea' id='block_1_35' title="bbox 1913 1900 3482 1993">
    <p class='ocr_par' dir='ltr' id='par_1_35' title="bbox 1913 1916 3482 1990">
     <span class='ocr_line' id='line_1_35' title="bbox 1913 1916 3482 1990; baseline -0.005 -16"><span class='ocrx_word' id='word_1_253' title='bbox 1913 1934 2071 1990; x_wconf 79' lang='lat' dir='ltr'><strong>grave</strong></span> <span class='ocrx_word' id='word_1_254' title='bbox 2101 1919 2299 1983; x_wconf 85' lang='lat' dir='ltr'><strong>scelus,</strong></span> <span class='ocrx_word' id='word_1_255' title='bbox 2327 1927 2383 1974; x_wconf 88' lang='lat' dir='ltr'><strong>et</strong></span> <span class='ocrx_word' id='word_1_256' title='bbox 2415 1919 2551 1973; x_wconf 87' lang='lat' dir='ltr'><strong>iram</strong></span> <span class='ocrx_word' id='word_1_257' title='bbox 2585 1919 2821 1972; x_wconf 75' lang='lat' dir='ltr'><strong>divinam</strong></span> <span class='ocrx_word' id='word_1_258' title='bbox 2847 1918 3002 1972; x_wconf 86' lang='lat' dir='ltr'><strong>nobis</strong></span> <span class='ocrx_word' id='word_1_259' title='bbox 3025 1918 3258 1971; x_wconf 81' lang='lat' dir='ltr'><strong>accursit</strong></span> <span class='ocrx_word' id='word_1_260' title='bbox 3284 1916 3482 1982; x_wconf 89' lang='lat' dir='ltr'><strong>ubique</strong></span> 
     </span>
    </p>
   </div>
   <div class='ocr_carea' id='block_1_36' title="bbox 207 2001 1798 2086">
    <p class='ocr_par' dir='ltr' id='par_1_36' title="bbox 207 2001 1798 2086">
     <span class='ocr_line' id='line_1_36' title="bbox 207 2001 1798 2086; baseline 0.01 -36"><span class='ocrx_word' id='word_1_261' title='bbox 207 2013 325 2061; x_wconf 88' lang='grc' dir='ltr'>σις,</span> <span class='ocrx_word' id='word_1_262' title='bbox 349 2001 382 2069; x_wconf 78' lang='grc' dir='ltr'>ἡ</span> <span class='ocrx_word' id='word_1_263' title='bbox 415 2001 524 2053; x_wconf 81' lang='grc' dir='ltr'><strong>τῶν</strong></span> <span class='ocrx_word' id='word_1_264' title='bbox 549 2002 782 2056; x_wconf 82' lang='grc' dir='ltr'>εἰδώλων</span> <span class='ocrx_word' id='word_1_265' title='bbox 815 2007 1033 2078; x_wconf 85' lang='grc' dir='ltr'>ποίησις</span> <span class='ocrx_word' id='word_1_266' title='bbox 1056 2003 1145 2079; x_wconf 84' lang='grc' dir='ltr'>ἦν,</span> <span class='ocrx_word' id='word_1_267' title='bbox 1173 2011 1206 2080; x_wconf 80' lang='grc' dir='ltr'>ἡ</span> <span class='ocrx_word' id='word_1_268' title='bbox 1240 2010 1297 2064; x_wconf 81' lang='grc' dir='ltr'>ἔν</span> <span class='ocrx_word' id='word_1_269' title='bbox 1327 2029 1380 2064; x_wconf 89' lang='grc' dir='ltr'><strong>τε</strong></span> <span class='ocrx_word' id='word_1_270' title='bbox 1403 2015 1467 2082; x_wconf 78' lang='grc' dir='ltr'>τῇ</span> <span class='ocrx_word' id='word_1_271' title='bbox 1495 2013 1798 2086; x_wconf 78' lang='grc' dir='ltr'>Σαμαρείᾳ,</span> 
     </span>
    </p>
   </div>
   <div class='ocr_carea' id='block_1_37' title="bbox 207 2089 1800 2172">
    <p class='ocr_par' dir='ltr' id='par_1_37' title="bbox 207 2089 1800 2172">
     <span class='ocr_line' id='line_1_37' title="bbox 207 2089 1800 2172; baseline 0.011 -32"><span class='ocrx_word' id='word_1_272' title='bbox 207 2089 310 2142; x_wconf 75' lang='grc' dir='ltr'><strong>καὶ</strong></span> <span class='ocrx_word' id='word_1_273' title='bbox 352 2092 467 2154; x_wconf 82' lang='grc' dir='ltr'>τοῖς</span> <span class='ocrx_word' id='word_1_274' title='bbox 499 2092 914 2165; x_wconf 74' lang='grc' dir='ltr'>Ἰεροσολύμοις.</span> <span class='ocrx_word' id='word_1_275' title='bbox 943 2097 1209 2172; x_wconf 79' lang='grc' dir='ltr'>Ταύτῃτοι</span> <span class='ocrx_word' id='word_1_276' title='bbox 1241 2101 1337 2154; x_wconf 78' lang='grc' dir='ltr'><strong>καὶ</strong></span> <span class='ocrx_word' id='word_1_277' title='bbox 1375 2105 1488 2165; x_wconf 83' lang='grc' dir='ltr'>τοῖς</span> <span class='ocrx_word' id='word_1_278' title='bbox 1527 2102 1596 2157; x_wconf 89' lang='grc' dir='ltr'><strong>τά</strong></span> <span class='ocrx_word' id='word_1_279' title='bbox 1623 2105 1800 2159; x_wconf 80' lang='grc' dir='ltr'>τοιάδε</span> 
     </span>
    </p>
   </div>
   <div class='ocr_carea' id='block_1_38' title="bbox 205 2178 1798 2264">
    <p class='ocr_par' dir='ltr' id='par_1_38' title="bbox 205 2178 1798 2264">
     <span class='ocr_line' id='line_1_38' title="bbox 205 2178 1798 2264; baseline 0.01 -31"><span class='ocrx_word' id='word_1_280' title='bbox 205 2178 349 2251; x_wconf 79' lang='grc' dir='ltr'>δρᾷν</span> <span class='ocrx_word' id='word_1_281' title='bbox 377 2182 646 2252; x_wconf 72' lang='grc' dir='ltr'>εἰωθόσιν,</span> <span class='ocrx_word' id='word_1_282' title='bbox 675 2188 776 2249; x_wconf 80' lang='grc' dir='ltr'><strong>τὰς</strong></span> <span class='ocrx_word' id='word_1_283' title='bbox 805 2191 1266 2260; x_wconf 80' lang='grc' dir='ltr'>πρεπωδεστάτας</span> <span class='ocrx_word' id='word_1_284' title='bbox 1296 2191 1591 2264; x_wconf 78' lang='grc' dir='ltr'>ὲζήτηνται</span> <span class='ocrx_word' id='word_1_285' title='bbox 1624 2195 1798 2259; x_wconf 86' lang='grc' dir='ltr'>δίκας.</span> 
     </span>
    </p>
   </div>
   <div class='ocr_carea' id='block_1_39' title="bbox 207 2271 1802 2358">
    <p class='ocr_par' dir='ltr' id='par_1_39' title="bbox 207 2271 1802 2358">
     <span class='ocr_line' id='line_1_39' title="bbox 207 2271 1802 2358; baseline 0.01 -33"><span class='ocrx_word' id='word_1_286' title='bbox 207 2271 468 2330; x_wconf 80' lang='grc' dir='ltr'>Χαλεπὸν</span> <span class='ocrx_word' id='word_1_287' title='bbox 512 2271 606 2331; x_wconf 73' lang='grc' dir='ltr'>οὖν</span> <span class='ocrx_word' id='word_1_288' title='bbox 653 2279 785 2351; x_wconf 74' lang='grc' dir='ltr'>ἄρα,</span> <span class='ocrx_word' id='word_1_289' title='bbox 823 2283 917 2334; x_wconf 75' lang='grc' dir='ltr'><strong>καὶ</strong></span> <span class='ocrx_word' id='word_1_290' title='bbox 950 2282 1119 2354; x_wconf 83' lang='grc' dir='ltr'>ὀργῆς</span> <span class='ocrx_word' id='word_1_291' title='bbox 1156 2286 1290 2356; x_wconf 78' lang='grc' dir='ltr'>ἡμῖν</span> <span class='ocrx_word' id='word_1_292' title='bbox 1325 2286 1425 2357; x_wconf 83' lang='grc' dir='ltr'>τῆς</span> <span class='ocrx_word' id='word_1_293' title='bbox 1463 2288 1616 2358; x_wconf 71' lang='grc' dir='ltr'>παρὰ</span> <span class='ocrx_word' id='word_1_294' title='bbox 1665 2287 1802 2341; x_wconf 86' lang='grc' dir='ltr'>Θεοῦ</span> 
     </span>
    </p>
   </div>
   <div class='ocr_carea' id='block_1_40' title="bbox 1911 2004 3482 2080">
    <p class='ocr_par' dir='ltr' id='par_1_40' title="bbox 1911 2004 3482 2080">
     <span class='ocr_line' id='line_1_40' title="bbox 1911 2004 3482 2080; baseline -0.008 -12"><span class='ocrx_word' id='word_1_295' title='bbox 1911 2013 2176 2068; x_wconf 84' lang='lat' dir='ltr'><strong>idolorum</strong></span> <span class='ocrx_word' id='word_1_296' title='bbox 2206 2011 2405 2066; x_wconf 80' lang='lat' dir='ltr'><strong>eﬂictio</strong></span> <span class='ocrx_word' id='word_1_297' title='bbox 2437 2029 2450 2066; x_wconf 89' lang='lat'>:</span> <span class='ocrx_word' id='word_1_298' title='bbox 2491 2011 2651 2080; x_wconf 85' lang='lat' dir='ltr'><strong>idque</strong></span> <span class='ocrx_word' id='word_1_299' title='bbox 2685 2011 2850 2065; x_wconf 87' lang='lat' dir='ltr'><strong>etiam</strong></span> <span class='ocrx_word' id='word_1_300' title='bbox 2878 2011 2926 2064; x_wconf 90' lang='lat' dir='ltr'><strong>si</strong></span> <span class='ocrx_word' id='word_1_301' title='bbox 2968 2010 3089 2076; x_wconf 84' lang='lat' dir='ltr'><strong>quis</strong></span> <span class='ocrx_word' id='word_1_302' title='bbox 3121 2008 3260 2062; x_wconf 89' lang='lat' dir='ltr'><strong>forte</strong></span> <span class='ocrx_word' id='word_1_303' title='bbox 3287 2007 3389 2060; x_wconf 88' lang='lat' dir='ltr'><strong>hoc</strong></span> <span class='ocrx_word' id='word_1_304' title='bbox 3427 2004 3482 2057; x_wconf 85' lang='lat' dir='ltr'><strong>in</strong></span> 
     </span>
    </p>
   </div>
   <div class='ocr_carea' id='block_1_41' title="bbox 1909 2095 3480 2157">
    <p class='ocr_par' dir='ltr' id='par_1_41' title="bbox 1909 2095 3480 2157">
     <span class='ocr_line' id='line_1_41' title="bbox 1909 2095 3480 2157; baseline -0.006 -2"><span class='ocrx_word' id='word_1_305' title='bbox 1909 2103 2093 2156; x_wconf 87' lang='lat' dir='ltr'><strong>animo</strong></span> <span class='ocrx_word' id='word_1_306' title='bbox 2120 2113 2175 2157; x_wconf 92' lang='lat' dir='ltr'><strong>et</strong></span> <span class='ocrx_word' id='word_1_307' title='bbox 2211 2112 2392 2156; x_wconf 90' lang='lat' dir='ltr'><strong>mente</strong></span> <span class='ocrx_word' id='word_1_308' title='bbox 2424 2101 2792 2155; x_wconf 83' lang='lat' dir='ltr'><strong>fabricaverit.</strong></span> <span class='ocrx_word' id='word_1_309' title='bbox 2823 2101 3110 2154; x_wconf 88' lang='lat' dir='ltr'><strong>Abducunt</strong></span> <span class='ocrx_word' id='word_1_310' title='bbox 3140 2099 3285 2152; x_wconf 91' lang='lat' dir='ltr'><strong>enim</strong></span> <span class='ocrx_word' id='word_1_311' title='bbox 3320 2095 3407 2149; x_wconf 88' lang='lat' dir='ltr'><strong>illa</strong></span> <span class='ocrx_word' id='word_1_312' title='bbox 3450 2110 3480 2146; x_wconf 88' lang='lat' dir='ltr'><strong>a</strong></span> 
     </span>
    </p>
   </div>
   <div class='ocr_carea' id='block_1_42' title="bbox 1909 2187 3484 2257">
    <p class='ocr_par' dir='ltr' id='par_1_42' title="bbox 1909 2187 3484 2257">
     <span class='ocr_line' id='line_1_42' title="bbox 1909 2187 3484 2257; baseline -0.01 -7"><span class='ocrx_word' id='word_1_313' title='bbox 1909 2195 2199 2250; x_wconf 91' lang='lat' dir='ltr'><strong>dilectione</strong></span> <span class='ocrx_word' id='word_1_314' title='bbox 2245 2195 2297 2248; x_wconf 92' lang='lat' dir='ltr'><strong>in</strong></span> <span class='ocrx_word' id='word_1_315' title='bbox 2329 2194 2520 2257; x_wconf 88' lang='lat' dir='ltr'><strong>Deum,</strong></span> <span class='ocrx_word' id='word_1_316' title='bbox 2554 2193 2838 2246; x_wconf 87' lang='lat' dir='ltr'><strong>iucantant</strong></span> <span class='ocrx_word' id='word_1_317' title='bbox 2866 2190 3127 2254; x_wconf 86' lang='lat' dir='ltr'><strong>animum,</strong></span> <span class='ocrx_word' id='word_1_318' title='bbox 3161 2199 3216 2243; x_wconf 90' lang='lat' dir='ltr'><strong>et</strong></span> <span class='ocrx_word' id='word_1_319' title='bbox 3249 2187 3316 2240; x_wconf 87' lang='lat' dir='ltr'><strong>ad</strong></span> <span class='ocrx_word' id='word_1_320' title='bbox 3365 2197 3484 2253; x_wconf 80' lang='lat' dir='ltr'><strong>qua:</strong></span> 
     </span>
    </p>
   </div>
   <div class='ocr_carea' id='block_1_43' title="bbox 1911 2286 2547 2355">
    <p class='ocr_par' dir='ltr' id='par_1_43' title="bbox 1911 2286 2547 2355">
     <span class='ocr_line' id='line_1_43' title="bbox 1911 2286 2547 2355; baseline -0.009 -14"><span class='ocrx_word' id='word_1_321' title='bbox 1911 2303 2016 2341; x_wconf 89' lang='lat' dir='ltr'><strong>non</strong></span> <span class='ocrx_word' id='word_1_322' title='bbox 2058 2294 2270 2355; x_wconf 87' lang='lat' dir='ltr'><strong>oportet</strong></span> <span class='ocrx_word' id='word_1_323' title='bbox 2305 2286 2547 2339; x_wconf 88' lang='lat' dir='ltr'><strong>tralmnt.</strong></span> 
     </span>
    </p>
   </div>
   <div class='ocr_carea' id='block_1_44' title="bbox 210 2364 3524 2456">
    <p class='ocr_par' dir='ltr' id='par_1_44' title="bbox 210 2364 3524 2456">
     <span class='ocr_line' id='line_1_44' title="bbox 210 2364 3524 2456; baseline -0.005 -23"><span class='ocrx_word' id='word_1_324' title='bbox 210 2364 479 2432; x_wconf 70' lang='grc' dir='ltr'>πρόξενον</span> <span class='ocrx_word' id='word_1_325' title='bbox 541 2371 574 2441; x_wconf 85' lang='grc' dir='ltr'>ὴ</span> <span class='ocrx_word' id='word_1_326' title='bbox 621 2373 734 2425; x_wconf 84' lang='grc' dir='ltr'><strong>τῶν</strong></span> <span class='ocrx_word' id='word_1_327' title='bbox 793 2373 1027 2427; x_wconf 83' lang='grc' dir='ltr'>εἰδώλων</span> <span class='ocrx_word' id='word_1_328' title='bbox 1085 2377 1304 2448; x_wconf 88' lang='grc' dir='ltr'>ποίησις</span> <span class='ocrx_word' id='word_1_329' title='bbox 1347 2381 1644 2451; x_wconf 81' lang='grc' dir='ltr'>πανταχοῦ,</span> <span class='ocrx_word' id='word_1_330' title='bbox 1699 2383 1802 2436; x_wconf 74' lang='grc' dir='ltr'>κᾶν</span> <span class='ocrx_word' id='word_1_331' title='bbox 1839 2382 1891 2436; x_wconf 81' lang='grc' dir='ltr'><strong>εί</strong></span> <span class='ocrx_word' id='word_1_332' title='bbox 1927 2398 2014 2446; x_wconf 91' lang='grc' dir='ltr'><strong>τις</strong></span> <span class='ocrx_word' id='word_1_333' title='bbox 2049 2381 2129 2445; x_wconf 86' lang='grc' dir='ltr'>εἰς</span> <span class='ocrx_word' id='word_1_334' title='bbox 2157 2379 2284 2434; x_wconf 91' lang='grc' dir='ltr'>νοῦν</span> <span class='ocrx_word' id='word_1_335' title='bbox 2321 2380 2417 2456; x_wconf 60' lang='grc' dir='ltr'>καὶ</span> <span class='ocrx_word' id='word_1_336' title='bbox 2450 2377 2680 2449; x_wconf 84' lang='grc' dir='ltr'>καρδίαν</span> <span class='ocrx_word' id='word_1_337' title='bbox 2713 2375 2872 2430; x_wconf 89' lang='grc' dir='ltr'>τοῦτο</span> <span class='ocrx_word' id='word_1_338' title='bbox 2915 2375 3061 2447; x_wconf 77' lang='grc' dir='ltr'>δρῴη</span> <span class='ocrx_word' id='word_1_339' title='bbox 3097 2373 3279 2443; x_wconf 78' lang='grc' dir='ltr'>τυχόν.</span> <span class='ocrx_word' id='word_1_340' title='bbox 3321 2371 3483 2422; x_wconf 80' lang='grc' dir='ltr'>’Λπο-</span> <span class='ocrx_word' id='word_1_341' title='bbox 3522 2436 3524 2438; x_wconf 91' lang='lat'><em>_</em></span> 
     </span>
    </p>
   </div>
   <div class='ocr_carea' id='block_1_45' title="bbox 210 2453 3467 2541">
    <p class='ocr_par' dir='ltr' id='par_1_45' title="bbox 210 2453 3467 2541">
     <span class='ocr_line' id='line_1_45' title="bbox 210 2453 3467 2541; baseline 0.001 -28"><span class='ocrx_word' id='word_1_342' title='bbox 210 2455 378 2527; x_wconf 81' lang='grc' dir='ltr'>φέρει</span> <span class='ocrx_word' id='word_1_343' title='bbox 429 2457 540 2529; x_wconf 76' lang='grc' dir='ltr'>γὰρ</span> <span class='ocrx_word' id='word_1_344' title='bbox 590 2461 817 2515; x_wconf 80' lang='grc' dir='ltr'>κάκεῖνα</span> <span class='ocrx_word' id='word_1_345' title='bbox 860 2461 960 2532; x_wconf 81' lang='grc' dir='ltr'>τῆς</span> <span class='ocrx_word' id='word_1_346' title='bbox 1011 2464 1091 2528; x_wconf 89' lang='grc' dir='ltr'><strong>είς</strong></span> <span class='ocrx_word' id='word_1_347' title='bbox 1147 2467 1280 2522; x_wconf 88' lang='grc' dir='ltr'>Θεὸν</span> <span class='ocrx_word' id='word_1_348' title='bbox 1323 2468 1566 2541; x_wconf 82' lang='grc' dir='ltr'>ἀγάπης,</span> <span class='ocrx_word' id='word_1_349' title='bbox 1629 2467 2107 2541; x_wconf 78' lang='grc' dir='ltr'>καταγοητεύοντα</span> <span class='ocrx_word' id='word_1_350' title='bbox 2138 2469 2238 2540; x_wconf 78' lang='grc' dir='ltr'>τὴν</span> <span class='ocrx_word' id='word_1_351' title='bbox 2275 2453 2524 2540; x_wconf 76' lang='grc' dir='ltr'>κοῖρδίαν,</span> <span class='ocrx_word' id='word_1_352' title='bbox 2557 2466 2652 2520; x_wconf 77' lang='grc' dir='ltr'><strong>καὶ</strong></span> <span class='ocrx_word' id='word_1_353' title='bbox 2713 2466 2798 2534; x_wconf 74' lang='grc' dir='ltr'><strong>ἐφ’</strong></span> <span class='ocrx_word' id='word_1_354' title='bbox 2825 2465 2862 2518; x_wconf 75' lang='grc' dir='ltr'><strong>ἃ.</strong></span> <span class='ocrx_word' id='word_1_355' title='bbox 2932 2463 3007 2534; x_wconf 86' lang='grc' dir='ltr'>μὴ</span> <span class='ocrx_word' id='word_1_356' title='bbox 3073 2461 3350 2533; x_wconf 72' lang='grc' dir='ltr'>προσῆκεν</span> <span class='ocrx_word' id='word_1_357' title='bbox 3381 2457 3467 2523; x_wconf 73' lang='grc' dir='ltr'><strong>ἐξ·</strong></span> 
     </span>
    </p>
   </div>
   <div class='ocr_carea' id='block_1_46' title="bbox 209 2543 466 2602">
    <p class='ocr_par' dir='ltr' id='par_1_46' title="bbox 209 2543 466 2602">
     <span class='ocr_line' id='line_1_46' title="bbox 209 2543 466 2602; baseline 0.019 -6"><span class='ocrx_word' id='word_1_358' title='bbox 209 2543 466 2602; x_wconf 68' lang='grc' dir='ltr'>ἕλκοντα.</span> 
     </span>
    </p>
   </div>
   <div class='ocr_carea' id='block_1_47' title="bbox 281 2635 1808 2715">
    <p class='ocr_par' dir='ltr' id='par_1_47' title="bbox 281 2635 1808 2715">
     <span class='ocr_line' id='line_1_47' title="bbox 281 2635 1808 2715; baseline 0.007 -25"><span class='ocrx_word' id='word_1_359' title='bbox 281 2635 401 2690; x_wconf 81' lang='lat' dir='ltr'><strong>Kal</strong></span> <span class='ocrx_word' id='word_1_360' title='bbox 427 2638 596 2692; x_wconf 80' lang='grc' dir='ltr'>ἔσται</span> <span class='ocrx_word' id='word_1_361' title='bbox 623 2639 769 2693; x_wconf 79' lang='grc' dir='ltr'>ὅταν</span> <span class='ocrx_word' id='word_1_362' title='bbox 789 2643 1133 2714; x_wconf 77' lang='grc' dir='ltr'>συντελέσῃ</span> <span class='ocrx_word' id='word_1_363' title='bbox 1154 2646 1370 2715; x_wconf 77' lang='grc' dir='ltr'>Κύριος</span> <span class='ocrx_word' id='word_1_364' title='bbox 1396 2647 1592 2702; x_wconf 83' lang='grc' dir='ltr'>πάντα</span> <span class='ocrx_word' id='word_1_365' title='bbox 1621 2647 1808 2702; x_wconf 81' lang='grc' dir='ltr'>ποιῶν</span> 
     </span>
    </p>
   </div>
   <div class='ocr_carea' id='block_1_48' title="bbox 207 2725 1806 2808">
    <p class='ocr_par' dir='ltr' id='par_1_48' title="bbox 207 2725 1806 2808">
     <span class='ocr_line' id='line_1_48' title="bbox 207 2725 1806 2808; baseline 0.008 -28"><span class='ocrx_word' id='word_1_366' title='bbox 207 2725 280 2780; x_wconf 76' lang='grc' dir='ltr'><strong>ἐν</strong></span> <span class='ocrx_word' id='word_1_367' title='bbox 316 2725 404 2792; x_wconf 83' lang='grc' dir='ltr'>τῷ</span> <span class='ocrx_word' id='word_1_368' title='bbox 429 2728 550 2796; x_wconf 75' lang='grc' dir='ltr'>ὄρει</span> <span class='ocrx_word' id='word_1_369' title='bbox 580 2730 753 2794; x_wconf 78' lang='grc' dir='ltr'>Σιὼν,</span> <span class='ocrx_word' id='word_1_370' title='bbox 783 2732 882 2786; x_wconf 77' lang='grc' dir='ltr'>καὶ</span> <span class='ocrx_word' id='word_1_371' title='bbox 911 2735 981 2789; x_wconf 81' lang='grc' dir='ltr'>ἐν</span> <span class='ocrx_word' id='word_1_372' title='bbox 1013 2735 1431 2808; x_wconf 74' lang='grc' dir='ltr'>Ἰερουσαλὴμ,</span> <span class='ocrx_word' id='word_1_373' title='bbox 1470 2739 1679 2805; x_wconf 78' lang='grc' dir='ltr'>ἐπάξει</span> <span class='ocrx_word' id='word_1_374' title='bbox 1707 2739 1806 2794; x_wconf 70' lang='grc' dir='ltr'><strong>ἐπὶ</strong></span> 
     </span>
    </p>
   </div>
   <div class='ocr_carea' id='block_1_49' title="bbox 206 2817 1804 2899">
    <p class='ocr_par' dir='ltr' id='par_1_49' title="bbox 206 2817 1804 2899">
     <span class='ocr_line' id='line_1_49' title="bbox 206 2817 1804 2899; baseline 0.01 -29"><span class='ocrx_word' id='word_1_375' title='bbox 206 2817 328 2871; x_wconf 64' lang='grc' dir='ltr'><strong>τὸ)ρ</strong></span> <span class='ocrx_word' id='word_1_376' title='bbox 348 2819 501 2874; x_wconf 81' lang='grc' dir='ltr'>νοῦν</span> <span class='ocrx_word' id='word_1_377' title='bbox 521 2821 628 2874; x_wconf 77' lang='grc' dir='ltr'><strong>τὸν</strong></span> <span class='ocrx_word' id='word_1_378' title='bbox 642 2822 836 2893; x_wconf 77' lang='grc' dir='ltr'>μέγαν</span> <span class='ocrx_word' id='word_1_379' title='bbox 855 2825 965 2880; x_wconf 75' lang='grc' dir='ltr'><strong>τὸν</strong></span> <span class='ocrx_word' id='word_1_380' title='bbox 1000 2827 1262 2897; x_wconf 76' lang='grc' dir='ltr'>ἄρχοντα</span> <span class='ocrx_word' id='word_1_381' title='bbox 1292 2829 1412 2883; x_wconf 81' lang='grc' dir='ltr'>τῶν</span> <span class='ocrx_word' id='word_1_382' title='bbox 1448 2831 1804 2899; x_wconf 69' lang='grc' dir='ltr'>Ἀσσυρίων,</span> 
     </span>
    </p>
   </div>
   <div class='ocr_carea' id='block_1_50' title="bbox 210 2909 1802 2990">
    <p class='ocr_par' dir='ltr' id='par_1_50' title="bbox 210 2909 1802 2990">
     <span class='ocr_line' id='line_1_50' title="bbox 210 2909 1802 2990; baseline 0.008 -28"><span class='ocrx_word' id='word_1_383' title='bbox 210 2910 318 2962; x_wconf 71' lang='grc' dir='ltr'><strong>καὶ</strong></span> <span class='ocrx_word' id='word_1_384' title='bbox 353 2909 455 2964; x_wconf 79' lang='grc' dir='ltr'><strong>ἐπὶ</strong></span> <span class='ocrx_word' id='word_1_385' title='bbox 481 2911 548 2965; x_wconf 82' lang='grc' dir='ltr'><strong>τὸ</strong></span> <span class='ocrx_word' id='word_1_386' title='bbox 570 2913 729 2981; x_wconf 66' lang='grc' dir='ltr'>ὕψος</span> <span class='ocrx_word' id='word_1_387' title='bbox 753 2913 860 2983; x_wconf 83' lang='grc' dir='ltr'>τῆς</span> <span class='ocrx_word' id='word_1_388' title='bbox 885 2916 1070 2984; x_wconf 80' lang='grc' dir='ltr'>δόξης</span> <span class='ocrx_word' id='word_1_389' title='bbox 1093 2918 1212 2973; x_wconf 73' lang='grc' dir='ltr'><strong>τῶν</strong></span> <span class='ocrx_word' id='word_1_390' title='bbox 1244 2920 1569 2990; x_wconf 61' lang='grc' dir='ltr'><strong>ὀφθαλμῶν</strong></span> <span class='ocrx_word' id='word_1_391' title='bbox 1595 2921 1802 2976; x_wconf 77' lang='grc' dir='ltr'>αὑτοῦ.</span> 
     </span>
    </p>
   </div>
   <div class='ocr_carea' id='block_1_51' title="bbox 208 2997 1806 3083">
    <p class='ocr_par' dir='ltr' id='par_1_51' title="bbox 208 2997 1806 3083">
     <span class='ocr_line' id='line_1_51' title="bbox 208 2997 1806 3083; baseline 0.009 -28"><span class='ocrx_word' id='word_1_392' title='bbox 208 2997 372 3056; x_wconf 77' lang='grc' dir='ltr'>Ειπε</span> <span class='ocrx_word' id='word_1_393' title='bbox 571 3005 651 3075; x_wconf 83' lang='grc' dir='ltr'><strong>Τῆ</strong></span> <span class='ocrx_word' id='word_1_394' title='bbox 705 3009 879 3077; x_wconf 77' lang='grc' dir='ltr'>ἰσχύϊ</span> <span class='ocrx_word' id='word_1_395' title='bbox 925 3010 1176 3076; x_wconf 79' lang='grc' dir='ltr'>ποιήσω,</span> <span class='ocrx_word' id='word_1_396' title='bbox 1227 3014 1325 3066; x_wconf 80' lang='grc' dir='ltr'>καὶ</span> <span class='ocrx_word' id='word_1_397' title='bbox 1364 3012 1440 3081; x_wconf 79' lang='grc' dir='ltr'>τῇ</span> <span class='ocrx_word' id='word_1_398' title='bbox 1474 3015 1660 3083; x_wconf 62' lang='grc' dir='ltr'>σοφίᾳ</span> <span class='ocrx_word' id='word_1_399' title='bbox 1693 3013 1806 3082; x_wconf 79' lang='grc' dir='ltr'>τῆς</span> 
     </span>
    </p>
   </div>
   <div class='ocr_carea' id='block_1_52' title="bbox 207 3094 1806 3176">
    <p class='ocr_par' dir='ltr' id='par_1_52' title="bbox 207 3094 1806 3176">
     <span class='ocr_line' id='line_1_52' title="bbox 207 3094 1806 3176; baseline 0.008 -28"><span class='ocrx_word' id='word_1_400' title='bbox 207 3094 551 3163; x_wconf 72' lang='grc' dir='ltr'>συνέσεως,</span> <span class='ocrx_word' id='word_1_401' title='bbox 576 3097 778 3168; x_wconf 48' lang='grc' dir='ltr'>ἀμελῶ</span> <span class='ocrx_word' id='word_1_402' title='bbox 807 3100 939 3170; x_wconf 84' lang='grc' dir='ltr'>ὅρια</span> <span class='ocrx_word' id='word_1_403' title='bbox 975 3102 1183 3166; x_wconf 80' lang='grc' dir='ltr'><strong>ἐθνῶν,</strong></span> <span class='ocrx_word' id='word_1_404' title='bbox 1217 3104 1314 3158; x_wconf 77' lang='grc' dir='ltr'><strong>καὶ</strong></span> <span class='ocrx_word' id='word_1_405' title='bbox 1341 3104 1457 3174; x_wconf 79' lang='grc' dir='ltr'><strong>τὴν</strong></span> <span class='ocrx_word' id='word_1_406' title='bbox 1485 3105 1670 3176; x_wconf 77' lang='grc' dir='ltr'>ἰσχὺν</span> <span class='ocrx_word' id='word_1_407' title='bbox 1701 3109 1806 3160; x_wconf 82' lang='grc' dir='ltr'><strong>αὑ·-</strong></span> 
     </span>
    </p>
   </div>
   <div class='ocr_carea' id='block_1_53' title="bbox 208 3186 1804 3268">
    <p class='ocr_par' dir='ltr' id='par_1_53' title="bbox 208 3186 1804 3268">
     <span class='ocr_line' id='line_1_53' title="bbox 208 3186 1804 3268; baseline 0.008 -28"><span class='ocrx_word' id='word_1_408' title='bbox 208 3186 346 3241; x_wconf 75' lang='grc' dir='ltr'>τῶν</span> <span class='ocrx_word' id='word_1_409' title='bbox 380 3191 788 3258; x_wconf 77' lang='grc' dir='ltr'>προνομεύσω·</span> <span class='ocrx_word' id='word_1_410' title='bbox 820 3193 918 3246; x_wconf 80' lang='grc' dir='ltr'><strong>καί</strong></span> <span class='ocrx_word' id='word_1_411' title='bbox 958 3195 1146 3248; x_wconf 87' lang='grc' dir='ltr'>σείσω</span> <span class='ocrx_word' id='word_1_412' title='bbox 1179 3198 1387 3262; x_wconf 74' lang='grc' dir='ltr'>πόλεις</span> <span class='ocrx_word' id='word_1_413' title='bbox 1425 3197 1804 3268; x_wconf 80' lang='grc' dir='ltr'>κατοικουμέ-</span> 
     </span>
    </p>
   </div>
   <div class='ocr_carea' id='block_1_54' title="bbox 1983 2639 3485 2699">
    <p class='ocr_par' dir='ltr' id='par_1_54' title="bbox 1983 2639 3485 2699">
     <span class='ocr_line' id='line_1_54' title="bbox 1983 2639 3485 2699; baseline -0.003 -1"><span class='ocrx_word' id='word_1_414' title='bbox 1983 2643 2146 2699; x_wconf 74' lang='lat' dir='ltr'><strong>Vsus.</strong></span> <span class='ocrx_word' id='word_1_415' title='bbox 2175 2642 2365 2696; x_wconf 68' lang='lat'><strong>12-”.</strong></span> <span class='ocrx_word' id='word_1_416' title='bbox 2400 2641 2468 2696; x_wconf 81' lang='lat' dir='ltr'><strong>Et</strong></span> <span class='ocrx_word' id='word_1_417' title='bbox 2491 2641 2590 2694; x_wconf 79' lang='lat' dir='ltr'><strong>erit</strong></span> <span class='ocrx_word' id='word_1_418' title='bbox 2621 2656 2738 2692; x_wconf 85' lang='lat' dir='ltr'><strong>cum</strong></span> <span class='ocrx_word' id='word_1_419' title='bbox 2757 2639 3192 2693; x_wconf 83' lang='lat' dir='ltr'><strong>consummaverit</strong></span> <span class='ocrx_word' id='word_1_420' title='bbox 3231 2639 3485 2693; x_wconf 75' lang='lat' dir='ltr'><strong>Dominus</strong></span> 
     </span>
    </p>
   </div>
   <div class='ocr_carea' id='block_1_55' title="bbox 1909 2730 3484 2804">
    <p class='ocr_par' dir='ltr' id='par_1_55' title="bbox 1909 2730 3484 2804">
     <span class='ocr_line' id='line_1_55' title="bbox 1909 2730 3484 2804; baseline -0.006 -12"><span class='ocrx_word' id='word_1_421' title='bbox 1909 2739 2086 2793; x_wconf 85' lang='lat' dir='ltr'><strong>omnia</strong></span> <span class='ocrx_word' id='word_1_422' title='bbox 2119 2736 2319 2804; x_wconf 76' lang='lat' dir='ltr'><strong>faciens</strong></span> <span class='ocrx_word' id='word_1_423' title='bbox 2362 2736 2420 2788; x_wconf 79' lang='lat' dir='ltr'><strong>in</strong></span> <span class='ocrx_word' id='word_1_424' title='bbox 2442 2740 2619 2787; x_wconf 82' lang='lat' dir='ltr'><strong>monte</strong></span> <span class='ocrx_word' id='word_1_425' title='bbox 2643 2730 2795 2797; x_wconf 88' lang='lat' dir='ltr'><strong>Sion,</strong></span> <span class='ocrx_word' id='word_1_426' title='bbox 2834 2741 2880 2784; x_wconf 89' lang='lat' dir='ltr'><strong>et</strong></span> <span class='ocrx_word' id='word_1_427' title='bbox 2916 2730 3237 2790; x_wconf 78' lang='lat' dir='ltr'><strong>Jerusalem,</strong></span> <span class='ocrx_word' id='word_1_428' title='bbox 3278 2730 3484 2784; x_wconf 79' lang='lat' dir='ltr'><strong>inducet</strong></span> 
     </span>
    </p>
   </div>
   <div class='ocr_carea' id='block_1_56' title="bbox 1906 2820 3485 2897">
    <p class='ocr_par' dir='ltr' id='par_1_56' title="bbox 1906 2820 3485 2897">
     <span class='ocr_line' id='line_1_56' title="bbox 1906 2820 3485 2897; baseline -0.004 -16"><span class='ocrx_word' id='word_1_429' title='bbox 1906 2843 2064 2897; x_wconf 75' lang='lat' dir='ltr'><strong>super</strong></span> <span class='ocrx_word' id='word_1_430' title='bbox 2105 2835 2328 2880; x_wconf 80' lang='lat' dir='ltr'><strong>mentem</strong></span> <span class='ocrx_word' id='word_1_431' title='bbox 2374 2840 2638 2893; x_wconf 84' lang='lat' dir='ltr'><strong>magnam,</strong></span> <span class='ocrx_word' id='word_1_432' title='bbox 2681 2821 2966 2892; x_wconf 82' lang='lat' dir='ltr'><strong>principem</strong></span> <span class='ocrx_word' id='word_1_433' title='bbox 3015 2820 3382 2890; x_wconf 73' lang='lat' dir='ltr'><strong>Assyriorum,</strong></span> <span class='ocrx_word' id='word_1_434' title='bbox 3437 2831 3485 2875; x_wconf 79' lang='lat' dir='ltr'><strong>et</strong></span> 
     </span>
    </p>
   </div>
   <div class='ocr_carea' id='block_1_57' title="bbox 1907 2910 3487 2988">
    <p class='ocr_par' dir='ltr' id='par_1_57' title="bbox 1907 2910 3487 2988">
     <span class='ocr_line' id='line_1_57' title="bbox 1907 2910 3487 2988; baseline -0.005 -16"><span class='ocrx_word' id='word_1_435' title='bbox 1907 2934 2067 2988; x_wconf 64' lang='lat' dir='ltr'><strong>super</strong></span> <span class='ocrx_word' id='word_1_436' title='bbox 2092 2917 2453 2971; x_wconf 72' lang='lat' dir='ltr'><strong>celsitudinem</strong></span> <span class='ocrx_word' id='word_1_437' title='bbox 2480 2914 2667 2985; x_wconf 79' lang='lat' dir='ltr'><strong>gloria:</strong></span> <span class='ocrx_word' id='word_1_438' title='bbox 2689 2913 2960 2966; x_wconf 87' lang='lat' dir='ltr'><strong>oculorum</strong></span> <span class='ocrx_word' id='word_1_439' title='bbox 2983 2910 3117 2972; x_wconf 79' lang='lat' dir='ltr'><strong>eius.</strong></span> <span class='ocrx_word' id='word_1_440' title='bbox 3145 2911 3288 2965; x_wconf 70' lang='lat' dir='ltr'><strong>Dixit</strong></span> <span class='ocrx_word' id='word_1_441' title='bbox 3310 2911 3444 2964; x_wconf 73' lang='lat' dir='ltr'><strong>enim</strong></span> <span class='ocrx_word' id='word_1_442' title='bbox 3469 2927 3487 2964; x_wconf 95' lang='lat'><strong><em>:</em></strong></span> 
     </span>
    </p>
   </div>
   <div class='ocr_carea' id='block_1_58' title="bbox 1912 3003 3485 3078">
    <p class='ocr_par' dir='ltr' id='par_1_58' title="bbox 1912 3003 3485 3078">
     <span class='ocr_line' id='line_1_58' title="bbox 1912 3003 3485 3078; baseline -0.006 -13"><span class='ocrx_word' id='word_1_443' title='bbox 1912 3010 1980 3065; x_wconf 80' lang='lat' dir='ltr'><strong>In</strong></span> <span class='ocrx_word' id='word_1_444' title='bbox 2012 3009 2320 3078; x_wconf 71' lang='lat' dir='ltr'><strong>fortitudine</strong></span> <span class='ocrx_word' id='word_1_445' title='bbox 2341 3007 2567 3076; x_wconf 78' lang='lat' dir='ltr'><strong>faciam,</strong></span> <span class='ocrx_word' id='word_1_446' title='bbox 2603 3017 2650 3060; x_wconf 89' lang='lat' dir='ltr'><strong>et</strong></span> <span class='ocrx_word' id='word_1_447' title='bbox 2701 3004 2859 3074; x_wconf 78' lang='grc'><strong>175</strong></span> <span class='ocrx_word' id='word_1_448' title='bbox 2883 3005 3142 3071; x_wconf 77' lang='lat' dir='ltr'><strong>sapientia</strong></span> <span class='ocrx_word' id='word_1_449' title='bbox 3173 3003 3485 3067; x_wconf 77' lang='lat' dir='ltr'><strong>intellectus,</strong></span> 
     </span>
    </p>
   </div>
   <div class='ocr_carea' id='block_1_59' title="bbox 1914 3095 3488 3172">
    <p class='ocr_par' dir='ltr' id='par_1_59' title="bbox 1914 3095 3488 3172">
     <span class='ocr_line' id='line_1_59' title="bbox 1914 3095 3488 3172; baseline -0.006 -17"><span class='ocrx_word' id='word_1_450' title='bbox 1914 3101 2097 3157; x_wconf 87' lang='lat' dir='ltr'><strong>tollam</strong></span> <span class='ocrx_word' id='word_1_451' title='bbox 2119 3101 2353 3172; x_wconf 84' lang='lat' dir='ltr'><strong>gentium</strong></span> <span class='ocrx_word' id='word_1_452' title='bbox 2376 3100 2648 3161; x_wconf 79' lang='lat' dir='ltr'><strong>terminos,</strong></span> <span class='ocrx_word' id='word_1_453' title='bbox 2666 3108 2713 3151; x_wconf 85' lang='lat' dir='ltr'><strong>et</strong></span> <span class='ocrx_word' id='word_1_454' title='bbox 2741 3098 2902 3150; x_wconf 85' lang='lat' dir='ltr'><strong>robur</strong></span> <span class='ocrx_word' id='word_1_455' title='bbox 2922 3112 3103 3150; x_wconf 82' lang='lat' dir='ltr'><strong>earum</strong></span> <span class='ocrx_word' id='word_1_456' title='bbox 3122 3095 3488 3163; x_wconf 82' lang='lat' dir='ltr'><strong>tleprwtlabor,</strong></span> 
     </span>
    </p>
   </div>
   <div class='ocr_carea' id='block_1_60' title="bbox 1913 3189 3489 3250">
    <p class='ocr_par' dir='ltr' id='par_1_60' title="bbox 1913 3189 3489 3250">
     <span class='ocr_line' id='line_1_60' title="bbox 1913 3189 3489 3250; baseline -0.007 -1"><span class='ocrx_word' id='word_1_457' title='bbox 1913 3205 1962 3249; x_wconf 86' lang='lat' dir='ltr'><strong>et</strong></span> <span class='ocrx_word' id='word_1_458' title='bbox 1993 3194 2290 3248; x_wconf 82' lang='lat' dir='ltr'><strong>concutiant</strong></span> <span class='ocrx_word' id='word_1_459' title='bbox 2322 3190 2476 3246; x_wconf 84' lang='lat' dir='ltr'><strong>urbes</strong></span> <span class='ocrx_word' id='word_1_460' title='bbox 2515 3190 2804 3250; x_wconf 79' lang='lat' dir='ltr'><strong>habitatas,</strong></span> <span class='ocrx_word' id='word_1_461' title='bbox 2845 3197 2892 3242; x_wconf 81' lang='lat' dir='ltr'><strong>et</strong></span> <span class='ocrx_word' id='word_1_462' title='bbox 2921 3189 3095 3240; x_wconf 81' lang='lat' dir='ltr'><strong>orbem</strong></span> <span class='ocrx_word' id='word_1_463' title='bbox 3129 3197 3282 3240; x_wconf 70' lang='lat' dir='ltr'><strong>terra:</strong></span> <span class='ocrx_word' id='word_1_464' title='bbox 3324 3197 3489 3240; x_wconf 83' lang='lat' dir='ltr'><strong>totum</strong></span> 
     </span>
    </p>
   </div>
   <div class='ocr_carea' id='block_1_61' title="bbox 207 3267 1809 3359">
    <p class='ocr_par' dir='ltr' id='par_1_61' title="bbox 207 3267 1808 3359">
     <span class='ocr_line' id='line_1_61' title="bbox 207 3267 1808 3359; baseline 0.006 -24"><span class='ocrx_word' id='word_1_465' title='bbox 207 3296 357 3347; x_wconf 76' lang='grc' dir='ltr'>ηις,</span> <span class='ocrx_word' id='word_1_466' title='bbox 413 3279 513 3335; x_wconf 79' lang='grc' dir='ltr'><strong>καί</strong></span> <span class='ocrx_word' id='word_1_467' title='bbox 558 3282 672 3349; x_wconf 75' lang='grc' dir='ltr'><strong>τὴν</strong></span> <span class='ocrx_word' id='word_1_468' title='bbox 716 3285 1078 3354; x_wconf 76' lang='grc' dir='ltr'><strong>οἰκουμένην</strong></span> <span class='ocrx_word' id='word_1_469' title='bbox 1105 3286 1260 3355; x_wconf 71' lang='grc' dir='ltr'><strong>ὅλην</strong></span> <span class='ocrx_word' id='word_1_470' title='bbox 1289 3267 1713 3359; x_wconf 72' lang='grc' dir='ltr'>καταλήψομαι</span> <span class='ocrx_word' id='word_1_471' title='bbox 1735 3291 1808 3359; x_wconf 83' lang='grc' dir='ltr'>τῇ</span> 
     </span>
    </p>
   </div>
   <div class='ocr_carea' id='block_1_62' title="bbox 1913 3267 3489 3359">
    <p class='ocr_par' dir='ltr' id='par_1_62' title="bbox 1913 3279 3489 3356">
     <span class='ocr_line' id='line_1_62' title="bbox 1913 3279 3489 3356; baseline -0.006 -15"><span class='ocrx_word' id='word_1_472' title='bbox 1913 3285 2346 3356; x_wconf 83' lang='lat' dir='ltr'><strong>comprehendam</strong></span> <span class='ocrx_word' id='word_1_473' title='bbox 2371 3300 2556 3348; x_wconf 87' lang='lat' dir='ltr'><strong>manu,</strong></span> <span class='ocrx_word' id='word_1_474' title='bbox 2594 3294 2640 3337; x_wconf 84' lang='lat' dir='ltr'><strong>et</strong></span> <span class='ocrx_word' id='word_1_475' title='bbox 2675 3291 2730 3336; x_wconf 89' lang='lat' dir='ltr'><strong>ut</strong></span> <span class='ocrx_word' id='word_1_476' title='bbox 2769 3282 3019 3335; x_wconf 86' lang='lat' dir='ltr'><strong>derelicta</strong></span> <span class='ocrx_word' id='word_1_477' title='bbox 3047 3297 3142 3333; x_wconf 80' lang='lat' dir='ltr'><strong>ora</strong></span> <span class='ocrx_word' id='word_1_478' title='bbox 3176 3279 3380 3333; x_wconf 83' lang='lat' dir='ltr'><strong>tollam.</strong></span> <span class='ocrx_word' id='word_1_479' title='bbox 3424 3279 3489 3331; x_wconf 80' lang='lat' dir='ltr'><strong>Et</strong></span> 
     </span>
    </p>
   </div>
   <div class='ocr_carea' id='block_1_63' title="bbox 208 3371 1814 3450">
    <p class='ocr_par' dir='ltr' id='par_1_63' title="bbox 208 3371 1814 3450">
     <span class='ocr_line' id='line_1_63' title="bbox 208 3371 1814 3450; baseline 0.007 -26"><span class='ocrx_word' id='word_1_480' title='bbox 208 3371 378 3440; x_wconf 75' lang='grc' dir='ltr'>χειρί</span> <span class='ocrx_word' id='word_1_481' title='bbox 437 3372 517 3438; x_wconf 87' lang='grc' dir='ltr'>ὡς</span> <span class='ocrx_word' id='word_1_482' title='bbox 566 3375 846 3440; x_wconf 75' lang='grc' dir='ltr'>νοσσιὰν,</span> <span class='ocrx_word' id='word_1_483' title='bbox 884 3376 982 3429; x_wconf 81' lang='grc' dir='ltr'>καὶ</span> <span class='ocrx_word' id='word_1_484' title='bbox 1039 3378 1122 3444; x_wconf 84' lang='grc' dir='ltr'><strong>ὡς</strong></span> <span class='ocrx_word' id='word_1_485' title='bbox 1168 3383 1680 3450; x_wconf 70' lang='grc' dir='ltr'>καταλελειμμένα</span> <span class='ocrx_word' id='word_1_486' title='bbox 1729 3381 1814 3437; x_wconf 60' lang='lat' dir='ltr'><strong>ea;</strong></span> 
     </span>
    </p>
   </div>
   <div class='ocr_carea' id='block_1_64' title="bbox 209 3463 1811 3544">
    <p class='ocr_par' dir='ltr' id='par_1_64' title="bbox 209 3463 1811 3544">
     <span class='ocr_line' id='line_1_64' title="bbox 209 3463 1811 3544; baseline 0.007 -27"><span class='ocrx_word' id='word_1_487' title='bbox 209 3463 368 3534; x_wconf 78' lang='grc' dir='ltr'>ἀρῶ·</span> <span class='ocrx_word' id='word_1_488' title='bbox 395 3465 494 3519; x_wconf 75' lang='grc' dir='ltr'><strong>καί</strong></span> <span class='ocrx_word' id='word_1_489' title='bbox 518 3466 630 3520; x_wconf 86' lang='grc' dir='ltr'>οὐκ</span> <span class='ocrx_word' id='word_1_490' title='bbox 650 3465 841 3534; x_wconf 81' lang='grc' dir='ltr'>ἔστιν,</span> <span class='ocrx_word' id='word_1_491' title='bbox 865 3467 935 3536; x_wconf 82' lang='grc' dir='ltr'>ὃς</span> <span class='ocrx_word' id='word_1_492' title='bbox 962 3468 1346 3540; x_wconf 69' lang='grc' dir='ltr'>διαφεύξεται</span> <span class='ocrx_word' id='word_1_493' title='bbox 1367 3490 1465 3542; x_wconf 79' lang='grc' dir='ltr'>με,</span> <span class='ocrx_word' id='word_1_494' title='bbox 1489 3473 1528 3542; x_wconf 78' lang='grc' dir='ltr'>ἢ</span> <span class='ocrx_word' id='word_1_495' title='bbox 1561 3474 1811 3544; x_wconf 77' lang='grc' dir='ltr'>ἀντείπῃ</span> 
     </span>
    </p>
   </div>
   <div class='ocr_carea' id='block_1_65' title="bbox 213 3573 348 3625">
    <p class='ocr_par' dir='ltr' id='par_1_65' title="bbox 213 3573 348 3625">
     <span class='ocr_line' id='line_1_65' title="bbox 213 3573 348 3625; baseline -0.015 -15"><span class='ocrx_word' id='word_1_496' title='bbox 213 3573 319 3625; x_wconf 79' lang='grc' dir='ltr'>μοι</span> <span class='ocrx_word' id='word_1_497' title='bbox 332 3595 348 3608; x_wconf 95' lang='grc'><strong>.</strong></span> 
     </span>
    </p>
   </div>
   <div class='ocr_carea' id='block_1_66' title="bbox 283 3646 1814 3730">
    <p class='ocr_par' dir='ltr' id='par_1_66' title="bbox 283 3646 1814 3730">
     <span class='ocr_line' id='line_1_66' title="bbox 283 3646 1814 3730; baseline 0.008 -30"><span class='ocrx_word' id='word_1_498' title='bbox 283 3648 412 3701; x_wconf 78' lang='grc' dir='ltr'>Οὐκ</span> <span class='ocrx_word' id='word_1_499' title='bbox 446 3646 550 3713; x_wconf 76' lang='grc' dir='ltr'>ἔξω</span> <span class='ocrx_word' id='word_1_500' title='bbox 583 3651 770 3721; x_wconf 83' lang='grc' dir='ltr'>κοινῆς</span> <span class='ocrx_word' id='word_1_501' title='bbox 815 3654 1144 3724; x_wconf 82' lang='grc' dir='ltr'>γενήσεσθαι</span> <span class='ocrx_word' id='word_1_502' title='bbox 1180 3655 1272 3710; x_wconf 88' lang='grc' dir='ltr'><strong>τὸν</strong></span> <span class='ocrx_word' id='word_1_503' title='bbox 1309 3656 1596 3730; x_wconf 77' lang='grc' dir='ltr'>Ἀσσύριον</span> <span class='ocrx_word' id='word_1_504' title='bbox 1629 3657 1697 3712; x_wconf 71' lang='grc' dir='ltr'>τὰ</span> <span class='ocrx_word' id='word_1_505' title='bbox 1725 3659 1814 3713; x_wconf 80' lang='grc' dir='ltr'>οῦ-</span> 
     </span>
    </p>
   </div>
   <div class='ocr_carea' id='block_1_67' title="bbox 213 3740 1815 3822">
    <p class='ocr_par' dir='ltr' id='par_1_67' title="bbox 213 3740 1815 3822">
     <span class='ocr_line' id='line_1_67' title="bbox 213 3740 1815 3822; baseline 0.008 -32"><span class='ocrx_word' id='word_1_506' title='bbox 213 3756 331 3803; x_wconf 87' lang='grc' dir='ltr'><strong>τως</strong></span> <span class='ocrx_word' id='word_1_507' title='bbox 362 3740 646 3811; x_wconf 79' lang='grc' dir='ltr'>ὑπέρογκα</span> <span class='ocrx_word' id='word_1_508' title='bbox 669 3747 1049 3816; x_wconf 80' lang='grc' dir='ltr'>πεφροντικότα</span> <span class='ocrx_word' id='word_1_509' title='bbox 1083 3747 1234 3818; x_wconf 79' lang='grc' dir='ltr'>φησί.</span> <span class='ocrx_word' id='word_1_510' title='bbox 1262 3748 1469 3820; x_wconf 83' lang='grc' dir='ltr'>Κύριος</span> <span class='ocrx_word' id='word_1_511' title='bbox 1507 3749 1616 3821; x_wconf 87' lang='grc' dir='ltr'><strong>γάρ</strong></span> <span class='ocrx_word' id='word_1_512' title='bbox 1646 3750 1815 3822; x_wconf 83' lang='grc' dir='ltr'>ὑπερ-</span> 
     </span>
    </p>
   </div>
   <div class='ocr_carea' id='block_1_68' title="bbox 213 3831 1815 3914">
    <p class='ocr_par' dir='ltr' id='par_1_68' title="bbox 213 3831 1815 3914">
     <span class='ocr_line' id='line_1_68' title="bbox 213 3831 1815 3914; baseline 0.008 -29"><span class='ocrx_word' id='word_1_513' title='bbox 213 3831 454 3900; x_wconf 78' lang='grc' dir='ltr'>ηφάνοις</span> <span class='ocrx_word' id='word_1_514' title='bbox 481 3834 884 3904; x_wconf 77' lang='grc' dir='ltr'>ἀντιτάσσεται,</span> <span class='ocrx_word' id='word_1_515' title='bbox 907 3840 1048 3892; x_wconf 81' lang='grc' dir='ltr'><strong>κατά</strong></span> <span class='ocrx_word' id='word_1_516' title='bbox 1075 3839 1137 3893; x_wconf 86' lang='grc' dir='ltr'><strong>τὸ</strong></span> <span class='ocrx_word' id='word_1_517' title='bbox 1163 3842 1569 3914; x_wconf 78' lang='grc' dir='ltr'>γεγραμμένον,</span> <span class='ocrx_word' id='word_1_518' title='bbox 1590 3843 1685 3896; x_wconf 70' lang='grc' dir='ltr'><strong>καὶ</strong></span> <span class='ocrx_word' id='word_1_519' title='bbox 1705 3844 1815 3898; x_wconf 85' lang='grc' dir='ltr'><strong>τῶν</strong></span> 
     </span>
    </p>
   </div>
   <div class='ocr_carea' id='block_1_69' title="bbox 214 3922 1817 4006">
    <p class='ocr_par' dir='ltr' id='par_1_69' title="bbox 214 3922 1817 4006">
     <span class='ocr_line' id='line_1_69' title="bbox 214 3922 1817 4006; baseline 0.009 -32"><span class='ocrx_word' id='word_1_520' title='bbox 214 3922 321 3991; x_wconf 78' lang='grc' dir='ltr'>τῆς</span> <span class='ocrx_word' id='word_1_521' title='bbox 357 3922 674 3990; x_wconf 81' lang='grc' dir='ltr'>ἀλαζονείας</span> <span class='ocrx_word' id='word_1_522' title='bbox 704 3928 1040 3999; x_wconf 80' lang='grc' dir='ltr'>αίτιαμάτων</span> <span class='ocrx_word' id='word_1_523' title='bbox 1073 3931 1199 3996; x_wconf 80' lang='grc' dir='ltr'>τοὺς</span> <span class='ocrx_word' id='word_1_524' title='bbox 1230 3931 1432 4004; x_wconf 81' lang='grc' dir='ltr'>ταύτην</span> <span class='ocrx_word' id='word_1_525' title='bbox 1458 3934 1817 4006; x_wconf 83' lang='grc' dir='ltr'>νενοσηκότας</span> 
     </span>
    </p>
   </div>
   <div class='ocr_carea' id='block_1_70' title="bbox 216 4014 1818 4093">
    <p class='ocr_par' dir='ltr' id='par_1_70' title="bbox 216 4014 1818 4093">
     <span class='ocr_line' id='line_1_70' title="bbox 216 4014 1818 4093; baseline 0.007 -28"><span class='ocrx_word' id='word_1_526' title='bbox 216 4014 531 4084; x_wconf 78' lang='grc' dir='ltr'>πράττεται</span> <span class='ocrx_word' id='word_1_527' title='bbox 572 4016 672 4087; x_wconf 83' lang='grc' dir='ltr'><strong>μὲν</strong></span> <span class='ocrx_word' id='word_1_528' title='bbox 696 4017 785 4071; x_wconf 76' lang='grc' dir='ltr'>ἀεὶ</span> <span class='ocrx_word' id='word_1_529' title='bbox 812 4019 937 4083; x_wconf 76' lang='grc' dir='ltr'>τοὺς</span> <span class='ocrx_word' id='word_1_530' title='bbox 966 4019 1180 4088; x_wconf 83' lang='grc' dir='ltr'>λόγους,</span> <span class='ocrx_word' id='word_1_531' title='bbox 1212 4022 1504 4093; x_wconf 76' lang='grc' dir='ltr'>ἀποφαίνει</span> <span class='ocrx_word' id='word_1_532' title='bbox 1535 4023 1590 4077; x_wconf 83' lang='grc' dir='ltr'><strong>δὲ</strong></span> <span class='ocrx_word' id='word_1_533' title='bbox 1620 4024 1818 4087; x_wconf 77' lang='grc' dir='ltr'>αὐτοὺς</span> 
     </span>
    </p>
   </div>
   <div class='ocr_carea' id='block_1_71' title="bbox 214 4106 1818 4188">
    <p class='ocr_par' dir='ltr' id='par_1_71' title="bbox 214 4106 1818 4188">
     <span class='ocr_line' id='line_1_71' title="bbox 214 4106 1818 4188; baseline 0.007 -30"><span class='ocrx_word' id='word_1_534' title='bbox 214 4106 480 4177; x_wconf 71' lang='grc' dir='ltr'>οἰκτροὺς</span> <span class='ocrx_word' id='word_1_535' title='bbox 523 4108 619 4162; x_wconf 78' lang='grc' dir='ltr'><strong>καὶ</strong></span> <span class='ocrx_word' id='word_1_536' title='bbox 650 4112 1146 4182; x_wconf 79' lang='grc' dir='ltr'>κατερῤιμμένους,</span> <span class='ocrx_word' id='word_1_537' title='bbox 1183 4113 1260 4178; x_wconf 83' lang='grc' dir='ltr'>ὡς</span> <span class='ocrx_word' id='word_1_538' title='bbox 1294 4115 1360 4169; x_wconf 82' lang='grc' dir='ltr'><strong>ἂν</strong></span> <span class='ocrx_word' id='word_1_539' title='bbox 1391 4117 1581 4169; x_wconf 74' lang='grc' dir='ltr'>εἰδεῖεν</span> <span class='ocrx_word' id='word_1_540' title='bbox 1617 4116 1692 4188; x_wconf 80' lang='grc' dir='ltr'><strong>μὴ</strong></span> <span class='ocrx_word' id='word_1_541' title='bbox 1718 4118 1818 4169; x_wconf 62' lang='grc' dir='ltr'>ἐπι</span> 
     </span>
    </p>
   </div>
   <div class='ocr_carea' id='block_1_72' title="bbox 213 4197 1818 4287">
    <p class='ocr_par' dir='ltr' id='par_1_72' title="bbox 213 4197 1818 4287">
     <span class='ocr_line' id='line_1_72' title="bbox 213 4197 1818 4287; baseline 0.007 -38"><span class='ocrx_word' id='word_1_542' title='bbox 213 4197 405 4271; x_wconf 85' lang='grc' dir='ltr'>αίρειν</span> <span class='ocrx_word' id='word_1_543' title='bbox 430 4200 508 4263; x_wconf 79' lang='grc' dir='ltr'>εἰς</span> <span class='ocrx_word' id='word_1_544' title='bbox 537 4198 670 4269; x_wconf 67' lang='grc' dir='ltr'>ὕψος</span> <span class='ocrx_word' id='word_1_545' title='bbox 699 4201 758 4253; x_wconf 88' lang='grc' dir='ltr'><strong>τὸ</strong></span> <span class='ocrx_word' id='word_1_546' title='bbox 795 4201 984 4272; x_wconf 84' lang='grc' dir='ltr'>κέρας,</span> <span class='ocrx_word' id='word_1_547' title='bbox 1016 4204 1158 4258; x_wconf 76' lang='grc' dir='ltr'>κατὰ</span> <span class='ocrx_word' id='word_1_548' title='bbox 1181 4205 1245 4258; x_wconf 83' lang='grc' dir='ltr'><strong>τό</strong></span> <span class='ocrx_word' id='word_1_549' title='bbox 1268 4205 1673 4287; x_wconf 80' lang='grc' dir='ltr'>γεγραμμένονο</span> <span class='ocrx_word' id='word_1_550' title='bbox 1706 4201 1818 4260; x_wconf 74' lang='grc' dir='ltr'>εἶεν</span> 
     </span>
    </p>
   </div>
   <div class='ocr_carea' id='block_1_73' title="bbox 214 4289 1819 4368">
    <p class='ocr_par' dir='ltr' id='par_1_73' title="bbox 214 4289 1819 4368">
     <span class='ocr_line' id='line_1_73' title="bbox 214 4289 1819 4368; baseline 0.004 -23"><span class='ocrx_word' id='word_1_551' title='bbox 214 4291 273 4345; x_wconf 70' lang='grc' dir='ltr'>δὲ</span> <span class='ocrx_word' id='word_1_552' title='bbox 317 4289 526 4360; x_wconf 81' lang='grc' dir='ltr'>μᾶλλον</span> <span class='ocrx_word' id='word_1_553' title='bbox 572 4291 942 4363; x_wconf 74' lang='grc' dir='ltr'>ἐπιγνώμονες</span> <span class='ocrx_word' id='word_1_554' title='bbox 982 4294 1082 4365; x_wconf 83' lang='grc' dir='ltr'>τῆς</span> <span class='ocrx_word' id='word_1_555' title='bbox 1133 4296 1340 4350; x_wconf 77' lang='grc' dir='ltr'>ἑαυτῶν</span> <span class='ocrx_word' id='word_1_556' title='bbox 1377 4297 1595 4368; x_wconf 81' lang='grc' dir='ltr'>φύσεώς</span> <span class='ocrx_word' id='word_1_557' title='bbox 1623 4315 1684 4352; x_wconf 90' lang='grc' dir='ltr'><strong>τε</strong></span> <span class='ocrx_word' id='word_1_558' title='bbox 1725 4299 1819 4352; x_wconf 76' lang='grc' dir='ltr'>καὶ</span> 
     </span>
    </p>
   </div>
   <div class='ocr_carea' id='block_1_74' title="bbox 217 4381 1821 4461">
    <p class='ocr_par' dir='ltr' id='par_1_74' title="bbox 217 4381 1821 4461">
     <span class='ocr_line' id='line_1_74' title="bbox 217 4381 1821 4461; baseline 0.006 -26"><span class='ocrx_word' id='word_1_559' title='bbox 217 4381 537 4445; x_wconf 82' lang='grc' dir='ltr'>ἀσθενείας.</span> <span class='ocrx_word' id='word_1_560' title='bbox 566 4381 735 4436; x_wconf 84' lang='grc' dir='ltr'>Ὅταν</span> <span class='ocrx_word' id='word_1_561' title='bbox 763 4384 892 4456; x_wconf 77' lang='grc' dir='ltr'>γὰρ,</span> <span class='ocrx_word' id='word_1_562' title='bbox 930 4386 1084 4456; x_wconf 72' lang='grc' dir='ltr'>φησὶ,</span> <span class='ocrx_word' id='word_1_563' title='bbox 1122 4388 1414 4461; x_wconf 80' lang='grc' dir='ltr'>συντελέσῃ</span> <span class='ocrx_word' id='word_1_564' title='bbox 1446 4390 1620 4444; x_wconf 69' lang='grc' dir='ltr'>πάντα</span> <span class='ocrx_word' id='word_1_565' title='bbox 1650 4391 1821 4445; x_wconf 88' lang='grc' dir='ltr'>ποιῶν</span> 
     </span>
    </p>
   </div>
   <div class='ocr_carea' id='block_1_75' title="bbox 217 4473 1820 4551">
    <p class='ocr_par' dir='ltr' id='par_1_75' title="bbox 217 4473 1820 4551">
     <span class='ocr_line' id='line_1_75' title="bbox 217 4473 1820 4551; baseline 0.007 -26"><span class='ocrx_word' id='word_1_566' title='bbox 217 4475 278 4526; x_wconf 75' lang='grc' dir='ltr'>ἐν</span> <span class='ocrx_word' id='word_1_567' title='bbox 319 4473 404 4544; x_wconf 80' lang='grc' dir='ltr'>τῷ</span> <span class='ocrx_word' id='word_1_568' title='bbox 446 4473 560 4544; x_wconf 79' lang='grc' dir='ltr'>δρει</span> <span class='ocrx_word' id='word_1_569' title='bbox 607 4474 764 4541; x_wconf 80' lang='grc' dir='ltr'>Σιὼν,</span> <span class='ocrx_word' id='word_1_570' title='bbox 813 4479 908 4530; x_wconf 72' lang='grc' dir='ltr'><strong>καὶ</strong></span> <span class='ocrx_word' id='word_1_571' title='bbox 951 4478 1012 4532; x_wconf 80' lang='grc' dir='ltr'><strong>ὲν</strong></span> <span class='ocrx_word' id='word_1_572' title='bbox 1051 4475 1429 4551; x_wconf 79' lang='grc' dir='ltr'>Ἰερουσαλὴμ,</span> <span class='ocrx_word' id='word_1_573' title='bbox 1470 4479 1617 4534; x_wconf 85' lang='grc' dir='ltr'>τοῦτ’</span> <span class='ocrx_word' id='word_1_574' title='bbox 1651 4481 1820 4547; x_wconf 74' lang='grc' dir='ltr'>ἔστιν,</span> 
     </span>
    </p>
   </div>
   <div class='ocr_carea' id='block_1_76' title="bbox 219 4565 1820 4643">
    <p class='ocr_par' dir='ltr' id='par_1_76' title="bbox 219 4565 1820 4643">
     <span class='ocr_line' id='line_1_76' title="bbox 219 4565 1820 4643; baseline 0.006 -26"><span class='ocrx_word' id='word_1_575' title='bbox 219 4565 359 4618; x_wconf 81' lang='grc' dir='ltr'>ὅταν</span> <span class='ocrx_word' id='word_1_576' title='bbox 388 4566 471 4628; x_wconf 86' lang='grc' dir='ltr'><strong>είς</strong></span> <span class='ocrx_word' id='word_1_577' title='bbox 499 4566 649 4630; x_wconf 77' lang='grc' dir='ltr'>τέλος</span> <span class='ocrx_word' id='word_1_578' title='bbox 679 4566 908 4638; x_wconf 75' lang='grc' dir='ltr'>ἔρχηται</span> <span class='ocrx_word' id='word_1_579' title='bbox 937 4567 1006 4622; x_wconf 75' lang='grc' dir='ltr'><strong>τὰ</strong></span> <span class='ocrx_word' id='word_1_580' title='bbox 1034 4569 1132 4640; x_wconf 82' lang='grc' dir='ltr'>τῆς</span> <span class='ocrx_word' id='word_1_581' title='bbox 1153 4571 1240 4623; x_wconf 78' lang='grc' dir='ltr'>ἐπ’</span> <span class='ocrx_word' id='word_1_582' title='bbox 1268 4572 1452 4636; x_wconf 83' lang='grc' dir='ltr'>αὐτοῖς</span> <span class='ocrx_word' id='word_1_583' title='bbox 1493 4571 1686 4643; x_wconf 80' lang='grc' dir='ltr'>ὀργῆς,</span> <span class='ocrx_word' id='word_1_584' title='bbox 1721 4574 1820 4627; x_wconf 82' lang='grc' dir='ltr'><strong>ἐπ-</strong></span> 
     </span>
    </p>
   </div>
   <div class='ocr_carea' id='block_1_77' title="bbox 1912 3372 3281 3449">
    <p class='ocr_par' dir='ltr' id='par_1_77' title="bbox 1912 3372 3281 3449">
     <span class='ocr_line' id='line_1_77' title="bbox 1912 3372 3281 3449; baseline -0.007 -16"><span class='ocrx_word' id='word_1_585' title='bbox 1912 3395 2017 3433; x_wconf 86' lang='lat' dir='ltr'><strong>uon</strong></span> <span class='ocrx_word' id='word_1_586' title='bbox 2036 3390 2110 3434; x_wconf 78' lang='lat' dir='ltr'><strong>est</strong></span> <span class='ocrx_word' id='word_1_587' title='bbox 2143 3380 2234 3449; x_wconf 83' lang='lat' dir='ltr'><strong>qui</strong></span> <span class='ocrx_word' id='word_1_588' title='bbox 2257 3377 2477 3448; x_wconf 79' lang='lat' dir='ltr'><strong>e/fugiat</strong></span> <span class='ocrx_word' id='word_1_589' title='bbox 2517 3391 2623 3442; x_wconf 71' lang='lat' dir='ltr'><strong>rue,</strong></span> <span class='ocrx_word' id='word_1_590' title='bbox 2663 3374 2738 3430; x_wconf 83' lang='lat' dir='ltr'><strong>rel</strong></span> <span class='ocrx_word' id='word_1_591' title='bbox 2769 3372 3098 3429; x_wconf 75' lang='lat' dir='ltr'><strong>contradicat</strong></span> <span class='ocrx_word' id='word_1_592' title='bbox 3132 3372 3281 3424; x_wconf 72' lang='lat' dir='ltr'><strong>milii.</strong></span> 
     </span>
    </p>
   </div>
   <div class='ocr_carea' id='block_1_78' title="bbox 1984 3643 3491 3720">
    <p class='ocr_par' dir='ltr' id='par_1_78' title="bbox 1984 3643 3491 3720">
     <span class='ocr_line' id='line_1_78' title="bbox 1984 3643 3491 3720; baseline -0.004 -15"><span class='ocrx_word' id='word_1_593' title='bbox 1984 3650 2103 3706; x_wconf 84' lang='lat' dir='ltr'><strong>Non</strong></span> <span class='ocrx_word' id='word_1_594' title='bbox 2129 3651 2424 3707; x_wconf 88' lang='lat' dir='ltr'><strong>immunem</strong></span> <span class='ocrx_word' id='word_1_595' title='bbox 2457 3643 2876 3720; x_wconf 45' lang='lat' dir='ltr'><strong>fore&#39;Assyrium</strong></span> <span class='ocrx_word' id='word_1_596' title='bbox 2908 3664 2933 3700; x_wconf 89' lang='lat' dir='ltr'><strong>a</strong></span> <span class='ocrx_word' id='word_1_597' title='bbox 2961 3661 3142 3718; x_wconf 81' lang='lat' dir='ltr'><strong>pmna,</strong></span> <span class='ocrx_word' id='word_1_598' title='bbox 3171 3646 3369 3716; x_wconf 80' lang='lat' dir='ltr'><strong>quippe</strong></span> <span class='ocrx_word' id='word_1_599' title='bbox 3398 3645 3491 3715; x_wconf 81' lang='lat' dir='ltr'><strong>qui</strong></span> 
     </span>
    </p>
   </div>
   <div class='ocr_carea' id='block_1_79' title="bbox 1914 3738 3492 3815">
    <p class='ocr_par' dir='ltr' id='par_1_79' title="bbox 1914 3738 3492 3815">
     <span class='ocr_line' id='line_1_79' title="bbox 1914 3738 3492 3815; baseline -0.004 -18"><span class='ocrx_word' id='word_1_600' title='bbox 1914 3751 2201 3815; x_wconf 81' lang='lat' dir='ltr'><strong>tantopere</strong></span> <span class='ocrx_word' id='word_1_601' title='bbox 2259 3745 2630 3807; x_wconf 87' lang='lat' dir='ltr'><strong>intumuerat,</strong></span> <span class='ocrx_word' id='word_1_602' title='bbox 2680 3752 2976 3795; x_wconf 84' lang='lat' dir='ltr'><strong>asseverat.</strong></span> <span class='ocrx_word' id='word_1_603' title='bbox 3040 3739 3299 3792; x_wconf 78' lang='lat' dir='ltr'><strong>Dominus</strong></span> <span class='ocrx_word' id='word_1_604' title='bbox 3349 3738 3492 3791; x_wconf 89' lang='lat' dir='ltr'><strong>enim</strong></span> 
     </span>
    </p>
   </div>
   <div class='ocr_carea' id='block_1_80' title="bbox 1915 3829 3495 3904">
    <p class='ocr_par' dir='ltr' id='par_1_80' title="bbox 1915 3829 3495 3904">
     <span class='ocr_line' id='line_1_80' title="bbox 1915 3829 3495 3904; baseline -0.006 -13"><span class='ocrx_word' id='word_1_605' title='bbox 1915 3835 2167 3904; x_wconf 86' lang='lat' dir='ltr'><strong>superbis</strong></span> <span class='ocrx_word' id='word_1_606' title='bbox 2194 3835 2421 3900; x_wconf 85' lang='lat' dir='ltr'><strong>resistit,</strong></span> <span class='ocrx_word' id='word_1_607' title='bbox 2448 3832 2602 3901; x_wconf 77' lang='lat' dir='ltr'><strong>juxta</strong></span> <span class='ocrx_word' id='word_1_608' title='bbox 2647 3833 2700 3885; x_wconf 88' lang='lat' dir='ltr'><strong>id</strong></span> <span class='ocrx_word' id='word_1_609' title='bbox 2737 3832 2880 3900; x_wconf 90' lang='lat' dir='ltr'><strong>quod</strong></span> <span class='ocrx_word' id='word_1_610' title='bbox 2926 3831 3184 3900; x_wconf 82' lang='lat' dir='ltr'><strong>scriptum</strong></span> <span class='ocrx_word' id='word_1_611' title='bbox 3214 3837 3295 3883; x_wconf 88' lang='lat' dir='ltr'><strong>est</strong></span> <span class='ocrx_word' id='word_1_612' title='bbox 3329 3829 3396 3893; x_wconf 77' lang='lat'><strong>&quot;,</strong></span> <span class='ocrx_word' id='word_1_613' title='bbox 3439 3837 3495 3882; x_wconf 92' lang='lat' dir='ltr'><strong>ct</strong></span> 
     </span>
    </p>
   </div>
   <div class='ocr_carea' id='block_1_81' title="bbox 1915 3921 3492 3999">
    <p class='ocr_par' dir='ltr' id='par_1_81' title="bbox 1915 3921 3492 3999">
     <span class='ocr_line' id='line_1_81' title="bbox 1915 3921 3492 3999; baseline -0.006 -16"><span class='ocrx_word' id='word_1_614' title='bbox 1915 3943 2105 3983; x_wconf 86' lang='lat' dir='ltr'><strong>eorum</strong></span> <span class='ocrx_word' id='word_1_615' title='bbox 2150 3929 2241 3999; x_wconf 83' lang='lat' dir='ltr'><strong>qui</strong></span> <span class='ocrx_word' id='word_1_616' title='bbox 2281 3929 2611 3999; x_wconf 74' lang='lat' dir='ltr'><strong>arrogantia:</strong></span> <span class='ocrx_word' id='word_1_617' title='bbox 2641 3926 2774 3980; x_wconf 87' lang='lat' dir='ltr'><strong>vitio</strong></span> <span class='ocrx_word' id='word_1_618' title='bbox 2823 3925 3072 3980; x_wconf 89' lang='lat' dir='ltr'><strong>laborant</strong></span> <span class='ocrx_word' id='word_1_619' title='bbox 3103 3921 3266 3976; x_wconf 86' lang='lat' dir='ltr'><strong>verba</strong></span> <span class='ocrx_word' id='word_1_620' title='bbox 3301 3922 3492 3989; x_wconf 81' lang='lat' dir='ltr'><strong>exigit,</strong></span> 
     </span>
    </p>
   </div>
   <div class='ocr_carea' id='block_1_82' title="bbox 1918 4014 3494 4089">
    <p class='ocr_par' dir='ltr' id='par_1_82' title="bbox 1918 4014 3494 4089">
     <span class='ocr_line' id='line_1_82' title="bbox 1918 4014 3494 4089; baseline -0.006 -14"><span class='ocrx_word' id='word_1_621' title='bbox 1918 4019 2150 4089; x_wconf 87' lang='lat' dir='ltr'><strong>illosque</strong></span> <span class='ocrx_word' id='word_1_622' title='bbox 2180 4021 2408 4075; x_wconf 90' lang='lat' dir='ltr'><strong>miseros</strong></span> <span class='ocrx_word' id='word_1_623' title='bbox 2451 4019 2624 4074; x_wconf 89' lang='lat' dir='ltr'><strong>reddit</strong></span> <span class='ocrx_word' id='word_1_624' title='bbox 2650 4027 2705 4074; x_wconf 91' lang='lat' dir='ltr'><strong>et</strong></span> <span class='ocrx_word' id='word_1_625' title='bbox 2750 4017 3043 4086; x_wconf 83' lang='lat' dir='ltr'><strong>proiectos,</strong></span> <span class='ocrx_word' id='word_1_626' title='bbox 3074 4023 3133 4070; x_wconf 90' lang='lat' dir='ltr'><strong>ut</strong></span> <span class='ocrx_word' id='word_1_627' title='bbox 3180 4014 3352 4069; x_wconf 81' lang='lat' dir='ltr'><strong>sciant</strong></span> <span class='ocrx_word' id='word_1_628' title='bbox 3385 4027 3494 4066; x_wconf 87' lang='lat' dir='ltr'><strong>non</strong></span> 
     </span>
    </p>
   </div>
   <div class='ocr_carea' id='block_1_83' title="bbox 1929 4108 3493 4177">
    <p class='ocr_par' dir='ltr' id='par_1_83' title="bbox 1929 4108 3493 4177">
     <span class='ocr_line' id='line_1_83' title="bbox 1929 4108 3493 4177; baseline -0.006 -11"><span class='ocrx_word' id='word_1_629' title='bbox 1929 4125 2052 4167; x_wconf 89' lang='lat' dir='ltr'><strong>esse</strong></span> <span class='ocrx_word' id='word_1_630' title='bbox 2084 4111 2378 4167; x_wconf 88' lang='lat' dir='ltr'><strong>tollendum</strong></span> <span class='ocrx_word' id='word_1_631' title='bbox 2411 4127 2580 4167; x_wconf 91' lang='lat' dir='ltr'><strong>cornu</strong></span> <span class='ocrx_word' id='word_1_632' title='bbox 2614 4111 2665 4164; x_wconf 93' lang='lat' dir='ltr'><strong>in</strong></span> <span class='ocrx_word' id='word_1_633' title='bbox 2693 4111 2884 4174; x_wconf 88' lang='lat' dir='ltr'><strong>altum,</strong></span> <span class='ocrx_word' id='word_1_634' title='bbox 2912 4108 3074 4164; x_wconf 89' lang='lat' dir='ltr'><strong>sicuti</strong></span> <span class='ocrx_word' id='word_1_635' title='bbox 3105 4109 3364 4177; x_wconf 89' lang='lat' dir='ltr'><strong>scriptum</strong></span> <span class='ocrx_word' id='word_1_636' title='bbox 3390 4115 3493 4170; x_wconf 86' lang='lat' dir='ltr'><strong>est,</strong></span> 
     </span>
    </p>
   </div>
   <div class='ocr_carea' id='block_1_84' title="bbox 1919 4197 3488 4274">
    <p class='ocr_par' dir='ltr' id='par_1_84' title="bbox 1919 4197 3488 4274">
     <span class='ocr_line' id='line_1_84' title="bbox 1919 4197 3488 4274; baseline -0.006 -15"><span class='ocrx_word' id='word_1_637' title='bbox 1919 4203 2136 4274; x_wconf 85' lang='lat' dir='ltr'><strong>sintque</strong></span> <span class='ocrx_word' id='word_1_638' title='bbox 2168 4204 2370 4260; x_wconf 90' lang='lat' dir='ltr'><strong>conscii</strong></span> <span class='ocrx_word' id='word_1_639' title='bbox 2401 4204 2581 4274; x_wconf 89' lang='lat' dir='ltr'><strong>potius</strong></span> <span class='ocrx_word' id='word_1_640' title='bbox 2625 4218 2736 4258; x_wconf 77' lang='lat' dir='ltr'><strong>sua:</strong></span> <span class='ocrx_word' id='word_1_641' title='bbox 2770 4203 3010 4272; x_wconf 89' lang='lat' dir='ltr'><strong>ipsormn</strong></span> <span class='ocrx_word' id='word_1_642' title='bbox 3062 4209 3268 4254; x_wconf 86' lang='lat' dir='ltr'><strong>naturae</strong></span> <span class='ocrx_word' id='word_1_643' title='bbox 3297 4207 3353 4253; x_wconf 90' lang='lat' dir='ltr'><strong>et</strong></span> <span class='ocrx_word' id='word_1_644' title='bbox 3401 4197 3488 4250; x_wconf 53' lang='lat' dir='ltr'><strong>iu-</strong></span> 
     </span>
    </p>
   </div>
   <div class='ocr_carea' id='block_1_85' title="bbox 1922 4287 3498 4364">
    <p class='ocr_par' dir='ltr' id='par_1_85' title="bbox 1922 4287 3498 4364">
     <span class='ocr_line' id='line_1_85' title="bbox 1922 4287 3498 4364; baseline -0.004 -16"><span class='ocrx_word' id='word_1_645' title='bbox 1922 4293 2218 4350; x_wconf 75' lang='lat' dir='ltr'><strong>firmitatis.</strong></span> <span class='ocrx_word' id='word_1_646' title='bbox 2266 4295 2495 4363; x_wconf 87' lang='lat' dir='ltr'><strong>Quando</strong></span> <span class='ocrx_word' id='word_1_647' title='bbox 2560 4295 2727 4360; x_wconf 89' lang='lat' dir='ltr'><strong>enim,</strong></span> <span class='ocrx_word' id='word_1_648' title='bbox 2785 4294 2979 4364; x_wconf 87' lang='lat' dir='ltr'><strong>inquit,</strong></span> <span class='ocrx_word' id='word_1_649' title='bbox 3033 4287 3498 4346; x_wconf 87' lang='lat' dir='ltr'><strong>consummaverit</strong></span> 
     </span>
    </p>
   </div>
   <div class='ocr_carea' id='block_1_86' title="bbox 1921 4380 3495 4451">
    <p class='ocr_par' dir='ltr' id='par_1_86' title="bbox 1921 4380 3495 4451">
     <span class='ocr_line' id='line_1_86' title="bbox 1921 4380 3495 4451; baseline -0.005 -11"><span class='ocrx_word' id='word_1_650' title='bbox 1921 4385 2100 4442; x_wconf 88' lang='lat' dir='ltr'><strong>omnia</strong></span> <span class='ocrx_word' id='word_1_651' title='bbox 2140 4385 2346 4439; x_wconf 87' lang='lat' dir='ltr'><strong>faciens</strong></span> <span class='ocrx_word' id='word_1_652' title='bbox 2381 4386 2433 4439; x_wconf 90' lang='lat' dir='ltr'><strong>in</strong></span> <span class='ocrx_word' id='word_1_653' title='bbox 2468 4395 2650 4439; x_wconf 89' lang='lat' dir='ltr'><strong>monte</strong></span> <span class='ocrx_word' id='word_1_654' title='bbox 2680 4383 2836 4451; x_wconf 91' lang='lat' dir='ltr'><strong>Sion,</strong></span> <span class='ocrx_word' id='word_1_655' title='bbox 2865 4395 2921 4440; x_wconf 89' lang='lat' dir='ltr'><strong>et</strong></span> <span class='ocrx_word' id='word_1_656' title='bbox 2957 4382 3279 4446; x_wconf 83' lang='lat' dir='ltr'><strong>Jerusalem,</strong></span> <span class='ocrx_word' id='word_1_657' title='bbox 3312 4380 3363 4434; x_wconf 90' lang='lat' dir='ltr'><strong>id</strong></span> <span class='ocrx_word' id='word_1_658' title='bbox 3389 4389 3495 4443; x_wconf 84' lang='lat' dir='ltr'><strong>est,</strong></span> 
     </span>
    </p>
   </div>
   <div class='ocr_carea' id='block_1_87' title="bbox 1922 4474 3495 4547">
    <p class='ocr_par' dir='ltr' id='par_1_87' title="bbox 1922 4474 3495 4547">
     <span class='ocr_line' id='line_1_87' title="bbox 1922 4474 3495 4547; baseline -0.004 -16"><span class='ocrx_word' id='word_1_659' title='bbox 1922 4491 2046 4531; x_wconf 91' lang='lat' dir='ltr'><strong>cum</strong></span> <span class='ocrx_word' id='word_1_660' title='bbox 2074 4477 2169 4532; x_wconf 79' lang='lat' dir='ltr'><strong>irte</strong></span> <span class='ocrx_word' id='word_1_661' title='bbox 2193 4477 2245 4531; x_wconf 91' lang='lat' dir='ltr'><strong>in</strong></span> <span class='ocrx_word' id='word_1_662' title='bbox 2272 4478 2415 4547; x_wconf 88' lang='lat' dir='ltr'><strong>ipsos</strong></span> <span class='ocrx_word' id='word_1_663' title='bbox 2439 4477 2562 4531; x_wconf 88' lang='lat' dir='ltr'><strong>finis</strong></span> <span class='ocrx_word' id='word_1_664' title='bbox 2587 4478 2795 4532; x_wconf 87' lang='lat' dir='ltr'><strong>venerit</strong></span> <span class='ocrx_word' id='word_1_665' title='bbox 2820 4495 2834 4530; x_wconf 90' lang='lat'><strong>:</strong></span> <span class='ocrx_word' id='word_1_666' title='bbox 2861 4487 2987 4530; x_wconf 90' lang='lat' dir='ltr'><strong>tunc</strong></span> <span class='ocrx_word' id='word_1_667' title='bbox 3010 4474 3231 4529; x_wconf 89' lang='lat' dir='ltr'><strong>inducet</strong></span> <span class='ocrx_word' id='word_1_668' title='bbox 3255 4484 3495 4532; x_wconf 87' lang='lat' dir='ltr'><strong>manum,</strong></span> 
     </span>
    </p>
   </div>
   <div class='ocr_carea' id='block_1_88' title="bbox 1924 4563 3496 4638">
    <p class='ocr_par' dir='ltr' id='par_1_88' title="bbox 1924 4563 3496 4638">
     <span class='ocr_line' id='line_1_88' title="bbox 1924 4563 3496 4638; baseline -0.005 -16"><span class='ocrx_word' id='word_1_669' title='bbox 1924 4577 1980 4624; x_wconf 93' lang='lat' dir='ltr'><strong>et</strong></span> <span class='ocrx_word' id='word_1_670' title='bbox 2024 4569 2232 4638; x_wconf 80' lang='lat' dir='ltr'><strong>virgam</strong></span> <span class='ocrx_word' id='word_1_671' title='bbox 2282 4568 2563 4623; x_wconf 89' lang='lat' dir='ltr'><strong>ferientem</strong></span> <span class='ocrx_word' id='word_1_672' title='bbox 2604 4579 2840 4622; x_wconf 89' lang='lat' dir='ltr'><strong>mentem</strong></span> <span class='ocrx_word' id='word_1_673' title='bbox 2885 4581 3155 4636; x_wconf 77' lang='lat' dir='ltr'><strong>magnam,</strong></span> <span class='ocrx_word' id='word_1_674' title='bbox 3202 4563 3496 4634; x_wconf 86' lang='lat' dir='ltr'><strong>principem</strong></span> 
     </span>
    </p>
   </div>
   <div class='ocr_carea' id='block_1_89' title="bbox 219 4633 1809 4736">
    <p class='ocr_par' dir='ltr' id='par_1_89' title="bbox 219 4656 1809 4736">
     <span class='ocr_line' id='line_1_89' title="bbox 219 4656 1809 4736; baseline 0.006 -26"><span class='ocrx_word' id='word_1_675' title='bbox 219 4656 349 4722; x_wconf 77' lang='grc' dir='ltr'>ἁξει</span> <span class='ocrx_word' id='word_1_676' title='bbox 376 4657 498 4710; x_wconf 83' lang='grc' dir='ltr'>τότε</span> <span class='ocrx_word' id='word_1_677' title='bbox 533 4657 631 4728; x_wconf 82' lang='grc' dir='ltr'>τὴν</span> <span class='ocrx_word' id='word_1_678' title='bbox 663 4660 839 4730; x_wconf 83' lang='grc' dir='ltr'>χεῖρα,</span> <span class='ocrx_word' id='word_1_679' title='bbox 883 4660 978 4714; x_wconf 71' lang='grc' dir='ltr'><strong>καὶ</strong></span> <span class='ocrx_word' id='word_1_680' title='bbox 1013 4661 1114 4731; x_wconf 85' lang='grc' dir='ltr'><strong>τὴν</strong></span> <span class='ocrx_word' id='word_1_681' title='bbox 1153 4662 1560 4718; x_wconf 84' lang='grc' dir='ltr'>καταπαίουσαν</span> <span class='ocrx_word' id='word_1_682' title='bbox 1599 4665 1809 4736; x_wconf 77' lang='grc' dir='ltr'>ῥάϐδον,</span> 
     </span>
    </p>
   </div>
   <div class='ocr_carea' id='block_1_90' title="bbox 1913 4633 3497 4736">
    <p class='ocr_par' dir='ltr' id='par_1_90' title="bbox 1922 4657 3497 4731">
     <span class='ocr_line' id='line_1_90' title="bbox 1922 4657 3497 4731; baseline -0.005 -17"><span class='ocrx_word' id='word_1_683' title='bbox 1922 4659 2538 4731; x_wconf 80' lang='lat' dir='ltr'><strong>Assyriorum.Mentem</strong></span> <span class='ocrx_word' id='word_1_684' title='bbox 2565 4673 2695 4714; x_wconf 86' lang='lat' dir='ltr'><strong>vero</strong></span> <span class='ocrx_word' id='word_1_685' title='bbox 2724 4660 2897 4725; x_wconf 87' lang='lat' dir='ltr'><strong>ipsum</strong></span> <span class='ocrx_word' id='word_1_686' title='bbox 2915 4657 3196 4727; x_wconf 85' lang='lat' dir='ltr'><strong>appellavit</strong></span> <span class='ocrx_word' id='word_1_687' title='bbox 3223 4667 3497 4724; x_wconf 76' lang='lat' dir='ltr'><strong>magnam,</strong></span> 
     </span>
    </p>
   </div>
   <div class='ocr_carea' id='block_1_91' title="bbox 221 4748 1813 4828">
    <p class='ocr_par' dir='ltr' id='par_1_91' title="bbox 221 4748 1813 4828">
     <span class='ocr_line' id='line_1_91' title="bbox 221 4748 1813 4828; baseline 0.007 -28"><span class='ocrx_word' id='word_1_688' title='bbox 221 4749 320 4802; x_wconf 71' lang='grc' dir='ltr'>ἐπὶ</span> <span class='ocrx_word' id='word_1_689' title='bbox 361 4748 455 4802; x_wconf 88' lang='grc' dir='ltr'><strong>τὸν</strong></span> <span class='ocrx_word' id='word_1_690' title='bbox 482 4751 608 4803; x_wconf 83' lang='grc' dir='ltr'>νοῦν</span> <span class='ocrx_word' id='word_1_691' title='bbox 630 4750 722 4803; x_wconf 80' lang='grc' dir='ltr'><strong>τὸν</strong></span> <span class='ocrx_word' id='word_1_692' title='bbox 756 4751 929 4821; x_wconf 82' lang='grc' dir='ltr'>μέγαν</span> <span class='ocrx_word' id='word_1_693' title='bbox 963 4753 1054 4806; x_wconf 85' lang='grc' dir='ltr'><strong>τὸν</strong></span> <span class='ocrx_word' id='word_1_694' title='bbox 1085 4754 1322 4825; x_wconf 85' lang='grc' dir='ltr'>ἄρχοντα</span> <span class='ocrx_word' id='word_1_695' title='bbox 1348 4756 1459 4809; x_wconf 87' lang='grc' dir='ltr'><strong>τῶν</strong></span> <span class='ocrx_word' id='word_1_696' title='bbox 1494 4757 1813 4828; x_wconf 72' lang='grc' dir='ltr'>Ἀσσυρίων.</span> 
     </span>
    </p>
   </div>
   <div class='ocr_carea' id='block_1_92' title="bbox 223 4840 1820 4916">
    <p class='ocr_par' dir='ltr' id='par_1_92' title="bbox 223 4840 1820 4916">
     <span class='ocr_line' id='line_1_92' title="bbox 223 4840 1820 4916; baseline 0.006 -24"><span class='ocrx_word' id='word_1_697' title='bbox 223 4840 375 4894; x_wconf 78' lang='grc' dir='ltr'>Νοῦν</span> <span class='ocrx_word' id='word_1_698' title='bbox 399 4840 457 4893; x_wconf 80' lang='grc' dir='ltr'>δὲ</span> <span class='ocrx_word' id='word_1_699' title='bbox 483 4842 642 4895; x_wconf 77' lang='grc' dir='ltr'>αὑτὸν</span> <span class='ocrx_word' id='word_1_700' title='bbox 672 4843 979 4896; x_wconf 80' lang='grc' dir='ltr'>ἀπεκάλεσε</span> <span class='ocrx_word' id='word_1_701' title='bbox 1005 4843 1198 4915; x_wconf 79' lang='grc' dir='ltr'>μέγαν,</span> <span class='ocrx_word' id='word_1_702' title='bbox 1226 4847 1286 4899; x_wconf 81' lang='grc' dir='ltr'><strong>οὐ</strong></span> <span class='ocrx_word' id='word_1_703' title='bbox 1316 4845 1453 4916; x_wconf 74' lang='grc' dir='ltr'>πρὸς</span> <span class='ocrx_word' id='word_1_704' title='bbox 1491 4848 1716 4902; x_wconf 75' lang='grc' dir='ltr'>ἐπαίνου</span> <span class='ocrx_word' id='word_1_705' title='bbox 1757 4849 1820 4903; x_wconf 88' lang='grc' dir='ltr'><strong>τὸ</strong></span> 
     </span>
    </p>
   </div>
   <div class='ocr_carea' id='block_1_93' title="bbox 225 4929 1820 5005">
    <p class='ocr_par' dir='ltr' id='par_1_93' title="bbox 225 4929 1820 5005">
     <span class='ocr_line' id='line_1_93' title="bbox 225 4929 1820 5005; baseline 0.008 -25"><span class='ocrx_word' id='word_1_706' title='bbox 225 4931 423 5000; x_wconf 75' lang='grc' dir='ltr'>χρῆμα</span> <span class='ocrx_word' id='word_1_707' title='bbox 448 4931 613 4994; x_wconf 70' lang='grc' dir='ltr'>τιθεὶς</span> <span class='ocrx_word' id='word_1_708' title='bbox 645 4929 817 5002; x_wconf 81' lang='grc' dir='ltr'>αὐτῷ,</span> <span class='ocrx_word' id='word_1_709' title='bbox 847 4933 1170 5004; x_wconf 78' lang='grc' dir='ltr'>καταψὲγων</span> <span class='ocrx_word' id='word_1_710' title='bbox 1199 4935 1256 4988; x_wconf 85' lang='grc' dir='ltr'><strong>δὲ</strong></span> <span class='ocrx_word' id='word_1_711' title='bbox 1283 4936 1486 5005; x_wconf 82' lang='grc' dir='ltr'>μᾶλλον</span> <span class='ocrx_word' id='word_1_712' title='bbox 1506 4975 1522 5000; x_wconf 89' lang='grc'><strong>,</strong></span> <span class='ocrx_word' id='word_1_713' title='bbox 1558 4937 1633 5000; x_wconf 84' lang='grc' dir='ltr'>ὡς</span> <span class='ocrx_word' id='word_1_714' title='bbox 1667 4938 1820 4991; x_wconf 74' lang='grc' dir='ltr'>οὐδὲν</span> 
     </span>
    </p>
   </div>
   <div class='ocr_carea' id='block_1_94' title="bbox 226 5017 1823 5100">
    <p class='ocr_par' dir='ltr' id='par_1_94' title="bbox 226 5017 1823 5100">
     <span class='ocr_line' id='line_1_94' title="bbox 226 5017 1823 5100; baseline 0.009 -31"><span class='ocrx_word' id='word_1_715' title='bbox 226 5017 420 5089; x_wconf 71' lang='grc' dir='ltr'>ἕτερον</span> <span class='ocrx_word' id='word_1_716' title='bbox 436 5018 563 5072; x_wconf 84' lang='grc' dir='ltr'>δντα</span> <span class='ocrx_word' id='word_1_717' title='bbox 587 5019 728 5090; x_wconf 78' lang='grc' dir='ltr'>πλὴν</span> <span class='ocrx_word' id='word_1_718' title='bbox 751 5022 834 5074; x_wconf 86' lang='grc' dir='ltr'><strong>ὄτι</strong></span> <span class='ocrx_word' id='word_1_719' title='bbox 851 5021 1008 5092; x_wconf 84' lang='grc' dir='ltr'>μόνον</span> <span class='ocrx_word' id='word_1_720' title='bbox 1026 5023 1325 5096; x_wconf 77' lang='grc' dir='ltr'>ὑπεροψίαν</span> <span class='ocrx_word' id='word_1_721' title='bbox 1346 5026 1443 5098; x_wconf 86' lang='grc' dir='ltr'>τὴν</span> <span class='ocrx_word' id='word_1_722' title='bbox 1461 5028 1707 5100; x_wconf 82' lang='grc' dir='ltr'>θεομισῆ.</span> <span class='ocrx_word' id='word_1_723' title='bbox 1723 5031 1823 5084; x_wconf 88' lang='grc' dir='ltr'><strong>Πε-</strong></span> 
     </span>
    </p>
   </div>
   <div class='ocr_carea' id='block_1_95' title="bbox 1927 4747 3498 4812">
    <p class='ocr_par' dir='ltr' id='par_1_95' title="bbox 1927 4747 3498 4812">
     <span class='ocr_line' id='line_1_95' title="bbox 1927 4747 3498 4812; baseline -0.005 -6"><span class='ocrx_word' id='word_1_724' title='bbox 1927 4765 2035 4806; x_wconf 90' lang='lat' dir='ltr'><strong>non</strong></span> <span class='ocrx_word' id='word_1_725' title='bbox 2077 4749 2220 4806; x_wconf 89' lang='lat' dir='ltr'><strong>laudi</strong></span> <span class='ocrx_word' id='word_1_726' title='bbox 2262 4751 2363 4806; x_wconf 89' lang='lat' dir='ltr'><strong>hoc</strong></span> <span class='ocrx_word' id='word_1_727' title='bbox 2389 4753 2610 4806; x_wconf 87' lang='lat' dir='ltr'><strong>verbum</strong></span> <span class='ocrx_word' id='word_1_728' title='bbox 2655 4751 2704 4806; x_wconf 90' lang='lat' dir='ltr'><strong>ei</strong></span> <span class='ocrx_word' id='word_1_729' title='bbox 2749 4751 3012 4812; x_wconf 88' lang='lat' dir='ltr'><strong>tribuens,</strong></span> <span class='ocrx_word' id='word_1_730' title='bbox 3049 4749 3143 4804; x_wconf 88' lang='lat' dir='ltr'><strong>sed</strong></span> <span class='ocrx_word' id='word_1_731' title='bbox 3188 4747 3322 4801; x_wconf 88' lang='lat' dir='ltr'><strong>vitio</strong></span> <span class='ocrx_word' id='word_1_732' title='bbox 3365 4747 3498 4800; x_wconf 87' lang='lat' dir='ltr'><strong>dans</strong></span> 
     </span>
    </p>
   </div>
   <div class='ocr_carea' id='block_1_96' title="bbox 1924 4837 3496 4914">
    <p class='ocr_par' dir='ltr' id='par_1_96' title="bbox 1924 4837 3496 4914">
     <span class='ocr_line' id='line_1_96' title="bbox 1924 4837 3496 4914; baseline -0.005 -16"><span class='ocrx_word' id='word_1_733' title='bbox 1924 4843 2126 4913; x_wconf 87' lang='lat' dir='ltr'><strong>potius,</strong></span> <span class='ocrx_word' id='word_1_734' title='bbox 2162 4845 2361 4914; x_wconf 87' lang='lat' dir='ltr'><strong>quippe</strong></span> <span class='ocrx_word' id='word_1_735' title='bbox 2405 4844 2498 4914; x_wconf 89' lang='lat' dir='ltr'><strong>qui</strong></span> <span class='ocrx_word' id='word_1_736' title='bbox 2544 4843 2677 4897; x_wconf 91' lang='lat' dir='ltr'><strong>nihil</strong></span> <span class='ocrx_word' id='word_1_737' title='bbox 2727 4843 2870 4896; x_wconf 90' lang='lat' dir='ltr'><strong>aliud</strong></span> <span class='ocrx_word' id='word_1_738' title='bbox 2909 4843 2982 4897; x_wconf 89' lang='lat' dir='ltr'><strong>sit</strong></span> <span class='ocrx_word' id='word_1_739' title='bbox 3029 4855 3194 4911; x_wconf 89' lang='lat' dir='ltr'><strong>quam</strong></span> <span class='ocrx_word' id='word_1_740' title='bbox 3245 4837 3496 4908; x_wconf 87' lang='lat' dir='ltr'><strong>superbia</strong></span> 
     </span>
    </p>
   </div>
   <div class='ocr_carea' id='block_1_97' title="bbox 1929 4931 3496 4997">
    <p class='ocr_par' dir='ltr' id='par_1_97' title="bbox 1929 4931 3496 4997">
     <span class='ocr_line' id='line_1_97' title="bbox 1929 4931 3496 4997; baseline -0.005 -7"><span class='ocrx_word' id='word_1_741' title='bbox 1929 4938 2038 4990; x_wconf 91' lang='lat' dir='ltr'><strong>Deo</strong></span> <span class='ocrx_word' id='word_1_742' title='bbox 2069 4951 2258 4991; x_wconf 78' lang='lat' dir='ltr'><strong>exosa.</strong></span> <span class='ocrx_word' id='word_1_743' title='bbox 2301 4936 2445 4991; x_wconf 83' lang='lat' dir='ltr'><strong>Nihil</strong></span> <span class='ocrx_word' id='word_1_744' title='bbox 2478 4937 2623 4992; x_wconf 89' lang='lat' dir='ltr'><strong>enim</strong></span> <span class='ocrx_word' id='word_1_745' title='bbox 2650 4938 2716 4993; x_wconf 85' lang='lat' dir='ltr'><strong>de</strong></span> <span class='ocrx_word' id='word_1_746' title='bbox 2745 4952 2803 4991; x_wconf 87' lang='lat' dir='ltr'><strong>se</strong></span> <span class='ocrx_word' id='word_1_747' title='bbox 2829 4935 3001 4990; x_wconf 90' lang='lat' dir='ltr'><strong>sensit</strong></span> <span class='ocrx_word' id='word_1_748' title='bbox 3029 4934 3365 4997; x_wconf 88' lang='lat' dir='ltr'><strong>humanitus,</strong></span> <span class='ocrx_word' id='word_1_749' title='bbox 3404 4931 3496 4986; x_wconf 88' lang='lat' dir='ltr'><strong>sed</strong></span> 
     </span>
    </p>
   </div>
   <div class='ocr_carea' id='block_1_98' title="bbox 1926 5027 3495 5096">
    <p class='ocr_par' dir='ltr' id='par_1_98' title="bbox 1926 5027 3495 5096">
     <span class='ocr_line' id='line_1_98' title="bbox 1926 5027 3495 5096; baseline -0.004 -13"><span class='ocrx_word' id='word_1_750' title='bbox 1926 5042 2049 5096; x_wconf 78' lang='lat' dir='ltr'><strong>qua:</strong></span> <span class='ocrx_word' id='word_1_751' title='bbox 2085 5044 2304 5083; x_wconf 90' lang='lat' dir='ltr'><strong>omnem</strong></span> <span class='ocrx_word' id='word_1_752' title='bbox 2333 5037 2580 5083; x_wconf 88' lang='lat' dir='ltr'><strong>naturam</strong></span> <span class='ocrx_word' id='word_1_753' title='bbox 2605 5029 2886 5084; x_wconf 88' lang='lat' dir='ltr'><strong>mortalem</strong></span> <span class='ocrx_word' id='word_1_754' title='bbox 2918 5027 3187 5083; x_wconf 84' lang='lat' dir='ltr'><strong>excedunt</strong></span> <span class='ocrx_word' id='word_1_755' title='bbox 3219 5035 3273 5080; x_wconf 90' lang='lat' dir='ltr'><strong>et</strong></span> <span class='ocrx_word' id='word_1_756' title='bbox 3305 5038 3495 5094; x_wconf 85' lang='lat' dir='ltr'><strong>super-</strong></span> 
     </span>
    </p>
   </div>
   <div class='ocr_carea' id='block_1_99' title="bbox 231 5109 1809 5192">
    <p class='ocr_par' dir='ltr' id='par_1_99' title="bbox 231 5109 1809 5192">
     <span class='ocr_line' id='line_1_99' title="bbox 231 5109 1809 5192; baseline 0.01 -32"><span class='ocrx_word' id='word_1_757' title='bbox 231 5109 476 5180; x_wconf 76' lang='grc' dir='ltr'>φρόνηκε</span> <span class='ocrx_word' id='word_1_758' title='bbox 507 5111 615 5184; x_wconf 88' lang='grc' dir='ltr'><strong>γάρ</strong></span> <span class='ocrx_word' id='word_1_759' title='bbox 647 5112 987 5184; x_wconf 85' lang='grc' dir='ltr'>ἀνθρώπινον</span> <span class='ocrx_word' id='word_1_760' title='bbox 1019 5116 1118 5187; x_wconf 83' lang='grc' dir='ltr'><strong>μὲν</strong></span> <span class='ocrx_word' id='word_1_761' title='bbox 1143 5118 1313 5172; x_wconf 78' lang='grc' dir='ltr'>οὐδέν’</span> <span class='ocrx_word' id='word_1_762' title='bbox 1349 5121 1452 5174; x_wconf 83' lang='grc' dir='ltr'>ὅσα</span> <span class='ocrx_word' id='word_1_763' title='bbox 1477 5121 1534 5173; x_wconf 87' lang='grc' dir='ltr'>δὲ</span> <span class='ocrx_word' id='word_1_764' title='bbox 1564 5122 1660 5173; x_wconf 74' lang='grc' dir='ltr'><strong>καὶ</strong></span> <span class='ocrx_word' id='word_1_765' title='bbox 1685 5122 1809 5192; x_wconf 70' lang='grc' dir='ltr'>τάχα</span> 
     </span>
    </p>
   </div>
   <div class='ocr_carea' id='block_1_100' title="bbox 1913 5109 3501 5192">
    <p class='ocr_par' dir='ltr' id='par_1_100' title="bbox 1923 5115 3501 5192">
     <span class='ocr_line' id='line_1_100' title="bbox 1923 5115 3501 5192; baseline -0.004 -19"><span class='ocrx_word' id='word_1_766' title='bbox 1923 5119 2184 5184; x_wconf 83' lang='lat' dir='ltr'><strong>eminent,</strong></span> <span class='ocrx_word' id='word_1_767' title='bbox 2236 5120 2513 5192; x_wconf 72' lang='lat' dir='ltr'><strong>cogitavit.</strong></span> <span class='ocrx_word' id='word_1_768' title='bbox 2565 5119 2786 5174; x_wconf 87' lang='lat' dir='ltr'><strong>luducet</strong></span> <span class='ocrx_word' id='word_1_769' title='bbox 2831 5118 2997 5188; x_wconf 81' lang='lat' dir='ltr'><strong>igitur</strong></span> <span class='ocrx_word' id='word_1_770' title='bbox 3038 5130 3200 5186; x_wconf 86' lang='lat' dir='ltr'><strong>super</strong></span> <span class='ocrx_word' id='word_1_771' title='bbox 3227 5115 3501 5170; x_wconf 83' lang='lat' dir='ltr'><strong>celsitudi-</strong></span> 
     </span>
    </p>
   </div>
   <div class='ocr_carea' id='block_1_101' title="bbox 232 5201 1824 5280">
    <p class='ocr_par' dir='ltr' id='par_1_101' title="bbox 232 5201 1824 5280">
     <span class='ocr_line' id='line_1_101' title="bbox 232 5201 1824 5280; baseline 0.011 -29"><span class='ocrx_word' id='word_1_772' title='bbox 232 5201 331 5252; x_wconf 72' lang='grc' dir='ltr'><strong>καὶ</strong></span> <span class='ocrx_word' id='word_1_773' title='bbox 365 5203 547 5254; x_wconf 74' lang='grc' dir='ltr'>πᾶσαν</span> <span class='ocrx_word' id='word_1_774' title='bbox 578 5204 675 5270; x_wconf 82' lang='grc' dir='ltr'>τὴν</span> <span class='ocrx_word' id='word_1_775' title='bbox 703 5205 938 5275; x_wconf 82' lang='grc' dir='ltr'>γενητὴν</span> <span class='ocrx_word' id='word_1_776' title='bbox 978 5207 1344 5280; x_wconf 81' lang='grc' dir='ltr'>ὑπερνήχεται</span> <span class='ocrx_word' id='word_1_777' title='bbox 1390 5209 1571 5280; x_wconf 79' lang='grc' dir='ltr'>φύσιν.</span> <span class='ocrx_word' id='word_1_778' title='bbox 1604 5213 1824 5279; x_wconf 82' lang='grc' dir='ltr'>Ἐπάξει</span> 
     </span>
    </p>
   </div>
   <div class='ocr_carea' id='block_1_102' title="bbox 229 5291 1824 5376">
    <p class='ocr_par' dir='ltr' id='par_1_102' title="bbox 229 5291 1824 5376">
     <span class='ocr_line' id='line_1_102' title="bbox 229 5291 1824 5376; baseline 0.011 -34"><span class='ocrx_word' id='word_1_779' title='bbox 229 5291 432 5363; x_wconf 50' lang='grc' dir='ltr'>τοίνυν,</span> <span class='ocrx_word' id='word_1_780' title='bbox 450 5293 541 5345; x_wconf 72' lang='grc' dir='ltr'>ἐπὶ</span> <span class='ocrx_word' id='word_1_781' title='bbox 555 5293 616 5346; x_wconf 88' lang='grc' dir='ltr'><strong>τὸ</strong></span> <span class='ocrx_word' id='word_1_782' title='bbox 634 5293 767 5363; x_wconf 68' lang='grc' dir='ltr'>ὕψος</span> <span class='ocrx_word' id='word_1_783' title='bbox 782 5297 880 5367; x_wconf 85' lang='grc' dir='ltr'><strong>τῆς</strong></span> <span class='ocrx_word' id='word_1_784' title='bbox 899 5297 1056 5368; x_wconf 81' lang='grc' dir='ltr'>δόξης</span> <span class='ocrx_word' id='word_1_785' title='bbox 1072 5299 1181 5352; x_wconf 83' lang='grc' dir='ltr'><strong>τῶν</strong></span> <span class='ocrx_word' id='word_1_786' title='bbox 1205 5301 1499 5374; x_wconf 75' lang='grc' dir='ltr'>ὀφθαλμῶν</span> <span class='ocrx_word' id='word_1_787' title='bbox 1518 5305 1703 5358; x_wconf 83' lang='grc' dir='ltr'>αὐτοῦ·</span> <span class='ocrx_word' id='word_1_788' title='bbox 1726 5307 1824 5376; x_wconf 81' lang='grc' dir='ltr'><strong>όφ-</strong></span> 
     </span>
    </p>
   </div>
   <div class='ocr_carea' id='block_1_103' title="bbox 233 5379 1814 5465">
    <p class='ocr_par' dir='ltr' id='par_1_103' title="bbox 233 5379 1814 5465">
     <span class='ocr_line' id='line_1_103' title="bbox 233 5379 1814 5465; baseline 0.009 -31"><span class='ocrx_word' id='word_1_789' title='bbox 233 5379 462 5452; x_wconf 80' lang='grc' dir='ltr'>θαλμῶν</span> <span class='ocrx_word' id='word_1_790' title='bbox 475 5382 531 5436; x_wconf 80' lang='grc' dir='ltr'>δέ</span> <span class='ocrx_word' id='word_1_791' title='bbox 544 5401 708 5455; x_wconf 74' lang='grc' dir='ltr'>φησιν</span> <span class='ocrx_word' id='word_1_792' title='bbox 731 5388 787 5438; x_wconf 80' lang='grc' dir='ltr'>ὲν</span> <span class='ocrx_word' id='word_1_793' title='bbox 807 5386 1037 5454; x_wconf 75' lang='grc' dir='ltr'>τούτοις,</span> <span class='ocrx_word' id='word_1_794' title='bbox 1061 5389 1181 5442; x_wconf 71' lang='grc' dir='ltr'>ἀντὶ</span> <span class='ocrx_word' id='word_1_795' title='bbox 1193 5390 1288 5442; x_wconf 83' lang='grc' dir='ltr'><strong>τοῦ</strong></span> <span class='ocrx_word' id='word_1_796' title='bbox 1306 5392 1414 5444; x_wconf 88' lang='grc' dir='ltr'><strong>τῶν</strong></span> <span class='ocrx_word' id='word_1_797' title='bbox 1438 5393 1676 5459; x_wconf 76' lang='grc' dir='ltr'>ἐννοιῶν,</span> <span class='ocrx_word' id='word_1_798' title='bbox 1697 5395 1814 5465; x_wconf 80' lang='grc' dir='ltr'>ἦτοι</span> 
     </span>
    </p>
   </div>
   <div class='ocr_carea' id='block_1_104' title="bbox 233 5473 1820 5556">
    <p class='ocr_par' dir='ltr' id='par_1_104' title="bbox 233 5473 1820 5556">
     <span class='ocr_line' id='line_1_104' title="bbox 233 5473 1820 5556; baseline 0.02 -32"><span class='ocrx_word' id='word_1_799' title='bbox 233 5473 346 5527; x_wconf 78' lang='grc' dir='ltr'><strong>τῶν</strong></span> <span class='ocrx_word' id='word_1_800' title='bbox 381 5473 801 5547; x_wconf 79' lang='grc' dir='ltr'>ἐνθυμημάτων.</span> <span class='ocrx_word' id='word_1_801' title='bbox 841 5479 1054 5550; x_wconf 67' lang='grc' dir='ltr'>Ὑψηλά</span> <span class='ocrx_word' id='word_1_802' title='bbox 1073 5480 1203 5552; x_wconf 87' lang='grc' dir='ltr'>γὰρ,</span> <span class='ocrx_word' id='word_1_803' title='bbox 1232 5481 1307 5546; x_wconf 78' lang='grc' dir='ltr'><strong>ὡς</strong></span> <span class='ocrx_word' id='word_1_804' title='bbox 1333 5482 1489 5554; x_wconf 78' lang='grc' dir='ltr'>ἔφην,</span> <span class='ocrx_word' id='word_1_805' title='bbox 1527 5485 1620 5538; x_wconf 64' lang='grc' dir='ltr'><strong>καὶ</strong></span> <span class='ocrx_word' id='word_1_806' title='bbox 1652 5486 1820 5556; x_wconf 71' lang='grc' dir='ltr'><strong>ὑπέρ·</strong></span> 
     </span>
    </p>
   </div>
   <div class='ocr_carea' id='block_1_105' title="bbox 235 5565 1819 5646">
    <p class='ocr_par' dir='ltr' id='par_1_105' title="bbox 235 5565 1819 5646">
     <span class='ocr_line' id='line_1_105' title="bbox 235 5565 1819 5646; baseline 0.01 -33"><span class='ocrx_word' id='word_1_807' title='bbox 235 5577 380 5629; x_wconf 86' lang='grc' dir='ltr'>ογκα</span> <span class='ocrx_word' id='word_1_808' title='bbox 408 5565 589 5619; x_wconf 89' lang='grc' dir='ltr'>ταυτί.</span> <span class='ocrx_word' id='word_1_809' title='bbox 626 5565 755 5629; x_wconf 84' lang='grc' dir='ltr'>Θεὸς</span> <span class='ocrx_word' id='word_1_810' title='bbox 788 5567 844 5619; x_wconf 73' lang='grc' dir='ltr'>δὲ</span> <span class='ocrx_word' id='word_1_811' title='bbox 878 5569 1160 5640; x_wconf 81' lang='grc' dir='ltr'>ὑπάρχων,</span> <span class='ocrx_word' id='word_1_812' title='bbox 1192 5571 1287 5624; x_wconf 71' lang='grc' dir='ltr'>καὶ</span> <span class='ocrx_word' id='word_1_813' title='bbox 1319 5573 1399 5636; x_wconf 84' lang='grc' dir='ltr'>εἰς</span> <span class='ocrx_word' id='word_1_814' title='bbox 1425 5575 1652 5645; x_wconf 86' lang='grc' dir='ltr'>καρδίαν</span> <span class='ocrx_word' id='word_1_815' title='bbox 1677 5575 1819 5646; x_wconf 87' lang='grc' dir='ltr'>όρῶν</span> 
     </span>
    </p>
   </div>
   <div class='ocr_carea' id='block_1_106' title="bbox 239 5652 1819 5739">
    <p class='ocr_par' dir='ltr' id='par_1_106' title="bbox 239 5652 1819 5739">
     <span class='ocr_line' id='line_1_106' title="bbox 239 5652 1819 5739; baseline 0.013 -36"><span class='ocrx_word' id='word_1_816' title='bbox 239 5652 336 5704; x_wconf 73' lang='grc' dir='ltr'><strong>καὶ</strong></span> <span class='ocrx_word' id='word_1_817' title='bbox 361 5656 614 5724; x_wconf 75' lang='grc' dir='ltr'>νεφροὺς,</span> <span class='ocrx_word' id='word_1_818' title='bbox 642 5655 795 5721; x_wconf 79' lang='grc' dir='ltr'>εἰδώς</span> <span class='ocrx_word' id='word_1_819' title='bbox 815 5675 877 5711; x_wconf 89' lang='grc' dir='ltr'><strong>τε</strong></span> <span class='ocrx_word' id='word_1_820' title='bbox 902 5659 971 5712; x_wconf 78' lang='grc' dir='ltr'><strong>τά</strong></span> <span class='ocrx_word' id='word_1_821' title='bbox 995 5663 1371 5733; x_wconf 60' lang='grc' dir='ltr'>κεκρυμμένα,</span> <span class='ocrx_word' id='word_1_822' title='bbox 1405 5666 1496 5720; x_wconf 71' lang='grc' dir='ltr'><strong>καὶ</strong></span> <span class='ocrx_word' id='word_1_823' title='bbox 1527 5668 1658 5739; x_wconf 83' lang='grc' dir='ltr'>ἡμῖν</span> <span class='ocrx_word' id='word_1_824' title='bbox 1679 5669 1819 5724; x_wconf 79' lang='grc' dir='ltr'><strong>αὑτά</strong></span> 
     </span>
    </p>
   </div>
   <div class='ocr_carea' id='block_1_107' title="bbox 320 5807 1156 5886">
    <p class='ocr_par' dir='ltr' id='par_1_107' title="bbox 320 5807 1156 5886">
     <span class='ocr_line' id='line_1_107' title="bbox 320 5807 1156 5886; baseline 0.01 -21"><span class='ocrx_word' id='word_1_825' title='bbox 320 5807 381 5840; x_wconf 77' lang='grc'><strong>³⁸⁸</strong></span> <span class='ocrx_word' id='word_1_826' title='bbox 406 5808 527 5866; x_wconf 88' lang='lat' dir='ltr'><strong>Osc.</strong></span> <span class='ocrx_word' id='word_1_827' title='bbox 561 5828 636 5878; x_wconf 71' lang='grc' dir='ltr'>ιχ,</span> <span class='ocrx_word' id='word_1_828' title='bbox 666 5812 718 5869; x_wconf 92' lang='grc'><strong>8.</strong></span> <span class='ocrx_word' id='word_1_829' title='bbox 800 5817 838 5849; x_wconf 65' lang='grc' dir='ltr'>ίθ</span> <span class='ocrx_word' id='word_1_830' title='bbox 870 5813 985 5874; x_wconf 87' lang='lat' dir='ltr'><strong>Jac.</strong></span> <span class='ocrx_word' id='word_1_831' title='bbox 1017 5833 1088 5886; x_wconf 85' lang='lat' dir='ltr'><strong>tv,</strong></span> <span class='ocrx_word' id='word_1_832' title='bbox 1123 5817 1156 5873; x_wconf 87' lang='grc'>6</span> 
     </span>
    </p>
   </div>
   <div class='ocr_carea' id='block_1_108' title="bbox 1923 5205 3498 5281">
    <p class='ocr_par' dir='ltr' id='par_1_108' title="bbox 1923 5205 3498 5281">
     <span class='ocr_line' id='line_1_108' title="bbox 1923 5205 3498 5281; baseline -0.006 -15"><span class='ocrx_word' id='word_1_833' title='bbox 1923 5227 2044 5267; x_wconf 90' lang='lat' dir='ltr'><strong>nem</strong></span> <span class='ocrx_word' id='word_1_834' title='bbox 2088 5211 2274 5281; x_wconf 75' lang='lat' dir='ltr'><strong>gloria:</strong></span> <span class='ocrx_word' id='word_1_835' title='bbox 2303 5213 2583 5266; x_wconf 89' lang='lat' dir='ltr'><strong>oculorum</strong></span> <span class='ocrx_word' id='word_1_836' title='bbox 2617 5211 2775 5280; x_wconf 76' lang='lat' dir='ltr'><strong>ejus.’</strong></span> <span class='ocrx_word' id='word_1_837' title='bbox 2801 5210 3092 5267; x_wconf 90' lang='lat' dir='ltr'><strong>Oculorum</strong></span> <span class='ocrx_word' id='word_1_838' title='bbox 3143 5222 3270 5263; x_wconf 87' lang='lat' dir='ltr'><strong>vero</strong></span> <span class='ocrx_word' id='word_1_839' title='bbox 3299 5206 3390 5260; x_wconf 87' lang='lat' dir='ltr'><strong>hic</strong></span> <span class='ocrx_word' id='word_1_840' title='bbox 3421 5205 3498 5258; x_wconf 85' lang='lat' dir='ltr'><strong>di-</strong></span> 
     </span>
    </p>
   </div>
   <div class='ocr_carea' id='block_1_109' title="bbox 1919 5296 3495 5373">
    <p class='ocr_par' dir='ltr' id='par_1_109' title="bbox 1919 5296 3495 5373">
     <span class='ocr_line' id='line_1_109' title="bbox 1919 5296 3495 5373; baseline -0.008 -16"><span class='ocrx_word' id='word_1_841' title='bbox 1919 5302 2016 5368; x_wconf 89' lang='lat' dir='ltr'><strong>cit,</strong></span> <span class='ocrx_word' id='word_1_842' title='bbox 2062 5318 2160 5372; x_wconf 93' lang='lat' dir='ltr'><strong>pro</strong></span> <span class='ocrx_word' id='word_1_843' title='bbox 2203 5305 2521 5372; x_wconf 81' lang='lat' dir='ltr'><strong>Opinionum</strong></span> <span class='ocrx_word' id='word_1_844' title='bbox 2577 5318 2672 5358; x_wconf 88' lang='lat' dir='ltr'><strong>seu</strong></span> <span class='ocrx_word' id='word_1_845' title='bbox 2711 5303 3126 5373; x_wconf 83' lang='lat' dir='ltr'><strong>cogitationum.</strong></span> <span class='ocrx_word' id='word_1_846' title='bbox 3171 5298 3310 5354; x_wconf 74' lang='lat' dir='ltr'><strong>Alta:</strong></span> <span class='ocrx_word' id='word_1_847' title='bbox 3350 5296 3495 5350; x_wconf 90' lang='lat' dir='ltr'><strong>enim</strong></span> 
     </span>
    </p>
   </div>
   <div class='ocr_carea' id='block_1_110' title="bbox 1922 5393 3494 5464">
    <p class='ocr_par' dir='ltr' id='par_1_110' title="bbox 1922 5393 3494 5464">
     <span class='ocr_line' id='line_1_110' title="bbox 1922 5393 3494 5464; baseline -0.008 -14"><span class='ocrx_word' id='word_1_848' title='bbox 1922 5406 2049 5450; x_wconf 90' lang='lat' dir='ltr'><strong>sunt</strong></span> <span class='ocrx_word' id='word_1_849' title='bbox 2076 5396 2198 5462; x_wconf 69' lang='lat' dir='ltr'><strong>illte,</strong></span> <span class='ocrx_word' id='word_1_850' title='bbox 2231 5405 2290 5449; x_wconf 91' lang='lat' dir='ltr'><strong>ut</strong></span> <span class='ocrx_word' id='word_1_851' title='bbox 2317 5396 2450 5461; x_wconf 76' lang='lat' dir='ltr'><strong>dixi,</strong></span> <span class='ocrx_word' id='word_1_852' title='bbox 2479 5406 2533 5450; x_wconf 90' lang='lat' dir='ltr'><strong>et</strong></span> <span class='ocrx_word' id='word_1_853' title='bbox 2579 5396 2934 5464; x_wconf 59' lang='lat' dir='ltr'><strong>praetumidaz.</strong></span> <span class='ocrx_word' id='word_1_854' title='bbox 2978 5393 3123 5448; x_wconf 88' lang='lat' dir='ltr'><strong>Deus</strong></span> <span class='ocrx_word' id='word_1_855' title='bbox 3163 5399 3342 5444; x_wconf 89' lang='lat' dir='ltr'><strong>autem</strong></span> <span class='ocrx_word' id='word_1_856' title='bbox 3373 5401 3494 5442; x_wconf 92' lang='lat' dir='ltr'><strong>cum</strong></span> 
     </span>
    </p>
   </div>
   <div class='ocr_carea' id='block_1_111' title="bbox 1920 5480 3496 5559">
    <p class='ocr_par' dir='ltr' id='par_1_111' title="bbox 1920 5480 3496 5559">
     <span class='ocr_line' id='line_1_111' title="bbox 1920 5480 3496 5559; baseline -0.01 -15"><span class='ocrx_word' id='word_1_857' title='bbox 1920 5489 1992 5545; x_wconf 88' lang='lat' dir='ltr'><strong>sit</strong></span> <span class='ocrx_word' id='word_1_858' title='bbox 2035 5489 2126 5558; x_wconf 92' lang='lat' dir='ltr'><strong>qui</strong></span> <span class='ocrx_word' id='word_1_859' title='bbox 2172 5503 2266 5543; x_wconf 91' lang='lat' dir='ltr'><strong>cor</strong></span> <span class='ocrx_word' id='word_1_860' title='bbox 2302 5488 2610 5559; x_wconf 86' lang='lat' dir='ltr'><strong>introspicit</strong></span> <span class='ocrx_word' id='word_1_861' title='bbox 2648 5497 2703 5543; x_wconf 89' lang='lat' dir='ltr'><strong>et</strong></span> <span class='ocrx_word' id='word_1_862' title='bbox 2743 5502 2925 5554; x_wconf 88' lang='lat' dir='ltr'><strong>renes,</strong></span> <span class='ocrx_word' id='word_1_863' title='bbox 2972 5494 3027 5540; x_wconf 89' lang='lat' dir='ltr'><strong>et</strong></span> <span class='ocrx_word' id='word_1_864' title='bbox 3068 5483 3159 5553; x_wconf 88' lang='lat' dir='ltr'><strong>qui</strong></span> <span class='ocrx_word' id='word_1_865' title='bbox 3205 5480 3496 5551; x_wconf 87' lang='lat' dir='ltr'><strong>perlustrat</strong></span> 
     </span>
    </p>
   </div>
   <div class='ocr_carea' id='block_1_112' title="bbox 1919 5567 3490 5650">
    <p class='ocr_par' dir='ltr' id='par_1_112' title="bbox 1919 5567 3490 5650">
     <span class='ocr_line' id='line_1_112' title="bbox 1919 5567 3490 5650; baseline -0.008 -15"><span class='ocrx_word' id='word_1_866' title='bbox 1919 5581 2149 5648; x_wconf 78' lang='lat' dir='ltr'><strong>occulta,</strong></span> <span class='ocrx_word' id='word_1_867' title='bbox 2169 5580 2324 5636; x_wconf 90' lang='lat' dir='ltr'><strong>nobis</strong></span> <span class='ocrx_word' id='word_1_868' title='bbox 2343 5580 2506 5636; x_wconf 90' lang='lat' dir='ltr'><strong>etiam</strong></span> <span class='ocrx_word' id='word_1_869' title='bbox 2535 5580 2624 5635; x_wconf 89' lang='lat' dir='ltr'><strong>illa</strong></span> <span class='ocrx_word' id='word_1_870' title='bbox 2653 5579 2811 5650; x_wconf 84' lang='lat' dir='ltr'><strong>plane</strong></span> <span class='ocrx_word' id='word_1_871' title='bbox 2838 5580 3195 5640; x_wconf 87' lang='lat' dir='ltr'><strong>demonstrat,</strong></span> <span class='ocrx_word' id='word_1_872' title='bbox 3219 5581 3274 5626; x_wconf 92' lang='lat' dir='ltr'><strong>et</strong></span> <span class='ocrx_word' id='word_1_873' title='bbox 3299 5567 3490 5636; x_wconf 85' lang='lat' dir='ltr'><strong>inquit.</strong></span> 
     </span>
    </p>
   </div>
   <div class='ocr_carea' id='block_1_113' title="bbox 1921 5659 3495 5740">
    <p class='ocr_par' dir='ltr' id='par_1_113' title="bbox 1921 5659 3495 5740">
     <span class='ocr_line' id='line_1_113' title="bbox 1921 5659 3495 5740; baseline -0.01 -14"><span class='ocrx_word' id='word_1_874' title='bbox 1921 5671 2066 5728; x_wconf 77' lang='lat' dir='ltr'><strong>Dixit</strong></span> <span class='ocrx_word' id='word_1_875' title='bbox 2101 5673 2244 5730; x_wconf 89' lang='lat' dir='ltr'><strong>cnim</strong></span> <span class='ocrx_word' id='word_1_876' title='bbox 2272 5688 2287 5728; x_wconf 89' lang='lat'><strong>:</strong></span> <span class='ocrx_word' id='word_1_877' title='bbox 2321 5675 2375 5729; x_wconf 86' lang='lat' dir='ltr'><strong>in</strong></span> <span class='ocrx_word' id='word_1_878' title='bbox 2415 5674 2729 5732; x_wconf 79' lang='lat' dir='ltr'><strong>fortitudine</strong></span> <span class='ocrx_word' id='word_1_879' title='bbox 2776 5671 2994 5740; x_wconf 80' lang='lat' dir='ltr'><strong>faciant,</strong></span> <span class='ocrx_word' id='word_1_880' title='bbox 3027 5678 3080 5724; x_wconf 92' lang='lat' dir='ltr'><strong>et</strong></span> <span class='ocrx_word' id='word_1_881' title='bbox 3109 5660 3376 5735; x_wconf 88' lang='lat' dir='ltr'><strong>sapientia</strong></span> <span class='ocrx_word' id='word_1_882' title='bbox 3407 5659 3495 5714; x_wconf 80' lang='lat' dir='ltr'><strong>iu-</strong></span> 
     </span>
    </p>
   </div>
  </div>
