4134 6492
1329 383 1396 439 ΙΝ
1432 383 1669 440 ιεΑιΑιι
1711 384 1843 442 LIB.
1885 383 1928 440 l.
1969 382 2180 443 ORAT.
2220 381 2316 443 Vl.
2433 383 2436 386 ’

3346 373 3450 430 290

201 511 367 567 ισται
404 507 597 576 πάλιν;
635 507 896 564 Κείσεται
946 507 1046 578 μὶν
1085 503 1198 577 γάρ
1235 506 1270 576 ἡ
1304 505 1500 577 ῥάϐδος
1537 505 1618 570 εἰς
1656 506 1775 578 γῆν,

1885 514 1942 560 et
1974 503 2178 572 lignum
2217 497 2578 569 projicietur:
2606 505 2662 556 at
2693 495 2738 552 si
2767 494 2892 566 quis
2925 491 3218 564 «ceperit,
3253 499 3310 548 et.
3354 506 3454 562 ap-

201 607 463 679 ιρῤιπται
507 602 566 658 δὶ
610 600 707 656 καὶ
729 601 792 656 τὸ
819 599 992 666 ξύλον.
1021 599 1134 654 ἀλλ’
1163 598 1219 652 εί
1239 615 1326 662 τις
1353 597 1535 652 λαϐὼν
1584 598 1782 667 ἐπάγοι

200 699 343 763 τισὶ,
370 695 491 750 τότε
513 693 579 767 δὴ
605 693 822 756 πάντως
844 693 927 757 εις
957 690 1120 764 ἔργον
1149 690 1269 762 ἥξει
1292 690 1365 744 τὰ
1393 690 1460 744 δι’
1491 690 1689 748 αὐτῶν.
1717 689 1784 743 Τί

200 787 391 842 τοίνυν
435 785 571 856 φησι
617 783 965 856 πεφρόντικας
1001 781 1215 853 ὑψηλάς
1263 781 1329 836 Τί
1376 781 1434 834 δὲ
1479 781 1578 851 τὴν
1612 781 1784 850 ὀφρὺν

203 876 490 947 ἁνασπᾷςς
529 874 645 928 Οίει
683 875 766 929 δτι
800 873 909 945 ίδίᾳ
944 872 1171 944 δυνάμει
1213 872 1578 944 κατώρθωκας
1624 871 1786 937 αὐτὸς

203 965 269 1019 τὸ
299 965 444 1018 ἑλεῖν
478 963 580 1028 τὰς
611 963 814 1028 πόλεις,
841 965 902 1016 ὲν
929 962 989 1016 ού
999 961 1160 1033 ρανοῦ
1207 961 1360 1026 τάξει
1405 960 1786 1032 παραληφθεὶς

201 1053 362 1126 παρὰ
381 1053 480 1123 τῆς
505 1053 692 1106 ἐκεῖνα
715 1051 974 1123 ποιούσης
993 1053 1197 1123 χειρὸς,
1226 1051 1468 1123 δηλονότι
1495 1053 1590 1124 τῆς
1613 1051 1782 1116 Oetae:

206 1147 285 1200 οὐ
313 1144 385 1217 σὴ
407 1143 700 1215 τοιγαροῦν
728 1141 926 1213 ἠδόξα·
949 1142 1088 1196 Θεοῦ
1113 1143 1172 1196 δὲ
1201 1143 1400 1214 μᾶλλον
1423 1143 1516 1197 τοῦ
1534 1143 1784 1215 καθάπερ

211 1233 329 1288 τινὰ
355 1233 614 1298 πέλεκυν,
653 1232 688 1303 ἢ
725 1232 940 1303 ῥάϐδον.
971 1231 1190 1302 ἢοξύλον
1229 1233 1330 1302 τὴν
1359 1231 1457 1304 σὴν
1489 1231 1786 1302 ἐπάγοντος

201 1324 466 1396 ὠμότητα
482 1326 597 1386 τοῖς
619 1321 767 1392 αύτῷ
786 1322 1303 1394 προσκεκρουκόσιν.
1332 1325 1470 1394 Ἐσῃ
1491 1323 1668 1379 τοίνυν
1687 1325 1786 1396 οὐχ

205 1414 368 1480 οὕτω,
391 1414 580 1486 φησὶν,
609 1414 887 1486 ὼςῴήθης
911 1415 1096 1478 αὐτός.
1124 1414 1262 1470 Οὔτε
1294 1415 1400 1488 μὴν
1429 1419 1488 1470 ὲν
1500 1418 1785 1488 ταυτότητι

203 1507 361 1578 δόξης
383 1505 684 1577 διαμενεῖς,
717 1505 833 1560 ἀλλ’
860 1505 983 1560 οὐδὲ
1006 1508 1127 1570 ταῖς
1162 1505 1336 1572 οὕτως
1365 1509 1562 1579 ἁσραίς
1586 1511 1788 1565 Evanu-

203 1595 461 1666 ταλήσεις
503 1597 714 1664 τιμαῖς.
745 1595 821 1650 Οὐ
857 1596 922 1666 τῇ
949 1593 1102 1664 ἰσχύϊ
1131 1596 1399 1666 ποιήσεις.
1438 1597 1560 1652 οὐδὲ
1601 1600 1666 1669 τῇ
1705 1613 1789 1653 σο-

195 1686 302 1758 φίᾳ
329 1685 439 1756 τῆς
469 1685 739 1750 συνέσεως
769 1686 988 1755 ἀφελεῖς
1012 1688 1138 1756 ὅρια
1165 1685 1359 1744 ἐθνῶν.
1391 1689 1464 1743 Οὐ
1496 1690 1784 1762 καταλήψῃ

199 1777 301 1850 τὴν
324 1778 655 1849 οἰκουμένην
702 1777 779 1842 ὡς
821 1778 905 1833 ὠά
943 1779 1435 1851 καταλελειμμένα.
1480 1780 1619 1836 Ἀλλ’
1649 1783 1786 1838 dno-

1883 593 2184 664 plicaverit,
2221 601 2350 646 tunc
2381 590 2604 646 omnino
2635 603 2698 645 ea
2744 603 2865 658 quas
2911 602 3009 658 per
3046 586 3134 642 illa
3187 585 3344 650 liunt,
3389 585 3448 640 in

1882 698 2017 754 opus
2059 682 2297 738 venient.
2341 679 2480 747 Quid
2521 694 2676 749 ergo.
2725 679 2920 749 inquit,
2963 678 3070 735 alta
3109 676 3292 746 sapis?
3325 676 3454 746 quid

1883 774 2233 844 supercilium
2275 772 2470 827 tollis?
2505 771 2896 830 Exsistimasne
2935 780 3024 830 tua
3069 771 3121 825 Vi
3159 771 3260 826 hoc
3296 767 3453 838 177

1885 867 2223 938 perfunctum
2248 878 2370 920 esse
2402 873 2474 930 te,
2504 873 2563 918 ut
2585 878 2814 934 caperes
2834 863 3020 926 urbes,
3048 877 3170 922 cum
3199 870 3454 930 tanquam

1883 961 2299 1014 instrumentum
2355 970 2386 1010 ιι
2428 970 2588 1010 manu
2632 955 2890 1012 nimirum
2929 953 3133 1019 divina,
3175 967 3296 1021 qua:
3344 953 3458 1008 haec

1886 1051 2016 1107 iacit
2060 1049 2334 1105 adhibitus
2377 1046 2590 1104 fueris?
2637 1061 2744 1104 non
2794 1045 2958 1116 igitur
2989 1048 3082 1099 tua
3123 1042 3310 1114 gloria,
3361 1045 3455 1098 sed

1886 1143 1978 1198 Dei
2029 1142 2230 1213 potius,
2275 1140 2400 1210 quia
2456 1147 2544 1196 tua
2604 1137 2927 1196 crudelitate
2974 1145 3230 1204 tanquam
3276 1139 3456 1192 securi

1884 1229 2133 1296 quapiam
2198 1241 2293 1282 seu
2346 1226 2519 1296 virga,
2569 1239 2665 1286 seu
2721 1224 2885 1294 ligno,
2935 1224 3194 1280 adversus
3239 1237 3335 1278 eos
3361 1224 3456 1294 qui

1885 1320 2060 1390 ipsum
2085 1317 2426 1376 oll‘enderaot
2461 1332 2590 1374 usus
2615 1325 2718 1374 est.
2751 1315 2866 1370 Non
2894 1316 3060 1386 igitur
3091 1314 3221 1381 eris,
3261 1314 3360 1381 ait,
3382 1316 3454 1370 ita

1886 1411 1962 1468 uti
1996 1411 2112 1480 ipse
2135 1410 2383 1480 cogitas:
2413 1423 2514 1464 nec
2546 1409 2796 1468 eumdem
2825 1408 3012 1478 glorise
3045 1416 3284 1462 tenorem
3320 1405 3457 1464 reti-

1885 1499 2057 1565 nebis,
2079 1500 2172 1554 sed
2203 1514 2383 1568 neque
2411 1509 2519 1558 tam
2564 1497 2818 1554 delicatis
2854 1497 3153 1555 honoribus
3183 1497 3452 1563 lascivias,

1886 1604 1987 1645 nec
2015 1589 2069 1644 in
2101 1591 2420 1648 fortitudine
2457 1589 2762 1654 lacies,uec
2788 1590 3053 1661 sapientia
3083 1589 3456 1660 intelligentia:

1884 1680 2038 1740 tolles
2076 1681 2310 1750 gentium
2343 1680 2627 1748 terminos,
2673 1695 2779 1736 non
2827 1680 3012 1749 capies
3046 1681 3234 1736 orbem
3280 1690 3456 1736 terra.

1885 1787 2004 1827 rom
2030 1782 2092 1828 ut
2115 1787 2216 1828 ova
2255 1771 2466 1837 relicta,
2513 1772 2607 1827 sed
2638 1772 2813 1827 mittet
2851 1771 3110 1828 Dominus
3141 1771 3375 1830 Sabaoth
3399 1775 3454 1828 in

201 1867 382 1922 uehi
417 1867 624 1939 Κύριος
663 1866 891 1923 Σαϐαὼθ
942 1869 1023 1931 εἰς
1062 1868 1162 1938 τὴν
1204 1867 1304 1938 σὴν
1343 1867 1506 1940 τιμὴν
1533 1869 1775 1939 ἀτιμίαν,

1886 1872 2037 1916 tuum
2066 1863 2252 1928 decus,
2285 1864 2540 1928 dedecus,
2563 1873 2618 1920 et
2647 1863 2700 1918 in
2739 1862 2967 1932 gloriam
2996 1872 3144 1920 tuam
3194 1854 3336 1934 ignis
3368 1880 3455 1920 ar-

206 1957 297 2010 καὶ
338 1957 423 2019 είς
467 1955 568 2027 τὴν
609 1955 709 2028 σὴν
747 1956 905 2024 δόξαν
945 1955 1059 2028 πῦρ
1102 1956 1390 2026 καιόμενον
1429 1957 1779 2030 καυθήσεται.

201 2043 379 2114 Τιμὴν
407 2043 469 2097 δὲ
497 2043 663 2098 αὐτοῦ
703 2060 858 2115 φησι,
889 2043 989 2116 τὴν
1027 2043 1120 2100 ὑπ’
1146 2043 1296 2115 αὐτῷ
1341 2045 1681 2116 πράττουσάν
1722 2063 1782 2100 τε

206 2137 294 2189 καὶ
319 2135 695 2206 ὑποκειμένην
729 2135 1009 2207 στρατιάν.
1043 2135 1315 2206 Ἐπάύτῇ
1339 2137 1446 2207 γὰρ
1477 2137 1780 2202 δεδόξαστο.

207 2225 322 2296 Πῦρ
341 2221 446 2278 οῦν
473 2225 592 2294 ἥξει
623 2225 748 2279 κατ’
787 2224 978 2296 αὐτῆς,
1020 2224 1173 2296 φησὶ,
1199 2224 1293 2278 καὶ
1331 2225 1655 2295 καταφλέξει
1682 2227 1783 2298 τὴν

203 2314 301 2388 σὴν
321 2317 514 2386 τιμήν.
555 2315 686 2371 Τίνα
717 2316 775 2371 δὲ
801 2316 1004 2390 τρόπον
1033 2318 1130 2370 καὶ
1149 2315 1308 2373 τοῦτο
1328 2318 1538 2389 γέγονε,
1563 2319 1784 2394 διατρα-
1809 2407 1812 2409 Δ

205 2409 283 2460 νοτ
311 2408 504 2473 πάλιν,
537 2410 632 2463 καὶ
656 2410 758 2462 οὐκ
787 2412 870 2474 είς
889 2411 1132 2484 μακράν.

268 2500 378 2554 Καὶ
433 2501 606 2556 ἔσται
655 2501 720 2556 τὸ
773 2500 900 2571 φῶς
940 2501 1022 2569 τῷ
1061 2505 1300 2576 Ἰσραὴλ
1345 2506 1435 2572 εἷς
1483 2506 1625 2574 πῦρ,
1679 2504 1784 2561 καί

202 2589 444 2660 ἀτιάσει
474 2590 662 2646 αὑτὸν
696 2591 768 2646 ἐν
793 2593 937 2660 πυρὶ
967 2597 1278 2666 καιομένῳ,
1307 2597 1409 2653 καὶ
1433 2597 1679 2666 φάγεται
1701 2597 1785 2664 ὡς

201 2682 419 2751 χόρτον
444 2682 560 2751 τὴν
579 2683 758 2752 ὕλην.
790 2682 868 2752 Τῇ
889 2684 1080 2754 ἡμέρᾳ
1103 2688 1306 2757 ἐκείνῃ
1333 2687 1784 2755 61006800608-

199 2788 292 2826 ται
335 2773 414 2828 τὰ
458 2774 588 2842 ὄρη,
641 2775 740 2828 καὶ
783 2779 840 2831 οί
880 2777 1120 2845 βουνοί,
1177 2780 1275 2835 καὶ
1321 2781 1378 2834 οί
1398 2779 1630 2848 δρυμοί.
1669 2778 1783 2834 Καὶ

200 2865 604 2934 mag-drum
636 2865 754 2922 ἀπὸ
786 2866 994 2938 ψυχῆς
1019 2869 1132 2937 ἕως
1165 2868 1429 2938 σαρκῶν.
1462 2871 1574 2926 Καὶ
1609 2871 1781 2926 ἔσται

199 2957 234 3010 ὁ
255 2958 503 3027 φεύγων
533 2956 617 3025 ὡς
640 2959 881 3029 φεύγων
912 2960 1034 3015 ἀπὸ
1061 2961 1290 3031 φλογὸς
1314 2961 1651 3031 καιομένης
1679 2962 1779 3020 καί

196 3045 250 3098 οί
297 3045 805 3115 καταλειφθέντες
835 3048 953 3102 ἀπ’
990 3046 1192 3104 αὐτῶν
1223 3049 1470 3105 ἔσονται
1507 3051 1777 3122 ἀριθμὸς,

195 3135 289 3188 καὶ
310 3135 562 3190 παιδίον
580 3137 794 3207 γράψει
815 3140 1059 3206 αὐτούς.

1887 1953 2023 2011 dens
2053 1955 2402 2010 accendetur.
2435 1954 2611 2010 Decus
2632 1963 2812 2011 autem
2833 1953 2950 2024 ejus
2975 1953 3107 2008 dicit
3131 1957 3452 2022 exercitum,

1885 2047 1978 2117 qui
2032 2046 2133 2106 sub
2183 2047 2302 2116 ipso
2351 2047 2620 2106 merebat.
2671 2045 2800 2102 inde
2844 2047 2988 2104 enim
3035 2046 3298 2117 gloriatus
3347 2060 3449 2104 est.

1886 2138 2030 2209 Ignis
2069 2153 2220 2209 ergo,
2266 2137 2462 2207 inquit.
2515 2136 2734 2193 invadet
2771 2136 2946 2202 illum,
2997 2144 3257 2208 tuumque
3291 2138 3458 2194 decus

1886 2231 2154 2289 amburet.
2213 2229 2676 2298 Quemadmodum
2736 2230 2901 2301 igitur
2955 2229 3062 2290 hoc
3111 2228 3314 2286 factum
3361 2231 3454 2295 sit,

1883 2337 2074 2380 rursus
2096 2323 2378 2393 explanat,
2415 2337 2514 2382 nec
2543 2321 2596 2380 id
2621 2322 2853 2392 prolixe.

1956 2495 2123 2552 Vens.
2162 2478 2349 2558 l7-l9.
2383 2497 2454 2554 Ει
2505 2501 2605 2554 erit
2655 2500 2749 2555 (ua:
2802 2499 3022 2556 Israelis
3069 2519 3163 2572 pro
3209 2503 3350 2573 igne,
3402 2514 3455 2559 et

1885 2589 2233 2658 sanctiﬁcsbit
2299 2607 2417 2648 cum
2463 2591 2583 2661 igne
2623 2594 2854 2658 ardenti,
2885 2604 2934 2650 et
2965 2595 3077 2649 edet
3103 2596 3237 2652 sicut
3275 2591 3455 2665 [suum

1884 2681 2088 2736 silvam.
2137 2681 2232 2736 Die
2265 2683 2359 2737 illa
2400 2686 2798 2754 exstinguuntur
2838 2696 3063 2754 montes,
3103 2697 3153 2742 et
3199 2689 3380 2753 calles,
3407 2700 3454 2744 et

1883 2773 2075 2838 saltus,
2118 2783 2166 2827 et
2211 2775 2475 2829 derorabit
2519 2777 2581 2830 ab
2611 2779 2792 2832 anima
2829 2794 2992 2849 usque
3018 2796 3222 2836 carnes.
3255 2779 3325 2834 Et
3355 2782 3454 2834 erit

1883 2863 2094 2932 fugiens
2121 2864 2260 2918 relut
2292 2865 2500 2934 fugiens
2541 2885 2572 2922 η
2602 2868 2818 2936 ﬂamma
2863 2870 3106 2930 ardente.
3167 2871 3235 2930 Et
3268 2890 3454 2942 snper-

1881 2957 2030 3014 uites
2053 2973 2121 3012 ex
2143 2959 2254 3012 illis
2287 2969 2438 3014 erant
2470 2974 2742 3027 numerus,
2781 2971 2833 3018 et
2855 2963 3103 3032 paruulus
3128 2966 3316 3021 scribet
3340 2983 3450 3022 eos.

259 3205 598 3296 Δυσέφικτον
626 3205 831 3302 σφόδρα
857 3231 919 3284 τὸ
941 3230 1249 3303 είρημένον,
1277 3235 1371 3288 καὶ
1390 3236 1423 3304 ἠ
1455 3235 1556 3306 τῆς
1578 3235 1775 3304 λέξεως

1951 3239 2117 3298 Valde
2173 3241 2464 3298 obscurum
2505 3255 2592 3299 est
2639 3244 2781 3314 quod
2828 3245 3063 3313 dicitur,
3115 3258 3169 3304 et
3193 3247 3456 3306 orationis

194 3317 442 3389 συνθήκη
489 3319 588 3390 τὴν
631 3321 885 3377 ἀπόδοσιν
929 3323 1043 3394 ἔχει
1084 3324 1535 3400 δυσχερεστάτην.
1591 3329 1775 3402 Σαφηο

192 3409 414 3479 νιοῦμεν
429 3410 490 3463 δὲ
518 3412 799 3476 πάλιν,τὸν
824 3412 884 3467 εν
906 3431 970 3484 γε
997 3417 1113 3480 τοῖς
1133 3417 1512 3488 προκειμένοις
1536 3421 1773 3491 κρυπτό-

195 3515 350 3568 μενον
397 3499 556 3566 νοῦν,
585 3501 768 3555 ἐκεῖνα
795 3505 1203 3575 προειρηκότες.
1239 3501 1365 3562 Εἶλε
1396 3509 1494 3580 μὲν
1534 3511 1642 3582 γὰρ
1675 3511 1774 3582 τὴν

193 3587 510 3662 Σαμάρειαν
547 3593 576 3646 6
613 3592 1016 3666 Σαλαμανασὰρ
1050 3597 1079 3649 6
1112 3595 1221 3648 τῶν
1270 3598 1570 3668 Ἀσσυρίων
1615 3599 1772 3670 βασιο

192 3678 330 3746 λείις,
357 3681 657 3738 ἀπέστειλε
688 3683 746 3736 δὲ
778 3685 1056 3758 Ῥαψάκην
1077 3687 1142 3740 ἐκ
1163 3689 1365 3758 Λαχείς
1383 3691 1467 3754 είς
1501 3690 1771 3762 Ὶερουσαυ

193 3767 317 3840 lius,
341 3770 404 3834 ὃς
436 3769 628 3837 ἐλθὼν,
657 3773 751 3826 καὶ
774 3773 1142 3845 πολιορκήσας
1163 3776 1340 3848 αὐτὴν
1366 3777 1772 3851 προσλελάληκε

191 3861 296 3923 τοῖς
333 3861 396 3913 ἐν
443 3860 522 3932 τῷ
561 3861 727 3932 τείχει
761 3861 833 3916 τά
875 3863 1027 3930 παρὰ
1055 3862 1149 3916 τοῦ
1192 3867 1543 3937 πεπομφότος
1584 3868 1768 3932 αὑτὸν,

191 3951 501 4022 προσετίθει
529 3951 587 4005 δὲ
613 3951 822 4018 τούτοις
846 3953 944 4017 τὰς
974 3954 1114 4009 κατὰ
1153 3955 1247 4008 τοῦ
1283 3955 1418 4010 Θεοῦ
1452 3955 1770 4030 δυσφημίας

190 4043 378 4112 λέγων,
446 4062 528 4098 οτι
557 4045 635 4098 ού
672 4044 748 4118 μὴ
784 4045 1002 4118 ῥύσεται
1034 4048 1063 4099 6
1093 4047 1224 4112 Θεὸς
1268 4049 1366 4119 τὴν
1416 4050 1772 4123 Ἰερουσαλὴμ

190 4137 252 4188 ὲκ
275 4136 467 4208 χειρὸς
495 4136 759 4206 βασιλέως
783 4138 1100 4208 Ἀσσυρίων.
1127 4140 1271 4212 Πρὸς
1298 4141 1362 4211 δὴ
1387 4141 1458 4195 τὰ
1483 4143 1660 4195 τοιάδε
1685 4143 1771 4196 δε-

190 4227 552 4299 δυσφορηκὼς
597 4229 627 4281 6
671 4227 925 4298 βασιλεὺς
983 4229 1235 4296 Ἐζεκίας
1292 4231 1390 4296 τὰς
1456 4233 1591 4304 πρὸς
1637 4234 1770 4288 Θεὸν

181 4318 424 4388 ,ἐποιεῖτο
459 4318 610 4382 λιτὰς
627 4318 822 4388 λέγων·
851 4321 1204 4386 Είσάκουσον,
1232 4321 1425 4394 Κύριε,
1463 4323 1766 4394 είσϐλεψον,

190 4409 379 4481 Κύριε,
405 4411 508 4464 καὶ
533 4411 609 4464 ῐδε
631 4412 754 4475 τοὺς
771 4411 960 4481 λόγους
990 4413 1287 4483 Ῥαψάκου,
1311 4414 1404 4478 οὓς
1422 4414 1768 4481 ἐξαπέστειλε

191 4498 447 4566 βασιλεὺς
485 4500 804 4580 Ἀσσυρίων,
839 4503 1118 4568 ὀνειδίζειν
1154 4505 1286 4559 Θεὸν
1319 4507 1517 4572 ζῶντα.
1561 4507 1766 4580 Ἐπηγ-

189 4589 405 4656 γέλλετο
429 4591 488 4646 δὲ
514 4576 645 4656 Θεδδς
679 4593 778 4665 τὴν
806 4595 1078 4665 σωτηρίαν
1107 4597 1310 4659 αὐτοῖς.
1338 4599 1450 4651 Καὶ
1465 4599 1529 4671 δὴ
1561 4576 1765 4668 καὶ

188 4680 345 4748 ἦλθεν
376 4681 612 4750 ἄγγελος
635 4683 863 4755 Κυρίου,
894 4685 990 4737 καὶ
1031 4685 1240 4740 ἀνεῖλεν
1276 4688 1335 4740 ὲν
1367 4689 1466 4759 μιᾷ
1502 4689 1658 4744 νυκτὶ
1702 4694 1766 4747 ἐκ

188 4768 284 4840 τῆς
325 4771 686 4844 παρεμδολῆς
716 4774 826 4828 τῶν
866 4775 1164 4848 Ἀσσυρίων
1203 4777 1398 4832 ἑκατὸν
1436 4779 1764 4853 ὁγδοήκοντα

189 4861 346 4915 πέντε
387 4862 656 4934 χιλιάδας.
699 4859 774 4922 Οἶι
805 4865 874 4936 δὴ
918 4869 1221 4936 γεγονότος,
1281 4869 1538 4926 ἐϐάλλετο
1589 4873 1690 4944 μὲν
1719 4876 1762 4944 ⁴ὁ

189 4950 477 5024 Ἀσσύριος
525 4955 783 5028 ἁφορήτῳ
811 4957 1047 5026 δείματι.
1085 4959 1348 5026 Ἀκούσας
1398 4963 1458 5018 δὲ
1501 4965 1761 5035 ἀγγελίαν

189 5040 266 5092 ὅτι
291 5042 551 5112 Σαρσαοὰ
581 5044 836 5115 βασιλεὺς
861 5047 1134 5102 Αἰθιόπων
1157 5049 1348 5123 ἐξῆλθε
1371 5053 1514 5108 κατά
1539 5056 1637 5126 τῆς
1666 5057 1771 5129 γῆς

191 5131 350 5186 αὐτοῦ
387 5135 490 5189 σὺν
527 5135 729 5205 ὀλίγοις
762 5138 1040 5203 παντελῶς
1082 5143 1196 5205 τοῖς
1239 5142 1765 5219 περιλελειμμένοις,

190 5222 358 5293 ᾤχετο
397 5225 600 5295 φυγάς.
641 5227 813 5282 Τοῦτο
869 5229 962 5283 καὶ
1017 5229 1113 5284 νῦν
1163 5233 1192 5285 6
1245 5237 1582 5306 προφητικὸς
1635 5241 1768 5310 ήμῖν

190 5315 598 5385 αἰνιγματωδῶς
619 5318 960 5391 διερμηνεύει
989 5321 1162 5390 λόγος.
1183 5323 1303 5388 Φῶς
1325 5325 1424 5395 μὲν
1446 5327 1553 5401 γὰρ
1577 5329 1766 5399 γέγονε

189 5403 263 5474 τῷ
322 5407 536 5478 Ἰσραὴλ
596 5409 626 5462 ὁ
670 5411 779 5463 τῶν
835 5412 972 5466 ὅλων
1020 5411 1151 5477 Θεὸς
1211 5415 1303 5470 τὸν
1362 5419 1762 5488 καταφωτίζειν

195 5494 442 5565 ἰσχύοντα
467 5499 842 5573 διορισάμενος
879 5504 1061 5575 νόμον.
1102 5505 1261 5560 Ἀλλὰ
1296 5507 1474 5577 τοῦτο,
1516 5513 1670 5583 φησὶ,
1700 5513 1762 5566 τὸ

191 5585 301 5651 φῶς
327 5588 391 5642 τὸ
415 5589 662 5662 ὑπάρξαν
690 5592 767 5664 τῷ
795 5593 1027 5666 Ἰσραὴλ,
1057 5597 1118 5651 οὐ
1145 5596 1262 5665 φῶς
1299 5599 1454 5654 ἔσται
1486 5604 1599 5666 τοῖς
1636 5603 1760 5656 Ἀσ-

1880 3339 2153 3388 structura
2224 3349 2442 3390 sensum
2513 3335 2670 3392 all'ert
2724 3337 2998 3395 intellectu
3058 3340 3452 3398 diliicillimum.

1878 3421 2281 3492 Explicatiimus
2325 3434 2510 3481 autem
2563 3443 2752 3484 rursus
2796 3445 3014 3486 sensum
3055 3431 3109 3486 in
3161 3431 3247 3487 his
3272 3433 3455 3492 verbis

1873 3513 2159 3581 latentem,
2199 3515 2335 3570 illud
2385 3517 2641 3586 pmfati:
2685 3519 2842 3591 Cepit
2883 3523 3144 3578 nimirum
3171 3523 3460 3583 Salmans-

1877 3621 2036 3664 ενι-ιη
2079 3623 2170 3663 rex
2221 3608 2572 3680 Assyriorum
2599 3611 2925 3681 Samariam,
2953 3613 3260 3688 legsvitque
3288 3634 3318 3675 e
3345 3619 3457 3676 La-

1877 3697 2007 3755 ches
2065 3699 2362 3768 ilapssoem
2413 3699 2762 3760 Jerusalem:
2813 3710 2906 3775 qui
2950 3722 3076 3764 cum
3119 3709 3454 3782 advenisset,

1876 3805 2106 3860 caroque
2148 3792 2430 3850 obsidione
2475 3795 2762 3864 cinxisset,
2799 3813 2892 3854 eos
2925 3801 3195 3870 quierant
3225 3804 3278 3857 in
3315 3819 3455 3860 ιιιω-

1876 3880 2038 3936 nibus
2075 3879 2275 3937 manus
2297 3893 2410 3946 est,
2442 3899 2562 3954 quae
2597 3887 2668 3942 ab
2693 3901 2766 3944 eo
2787 3889 2888 3958 qui
2919 3891 3096 3959 ipsum
3127 3893 3271 3948 misit
3298 3908 3455 3950 aereo

1872 3983 2052 4042 perat.
2092 3973 2301 4040 Quiritis
2331 3975 2578 4046 adiunxit
2607 3978 2978 4050 blasphemiam
3024 3993 3080 4038 et
3102 3985 3356 4041 convicia
3398 3987 3450 4043 in

1877 4060 2086 4119 Deum:
2139 4061 2255 4119 Non
2320 4065 2608 4134 liberabit,
2661 4071 2858 4141 inquit,
2909 4073 3048 4129 Deus
3084 4073 3386 4133 Jerusalem
3419 4096 3452 4134 ο

1874 4168 2036 4208 manu
2083 4159 2227 4226 regis
2266 4158 2637 4231 Assyriorum.
2682 4161 2814 4230 Qum
2845 4165 3034 4236 iniquo
3060 4166 3238 4223 ferens
3269 4170 3452 4227 animo

1875 4239 2135 4298 Ezechias
2185 4262 2276 4302 rex
2309 4287 2326 4315 ,
2383 4249 2520 4307 fusis
2570 4254 2636 4307 ad
2687 4256 2856 4310 Deum
2905 4258 3181 4327 precibus,
3227 4260 3446 4333 inquit:

1877 4335 2104 4403 Exaudi,
2135 4339 2379 4406 Domine,
2417 4345 2624 4414 aSpice,
2686 4347 2934 4413 Domine,
2983 4359 3037 4406 et
3083 4355 3450 4424 contemplare

1875 4426 2038 4479 verba
2095 4425 2395 4498 Rapsacis,
2453 4448 2575 4503 qua:
2624 4437 2808 4492 emisit
2863 4454 2952 4494 rex
2985 4440 3357 4514 Assyriorum,
3391 4456 3451 4503 ut

1797 4556 1842 4611 Β
1876 4517 2095 4587 probris
2149 4519 2316 4574 Deum
2368 4523 2639 4579 viventem
2688 4526 3068 4588 insectaretur.
3120 4533 3448 4604 Rern-omisit

1878 4623 2006 4663 vero
2050 4608 2190 4665 Deus
2227 4611 2455 4668 salutem
2491 4614 2599 4670 illis
2629 4635 2644 4672 :
2692 4635 3051 4691 egressusque
3075 4625 3246 4680 exivit
3278 4643 3447 4697 auge-

1873 4699 1958 4756 lns
2001 4701 2236 4767 Domini,
2259 4715 2316 4758 et
2345 4721 2451 4760 una
2480 4717 2637 4763 nocte
2661 4723 2692 4763 e
2719 4713 2919 4768 castris
2945 4716 3288 4786 Assyriorum
3317 4734 3447 4776 cen-

1877 4800 1988 4844 tum
2018 4793 2290 4862 octoginta
2323 4796 2564 4865 quinque
2596 4799 2762 4854 millia
2789 4801 3064 4860 interemit
3091 4819 3106 4860 :
3143 4822 3251 4877 quo
3279 4808 3440 4877 facto,

1871 4879 2011 4935 ictus
2059 4893 2144 4936 est
2191 4884 2448 4955 Assyrius
2501 4888 2700 4959 ingenti
2753 4891 2968 4950 timore.
3025 4894 3264 4968 Accepto
3316 4915 3442 4958 vero

1871 4974 2059 5028 nuntio
2089 4973 2347 5032 Sarsatha
2385 4993 2566 5050 regem
2628 4981 2950 5054 Ethiopum
3004 4996 3193 5044 contra
3241 5000 3439 5048 terram

1865 5077 2018 5119 suam
2061 5065 2226 5136 178
2270 5071 2672 5138 expeditionem
2715 5074 2913 5141 facere,
2948 5091 3072 5133 cum
3105 5083 3292 5150 paucis
3323 5099 3430 5137 om-

1867 5154 1997 5210 nino
2036 5158 2242 5212 relictis
2295 5159 2430 5214 abiit
2474 5164 2756 5234 profugus.
2791 5165 2904 5222 Hoc
2941 5183 3087 5225 nunc
3127 5173 3434 5243 prophetica

1865 5244 2021 5300 nobis
2062 5246 2455 5316 interpretatur
2490 5255 2687 5310 oratio.
2732 5255 2850 5313 Lux
2894 5261 3038 5316 enim
3071 5260 3250 5317 lsraeli
3296 5263 3437 5320 Dens

1867 5335 2238 5393 universitatis
2285 5340 2513 5406 exstitit,
2563 5343 2654 5412 qui
2705 5346 2853 5403 solus
2894 5348 3064 5419 legem
3091 5352 3436 5423 quaeiilumi-

1868 5442 1998 5482 nare
2055 5439 2233 5496 pet-est
2278 5431 2578 5488 constituit.
2632 5433 2740 5491 Sed
2790 5439 2928 5506 haec,
2975 5440 3168 5513 inquit,
3201 5442 3290 5498 lux
3314 5461 3434 5515 qua:

1865 5517 2076 5572 exsistit
2108 5517 2317 5584 lsraeli,
2341 5536 2446 5576 non
2477 5524 2582 5578 erit
2613 5524 2704 5580 lux
2735 5528 3081 5600 Assyriorum
3112 5534 3303 5601 copiis,
3337 5539 3431 5592 sed

1865 5622 1962 5676 pro
2007 5607 2130 5679 igne
2163 5611 2274 5666 erit
2315 5613 2540 5668 exitiali.
2577 5615 2732 5682 Quod
2774 5630 2957 5676 autem
2988 5620 3432 5694 Hierosolymits-

194 5677 390 5746 συρίων
420 5683 839 5755 στρατεύμασιν,
885 5686 999 5741 ἀλλ’
1027 5690 1107 5752 είς
1148 5689 1261 5761 πῦρ
1292 5691 1598 5765 ὀλοθρεῦον.
1627 5695 1752 5749 Ὅτι

1876 5713 1961 5753 tos
1987 5677 2264 5768 proprium
2293 5701 2396 5756 sibi
2435 5718 2500 5758 ac
2521 5677 2895 5763 consecratum
2929 5711 3182 5781 populum
3213 5677 3428 5768 uaniver-

190 5765 241 5819 δὲ
275 5769 474 5824 οἰκεῖον
510 5775 658 5838 αὐτῷ
696 5777 789 5832 καὶ
825 5777 1238 5845 άνατεθειμένον
1288 5783 1500 5848 ἡγεῖται
1545 5785 1670 5841 λαὸν
1729 5790 1756 5841 6

1867 5788 2046 5848 sitatis
2078 5791 2218 5848 Deus
2261 5793 2576 5861 existimet,
2612 5812 2708 5868 per
2739 5798 2916 5868 ignem
2961 5803 3240 5860 ardentem
3285 5804 3427 5862 inter
3492 5787 3496 5790 ’
