4742 6488
1122 385 1218 441 291

2117 381 2175 437 S.
2219 380 2500 438 CYRlL-Ll
2538 379 3009 439 ALEXANDRIM
3049 382 3368 440 ARCHIEP.

4279 381 4376 440 299

1124 494 1403 568 Assyrios,
1438 495 1655 580 docebit
1681 506 1873 550 omnes
1898 503 2167 565 quotquot
2201 497 2402 567 ubique
2430 506 2579 553 sunt.
2605 500 2703 552 At-
2735 511 2784 569 Α
2810 500 2921 552 τῶν
2952 501 2997 553 ὃ]

2502 506 2579 552 nt.
2605 500 2703 552 At-
2735 511 2784 569 Α
2810 500 2921 552 τῶν
2952 501 3088 554 ὅλων
3110 501 3241 563 Θεὸς
3265 500 3393 562 τοὺς
3414 499 3474 552 ὲν
3502 499 3612 563 τοῖς
3641 497 4034 570 Ἰεροσολύμοις
4053 498 4143 553 διὰ
4171 496 4262 553 τοῦ
4284 516 4375 553 πυ-

1124 605 1230 656 que
1276 589 1377 642 lioc
1425 595 1510 641 cst
1564 584 1709 654 quod
1764 584 1865 650 ait,
1917 583 2287 640 sanctiﬁcabit
2316 601 2437 640 eum
2474 587 2597 657 igne
2624 602 2711 640 ar-

1122 681 1305 735 dente.
1361 678 1515 744 Quod
1557 677 1702 732 enim
1739 676 2070 731 sanctiﬁcari
2117 676 2338 741 dicitur,
2367 694 2473 732 nun
2500 693 2712 749 semper

1124 772 1227 826 erit
1249 770 1425 826 omnis
1449 769 1760 825 sanctitatis
1788 768 2087 837 particeps,
2109 778 2166 822 at
2194 770 2374 839 potius
2398 770 2449 823 in
2484 770 2708 839 gloriam

1124 872 1505 918 consecratum
1566 874 1689 915 esse
1738 862 1849 916 Deo
1912 859 2205 929 Signiﬁcat.
2263 859 2573 928 Cujusmodi
2628 870 2711 916 est

1123 955 1267 1023 quod
1303 956 1437 1010 dicit
1481 954 1549 1008 ad
1578 953 1764 1007 Mosen
1799 968 1814 1005 :
1855 970 1873 1003 ι
1912 951 2206 1007 Sanctiﬁea
2242 954 2374 1008 mihi
2404 968 2566 1009 omne
2599 955 2712 1022 pri-

1123 1048 1455 1116 mogenitum
1497 1045 1750 1116 aperiens
1778 1044 2021 1111 vulvam,
2049 1047 2289 1101 mascula
2325 1048 2553 1101 Domino
2576 1046 2644 1100 “.
2684 1064 2705 1098 ι

1133 1137 1200 1190 Et
1230 1137 1386 1203 illud,
1421 1136 1730 1200 sattctiiica,
1764 1135 1817 1189 in
1854 1134 1941 1189 bis
1967 1136 2061 1199 ait,
2104 1151 2221 1205 pro,
2258 1151 2540 1192 consecra.
2571 1135 2712 1191 San-

1126 1230 1385 1285 ctiticabit
1415 1229 1602 1300 igitur,
1628 1229 1824 1298 inquit,
1859 1226 2112 1282 lsraelem
2146 1228 2388 1284 universi
2420 1228 2583 1296 Deus,
2608 1231 2712 1285 hoc

1125 1332 1230 1385 est,
1284 1321 1359 1376 illi
1400 1333 1775 1377 consecratum
1820 1330 1875 1374 et
1925 1320 2223 1390 repositum
2270 1319 2462 1376 eiliciet
2497 1321 2547 1375 in
2592 1323 2712 1391 igne

1125 1414 1353 1467 ardente
1400 1431 1413 1467 :
1470 1428 1567 1483 per
1627 1416 1804 1481 ignem
1868 1410 2147 1466 incensum
2197 1422 2383 1466 contra
2432 1412 2709 1483 Assyrios.

1129 1507 1313 1574 Ignem
1361 1518 1540 1561 autem
1580 1506 1815 1575 appellat
1856 1506 1967 1571 hic,
2016 1505 2354 1574 inopinatum
2404 1504 2707 1558 interitum.

1125 1601 1240 1657 Nisi
1290 1599 1436 1654 enim
1474 1597 1802 1665 peculiarem
1857 1596 1961 1652 sibi
1993 1594 2406 1650 duxissctltunc
2432 1594 2708 1663 populum,

1126 1708 1403 1762 nunquam
1443 1688 1775 1745 incendisset
1800 1696 1993 1743 contra
2020 1686 2364 1741 adversarios
2392 1685 2593 1755 ignem,
2618 1684 2710 1754 qui

1125 1786 1289 1839 etiam
1346 1779 1701 1849 consumpsit,
1737 1778 1882 1833 velut
1935 1778 2118 1833 fenum
2166 1775 2249 1831 vel
2278 1775 2490 1839 silvam,
2539 1774 2708 1845 Assy-

2817 589 2909 660 ρὸς
2934 590 3031 644 τοῦ
3064 590 3422 653 ὲκκαυθέντος
3455 591 3515 643 ὲν
3541 591 3654 653 τοῖς
3677 589 4002 659 Ἀσσυρίοις,
4034 588 4233 656 διδάξει
4261 590 4377 653 τοὺς

2812 684 3120 755 ἁπανταχῇ.
3139 684 3252 737 Καὶ
3263 682 3423 737 τοῦτό
3456 683 3575 737 ἐστι
3596 681 3681 748 τὸ,
3700 700 3719 735 ι
3752 681 4170 752 Ἀγιάσειαύτὺν
4189 682 4381 752 ἐνπυρὶ

2812 775 3111 846 καιομένῳ,
3138 793 3157 827 ι
3186 775 3261 828 Τὸ
3288 774 3397 845 γὰρ
3424 774 3747 843 ἀγιάζεσθαι
3782 774 4091 843 λεγόμενον,
4116 774 4235 843 οὐχὶ
4256 790 4382 826 παν-

2812 866 2901 929 τὸς
2920 865 3195 935 ἀγιασμοῦ
3220 867 3446 936 μετέχον
3461 864 3637 930 ἔσται,
3658 865 3913 936 σημαίνει
3934 864 3990 917 δὲ
4016 863 4215 934 μᾶλλον
4228 864 4382 917 καὶτὸ

2814 957 2895 1019 είς
2925 955 3084 1022 δόξαν
3111 954 3526 1025 ἀνατεθειμένον
3559 954 3638 1025 τῷ
3667 953 3806 1025 Θεῷ.
3842 948 3968 1007 υἷόν
4003 953 4057 1006 τί
4088 969 4220 1025 φησι
4252 952 4381 1022 πρὸς

2814 1047 3040 1103 Μωσέαο
3095 1065 3114 1098 ι
3155 1045 3411 1116 Ἀγίασόν
3459 1062 3552 1116 μοι
3595 1046 3705 1099 πᾶν
3744 1046 4090 1116 πρωτότοκον
4130 1044 4381 1111 διανοῖγον

2816 1139 3050 1209 μήτραν,
3089 1137 3158 1192 τὰ
3186 1136 3449 1209 ἀρσενικὰ
3477 1136 3556 1208 τῷ
3585 1137 3795 1208 Κυρίῳ.
3824 1154 3844 1188 ι
3879 1135 3990 1190 Καὶ
4022 1136 4104 1199 τὸ,
4148 1136 4377 1205 ἁγίασον,

2811 1231 2871 1285 ἐν
2893 1229 3125 1294 τούτοις,
3151 1229 3274 1283 ἀντὶ
3309 1229 3425 1296 τοῦ,
3457 1228 3677 1294 ἀνάθες,
3709 1229 3892 1298 φησίν.
3926 1227 4171 1296 Ἀγιάσει
4195 1226 4379 1292 τοίνυν,

2812 1321 2969 1392 φησὶ,
3002 1322 3093 1375 τὸν
3131 1320 3349 1392 Ἰσραὴλ
3369 1321 3399 1372 6
3428 1320 3539 1373 τῶν
3563 1320 3699 1373 ὅλων
3724 1318 3878 1381 Θεὸς,
3907 1318 4053 1372 τοῦτ’
4080 1318 4244 1382 ἐστιν,
4268 1318 4381 1372 ἀνα-

2811 1414 3122 1486 τεθειμένον
3163 1413 3314 1484 αὐτῷ
3358 1412 3454 1467 καὶ
3492 1411 3790 1465 ἀπόλεκτον
3832 1412 4105 1480 ἀποφανεῖ
4149 1411 4207 1463 ὲν
4257 1409 4381 1480 πυρὶ

2812 1506 3107 1577 καιομένῳ’
3137 1504 3227 1559 διὰ
3252 1505 3346 1558 τοῦ
3371 1504 3542 1577 πυρὸς
3559 1503 3655 1558 τοῦ
3682 1503 4089 1573 έκκεκαυμένου
4120 1502 4257 1556 κατά
4282 1503 4381 1556 τῶν

2824 1597 3147 1668 Ἀσσυρίων.
3188 1596 3309 1669 Πῦρ
3346 1597 3403 1650 δέ
3448 1613 3613 1667 φησιν
3658 1597 3718 1650 ὲν
3763 1596 3977 1656 τούτοις
4014 1595 4108 1648 τὸν
4140 1595 4383 1665 ἀδόκητον

2811 1687 3051 1758 ὄλεθρον.
3096 1688 3159 1740 Εἰ
3214 1687 3288 1757 μὴ
3335 1687 3443 1757 γάρ
3480 1686 3609 1741 [διον
3652 1687 3840 1757 ἡγεῖτο
3882 1684 4031 1750 λαὸν,
4062 1685 4167 1738 οὐκ
4199 1684 4261 1739 ἂν
4303 1684 4381 1751 ἑξ-

2814 1778 3012 1832 έκαυσε
3046 1778 3186 1831 κατὰ
3210 1776 3318 1832 τῶν
3346 1776 3604 1831 ἐναντίων
3638 1776 3700 1831 τὸ
3726 1775 3859 1846 πῦρ,
3879 1776 3910 1829 ὃ
3932 1782 4029 1829 καὶ
4058 1776 4381 1845 δεδαπάνηκε

1131 1876 1334 1929 riurum
1380 1870 1805 1926 multitudinem.
1850 1869 1947 1923 llla
2001 1870 2204 1938 itaque,
2237 1868 2431 1936 inquit,
2464 1866 2575 1931 die,
2609 1868 2711 1921 hoc
2741 1873 2784 1928 B
2812 1868 2999 1923 καθάπ

2505 1867 2575 1931 ie,
2609 1868 2711 1921 hoc
2741 1873 2784 1928 Β
2812 1868 3067 1941 καθάπερ
3093 1869 3287 1941 χόρτον
3327 1869 3362 1940 ἢ
3392 1869 3526 1939 ὕλην
3553 1869 3651 1940 τὴν
3683 1868 3792 1924 τῶν
3824 1867 4128 1938 Ἀσσυρίων
4162 1866 4378 1937 πληθύν.

1126 1977 1233 2031 est,
1267 1967 1482 2020 circiter
1528 1964 1657 2018 illud
1708 1961 1989 2031 temporis,
2038 1960 2455 2029 exstinguentur
2477 1968 2707 2025 montes,

1127 2070 1182 2113 et
1210 2058 1397 2123 colles,
1430 2068 1483 2111 et
1512 2056 1707 2117 saltus,
1737 2063 1793 2109 et
1821 2054 2103 2109 devorabit
2142 2062 2250 2107 tam
2282 2051 2517 2106 animam
2548 2066 2709 2121 quam

1128 2167 1345 2209 carnes.
1377 2150 1619 2206 Collibus
1657 2157 1713 2203 et
1745 2147 2020 2201 montibus
2048 2155 2102 2200 et
2129 2145 2281 2201 silvis
2312 2143 2539 2213 pulchre
2568 2142 2710 2197 assi-

1131 2244 1285 2298 milat
1329 2242 1477 2311 ipsas
1520 2237 1870 2312 Assyriorum
1922 2236 2129 2305 copias,
2189 2247 2487 2303 earumque
2523 2232 2709 2298 duces,

1131 2335 1333 2404 quique
1372 2333 1513 2397 aliis,
1542 2346 1641 2386 ceu
1684 2328 1851 2384 colles
1877 2336 1932 2382 et
1960 2336 2193 2391 montes,
2221 2323 2554 2395 praecellunt.
2603 2322 2710 2378 Ve-

1130 2442 1249 2481 rum
1301 2426 1353 2478 lti
1405 2424 1622 2493 quidem
1663 2422 2100 2490 exstinguentur,
2142 2416 2246 2472 hoc
2291 2423 2396 2482 est,
2454 2414 2544 2483 qui
2579 2414 2709 2469 olitn

1133 2515 1299 2569 validi
1336 2522 1582 2569 erantet
1632 2511 1928 2576 ferventes,
1966 2508 2050 2564 vel
2109 2506 2261 2561 inviti
2315 2506 2710 2561 exanimabun-

1130 2614 1239 2658 tur.
1288 2603 1401 2657 lloc
1450 2602 1595 2657 enim
1648 2600 1910 2665 declarat,
1940 2598 2378 2668 exStinguentur.
2415 2595 2707 2651 Devorabit

1127 2695 1273 2749 enim
1329 2708 1424 2749 eos
1476 2708 1647 2759 mors,
1692 2701 1904 2746 tantum
1942 2705 2048 2745 non
2084 2690 2295 2743 animus
2324 2687 2620 2742 conﬁciens
2651 2695 2709 2741 et

1128 2802 1347 2855 corpus.
1397 2785 1553 2851 Quod
1599 2783 1802 2838 etenim
1855 2796 1961 2836 non
2013 2778 2324 2835 interierint
2373 2780 2528 2833 simul
2588 2795 2709 2833 cum

1128 2878 1449 2948 corporibus
1500 2882 1556 2930 et
1606 2875 1819 2937 animae,
1864 2872 2038 2927 cuivis
2082 2872 2427 2940 perspicuum
2461 2880 2544 2925 est
2574 2888 2588 2924 :
2618 2885 2710 2926 ve-

1128 2987 1247 3026 rum
1295 2971 1419 3024 hinc
1470 2969 1565 3021 ira:
1594 2967 1703 3033 vim
1735 2965 2064 3020 subiudicat.
2097 2963 2207 3019 Sed
2235 2963 2361 3028 erit,
2391 2963 2586 3032 inquit,
2617 2962 2709 3032 qui

1130 3062 1293 3131 fugit,
1328 3057 1716 3127 velut-fugiens
1747 3072 1775 3109 a
1799 3055 2015 3109 ﬂamma
2044 3053 2292 3117 ardente,
2315 3062 2370 3106 et
2391 3055 2712 3122 superstites

1138 3168 1203 3206 ex
1240 3152 1346 3205 illis
1388 3161 1550 3204 erunt
1580 3160 1807 3201 numero
1841 3144 2021 3214 pauci,
2048 3154 2107 3197 ut
2130 3158 2262 3213 puer
2283 3158 2378 3198 eos
2408 3144 2705 3199 describat.

1132 3242 1296 3297 Pauci
1333 3242 1476 3296 enim
1517 3252 1763 3307 prorsus,
1808 3246 1865 3290 ut
1897 3236 2029 3300 dixi,
2062 3237 2217 3304 quasi
2253 3250 2319 3290 ex
2347 3234 2561 3291 ﬂamma
2588 3251 2713 3291 suc—
2739 3230 2785 3292 C

1133 3350 1298 3389 censa
1355 3333 1444 3386 vix
1504 3330 1840 3393 exsilientes,
1888 3328 2049 3382 simul
2096 3343 2221 3383 cum
2274 3344 2401 3399 rege
2436 3328 2709 3399 fugerunt.

1135 3423 1431 3480 Tantillum
1483 3433 1663 3476 autem
1725 3433 2011 3473 numerum
2064 3417 2183 3474 fore
2238 3419 2415 3486 dicit,
2473 3430 2532 3474 ut
2561 3419 2710 3490 pueri

1134 3519 1315 3573 adhuc
1347 3514 1577 3571 infantis
1608 3526 1762 3567 mens
1790 3511 1962 3579 possit
1990 3525 2112 3565 eum
2138 3511 2397 3582 consequi
2425 3519 2481 3566 et
2511 3511 2718 3567 descri-

1132 3609 1285 3673 bere,
1307 3621 1400 3662 seu
1432 3605 1692 3660 dimetiri.
1728 3601 1903 3656 liabet
1926 3603 2070 3656 enim
2099 3601 2447 3659 Hebraeorum
2471 3602 2712 3667 traditio,

1137 3701 1300 3773 179
1331 3701 1474 3770 quod
1508 3699 1608 3754 soli
1642 3700 1828 3753 decem
1866 3710 2093 3751 numero
2121 3696 2323 3752 residui
2354 3695 2717 3751 remanserint

1133 3794 1223 3863 qui
1258 3808 1380 3846 eum
1414 3790 1683 3860 llapsace,
1725 3788 1775 3841 id
1805 3788 1947 3855 quod
1974 3787 2175 3850 evenit,
2210 3784 2323 3854 regi
2363 3785 2713 3854 AssyriOrum

1134 3884 1533 3940 renuntiarent.
1593 3879 1721 3935 Haec
1767 3877 2035 3948 superbiae
2078 3875 2195 3947 ejus
2226 3874 2513 3944 stipendia.
2545 3874 2713 3931 Nobis

1134 3991 1350 4046 quoque
1402 3975 1491 4030 ltic
1541 3984 1700 4044 typus
1742 3971 1891 4026 utilis
1927 3978 2034 4024 est.
2079 3967 2135 4021 Si
2165 3965 2287 4037 quis
2308 3966 2451 4020 enint
2480 3966 2615 4020 iram
2642 3966 2717 4020 di-

1136 4071 1313 4123 viuam
1350 4067 1586 4138 eil‘ugere
1622 4065 1770 4129 velit,
1816 4063 2148 4130 minimeque
2178 4058 2463 4127 illaqueari
2493 4057 2650 4113 malis
2681 4073 2713 4114 a

1139 4161 1249 4214 Deo
1272 4197 1288 4223 ,
1327 4168 1517 4214 caveat
1555 4157 1905 4211 vehementer
1932 4170 2013 4222 .ne
2059 4152 2113 4205 itt
2146 4151 2367 4205 morbos
2404 4150 2715 4205 consimiles

1136 4267 1402 4321 paresque
1428 4251 1641 4303 illorum
1665 4245 2010 4316 perversitati
2044 4244 2267 4299 incidat.

2810 1962 2949 2015 Κατ’
2977 1962 3194 2031 ἐκείνην
3222 1961 3288 2031 δὴ
3333 1955 3427 2014 οὖν
3469 1960 3568 2031 τὴν
3601 1960 3834 2031 ἡμέραν,
3877 1958 4034 2030 φησὶ,
4070 1957 4217 2012 τοῦτ’
4259 1958 4381 2024 ἔστι,

2811 2053 2935 2106 κατ’
2955 2053 3133 2106 ἐκεῖνο
3154 2052 3246 2106 τοῦ
3275 2052 3469 2125 καιροῦ
3495 2052 3968 2124 ἀποσϐεσθήσεται
3989 2052 4059 2107 τὰ
4078 2053 4202 2124 ὅρη,
4231 2052 4322 2105 καὶ
4340 2052 4384 2103 οἱ

2813 2143 2992 2215 βουνοὶ
3040 2146 3136 2199 καὶ
3178 2146 3229 2199 οἱ
3264 2145 3477 2216 δρυμοὶ,
3513 2145 3608 2199 καὶ
3650 2144 4032 2214 καταφάγεταί
4084 2145 4196 2199 ἀπὸ
4222 2145 4385 2216 ψυχῆς

2811 2236 2917 2300 ἕως
2947 2239 3188 2308 σαρκῶν.
3225 2237 3445 2301 Βουνοῖς
3472 2236 3567 2290 καὶ
3590 2236 3818 2308 δρυμοῖς
3846 2236 3941 2289 καὶ
3960 2236 4114 2307 ὄρεσι
4144 2237 4389 2308 παρεικά-

2811 2326 2895 2392 ζει
2917 2328 3098 2393 καλῶς
3134 2328 3305 2400 αὐτήν
3335 2345 3395 2381 τε
3443 2326 3543 2397 τὴν
3566 2327 3675 2381 τῶν
3710 2327 4013 2397 Ἀσσυρίων
4045 2327 4274 2398 πληθὺν,
4304 2329 4388 2381 καὶ

2808 2421 2937 2484 τοὺς
2959 2421 3300 2492 ἡγουμένους
3330 2420 3525 2491 αὐτῆς,
3558 2420 3653 2474 καὶ
3681 2419 3793 2472 τῶν
3829 2418 4006 2471 ἄλλων
4034 2418 4389 2489 ὑπερανέχον·

2809 2527 2916 2575 τας
2947 2510 3203 2581 καθάπερ
3228 2510 3451 2581 βουνοὺς
3480 2510 3514 2582 ἢ
3544 2510 3667 2581 ὅρη.
3694 2508 3833 2562 Ἀλλ’
3859 2503 4001 2563 οὗτοι
4040 2509 4140 2579 μὲν
4164 2508 4389 2561 ἀποσϐεο

2813 2600 3122 2672 σθήσονται’
3148 2601 3291 2655 τοῦτ’
3316 2600 3485 2667 ἔστιν,
3524 2602 3575 2654 oi
3619 2599 3790 2654 πάλαι
3838 2598 4031 2671 θερμοὶ
4077 2599 4173 2652 καὶ
4216 2600 4389 2663 δεινοὶ,

2810 2693 2905 2747 καὶ
2926 2693 3024 2764 οὐχ
3060 2693 3278 2757 ἑκόντες
3307 2693 3810 2765 ἀποψυχθήσονται.
3839 2690 4011 2746 Τοῦτο
4037 2692 4151 2763 γὰρ
4174 2692 4238 2745 τὺ
4266 2694 4392 2745 ἀποο

2810 2785 3226 2858 σϐεσθήσονται,
3255 2786 3427 2857 δηλοῖ.
3460 2784 3855 2854 Καταφάγεται
3886 2784 3996 2855 γὰρ
4020 2784 4220 2846 αὐτοὺς
4248 2784 4277 2835 6
4307 2782 4394 2836 θά-

2809 2895 2992 2943 νατος,
3036 2879 3321 2949 μονονουχὶ
3367 2878 3463 2932 καὶ
3497 2876 3674 2949 ψυχὰς
3714 2876 3969 2932 δαπανῶν
4016 2876 4113 2929 καὶ
4149 2875 4389 2944 σώματα.

2811 2967 2937 3021 Ὅτι
2971 2968 3072 3039 μὲν
3100 2968 3209 3039 γὰρ
3228 2969 3289 3022 οὐ
3317 2967 3715 3041 συνανῄρηνται
3736 2971 3846 3032 τοῖς
3879 2966 4128 3039 σώμασιν
4156 2968 4213 3020 αί
4234 2966 4393 3037 ψυχαὶ

2810 3057 2972 3111 παντί
3008 3075 3086 3130 τῳ
3117 3058 3307 3128 σαφές.
3342 3058 3709 3129 ’Υπεμφαίνει
3747 3058 3805 3111 δὲ
3835 3057 3926 3113 διὰ
3966 3058 4171 3111 τούτων
4208 3056 4270 3110 τὸ
4303 3058 4393 3126 τῆς

2812 3148 2982 3221 ὀργῆς
3011 3148 3284 3213 εὐσθενὲς.
3334 3149 3474 3202 Ἀλλ’
3510 3150 3684 3217 ἔσται,
3721 3150 3907 3223 φησὶν,
3935 3149 3964 3201 6
3990 3152 4233 3219 φεύγων,
4269 3148 4341 3211 ὡς
4366 3149 4392 3199 6

2817 3242 3034 3314 φεύγων
3055 3243 3164 3295 ἀπὸ
3190 3241 3389 3312 φλογὸς
3415 3240 3734 3315 καιομένης,
3762 3243 3856 3296 καὶ
3869 3232 3928 3295 'oi
3953 3240 4393 3309 καταλειφθέντες

2816 3335 2911 3389 ἀπ’
2933 3332 3112 3387 αὐτῶν
3152 3333 3365 3387 ἔσονται
3394 3333 3649 3404 ἀριθμὸς,
3690 3334 3787 3388 καὶ
3820 3332 4029 3388 παιδίον
4061 3333 4268 3403 γράψει
4309 3332 4395 3383 αὑ-

2816 3424 2962 3488 τούς.
3006 3424 3207 3493 ὐλίγοι
3248 3424 3356 3496 γὰρ
3391 3424 3691 3491 παντελῶς,
3723 3421 3800 3487 ὼς
3844 3423 4004 3494 ἔφην,
4040 3422 4176 3476 ὡσεὶ
4209 3421 4394 3491 φλογὸς

2819 3516 3116 3588 καιομένης
3166 3516 3619 3587 ἀποπηδήσαντες
3668 3516 3823 3588 μόλις
3869 3516 4283 3587 συναπέδραμον
4322 3513 4393 3582 τῷ

2821 3607 3050 3679 βασιλεῖ.
3074 3606 3374 3672 Τοσούτους
3393 3608 3452 3661 δὲ
3480 3605 3620 3662 εἷναί
3649 3625 3782 3679 φησι
3806 3606 3899 3661 τὸν
3923 3607 4159 3680 ἀριθμὸν
4183 3606 4391 3667 αὐτοὺς,

2818 3700 2895 3763 ὡς
2926 3698 3001 3769 μὴ
3036 3698 3390 3769 ὑπερκεῖσθαι
3414 3700 3511 3753 καὶ
3534 3699 3633 3771 τὴν
3666 3698 3855 3764 παιδὸς
3876 3699 3955 3751 ἔτι
3982 3699 4179 3769 νηπίου
4204 3696 4391 3769 φρένα,

2818 3789 2881 3843 τὸ
2919 3788 3181 3843 δύνασθαι
3213 3789 3468 3861 γράφειν,
3517 3791 3550 3863 ἢ
3602 3791 3935 3863 ἀπομετρεῢ
3986 3790 4208 3853 αὐτούς.
4252 3791 4393 3860 Ἔχει

2818 3881 2927 3953 γὰρ
2950 3883 2983 3953 ἡ
3016 3876 3284 3953 Ἐϐραίων
3311 3881 3628 3953 παράδοσις,
3653 3884 3734 3937 ὅτι
3761 3884 3912 3953 μόνοι
3945 3882 4393 3953 περιελείφθησαν

2816 3971 2950 4026 δέκα
2980 3972 3073 4027 τὸν
3106 3972 3361 4045 ἀριθμὸν,
3392 3975 3441 4026 oi
3473 3973 3611 4046 μετά
3653 3974 3925 4045 Ῥαψὰκου
3956 3976 4016 4028 τὸ
4049 3975 4271 4046 συμὸἀν
4294 3974 4392 4027 ἀπο

2816 4063 3172 4133 αγγείλαντες
3205 4065 3285 4135 τῷ
3327 4065 3433 4119 τῶν
3472 4066 3775 4137 Ἀσσυρίων
3819 4066 4053 4138 βασιλεῖ.
4089 4066 4275 4120 Ταῦτα
4306 4065 4394 4133 τῆς

2818 4156 3120 4228 ὑπεροψίας
3149 4156 3251 4227 τῆς
3290 4157 3502 4211 ἐκείνου
3529 4158 3598 4212 τὰ
3630 4159 3857 4229 ὀψώνια.
3900 4160 4187 4232 Χρήσιμος
4224 4158 4281 4212 δὲ
4308 4158 4393 4209 καὶ

2819 4249 2900 4311 είς
2927 4250 3077 4320 ἡμᾶς
3096 4248 3126 4301 6
3154 4246 3342 4312 τύπος.
3368 4248 3432 4302 Εἰ
3461 4248 3571 4321 γὰρ
3591 4249 3655 4320 δὴ
3680 4250 3920 4321 βούλοιτό
3944 4268 4025 4314 τις
4049 4251 4157 4317 ἔξω
4176 4267 4235 4302 τε
4266 4243 4395 4301 εἶναι

1135 4347 1234 4418 τῆς
1263 4344 1413 4407 θείας
1437 4342 1630 4414 ὀργῆς,
1658 4340 1754 4394 καὶ
1779 4339 1854 4411 μὴ
1877 4342 1990 4403 τοῖς
2024 4337 2187 4402 θείοις
2206 4336 2479 4393 ἁναλῶναι
2504 4340 2714 4404 κακοῖς,
2755 4342 3139 4415 παραιτεῖσθαι
3201 4341 3321 4397 λίαν
3352 4342 3413 4395 τὸ
3476 4346 3651 4398 νοσεῖν
3675 4343 3878 4399 ἐθέλειν
3909 4345 4009 4416 τῆς
4036 4344 4262 4398 ἐκείνων
4284 4340 4395 4394 δυ)-

1134 4439 1365 4511 τροπίας
1394 4436 1464 4491 τὰ
1487 4435 1725 4506 συγγενῆ
1758 4452 1818 4488 τε
1859 4435 1955 4487 καὶ
1980 4430 2094 4488 ἷσα.

1213 4532 1380 4589 Vens.
1434 4530 1530 4596 ΞΟ,
1561 4531 1651 4583 21.
1686 4528 1757 4583 Et
1797 4529 1896 4582 erit
1925 4529 2009 4581 die
2052 4527 2171 4593 illa,
2202 4544 2303 4581 non
2333 4527 2474 4581 ultra
2498 4526 2709 4596 adjiciat
2746 4528 2788 4583 ο
2888 4522 2995 4578 Καὶ
3022 4521 3086 4576 ἕο

2521 4526 2709 4596 tdjiciet
2746 4528 2788 4583 υ
2888 4522 2995 4578 Kal
3022 4521 3195 4577 ἔσται
3224 4523 3292 4576 ἐν
3323 4521 3397 4592 τῇ
3438 4522 3628 4592 ἡμέρᾳ
3668 4522 3869 4591 ἐκείνῃ
3924 4522 4125 4603 ορκέτι
4156 4538 4394 4593 προστε-

1138 4626 1411 4688 νειὶάιιιιυι
1457 4625 1513 4679 in
1566 4622 1760 4688 Israel,
1806 4633 1853 4677 et
1908 4622 1999 4693 qui
2041 4623 2298 4677 evaserint
2343 4637 2408 4676 ea:
2436 4620 2623 4686 Jacob,
2656 4635 2720 4673 ea;

1139 4722 1286 4775 ultra
1339 4717 1602 4787 conﬁdent
1650 4719 1713 4770 iis
1761 4717 1853 4787 qui
1906 4716 2161 4785 injuriam
2210 4714 2338 4780 ipsis
2372 4715 2596 4780 faciunt,
2626 4712 2718 4766 sed

1142 4814 1249 4867 Deo
1281 4823 1461 4868 sancto
1496 4808 1666 4865 Israel
1694 4825 1811 4863 vere
1850 4808 2133 4876 conﬁdent.
2174 4806 2243 4861 Et
2298 4807 2399 4861 erit
2451 4806 2719 4860 residuum

1138 4904 1327 4972 Jacub,
1380 4919 1537 4972 super
1572 4903 1739 4957 Deum
1778 4912 2061 4969 potentem.

1212 5173 1619 5228 Exardcscentc
1648 5174 1771 5243 igne
1801 5184 1990 5229 contra
2015 5171 2315 5229 exercitum
2343 5168 2716 5242 Assyriorum,

1136 5265 1241 5318 duo
1283 5264 1429 5325 haec,
1480 5261 1674 5329 inquit,
1716 5265 1999 5320 commode
2042 5264 2294 5320 evenient
2327 5272 2384 5315 et
2412 5261 2717 5316 exsistent:

1131 5353 1415 5421 Superbus
1470 5352 1614 5403 enim
1653 5354 1740 5410 ille
1767 5366 1821 5409 et
1845 5355 2132 5421 scelestus,
2174 5352 2383 5408 desinet
2409 5350 2591 5406 volens
2624 5365 2720 5405 no-

1122 5441 1235 5493 lens
1264 5449 1381 5492 tam
1412 5449 1582 5503 grave
1617 5454 1674 5496 et
1703 5446 1949 5499 odiosum
1999 5441 2347 5513 supercilium
2375 5439 2579 5494 tollere.
2607 5441 2719 5493 Ab-

1114 5530 1211 5583 ibit
1236 5529 1397 5582 enim
1444 5525 1760 5597 pavidus,et
1794 5545 1991 5604 praeter
2015 5531 2478 5604 exspectationem
2511 5531 2719 5587 fractus

1102 5628 1153 5671 et
1200 5614 1567 5671 debililalUS.
1628 5618 1899 5698 Intelliget
1938 5624 2100 5681 etiam
2145 5640 2211 5681 ex
2246 5625 2344 5679 hac
2391 5640 2466 5690 re,
2503 5624 2718 5679 etiamsi

1032 5756 1037 5757 ί
1150 5772 1187 5802 ²¹
1225 5767 1444 5823 Exod.
1476 5784 1581 5837 Ml,
1622 5781 1660 5831 2

2820 4613 3073 4684 θήσεται
3107 4613 3174 4667 τὸ
3201 4612 3602 4682 καταλειφθὲν
3656 4612 3916 4681 Ἰσραὴλ,
3958 4612 4058 4667 καὶ
4087 4616 4144 4666 οἱ
4180 4611 4394 4667 σωθέν-

2819 4725 2921 4772 τες
2963 4707 3070 4762 τοῦ
3120 4706 3331 4762 Ἰακὼϐ
3370 4704 3571 4760 οὐκέτι
3609 4704 3696 4775 μὴ
3738 4706 4088 4771 πεποιθότες
4113 4700 4267 4760 ὦσιν
4306 4703 4397 4757 ἐπὶ

2820 4800 2962 4867 τοὺς
2994 4799 3404 4866 ἀδικήσαντας
3448 4797 3690 4863 αὐτοὺς,
3739 4797 3877 4851 ἀλλ’
3925 4796 4171 4850 ἔσονται
4199 4809 4398 4850 πεποι-

2821 4893 2991 4958 θότες
3015 4891 3115 4945 ἐπὶ
3157 4891 3265 4944 τὸν
3319 4889 3467 4945 Θεὸν
3492 4889 3600 4944 τὸν
3661 4889 3832 4961 ἅγιον
3884 4887 3993 4943 τοῦ
4044 4889 4294 4957 Ἰσραὴλ
4332 4882 4399 4952 τῇ

2821 4984 3093 5052 ἀληθείᾳ.
3142 4982 3253 5037 Καὶ
3300 4982 3472 5036 ἔσται
3512 4981 3579 5035 τὸ
3627 4978 4025 5049 καταλειφθὲν
4056 4978 4162 5034 τοῦ
4200 4975 4400 5033 Ἰακὼό

2821 5077 2921 5130 ἐπὶ
2966 5075 3115 5130 Θεὸν
3142 5074 3456 5143 ἰσχύοντα.

2905 5164 3340 5234 Ἐκκεκαυμένου
3385 5162 3479 5216 τοῦ
3539 5161 3711 5234 πυρὸς
3753 5161 3892 5215 κατά
3936 5161 4036 5231 τῆς
4103 5158 4400 5231 Ἀσσυρίων

2825 5258 3104 5329 στρατιᾶς,
3153 5255 3246 5309 δύο
3287 5256 3460 5308 ταῦτα
3494 5253 3972 5325 κατορθωθήσεται
4012 5252 4109 5305 καὶ
4151 5248 4398 5320 ὑπάρξει.

2824 5350 2989 5421 φησίν
3011 5366 3023 5379 ·
3062 5350 3091 5401 ὁ
3133 5348 3233 5419 μὲν
3264 5347 3372 5418 γὰρ
3409 5345 3623 5411 ἀλαζών
3654 5362 3713 5397 τε
3749 5345 3843 5398 καὶ
3878 5344 4191 5415 ἀλητήριος,
4242 5356 4401 5395 κατα-

2826 5440 2976 5513 λήξει
3011 5442 3105 5493 καὶ
3132 5440 3231 5511 οὐχ
3266 5439 3407 5493 ἑκὼν
3436 5438 3536 5508 τῆς
3565 5437 3705 5490 οὕτω
3728 5437 3905 5507 δεινῆς
3940 5438 4034 5491 καὶ
4084 5430 4392 5505 ἀπηχθημέ-

2825 5550 2924 5603 νης
2973 5530 3194 5603 ὀφρύος.
3250 5532 3544 5600 Οἱχήσεται
3577 5527 3684 5599 γὰρ
3733 5526 3938 5594 δεδιὼς,
3988 5528 4084 5581 καὶ
4129 5524 4399 5591 ἀδοκήτως

2827 5623 3297 5696 κατῃσχυμμὲνος.
3336 5620 3555 5674 Εἴσεται
3607 5619 3673 5673 δι’
3720 5618 3881 5673 αὐτοῦ
3931 5616 4025 5672 τοῦ
4062 5616 4401 5687 πράγματος,
