4134 6484
1339 378 1409 435 ιΝ
1449 378 1681 437 ISAIAM
1713 379 1840 436 LIB.
1880 384 1920 439 l.
1963 383 2171 441 ΟΒΛΤ.
2213 387 2300 444 Vl.

3368 414 3372 418 λ
3390 391 3499 448 294

241 498 338 552 καὶ
355 498 418 552 λεί
445 495 530 568 ’μὴ
549 495 804 567 βούλοιτο
835 495 1015 566 τυχδν,
1043 495 1126 548 ὄτι
1157 493 1259 565 τῆς
1293 494 1445 559 θείας
1488 497 1659 568 ὀργῆς
1684 497 1828 553 κατά

1932 515 2036 557 non
2088 502 2217 558 velit
2255 499 2523 570 fortassis,
2566 519 2626 560 se
2669 504 2868 561 divina:
2898 504 2991 561 irre
3023 518 3284 576 organum
3307 514 3497 562 contra

239 592 352 646 τῶν
378 591 796 664 ἡμαρτηκότων
837 591 1060 660 γέγονεν
1103 591 1353 662 όργανον,
1386 591 1480 645 καὶ
1525 592 1626 644 οὐκ
1668 590 1829 655 αύτός

240 701 348 738 που
377 684 596 747 πάντως
627 683 702 746 ὡς
734 681 796 748 ἐξ
839 681 972 746 ίδίας
1018 681 1203 753 ἰσχύος
1233 682 1702 753 πεπλεονέκτηκεν
1731 681 1830 734 αὑ·

240 769 388 834 τούς.
423 771 534 824 Καὶ
573 769 731 824 ταυτὶ
764 770 863 841 μὲν
885 769 1267 843 ντῷΒαρϐάρῳ
1313 772 1670 843 συμϐήσεται.
1703 772 1830 835 Τοῖς

241 878 307 930 γε
333 860 442 931 μὴν
471 860 533 926 ἐξ
573 860 789 931 Ἰσραὴλ
836 860 974 932 πρὸς
1005 861 1274 931 ὠφελείας
1321 861 1476 916 ἐσται
1523 861 1583 916 τὸ
1620 860 1826 933 θαῦμα,

242 951 341 1005 καὶ
376 951 426 1004 οἱ
464 950 785 1005 κατάλοιποι
811 951 924 1005 τῶν
953 953 1014 1006 ἐν
1047 952 1352 1026 Σαμαρείᾳ,
1384 952 1530 1007 τοῦτ’
1569 952 1704 1019 ἔστι,
1733 953 1828 1007 τοῦ

258 1042 497 1113 Ἰσραὴλ,
550 1042 646 1096 καὶ
674 1041 872 1114 μέντοι
924 1042 1018 1097 τοῦ
1065 1043 1280 1110 Ἰακὼϐ,
1315 1044 1460 1098 τοῦτ’
1498 1044 1635 1110 ἔστι,
1667 1045 1829 1100 πάλιν

240 1132 353 1187 τῶν
386 1133 486 1186 δύο
515 1132 696 1202 φυλῶν
714 1133 830 1186 τῶν
851 1133 1027 1188 οὐσῶν
1043 1134 1116 1187 -ἐν
1138 1136 1251 1198 τοῖς
1287 1135 1701 1206 Ἰεροσολύμοις,
1729 1135 1831 1206 τῆς

240 1226 482 1296 ἀρχαίας
529 1224 1011 1280 ἀποπεπαύσονται
1058 1226 1288 1298 πλάνης,
1319 1227 1428 1281 ,καὶ
1472 1226 1831 1298 ψυχρῶνκαὶ

240 1317 521 1387 ἀνονήτων
565 1314 803 1386 ἐννοιῶν.
859 1317 936 1370 Οὐ
985 1315 1094 1389 γὰρ
1130 1316 1342 1371 ἔσονται
1372 1318 1692 1382 πεποιθότες
1737 1317 1831 1370 ἐπὶ

238 1410 372 1472 τοὺς
404 1407 772 1478 ἀδικήσαντας
809 1405 1029 1470 αὐτούς.
1072 1408 1289 1480 Ἐπειδὴ
1334 1408 1443 1481 γὰρ
1475 1408 1766 1463 πέπτωκεν
1803 1409 1832 1462 ό

238 1499 507 1570 πολέμιος
557 1499 794 1569 ἀγγέλου
861 1499 1007 1570 χειρὶ⁵
1029 1545 1032 1549 .
1053 1498 1462 1569 δαπανώμενος,
1527 1499 1830 1569 ἐγνώκασιν

238 1590 490 1662 ἀκριϐῶς
515 1591 616 1661 τὴν
650 1590 831 1644 πάντα
863 1589 1173 1661 νίσχύουσαν
1201 1591 1298 1644 τοῦ
1329 1590 1594 1655 σώζοντος
1623 1591 1826 1659 δεξιάν,

238 1680 410 1734 αὑτὸν
467 1679 528 1733 δέ
580 1679 897 1750 ποιήσονται
961 1681 1183 1751 σωτῆρα
1227 1679 1321 1734 καὶ
1369 1679 1680 1752 λυτρωτὴν,
1710 1682 1830 1736 -καὶ

238 1771 334 1823 ἐπ’
408 1769 556 1840 αὐτῷ
631 1770 812 1824 πᾶσαν
863 1769 1044 1836 ἕξουσι
1110 1770 1212 1840 τὴν
1283 1769 1496 1834 ἐλπίδα,
1561 1772 1830 1842 περιπτύ-

1932 603 2248 662 peccatores
2273 596 2570 662 exstitisse,
2602 611 2704 652 nec
2739 598 2853 654 suis
2890 613 3115 668 prorsus
3157 597 3365 652 viribus
3405 611 3502 651 eos

1931 684 2222 739 invasisse.
2283 685 2464 754 Atque
2514 687 2630 742 ba'e
2677 687 2896 756 quidem
2952 688 3183 742 barbaro
3233 687 3498 745 accident.

1931 771 2193 828 lsraelitis
2223 774 2354 830 itetn
2393 775 2518 832 ltuic
2546 777 2866 832 miraculum
2891 779 3044 832 cedet
3067 777 3117 830 iu
3145 777 3498 832 commodita-

1930 873 2076 930 tem,
2129 875 2186 919 et
2244 866 2337 935 qui
2387 865 2579 936 reliqui
2639 876 2768 922 sunt
2842 868 2894 922 in
2946 865 3232 932 Samaria,
3297 867 3349 921 id
3395 875 3499 928 est,

1929 954 2148 1023 lsraele,
2185 964 2238 1011 et
2287 956 2337 1010 in
2372 955 2559 1022 Jacob,
2595 957 2696 1012 hoc
2729 970 2834 1022 est,
2874 957 3080 1012 duabus
3103 957 3346 1012 tribubus
3376 955 3502 1011 Hie-

1931 1045 2334 1114 rosolymitauis
2361 1086 2377 1110 ,
2432 1047 2502 1102 ab
2562 1047 2862 1102 inveterato
2915 1047 3172 1102 recedent
3201 1060 3407 1110 errore,
3447 1055 3501 1100 et

1930 1133 2147 1205 frigidis
2176 1150 2239 1190 ac
2267 1137 2448 1192 stultis
2477 1138 2939 1208 cogitatiunculis.
2967 1138 3083 1192 Non
3113 1138 3256 1191 enim
3285 1137 3371 1191 his
3407 1136 3500 1204 qui

1931 1222 2034 1277 sibi
2093 1224 2338 1280 fecerunt
2392 1226 2645 1297 injuriatn
2689 1227 2986 1284 conﬁdent.
3027 1225 3322 1296 Postquam
3356 1224 3499 1280 enim

1931 1311 2102 1368 hostis
2145 1315 2339 1370 cecidit
2379 1331 2538 1370 manu
2587 1317 2760 1389 angeli
2817 1316 3116 1383 confectus,
3162 1317 3503 1388 omnipoten-

1933 1413 2040 1462 tem
2083 1409 2458 1462 conservantis
2497 1409 2773 1465 dexteram
2822 1411 3024 1481 optitne
3078 1416 3498 1480 perspexerant,

1930 1492 2220 1566 ipsumque
2259 1497 2459 1552 facient
2489 1511 2818 1557 servatorem
2849 1512 2904 1557 et
2931 1502 3224 1566 vindicem,
3267 1516 3330 1554 ac
3361 1501 3411 1553 in
3437 1513 3502 1554 eo

1930 1601 2146 1642 omnem
2171 1603 2321 1658 spem
2344 1590 2642 1660 habebunt,
2668 1594 2991 1663 despueutes
3014 1609 3108 1649 eos
3138 1609 3167 1647 a
3195 1593 3392 1663 quibus
3421 1592 3502 1646 itt-

1924 1673 2128 1744 }uriam
2170 1690 2517 1748 acceperunt.
2568 1681 2804 1747 Quinam
2833 1692 3012 1738 autem
3050 1683 3127 1748 lti,
3152 1692 3205 1738 et
3233 1684 3503 1751 quomodo

1931 1764 2184 1834 iniuriam
2217 1766 2518 1834 intulerint,
2552 1784 2774 1824 necesse
2815 1771 2987 1826 habeo
3023 1771 3223 1826 dicere.
3256 1770 3506 1825 Servavit

240 1875 446 1923 σαντες
483 1860 611 1922 τοὺς
639 1857 972 1928 ἠδικηκότας
1012 1857 1228 1921 αὐτούς.
1264 1857 1420 1922 Τίνες
1446 1858 1502 1912 δέ
1529 1853 1694 1923 οὗτοι,
1734 1860 1830 1914 καὶ

1932 1856 2074 1911 enim
2115 1870 2210 1911 eos
2247 1858 2340 1927 qui
2386 1859 2654 1930 sanguine
2681 1859 2980 1917 Israelitico
3007 1864 3111 1918 orti
3135 1873 3260 1918 sunt
3287 1863 3505 1917 univer-

237 1951 372 2004 τίνα
417 1950 618 2022 τρόπον
658 1951 986 2020 ⁴ἠδικήκασιν
1024 1951 1200 2004 εἰπεῖν
1246 1951 1563 2019 ἀναγκαῖον.
1612 1951 1828 2004 Σέσωκε

241 2043 353 2112 μὲν
411 2041 522 2113 γὰρ
587 2042 712 2105 τοὺς
769 2041 830 2106 ἐξ
893 2042 1124 2112 αἵματος
1187 2041 1403 2112 Ἰσραὴλ
1463 2042 1493 2095 ό
1538 2042 1646 2096 τῶν
1694 2042 1830 2097 ὅλων

239 2132 414 2197 Θεὸς,
462 2130 818 2202 προεστηκώς
862 2147 922 2183 τε
978 2130 1074 2183 καὶ
1118 2129 1494 2200 προασπίςων,
1551 2128 1647 2182 καὶ
1694 2130 1831 2183 ἀπο-

239 2223 462 2291 φαίνων
503 2225 817 2292 κρείττονας
865 2221 975 2274 τῶν
1018 2221 1446 2291 ἀνθεστηκότων.
1507 2219 1726 2290 Ἐπειδὴ
1772 2219 1831 2273 δέ

241 2313 548 2384 ἐτράποντο
600 2313 738 2384 πρὸς
796 2311 1133 2377 ἀντίστασιν,
1174 2311 1269 2366 καὶ
1309 2312 1359 2365 oi
1415 2312 1515 2383 μὲν
1570 2311 1832 2382 δαμάλεις

241 2404 608 2473 ἐτεκτήναντο
636 2405 864 2475 χρυσᾶςο
917 2403 966 2456 οἱ
1005 2402 1064 2456 δὲ
1097 2402 1189 2456 τὸν
1215 2400 1425 2472 Χαμὼς
1457 2402 1552 2456 καὶ
1597 2402 1831 2472 Βεελφε-

241 2493 392 2564 γὼρ,
428 2493 521 2547 καὶ
545 2493 727 2555 αὐτοῖς
753 2493 993 2564 ἀνῆπτον
1029 2490 1090 2544 τὸ
1117 2491 1280 2555 σέϐας
1303 2507 1318 2524 ο
1351 2495 1832 2563 προσκεκυνήκασι

238 2585 306 2639 δὲ
361 2584 456 2639 καὶ
509 2586 578 2654 τῇ
623 2583 852 2654 στρατιᾷ
900 2581 996 2637 τοῦ
1049 2581 1317 2652 ούρανοῦ·
1355 2582 1643 2653 παρεδίδου
1689 2581 1834 2636 κατὰ

239 2675 476 2746 καιροὺς
503 2675 533 2727 ὁ
561 2673 668 2728 τῶν
713 2673 850 2728 ὅλων
892 2672 1026 2736 Θεὸς
1074 2674 1202 2737 τοὺς
1252 2673 1654 2745 ἀνθεστηκότας
1701 2674 1832 2727 ποτέ

242 2766 356 2836 μὲν
383 2768 496 2829 τοῖς
535 2765 718 2836 κύκλῳ
747 2765 840 2819 καὶ
878 2763 1217 2836 περιοικοῦσι
1255 2764 1355 2836 τὴν
1395 2765 1653 2819 Ἰουδαίαν
1683 2765 1832 2819 ἔθνε-

240 2873 361 2921 σιν,
415 2855 730 2927 Ἰδουμαίοις
778 2854 838 2908 τέ
888 2871 1031 2925 φημι
1077 2855 1172 2908 καὶ
1219 2855 1560 2920 Μωαϐίταις,
1589 2857 1834 2919 καὶτοῖς

237 2947 308 3012 ἐξ
353 2946 546 3018 Ἐλὰμ,
576 2947 709 3000 ποτὲ
754 2945 813 2998 δὲ
844 2947 959 3009 τοῖς
985 2945 1224 3015 μακρὰν,
1263 2947 1563 3016 ’Δσσυρίοις
1599 2945 1658 2998 τέ
1690 2963 1833 3018 φημι

236 3037 352 3092 καὶ
379 3037 716 3106 Αἰγυπτίοις.
748 3036 994 3108 Πολέμου
1027 3036 1318 3108 τοιγαροῦν
1355 3039 1834 3108 κατασκήπτοντος

236 3129 350 3183 καὶ
380 3127 846 3200 περιηγγελμένου
879 3130 993 3192 τοῖς
1021 3128 1126 3182 ἀνὰ
1148 3130 1328 3182 πᾶσαν
1355 3128 1454 3200 τὴν
1479 3127 1684 3200 χώραν,
1715 3130 1833 3194 πῶς

1932 1946 2113 2001 sitatis
2165 1946 2329 2014 Deus,
2381 1963 2505 2004 cum
2557 1960 2612 2004 et
2664 1951 3001 2020 praesideret,
3046 1961 3100 2005 et
3133 1952 3284 2021 quasi
3319 1952 3505 2022 clypeo

1931 2048 2316 2108 propugnaret,
2377 2046 2435 2094 et
2496 2038 2751 2096 fortiores
2822 2042 3153 2096 adversariis
3233 2041 3503 2096 redderet.

1931 2124 2225 2197 Postquam
2270 2138 2449 2184 autem
2489 2132 2562 2185 ad
2593 2131 2952 2187 defectionem
2987 2133 3161 2186 aversi
3193 2141 3338 2197 sunt,
3365 2141 3420 2186 et
3450 2133 3502 2188 lti

1930 2217 2146 2286 quidem
2171 2218 2366 2275 vitulos
2401 2235 2598 2278 aureos
2627 2221 2982 2288 fabricarum,
3017 2224 3091 2278 illi
3122 2223 3380 2287 Cltamos,
3412 2224 3502 2278 alii

1930 2307 2258 2381 Belphegor,
2296 2311 2508 2382 illisque
2552 2315 2956 2370 venerationem
2991 2315 3317 2381 tribuerunt,
3341 2326 3506 2384 atque

1931 2402 2054 2457 οωιὶ
2107 2403 2354 2458 militiam
2395 2406 2714 2473 adorarunt,
2777 2407 2914 2463 Deus
2952 2419 3045 2462 eos
3080 2407 3398 2470 renitentes,
3451 2415 3506 2462 et

1933 2493 2252 2548 resistentes
2272 2535 2289 2560 ,
2335 2494 2564 2551 diversis
2621 2499 2954 2568 temporibus
2987 2499 3208 2554 tradidit
3239 2499 3504 2582 interdum

1932 2578 2180 2635 ﬁnitimis
2228 2579 2429 2638 Judazaa
2468 2584 2743 2653 gentibus,
2772 2585 3018 2640 ldumasis
3049 2585 3190 2650 dico,
3225 2578 3279 2640 et
3309 2581 3510 2640 Moabi-

1935 2669 2024 2734 tis,
2059 2678 2114 2724 et
2157 2669 2411 2728 Elamitis
2433 2711 2450 2738 ,
2507 2672 2668 2743 180
2701 2673 2968 2730 interdum
2997 2683 3050 2728 et
3079 2674 3232 2745 longe
3260 2677 3506 2741 remotis,

1932 2761 2192 2832 Assyriis,
2254 2763 2494 2833 inquam,
2545 2775 2600 2820 et
2642 2764 2943 2837 .‘Egyptiis.
2972 2765 3122 2822 Bello
3156 2767 3337 2837 itaque
3362 2784 3506 2838 gras-

1932 2862 2088 2908 sante
2137 2865 2192 2908 et
2244 2857 2444 2924 passim
2501 2872 2603 2927 per
2656 2867 2822 2913 totam
2863 2858 3135 2928 regionem
3167 2860 3502 2928 denuntiato,

1933 2960 2117 3001 annon
2150 2947 2322 3002 satius
2340 2957 2465 3003 erat
2491 2948 2766 3005 lsraelitas
2788 2951 3134 3006 reconciliari
3163 2951 3367 3008 oﬁ‘enso
3391 2952 3505 3009 Deo

1935 3037 2291 3106 omnipotenti
2319 3077 2336 3106 ,
2372 3047 2426 3095 et
2478 3056 2636 3096 cursu
2693 3043 2745 3097 in
2771 3041 2964 3098 melius
2989 3053 3340 3110 commutato,
3369 3045 3504 3101 iram

1934 3130 2262 3199 depellere?
2321 3131 2615 3202 Oportebat
2669 3133 2814 3188 enim
2886 3134 3168 3205 profanam
3239 3137 3504 3194 idolorum

237 3218 356 3272 οὐκ
381 3219 602 3288 ἄμεινον
642 3219 768 3282 τοὺς
801 3217 864 3284 ἐξ
913 3217 1134 3290 Ἰσραὴλ
1174 3219 1557 3288 ἀπολογεῖσθαι
1601 3218 1831 3290 λελυπη-

1937 3221 2334 3278 multitudinem
2363 3226 2754 3292 exterminare,
2781 3237 2835 3282 et
2863 3228 3036 3298 ipsum
3061 3241 3502 3286 conservatorem

239 3309 406 3380 μένῳ
433 3307 509 3378 τῷ
530 3307 706 3360 πάντα
731 3308 968 3378 ἰσχύοντι
991 3306 1129 3378 Θεῷ,
1153 3309 1248 3363 καὶ
1270 3311 1391 3373 ταῖς
1417 3310 1496 3372 είς
1523 3308 1586 3362 τὺ
1615 3310 1835 3381 ἄμεινον

237 3400 585 3470 ἀναδρομαίς
610 3398 1084 3464 ἀποσκευάζεσθαι
1109 3399 1208 3470 τὴν
1234 3401 1424 3472 όργήν;
1463 3399 1608 3454 Ἔδει
1638 3399 1748 3472 γάρ
1773 3402 1836 3454 ἐκ

240 3489 428 3561 μέσου
473 3489 572 3560 τὴν
606 3488 833 3560 βέϐηλον
874 3489 984 3542 τῶν
1021 3488 1255 3543 εἰδώλων
1302 3489 1572 3543 ποιεῖσθαι
1605 3490 1832 3562 πληθὺν,

237 3581 349 3635 καὶ
403 3581 568 3634 αὐτὸν
620 3581 1021 3651 ἐπιγράφεσθαι
1074 3580 1298 3651 σωτῆρα
1366 3582 1462 3634 καὶ
1531 3580 1832 3653 λυτρωτὴν.

250 3673 429 3726 Ἀλλὰ
460 3673 664 3726 τούτων
716 3673 814 3743 μὲν
843 3671 1024 3741 ὀλίγος
1059 3667 1126 3742 ἦν
1170 3671 1451 3736 παντελῶς
1488 3673 1517 3725 ὁ
1547 3673 1708 3742 λόγος
1739 3675 1839 3727 αὑ-

237 3767 384 3827 τοῖς.
455 3763 820 3835 Ἐπρέσϐευον
855 3763 911 3817 δὲ
969 3763 1100 3816 ποτὲ
1157 3762 1256 3833 μὲν
1304 3747 1441 3831 πρὸς
1481 3763 1834 3836 Αἰγυπτίους,

237 3855 386 3909 ποτὲ
418 3855 476 3908 δὲ
511 3855 646 3926 πρὸς
688 3854 1027 3925 Ἀσσυρίους,
1071 3855 1166 3907 καὶ
1200 3853 1298 3917 τὰς
1341 3856 1472 3925 παρ’
1503 3855 1682 3908 αὐτῶν
1713 3857 1836 3910 ἐπι·-

237 3945 478 4017 κουρίας
522 3945 769 4018 ἐκάλουν,
813 3943 1128 4010 Ἐντεῦθεν,
1169 3939 1356 4014 οἶμαι,
1397 3944 1560 4008 Θεὸς,
1596 3945 1691 3998 καὶ
1754 3945 1835 4000 ἔτι

240 4038 520 4108 μειζόνως
557 4037 642 4090 ἐπ’
677 4036 858 4098 αὐτοῖς
895 4034 1251 4106 κατεθήγετο.
1299 4036 1623 4106 Ἦδικήκασι
1654 4036 1835 4090 τοίνυν

234 4131 346 4184 τόν
361 4146 423 4182 τε
457 4128 696 4200 Ἰσραὴλ,
723 4128 815 4181 καλ⁸
836 4126 926 4181 τὸν
956 4125 1170 4191 Ἰακὼϐ,
1193 4126 1350 4179 τοῦτο
1376 4127 1474 4197 μὲν
1490 4129 1538 4180 oi
1563 4127 1834 4196 ψευδώνυ-

239 4237 346 4293 μοι
375 4219 510 4284 θεοὶ,
537 4221 636 4288 τὴν
666 4219 815 4272 θείαν
845 4219 930 4271 ἐπ’
961 4218 1142 4281 αὐτοῖς
1181 4217 1475 4281 καλοῦντες
1519 4218 1711 4290 ὀργὴν,
1739 4219 1835 4272 καὶ

236 4311 341 4364 ἐπ’
382 4310 567 4373 αὐτοῖς
611 4310 928 4364 πεποιθέναι
973 4309 1521 4380 παρασκευάζοντες·
1570 4310 1726 4362 τοῦτο
1775 4310 1832 4364 δὲ

236 4401 289 4454 οἱ
328 4397 577 4470 χρήμασί
604 4415 662 4450 τε
689 4399 782 4452 καὶ
802 4397 995 4468 δώροις
1021 4396 1325 4460 πωλοῦντες
1369 4397 1551 4460 αὐτοῖς
1593 4398 1696 4469 τὴν
1740 4399 1834 4452 άν-

236 4493 443 4560 όνητον
469 4490 806 4562 ἐπικουρίαν.
855 4488 1266 4560 Δαπανηθείσης
1295 4486 1496 4552 τοίνυν,
1547 4488 1701 4559 φησὶ,
1733 4488 1832 4560 τῆς

236 4584 362 4638 τῶν
396 4581 673 4653 πολεμίων
699 4580 939 4651 πληθύος
963 4581 1022 4634 ἐν
1053 4579 1153 4650 μιᾷ
1190 4578 1366 4642 νυκτὶ,
1394 4577 1580 4632 λοιπὸν
1618 4577 1833 4633 ἔσονται

241 4671 579 4736 πεποιθότες
605 4673 697 4725 ἐπὶ
727 4671 864 4742 Θεῷ,
887 4671 983 4724 καὶ
1007 4669 1096 4723 διὰ
1125 4669 1316 4740 πείρας
1341 4668 1511 4737 αὐτῆς
1531 4669 1834 4737 ἐγνωκότες

234 4765 349 4835 τὴν
379 4761 632 4832 παναλκῆ
657 4762 751 4816 τοῦ
784 4760 1057 4825 σώσαντος
1082 4760 1283 4828 δεξιὰν,
1315 4760 1413 4812 οὐκ
1445 4761 1538 4812 ἐπὶ
1575 4761 1688 4822 τοῖς
1718 4759 1834 4814 ἁδι-

236 4857 484 4926 κήσασιν
531 4854 728 4916 αὐτοὺς
781 4853 1098 4922 ποιήσονται
1151 4850 1252 4922 τὴν
1303 4849 1520 4915 ἐλπίδα,
1578 4849 1693 4902 ἀλλ’
1743 4851 1830 4904 ἐπ’

1936 3322 1990 3368 et
2038 3315 2436 3386 redemptorem
2478 3332 2816 3387 nuncupare.
2860 3318 3130 3374 Caeterum
3168 3320 3390 3390 hujusce
3429 3323 3504 3378 rei

1935 3403 2078 3459 nulla
2123 3407 2264 3473 apud
2295 3421 2389 3462 eos
2421 3408 2558 3462 ratio
2585 3409 2764 3462 habita
2799 3417 2901 3463 est.
2932 3408 3165 3480 Legatos
3193 3413 3336 3467 enim
3364 3429 3506 3470 nunc

1935 3495 2004 3550 ad
2054 3495 2359 3567 Egyptios,
2392 3513 2534 3554 nunc
2579 3500 2646 3554 ad
2668 3498 2924 3570 Assyrios
2959 3500 3266 3569 mittebant,
3297 3517 3505 3580 eorum-

1933 3601 2042 3655 que
2091 3588 2388 3642 subsidium
2435 3590 2817 3660 implorabant.
2867 3591 3027 3659 Hinc,
3066 3596 3320 3662 arbitror,
3366 3598 3505 3654 Deus

1936 3678 2156 3746 gravius
2184 3677 2354 3732 etiam
2381 3680 2436 3734 in
2464 3695 2560 3736 eos
2585 3685 2940 3740 exacerbatus
2966 3694 3070 3740 est.
3102 3682 3298 3756 lnjuria
3324 3689 3506 3758 itaque

1935 3765 2234 3821 aﬁ‘eeerunt
2271 3769 2528 3825 lsraeletn
2583 3781 2640 3825 et
2671 3770 2955 3837 Iacobum,
3001 3790 3123 3830 cum
3162 3775 3298 3832 falso
3327 3780 3504 3833 n0uti-

1937 3858 2050 3910 nati
2082 3858 2177 3922 dii,
2215 3859 2451 3914 divinam
2485 3863 2537 3914 ιιι
2570 3862 2714 3931 ipsos
2746 3863 2880 3919 iram
2912 3875 3222 3934 evocantes,
3246 3879 3298 3923 et
3319 3878 3377 3924 ut
3398 3869 3502 3925 sibi

1935 3947 2162 4002 ﬁderent
2213 3951 2554 4008 elﬁcientes:
2597 3962 2709 4008 tum
2753 3970 2883 4012 vero
2929 3957 3004 4023 bi,
3034 3961 3128 4028 qui
3172 3962 3416 4029 pecuniis
3450 3971 3505 4018 ct

1934 4039 2094 4093 donis
2152 4039 2340 4096 inutile
2375 4041 2504 4110 ipsis
2537 4044 2795 4100 auxilium
2826 4047 3208 4106 diveudebant.
3237 4049 3505 4108 Consum-

1933 4138 2024 4199 pta
2071 4131 2236 4200 igitur
2277 4131 2593 4188 bellantium
2635 4136 2980 4196 multitudine
3015 4155 3122 4197 una
3154 4152 3329 4208 nocte,
3356 4145 3506 4200 deiu-

1934 4233 2062 4289 ceps
2109 4221 2382 4278 conﬁdent
2424 4223 2558 4290 Deo,
2602 4234 2657 4280 et
2707 4227 2826 4298 ipso
2873 4232 3245 4300 experimento
3291 4238 3504 4306 cognita

1933 4307 2230 4364 fortissima
2269 4315 2540 4371 servantis
2575 4317 2798 4372 dextera
2821 4359 2836 4386 ,
2882 4335 2988 4375 non
3031 4321 3099 4378 iis
3127 4323 3218 4392 qui
3248 4323 3503 4392 injuriatn

1933 4398 2203 4468 fecerunt,
2233 4403 2526 4472 conﬁdent,
2560 4409 2654 4464 sed
2689 4409 2740 4464 in
2769 4411 2886 4482 ipso
2915 4423 3102 4470 sancto
3130 4415 3344 4472 lsraelis
3376 4433 3506 4474 vere

1936 4505 2084 4561 spem
2140 4508 2294 4549 suam
2341 4495 2704 4554 collocabant.
2753 4501 2822 4555 Et
2877 4503 2982 4558 erit
3008 4505 3281 4560 residuum
3314 4505 3504 4574 Jacob,

1937 4598 2059 4637 cum
2082 4583 2194 4640 Deo
2223 4595 2464 4656 potente.
2493 4587 2603 4646 Nec
2628 4592 2771 4646 enim
2795 4592 2955 4664 lignis
2974 4607 3066 4651 aut
3097 4597 3363 4667 lapidibus
3385 4615 3503 4654 am-

1934 4673 2074 4742 plius
2124 4676 2391 4746 nitentur,
2433 4681 2528 4735 sed
2568 4681 2749 4750 potius
2789 4683 2844 4739 in
2879 4684 2971 4740 illo
3003 4687 3310 4756 praesidium
3341 4689 3505 4746 collo-

1933 4764 2155 4830 cabunt,
2204 4769 2296 4837 qui
2348 4769 2449 4824 fuit
2496 4784 2712 4840 semper
2761 4771 2868 4829 illis
2897 4775 3190 4846 opitulator
3223 4788 3277 4834 et
3305 4795 3507 4852 propu-

1932 4867 2147 4926 gnator,
2188 4871 2468 4918 armatura
2498 4872 2552 4918 et
2585 4880 2774 4922 murus
2801 4866 3082 4924 infractus.

239 4951 412 5006 αὑτὸν
448 4948 540 5001 τὸν
579 4947 736 5015 ἅγιον
765 4946 861 5000 τοῦ
905 4945 1205 5017 Ἰσραὴλτῇ
1242 4944 1491 5016 ἀληθείᾳ.
1532 4945 1643 4998 Καὶ
1683 4944 1837 5002 ἔσται
1873 4948 1934 5003 τὸ
1970 4951 2330 5024 καταλειφθὲν
2396 4958 2491 5012 τοῦ
2560 4957 2756 5013 Ἰακὼϐ
2801 4961 2894 5014 ἐπὶ
2939 4961 3073 5018 Θεὸν
3121 4965 3394 5037 ἰσχύοντα,
3429 4969 3504 5024 Ού

240 5046 360 5115 γὰρ
417 5041 593 5108 ξύλοις
637 5041 734 5095 καὶ
783 5039 954 5104 λίθοις
1003 5039 1084 5094 ἔτι
1129 5040 1515 5111 θαρσήσουσιν,
1565 5041 1728 5095 αὑτὸν
1781 5042 1840 5097 δὲ
1910 5046 2111 5115 μᾶλλον
2155 5051 2475 5122 ποιήσονται
2544 5052 2643 5125 τὴν
2701 5055 2890 5127 ἰσχὺν,
2937 5057 2998 5122 ὃς
3046 5059 3267 5129 γέγονεν
3321 5063 3506 5130 αὐτοῖς

239 5136 542 5207 ἐπίκουρός
561 5151 622 5188 τε
644 5135 751 5200 ἀεὶ,
813 5133 909 5187 καὶ
948 5133 1348 5205 προασπιστὴς,
1382 5132 1546 5186 ὅπλον
1578 5135 1672 5188 καὶ
1725 5138 1901 5206 τεῖχος
1935 5138 2199 5211 ἀρῥαγές,

317 5229 429 5284 Καὶ
464 5227 572 5281 ἐὰν
619 5226 866 5295 γένηται
898 5227 932 5280 ό
958 5227 1108 5292 λαὸς
1149 5224 1389 5292 Ἰσραὴλ
1432 5225 1512 5292 ὡς
1550 5226 1589 5293 ἡ
1642 5226 1836 5296 ἅμμος

239 5320 357 5388 τῆς
389 5319 732 5387 θαλάσσης,
761 5318 827 5371 τὸ
860 5315 1229 5384 κατάλειμμα
1253 5315 1612 5384 σωθήσεται.
1640 5320 1832 5387 Λόγος

241 5414 357 5482 γὰρ
393 5410 712 5466 συντελῶν
730 5411 828 5464 καὶ
860 5411 1210 5478 συντέμνων
1236 5409 1305 5461 ἐν
1331 5407 1710 5477 δικαιοσύνῃ,
1741 5409 1830 5464 ὅτι

237 5505 432 5571 λόγον
476 5501 970 5571 συντετμημένον
1015 5497 1255 5566 ποιήσει
1290 5502 1323 5553 d
1372 5499 1516 5567 Θεὸς
1548 5500 1617 5554 ἐν
1644 5498 1719 5570 τῇ
1746 5503 1828 5560 οὶ-

241 5592 508 5661 κᾱυμένῃ
541 5593 676 5660 ὅλῃ.
1773 5653 1776 5656 ,

318 5684 437 5735 ’Ότι
465 5682 576 5735 τῶν
613 5684 858 5737 ἀπειθεῖν
891 5683 1202 5752 ᾑρημένων,
1241 5685 1333 5736 καὶ
1364 5685 1496 5738 πολὺ
1524 5687 1813 5756 νενοσηκό-

241 5789 352 5824 των
399 5777 456 5826 τὸ
515 5775 718 5844 ἀπηνὲς
773 5777 862 5828 καὶ
915 5776 1227 5848 δυσάγωγον
1282 5781 1452 5843 οὐδεὶς
1503 5780 1566 5833 ἂν
1613 5779 1824 5846 γένοιτο

2010 5229 2170 5289 Vnus.
2203 5234 2295 5300 22,
2325 5236 2415 5291 25.
2445 5237 2600 5303 Quod
2623 5242 2670 5296 si
2690 5241 2850 5312 fuerit
2880 5243 3104 5312 papulus
3136 5244 3359 5302 Israelis
3395 5249 3503 5303 oe!-

1935 5331 1990 5375 ut
2027 5337 2188 5376 arena
2231 5327 2413 5392 maris,
2456 5329 2691 5398 reliquid:
2737 5348 2914 5386 eorum
2965 5323 3332 5394 servabuntur.
3373 5336 3505 5390 Ver-

1933 5415 2053 5467 bum
2077 5415 2211 5470 enim
2251 5431 2616 5474 consummans
2647 5433 2694 5476 et
2725 5423 2999 5480 concidens
3025 5426 3081 5479 in
3109 5427 3346 5497 justitia,
3379 5431 3501 5497 quia

1931 5504 2194 5564 concisum
2232 5522 2522 5562 sermonem
2573 5510 2732 5580 faciet
2775 5513 2916 5569 Deus
2959 5516 3013 5568 in
3053 5518 3173 5570 orbe
3202 5528 3355 5570 terra:
3381 5518 3500 5571 rmi-

1929 5609 2095 5654 verso.
3173 5663 3176 5666 .

1991 5686 2144 5753 Quod
2205 5689 2344 5745 Deus
2381 5693 2691 5760 pcrvicaces
2732 5707 2782 5750 et
2818 5699 3185 5755 inobedicutes
3211 5713 3275 5754 ac
3331 5702 3500 5755 rcl‘ra~

1929 5781 2126 5836 Clarius
2150 5781 2299 5837 nibili
2349 5786 2598 5852 acsdmct,
2634 5803 2813 5846 servet
2846 5801 3022 5847 autem
3060 5793 3311 5862 omnique
3339 5792 3499 5846 mise-
