4742 6536
493 417 586 464 ειη

1603 405 1669 461 IN
1709 403 1940 461 ISAIAM
1975 402 2103 459 LIB.
2147 405 2187 458 l.
2230 399 2438 456 ORAT.
2476 398 2566 454 Vl.

3627 386 3732 443 298

502 523 734 596 Ἰσραὴλ,
760 523 906 578 τοῦτ’
935 525 1106 589 ἐστιν,
1151 527 1201 580 οἱ
1245 526 1430 580 πίστει
1453 527 1783 596 τιμήσαντες
1809 526 1909 597 τὴν
1939 527 2058 578 ἐπι-
2087 539 2130 593 Α
2157 531 2310 577 erant
2337 561 2351 582 ,

1858 531 1909 597 ην
1939 527 2058 578 ἐπι-
2087 539 2130 593 Α
2157 531 2310 577 erant
2337 561 2351 582 ,
2406 520 2732 590 Iapidassent
2756 557 2770 578 ,
2829 525 2884 570 et
2915 515 3042 583 quid
3103 513 3314 566 tandem
3375 509 3594 566 sceleris
3626 527 3731 565 non

494 618 716 684 ρὰνειαν
760 616 947 681 αὑτοῦ,
986 617 1087 686 τῆς
1130 616 1324 687 ἐτέρας
1372 615 1608 686 πληθύος
1656 615 1932 685 παθούσης
1959 614 2058 683 τὴν

2169 611 2515 666 admisissent
2540 610 2563 662 ’ξ

492 711 860 780 ἀποστροφήν.
905 711 1343 780 Πεπαρῳνήκασι
1398 709 1507 780 γὰρ
1576 711 1656 771 είς
1700 709 1793 762 τὸν
1833 708 1943 762 τῶν
2007 708 2144 760 ὅλων
2183 695 2412 773 Σωτῆρα
2473 703 2568 754 καὶ
2630 700 2854 769 Κύριον,
2920 695 3383 767 προαπεκτονότες
3435 693 3736 762 προφήτας,

493 801 583 852 καὶ
615 799 1060 871 λιθοϐολήσαντες
1093 799 1217 861 τοὺς
1242 798 1684 868 ἀπεσταλμένους
1704 812 1720 828 ·
1751 798 1845 850 καὶ
1870 797 1925 849 τί
1963 795 2072 866 γὰρ
2108 795 2229 862 οὐχὶ
2268 792 2376 844 τῶν
2408 792 2654 843 ἐκτόπων
2693 787 3176 855 ἐπιτηδεύσαντεςς

562 895 666 947 Διὰ
696 893 873 946 τοῦτο
897 891 1035 946 τάδε
1065 894 1229 961 λέγει
1266 893 1482 958 Κύριος
1517 889 1759 946 Σαϐαὼθ
1779 907 1792 920 ·
1852 889 1948 955 Μὴ
1975 906 2073 957 ερο-

496 985 622 1048 ϐοῦ,
676 985 829 1048 λαός
870 1001 1010 1052 μου,
1060 987 1114 1036 οι
1166 983 1587 1047 κατοικοῦντες
1631 983 1701 1035 ἐν
1733 981 1905 1044 Σιὼν,
1953 980 2074 1036 ἀπὸ

507 1077 855 1139 Ἄσσιφίων,
897 1075 985 1126 ὅτι
1033 1074 1105 1126 ἐν
1139 1073 1342 1141 ῥάϐδῳ
1388 1072 1637 1136 πατάξαι
1676 1089 1769 1127 σε.
1824 1071 2077 1139 Πληγὴν

497 1168 604 1236 γὰρ
633 1167 752 1232 ἐγὼ
783 1165 981 1235 ἐπάγω
1018 1164 1118 1217 ἐπὶ
1152 1163 1247 1228 σὲ,
1277 1163 1384 1218 τοῦ
1419 1163 1565 1218 ιδεῖν
1594 1163 1736 1218 ὁδὸν
1754 1164 2075 1231 Αἰγύπτου.

501 1261 626 1312 Ἔτι
650 1256 764 1326 γὰρ
787 1255 1028 1326 μικρὸν,
1053 1256 1152 1308 καί
1176 1256 1470 1308 παύσεται
1495 1256 1534 1322 ἠ
1556 1253 1724 1324 ὀργὴ,
1754 1257 1788 1307 ὁ
1810 1252 1878 1305 δὲ
1893 1253 2078 1320 θυμός

494 1366 612 1417 μου
652 1347 755 1400 ἐπὶ
802 1346 916 1414 τὴν
947 1345 1197 1413 ,ϐουλὴν
1227 1345 1444 1401 αὐτῶν.

579 1436 804 1507 Ἐπειδὴ
843 1437 948 1507 γὰρ
996 1437 1120 1507 ὁσία
1170 1437 1335 1506 ψήφῳ
1367 1437 1463 1490 καὶ
1506 1437 1572 1505 τῇ
1611 1434 1761 1501 αὐτῷ
1795 1433 2080 1506 πρεπούσῃ

499 1529 845 1598 κεχρημένος
886 1528 1202 1598 ήμερότητι,
1264 1526 1426 1590 σώζει
1479 1526 1580 1596 μὲν
1633 1527 1759 1588 τοὺς
1800 1525 2077 1595 γνησίους,

499 1619 845 1690 παραδίδωσι
884 1619 943 1671 δέ
983 1618 1107 1681 τοὺς
1141 1617 1514 1687 λελυπηκότας
1545 1616 1710 1670 αὑτὸν
1738 1617 1767 1668 6
1808 1615 1915 1668 τῶν
1944 1615 2080 1669 ὅλων

498 1709 654 1771 Θεός·
685 1708 781 1778 Μὴ
815 1707 1000 1776 φοϐοῦ,
1027 1707 1210 1776 φησιν,
1241 1708 1272 1758 6
1299 1707 1426 1769 λαός
1463 1723 1586 1776 μου,
1608 1708 1656 1760 oi
1700 1703 2080 1767 κατοικοῦντες

2247 885 2407 939 Vens.
2459 884 2550 948 24,
2616 883 2707 936 25.
2761 881 3042 949 Propterea
3108 880 3218 930 Ita'c
3278 877 3405 933 dicit
3485 875 3739 928 Dominus

2175 977 2441 1031 Sabaoth:
2470 975 2551 1029 Ne
2582 983 2770 1037 metue,
2792 970 2976 1038 papule
3003 970 3097 1031 mi,
3125 969 3214 1037 qui
3239 969 3442 1019 habitas
3475 967 3528 1019 in
3591 965 3739 1027 Sion,

2174 1069 2438 1136 Assyrios,
2496 1065 2618 1136 quia
2658 1065 2798 1132 rirga
2869 1061 3120 1128 percutiet
3188 1070 3256 1112 te.
3314 1057 3536 1125 Plagam
3605 1058 3741 1108 enim

2177 1175 2267 1227 ego
2309 1159 2549 1227 inﬂigam
2601 1156 2714 1218 tibi,
2763 1163 2818 1207 ut
2874 1153 3051 1206 videas
3111 1151 3246 1203 viam
3303 1146 3546 1216 Egypti.
3594 1144 3745 1198 Brevi

2176 1249 2313 1303 enim
2365 1259 2593 1315 tempore
2621 1245 2842 1298 cessabit
2872 1244 2973 1307 ira,
3007 1242 3155 1310 {uror
3193 1249 3366 1292 autem
3395 1253 3538 1290 meus
3592 1251 3748 1302 super

2175 1341 2452 1397 consilium
2482 1355 2682 1394 eorum.

2246 1432 2687 1501 Quandoquidem
2736 1429 2880 1482 enim
2935 1433 3121 1480 sancta
3173 1422 3440 1479 sententia
3495 1430 3548 1474 et
3599 1436 3750 1473 man-

2179 1522 2460 1577 suetudine
2488 1535 2548 1575 se
2599 1521 2757 1589 digna
2819 1516 3085 1582 adhibita,
3142 1522 3323 1570 servat
3351 1527 3497 1578 suos,
3548 1525 3750 1579 eosque

2184 1613 2347 1666 tradit
2405 1626 2434 1664 a
2477 1610 2674 1680 quibus
2747 1607 3060 1669 offenditur,
3127 1604 3499 1658 universitatis
3574 1602 3748 1655 Deus:

2186 1703 2283 1768 Ne,
2325 1703 2517 1771 inquit,
2547 1708 2748 1766 metue,
2801 1699 2994 1768 popule
3019 1699 3111 1761 nti,
3144 1697 3232 1764 qui
3261 1695 3470 1748 habitas
3518 1693 3569 1747 in
3600 1693 3751 1758 Sion,

499 1801 556 1852 ἐν
585 1799 757 1862 Σιὼν,
793 1799 899 1852 ἀπὸ
946 1799 1265 1868 Ἀσσυρίων.
1313 1799 1562 1866 Ἀφίκετο
1599 1799 1697 1868 μὲν
1737 1797 1846 1867 γὰρ
1877 1799 1906 1850 6
1954 1797 2079 1850 Ῥα-
2113 1839 2155 1894 Β
2186 1793 2371 1864 Assyri

1881 1799 1906 1850 6
1954 1797 2079 1850 Ῥα-
2113 1839 2155 1894 Β
2186 1793 2456 1864 Assyrios.
2484 1792 2733 1894 Pervenit
2756 1791 2898 1844 enim
2923 1789 3233 1858 Rhapsaces
3256 1784 3573 1846 Jerusalem,
3603 1797 3754 1836 eam-

497 1893 687 1962 ψάχης
727 1892 812 1954 είς
863 1889 1233 1960 Ἰερουσαλὴμ,
1283 1890 1377 1943 καὶ
1422 1889 1856 1959 πεπολιόρκηκεν
1889 1888 2078 1956 αὐτὴν,

498 1980 771 2050 ἠπείλησε
799 1980 855 2032 δέ
884 1981 1298 2050 κατεμπρήσειν
1328 1979 1422 2032 καὶ
1454 1979 1792 2050 ὁλοθρεύσειν
1817 1979 2079 2041 ἅπαντας.

512 2072 778 2140 Ἦδίκησε
813 2070 867 2122 δὲ
919 2071 1196 2134 παντελῶς
1255 2071 1428 2126 οὐδέν.
1485 2073 1672 2142 ᾫχετο
1725 2069 1833 2139 γὰρ
1885 2069 2080 2137 φυγὰς.

502 2159 784 2228 πεσούσης
816 2158 962 2229 αύτῷ
1007 2160 1136 2231 παρ’
1173 2161 1365 2215 ἐλπίδα
1400 2162 1498 2231 τῆς
1530 2161 1806 2230 στρατιᾶς,
1854 2160 1948 2212 καὶ
1980 2161 2088 2212 ὰπ-

507 2249 778 2316 οομένης
823 2249 878 2299 ἐν
915 2249 1011 2317 μιᾷ
1047 2247 1221 2301 νυκτί.
1273 2248 1482 2302 Οὐκοῦν
1511 2247 1810 2318 ὠλόθρευσε
1850 2247 1949 2316 μὲν
1987 2263 2088 2315 μα-

504 2340 673 2408 χαίρᾳ
725 2340 851 2397 τοὺς
895 2341 953 2391 ἐν
995 2338 1154 2393 Σιών.
1202 2340 1418 2410 Ἐπειδὴ
1460 2339 1514 2392 δὲ
1558 2339 1704 2404 ἅπαξ
1747 2339 2086 2408 κατεπτόησε

503 2430 624 2490 ταῖς
688 2427 924 2495 ἐφόδοις,
983 2428 1078 2480 καὶ
1133 2430 1190 2480 ἐν
1240 2428 1391 2498 φόϐῳ
1441 2429 1534 2481 τοῦ
1591 2427 1782 2483 παθεῖν
1838 2427 2088 2496 γενέσίιαι

505 2517 919 2586 παρεσκεύασε,
954 2519 1234 2587 μονονουχὶ
1250 2519 1446 2590 ῥάϐδον
1466 2519 1749 2581 ἀνατείνας
1771 2520 1856 2571 ἐπ’
1894 2519 2089 2580 αὐτοὺς

503 2611 702 2679 ὁρᾶται
733 2610 923 2679 μόνην.
954 2610 1046 2682 Μὴ
1078 2609 1277 2676 τοίνυν,
1312 2611 1465 2679 φησι,
1493 2610 1816 2681 καταδείσῃς
1850 2611 1956 2664 ἀπὸ
1982 2610 2091 2662 τῶν

518 2699 854 2770 Ἀσσυρίων,
909 2700 1091 2772 ῥάϐδῳ
1134 2701 1242 2773 γάρ
1299 2717 1359 2752 σε
1405 2700 1656 2767 πατάξει,
1696 2701 1789 2755 καὶ
1838 2701 2091 2772 βραχεῖαν

505 2789 704 2859 ὥσπερ
743 2791 952 2844 ἐποίσει
983 2790 1082 2861 τὴν
1109 2790 1346 2861 πληγὴν,
1371 2791 1468 2861 τὴν
1505 2792 1579 2855 ὡς
1623 2792 1732 2846 ἀπό
1765 2807 1829 2860 γε
1863 2791 1956 2844 τοῦ
1982 2790 2090 2846 διίσ

508 2901 706 2954 ματος,
741 2883 986 2952 ἐφιέντος
1037 2883 1171 2954 ἐμοῦ
1214 2884 1309 2937 καὶ
1354 2882 1511 2936 τοῦτο
1573 2882 1907 2953 πράττεσθαι
1953 2882 2096 2938 κατὰ

505 2974 629 3040 σού,
697 2973 794 3026 τοῦ
825 2973 950 3025 ἰδεῖν
988 2973 1106 3028 ὁδὸν
1148 2972 1445 3041 Αἰγύπτου,
1481 2973 1622 3026 τοῦτ’
1650 2973 1816 3036 ἐστιν,
1867 2973 1952 3025 ἵνα
1994 2971 2096 3041 μά-

504 3067 627 3138 Θῃς,
671 3066 802 3118 ὅσον
843 3063 1036 3118 σαυτὸν
1064 3065 1348 3134 ἠδίκησας,
1391 3063 1642 3116 ἀπελθὼν
1683 3066 1761 3127 εἰς
1798 3064 2090 3130 Αἴγυπτον,

2183 1899 2288 1953 que
2346 1884 2559 1938 obsedit
2618 1883 2960 1949 minatusque
3005 1889 3090 1934 est
3163 1891 3222 1932 se
3285 1885 3752 1930 concrematurum

2186 1987 2374 2028 omnes
2439 1983 2493 2026 et
2548 1969 3057 2026 deleturmu.l.:esit
3102 1976 3278 2023 autem
3328 1966 3548 2020 omnino
3600 1965 3751 2018 nihil.

2186 2060 2318 2115 Nam
2381 2061 2513 2114 abiit
2560 2059 2839 2127 fugitivus,
2895 2057 3132 2110 exercitu
3201 2053 3316 2120 ejus
3364 2064 3561 2120 praeter
3606 2067 3755 2119 spem

2187 2151 2524 2215 concidente,
2558 2160 2611 2203 et
2658 2165 2760 2202 una
2788 2157 2945 2202 noete
2974 2147 3268 2215 disperdito
3296 2161 3309 2197 :
3346 2143 3528 2212 itaque
3584 2142 3759 2212 gladio

2188 2256 2281 2295 cos
2301 2241 2392 2309 qui
2431 2241 2484 2294 in
2511 2238 2641 2294 Sion
2678 2239 2989 2292 habitabant
3031 2235 3278 2303 peremit.
3321 2234 3391 2287 At
3444 2233 3532 2286 ubi
3593 2232 3760 2286 semel

2189 2333 2303 2387 suis
2368 2332 2676 2386 incursibus
2702 2331 3106 2399 perterruissel,
3165 2336 3220 2379 et
3261 2335 3463 2378 metmn
3524 2325 3759 2393 aliquem

2192 2428 2457 2482 malorum
2485 2426 2782 2495 injecisset,
2813 2424 2967 2493 quasi
3001 2423 3207 2490 virgam
3240 2421 3408 2473 solam
3435 2418 3648 2473 videtur
3707 2417 3760 2471 in

2190 2533 2283 2573 eos
2307 2518 2633 2572 extendisse.
2667 2515 2743 2570 Ne
2773 2517 2952 2584 igitur,
2982 2515 3175 2580 inquit,
3215 2518 3393 2564 metue
3422 2509 3761 2576 abAssyriis;

2195 2611 2342 2677 virga
2407 2609 2550 2660 enim
2599 2617 2649 2662 te
2722 2606 2895 2666 feriet,
2957 2615 3012 2658 et
3077 2607 3290 2658 brevem
3329 2605 3488 2656 veluti
3553 2607 3763 2672 plagam

2195 2699 2410 2762 inierat,
2437 2699 2668 2766 plagam,
2699 2697 2894 2765 inquit,
2933 2697 2996 2749 ad
3029 2706 3313 2760 terrorem,
3337 2710 3420 2748 me
3453 2697 3552 2748 hoc
3578 2706 3765 2748 contra

2197 2803 2250 2846 te
2305 2793 2417 2845 lleri
2479 2792 2864 2861 permittente,
2899 2789 3168 2842 utvideas
3226 2789 3364 2840 viam
3410 2786 3650 2857 Egypti,
3713 2787 3764 2840 id

2195 2899 2300 2954 est,
2333 2895 2392 2941 ut
2430 2889 2608 2941 discas
2655 2895 2914 2955 quantum
2982 2885 3074 2937 tibi
3120 2885 3216 2951 ipsi
3263 2883 3768 2944 iurmutnodnveris,

2197 2980 2321 3032 dum
2371 2977 2661 3047 {Egyptum
2710 2978 3113 3047 proﬁcisceris,
3153 2976 3276 3028 inde
3309 2991 3557 3044 qumreus
3615 2975 3769 3028 auxi-

2198 3070 2348 3133 lium,
2373 3069 2480 3122 Deo
2505 3069 2693 3122 salutis
2727 3077 2948 3120 auctore
2971 3070 3246 3134 despecto.
3267 3064 3531 3118 Ezechias
3564 3065 3770 3132 itaque,

502 3159 602 3210 καὶ
639 3156 749 3226 τὴν
781 3154 987 3208 ἐκεῖθεν
1016 3154 1257 3226 ζητήσας
1290 3155 1630 3224 ἐπικουρίαν,
1665 3154 2091 3224 παρεωραμένου
2119 3161 2162 3218 C
2196 3176 2300 3226 quo
2371 3177 2375 3212 l

1900 3154 2162 3223 κμὲνουο
2196 3176 2300 3226 quo
2371 3174 2626 3226 regnante
2679 3158 2931 3227 Assyrius
2995 3158 3163 3209 cinxit
3211 3155 3534 3216 Jerusalem,
3596 3155 3773 3208 subsi-

503 3247 644 3300 Θεοῦ
685 3247 976 3311 σώζοντος.
1014 3245 1265 3315 Ἐζεκίας
1312 3245 1410 3315 μὲν
1432 3242 1544 3309 οὖν,
1567 3239 1628 3298 οὗ
1660 3246 1752 3298 καὶ
1800 3244 2102 3314 βασιλεύον-

501 3356 595 3404 τος
655 3338 1064 3409 πεπολιὸρκηκε
1107 3337 1207 3407 τὴν
1236 3335 1588 3408 Ἰερουσαλὴμ
1616 3338 1644 3389 6
1673 3337 1974 3407 Ἀσσύριος,
2004 3337 2102 3389 οὐκ

503 3432 753 3502 ἐζήτησε
778 3429 876 3499 τὴν
901 3429 1008 3481 τῶν
1035 3428 1343 3497 Αἰγυπτίων
1359 3429 1696 3498 ἐπικουρίαν.
1716 3428 1944 3497 Ὠσηέδέ
1971 3428 2102 3498 μᾶλο

502 3523 597 3576 λον
614 3521 720 3576 τοῦ
751 3521 885 3573 Ἦλὰ
905 3519 1203 3590 βασιλεύων
1225 3520 1317 3574 ἐπὶ
1347 3520 1436 3572 τὸν
1465 3520 1677 3591 Ἰσραὴλ
1705 3520 1860 3572 τοῦτο
1887 3537 2100 3590 πεπρα-

505 3614 620 3683 χὼς
647 3612 992 3682 εὑρίσκεται.
1038 3610 1350 3683 Γέγραπται
1393 3610 1450 3665 δὲ
1480 3609 1651 3674 οὕτως
1679 3611 1736 3662 ἐν
1771 3613 1840 3680 τῇ
1868 3613 2100 3681 τετάρτῃ

2204 3252 2347 3304 dium
2401 3249 2777 3319 Egyptiorum
2826 3264 2927 3301 non
2994 3247 3270 3315 expetivit.
3329 3248 3399 3299 At
3443 3245 3616 3300 Oseas
3667 3245 3776 3299 Ela:

2206 3344 2345 3395 lilius
2392 3357 2612 3409 regnum
2664 3350 2850 3394 tenens
2888 3339 3139 3404 lsraelis,
3193 3339 3331 3392 istuc
3389 3338 3583 3394 fecisse
3623 3344 3773 3394 inve—

2205 3435 2368 3486 nitur.
2421 3431 2694 3502 Scriptum
2737 3441 2817 3484 est
2873 3431 3017 3484 enim
3054 3432 3131 3484 sic
3174 3441 3369 3500 quarto
3419 3431 3772 3500 Regnorum:

2209 3543 2226 3574 ι
2262 3523 2525 3576 Dnrmivit
2556 3532 2737 3575 autem
2771 3521 3023 3576 Achaeus
3078 3536 3200 3576 cum
3226 3522 3474 3590 patribus
3528 3523 3665 3584 suis,
3723 3534 3778 3576 et

2204 3615 2442 3681 sepultus
2470 3622 2554 3667 est
2599 3615 2650 3666 in
2688 3614 2907 3666 civitate
2960 3611 3200 3674 Davidis,
3236 3621 3292 3667 et
3335 3614 3578 3682 regnavit
3642 3614 3778 3667 Eze-

506 3703 618 3756 τῶν
649 3701 976 3756 Βασιλειῶν·
1002 3721 1020 3754 ι
1043 3703 1152 3755 Καὶ
1179 3700 1445 3771 ἐκοιμήθη
1465 3699 1639 3769 Ἀχαζ
1661 3699 1799 3771 μετὰ
1813 3700 1919 3752 τῶν
1943 3717 2044 3754 πατ
2054 3702 2106 3753 ἑο

512 3811 622 3864 ρο»
643 3793 844 3859 αὐτοῦ,
862 3793 958 3846 καὶ
984 3793 1154 3862 ἐτάφη
1174 3791 1230 3844 ἐν
1255 3791 1408 3845 πόλει
1425 3791 1605 3844 Δαϐίδ.
1632 3791 1742 3845 Καὶ
1757 3791 2106 3846 ἐϐασίλευσεν

2205 3707 2357 3758 chius
2384 3704 2524 3756 [ilius
2554 3705 2667 3770 ejus
2715 3719 2811 3771 pro
2868 3718 2952 3757 eo.
3002 3705 3159 3757 Anno
3212 3713 3389 3756 autem
3457 3704 3780 3758 duodecimo

2205 3798 2408 3852 Achaei
2473 3800 2613 3868 regis
2663 3797 2821 3860 Juda,
2884 3795 3128 3866 regnavit
3176 3797 3344 3851 Oscos
3397 3798 3538 3850 ﬁlius
3596 3797 3777 3851 Elmin

2209 3889 2476 3954 Smmrin,
2508 3891 2646 3959 apud
2680 3887 2952 3942 lsraelitas
2976 3903 3162 3942 novem
3189 3903 3374 3954 annos,
3414 3904 3476 3942 ac
3527 3890 3776 3956 designa-

2207 3983 2282 4034 vit
2315 3981 2512 4034 malum
2553 3983 2605 4033 in
2639 3979 2810 4033 oculis
2884 3978 3116 4040 Domini,
3148 3993 3332 4032 verum
3361 3994 3467 4032 non
3525 3986 3584 4031 ut
3626 3993 3778 4045 reges

2209 4072 2371 4126 Israel
2408 4071 2525 4140 ejus
2583 4071 2812 4139 majores
2867 4070 2930 4122 ".
2970 4087 2988 4120 ι
3058 4068 3210 4124 I-lunc
3261 4070 3456 4124 Oscam
3495 4068 3779 4124 Salmana-

2209 4177 2366 4216 sarus
2417 4177 2509 4216 rex
2541 4162 2912 4232 Assyriorum,
2972 4161 3112 4214 facta
3169 4160 3220 4213 in
3255 4175 3377 4214 eum
3435 4161 3778 4229 expeditione

523 3887 786 3958 Ἐζεκίας
827 3885 940 3948 υίὸς
974 3883 1138 3937 αὑτοῦ
1172 3883 1286 3936 ἀντ’
1316 3882 1506 3938 αὑτοῦ.
1552 3885 1640 3936 Ἐν
1677 3884 1786 3937 ἔτει
1818 3883 2105 3952 δωδεκάτῳ

513 3979 704 4049 ’Δχαζ
731 3976 996 4046 βασιλέως
1012 3977 1200 4041 Ἰούδα,
1219 3977 1568 4031 ἐϐασίλευσεν
1583 3978 1741 4046 Ὠσηέ
1770 3977 1884 4039 υίὸς
1902 3977 2030 4030 Ἠλὰ
2051 3979 2106 4030 ἐν

509 4071 810 4139 Σαμαρείᾳ
835 4056 926 4120 ἐπὶ
948 4069 1162 4140 Ἰσραὴλ
1189 4069 1342 4122 ἐννέα
1361 4067 1473 4138 ἐτη.
1500 4069 1608 4122 Καὶ
1630 4069 1850 4138 ἐποίησε
1873 4069 2106 4138 πονηρὸν

509 4165 570 4214 ἐν
592 4159 904 4228 ὁρθαλμοίς
923 4159 1149 4228 Κυρίου,
1170 4160 1307 4230 πλὴν
1322 4161 1421 4230 ούχ
1444 4160 1518 4222 ὡς
1542 4161 1590 4212 οἱ
1620 4158 1855 4228 βασιλεῖς
1871 4158 2105 4229 Ἰσραὴλ,

508 4256 559 4307 οἳ
592 4251 745 4325 ἦσαν
787 4250 1096 4322 ἔμπροσθεν
1127 4250 1313 4303 αὑτοῦ.
1358 4269 1374 4301 ι
1423 4251 1542 4302 Ἐπ’
1569 4248 1732 4303 αὐτὸν
1765 4248 1931 4319 ἀνέϐη
1977 4247 2109 4300 Σαλ-
2208 4258 2376 4326 ειη)θὲ

1900 4267 1931 4319 η
1977 4247 2109 4300 Σαλ-
2208 4256 2443 4326 subegit,
2477 4265 2532 4309 et
2567 4255 2818 4307 reddebat
2848 4254 2896 4307 ei
2925 4251 3135 4306 Manaa.
3157 4252 3218 4305 Et
3257 4250 3413 4321 183
3449 4251 3653 4304 invenit
3685 4266 3773 4306 rex

513 4343 789 4415 μανασὰρ
843 4342 1094 4411 βασιλεὺς
1159 4341 1478 4414 Ἀσσυρίων,
1526 4341 1621 4393 καὶ
1685 4340 1913 4410 ἐγενήθη
1962 4339 2109 4409 αύτῷ
2208 4349 2380 4416 Assyr

1907 4360 1913 4410 |
1962 4339 2109 4409 αὐτῷ
2208 4348 2558 4416 Assyriorum
2585 4347 2636 4398 in
2663 4342 2802 4398 Osea
2841 4343 3188 4413 iniustitiam,
3229 4345 3351 4412 quia
3393 4342 3536 4396 misit
3565 4343 3780 4396 nuntios

523 4435 699 4505 Ὠσηέ
745 4432 963 4495 δοῦλος·
1008 4434 1100 4485 καὶ
1141 4431 1475 4503 ἐπέστρεψεν
1533 4431 1680 4500 αὐτῷ
1731 4431 1950 4499 Μαναῆ.
1997 4429 2107 4483 Καὶ
2138 4487 2181 4539 D
2211 4441 2276 4492 ad
2300 4439 2396 4509 Seg

1908 4431 1950 4499 ἡ·
1997 4429 2107 4536 Ιξαὶ
2138 4487 2181 4539 D
2211 4441 2276 4492 ad
2300 4439 2470 4509 Segor
2505 4435 2952 4520 regemlEgypti;
2993 4443 3046 4488 et
3084 4449 3188 4487 non
3233 4434 3407 4487 attulit
3435 4432 3622 4485 Manaa
3669 4433 3781 4502 regi

511 4521 644 4598 εὗρε
692 4523 948 4594 βασιλεὺς
996 4523 1298 4594 ’Δσσυρίων
1343 4523 1400 4576 ἐν
1429 4521 1506 4592 τῷ
1547 4523 1705 4594 Ὠσηὲ
1748 4522 1980 4583 ἀδικίαν,
2023 4522 2106 4574 ὅτι
2138 4507 2181 4539 υ
2209 4507 2384 4600 Assyrj

1907 4537 1980 4583 ιν,
2023 4522 2106 4574 δτι
2138 4507 2181 4539 υ
2209 4532 2554 4600 Assyriorum
2595 4545 2738 4584 anno
2786 4507 2898 4581 illo.
2951 4528 3176 4582 Obsedit
3216 4542 3340 4580 eum
3382 4540 3474 4578 rex
3521 4524 3780 4593 Assyrio-

513 4619 860 4672 ἀπέστειλεν
905 4615 1167 4683 ἀγγέλους
1222 4615 1359 4684 πρὸς
1421 4614 1616 4685 Σηγὼρ
1660 4615 1880 4684 βασιλέα
1939 4614 2106 4682 Αἱγύ-
2216 4637 2368 4687 rum,

1939 4614 2106 4682 Αίγύ-
2216 4637 2331 4674 rum
2354 4661 2368 4687 ,
2423 4629 2477 4674 et
2513 4620 2698 4686 ligavit
2733 4619 2784 4672 in
2817 4619 2977 4671 domo
3005 4617 3285 4680 custodiae,
3322 4625 3374 4670 ct
3418 4617 3638 4669 adortus
3678 4613 3781 4667 Sa-

511 4725 660 4760 πτου
684 4721 696 4731 ⁸
729 4706 824 4758 καὶ
849 4705 950 4757 ούκ
975 4705 1173 4774 ἤνεγκε
1191 4705 1388 4758 Μαναὰ
1408 4703 1485 4773 τῷ
1506 4703 1710 4772 βασιλεῖ
1726 4703 2026 4773 Ἀσσυρίων
2049 4703 2109 4755 ἐν
2215 4711 2382 4764 maria

1906 4703 2026 4756 θεων
2049 4703 2109 4755 ἐν
2215 4711 2462 4774 mariam,
2499 4711 2788 4764 triennium
2827 4708 3058 4763 obsedit.
3108 4708 3237 4761 Illud
3283 4716 3458 4761 autem
3501 4705 3779 4761 sciendum

513 4799 595 4869 τῷ
627 4796 873 4866 ἐνιαυτῷ
904 4796 1118 4865 ἐκείνῳ.
1145 4796 1254 4848 Καὶ
1289 4795 1673 4866 ἐπολιόρκησεν
1705 4795 1865 4848 αὐτὸν
1897 4796 1926 4847 ὁ
1957 4794 2108 4863 βασι·
2214 4803 2386 4856 Acha;

1908 4796 1926 4847 5
1957 4794 2108 4863 βασι-
2214 4803 2486 4856 Acbazum
2504 4813 2708 4871 patrem
2727 4799 2988 4862 Ezechiae,
3017 4801 3473 4855 Damascenorum
3495 4812 3619 4866 rege
3659 4812 3781 4852 cum

513 4888 646 4953 λεὺς
699 4887 1024 4956 Ἀσσυρίων,
1059 4887 1153 4938 καὶ
1182 4884 1369 4956 ἔδησεν
1402 4886 1562 4938 αὑτὸν
1596 4888 1652 4937 ἐν
1682 4885 1814 4955 οἴκῳ
1842 4886 2108 4956 φυλακῆς,
2215 4895 2330 4963 ipso
2360 4897 2386 4946 ι,

1908 4886 2108 4956 ’λακῆςο
2215 4895 2330 4963 ipso
2360 4894 2552 4948 bellum
2581 4903 2824 4965 gerente,
2850 4894 3106 4947 auxilium
3131 4892 3199 4946 ab
3234 4891 3469 4960 Assyriis
3496 4891 3781 4957 coemiSSe,

516 4979 615 5032 καὶ
657 4977 834 5046 ἀνέϐη
871 4979 951 5038 είς
991 4977 1341 5045 Σαμάρειαν,
1376 4977 1470 5029 καὶ
1510 4976 1900 5046 ἐπολιόρκησεν
1943 4978 2114 5048 αὐτὴν
2215 4985 2389 5038 undev

1943 4978 2114 5048 αὐτὴν
2215 4985 2357 5038 unde
2367 4985 2712 5040 vehementer
2722 4986 2865 5040 Deus
2883 4993 3183 5039 commotus
3197 4983 3500 5038 est.lndnco
3515 4984 3694 5051 igitur,
3711 4984 3784 5034 in-

515 5070 653 5141 τρία
690 5069 808 5138 ἔτη.
847 5069 1042 5121 ’ἰστέον
1066 5067 1122 5120 δέ
1149 5069 1340 5121 ὅτικαλ⁵
1372 5067 1545 5137 Ἀχαζ
1571 5071 1598 5120 6
1642 5068 1878 5136 Ἑζεχίου
1910 5069 2110 5140 πατὴρ,
2216 5079 2388 5145 φημι

1910 5069 2110 5140 πατὴρ.
2216 5079 2351 5145 quit,
2370 5076 2578 5145 plagam
2596 5092 2758 5145 super
2784 5087 2854 5142 te,
2877 5087 2934 5130 ut
2959 5076 3141 5129 videas
3162 5075 3304 5128 viam
3321 5072 3537 5144 Egypti
3561 5093 3573 5126 :
3596 5089 3781 5127 verum

518 5158 902 5229 πολεμοῦντος
939 5157 1088 5228 αὐτῷ
1119 5156 1216 5211 τοῦ
1263 5159 1640 5229 Δαμασκηνῶν
1690 5159 1952 5228 βασιλέως
1975 5200 1990 5224 ,
2029 5159 2116 5224 ἐξ·
2215 5165 2364 5218 brevi

1912 5179 1952 5224 νς
1975 5200 1990 5224 ,
2029 5159 2116 5224 ἐξ·
2215 5165 2364 5218 brevi
2391 5176 2512 5233 post
2561 5174 2801 5233 tempore
2832 5164 3065 5218 cessabit
3123 5164 3200 5217 ira
3225 5202 3241 5228 ,
3291 5163 3440 5216 luror
3473 5177 3600 5218 vero
3635 5178 3785 5217 meus

517 5251 766 5319 ἐπρίατο
779 5246 884 5318 ’τὴν
912 5249 1236 5320 ἐπικουρίαν
1262 5251 1361 5320 τὴν
1395 5252 1546 5321 παρά
1565 5268 1626 5320 γε
1650 5251 1757 5303 τῶν
1793 5252 2114 5322 Ἀσσυρίων,
2217 5271 2379 5326 Super

1911 5252 2114 5322 rupium,
2217 5271 2379 5326 super
2405 5255 2689 5310 consilium
2720 5259 2981 5326 ipsorum.
3020 5254 3306 5310 Perierunt
3326 5256 3492 5316 enim,
3533 5264 3591 5306 ut
3649 5254 3784 5315 dixi,

659 5336 709 5408 ᾧ
755 5342 852 5394 καὶ
891 5342 1096 5412 σφόδρα
1135 5341 1429 5412 λελύπηται
1461 5342 1611 5404 Θεύς.
1663 5343 1882 5409 Ἐπὰγω
1909 5345 2111 5408 τοίνυν,
2221 5364 2316 5415 per
2339 5349 2392 5401 ir;

1914 5345 2111 5408 τοίνυν,
2221 5364 2316 5415 per
2339 5349 2473 5402 iram
2505 5349 2760 5402 divinam.
2787 5347 3027 5415 Cumque
3058 5348 3551 5414 statuissentipsam
3572 5359 3787 5415 quoque

521 5435 724 5503 φησιν,
778 5435 871 5486 ἐπὶ
922 5435 981 5485 σὲ
1028 5434 1264 5503 πληγὴν,
1315 5433 1406 5485 τοῦ
1459 5433 1584 5486 ἰδεῖν
1633 5434 1748 5486 ὁδὸν
1801 5435 2107 5501 Αἰγύπτουο
2220 5437 2394 5492 Jertts:

1914 5435 2107 5489 ύπτουο
2220 5437 2515 5493 Jerusalem
2569 5453 2780 5506 cupere,
2851 5453 2880 5490 a
2932 5453 3094 5507 scopo
3136 5440 3474 5501 aberrarunt,
3539 5444 3592 5490 et
3637 5434 3787 5488 irrita

520 5524 672 5594 πλὴν
712 5524 791 5575 ἔτι
838 5525 1048 5594 μικρὸν,
1087 5525 1183 5575 καὶ
1217 5523 1482 5576 παύσεται
1518 5527 1550 5595 ἡ
1586 5525 1742 5595 ὀργὴ,
1780 5529 1808 5578 6
1845 5526 1899 5579 δὲ
1947 5527 2114 5597 θυμός
2223 5529 2322 5583 fuit
2360 5546 2393 5584 ei

1947 5527 2114 5597 θυμός
2223 5529 2322 5583 fuit
2360 5545 2546 5584 eorum
2599 5529 2949 5591 machinatio,
2977 5529 3084 5584 Deo
3142 5531 3347 5584 exitum
3385 5534 3627 5581 vertente
3669 5537 3789 5578 om-

524 5634 632 5686 μου
669 5616 768 5667 ἐπὶ
801 5616 897 5685 τὴν
929 5615 1123 5686 βουλὴν
1151 5614 1346 5667 αὐτῶν.
1381 5615 1672 5670 Διολὼλασι
1696 5619 1824 5688 γὰρ,
1853 5617 1926 5682 ὡς
1957 5619 2112 5690 ἔφην,
2223 5623 2348 5677 nino
2372 5623 2397 5676 ί,

1635 5634 1672 5669 τι
1696 5619 1824 5688 γὰρ,
1853 5617 1926 5682 ὡς
1957 5619 2112 5690 ἔφην,
2223 5623 2348 5677 ιιὶιιο
2372 5623 2422 5677 in
2446 5623 2780 5679 contrarium
2805 5635 2999 5693 prwter
3029 5622 3508 5692 exspectationem.

594 5774 651 5804 ”
691 5769 761 5822 IV
799 5769 928 5838 Reg.
975 5787 1087 5833 xw,
1119 5770 1224 5834 9.0;
1262 5785 1395 5835 xv",
1430 5772 1478 5831 l.
1507 5773 1560 5826 ‘2.

864 5866 1135 5924 Parnm.
1182 5864 1299 5923 Gn.
1354 5865 1544 5925 LXX.
3406 5860 3480 5920 10
