4134 6516
649 386 755 443 299

1635 384 1694 439 S.
1734 381 2015 438 CYBILLI
2051 380 2518 438 ALEXANDRIM
2559 381 2881 439 ABGHIEP.

3805 377 3942 431 δοο

653 502 760 556 ὑπὸ
804 499 951 563 θείας
996 501 1185 571 ὀργῆς.
1230 500 1654 570 Βουλευσάμενοι
1682 501 1738 553 δὲ
1777 501 1871 554 καὶ
1924 501 2092 571 αὐτὴν
2130 501 2497 573 χειρώσασθαι
2535 503 2634 573 τὴν
2676 499 3054 573 Ἰερουσαλὴμ,
3102 500 3513 572 διημαρτήκασι
3549 499 3648 553 τοῦ
3685 514 3941 556 σκοπου,

653 598 747 651 καὶ
781 595 1004 663 γέγονεν
1032 596 1214 658 αὐτοῖς
1257 596 1534 665 ἄπρακτος
1565 596 1599 665 ἡ
1630 594 1839 663 σκέψις,
1858 594 1994 647 Θεοῦ
2033 594 2355 664 μεταθέντος
2377 598 2458 658 εἰς
2488 596 2597 650 πᾶν
2634 594 2943 650 τούναντίον
2975 595 3083 649 τῶν
3106 593 3589 665 προσδοκηθέντων
3610 595 3674 647 τὸ
3704 594 3927 664 πέρας,

729 687 889 741 Vens.
946 686 1035 742 26.
1092 685 1160 739 Et
1219 687 1464 741 excitabit
1509 687 1646 740 Deus
1684 689 1741 740 in
1801 703 1888 740 eos
1940 688 2225 741 secundum

2396 689 2508 743 Καὶ
2558 690 2823 758 ἐπεγερεῖ
2870 690 2904 743 ό
2974 690 3118 754 Θεὸς
3172 688 3265 741 ἐπ’
3302 690 3527 755 αὐτοὺς
3584 690 3735 743 κατὰ
3797 690 3938 755 τὴν

652 778 865 845 plagam
930 776 1172 841 Madian,
1221 777 1411 830 inloco
1446 776 1772 845 a/ﬂictionis,
1814 784 1862 829 et
1898 778 1981 830 ira
2024 776 2137 845 ejus
2170 778 2226 831 in

618 871 708 949 ‘iu
744 874 827 922 via
852 883 967 936 qua:
1000 883 1092 937 per
1121 884 1287 935 mare,
1321 869 1372 921 in
1414 869 1551 922 viam
1604 884 1722 937 qua:
1771 878 1848 923 est
1901 870 1969 923 ad
2020 869 2227 940 Egyp-

619 950 627 981 έ
654 968 787 1016 tum.

725 1049 1021 1113 Corruent,
1049 1049 1244 1113 inquit,
1280 1049 1358 1102 ira
1415 1064 1647 1118 superna
1698 1059 1753 1104 et
1805 1050 1986 1105 divina
2027 1052 2078 1105 in
2135 1066 2229 1107 eos

656 1142 869 1196 invecta
906 1159 918 1194 :
954 1155 1055 1195 nec
1084 1141 1193 1194 ullo
1217 1155 1435 1208 prorsus
1488 1140 1674 1194 labere
1708 1155 1841 1209 opus
1887 1142 1991 1195 erit
2044 1142 2221 1196 Israe-

658 1233 789 1285 litis.
834 1230 1076 1284 Evadeut
1124 1230 1266 1283 enim
1298 1228 1555 1296 victores,
1587 1246 1690 1283 non
1716 1232 2064 1299 areusjactu,
2120 1245 2226 1283 non

659 1339 912 1377 manuum
943 1323 1014 1385 vi,
1063 1337 1167 1376 non
1221 1320 1415 1375 bellica
1465 1319 1677 1388 peritia,
1712 1330 1768 1373 at
1825 1321 2004 1389 potius
2065 1335 2224 1373 manu

660 1415 839 1467 divina
868 1413 1199 1481 percutiente
1236 1421 1288 1464 et
1330 1409 1619 1478 superbum
1654 1410 1904 1478 pepulutn
1942 1410 2231 1463 conﬁcien-

663 1518 748 1571 te;
780 1505 1228 1575 quemadmodum
1261 1502 1500 1571 profecto
1550 1501 1748 1554 accidit
1786 1500 2113 1555 Madianitis.
2150 1501 2225 1554 llli

660 1599 801 1653 enim
862 1594 1119 1650 confertis
1168 1593 1468 1662 agminibus
1530 1602 1690 1661 atque
1736 1592 1848 1661 ipsa
1909 1601 2019 1646 tota
2072 1603 2229 1661 gente

659 1687 989 1756 congregati,
1030 1683 1336 1739 Judzeorum
1377 1698 1589 1737 omnem
1638 1685 1911 1751 regionem
1941 1696 2230 1752 prepemo-

659 1781 785 1832 dum
822 1778 1173 1832 infestabant;
1226 1783 1279 1829 et
1321 1775 1522 1843 ingenti
1590 1776 1784 1827 timore
1838 1774 2113 1843 perculsos
2164 1788 2226 1826 ex

658 1870 884 1923 urbibus
917 1879 972 1923 et
1001 1870 1133 1921 vicis
1166 1868 1400 1935 migrare
1450 1866 1647 1918 invitos
1694 1867 1982 1934 cogebant,
2034 1874 2092 1918 ut
2142 1863 2231 1917 vix

660 1963 712 2015 in
741 1960 1002 2013 montium
1056 1959 1356 2011 verticibus
1415 1957 1573 2023 idque
1621 1956 1808 2009 timide
1863 1954 2226 2009 considerent.

2328 778 2573 847 πληγὴν
2614 779 2849 847 Μαδιὰμ
2880 778 2952 832 ἐν
2981 779 3143 843 τόπῳ
3183 780 3463 849 θλίψεως,
3507 781 3606 834 καί
3654 783 3688 834 ὀ
3728 780 3942 849 θυμὸς

2327 868 2514 922 αὐτοῦ
2563 867 2639 936 τῇ
2676 867 2794 933 ὀδῷ
2825 867 2901 937 τῇ
2930 869 3082 924 κατὰ
3125 869 3467 937 θάλασσαν,
3507 872 3596 936 είς
3629 866 3748 937 τὴν
3771 869 3945 924 ὁδὸν

2327 957 2446 1026 τὴν
2474 958 2602 1012 κατ’
2635 959 2961 1028 Αἴγυπτον.

2398 1050 2716 1115 Πεσοῦνται,
2760 1051 2945 1120 φησὶν,
2981 1051 3153 1125 ὀργῆς
3194 1052 3285 1104 ἐπ’
3324 1051 3509 1115 αὐτοῖς
3541 1050 3943 1122 ἐπνηνεγμέο

2329 1155 2427 1209 νης
2484 1139 2582 1209 τῆς
2620 1139 2826 1193 ἄνωθεν
2860 1141 2956 1193 καὶ
2990 1142 3141 1212 παρὰ
3174 1142 3306 1195 Θεοῦ
3328 1158 3343 1175 ⁸
3388 1142 3483 1196 καὶ
3519 1142 3736 1205 οὐδενὸς
3779 1157 3941 1194 πειν-

2327 1225 2495 1291 τελῶς
2520 1228 2700 1298 δεήσει
2728 1230 2890 1282 πόνου
2914 1232 3027 1293 τοῖς
3051 1230 3111 1295 ἐξ
3138 1231 3755 1301 Ἰσραήλ.οΠεριέσονται
3778 1231 3939 1302 γὰρ,

2329 1318 2388 1370 οὐ
2424 1318 2590 1381 τόξων
2623 1318 2826 1388 βολαῖς,
2871 1320 2971 1374 οὐκ
3004 1321 3287 1392 εὐσθενείᾳ
3324 1323 3545 1393 χειρῶν,
3587 1327 3647 1377 οὐ
3694 1327 3942 1393 πολεμιο

2330 1407 2450 1471 καίς
2486 1409 2799 1479 ἐμπειρίαις
2824 1409 3115 1480 χρώμενοι,
3145 1412 3480 1481 κρατήσουσι
3507 1412 3565 1466 δέ
3599 1413 3805 1483 μᾶλλον
3831 1412 3944 1464 διὰ

2329 1499 2511 1569 χειρὸς
2540 1500 2697 1563 Θεοῦ,
2729 1501 3072 1571 πληττούσης
3094 1519 3154 1554 τε
3186 1502 3283 1556 καὶ
3306 1502 3634 1573 δαπανώσης
3658 1502 3753 1556 τὸν
3782 1503 3938 1557 ἁλα-

2330 1589 2457 1654 ζόνα
2484 1580 2642 1643 λῖαόν⁹
2677 1591 2931 1662 καθάπερ
2969 1592 3162 1662 ἀμέλει
3197 1593 3396 1664 συνέϐη
3438 1593 3630 1647 παθεῖν
3659 1596 3755 1647 καὶ
3792 1594 3940 1647 Μα-

2328 1680 2622 1750 διηναίους.
2658 1683 2719 1734 Οἱ
2758 1682 2853 1751 μὲν
2880 1682 2989 1753 γὰρ
3020 1684 3163 1736 κατὰ
3193 1683 3400 1754 πληθὺν
3433 1685 3526 1737 καὶ
3558 1684 3701 1738 κατὰ
3758 1684 3945 1751 γένος

2332 1771 2731 1843 συνειλεγμένοι
2766 1773 3153 1841 κατεληίζοντο
3195 1774 3294 1844 μὲν
3321 1775 3519 1846 μικροῦ
3548 1775 3658 1828 δεῖν
3696 1778 3944 1830 ἃπασαν

2329 1866 2426 1937 τὴν
2457 1863 2564 1917 τῶν
2607 1863 2880 1917 Ἰουδαίων
2917 1864 3124 1935 χώραν,
3164 1867 3260 1919 καὶ
3293 1867 3566 1937 ἀφόρητον
3598 1869 3789 1930 αὐτοῖς
3834 1870 3946 1935 ἐμ-

2333 1954 2609 2017 ποιοῦντες
2638 1953 2699 2007 τὸ
2726 1952 2917 2023 δεῖμα,
2953 1954 3159 2008 πόλεων
3209 1955 3308 2025 μὲν
3349 1957 3443 2010 καὶ
3482 1957 3686 2026 κωμῶν
3730 1958 3941 2009 ἁπαν-

659 2056 729 2107 At
763 2051 1033 2107 succurrit
1073 2061 1181 2103 tum
1210 2061 1420 2117 quoque
1458 2048 1617 2111 Deus,
1642 2056 1696 2101 et
1748 2063 1908 2099 manu
1966 2044 2231 2101 Gedeonis

2340 2045 2586 2099 ίστασθαι
2615 2045 2710 2098 καὶ
2760 2045 2857 2113 οὐχ
2891 2045 3111 2109 ἐκόντας
3158 2047 3487 2114 ἠνάγκαζον,
3540 2048 3942 2112 ἐναυλίζεσθαι

662 2146 1032 2215 periclitantes
1093 2139 1450 2201 conservavit,
1496 2153 1659 2206 parva
1710 2139 1995 2190 admodum
2067 2153 2226 2190 manu

662 2235 981 2289 subsidiaria
1041 2233 1338 2286 instructus
1392 2246 1407 2282 :
1461 2229 1552 2297 qui
1585 2242 1744 2281 noctu
1798 2229 1928 2281 etin
1967 2228 2228 2292 tenebris,

664 2325 870 2394 hydriis
897 2323 1207 2388 contractis,
1240 2320 1445 2375 facibus
1489 2321 1747 2384 osteusis,
1782 2321 2041 2373 cornibus
2100 2321 2231 2375 bue-

662 2415 993 2476 cinantihus,
1067 2411 1504 2466 adversariorum
1573 2412 1863 2480 phalanges
1924 2412 2226 2465 turbarunt.

665 2505 743 2559 Ex
771 2519 879 2573 quo
904 2503 1029 2557 illud
1049 2503 1260 2557 demmu
1286 2502 1590 2555 Madianitis
1617 2500 1830 2563 accidit,
1854 2510 1911 2555 ut
1932 2500 2064 2555 l‘usis
2087 2503 2232 2555 ordi-

664 2599 842 2659 nibus,
881 2596 988 2650 Deo
1016 2595 1302 2648 eullidente
1332 2608 1395 2647 ac
1448 2600 1783 2655 conterente,
1815 2602 1870 2645 et
1901 2600 2059 2645 noctu
2097 2591 2233 2644 ami-

662 2705 783 2743 cum
802 2697 855 2742 et
877 2697 1158 2756 cognatum
1190 2686 1257 2739 ab
1295 2683 1517 2737 inimico
1542 2682 2115 2747 nouinternoscentes,
2148 2682 2232 2736 itt-

664 2790 747 2835 ter
781 2794 837 2834 se
884 2776 1149 2831 commisti
1199 2791 1263 2829 ac
1305 2774 1579 2829 commissi
1627 2773 1844 2839 fuerint,
1883 2783 1936 2827 et
1971 2773 2235 2828 hostiliter

664 2869 889 2924 invicem
909 2865 1200 2924 smvierint,
1232 2878 1560 2931 suorumque
1595 2863 1845 2916 manibus
1882 2860 2044 2932 185
2072 2863 2236 2916 mise-

663 2958 904 3013 rabiliter
931 2952 1595 3022 disperierint.lnducetur
1622 2954 1824 3022 itaque,
1850 2952 2043 3019 inquit,
2080 2951 2228 3019 juxta

662 3055 869 3125 plagam
897 3050 1122 3104 Madiam
1187 3047 1382 3100 inloco
1437 3046 1765 3100 alllictiouis.
1820 3044 2020 3098 Locum
2056 3057 2234 3098 autem

662 3143 966 3200 alllictionis
1000 3157 1094 3195 seu
1156 3149 1364 3206 tempus
1434 3137 1697 3199 nominat,
1761 3151 1868 3204 quo
1917 3135 2031 3188 haec
2095 3133 2237 3187 facta

663 3247 808 3295 sunt.
844 3234 996 3302 Quod
1045 3240 1222 3286 autem
1287 3230 1523 3283 furorem
1572 3229 1789 3283 barbari
1869 3239 2072 3281 tantum
2128 3244 2235 3281 non

664 3333 918 3385 aberrare
945 3328 1144 3381 faceret
1180 3325 1339 3385 Deus,
1367 3332 1420 3376 et
1447 3322 1499 3375 in
1565 3322 1697 3375 alios
1734 3322 1882 3374 illum
1939 3331 2230 3381 averteret.

664 3422 934 3490 signiﬁcat
986 3417 1213 3471 dicens:
1249 3414 1315 3467 Et
1363 3414 1440 3467 ira
1471 3413 1587 3480 ejus
1612 3414 1664 3465 iu
1721 3413 1803 3466 via
1830 3428 1950 3481 qua:
1994 3422 2076 3466 est
2138 3428 2234 3481 per

666 3528 838 3576 mare,
863 3511 914 3565 in
942 3510 1081 3562 viam
1107 3521 1225 3574 qua:
1249 3514 1330 3559 est
1353 3505 1404 3558 in
1444 3503 1759 3573 JEgyptum.
1800 3503 1914 3556 Rex
1945 3504 2084 3557 enim
2138 3504 2237 3557 As-

665 3602 936 3673 syriorum
992 3593 1515 3663 Tbeglaphalasarus
1551 3591 1629 3661 (is
1662 3601 1744 3647 est
1800 3592 1890 3659 qui
1936 3591 2237 3645 Samariam

664 3696 718 3747 vi
748 3686 1169 3759 expugnaverat)
1201 3684 1455 3738 tributum
1520 3681 1915 3735 habitatoribus
1958 3683 2235 3750 imposuit,

665 3794 719 3840 ct
750 3780 972 3851 vectigal
1020 3779 1087 3832 ab
1142 3778 1223 3830 his
1268 3775 1359 3844 qui
1421 3775 1843 3830 succedentibus
1905 3775 2239 3842 temporibus

666 3881 955 3943 regnarent
990 3870 1040 3921 in
1091 3867 1496 3936 lsrael,exegit.
1539 3866 1671 3920 Cum
1716 3866 1824 3920 huc
1882 3867 2096 3919 demum
2154 3882 2238 3921 res

668 3966 922 4023 venisset,
958 3971 1010 4015 et
1032 3961 1329 4029 subegisset
1360 3958 1661 4011 Samariam
1701 3957 1867 4012 Oseas
1900 3958 2043 4011 (ilius
2105 3956 2234 4021 Elae,

666 4074 772 4113 non
807 4055 953 4109 misit
987 4054 1098 4119 regi
1132 4052 1478 4121 Assyriorum
1509 4048 1719 4114 Manna,
1775 4051 1916 4103 sicut
1975 4051 2234 4117 scriptum

666 4160 770 4209 est,
798 4156 849 4202 et
877 4162 996 4200 cum
1034 4159 1154 4197 eum
1185 4143 1341 4195 valde
1380 4140 1641 4195 ollensum
1667 4141 2035 4204 intellexisset,
2072 4140 2231 4211 [Egy-

666 4243 901 4311 ptiorum
932 4250 1144 4290 manmu
1208 4233 1258 4285 iu
1312 4232 1610 4286 subsidium
1654 4232 1934 4295 conduxit,
1970 4232 2236 4300 siquidem

664 4330 824 4385 vellet
852 4329 898 4381 is
937 4325 1029 4394 qui
1056 4322 1251 4376 tributa
1293 4328 1349 4373 et
1380 4319 1664 4388 vectigalia
1700 4321 1995 4383 indixerat,
2052 4321 2103 4373 in
2144 4334 2239 4374 eos

665 4423 781 4490 iure
818 4420 942 4474 belli
983 4414 1209 4469 armari.
1243 4411 1571 4467 Premittere
1601 4411 1673 4465 illi
1706 4413 1919 4480 quidem
1970 4412 2234 4467 lubentis-

665 4516 819 4577 sime,
867 4510 955 4579 qui
1005 4517 1114 4561 tum
1171 4505 1439 4575 Egyptiis
1522 4505 1928 4573 imperitabant.
1980 4505 2237 4575 Assyrius

2332 2137 2389 2189 δὲ
2434 2137 2611 2206 μόλις,
2640 2136 2734 2189 καὶ
2766 2136 2924 2188 τοῦτο
2962 2137 3223 2208 περιδεῶς
3264 2142 3383 2201 ταῖς
3422 2138 3530 2191 τῶν
3576 2141 3712 2210 ὀρῶν
3741 2158 3941 2210 κορυο

2333 2230 2478 2294 φαῖς.
2526 2227 2667 2279 Ἀλλ’
2697 2228 2945 2299 ἐπήμυνε
2989 2230 3083 2280 καὶ
3119 2228 3239 2281 τότε
3271 2230 3424 2293 Θεὸς,
3463 2232 3556 2283 καὶ
3592 2232 3804 2285 σέσωκε
3838 2250 3943 2284 κε-

2332 2319 2746 2383 κινδυνευκότας
2803 2319 2891 2373 διὰ
2938 2322 3119 2391 χειρὸς
3174 2321 3385 2376 Γεδεὼν
3438 2323 3633 2396 κομιδῇ
3691 2324 3941 2395 βραχεξ

2333 2411 2555 2481 ἔχοντας
2582 2415 2709 2474 τοὺς
2739 2412 3127 2478 συνασπιστὰς,
3154 2413 3205 2465 οἳ
3238 2417 3333 2465 καὶ
3376 2414 3475 2477 τὰς
3513 2415 3620 2467 τῶν
3653 2416 3943 2468 ἐναντίων

2333 2501 2731 2571 τεθορυϐήκασι
2775 2501 3084 2571 φάλαγγας,
3139 2504 3196 2555 ἐν
3251 2503 3408 2555 νυκτὶ
3454 2503 3549 2556 καὶ
3596 2503 3772 2573 σκότῳ
3830 2504 3944 2565 τὰς

2334 2589 2521 2658 ὑδρίας
2553 2588 3005 2659 συνθραύσαντες.
3035 2592 3131 2644 καλ⁸
3147 2592 3312 2663 δᾷδας
3351 2592 3772 2662 ἐπιδειξάμενοι,
3833 2595 3945 2646 καὶ

2335 2681 2693 2745 σαλπίσαντες
2732 2685 2853 2746 ταῖς
2894 2684 3231 2753 κερατίναις,
3272 2685 3412 2737 ὥστε
3452 2686 3545 2738 καί
3591 2704 3641 2739 τι
3673 2686 3944 2739 τοιοῦτον

2336 2773 2531 2844 συνέϐη
2586 2773 2779 2827 παθεῖν
2817 2776 2929 2838 τοίς
2971 2775 3035 2827 ἐκ
3078 2776 3324 2847 Μαδιάμ.
3386 2778 3602 2849 Ἐπειδὴ
3642 2778 3749 2850 γὰρ
3798 2796 3946 2830 συν-

2335 2866 2501 2937 εχύθη
2544 2866 2612 2919 τά
2651 2867 2933 2936 τάγματα,
2972 2868 3404 2933 καταπτοοῦντος
3436 2869 3592 2935 Θεοῦ,
3619 2870 3944 2941 διακρίνειν

2335 2959 2436 3011 οὐκ
2465 2958 2677 3027 ἔχοντες
2711 2960 2785 3022 ὡς
2829 2961 2887 3011 ἐν
2928 2960 3103 3030 σκότῳ
3134 2962 3225 3014 καὶ
3269 2962 3444 3026 νυκτὶ,
3476 2963 3560 3026 τίς
3607 2965 3634 3015 ὁ
3671 2963 3865 3030 φίλος,
3903 2963 3941 3033 ἢ

2339 3050 2632 3121 συγγενὴς,
2664 3051 2696 3121 ἦ
2730 3051 2809 3114 τίς
2842 3053 2870 3103 ὁ
2902 3052 3179 3123 πολέμιος,
3211 3053 3599 3108 συνεπλέκοντο
3629 3056 3725 3126 μὲν
3747 3056 3944 3127 ἀλλή-

2341 3143 2476 3206 λοις,
2528 3143 2695 3212 ἔδρων
2723 3142 2879 3196 δὲτὰ
2926 3144 3034 3196 τῶν
3083 3144 3329 3216 ἐχθρῶν,
3366 3146 3459 3199 καὶ
3508 3148 3627 3209 ταῖς
3670 3146 3946 3215 ἀλλήλων

2339 3236 2526 3305 χερσὶν
2554 3235 2785 3306 οἰκτρῶς
2822 3235 3157 3290 διολώλασιν.
3225 3237 3673 3307 Ἐπενεχθήσεται
3714 3238 3944 3303 τοίνυν,

2346 3326 2525 3396 θησὶν,
2562 3326 2701 3379 κατὰ
2740 3327 2837 3396 τὴν
2880 3327 3094 3397 πληγὴν
3126 3328 3225 3397 τὴν
3269 3327 3497 3397 Μαδιάμ
3534 3330 3589 3380 ἐν
3624 3329 3773 3398 τόπῳ
3815 3329 3948 3382 0).!-

2341 3416 2507 3488 ψεως.
2539 3418 2715 3471 Τόπον
2766 3418 2822 3471 δὲ
2866 3417 3119 3485 θλίψεως,
3153 3421 3271 3490 ἦτοι
3316 3420 3507 3491 καιρὸν
3539 3419 3803 3490 ὀνομάζει
3846 3421 3947 3473 τὸν

2342 3511 2399 3563 ἐν
2427 3504 2470 3579 ᾧ
2500 3511 2656 3564 ταυτὶ
2684 3510 2935 3579 γενέσθαι
2968 3509 3332 3580 συμϐέϐηκεν.
3369 3511 3491 3563 Ὀτι
3535 3511 3590 3562 δέ
3638 3511 3948 3581 μονονουχὶ

2341 3603 2434 3653 καὶ
2455 3602 2824 3671 ἁποπλανήσει
2855 3601 2987 3665 Θεὸς
3018 3602 3109 3655 τὸν
3132 3600 3226 3653 τοῦ
3258 3593 3534 3673 βαρϐάρου
3581 3602 3783 3671 θυμὸν,
3842 3603 3947 3655 καὶ

2340 3692 2426 3758 ἐφ’
2452 3692 2675 3761 ἐτέρους
2716 3692 2877 3745 αὐτὸν
2913 3691 3275 3762 παρατρέψει,
3322 3692 3657 3763 καταμηνύει
3710 3692 3943 3763 λέγῳψ

2341 3788 2450 3841 Kal.
2490 3789 2518 3838 ὁ
2551 3758 2728 3857 ’θυμὸς
2783 3786 2947 3841 αὐτοῦ
2976 3758 3041 3859 τῇ
3212 3790 3277 3858 τῇ
3333 3758 3482 3839 κατὰ.
3508 3758 3946 3849 θνάλασσαννῖείς

2339 3876 2436 3946 τὴν
2462 3876 2578 3930 ὁδὸν
2620 3876 2718 3947 τὴν
2769 3878 2885 3930 κατ’
2921 3877 3216 3944 Αἴγυπτον.
3276 3878 3333 3930 '0
3371 3877 3469 3946 μὲν
3503 3876 3610 3948 γὰρ
3650 3876 3761 3929 τῶν
3797 3878 3943 3929 Ἀσο

2342 3967 2543 4037 συρίων
2580 3967 2831 4037 βασιλεὺς
2853 3967 3307 4038 Θεγλαφαλασάρ,
3339 3961 3494 4030 οὗτος
3517 3963 3585 4038 ἦν
3616 3965 3752 4019 ἐλὼν
3782 3968 3943 4021 κατὲ

2340 4057 2539 4127 κράτος
2592 4058 2691 4127 τὴν
2744 4059 3077 4127 Σαμάρειαν,
3130 4058 3371 4127 δασμοὺς
3426 4057 3658 4125 ἐπέθηκε
3703 4059 3826 4119 τοῖς
3864 4059 3944 4110 ol-

2341 4146 2526 4199 κοῦσιν
2555 4148 2743 4215 αὐτὴν,
2787 4147 2912 4217 τέλη
2946 4164 3005 4200 τε
3050 4148 3144 4199 καὶ
3185 4148 3384 4217 φόρους
3413 4147 3590 4217 ἐξῄτει
3624 4148 3752 4208 τοὺς
3785 4148 3943 4201 κατᾶ

2340 4237 2529 4307 καιρὸν
2591 4236 2972 4307 βασιλεύοντας
3017 4238 3112 4291 ἐπὶ
3158 4238 3249 4290 τὸν
3305 4239 3540 4308 Ἰσραήλ.
3595 4239 3818 4309 Ἐπειδὴ
3883 4240 3940 4293 δὲ

2339 4323 2472 4399 ἧκεν
2533 4330 2611 4391 εἰς
2678 4328 2862 4392 τοῦτο,
2932 4330 3024 4383 καὶ
3084 4330 3396 4400 κεκράτηκε
3446 4330 3547 4399 τῆς
3609 4330 3942 4401 Σαμαρείας

2352 4420 2509 4489 Ὠσηέ
2541 4422 2652 4483 υίὸς
2700 4420 2851 4482 Ἦλὰ,
2878 4422 2977 4473 οὐκ
3008 4420 3221 4491 ἔπεμψε
3252 4422 3449 4475 Μαναὰ
3480 4421 3557 4491 τῷ
3586 4420 3798 4491 βασιλεῖ
3814 4422 3939 4473 τῶν

2352 4511 2671 4579 Ἀσσυρίων,
2708 4512 2851 4565 καθὰ
2878 4514 3207 4583 γέγραπται.
3250 4513 3468 4584 Ἐπειδὴ
3499 4512 3557 4565 δὲ
3590 4512 3703 4584 ⁴ᾔδει
3743 4512 3938 4583 πάντη

665 4614 846 4659 autem
893 4600 977 4653 his
1030 4596 1294 4659 olfcnsus,
1349 4611 1470 4649 cum
1541 4595 1686 4649 omni
1750 4598 1991 4649 exercitu
2048 4609 2231 4652 contra

2337 4619 2396 4655 τε
2426 4602 2519 4655 καὶ
2554 4603 2770 4665 πάντως
2811 4606 3015 4656 ἐκεῖνον
3046 4606 3517 4676 ὰγανακτήσοντα,
3554 4605 3651 4674 τὴν
3688 4605 3800 4656 τῶν
3827 4607 3935 4657 Αί-

663 4692 945 4765 Ᾱὶεγριίοε
993 4689 1390 4758 expeditionem
1452 4686 1743 4740 adornare:
1786 4686 2231 4754 gubernatoribus

2343 4709 2411 4761 γυ
2424 4693 2591 4745 πτίων
2621 4695 3015 4764 κατεμισθοῦτο
3043 4700 3199 4767 χεῖρα
3230 4697 3370 4768 πρὸς
3399 4697 3741 4767 ἐπικουρίαν,
3775 4698 3823 4748 εἰ
3868 4697 3935 4769 δὴ

666 4788 806 4841 illius
834 4788 935 4839 hoc
968 4781 1211 4838 criminis
1249 4780 1539 4843 intentare,
1584 4779 1727 4846 quod
1762 4775 1929 4832 Oseas
1962 4778 2231 4843 resilierit,

2337 4783 2578 4854 βούλοιτο
2605 4786 2697 4837 τὸν
2726 4787 2964 4855 πολέμου
3000 4790 3162 4857 νόμον
3191 4788 3508 4851 ὁπλίζεσθαι
3526 4789 3650 4840 κατ’
3686 4788 3880 4840 αὐτῶν
3905 4789 3933 4840 ὁ

666 4878 930 4947 acjugum
961 4871 1287 4932 excusserit,
1336 4868 1635 4924 insolentia:
1663 4883 1791 4921 ansa
1827 4877 2066 4937 arrepta,
2094 4871 2231 4938 quod

2336 4876 2572 4947 δασμοὺς
2607 4877 2815 4940 ἐπιθεὶς
2852 4880 2946 4931 καὶ
2981 4879 3131 4949 τέλη.
3166 4879 3649 4949 Καθυπισχνοῦντο
3680 4880 3737 4931 δέ
3766 4878 3937 4932 τοῦτο

666 4970 938 5041 snppetias
961 4962 1181 5035 polliciti
1219 4960 1466 5015 fuissent.
1499 4960 1681 5028 Itaque
1733 4960 1945 5015 barbari
1975 4959 2231 5029 furorem,

2337 4968 2429 5021 καὶ
2462 4968 2606 5037 μάλα
2646 4968 2880 5037 ἑτοίμως
2923 4972 2971 5022 οἱ
3006 4969 3114 5022 τῶν
3150 4971 3464 5039 Αἰγυπτίων
3502 4969 3837 5041 κρατοῦντες
3876 4972 3937 5023 τὸ

668 5056 1119 5130 quemadmodum
1154 5054 1266 5122 jam
1308 5051 1438 5114 dixi,
1475 5050 1602 5104 hinc
1632 5051 1919 5119 signiﬁcat,
1950 5052 2231 5118 inquiens:

2336 5059 2611 5128 τηνικάδε.
2684 5061 2823 5131 Πρὸς
2886 5061 3043 5113 τοῦτο
3099 5060 3468 5133 λελυπημένος
3516 5065 3544 5116 δ
3608 5061 3923 5131 Ἀσσύριος,

668 5154 733 5207 Ει
767 5153 843 5206 ira
877 5150 993 5216 ejus
1024 5148 1074 5200 in
1100 5148 1184 5198 via
1217 5159 1313 5213 per
1343 5158 1511 5209 mare,
1548 5146 1598 5196 in
1634 5145 1774 5195 viam
1821 5146 1887 5198 ad
1922 5143 2231 5213 ZEgypInm.

2341 5150 2684 5219 πανστρατιᾷ
2737 5150 2954 5203 κατέθει
3007 5150 3106 5221 τήν
3164 5153 3497 5219 Αἰγυπτίων,
3531 5151 3791 5221 ἔγκλημα
3816 5156 3937 5217 τοῖς

665 5242 923 5298 Aecolunt
948 5239 1090 5294 enim
1121 5251 1271 5290 mare
1327 5224 1819 5303 llierosolymitani,
1855 5236 1995 5287 viam
2054 5248 2231 5289 autem

2338 5239 2634 5307 κρατοῦσιν
2662 5240 2830 5309 αὐτῆς
2863 5243 3039 5295 ἐκεῖνο
3065 5242 3254 5307 τιθεὶς,
3298 5243 3358 5298 τὸ
3387 5245 3798 5314 ἀποσκιρτῆσαι
3835 5245 3935 5297 τὸν

666 5334 733 5387 ad
776 5342 973 5387 terram
1035 5327 1414 5399 Egyptiorum
1467 5326 1770 5386 ducentem,
1824 5335 1878 5378 et
1925 5340 2056 5379 sane
2100 5330 2231 5380 citra

2351 5330 2528 5399 Ὠσηὲ,
2561 5334 2654 5385 καὶ
2684 5333 3080 5387 ἀποσείσασθαι
3119 5335 3208 5387 τὸν
3243 5335 3408 5388 αὑτοῦ
3437 5335 3621 5401 ζυγὸν,
3662 5334 3934 5397 ἀπονοίας

667 5423 928 5485 laborem,
960 5419 1096 5474 mari
1129 5417 1362 5470 vicinam
1394 5413 1557 5467 etiam
1583 5412 1757 5465 adhuc
1792 5413 2090 5480 appellant.

2337 5420 2568 5474 λαϐόντα
2611 5423 2885 5493 πρόφασιν
2935 5425 3031 5494 τῆς
3068 5427 3208 5496 παρ’
3240 5426 3417 5478 αὐτῶν
3470 5426 3791 5493 ἐπικουρίας
3831 5425 3934 5494 τὴν

665 5514 978 5584 ὑπόσχεσιν.
1037 5512 1161 5564 Ὅτι
1216 5508 1392 5561 τοίνυν
1430 5505 1520 5558 τὸν
1569 5504 1663 5557 τοῦ
1718 5503 1991 5576 βαρϐάρου
2048 5505 2236 5576 θυμὸν,
2279 5511 2533 5586 καθάπερ
2599 5516 2735 5587 ἔφην
2779 5517 3002 5588 ἀρτίως,
3053 5519 3348 5588 μεταθήσει
3388 5518 3517 5580 Θεὸς
3554 5519 3638 5584 ἐφ’
3684 5518 3929 5587 ἑτέρους,

663 5609 1072 5681 διαμεμήνυκεν
1111 5603 1300 5657 εἰπών·
1333 5602 1441 5656 Καὶ
1478 5603 1506 5654 ό
1536 5601 1704 5669 θυμὸς
1731 5601 1892 5653 αὑτοῦ
1911 5603 1977 5671 τῇ
2008 5601 2113 5672 ὁδῷ
2137 5606 2203 5674 τῇ
2236 5607 2380 5661 κατὰ
2415 5610 2713 5677 θάλασσαν,
2756 5614 2835 5675 εἰς
2862 5612 2960 5684 τὴν
2995 5613 3117 5666 ὁδὸν
3157 5613 3255 5685 τὴν
3301 5615 3423 5669 κατ’
3466 5614 3765 5681 Αἴγυπτον.
3810 5610 3932 5662 Ἀν-

664 5701 894 5773 ᾠκισται
938 5697 1035 5767 μὲν
1073 5695 1183 5764 γὰρ
1221 5693 1494 5763 θαλάσσης
1534 5691 1601 5744 τὰ
1637 5691 1998 5763 Ἰεροσόλυμα,
2048 5692 2164 5745 ὁδὸν
2192 5692 2248 5746 δὲ
2288 5697 2385 5769 τὴν
2424 5701 2566 5771 πρὸς
2597 5702 2694 5774 τὴν
2736 5703 2847 5757 τῶν
2875 5705 3184 5773 Αἰγυπτίων
3212 5706 3483 5777 φέρουσαν
3514 5706 3607 5758 καὶ
3649 5704 3775 5756 λίαν
3802 5700 3934 5771 ἀμσ-

675 5794 824 5866 γητὶ,
866 5792 966 5863 τὴν
1010 5789 1284 5861 θαλάσσης
1319 5790 1533 5859 γείτονα
1575 5788 1668 5843 καὶ
1716 5790 1795 5851 είς
1831 5787 1988 5859 δεῦρό
2027 5804 2208 5856 φασιν.
