4134 6494
238 379 336 438 301
1330 369 1398 426 IN
1437 370 1673 428 ISAIAM
1711 368 1844 427 LIB.
1880 369 1921 424 l.
1981 367 2190 426 ORAT.
2231 369 2320 424 Vl.

3381 370 3486 424 509.

305 497 414 553 Καί
443 497 616 552 ἔσται
636 495 709 550 ἐν
733 493 809 563 τῇ
841 493 1031 564 ἡμέρᾳ
1056 492 1278 561 ἐκείνῃ,
1338 492 1815 562 Ἆφαιρεθήσεται

1988 491 2156 546 Vens.
2185 491 2276 544 27.
2305 488 2376 543 Et
2420 489 2520 544 erit
2548 487 2601 542 in
2623 487 2709 541 die
2753 487 2870 554 illa,
2899 486 3134 541 Tolletur
3161 487 3318 540 timor
3371 486 3485 554 ejus

236 592 270 642 ό
301 590 491 657 φόϐος
518 585 718 640 αὐτῶν
764 585 884 640 ἀπὸ
909 582 1049 649 σοῦ,
1092 583 1190 637 καί
1216 586 1249 637 ό
1279 582 1452 653 ζυγὸς
1481 583 1666 638 αὑτοῦ
1694 583 1814 638 ἀπὸ

1925 583 2030 649 tibi,
2056 595 2102 637 et
2123 584 2310 652 jugum
2368 581 2481 650 ejus
2509 581 2574 634 ab
2629 579 2842 635 humero
2875 590 2986 644 tuo,
3024 589 3070 634 et
3119 591 3486 647 corrumpetur

234 679 344 731 τοῦ
371 677 535 746 ὤμου
569 691 706 739 σου,
740 675 840 728 καί
866 673 1385 743 καταφθαρήσεται
1418 677 1451 729 ὁ
1478 672 1650 744 ζυγός
1696 673 1815 727 ἀπὸ

1925 673 2098 742 iugum
2125 673 2190 725 ab
2217 671 2449 724 humeris
2478 670 2682 723 vestris.

235 769 356 822 τῶν
385 768 560 837 ὤμω·
595 765 785 836 ὑμῶν.

311 861 491 929 Ἐφην
529 860 610 912 ὅτι
643 858 884 927 δασμοὺς
929 856 1168 910 ἐπέθηκε
1215 859 1329 920 τοῖς
1361 854 1422 920 ἐξ
1466 854 1683 925 Ἰσραὴλ
1723 871 1817 908 κε-

238 948 532 1020 κρατηκὼς
563 951 592 1002 6
637 947 942 1018 Ἀσσύριος,
985 947 1082 1001 καὶ
1135 947 1434 1017 σκήπτροις
1486 945 1637 1008 ἰδίοις
1685 945 1818 998 ὑπο-

239 1041 424 1110 φέρειν
451 1039 609 1110 ήθελε
635 1039 728 1092 τὸν
756 1039 1128 1108 ἐκνεμηθέντα
1149 1037 1276 1091 λαὸν
1301 1037 1378 1108 τῷ
1405 1037 1655 1106 παναγίῳ
1675 1036 1816 1106 Θεῷ.

237 1132 458 1201 Ταύτης
503 1149 564 1184 τε
609 1131 772 1184 ἕνεκα
816 1130 915 1200 τῆς
956 1129 1138 1193 αἰτίας
1183 1129 1323 1182 κατά
1357 1128 1467 1182 τῶν
1507 1127 1819 1195 Αἰγυπτίων

235 1223 525 1286 ὡπλίζετο.
560 1223 626 1274 Τί
659 1218 751 1280 οὖν
784 1217 894 1292 ἆρά
925 1237 1092 1290 φησι;
1133 1219 1452 1290 Νενικηκὼς
1488 1219 1818 1287 Αἰγυπτίους

237 1314 491 1384 ἐπιθήσει
546 1313 706 1367 πάλιν
757 1312 850 1366 τὸν
901 1312 1096 1365 ἐαυτοῦ
1174 1310 1336 1378 ζυγὸν
1381 1313 1492 1373 τοῖς
1538 1309 1819 1381 ἐλεύθερον

237 1405 534 1474 ἐσχηκόσιν
566 1405 654 1456 ἀεὶ
691 1405 784 1456 τὸν
814 1403 1038 1472 αὐχένα,
1069 1403 1163 1455 καὶ
1199 1402 1367 1472 μόνην
1398 1401 1562 1455 εἰδόσι
1595 1402 1693 1472 τὴν
1715 1400 1819 1453 ὑπὸ

234 1494 357 1563 Θεῷ
374 1494 686 1564 βασιλείαν;
717 1492 1001 1562 Οὐδαμῶς,
1033 1493 1213 1562 φησίν.
1234 1490 1683 1562 Ἀφαιρεθήσεται
1711 1491 1820 1561 γὰρ

235 1585 362 1634 κατ’
392 1585 568 1635 ἐκεῖνο
595 1582 689 1634 τοῦ
717 1581 908 1652 καιροῦ
940 1584 968 1634 6
1000 1582 1163 1649 φόδος
1188 1580 1350 1634 αὐτοῦ
1389 1581 1497 1634 ἀπὸ
1516 1581 1632 1645 σού,
1668 1581 1762 1633 καὶ
1791 1581 1820 1632 6

1988 846 2106 900 Dixi
2135 845 2414 916 Assyrium
2452 852 2736 914 postquam
2765 845 3005 911 vicisset,
3038 845 3238 900 tributa
3269 845 3487 900 lsraeli-

1921 939 1988 993 tis
2026 936 2367 1007 imposuisse,
2391 944 2445 990 et
2467 936 2722 1005 populum
2764 935 3112 990 sanctissimo
3163 935 3270 990 Deo
3322 953 3487 1005 pecu-

1919 1027 2122 1082 liariter
2184 1026 2443 1090 dicatum,
2496 1041 2596 1080 suo
2639 1034 2852 1094 sceptro
2899 1027 3134 1080 voluisse
3195 1025 3487 1094 subjicere,

1918 1131 2146 1186 eamque
2163 1119 2230 1171 ob
2246 1131 2467 1172 causam
2496 1124 2685 1171 contra
2707 1115 2992 1188 Egyptios
3005 1126 3271 1171 armatum
3296 1117 3486 1173 fuisse.

1918 1208 2060 1278 Ergo
2085 1209 2210 1278 quid
2236 1209 2364 1263 dicit
2386 1207 2696 1278 ?Nunquid,
2721 1209 2946 1264 devictis
2965 1208 3259 1280 Egyptiis,
3292 1209 3486 1264 iterum

1920 1315 2076 1354 suum
2101 1301 2288 1369 jugum
2323 1299 2563 1369 imponet
2601 1301 2683 1355 bis
2715 1301 2806 1370 qui
2862 1301 3088 1356 liberum
3116 1300 3311 1355 collum
3340 1316 3486 1355 scm-

1920 1409 2016 1462 per
2042 1394 2363 1456 habuerunt,
2395 1405 2450 1446 et
2473 1393 2648 1446 solum
2697 1392 2790 1446 Dei
2833 1407 3054 1460 regnum
3103 1392 3488 1458 agnoverunt?

1927 1483 2301 1553 Nequaquam,
2336 1484 2530 1553 inquit.
2561 1483 2800 1538 Tolletur
2823 1485 2965 1538 enim
2998 1483 3097 1537 sub
3145 1483 3194 1536 id
3236 1484 3490 1551 temporis
3549 1548 3554 1553 ,

1920 1576 2080 1630 timor
2105 1577 2220 1646 ejus
2252 1577 2367 1641 tibi,
2398 1577 2662 1644 etjugmn
2711 1574 2827 1642 ejus
2879 1575 3104 1629 humero
3150 1587 3260 1629 luo.
3329 1573 3488 1645 185

233 1670 408 1740 ζυγὸς
435 1672 600 1725 αὑτοῦ
629 1673 738 1725 ἀπὸ
763 1672 854 1725 τοῦ
886 1671 1034 1742 ὤμου
1067 1689 1186 1724 σου.
1231 1672 1446 1742 Ἐπειδὴ
1476 1671 1584 1742 γὰρ
1611 1672 1818 1724 πέπτω-

1925 1663 2055 1716 Nam
2087 1674 2370 1733 postquam
2403 1665 2632 1732 populus
2665 1663 2752 1717 ille
2777 1664 3184 1718 innumerabilis
3214 1666 3487 1717 concidis-

234 1779 338 1814 κεν
363 1765 393 1816 6
425 1763 660 1834 ἀριθμοῦ
696 1763 960 1833 κρείττων
991 1763 1198 1824 ἐκεῖνος
1228 1760 1384 1825 λεὼς,
1424 1765 1518 1815 καὶ
1543 1762 1818 1816 ἀπόλωλεν

1925 1765 2026 1822 εει,
2060 1764 2112 1809 et
2141 1770 2244 1808 una
2295 1766 2452 1808 nocte
2503 1754 2695 1824 angelo
2759 1763 3108 1808 consumente
3158 1755 3487 1820 interiisset,

231 1854 300 1906 ἐν
337 1855 439 1922 μιᾷ
459 1852 637 1920 νυκτὶ,
667 1851 1013 1914 δαπανῶντος
1036 1851 1291 1920 ἀγγέλου,
1311 1852 1427 1915 πῶς
1441 1853 1542 1906 οὐκ
1563 1852 1818 1922 ἐξῄρηται

1925 1859 2099 1898 annon
2127 1845 2301 1899 omnis
2330 1844 2562 1898 formido
2592 1855 2840 1913 exempta
2886 1845 3005 1898 est?
3049 1859 3226 1898 annon
3282 1846 3492 1900 eunetis

231 1943 351 2004 πᾶς
392 1941 591 2010 φόϐοςς
635 1941 706 1993 Ἢ
755 1941 872 2003 πῶς
902 1943 930 1994 6
968 1940 1127 2009 ζυγὸς
1165 1943 1193 1994 6
1236 1945 1376 1995 κατά
1412 1941 1614 2004 παντὸς
1642 1941 1818 2012 ὦμον,

1927 1933 2367 2004 liuinerisjugum
2397 1934 2513 2002 ejus
2539 1943 2746 1988 tantum
2777 1949 2881 1987 non
2912 1947 3226 1996 excussum,
3265 1949 3324 1988 ac
3349 1949 3492 2002 prae-

236 2032 532 2102 μονονουχὶ⁸
565 2031 661 2084 καὶ
703 2031 1060 2102 ἀπετινάχθη,
1099 2032 1193 2085 καὶ
1227 2033 1362 2102 πρός
1407 2049 1472 2101 γε
1519 2033 1693 2104 τούτῳ
1727 2034 1818 2086 καὶ

1925 2035 2070 2080 terea
2103 2033 2417 2092 corruptum
2452 2032 2554 2089 est,
2589 2023 2640 2076 id
2689 2033 2806 2086 εει,
2837 2024 3058 2076 omnino
3094 2023 3272 2092 periit.
3328 2023 3522 2092 quue.

231 2122 582 2192 κατεφθάρη,
614 2121 761 2174 τοῦτ’
791 2121 958 2184 ἐστιν,
990 2124 1068 2187 είς
1113 2122 1259 2177 ἀπαν
1297 2121 1500 2193 ᾠχετο;
1527 2124 1818 2194 Ζητούντες

1931 2117 2107 2170 solum
2145 2115 2340 2184 quaerit
2378 2115 2490 2180 ille,
2524 2125 2582 2168 ut
2615 2123 2862 2168 servetur
2885 2124 2940 2168 et
2983 2116 3197 2168 domum
3225 2123 3489 2181 recurrat,

233 2210 419 2261 ἐκεῖνο
462 2209 525 2261 τὸ
565 2207 832 2273 σώζεσθαι
881 2209 1060 2279 μόνον,
1119 2212 1215 2264 καὶ
1253 2211 1390 2264 οίκοι
1425 2212 1675 2282 δραμεῖν,
1724 2212 1818 2264 καὶ

1925 2222 2022 2262 nec
2046 2206 2301 2274 deinceps
2335 2214 2519 2260 contra
2544 2203 2806 2270 Iudaeam,
2844 2215 2901 2258 ut
2932 2206 3110 2274 prim,
3142 2206 3490 2275 supercilium

232 2301 341 2352 οὑκ
373 2300 690 2371 ἐπαίροντες
736 2300 817 2353 ἔτι
847 2300 990 2354 κατά
1027 2301 1127 2370 τῆς
1176 2302 1433 2365 Ἰουδαίας
1469 2302 1564 2372 τὴν
1599 2301 1818 2372 πρώτην

1925 2299 2134 2352 attollit.
2173 2299 2381 2352 Etenim
2417 2298 2693 2368 cogitavit,
2742 2299 2816 2350 uti
2874 2297 3006 2362 dixi,
3066 2313 3163 2351 suo
3197 2313 3314 2352 eam
3363 2299 3491 2367 jngo

231 2391 436 2461 ὀφρύν.
504 2391 831 2444 Ἐσκέπτετο
878 2391 1006 2462 γὰρ,
1045 2392 1121 2454 ὡς
1173 2391 1330 2462 ἔφην,
1377 2397 1488 2457 τοῖς
1549 2395 1818 2458 Ἰουδαίοις

1925 2403 2220 2458 supponere
2265 2406 2279 2442 :
2338 2401 2392 2442 at
2442 2403 2538 2458 spe
2575 2403 2671 2442 sua
2729 2387 3020 2443 frustratus
3071 2401 3173 2454 εει,
3241 2389 3492 2458 aliudque

233 2482 416 2552 αὐτὴν
465 2482 745 2536 ὑποθεῖναι
801 2482 1006 2550 ζυγοῖς.
1058 2483 1446 2552 Μεματαίωται
1495 2485 1552 2537 δὲ
1603 2485 1673 2538 τά
1723 2485 1818 2554 τῆς

1925 2481 2119 2536 accidit
2147 2481 2531 2550 exspectationi
2557 2480 2714 2551 longe
2746 2481 3101 2535 contrarium.
3125 2482 3492 2537 Conserratus

231 2574 460 2637 ἐλπίδος
488 2574 659 2644 αὐτῷ,
689 2575 785 2628 καὶ
815 2575 951 2645 πρὸς
988 2575 1098 2628 πᾶν
1139 2575 1450 2628 τούναντίον
1502 2575 1564 2628 τὸ
1596 2573 1818 2645 προσδο-

1925 2579 2002 2626 εει
2029 2570 2172 2624 enim
2201 2568 2525 2624 sufﬁcienter
2565 2586 2668 2624 non
2705 2571 2870 2624 armis
2893 2572 3156 2632 devictus,
3186 2573 3280 2627 sed
3304 2574 3491 2627 divino

231 2666 412 2736 κηθέν
466 2667 788 2736 ἐκϐέϐηκεν.
862 2665 1126 2729 Ἐσὼζετο
1179 2664 1289 2734 γὰρ
1362 2665 1663 2736 ἀγαπητῶς
1725 2665 1818 2734 οὐχ

1925 2661 2101 2729 potius
2131 2669 2259 2714 nutu
2303 2670 2357 2714 et
2416 2676 2573 2714 mauu
2634 2661 2831 2732 angeli,
2873 2661 3034 2731 idque
3069 2663 3480 2718 admirabiliter.

227 2757 428 2820 ὅπλοις
460 2757 833 2826 νενικημένος,
862 2757 1042 2822 ,θείοις
1085 2757 1140 2810 δέ
1192 2757 1390 2827 μᾶλλον
1428 2755 1686 2826 νεύμασιν
1729 2756 1818 2808 καὶ

1927 2749 1994 2804 Ut
2027 2750 2169 2803 enim
2197 2757 2455 2818 appareat
2500 2747 2668 2801 Deum
2721 2749 2902 2802 omnia
2968 2764 3149 2816 nosse,
3201 2761 3257 2804 et
3309 2766 3488 2805 rerum

228 2847 478 2915 ἀγγέλου
520 2848 692 2918 χειρί·
731 2851 826 2901 καὶ
859 2849 920 2901 τό
951 2865 1014 2916 γε
1044 2846 1363 2919 παράδοξον.
1406 2846 1518 2900 Ἵνα
1547 2846 1657 2918 γὰρ
1699 2846 1818 2915 φαί-

1925 2843 2146 2906 exitum,
2183 2842 2429 2910 quamvis
2462 2841 2700 2895 nondum
2761 2841 2875 2906 tiat,
2906 2842 2974 2894 ob
3042 2843 3228 2896 oculos
3259 2844 3488 2908 habere,

230 2956 404 3008 νηται
444 2938 619 2991 πάντα
665 2929 839 3002 εἰδὼς,
874 2939 967 2990 καὶ
999 2939 1106 2991 τῶν
1144 2939 1484 3008 πραγμάτων
1526 2938 1587 2991 τὸ
1626 2939 1818 3008 πέρας,

1925 2933 2060 3003 fugae
2087 2933 2252 3002 ipsius
2295 2932 2531 2997 modum,
2581 2941 2634 2986 et
2670 2932 2814 2986 locos
2845 2942 2898 2987 et
2957 2933 3272 3000 diversoria,
3320 2935 3493 2988 mani-

227 3027 350 3084 κᾶν
377 3029 428 3079 εἰ
471 3029 544 3098 μή
585 3045 672 3080 πω
698 3028 938 3096 γέγονεν,
971 3029 1028 3080 ἐν
1057 3027 1353 3098 ὀφθαλμοῖς
1397 3027 1534 3096 ἔχων
1562 3028 1637 3091 ὡς
1666 3027 1818 3092 Θεὸς,

1925 3025 2212 3079 iustissime
2259 3032 2313 3077 et
2343 3024 2486 3078 clare
2517 3025 2706 3091 aperit,
2740 3035 2794 3078 et
2828 3026 2968 3092 quod
2993 3023 3189 3078 Judaxe
3230 3026 3491 3094 plurimas

224 3121 468 3189 καὶτῆς
500 3121 708 3174 ἐκείνου
754 3122 932 3192 φυγῆς
971 3122 1308 3189 σαφέστατόν
1351 3138 1408 3173 τε
1434 3122 1526 3174 καὶ
1569 3121 1813 3192 ἐναργῶς

1925 3115 2086 3168 nrbes
2138 3115 2329 3167 timore
2381 3114 2698 3184 impleturus
2753 3117 2842 3178 sit,
2899 3117 3147 3184 quamvis
3205 3119 3370 3172 miser
3429 3133 3494 3173 ac

225 3212 578 3280 ἀπαγγέλλει
621 3212 711 3264 τὸν
741 3213 960 3282 τρόπον,
989 3213 1186 3276 τόπους
1221 3229 1280 3265 τε
1321 3214 1412 3266 καὶ
1442 3212 1818 3279 καταλύματα,

1926 3205 2203 3276 profugus.
2255 3206 2442 3260 Veniet
2463 3207 2627 3268 enim,
2659 3208 2850 3276 inquit,
2905 3209 2956 3261 in
3005 3210 3276 3263 civitatem
3319 3211 3490 3278 Auge,

237 3303 352 3357 καὶ
375 3303 459 3355 ὅτι
490 3301 743 3364 πλείστας
768 3300 1164 3370 ἐκδειματιὶηει
1191 3302 1289 3371 τῆς
1333 3301 1589 3363 Ἰουδαίας
1618 3301 1821 3366 πόλεις,

228 3395 429 3450 καίτοι
458 3393 637 3462 φυγὰς
660 3391 990 3464 ἀποδραμὼν
1029 3394 1056 3445 6
1079 3392 1333 3456 δείλαιος.
1366 3392 1523 3456 Ἥξει
1553 3392 1680 3462 γὰρ,
1721 3409 1824 3462 φη-

228 3485 353 3544 σὶν,
378 3485 460 3546 είς
487 3482 642 3536 πόλιν
675 3481 887 3550 Ἀγγαὶ,
915 3483 1010 3535 καὶ
1035 3481 1429 3550 παρελεύσεται
1457 3482 1537 3544 είς
1563 3481 1818 3548 Μαγεδώ.

228 3575 463 3629 Πόλεων
495 3574 552 3627 δὲ
594 3573 692 3626 καὶ
735 3573 958 3643 κωμῶν,
989 3573 1108 3644 ήτοι
1155 3573 1336 3626 τόπων
1376 3571 1614 3640 ὀνόματα
1641 3573 1818 3625 ταυτί.

229 3666 359 3719 Καὶ
411 3666 469 3717 ἐν
517 3665 757 3738 Μαχμᾶς
803 3662 957 3734 θήσει
997 3662 1066 3715 τὰ
1104 3663 1271 3732 σκεύη
1318 3662 1503 3716 αὐτοῦ.
1548 3663 1683 3714 Φασὶ
1713 3662 1820 3735 γὰρ

243 3755 502 3827 Ἑϐραῖοι
526 3755 785 3823 γεγονότα
821 3754 912 3806 τὸν
958 3755 1238 3825 Ἀσσύριον
1285 3757 1344 3807 ἐν
1382 3756 1639 3824 Μαχμᾶς,
1680 3755 1821 3807 ἀπα-

1924 3307 1980 3352 ει
2009 3298 2258 3353 transibit
2300 3312 2394 3366 per
2423 3297 2699 3369 Mageddo.
2749 3298 2972 3355 Urbium
3019 3309 3074 3354 et
3123 3301 3364 3354 vicorum
3425 3317 3491 3357 ac

1929 3390 2168 3444 locorum
2214 3389 2328 3444 hac
2381 3399 2504 3444 sunt
2553 3391 2789 3445 nomina.
2857 3390 2924 3444 Et
2970 3393 3034 3446 ad
3089 3391 3360 3448 Macluuas
3398 3395 3493 3448 de-

1923 3490 2086 3550 ponet
2135 3495 2261 3535 vasa
2313 3495 2431 3535 sua.
2489 3481 2682 3535 Dicunt
2737 3481 2878 3536 enim
2932 3481 3162 3549 Hebraei,
3213 3485 3493 3555 Assyrium

1925 3571 1991 3624 ad
2021 3569 2300 3625 Machmas
2333 3571 2515 3625 onmia
2578 3585 2672 3624 sua
2735 3571 3114 3640 impedimenta
3158 3573 3496 3642 deposuisse,

1928 3665 2188 3734 impetum
2218 3665 2580 3721 lsraelitarum
2617 3665 3082 3732 reformidantem,
3108 3667 3370 3735 siquidem
3401 3681 3496 3722 eos

1927 3756 1993 3810 ad
2046 3757 2472 3827 persequendum
2519 3771 2876 3827 procursuros
2923 3760 3146 3826 putavit.
3202 3758 3332 3812 Dein
3371 3758 3494 3812 ait:

230 3864 347 3900 σαν
375 3845 540 3898 αὑτοῦ
584 3845 682 3916 τήν
722 3845 1031 3916 ἀποσκευὴν
1087 3847 1204 3898 ἐκεῖ
1251 3845 1596 3914 καταλεῖψαι,
1639 3845 1846 3898 δεδιότα
1881 3847 1990 3901 τῶν
2040 3848 2102 3914 ἐξ
2137 3847 2354 3920 Ἰσοαὴλ
2378 3848 2476 3920 τὴν
2510 3847 2716 3918 ἔφοδον.
2765 3849 2926 3918 ᾭετο
2955 3848 3064 3921 γὰρ
3096 3849 3182 3902 ὅτι
3222 3847 3497 3921 δραμοῦν·

227 3954 335 3992 ται
376 3935 682 3999 διώκοντες.
717 3933 850 3988 Εἶτά
878 3953 1045 4006 φησι·

309 4031 423 4104 Καὶ
448 4031 874 4097 παρελεύσεται
895 4029 1186 4100 φάραγγα,
1209 4031 1305 4084 καί
1328 4032 1459 4099 ἣξει
1485 4036 1568 4098 εὶς
1599 4035 1818 4102 Ἀγγαί.

226 4122 434 4186 Φόϐος
467 4119 725 4188 λήψεται
769 4119 944 4189 Ῥάμα
986 4123 1167 4174 πόλιν
1207 4124 1423 4175 Σαούλ.
1471 4124 1751 4187 Φεύξεται
1780 4126 1820 4192 ἡ

226 4209 505 4279 θυγάτηρ
534 4209 772 4276 Falli};
793 4247 808 4270 ,
852 4209 1252 4262 ἐπακούσεται
1290 4212 1360 4263 ἐν
1400 4212 1657 4266 Ἀναθὼθ
1681 4231 1692 4244 ·
1724 4213 1820 4278 ἐξ·

226 4303 393 4367 ἐστη
436 4298 770 4364 Μαδεϐηνᾶ,
806 4298 904 4352 καί
933 4301 988 4352 οἱ
1020 4301 1437 4366 κατοικοῦντες
1459 4305 1710 4370 Γιϐϐεΐρ.

313 4393 470 4460 Ἔχει
502 4390 557 4442 δέ
603 4409 654 4444 τι
698 4392 937 4444 τοιοῦτον
971 4392 1004 4461 ή
1044 4390 1150 4445 τῶν
1189 4390 1454 4462 Ἐϐραίων
1499 4395 1814 4463 παράδοσις.

223 4483 376 4534 Φιτί
403 4480 511 4552 γὰρ
550 4482 630 4534 ὅτι
668 4479 844 4552 [δέκα]
879 4480 1232 4544 διασωθέντες
1273 4482 1424 4552 μόνοι
1475 4484 1610 4552 πρὸς
1656 4486 1817 4539 αὑτὸν

225 4571 616 4641 ύπενόστησαν
649 4574 711 4623 ἐκ
747 4572 856 4624 τῶν
902 4571 1289 4643 Ἰεροσολύμων
1351 4577 1443 4627 καὶ
1485 4577 1545 4628 τδ
1584 4578 1806 4644 γεγονὸς

235 4663 686 4732 ἀπηγγέλκασιν.
729 4659 860 4716 Εἶτα
901 4666 996 4718 σὺν
1048 4665 1252 4733 ὀλίγοις
1303 4668 1498 4738 κομιδῇ
1548 4669 1682 4738 πρὸς
1717 4670 1817 4741 τὴν

225 4752 571 4820 ἐνεγκοῦσαν
589 4753 961 4823 ἀνεκομίζετο,
983 4756 1076 4807 καὶ
1093 4756 1271 4818 πάσας
1295 4757 1625 4827 τεθορύϐηκε
1645 4760 1743 4824 τάς
1760 4778 1818 4813 τε

226 4843 434 4913 κώμας
464 4843 555 4894 καὶ
587 4843 790 4908 πόλεις,
822 4845 916 4896 καὶ
945 4845 1112 4915 μόνην
1142 4846 1306 4899 αὑτοῦ
1335 4847 1433 4919 τὴν
1479 4850 1553 4910 ὡς
1582 4851 1638 4902 ὲν
1675 4854 1817 4922 φυγῇ

227 4934 326 4984 καὶ
365 4931 543 5002 δειλίᾳ
591 4933 823 5003 πάροδον
868 4935 1140 5006 ἀφόρητον
1184 4938 1525 5007 ἐποιήσαντο.
1571 4941 1736 4994 Ἔνθα
1775 4943 1819 4994 δ’

225 5023 295 5075 ἂν
337 5022 597 5095 ἐπαμύνῃ
635 5023 764 5088 Θεὸς
798 5025 892 5078 καὶ
937 5024 1130 5087 σώζειν
1166 5025 1344 5096 ἐθέλῃ,
1377 5028 1494 5079 ἐκεῖ
1519 5027 1576 5080 τὸ
1619 5028 1820 5083 λυποῦν

227 5116 408 5178 οὐδὲν,
441 5115 574 5167 ἀλλά
609 5118 756 5169 πᾶσα
788 5115 887 5185 μὲν
927 5117 1176 5187 ἀτονήσει
1223 5116 1333 5170 τῶν
1368 5118 1747 5189 πολεμούντων
1787 5121 1819 5191 ή

227 5208 378 5275 χεὶρ,
427 5207 764 5276 ἀπρακτήσει
810 5207 866 5259 δὲ
916 5207 1067 5274 ἰσχὺς
1098 5207 1202 5276 καὶ
1256 5207 1506 5277 πολέμων
1538 5209 1816 5279 ἐμπειρία,

228 5297 328 5345 καὶ
362 5293 528 5364 τέχνη
557 5294 666 5346 τῶν
687 5296 986 5348 τακτικῶν.

302 5385 707 5449 [Ιαρακαλεῖτε
756 5386 1024 5455 σήμερον
1064 5388 1134 5441 ἐν
1176 5387 1292 5452 ὀδῷ
1355 5387 1463 5441 τοῦ
1503 5389 1704 5456 μεῖναι
1747 5387 1820 5456 τῇ

227 5475 406 5540 χειρί.
445 5476 848 5541 Παρακαλεῒτε
894 5479 961 5530 τὸ
1001 5479 1140 5546 ὅρος
1169 5479 1282 5546 τὴν
1311 5479 1602 5548 θυγατέρα
1644 5479 1816 5546 Σιὼν,

227 5563 329 5614 καὶ
367 5566 422 5616 οι
454 5565 670 5628 βουνοί
701 5570 755 5619 οι
783 5568 854 5620 ἐν
891 5567 1304 5636 Ἰερουσαλήμ.

305 5653 596 5718 Συνθέντες
626 5656 724 5727 τὴν
760 5658 906 5722 λέξιν
940 5660 1234 5728 ἐποίσομεν
1259 5658 1572 5727 ἀναγκαίως
1598 5661 1696 5732 τὴν
1723 5660 1818 5714 τοῦ

230 5745 507 5815 νοήματος
540 5749 885 5820 διασάφησιν.
913 5747 983 5803 Ὦ
1020 5751 1199 5805 τοίνυν
1253 5752 1448 5821 βουνοί,
1485 5753 1636 5822 φησι,
1675 5753 1820 5808 τοῦτ’

2003 4033 2166 4087 Vens.
2207 4031 2297 4086 29.
2344 4029 2410 4084 Et
2443 4033 2685 4085 transibit
2713 4031 2920 4096 vallem,
2950 4041 2999 4086 et
3032 4034 3196 4087 ueniet
3227 4035 3283 4087 in
3328 4035 3488 4106 Auge.

1929 4123 1996 4178 1η
2021 4129 2201 4178 timore
2241 4125 2338 4178 erit
2381 4123 2626 4187 Rhama,
2672 4125 2854 4177 civitas
2907 4123 3078 4178 Sauli.
3154 4123 3341 4196 Fugiet
3381 4130 3495 4195 [ilia

1927 4213 2142 4279 Gallim,
2176 4216 2421 4268 audietur
2443 4216 2495 4267 in
2531 4214 2833 4272 Anathotlt.‘
2862 4215 3218 4286 obstupefacta
3257 4228 3332 4271 est
3375 4218 3496 4273 lla-

1924 4307 2120 4359 debeua
2165 4315 2214 4359 et
2238 4307 2422 4361 incola:
2451 4305 2649 4360 Gibbir.

1998 4397 2168 4450 llabet
2196 4397 2499 4465 bujusmodi
2537 4398 2791 4468 quiddam
2842 4397 3188 4453 Hebraeorum
3254 4402 3493 4456 traditio.

1926 4487 2060 4541 Nam
2087 4489 2268 4541 decem
2296 4487 2468 4542 solum
2513 4489 2577 4542 ad
2613 4490 2784 4558 ipsum
2815 4505 2876 4544 ex
2897 4487 3284 4561 Hierosolymis
3308 4508 3497 4562 super-

1926 4580 2079 4633 stites
2121 4594 2365 4634 reversos
2414 4593 2536 4634 esse
2584 4581 2789 4646 dicunt,
2842 4590 2899 4634 ut
2946 4583 3086 4648 quod
3161 4582 3358 4634 factum
3413 4594 3496 4637 est

1929 4669 2325 4723 renuntiarent.
2345 4670 2480 4722 Tum
2507 4685 2627 4724 cum
2665 4670 2850 4740 paucis
2879 4673 3162 4726 admodum
3197 4674 3246 4726 in
3269 4675 3494 4742 patriam

1927 4769 2010 4814 est
2047 4760 2316 4821 reductus.
2370 4769 2704 4829 cunctasque
2745 4763 2928 4828 urbes,
2987 4777 3052 4816 ac
3105 4765 3273 4828 vicos,
3340 4780 3493 4819 suam

1930 4853 2097 4920 ipsius
2134 4861 2330 4904 terram
2359 4852 2610 4920 fugiendo
2645 4853 2898 4920 turbavit;
2927 4868 2991 4906 ac
3022 4852 3282 4911 timiditas
3313 4855 3496 4912 eﬂ‘ecit

1933 4946 2216 4998 transitum
2260 4944 2672 4999 intolerabilem.
2706 4944 2808 4998 Ubi
2839 4957 3018 5000 autem
3057 4947 3198 5002 Deus
3221 4951 3494 5003 succurrit

1927 5043 1982 5085 et
2027 5047 2248 5086 servare
2287 5034 2419 5097 vult,
2472 5035 2541 5088 ibi
2584 5037 2728 5104 quod
2753 5035 2953 5091 oﬂieiat
2981 5037 3113 5092 nihil
3139 5048 3245 5104 est,
3277 5041 3370 5094 sed
3399 5043 3495 5093 de-

1930 5123 2050 5177 bilis
2079 5125 2180 5177 erit
2205 5124 2384 5178 omnis
2415 5140 2605 5178 manus
2636 5127 2974 5185 bellantium.
3000 5143 3062 5182 ac
3096 5130 3260 5184 robur
3281 5140 3333 5183 et
3353 5133 3491 5200 peri-

1932 5214 2004 5267 tia
2035 5215 2398 5280 inimicorum,
2435 5225 2490 5269 et
2517 5230 2609 5270 ars
2636 5217 2867 5272 militum
2900 5219 2954 5273 in
2995 5219 3205 5274 irritum
3230 5223 3493 5277 recident.

1999 5391 2161 5445 Vens.
2191 5390 2280 5445 52.
2313 5390 2671 5446 Consolamini
2693 5394 2847 5447 hodie
2897 5395 2952 5449 in
3018 5397 3118 5460 ria,
3187 5406 3239 5450 ut
3289 5407 3494 5450 maneat

1928 5498 2121 5534 manu:
2161 5481 2508 5535 consolamini
2540 5493 2762 5537 montem
2800 5484 2967 5553 ﬁliam
3027 5483 3180 5550 Sion.
3227 5497 3274 5540 et
3338 5486 3493 5540 colles

1928 5574 1979 5626 iu
2013 5572 2308 5627 Jerusalem

1997 5665 2130 5720 Cum
2160 5667 2422 5721 orationis
2447 5677 2718 5723 structura
2761 5669 3004 5723 ordinata
3048 5667 3209 5723 fuerit
3239 5712 3254 5734 ,
3308 5668 3494 5736 expla-

1928 5757 2201 5813 nationem
2231 5759 2512 5814 sententite
2537 5759 2792 5815 inducere
2809 5775 3088 5817 necessum
3114 5769 3214 5816 est.
3233 5757 3278 5816 Ο
3303 5759 3483 5830 igitur,
