2371 3275
60 95 78 115 ’ρ

62 142 71 153 L

61 167 66 178 ι

57 229 65 238 ν

48 291 57 298 ρ

58 413 67 421 4

19 458 27 466 ,,
58 459 61 462 .

47 530 58 544 ἵν

45 556 55 571 τ

11 622 14 625 λ
42 596 53 635 ξ

0 2283 87 2893 l

97 37 111 70 r

95 78 108 109 ι

94 114 106 157 Ξ

136 29 140 37 r

134 82 138 89 ι

147 68 165 114 ὲ

145 113 167 147 ιζ

180 47 186 54 σ

244 259 249 265 .
288 251 290 255 ¹

242 290 260 297 ,λ
285 293 288 295 .

268 428 283 442 ,ι

243 612 284 642 «ι’-ν

257 697 284 721 Υ

258 722 280 737 ὀμ

651 176 704 203 505
1145 173 1173 200 S.
1196 174 1332 203 CYRILLI
1353 174 1584 205 ALEXANDRINI

1353 174 1584 205 ALEXANDRINI
1604 177 1762 205 ARCHIEP.
2226 179 2276 205 ὅτι

651 232 748 268 inquit,
766 232 846 267 186
859 232 950 265 colles,
963 232 989 259 id
1013 236 1065 264 est,
1081 239 1099 259 0
1121 239 1168 259 vos
1183 233 1228 267 qui
1260 232 1391 260 excellitis
1410 237 1436 260 et
1450 237 1471 265 Λ
1486 234 1569 266 ἐστιν,

1340 233 1391 260 litis
1410 237 1436 260 et
1450 237 1471 265 Λ
1486 234 1569 266 ἐστιν,
1588 236 1612 262 οἱ
1632 236 1796 271 προῦχοντὲς
1814 244 1843 263 τε
1859 237 1906 263 καὶ
1928 237 2132 272 ὑπερχείμενοι.
2155 237 2204 263 καὶ
2223 237 2276 263 τῶν

651 279 786 311 eminetis,
822 279 935 312 aliisque
972 278 1113 305 antestatis
1143 278 1168 304 in
1190 277 1348 304 Jerusalem.
1376 278 1433 311 Qua

650 332 716 351 voce
730 323 875 358 signiﬁcat,
901 323 942 350 vel
963 323 1107 358 prophetas
1133 327 1252 356 sanctos,
1281 323 1323 349 vel
1352 323 1432 350 etiam

650 370 738 402 ipsum
757 369 928 396 sacerdotum
949 370 1072 395 chorum.
1088 368 1270 395 Consolamini
1303 373 1432 401 montem,

649 415 674 441 id
691 419 743 446 est,
770 421 857 441 meam
872 414 953 441 ﬁliam
976 413 1053 441 Sion.
1070 413 1251 441 Consolamiui
1272 417 1361 441 autent
1377 421 1431 440 ma-

649 469 683 488 nu
701 465 803 488 tantum
818 469 872 488 non
884 461 1082 495 contingentes,
1100 465 1127 487 et
1140 464 1343 487 contreclanles
1354 464 1435 494 caput

649 511 677 533 ut
691 511 798 534 maneat
810 508 837 533 in
855 507 906 534 hac
921 506 975 533 via.
991 506 1056 540 Qum
1073 510 1116 532 est
1145 510 1233 533 autem
1251 505 1318 532 illa?
1354 506 1434 532 Vide-

650 552 711 579 licet
728 552 778 579 hac
805 552 899 579 ﬁducia
915 552 942 578 in
960 551 1053 579 Deum.
1072 550 1199 578 Promisit
1222 551 1294 578 enim
1324 558 1353 579 se
1374 558 1434 578 erev

649 602 756 632 pturum
771 601 797 624 el.
807 602 1027 624 conservaturum
1043 595 1131 628 facile,
1147 600 1175 622 et
1187 595 1354 629 dejecturum
1384 595 1434 623 As-

650 643 766 677 syrium.
783 647 811 670 et
826 646 958 670 terrorem
977 642 1034 676 ejus
1047 641 1229 675 amoliturum,
1245 645 1433 675 corrttpturum

647 689 752 723 jugum,
764 693 791 715 et
811 689 844 715 ab
858 688 931 714 omni
941 694 988 714 eos
1018 686 1158 722 tyrannide
1173 686 1357 713 liberaturum.
1371 685 1432 718 Sed,

651 734 746 767 inquit,
764 734 820 760 haec
834 737 913 761 erunt
938 732 1065 767 quoniam
1092 732 1118 759 in
1134 732 1184 759 hac
1197 732 1239 758 via
1255 731 1433 766 perrexeriut,

650 780 775 807 nimirum
808 779 902 806 ﬁducia
923 779 949 806 in
971 779 1065 805 Deum.
1082 778 1172 810 Quare
1192 777 1366 804 consolantiui
1391 777 1436 803 ho-

649 824 704 856 die,
720 824 744 851 id
761 828 813 857 est,
833 829 952 858 tempore
970 823 1006 850 rei
1019 823 1142 858 gerenda:
1171 827 1332 857 opportuno,
1361 826 1387 848 et
1402 826 1432 848 ut

648 872 782 899 constanti
797 879 830 898 ac
853 871 930 898 ﬁrmo
953 871 1043 897 animo
1068 870 1176 905 prmdita
1193 870 1238 901 sit,
1254 870 1361 897 cﬂicite.
1376 869 1433 897 Non

1485 279 1572 307 ἄλλων
1586 281 1611 306 οἱ
1635 281 1884 316 ὺπερανεστηκότες
1904 281 1932 306 ἐν
1955 282 1989 315 τῇ
2010 280 2200 315 Ἰερουσαλήμ.
2225 281 2277 315 Ση-

1486 325 1575 359 μαίνει
1588 325 1615 351 δὲ
1625 325 1669 351 διὰ
1686 325 1787 352 τούτων
1809 326 1825 360 ἢ
1847 326 1988 360 προφήτας
2005 325 2110 358 ἁγίους.
2128 325 2146 359 ἢ
2159 326 2208 351 καὶ
2228 326 2276 351 αύ-

1484 370 1530 396 τὸν
1541 369 1587 396 τὸν
1596 369 1650 395 τῶν
1663 370 1756 404 ἱερέων
1767 370 1855 405 χορόν.
1873 369 2061 404 Παρακαλεῖτε
2074 368 2106 395 τὸ
2117 369 2191 403 ὅρος,
2204 369 2277 395 τοῦτ’

1485 415 1553 446 ἔστι,
1574 415 1623 451 τὴν
1637 415 1706 450 ἐμὴν
1726 415 1863 450 θυγατέρα
1882 414 1961 441 Σιών.
1980 415 2167 450 Παρακαλεῖτε
2184 415 2213 442 δὲ
2228 424 2277 450 μο-

1485 462 1589 496 νονουχὶ
1605 461 1653 487 καὶ
1676 461 1748 496 χειρὶ
1768 460 1952 495 καταψῶντες,
1973 460 2020 486 καὶ
2040 459 2217 495 ὲπαφὼμενοι
2232 469 2278 487 κε-

1485 506 1583 541 φαλῆς,
1602 506 1672 532 ὥστε
1686 506 1815 541 ἐμμεῖναι
1827 505 1913 542 ταύτῃ
1925 507 1958 540 τῇ
1974 505 2037 540 ὁδῷ.
2052 506 2122 541 Ποίᾳ
2134 505 2162 532 δὲ
2173 505 2275 541 ταύτῃ

1485 552 1524 588 Τῇ
1548 553 1588 584 εἰς
1604 552 1669 579 Θεὸν
1688 552 1849 587 πεποιθήσει
1868 552 1999 586 δηλονότι.
2018 551 2204 587 Ἐπήγγελται
2226 551 2274 586 μὲν

1484 598 1548 634 γὰρ,
1560 599 1600 625 ὅτι
1616 599 1663 625 καὶ
1679 598 1819 630 ὲξελείται,
1836 598 1884 624 καὶ
1895 597 2024 624 διασώσει
2036 597 2146 632 ῥᾳδίως,
2164 598 2212 623 καὶ
2224 605 2274 623 κα-

1483 644 1611 671 ταϐάλλει
1641 643 1688 679 [aL
1711 643 1872 679 καταϐαλεῖ]
1894 643 1939 670 τὸν
1959 643 2111 678 Ἀσσύριον,
2136 644 2182 668 καὶ
2207 643 2275 668 ἀπο-

1486 690 1578 725 στήσει
1594 690 1640 716 τὸν
1654 689 1735 723 φόϐον
1748 688 1842 721 αὑτοῦ,
1860 689 1907 715 καὶ
1925 688 2096 724 καταφθείρῃ
2116 688 2164 713 τὸν
2182 687 2274 721 ζυγὸν.

1485 737 1532 762 καὶ
1544 736 1652 771 ἀπάσης
1663 736 1760 767 αὐτοὺς
1772 735 1921 768 ἀπαλλάξει
1932 734 2097 767 πλεονεξίας.
2115 733 2188 759 Ἀλλ’
2201 734 2274 759 ἔσται

1484 780 1580 812 ταῦτα,
1597 781 1688 816 φησὶν,
1707 781 1771 807 ὅταν
1791 781 1941 816 ὲμμείνωσι
1960 779 2047 815 ταύτῃ
2067 780 2100 814 τῇ
2117 778 2182 813 ὁδῷ,
2198 779 2275 812 δῆλον

1485 826 1513 852 δὲ
1528 826 1569 852 ὅτι
1584 827 1617 861 τῇ
1636 827 1675 857 εἰς
1695 826 1761 852 Θεὸν
1783 826 1953 860 πεποιθήσει.
1977 825 2022 852 Διὺ
2039 824 2071 860 δὴ
2090 824 2274 858 παρακαλεῖτε

1486 870 1614 905 σήμερον,
1629 870 1761 902 τουτέστι,
1773 870 1844 897 κατά
1856 878 1886 904 γε
1900 869 1945 895 τὸν
1959 869 2065 896 ὲοικότα
2080 869 2120 903 τῷ
2130 868 2274 904 πράγματι

648 917 720 944 enim
736 921 824 951 potest
839 916 945 943 mentiri
962 916 1073 948 veritas,
1091 923 1139 942 nec
1155 916 1278 950 loquetur
1294 916 1432 943 mendacia
1448 914 1469 941 B
1484 916 1584 951 καιρὸν,

1338 916 1432 943 ndacia
1448 914 1469 941 B
1484 916 1588 951 καιρὸν,
1605 916 1651 942 καὶ
1667 915 1808 950 ἱδρυμένον
1820 915 2000 950 ἐνεργάζεσοε
2010 914 2040 941 τὸ
2054 914 2183 950 φρόνημα
2194 914 2271 948 αὐτῇ.

650 962 731 990 Deus.
746 962 774 989 Si
806 962 876 988 enim
892 961 991 995 aliquid
1004 961 1140 992 annuerit,
1166 960 1193 987 id
1221 961 1313 995 utique
1339 968 1433 995 perve-

649 1007 705 1035 niet
722 1007 754 1033 ad
770 1007 870 1033 exitum
882 1025 888 1037 ,
911 1007 934 1033 si
950 1013 999 1033 uos
1021 1005 1072 1033 ﬁde
1101 1005 1274 1037 coluerimus,
1290 1010 1316 1033 et
1330 1006 1433 1033 sincera

649 1056 739 1078 tuente
753 1050 814 1078 cuin
840 1051 883 1085 qui
900 1051 1012 1078 salutem
1039 1050 1161 1084 promisit
1182 1050 1432 1078 exhilaraverimus.

650 1097 710 1125 Pari
727 1098 829 1124 ratione
851 1104 900 1125 nos
913 1097 993 1124 etiam
1020 1096 1194 1123 consolantur
1222 1097 1318 1129 sancti,
1344 1097 1434 1124 dicen-

650 1148 708 1170 tes:
731 1142 858 1170 Desistite
884 1141 1001 1173 diabolo,
1023 1146 1049 1168 et
1073 1142 1154 1176 fugiet
1173 1149 1189 1168 a
1215 1142 1301 1169 vobis.
1322 1142 1354 1169 Et
1383 1150 1430 1170 ca-

649 1188 851 1216 strametabitur
868 1187 981 1221 angelus
996 1186 1100 1213 Domini
1136 1186 1162 1213 in
1197 1186 1311 1214 circuitu
1340 1186 1434 1214 timen-

651 1234 715 1261 tium
737 1241 808 1266 eum,
828 1232 1060 1260 etliberabiteos.
1082 1232 1154 1260 Dixit
1186 1232 1265 1259 etiam
1281 1232 1338 1266 ipse
1369 1240 1434 1261 voce

656 1279 763 1306 Davidis
776 1278 809 1306 de
835 1278 908 1306 omni
931 1278 1038 1305 homine
1049 1277 1094 1311 qui
1111 1277 1205 1309 credit,
1222 1282 1248 1305 et
1262 1285 1337 1312 spem
1363 1278 1435 1306 locat

649 1324 675 1350 in
689 1332 721 1351 eo
739 1333 746 1351 :
775 1333 784 1349 ι
804 1323 832 1350 lu
854 1331 896 1350 me
910 1323 1036 1357 speravit,
1065 1327 1092 1349 et
1106 1322 1225 1349 liberabo
1239 1330 1300 1350 eum
1316 1323 1434 1356 gclama-

648 1370 687 1396 hit
703 1371 736 1397 ad
752 1377 804 1401 me,
820 1374 848 1396 et
861 1369 1001 1396 exaudiam
1020 1376 1080 1395 eum
1094 1368 1164 1395 "-“.
1179 1369 1245 1395 Cum
1260 1369 1317 1402 ipso
1332 1376 1391 1396 sum
1405 1369 1433 1396 in

649 1415 804 1447 aﬂlictione,
820 1419 848 1441 et
863 1414 986 1448 eripiam,
1020 1418 1047 1440 et
1069 1413 1225 1448 gloriﬁcabo
1246 1421 1318 1441 eum.
1341 1423 1351 1440 ι
1366 1413 1431 1440 Nam

647 1462 693 1496 qui
710 1461 796 1495 ipsum
813 1460 976 1494 gloriﬁcant.
1001 1466 1048 1486 eos
1065 1459 1226 1493 gloriﬁcabit
1242 1460 1361 1486 omnium
1382 1467 1432 1487 no-

647 1512 734 1534 strum
750 1506 878 1533 Servatur
892 1511 920 1533 et
928 1505 1055 1532 Dominus
1066 1503 1143 1531 Jesus
1151 1505 1286 1537 Christus,
1296 1512 1342 1538 per
1352 1512 1431 1539 quem

647 1556 674 1579 et
693 1559 754 1578 cum
775 1558 828 1585 quo
849 1551 921 1577 Patri
940 1559 991 1577 una
1014 1558 1074 1578 cum
1098 1553 1194 1577 sancto
1219 1549 1323 1584 Spiritu
1346 1551 1430 1585 gloria

648 1598 680 1623 sit
698 1597 724 1623 iu
740 1604 820 1623 omne
834 1604 931 1623 arvum.
947 1596 1044 1623 Amen.

1484 961 1523 989 Οὐ
1540 961 1594 997 γὰρ
1617 961 1675 988 ἔστι
1690 961 1878 996 διαψεύδεσθαι
1896 961 1946 996 τὴν
1966 960 2105 996 ἀλήθειαν.
2123 960 2155 985 οὐ
2179 959 2274 994 ψευδο-

1484 1007 1664 1042 επήσειΘιός.
1678 1007 1709 1033 Et
1720 1006 1774 1042 γὰρ
1787 1006 1820 1042 δὴ
1835 1005 2009 1033 κατανεύσειέ
2022 1014 2059 1037 τι,
2072 1004 2152 1031 τοῦτο
2164 1004 2197 1039 δὴ
2211 1004 2274 1030 πάνς

1483 1060 1537 1083 τως
1548 1052 1607 1087 ἡξει
1621 1052 1689 1086 πρὸς
1704 1053 1800 1087 πέρας,
1816 1051 1880 1078 ὃταν
1891 1051 1970 1085 ἡμεῖς
1982 1051 2016 1085 τῇ
2034 1049 2124 1076 πίστει
2138 1048 2272 1083 τιμῶμεν,

1484 1098 1531 1124 καὶ
1547 1097 1650 1132 γνησίῳ
1666 1098 1818 1132 φρονήματι
1842 1096 2085 1130 κατευφραίνωμεν
2115 1095 2162 1121 τὸν
2176 1094 2274 1121 διασώ-

1485 1142 1541 1174 ζειν
1555 1141 1769 1177 ὲπηγγελμένον.
1788 1141 1864 1168 Κατὰ
1878 1142 1953 1168 τόνδε
1970 1141 2013 1167 τὸν
2035 1140 2091 1166 ἴσον
2111 1140 2215 1174 τρόπον
2229 1141 2273 1166 καὶ

1483 1188 1557 1222 ἡμᾶς
1571 1188 1670 1219 αὐτοὺς
1682 1187 1885 1223 παρακαλοῦσιν
1900 1187 1925 1213 οἱ
1943 1187 2015 1220 amt
2030 1185 2166 1219 λέγοντες,
2187 1185 2274 1211 Ἀντί-

1485 1242 1565 1268 στητε
1579 1233 1618 1268 τῷ
1631 1233 1756 1268 διαϐόλῳ,
1777 1234 1823 1259 καὶ
1847 1231 1974 1266 φεύξεται
1988 1231 2034 1266 ἀφ’
2048 1231 2138 1266 ἡμῶν,
2156 1231 2216 1262 καὶ,
2233 1231 2273 1257 ὅτι

1485 1278 1662 1314 Παρεμὸαλεῐ
1673 1278 1786 1312 ἄγγελος
1801 1277 1902 1313 Κυρίου
1925 1276 2017 1311 κύκλῳ
2032 1276 2086 1303 τῶν
2098 1276 2273 1310 φοϐουμένων

1483 1324 1575 1356 αὑτὸν,
1593 1324 1640 1350 καὶ
1665 1323 1775 1358 ῥύσεται
1793 1322 1901 1353 αὐτούς.
1919 1323 1990 1357 Ἔφη
2007 1322 2035 1348 δὲ
2062 1322 2108 1348 καὶ
2129 1321 2212 1352 αὐτὸς
2232 1320 2273 1346 διὰ

1484 1371 1576 1404 φωνῆς
1591 1369 1638 1395 τοῦ
1661 1369 1743 1396 Δαϐὶδ
1754 1389 1762 1403 ,
1777 1369 1842 1404 περὶ
1858 1368 1960 1400 παντὸς
1982 1367 2125 1404 ἀνθρώπου
2143 1366 2273 1393 πεποιθό-

1484 1422 1528 1445 τος
1545 1413 1588 1440 ἐπ’
1607 1413 1697 1445 αὑτὸν,
1721 1413 1767 1440 καὶ
1785 1413 1835 1448 τὴν
1849 1412 1943 1439 ἐλπίδα
1967 1412 2097 1447 θεμένων
2117 1420 2126 1436 ι
2148 1411 2211 1437 Ὀτι
2231 1410 2272 1437 ἐπ’

1484 1459 1534 1493 ἐμὲ
1550 1458 1657 1493 ἤλπισε,
1686 1458 1733 1484 καὶ⁴
1758 1458 1875 1493 ῥύσομαι
1901 1456 1992 1484 αὐτόν.
2011 1455 2183 1491 Κεκράξεται
2205 1455 2272 1489 προς

1485 1504 1528 1539 μὲ,
1545 1504 1592 1530 καὶ
1606 1504 1792 1538 ἐπακούσομαι
1806 1502 1897 1533 αὑτοῦ,
1918 1502 1976 1537 μετ’
1995 1501 2076 1528 αὑτοῦ
2090 1502 2149 1535 εἰμι
2168 1501 2197 1527 ὲν
2215 1500 2271 1526 θλί-

1482 1550 1538 1584 ψει,
1553 1551 1601 1577 καὶ
1613 1549 1766 1584 ἐξελοῦμαι,
1784 1550 1831 1576 καὶ
1842 1548 1946 1581 δοξάσω
1957 1548 2047 1574 αὐτόν.
2066 1556 2076 1574 ›
2093 1546 2206 1578 Δοξὰσει
2219 1545 2273 1579 γὰρ

1445 1592 1466 1621 C
1482 1597 1545 1629 τοὺς
1568 1597 1727 1630 δοξάζοντας
1751 1597 1832 1624 αὐτὸν
1851 1597 1865 1624 δ
1886 1597 1994 1623 πάντων
2009 1595 2087 1631 ἡμῶν
2104 1594 2203 1629 Σωτὴρ
2226 1593 2271 1620 καὶ

647 1643 760 1678 Κύριος.
782 1643 885 1679 Ἰησοῦς
899 1643 1027 1677 Χριστὸς,
1044 1643 1077 1669 δι’
1094 1639 1136 1676 οὗ,
1150 1643 1197 1670 καὶ
1213 1642 1273 1678 μεθ’
1285 1639 1316 1670 οὗ
1328 1643 1367 1679 τῷ
1379 1644 1468 1680 Ila-rp).
1485 1645 1542 1680 ἅμα
1560 1645 1600 1680 τῷ
1632 1645 1702 1680 ἁγίῳ
1721 1645 1859 1681 Πνεύματι
1872 1645 1889 1679 ὴ
1904 1643 1969 1676 δόξα
2005 1643 2045 1675 εἰς
2077 1642 2142 1673 τοὺς
2161 1641 2270 1671 αἰῶνας.

653 1689 681 1715 Ἀ
686 1690 749 1723 μὴν.

682 1765 742 1782 "'“
760 1765 833 1794 Psal.
848 1774 891 1799 xc,
908 1765 1000 1794 ‘lL-l5.

1108 1961 1186 1996 187
1211 1957 1430 2000 BIBAION
1464 1958 1517 2003 B',
1542 1956 1722 2000 TOMOI
1753 1957 1808 1999 E'.

928 2140 1103 2183 LIBER
1139 2139 1463 2199 SECUNDUS,
1501 2137 1650 2184 ΤΟΜί
1690 2138 1987 2191 QUINQUE.

950 2333 1067 2362 TOMUS
1099 2335 1118 2362 Ι.

678 2392 741 2419 Car.
769 2390 804 2418 Χ.
833 2390 915 2418 Vens.
941 2390 987 2422 35,
1015 2390 1060 2416 56.
1090 2388 1156 2416 Ecce
1187 2389 1343 2415 Domiualor
1374 2387 1427 2413 Da-

644 2438 729 2465 minu:
754 2435 888 2466 Sabaoth.
906 2435 1069 2461 conturbabit
1091 2434 1218 2468 gloriosos
1241 2441 1299 2459 cum
1323 2433 1430 2466 fortitu-

642 2483 713 2513 dine,
731 2486 755 2508 et
772 2481 835 2508 elati
851 2480 970 2513 superbia
983 2483 1161 2510 conterentur,
1175 2483 1197 2504 et
1220 2478 1386 2511 dejicientur,
1406 2482 1430 2504 et

642 2528 733 2554 cadent
750 2527 814 2553 elati
849 2525 947 2559 gladio,
968 2534 999 2552 ac
1027 2525 1141 2551 Libanus
1171 2532 1228 2550 cum
1245 2524 1351 2550 excelsis
1369 2532 1430 2550 con-

640 2573 717 2599 ridet.

674 2628 701 2655 In
729 2627 800 2653 libro
814 2625 870 2658 jam
885 2627 1006 2654 absoluto
1023 2635 1111 2654 sermo
1127 2632 1185 2654 erat
1203 2627 1236 2653 de
1261 2625 1390 2660 Assyriis,
1402 2632 1428 2653 et

635 2672 669 2698 de
687 2680 747 2707 rege
762 2671 925 2702 Persarum.
940 2680 1000 2699 cum
1016 2672 1106 2699 Judaea
1124 2677 1150 2698 et
1164 2670 1357 2704 Hierosolymis
1373 2671 1428 2697 hel-

632 2717 778 2752 iigerante,
797 2720 835 2739 ac
855 2714 901 2741 ira:
920 2717 1205 2745 divinaz‘severitutem
1220 2724 1253 2743 ex
1284 2716 1429 2750 improviso

628 2760 772 2786 sentiente.
795 2756 868 2783 Nam
883 2758 977 2793 lsi-uel,
996 2770 1048 2789 non
1062 2769 1154 2789 arcum
1170 2763 1292 2794 tendens,
1303 2769 1354 2788 non
1365 2770 1424 2789 scu-

625 2809 678 2830 tum
694 2802 849 2837 arripiens,
866 2810 924 2831 non
942 2808 1073 2842 equitatu,
1084 2815 1136 2834 non
1165 2812 1222 2834 arte
1251 2808 1428 2843 phalangibus

618 2849 673 2882 ψη
702 2849 862 2880 resistens,
898 2857 956 2880 non
984 2854 1040 2882 leue
1068 2853 1177 2882 militari
1212 2854 1427 2882 adversariorum

1790 2332 1907 2360 ΤΟΜΟΣ
1924 2333 1964 2360 A’.

1524 2387 1600 2415 Ἰδοὺ
1621 2387 1659 2421 δὴ
1677 2389 1694 2414 ὁ
1712 2388 1865 2421 Δεσπότης
1878 2388 1985 2421 Κύριος
2001 2387 2131 2420 Σαϐαὼθ,
2157 2397 2264 2416 συντα-

1477 2434 1564 2467 ράξει
1578 2433 1648 2466 τοὺς
1663 2433 1807 2466 ἐνδόξους
1824 2432 1898 2468 μετὰ
1918 2434 2033 2468 ἰσχύος,
2049 2434 2098 2461 καὶ
2114 2436 2142 2461 οι
2155 2434 2263 2469 ὑψηλοί

1481 2479 1518 2513 τῇ
1543 2479 1624 2513 ὕϐρει
1643 2478 1904 2512 συντριϐήσονται,
1923 2480 1971 2506 καὶ
1984 2480 2263 2514 ταπεινωθήσοντιιι,

1481 2524 1531 2551 καὶ
1551 2524 1715 2551 πεσοῦνται
1729 2525 1756 2551 οί
1771 2524 1885 2558 ὑψηλοὶ
1899 2525 2038 2560 μαχαίρᾳ,
2060 2527 2077 2552 ὁ
2093 2525 2128 2552 δὲ
2141 2527 2264 2558 Λίϐανος

1481 2571 1542 2597 σὺν
1553 2570 1613 2603 τοῖς
1627 2570 1758 2605 ὑψηλοῖς
1775 2570 1919 2597 πεσεῖται.

1522 2627 1565 2653 Ἐν
1579 2627 1627 2661 μὲν
1641 2626 1679 2661 τῷ
1701 2627 1886 2662 τετελεσμένῳ
1908 2627 2001 2662 βιὸλίῳ
2021 2627 2084 2662 περὶ
2098 2628 2151 2654 τῶν
2166 2636 2194 2653 τε
2213 2627 2263 2653 τῶν

1488 2672 1638 2707 ’Λσσυρίων
1652 2672 1666 2698 ὁ
1683 2672 1761 2706 λόγος
1778 2670 1822 2708 ἦν,
1839 2673 1885 2699 καὶ
1900 2673 1946 2699 τοῦ
1961 2673 1995 2699 τὰ
2012 2673 2122 2708 Περσῶν
2136 2673 2263 2700 διοικοῦν-

1482 2726 1527 2748 τος
1541 2717 1640 2753 κράτη,
1657 2718 1921 2753 καταστρατεύοντος
1940 2719 1989 2753 μὲν
2002 2719 2052 2753 τῆς
2076 2718 2203 2749 Ἰουδαίας
2220 2717 2263 2744 καὶ

1481 2761 1535 2789 τῶν
1557 2762 1758 2797 Ἰεροσολύμων,
1776 2763 1905 2795 παθόντος
1920 2764 1947 2790 δὲ
1959 2764 2096 2799 ἀδοκήτως
2107 2765 2140 2791 τὰ.
2154 2766 2185 2791 ὲκ
2194 2764 2263 2794 θείας

1481 2809 1576 2844 ὀργῆς.
1594 2809 1731 2836 Σέσωσται
1748 2810 1803 2846 γὰρ
1816 2810 1973 2845 παραδόξως
1987 2813 2000 2838 ὁ
2016 2811 2133 2847 Ἰσραὴλ,
2147 2813 2177 2839 ού
2192 2811 2263 2843 τόξον

1481 2854 1609 2887 ἐντείνας.
1628 2856 1658 2882 οὺ
1670 2854 1765 2890 θυρεὸν
1782 2856 1919 2892 ἁρπάσας,
1932 2857 1981 2891 οὐχ
2001 2857 2129 2892 ἱππότην,
2143 2857 2174 2884 οὐ
2187 2856 2264 2891 τέχνῃ
