4134 6516
218 479 321 537 τιοό

1336 480 1403 535 IN
1446 481 1678 539 lSAiAM
1715 482 1841 539 LIB.
1886 485 1948 541 ll.
1993 487 2228 546 TOMUS
2268 489 2304 544 1.

3354 431 3458 527 sos

217 597 336 658 ταῖς
361 592 567 647 ἐκείνου
602 593 866 663 φάλαγξιν
898 594 1226 664 ἀντεξάγων,
1266 597 1326 650 οὑ
1357 600 1597 670 πολέμου
1638 602 1789 674 νόμῳ

1900 623 2116 663 manum
2143 605 2442 671 debellans,
2467 606 2561 662 sed
2597 601 2842 674 potentia
2864 598 3056 656 Dei‘et
3107 592 3280 663 gratia
3336 605 3437 645 con

218 687 322 755 τῆς.
341 685 448 738 τῶν
486 685 742 738 ἐναντίαιν
771 688 1197 759 κατακρατήσας
1240 691 1442 759 χειρὸς,
1471 691 1586 744 ἀλλ’
1617 694 1677 746 ἐν
1698 691 1793 745 δυ..

193 835 197 838 ,
222 779 374 846 νάμει
397 777 530 830 Θεοῦ
571 779 663 831 καὶ
683 778 887 849 χάριτι.
927 779 1150 849 Ἐξῆλθε
1173 781 1281 854 γὰρ
1302 783 1530 851 ἄγγελος
1557 784 1790 856 Κυρίου,

192 860 198 867 ’
226 870 372 939 φησὶ,
399 871 493 921 καὶ
525 869 734 922 ἀνεῖλεν
778 871 836 922 ἐν
870 872 970 940 μιᾷ
1011 873 1166 926 νυκτὶ
1197 874 1261 926 ἐκ
1293 875 1394 945 τῆς
1437 876 1792 948 παρεμϐολῆς

223 960 327 1012 τῶν
371 960 673 1030 ’Ᾱσσυρίων
717 961 912 1013 ἑκατὸν
954 961 1281 1034 ὀγδοήκοντα
1326 967 1486 1022 πέντε
1526 969 1788 1038 χιλιάδας.

224 1043 294 1105 Οὑ
317 1051 380 1122 δὴ
417 1052 700 1120 γεγονότος
739 1052 1024 1125 ἐναργοῦς,
1053 1055 1107 1108 oi
1145 1056 1244 1126 μὲν
1272 1057 1586 1112 ἀπολεῖσθαι
1620 1076 1794 1130 προσ-

219 1142 476 1206 δοκῶντες
526 1143 802 1214 ἐχόρευον,
856 1146 1182 1216 ἀνεκόμιζόν
1231 1165 1292 1201 τε
1338 1149 1418 1220 τῷ
1463 1149 1792 1206 διασώσαντι

221 1236 332 1305 Θεῷ
362 1235 462 1299 τὰς
488 1237 875 1308 χαριστηρίους
896 1238 1038 1309 ᾠδὰς
1066 1239 1317 1308 λέγοντες
1338 1242 1400 1295 τό
1420 1259 1433 1271 ·
1464 1260 1484 1294 ι
1523 1242 1793 1315 Ἐσπέρας

219 1325 603 1397 αὑλισθήσεται
619 1328 918 1398 κλαυθμὸς,
937 1329 1031 1383 καὶ
1059 1332 1137 1393 είς
1158 1331 1218 1383 τὸ
1241 1333 1386 1403 πρωῒ
1411 1333 1788 1402 ἀγαλλίασιςδ

222 1416 323 1469 Καὶ
353 1420 494 1489 πρός
525 1435 591 1486 γε
622 1419 688 1490 δὴ
725 1420 966 1484 τούτοις·
1007 1441 1027 1474 ι
1069 1423 1377 1494 Ἐστρεψας
1420 1427 1512 1480 τὸν
1563 1427 1795 1482 κοπετόν

222 1524 317 1576 μου
344 1509 428 1568 είς
472 1510 648 1579 χαρὰν
680 1511 824 1581 ἐμοὶ,
857 1512 1150 1585 διέρῤηξας
1184 1515 1274 1569 τὸν
1291 1518 1502 1572 σάκκον
1544 1536 1668 1590 μου,
1701 1521 1796 1573 καὶ⁵

218 1598 559 1667 περιέζωσάς
611 1616 680 1671 με
725 1603 1086 1675 εὐφροσύνην.
1140 1623 1160 1659 ι
1207 1607 1266 1662 '0
1313 1608 1369 1660 δὲ
1423 1608 1652 1680 θρασὺς,
1701 1612 1796 1664 καὶ

219 1689 540 1758 ὑπέροπτος,
574 1692 667 1744 καὶ⁹
702 1693 765 1746 τὸ
815 1693 956 1764 μέγα
1000 1696 1095 1750 καὶ
1124 1696 1366 1768 ἐξίτηλον
1415 1702 1592 1753 ἐκεῖνο
1634 1700 1794 1770 βοῶν,

219 1779 324 1848 Τὴν
349 1781 682 1853 οἰκουμένην
709 1783 838 1855 ὃλην
871 1787 1252 1857 καταλήψομαι
1289 1792 1354 1860 τῇ
1383 1791 1546 1860 χειρὶ,
1573 1791 1649 1854 ὡς
1671 1808 1796 1844 νοσ-

219 1871 357 1933 σιὰν,
387 1871 481 1924 καὶ
509 1872 583 1936 ὡς
612 1875 1082 1947 καταλελειμμένα
1104 1879 1186 1932 ibi
1211 1879 1351 1949 ἀρῶ,
1375 1882 1468 1934 καὶ
1497 1882 1595 1935 οὑκ
1624 1882 1791 1945 ἔστιν,

217 1961 272 2023 ὃς
297 1961 648 2030 διαφεύξεταί
681 1983 770 2036 με,
809 1969 842 2037 ἢ
875 1968 1102 2039 ἀντείπῃ
1139 1987 1249 2038 μοι,
1295 1971 1470 2041 μάτην
1496 1970 1587 2042 ἐφ’
1615 1971 1796 2044 ἑαυτῷ

221 2051 362 2119 μέγα
393 2056 668 2126 φρονήσας
693 2057 974 2128 ἠλέγχετο.
1005 2059 1199 2130 Διέδρα
1231 2061 1340 2133 γὰρ
1373 2062 1545 2133 μόλις,
1573 2064 1666 2118 καὶ
1696 2081 1798 2132 φυ-

218 2142 313 2209 γὰς
333 2144 480 2197 οἴκοι
512 2147 804 2215 μεθίστατο
844 2149 944 2220 τὴν
989 2151 1243 2204 Ἰουδαίαν
1281 2153 1464 2222 ἀφείς.
1508 2155 1796 2227 Τοιγάρτοι

218 2235 306 2286 καὶ
333 2234 578 2302 ἔφασκεν
603 2241 632 2293 ὁ
659 2240 767 2293 τῶν
792 2241 930 2294 ὅλων
948 2241 1098 2305 Θεός·
1130 2243 1221 2314 Μὴ
1252 2245 1444 2312 φοϐοῦ,
1469 2248 1496 2299 ὁ
1515 2245 1643 2310 λαός
1667 2263 1795 2317 μου,

217 2325 264 2376 οἱ
305 2329 695 2394 κατοικοῦντες
725 2333 781 2384 ἐν
811 2333 970 2396 Σιὼν,
1011 2333 1117 2387 ἀπὸ
1158 2336 1477 2405 Ἀσσυρίων.
1511 2339 1799 2408 Κατεγρά-

219 2433 341 2484 φετο
367 2418 430 2471 δέ
459 2420 553 2472 καὶ
581 2423 608 2474 ὁ
638 2422 735 2492 τῆς
764 2424 944 2493 φυγῆς
971 2425 1190 2496 τρόπος,
1222 2429 1502 2497 μονονουχὶ
1531 2429 1715 2492 πόλεις
1737 2445 1797 2482 τε

217 2507 304 2558 καὶ
335 2505 538 2576 κώμας
574 2511 952 2577 κατασείοντες
986 2513 1150 2567 αὑτοῦ
1179 2518 1244 2586 τῇ
1273 2518 1513 2588 παρόδῳ.
1555 2520 1665 2572 Καὶ
1693 2519 1798 2573 πά-

217 2595 294 2648 λιν
317 2614 329 2626 ·
353 2598 529 2661 Φόϐος
558 2599 782 2670 λήψεται
811 2602 988 2673 Ῥαμὰ
1016 2605 1169 2659 πόλιν
1195 2607 1386 2661 Σαούλ.
1409 2610 1796 2680 Διερμηνεύον-

215 2703 300 2749 τες
339 2687 402 2739 δὲ
437 2689 506 2741 τά
544 2690 741 2754 τοιάδε,
778 2693 1121 2762 πεποιήμεθα
1156 2696 1256 2767 τὴν
1289 2698 1566 2769 ἀφήγησιν
1595 2701 1798 2770 ἱστορι-

214 2781 466 2853 κωτέραν
515 2785 634 2852 μὲν,
684 2785 821 2857 πλὴν
855 2787 953 2840 οὑκ
1011 2787 1116 2852 ἔξω
1159 2789 1258 2859 τῆς
1304 2788 1582 2859 ἀληθείας.
1642 2790 1799 2842 Πᾶσα

219 2872 318 2943 γάρ
357 2891 484 2938 πως
527 2876 764 2945 ἀνάγκη,
794 2881 860 2947 τῇ
887 2877 994 2932 τῶν
1030 2879 1404 2950 προκειμένων
1428 2881 1674 2951 ποιότητι
1707 2881 1800 2934 καὶ

214 2963 445 3034 δυνάμει
490 2965 821 3037 κατάλληλον
877 2970 966 3022 τὸν
1008 2971 1114 3040 τῆς
1159 2970 1454 3042 ἑρμηνείας
1495 2971 1803 3042 ἐφαρμόζε-

213 3054 334 3108 σθαι
409 3055 586 3123 λόγον.
633 3058 848 3130 Ἐπειδὴ
901 3061 956 3114 δέ
995 3062 1143 3115 ἐστιν
1181 3060 1302 3124 ἔθος
1339 3065 1406 3132 τῇ
1461 3061 1802 3131 θεοπνεύστῳ

214 3145 432 3217 Γραφῇ,
469 3147 558 3200 διὰ
596 3149 701 3202 τῶν
727 3152 785 3203 ἐν
814 3151 967 3220 τάχει
996 3152 1095 3221 (l),
1125 3153 1219 3206 καὶ
1257 3153 1546 3224 ἱπορικῶς
1583 3153 1798 3225 δρωμέ-

1891 710 2141 755 servatus
2166 710 2251 755 est
2280 699 2616 754 mirabiliter.
2673 695 2850 751 Exivit
2890 692 3059 756 enim,
3105 686 3299 756 inquit,
3359 698 3459 737 au-

1893 791 2044 860 gelus
2074 790 2308 853 Domini,
2334 798 2388 842 et
2429 788 2626 844 occidit
2662 801 2775 840 una
2795 794 2952 838 nocte
2981 797 3010 836 e
3064 778 3256 832 castris
3297 775 3460 844 Assy-

1893 879 2120 942 riorum,
2150 888 2365 934 centum
2386 878 2655 949 octoginta
2685 876 2920 944 quinque
2945 870 3134 925 millia.
3175 868 3291 933 Quo
3335 879 3458 932 pro-

1892 969 2068 1039 palam
2093 970 2254 1031 facto,
2288 969 2360 1023 illi
2384 970 2607 1038 periisse
2641 966 3124 1036 ιεεερειιιηιεε,
3145 955 3458 1026 tripudiare,

1892 1062 2134 1130 odasque
2173 1059 2555 1130 gratulatrices
2583 1057 2695 1112 Deo
2725 1050 3094 1109 conservatori
3126 1048 3370 1109 reddere,
3398 1060 3462 1100 ac

1893 1152 2102 1208 dicere:
2121 1171 2140 1204 ι
2165 1150 2386 1220 Vesperi
2416 1146 2836 1204 commorabitur
2852 1142 3102 1204 ﬂetus,et
3143 1152 3298 1191 mane
3326 1137 3462 1191 laeti-

1895 1237 1967 1292 tia
1994 1237 2095 1289 ".t
2127 1235 2195 1290 Et
2217 1235 2283 1290 ad
2311 1235 2425 1289 haec
2457 1248 2472 1286 :
2500 1250 2528 1285 ι.
2548 1230 2762 1287 Vertisti
2790 1228 2991 1280 luctum
3009 1237 3184 1278 meum
3222 1222 3276 1275 in
3329 1235 3460 1290 gau-

1895 1327 2038 1382 dium
2055 1325 2210 1384 mihi.
2224 1322 2486 1379 discidisti
2509 1334 2722 1377 saccum
2744 1330 2944 1381 meum,
2964 1307 3461 1368 etcircumcinxisti

1895 1432 1981 1473 me
2010 1417 2194 1472 laatitia
2223 1417 2396 1468 κδ’.»
2428 1414 2498 1468 At
2525 1415 2625 1467 iste
2653 1408 2930 1466 confidens
2961 1413 3015 1460 et
3037 1401 3322 1471 superbus,
3346 1412 3462 1451 ma-

1895 1523 2056 1579 gnum
2068 1518 2125 1562 et
2140 1507 2298 1562 inane
2315 1505 2445 1559 illud
2462 1515 2716 1571 crepans,
2736 1499 2935 1553 Orbem
2959 1504 3114 1549 terra:
3151 1491 3465 1546 universum

1895 1599 2102 1667 capiam
2121 1597 2271 1666 quasi
2295 1595 2504 1661 nidum,
2527 1602 2581 1649 et
2615 1591 2768 1661 quasi
2794 1588 2973 1645 relicta
2994 1600 3093 1640 ova
3125 1582 3328 1645 tollam,
3364 1591 3466 1633 nec

1894 1698 1975 1743 est
1989 1688 2078 1756 qui
2092 1685 2309 1755 effugiet
2328 1699 2434 1748 me,
2453 1683 2532 1738 vel
2554 1682 2645 1752 qui
2667 1679 2887 1734 resistat
2908 1676 3037 1729 mihi
3059 1693 3074 1729 :
3101 1673 3303 1726 frustm
3324 1669 3472 1738 apud

1894 1794 1954 1835 se
1976 1779 2157 1834 animo
2179 1781 2342 1833 altam
2357 1776 2570 1845 sapiens
2592 1771 3036 1842 redarguebatur,
3051 1775 3106 1822 et
3123 1763 3484 1831 vixelnpsusr

1900 1871 2155 1940 fugitivus
2171 1871 2408 1932 domum,
2445 1865 2625 1922 Judtea
2682 1862 2888 1926 relicta,
2919 1873 2982 1916 se
3025 1855 3248 1925 recepit.
3283 1853 3484 1920 Itaque

1899 1962 2034 2016 dixit
2067 1962 2227 2015 etiam
2263 1956 2647 2013 universitatis.
2678 1953 2852 2009 Deus:
2887 1951 2966 2005 Ne
3014 1958 3235 2010 metue,.
3277 1945 3487 2014 popule-

1897 2053 1992 2117 mi,
2017 2052 2108 2122 qui
2127 2051 2339 2106 habitas
2366 2049 2418 2103 in
2456 2047 2609 2112 Sion,
2628 2045 2898 2114 Assyrios.
2922 2040 3176 2110 Depictus
3203 2047 3285 2092 est
3301 2037 3478 2091 etiam.

1898 2144 2088 2199 modus
2116 2142 2272 2211 fugze,
2297 2156 2419 2196 cum
2455 2138 2544 2195 iile
2571 2136 2734 2192 urbes
2759 2143 2813 2190 et
2844 2133 2992 2188 vicos
3019 2131 3070 2185 in
3089 2128 3322 2184 transitu
3349 2134 3482 2180 tan»,

1899 2245 2009 2290 tum
2042 2251 2146 2290 non
2178 2239 2514 2290 concuteret.
2590 2229 2659 2284 Et
2709 2239 2935 2280 rursus:
2996 2221 3054 2276 In
3109 2220 3304 2274 timore
3362 2214 3482 2272 erit

1900 2326 2103 2381 Rbama
2139 2324 2328 2380 civitas
2375 2319 2524 2376 Saul.
2567 2318 2693 2373 Haec
2735 2315 3165 2382 interpretantes,
3200 2306 3470 2362 narratio-

1901 2433 2023 2472 nem
2050 2417 2264 2485 quidem
2293 2413 2466 2484 magis
2495 2411 2807 2466 historicam
2849 2403 3197 2464 instituimus,
3229 2397 3325 2454 sed
3359 2410 3477 2449 non-

1900 2522 1930 2561 a
1976 2507 2204 2561 veritate
2253 2504 2508 2559 alienam.
2569 2500 2780 2554 Etenim
2843 2495 3246 2566 propositarum
3287 2500 3466 2551 rerum

1899 2596 2146 2666 qualitati
2201 2604 2256 2650 et
2293 2594 2344 2648 vi
2377 2590 2890 2660 interpretationem
2913 2601 2978 2641 ex
3006 2584 3172 2637 altera
3200 2588 3364 2649 parte
3384 2593 3470 2631 re-

1900 2690 2250 2760 spondentem
2290 2684 2704 2742 accommodare
2727 2680 2948 2735 omnino
2963 2686 3044 2731 est
3063 2686 3301 2729 necesse.
3327 2669 3464 2726 Cum

1898 2795 2028 2836 vero
2057 2777 2348 2848 Scriptura:
2373 2775 2630 2830 divinitus
2660 2771 2938 2839 inspirata:
2971 2765 3236 2821 familiare
3260 2762 3353 2825 sit,
3376 2773 3472 2814 re-

1901 2872 2000 2926 bus
2032 2884 2216 2926 crasse
2245 2877 2300 2923 et
2354 2867 2612 2922 historice
2643 2864 2810 2933 gestis
2835 2859 3158 2931 quandoque
3182 2855 3480 2910 ostendere

1900 2961 2184 3032 mysteria,
2210 2968 2263 3012 ct
2289 2957 2625 3013 occultorum
2677 2965 2931 3008 sensuum
2961 2947 3223 3017 imagines
3277 2945 3470 2996 adumo

1900 3056 2060 3110 hrare
2097 3070 2115 3109 :
2140 3051 2370 3106 dicimus
2399 3050 2732 3104 inventorem
2761 3041 2966 3112 peccati
2997 3040 3052 3093 in
3077 3051 3174 3091 nos
3196 3040 3473 3089 exercuis-

1901 3162 1960 3204 se
1987 3143 2350 3217 tyrannidem,
2395 3149 2450 3194 et
2493 3138 2690 3208 popqu
2754 3130 3065 3188 Servatoris
3104 3122 3474 3185 sanctificata,

213 3213 314 3290 νων
340 3213 687 3310 καταδηλοῦν
720 3241 830 3294 ἔσθ’
869 3213 957 3295 ῦτε
1084 3213 1390 3314 μυστήρια,
1423 3213 1794 3316 καὶ-κεκρυμ-

1906 3213 2152 3294 videlicet
2173 3251 2268 3306 per
2291 3234 2578 3304 Spiritum,
2619 3238 2674 3284 et
2703 3242 2798 3298 per
2828 3223 2986 3280 fidem
3012 3230 3260 3290 purgato,
3295 3213 3471 3287 gravi-

216 3328 393 3397 μένων
424 3331 644 3385 ἐννοιῶν
671 3332 1032 3391 ἀναπλάττειν
1059 3335 1296 3398 εἰκόνας,
1324 3335 1504 3406 φαμὲν
1543 3337 1624 3390 ὄτι
1651 3355 1802 3392 τετυ-

217 3419 459 3491 ράννηκε
495 3422 596 3491 μὲν
621 3423 741 3477 καθ’
777 3425 933 3494 ἡμῶν
959 3427 988 3478 ὁ
1009 3426 1108 3496 τῆς
1137 3426 1408 3496 ἁμαρτίας
1434 3426 1682 3498 εὑρετὴς,
1709 3427 1801 3482 καὶ

213 3511 320 3572 τοῖς
349 3509 454 3563 τοῦ
499 3513 748 3584 Σωτῆρος
788 3514 936 3577 λαοῖς
987 3517 1099 3578 τοῖς
1145 3516 1516 3586 ἡγιασμένοις,
1559 3517 1802 3588 δηλονότι

211 3601 297 3655 διὰ
329 3603 680 3674 Πνεύματος,
716 3607 807 3659 καὶ
837 3607 1270 3677 κεκαθαρμένοις
1299 3608 1386 3662 διά
1417 3610 1514 3680 τῆς
1543 3610 1800 3676 πίστεως,

212 3693 405 3758 δεινῶς
438 3696 681 3766 ἐπεπήδα
707 3697 798 3750 καὶ
831 3698 1064 3768 πικρῶς,
1095 3699 1189 3752 καὶ
1221 3699 1316 3770 τῆς
1350 3699 1674 3771 Ἐκκλησίας
1704 3701 1800 3754 τοῦ

214 3785 344 3839 Θεοῦ
371 3789 864 3858 κατεστρατεύετο,
891 3791 1002 3844 τῶν
1029 3791 1133 3844 ὑπὸ
1157 3793 1313 3862 χεῖρα
1339 3792 1666 3860 πνευμάτων
1689 3793 1805 3846 ἐπι-

216 3875 372 3929 σείων
398 3879 542 3947 αὑτῇ
571 3878 670 3949 τὴν
699 3880 1065 3950 ἀνοσιωτάτην
1095 3879 1375 3948 φάλαγγα·
1408 3881 1501 3932 καὶ
1529 3879 1669 3950 τάχα
1699 3895 1802 3932 που

215 3967 304 4020 καὶ
329 3969 702 4040 ἀναστρέψειν
727 3971 893 4041 αὑτὴν
920 3971 1074 4042 ᾠήθη
1101 3970 1380 4035 δύνασθαι,
1407 3971 1502 4024 καὶ
1529 3970 1648 4024 λίαν
1675 3973 1806 4040 ἀμο-

212 4058 356 4126 γητὶ,
379 4057 488 4127 τὴν
529 4059 732 4128 σεπτὴν
759 4059 973 4129 άληθῶς
1009 4060 1102 4113 καὶ
1138 4061 1298 4128 ἁγίαν
1328 4060 1481 4113 πόλιν
1508 4059 1602 4112 τοῦ
1631 4059 1794 4124 Θεοῦ,

211 4146 307 4216 τὴν
336 4147 542 4219 νοητὴν
575 4150 948 4220 Ἰερουσαλὴμ,
988 4149 1103 4204 ἀλλ’
1132 4150 1246 4220 ἦλω
1287 4149 1648 4222 πεφρονηκὼς
1695 4149 1804 4204 τῶν

212 4239 586 4309 ἐνδεχομένων
632 4241 804 4295 οὐδέν.
837 4242 909 4295 Οὑ
956 4241 1064 4312 γάρ
1107 4237 1176 4312 ἦν
1224 4242 1461 4312 ἰσχύσαι,
1501 4243 1598 4311 τὴν
1645 4242 1805 4310 ἁγίαν

213 4329 374 4382 αὑτὸν
447 4330 876 4402 ἐκπολιορκῆσαι
920 4331 1092 4396 πόλιν,
1123 4333 1216 4385 καὶ
1265 4333 1681 4404 κατακρατῆσαι
1719 4331 1806 4384 δε-

214 4421 328 4484 ξιᾶς
367 4423 476 4493 τῆς
507 4421 650 4476 οὑτω
685 4423 1132 4494 εὑσθενεστάτης.
1159 4424 1254 4488 Τίς
1283 4424 1391 4495 γάρ
1425 4425 1804 4496 ἀντιστήσεται

211 4511 279 4564 τά
310 4515 501 4566 πάντα
547 4513 782 4584 ἰσχύοντι
810 4514 960 4585 Θεῷς
1006 4515 1274 4568 ’Λπόλωλε
1302 4515 1482 4569 τοίνυν
1515 4513 1651 4586 ὁμοῦ
1693 4517 1806 4578 τοῖς

1905 3340 1987 3387 ter
2008 3328 2297 3384 insultasse
2326 3335 2380 3379 et
2409 3324 2818 3389 acriter,.atqne
2848 3313 3144 3371 Ecclesiam
3174 3309 3466 3378 Deiimpu.

1903 3433 2120 3492 gnasse,
2154 3415 2438 3486 spirituum
2483 3411 2600 3481 ejus
2657 3404 2885 3475 imperio
2910 3399 3212 3472 parentium
3237 3394 3472 3452 scelera-

1906 3491 2170 3567 tissimam
2214 3505 2540 3577 phalangem
2570 3509 2762 3556 contra
2807 3511 2926 3552 eam
2981 3491 3348 3548 concitando:
3408 3499 3474 3539 ac

1903 3605 2174 3672 cogitasse
2222 3597 2411 3653 forsan
2463 3608 2624 3664 posse
2653 3591 2932 3658 seabsque
2969 3583 3116 3640 omni
3181 3581 3383 3637 sudore
3421 3586 3489 3634 et:

1904 3696 2089 3752 labore
2111 3700 2378 3754 evertere,
2409 3683 2775 3742 venerandam
2818 3693 2950 3735 sane
2977 3685 3031 3732 et
3067 3680 3490 3731 sacrosanctam

1904 3789 1997 3843 Dei
2024 3785 2326 3848 civitatem,
2383 3775 2736 3846 intelligentia
2790 3777 3097 3842 perceptam
3149 3764 3480 3820 Jerusalem.

1905 3879 2011 3934 Sed
2039 3875 2403 3946 deprehensus
2447 3882 2550 3932 est,
2591 3882 2656 3922 ea
2691 3878 2812 3935 quae
2834 3862 2958 3917 fieri
2995 3859 3140 3914 nullo
3164 3857 3323 3911 modo
3381 3870 3478 3924 po.-

1904 3976 2086 4024 terant
2113 3967 2254 4035 apud
2289 3977 2351 4019 se
2375 3960 2664 4030 cogitasse.
2706 3953 2825 4009 Non
2862 3950 3004 4005 enim
3037 3946 3182 4018 potis
3207 3953 3326 3999 erat
3351 3958 3478 3997 san.-

1908 4070 2054 4118 ctam
2086 4057 2338 4115 obsidere
2364 4055 2580 4116 urbem,
2636 4063 2737 4105 nec
2783 4046 3062 4101 dexteram
3125 4037 3484 4092 fortissimam

1905 4167 2232 4225 expugnare.
2267 4150 2402 4217 Quis
2420 4147 2563 4202 enim
2602 4147 2780 4214 potest
2829 4132 3184 4204 omnipotenti
3241 4128 3352 4182 Deo
3395 4141 3478 4180 re-

1906 4219 2132 4300 sis-terve?
2157 4240 2324 4296 Periit
2351 4239 2534 4307 itaque
2566 4231 2734 4289 simul
2761 4243 2883 4285 cum
2914 4224 3234 4282 satellitibus
3264 4219 3395 4280 suis.
3424 4223 3476 4268 et

1905 4347 1937 4389 e
1969 4346 2130 4403 grege
2158 4331 2367 4400 piorum
2393 4326 2636 4382 seclusus
2656 4329 2762 4386 est,
2823 4315 3099 4374 indomitae
3136 4311 3264 4366 ferae
3308 4309 3480 4363 instar

1906 4399 2174 4484 insiliens,
2207 4426 2261 4472 et
2289 4417 2356 4472 de
2388 4430 2483 4471 sua
2509 4409 2801 4485 tyrannide
2821 4413 3008 4463 contra
3032 4417 3128 4458 nos
3158 4399 3488 4456 deturbatus

1905 4521 2009 4569 est.
2042 4511 2194 4579 Quod
2227 4523 2324 4564 nos
2359 4507 2618 4561 Servator
2646 4500 2834 4557 docuit
2859 4494 3140 4566 inquiens:
3170 4509 3189 4542 ι
3209 4488 3363 4544 Nunc
3388 4487 3478 4556 juc.

211 4604 442 4666 οίκείοις
482 4604 871 4668 ὑπασπισταῖς,
898 4603 992 4658 καὶ
1016 4605 1114 4675 τῆς
1141 4604 1250 4657 τῶν
1287 4603 1652 4659 εὐσεϐούντων
1674 4603 1798 4672 ἀγέ-

1907 4605 2108 4662 dicium
2147 4610 2233 4658 est
2257 4597 2441 4657 seaculi
2477 4595 2658 4666 hujus,
2695 4605 2839 4646 nunc
2869 4590 3119 4658 princeps
3150 4582 3311 4651 hujus
3362 4592 3468 4634 sae-

213 4694 310 4766 λης
344 4695 739 4760 ἀπελέλακται,
769 4695 934 4768 θηρὸς
974 4696 1249 4768 ἀνημέρου
1281 4696 1436 4768 δίκην
1478 4695 1759 4767 ἐωπηδῶν
1782 4711 1796 4725 ο

214 4787 550 4859 ὲκδέὸληται
580 4787 637 4840 δὲ
661 4788 762 4856 τῆς
794 4788 918 4842 καθ’
945 4789 1100 4859 ἡμῶν
1139 4789 1472 4860 τυραννίδος.
1509 4789 1618 4843 Καὶ
1646 4788 1803 4842 τοῦτο

212 4881 362 4951 ἡμᾶς
402 4882 437 4933 ὁ
461 4879 651 4950 Σωτὴρ
674 4878 912 4945 ἐδίδαξεν
942 4879 1138 4934 εἰπών·
1169 4898 1187 4931 ι
1222 4879 1335 4933 Νῦν
1358 4880 1537 4950 κρίσις
1570 4880 1689 4933 ἐστὶ
1707 4880 1804 4934 τοῦ

215 4970 418 5034 αἰῶνος
457 4970 669 5035 τούτου,
708 4970 805 5024 νῦν
833 4972 1015 5042 ἄρχων
1040 4970 1132 5024 τοῦ
1163 4971 1357 5034 αἰῶνος
1389 4972 1579 5025 τούτου
1607 4971 1804 5042 ἐκϐλη-

216 5060 447 5131 θήσεται
480 5059 607 5125 ἕξω.
640 5059 811 5129 Κάγὼ
839 5060 932 5114 ἐὰν
969 5060 1166 5130 ὑψωθῶ
1190 5061 1282 5114 ἐπὶ
1310 5062 1409 5132 τῆς
1431 5061 1558 5132 γῆς,
1596 5063 1804 5125 πάντας

215 5151 434 5205 ἑλκύσω
461 5151 598 5221 πρὸς
629 5151 884 5222 ἐμαυτόν.
919 5171 937 5202 ι
958 5152 1264 5224 Ἀνατροπὴ
1286 5153 1395 5223 γὰρ
1426 5154 1678 5216 θανάτου,
1704 5155 1811 5207 καὶ,

215 5239 468 5294 διαϐόλου
509 5241 848 5313 καθαίρεσις,
881 5242 973 5296 καὶ
1007 5243 1277 5313 ἁμαρτίας
1317 5245 1594 5316 ἀναίρεσις
1619 5245 1679 5298 τὺ
1708 5244 1800 5298 τοῦ

217 5331 461 5403 Χριστοῦ
487 5333 680 5402 γέγονε
708 5333 900 5401 πάθος,
933 5334 1234 5404 ὑψουμένου
1265 5335 1362 5405 μὲν
1394 5337 1486 5388 ἐπὶ
1516 5336 1608 5388 τοῦ
1635 5354 1800 5390 σταυ-

219 5425 340 5496 ροῦ,
384 5425 844 5496 κατακομίζοντος
869 5425 926 5478 δέ
945 5425 1041 5480 καὶ
1071 5427 1565 5497 καταρρίπτοῦντος
1597 5431 1676 5490 είς
1701 5429 1804 5498 γῆν

218 5516 313 5570 τοῦ
347 5516 598 5570 διαϐόλου
624 5517 682 5572 τὸ
726 5517 1010 5590 καύχημα.
1054 5518 1178 5571 Ἐπὶ
1223 5519 1415 5589 καιροῦ
1457 5519 1636 5573 τοίνυν
1685 5523 1802 5591 μετ’

218 5689 265 5723 ⁸⁷
364 5689 510 5746 Psal.
547 5708 696 5761 xxix,
728 5693 781 5749 6.

298 5845 385 5908 (ii
422 5845 608 5904 llunfr.
641 5849 836 5917 legisse
868 5849 1077 5906 videtur
1107 5851 1291 5921 πάχει.

1906 4694 2277 4766 culiejicietur
2312 4690 2482 4747 foras.
2556 4685 2624 4741 Et
2662 4697 2763 4754 ego
2784 4682 2830 4738 si
2890 4678 3160 4736 exaltatus
3210 4673 3366 4728 fuero
3413 4669 3490 4724 de

1906 4799 2072 4851 terra,
2102 4799 2293 4840 omnes
2316 4783 2526 4837 traham
2556 4778 2622 4832 ad
2652 4775 2914 4846 meipsum
2946 4771 3014 4824 ³⁸.
3045 4787 3064 4821 ι
3089 4764 3312 4823 Eversio
3333 4762 3491 4816 enim.

1905 4879 2117 4939 mortis,
2145 4886 2200 4932 et
2235 4872 2432 4930 diaboli
2462 4869 2763 4935 subversio,
2799 4863 2962 4937 189
2980 4871 3036 4918 et
3060 4859 3264 4932 peccati
3286 4854 3475 4910 demo-

1904 4972 2040 5036 litio,
2071 4968 2272 5025 Christi
2305 4967 2408 5023 fuit
2459 4964 2676 5035 passio,
2711 4959 2884 5016 evecti
2939 4957 2993 5013 in
3059 4965 3242 5015 cruce,
3298 4945 3480 5036 depria

1907 5035 2102 5118 mentis
2129 5069 2185 5113 et
2216 5057 2518 5129 dejicientis
2547 5057 2599 5112 in
2627 5062 2828 5108 terram
2858 5045 3056 5104 diaboli
3090 5041 3336 5114 gloriam.
3364 5035 3477 5101 0p-

1908 5167 2136 5225 portune
2174 5154 2337 5222 igitur
2385 5150 2638 5218 deinceps
2682 5147 2845 5203 etiam
2907 5155 3051 5197 nunc
3111 5132 3480 5193 universitatis

1909 5250 2048 5304 Deus
2100 5244 2400 5301 nativitatis
2435 5241 2706 5312 Uuigeniti
2737 5238 2790 5294 in
2827 5249 2990 5294 carne
3033 5241 3338 5288 sermonem
3389 5224 3477 5278 in-

1907 5338 2074 5404 ducit,
2108 5347 2163 5391 ct
2185 5351 2315 5392 voce
2355 5332 2671 5404 prophetica
2699 5327 3019 5401 mysterium
3051 5330 3177 5378 ante
3198 5315 3474 5390 patefacit,

1907 5437 1967 5482 ut
2003 5430 2162 5482 rebus
2193 5427 2258 5481 ad
2307 5425 2512 5480 exitum
2590 5417 3052 5492 pervenientibus,
3121 5409 3477 5468 indubitatam

1909 5521 2071 5577 fidem
2123 5519 2288 5576 faciat
2315 5518 2586 5575 omnibus.
2616 5513 2755 5570 Hinc
2783 5512 2903 5567 ait:
2939 5527 2958 5564 ι
2996 5507 3135 5565 Ecce
3170 5501 3482 5560 Dominator

859 5695 973 5727 ’δι”
1002 5694 1134 5749 ibid.
1159 5735 1174 5760 ,
1209 5695 1295 5750 12.
1371 5696 1415 5728 ³⁸
1455 5695 1610 5753 Joau.
1643 5713 1744 5766 xu,
1773 5699 1864 5766 5|,
1901 5699 1995 5754 52.
