4134 6494
628 443 754 524 '307

1627 468 1685 523 S.
1727 467 1996 524 CYRILIJ
2036 466 2503 522 ALEXANDRINI
2549 467 2861 524 ARCIIIEP.

3788 468 3885 522 508

650 582 909 636 Dominus
938 581 1197 645 Sabaoth,
1239 582 1584 637 conturbabit
1620 586 1885 653 gloriosos
1907 601 2029 640 cum
2064 586 2211 640 forti-

2327 587 2497 637 ἐκεῖνα
2528 585 2615 637 καὶ
2652 585 2748 637 νῦν
2779 586 2808 635 ὁ
2838 582 2945 634 τῶν
2985 582 3120 634 ὅλων
3152 580 3307 649 Θεὸς,
3332 582 3425 637 τὸν
3451 584 3577 652 περὶ
3619 582 3721 652 τῆς
3752 584 3888 636 κατά

652 673 858 726 tudine.
893 692 909 723 ι
947 671 1024 723 Ad
1064 673 1355 727 novitatem
1390 675 1512 729 vita:
1542 677 1887 744 evangelicae,
1914 692 1976 730 ac
2005 677 2208 732 Christi

650 763 991 832 mysterium,
1017 773 1303 818 revocatet
1328 765 1589 821 reformat
1613 776 1770 820 terra:
1806 767 2030 831 incolas,
2059 782 2215 822 ever-

645 854 720 908 sis
748 854 999 907 nimirum
1023 856 1258 924 antiquis
1279 856 1493 920 ritibus,
1529 857 1875 926 moribusque
1895 858 2214 913 umbraticis

647 953 699 998 et
730 945 925 1013 typieis
944 946 1187 1000 obtinere
1227 947 1331 1000 vim
1360 962 1511 1002 suam
1563 948 1794 1017 amplius
1835 964 1937 1003 non
1991 949 2215 1003 valenti-

648 1039 766 1091 bus.
819 1036 924 1091 Sed
957 1038 1219 1092 adventus
1255 1040 1336 1093 sui
1376 1040 1425 1092 in
1469 1041 1612 1095 hunc
1660 1042 1916 1095 mundum
1962 1042 2051 1096 hic
2094 1057 2215 1096 sco-

647 1142 746 1195 pus
782 1126 900 1192 l‘uit,
929 1129 1183 1199 venitque
1214 1128 1622 1196 praedicaturus,
1662 1141 1715 1184 et
1751 1142 1880 1187 ante
1908 1132 2042 1187 alios
2074 1132 2215 1185 Isra-

646 1217 810 1279 elitis,
835 1219 975 1284 quod
1019 1235 1139 1287 qua:
1190 1235 1358 1288 usque
1409 1220 1474 1273 ad
1542 1223 1948 1278 restaurationis
2005 1234 2214 1295 tempus

648 1307 889 1360 instituta
921 1318 1107 1375 erant,
1149 1310 1199 1362 id
1232 1318 1335 1371 est,
1374 1311 1454 1363 lex
1491 1311 1543 1364 in
1588 1312 1761 1366 littera
1801 1316 1994 1384 posita,
2046 1332 2109 1370 ea
2148 1319 2215 1373 de

647 1406 844 1451 caetero
869 1398 1025 1464 tollit,
1058 1415 1237 1453 animo
1262 1401 1517 1466 lidelium,
1546 1403 1620 1455 uti
1682 1403 1944 1468 dixeram,
1977 1407 2042 1459 ad
2096 1422 2211 1460 rne-

648 1486 833 1541 liorem
874 1498 925 1541 et
955 1488 1249 1557 spiritalem
1282 1490 1401 1544 vitae
1434 1490 1822 1546 institutionem
1852 1494 2210 1549 transforma-

651 1580 722 1623 ιο.
758 1570 901 1624 Nova
930 1572 1069 1625 enim
1102 1572 1152 1625 in
1179 1571 1396 1627 Christo
1444 1577 1644 1629 omnia.
1679 1577 1743 1630 Et
1791 1578 1836 1632 si
1871 1594 1997 1633 vero
2054 1581 2213 1636 dece-

646 1664 737 1714 bat
765 1662 813 1715 ei
837 1663 1206 1731 obtemperare
1246 1680 1354 1732 prie
1397 1668 1606 1722 czeteris
1655 1667 1890 1725 Judaica:
1930 1686 2214 1742 synagoga:

648 1752 932 1818 primores,
968 1761 1023 1806 et
1057 1753 1147 1822 qui
1173 1756 1461 1810 sacerdotii
1493 1758 1792 1813 honoribus
1836 1760 1977 1815 haud
2006 1762 2210 1816 medio-

647 1842 813 1896 criter
850 1842 1281 1899 iusolescebant:
1319 1845 1372 1900 hi
1426 1856 1600 1902 tamen
1628 1863 1660 1903 e
1717 1852 1990 1906 contrario
2040 1867 2213 1922 repu-

2317 674 2494 742 σάρκα
2522 674 2826 741 γεννήσεως
2862 670 2954 723 τοῦ
2986 670 3323 738 Μονογενοῦς
3362 671 3663 740 εἰσκομίζει
3711 671 3885 739 λόγον,

2314 764 2409 816 καὶ
2436 763 2828 833 προαναφαίνει
2852 762 2914 814 τὸ
2936 763 3231 831 μυστήριον
3249 761 3338 815 διὰ
3365 766 3546 833 φωνῆς
3574 763 3886 833 προφητῶν,

2315 854 2402 908 ἵνα
2428 853 2537 906 τῶν
2566 852 2907 924 πραγμάτων
2946 853 3027 915 είς
3057 851 3229 921 πέρας
3273 851 3671 921 ἐκϐεὸηκότων,
3713 852 3889 921 ἀναμ-

2315 946 2534 1015 φίλογον
2562 946 2771 1015 δέχοιτο
2815 945 2965 1016 παρὰ
2995 946 3211 999 πάντων
3234 943 3333 1014 τὴν
3374 946 3573 998 πίστιν.
3608 945 3675 998 Τί
3717 946 3893 996 τοίνυν

2316 1036 2479 1105 φησίν
2500 1053 2513 1066 ·
2553 1054 2573 1087 ι
2620 1036 2750 1088 Ἰδοὺ
2778 1036 2843 1105 δὴ
2876 1038 2903 1088 ὁ
2941 1034 3218 1105 Δεσπότης
3242 1034 3446 1104 Κύριος
3476 1034 3727 1095 Σαϐαὼθ,
3768 1053 3889 1086 συν-

2312 1128 2537 1199 ταράξει
2558 1128 2683 1191 τοὺς
2717 1127 2958 1191 ἐνδόξους
2984 1126 3120 1195 μετά
3158 1125 3375 1195 ίσχύοςς
3420 1145 3439 1176 ι
3479 1126 3571 1187 Ei;
3598 1126 3891 1191 καινότητα

2316 1219 2462 1288 ζωῆς
2494 1218 2855 1288 εὐαγγελικῆς
2902 1217 2964 1269 τὸ
2996 1216 3090 1269 τοῦ
3132 1216 3367 1287 Χριστοῦ
3418 1217 3719 1287 μυστήριον
3766 1216 3895 1268 ἀνα-

2320 1312 2518 1382 μορφοῖ
2548 1311 2673 1372 τοὺς
2703 1310 2794 1360 ἐπὶ
2826 1311 2924 1378 τῆς
2953 1309 3076 1378 γῆς,
3122 1306 3615 1377 ἀνατετραμμένων
3652 1305 3894 1375 δηλονότι

2316 1402 2425 1454 τῶν
2450 1401 2819 1472 ἀρχαιοτέρων
2848 1400 3006 1461 ἐθῶν,
3041 1400 3135 1451 καὶ
3169 1399 3280 1451 τῶν
3322 1401 3379 1452 ἐν
3426 1400 3607 1460 σκιαῖς
3662 1398 3759 1449 καὶ
3800 1397 3893 1449 τύ-

2321 1510 2462 1556 ποις,
2496 1493 2596 1545 οὑκ
2630 1492 2861 1561 ἐχόντων
2893 1491 2971 1543 ἐτι
3014 1488 3074 1541 τὸ
3109 1488 3370 1542 δύνασθαι
3410 1491 3649 1557 κρατεῖν.
3695 1488 3835 1539 Ἀλλ’
3869 1489 3900 1539 ὁ

2321 1584 2420 1655 μὲν
2445 1585 2544 1655 τῆς
2569 1584 2805 1651 ἀφίξεως
2825 1583 2923 1651 τῆς
2946 1583 3025 1645 είς
3052 1582 3200 1635 τόνδε
3228 1581 3318 1634 τὸν
3349 1581 3552 1650 κόσμον
3578 1580 3731 1649 αὐτῷ
3781 1598 3899 1632 σκο-

2318 1674 2419 1737 πὸς
2449 1674 2671 1742 γέγονεν
2719 1673 2924 1735 οὑτοσὶ,
2981 1672 3075 1724 καὶ
3111 1670 3453 1740 διακηρύξων
3508 1672 3757 1738 ἀφῖκται,
3808 1672 3900 1723 καὶ

2318 1765 2424 1835 πρό
2450 1781 2513 1831 γε
2545 1764 2654 1816 τῶν
2680 1762 2856 1816 ἄλλων
2877 1764 2988 1825 τοῖς
3010 1760 3070 1826 ἐξ
3103 1760 3342 1832 Ἰσραὴλ,
3373 1761 3455 1813 ὅτι
3482 1760 3549 1813 τά
3588 1760 3755 1830 μέχρι
3780 1777 3902 1812 και-

2324 1852 2417 1923 ροῦ
2450 1850 2791 1923 διορθώσεως
2831 1852 3172 1921 ἐπικείμενα,
3212 1852 3509 1915 τουτέστιν,
3550 1853 3578 1903 ὁ
3610 1851 3669 1901 ὲν
3717 1849 3902 1920 γράμ-

648 1934 1214 2002 gnabantjuveniliter
1232 1951 1295 1991 ac
1318 1939 1641 2007 petulanter,
1679 1943 1999 1998 resistebant
2029 1945 2212 2015 impie,

2327 1958 2453 2012 μασι
2476 1941 2659 2010 νόμος,
2702 1941 2954 2011 καταίρει
2984 1938 3168 1991 λοιπὸν
3202 1940 3282 1999 είς
3318 1938 3488 2002 τέλος,
3528 1938 3902 2008 μεταπλαττο-

649 2034 702 2078 et
731 2025 899 2095 legem
951 2043 981 2080 a
1029 2026 1174 2083 Mose
1207 2030 1605 2099 sapientissimo
1643 2034 2031 2104 promulgatam
2070 2051 2216 2090 sem-

651 2132 746 2185 per
765 2118 815 2169 in
853 2132 947 2171 ore
965 2118 1227 2173 habentes
1246 2159 1259 2183 ,
1299 2124 1617 2191 mysterium
1645 2124 2060 2192 dispensationis
2091 2126 2217 2181 Uni-

649 2209 814 2276 geniti
852 2209 903 2261 in
930 2226 1116 2274 carne,
1142 2224 1402 2282 quantum
1454 2217 1590 2271 inse
1616 2225 1733 2271 erat
1771 2218 1981 2272 irritum
2038 2218 2217 2275 facere

651 2300 939 2356 volebant:
973 2305 1064 2357 sed
1104 2320 1265 2373 penes
1293 2321 1386 2360 eus
1410 2324 1513 2361 non
1552 2318 1667 2362 erat
1697 2310 1800 2363 hoc
1834 2318 2110 2378 praestare,
2163 2322 2218 2364 at

651 2392 890 2445 omnium
926 2392 1196 2448 Servatori
1226 2404 1279 2449 et
1307 2396 1417 2450 Deo
1452 2411 1609 2450 suum
1654 2399 2003 2466 supercilium
2046 2414 2215 2469 appo-

653 2495 864 2547 nentes,
897 2486 1018 2538 mali
1056 2487 1194 2540 male
1223 2487 1517 2556 perierunt,
1549 2489 1745 2557 partim
1782 2490 1921 2546 alter
1981 2492 2031 2546 in
2090 2492 2220 2545 alte-

654 2590 770 2628 rum
791 2576 1134 2644 assultantes,
1168 2586 1221 2631 et
1254 2580 1371 2649 lege
1416 2579 1540 2634 belli
1602 2581 1918 2637 insidiantes
1945 2623 1959 2647 ,
2018 2584 2213 2652 partim

653 2666 704 2719 in
743 2665 1104 2721 Romanorum
1156 2684 1347 2723 manus
1377 2669 1693 2737 incidentes,
1729 2673 1820 2741 qui
1851 2673 2024 2742 ipsum
2082 2675 2214 2729 adeo

654 2760 908 2829 templum
936 2762 1307 2815 incenderunt.
1338 2763 1474 2818 Ecce
1526 2765 1685 2835 igitur
1741 2766 2053 2820 Dominator
2113 2768 2217 2820 Do-

653 2851 829 2905 minus
858 2851 1094 2907 Sabaoth
1130 2856 1471 2909 conturbabit
1526 2856 1789 2925 gloriosos
1820 2872 1941 2911 cum
2001 2856 2218 2910 fortitu-

651 2942 795 2997 dine.
848 2943 1126 2999 Dominum
1193 2944 1429 3000 Sabaoth
1478 2952 1886 3002 conturbantem
1939 2949 2215 3014 nominat;

653 3034 991 3090 auditoribus
1033 3045 1295 3091 terrorem
1334 3038 1636 3103 incutiensf;
1672 3054 1738 3093 ne
1784 3039 1907 3109 quis
1936 3038 2073 3092 forte
2106 3038 2221 3091 exi-

654 3123 838 3177 stimet
863 3126 1175 3180 debiliorem
1200 3127 1316 3182 fore
1348 3128 1540 3196 ipsum,
1574 3130 1657 3182 vel
1684 3131 1846 3184 etiam
1877 3131 2050 3185 minas
2072 3130 2224 3184 adbi-

2327 2033 2516 2104 μένης,
2572 2033 2647 2095 ὡς
2695 2032 2852 2103 ἔφην,
2897 2033 2977 2094 είς
3017 2030 3083 2083 τά
3129 2031 3336 2100 ἀμείνω
3379 2031 3473 2082 καὶ
3520 2029 3901 2099 πνευματικὴν

2319 2128 2592 2182 πολιτείαν
2625 2127 2723 2195 τῆς
2754 2124 2863 2178 τῶν
2902 2123 3265 2176 πιστευόντων
3300 2123 3557 2185 διανοίας.
3585 2123 3768 2175 Καινά
3791 2123 3904 2194 γάρ

2318 2220 2494 2273 πάντα
2533 2218 2602 2271 τά
2647 2219 2704 2269 ἐν
2748 2216 2988 2286 Χριστῷ.
3048 2213 3209 2267 Ἀλλά
3248 2214 3425 2267 καίτοι
3470 2214 3902 2267 καταπείθεσθαι

2317 2306 2433 2360 δέον
2455 2305 2619 2375 αύτῷ,
2656 2304 2749 2357 καὶ
2776 2305 2880 2372 πρό
2920 2321 2983 2371 γε
3013 2303 3119 2356 τῶν
3158 2304 3331 2357 ἄλλων
3361 2304 3458 2373 τῆς
3474 2305 3742 2357 Ἰουδαίων
3776 2323 3901 2357 συνο

2320 2398 2540 2465 αγωγῆς
2571 2397 2697 2457 τοὺς
2734 2395 3161 2465 προεστηκότας,
3196 2395 3289 2446 καὶ
3321 2398 3431 2455 τοῖς
3470 2395 3568 2463 τῆς
3601 2395 3905 2466 ἱερωσύνης

2320 2490 2629 2557 αὐχήμασιν
2666 2488 2727 2538 ού
2764 2487 3001 2556 μετρίως
3051 2486 3467 2555 κομπάζοντας,
3501 2488 3565 2538 ἐκ
3592 2486 3701 2538 τῶν
3742 2489 3901 2539 ἐναν-

2319 2578 2449 2631 τίων
2488 2576 2848 2646 ἀντεφέροντο
2899 2575 3183 2639 νεανικῶς,
3233 2575 3597 2644 ἀντέπραττον
3638 2575 3901 2643 ἀφοσίως,

2322 2668 2417 2721 καὶ
2443 2668 2534 2720 τὸν
2562 2667 2649 2720 διά
2680 2666 2773 2718 τοῦ
2810 2666 3089 2733 πανσόφου
3123 2667 3363 2729 Μωσέως
3387 2666 3472 2719 ἀεὶ
3498 2667 3785 2729 λαλοῦντες
3819 2670 3905 2719 νό-

2324 2784 2443 2837 μον,
2472 2766 2751 2837 ἇπρακτον
2787 2764 3107 2832 ἀποφαίνειν
3140 2763 3331 2833 ἤθελον
3359 2764 3420 2817 τό
3448 2781 3511 2832 γε
3536 2760 3671 2835 ἧκον
3700 2767 3781 2827 εἰς
3806 2766 3903 2817 αύ-

2320 2860 2445 2922 τοὺς
2473 2859 2571 2928 τῆς
2610 2856 2745 2927 μετά
2770 2855 2971 2927 σαρκὸς
2999 2857 3309 2926 οἰκονομίας
3343 2856 3434 2909 τοῦ
3468 2856 3805 2923 Μονογενοῦς
3845 2859 3906 2907 τὸ

2326 2951 2641 3021 μυστήριον.
2660 2948 2800 3001 Ἀλλ’
2817 2944 2885 3018 ἦν
2906 2948 3195 3017 ἀνέφικτον
3216 2949 3395 3011 αὐτοῖς
3416 2947 3574 3000 τοῦτο
3597 2949 3752 3017 δρᾷν,
3778 2951 3905 3001 ἀντο

2323 3042 2604 3109 εξάγοντες
2629 3040 2682 3092 δὲ
2727 3040 2803 3110 τῷ
2857 3040 3073 3092 πάντων
3108 3040 3318 3111 Σωτῆρι
3354 3042 3445 3091 καὶ
3478 3039 3595 3109 Θεῷ
3616 3041 3677 3090 τὸ
3704 3041 3911 3091 οἰκεῖον

2325 3132 2555 3202 θέλημα,
2587 3132 2745 3185 κακοὶ
2780 3132 2965 3194 κακῶς
2999 3130 3302 3196 διολώλασι,
3337 3132 3492 3184 τοῦτο
3526 3133 3619 3202 μὲν
3654 3132 3909 3202 ἀλλήλοις

653 3214 837 3269 buisse
867 3214 1193 3284 ineﬂicaces,
1221 3229 1274 3273 et
1306 3235 1425 3288 qua:
1453 3221 1672 3273 omnino
1702 3221 1767 3274 ad
1800 3220 1961 3275 linem
1998 3237 2103 3277 non
2134 3238 2223 3277 es-

2327 3227 2697 3297 ἐπιφυόμενοι,
2725 3227 2820 3279 καὶ
2845 3226 2937 3278 τὸν
2976 3225 3213 3293 πολέμου
3247 3226 3408 3295 νόμον
3440 3224 3905 3287 ἐπιϐουλεύοντες,

657 3314 777 3359 sent
805 3316 1160 3375 perventurae.
1197 3311 1333 3376 Quid
1378 3312 1522 3364 enim
1576 3310 1815 3365 inellicax
1858 3328 1953 3367 seu
2021 3313 2224 3383 imper-

657 3397 858 3453 fectum
889 3401 992 3453 erit
1022 3416 1209 3457 eorum
1257 3418 1377 3471 qua:
1404 3419 1431 3454 a
1462 3403 1689 3457 Domino
1720 3404 1982 3469 Sabaoth,
2010 3407 2111 3462 hoc
2145 3416 2228 3462 est

658 3489 1019 3553 exercituum,
1050 3492 1418 3559 suscipiuntur
1443 3491 1465 3543 Ῥ
1492 3492 1987 3563 Conquassaturum
2016 3512 2073 3550 se
2099 3496 2229 3552 dicit

658 3579 828 3636 elatos
852 3583 1125 3650 superbia.
1154 3581 1294 3637 Celsi
1344 3584 1486 3637 enim
1524 3592 1580 3638 et
1642 3584 1767 3638 elati
1811 3599 1937 3639 vere
1978 3586 2226 3654 superbia

659 3684 833 3734 erant,
856 3672 949 3742 qui
986 3689 1091 3728 non
1117 3676 1276 3729 modo
1302 3676 1594 3745 prephetas
1623 3685 1839 3731 sanctos
1862 3676 2218 3739 trucidarunt,

661 3775 715 3820 et
773 3767 933 3837 190
979 3768 1277 3821 rectissime
1324 3767 1729 3823 consulentibus
1778 3770 2114 3839 impudenter
2146 3771 2231 3824 di-

662 3867 823 3914 cunt:
864 3876 883 3910 ι
920 3860 1038 3913 Alia
1078 3859 1232 3913 nobis
1280 3859 1581 3928 loquimini,
1619 3870 1674 3915 et
1711 3861 2024 3916 annuntiate
2078 3862 2231 3917 nobis

663 3950 825 4005 alium
873 3953 1359 4016 errorem";rsed
1392 3952 1555 4006 etiam
1627 3951 1678 4004 in
1730 3952 1901 4021 ipsum
1950 3950 2230 4006 Christum

666 4044 897 4114 linguam
931 4053 1221 4110 exacuunt,
1262 4055 1317 4099 et
1341 4058 1543 4099 cornua
1573 4045 1625 4098 in
1650 4044 1879 4099 sublime
1908 4045 2118 4109 tollunt,
2154 4056 2230 4111 et,

667 4145 724 4189 ut
754 4137 1015 4205 scriptum
1065 4145 1167 4201 cst,
1222 4144 1407 4190 contra
1460 4135 1625 4190 Deum
1676 4136 1966 4205 loquuntur
2017 4136 2231 4205 injusti-

668 4230 796 4284 tiam
832 4230 896 4284 ³².
932 4233 999 4283 At
1029 4230 1106 4292 hi,
1140 4230 1336 4299 inquit,
1366 4230 1656 4285 reddentur
1686 4230 1936 4294 lnnniles,
1964 4240 2017 4286 et
2042 4232 2235 4286 cadent

664 4321 862 4390 gladio.
926 4321 1247 4376 lnterierunt
1304 4323 1526 4387 etenim,
1584 4331 1641 4374 ut
1675 4321 1940 4385 dicebam,
1986 4323 2069 4377 vel
2110 4338 2229 4377 cum

666 4414 807 4469 Deus
876 4414 1344 4468 vehementissima
1433 4414 1511 4466 ira
1588 4412 1809 4478 inllicta,
1871 4415 2015 4468 velut
2073 4427 2233 4470 acuto

663 4504 846 4574 gladio
876 4518 968 4559 eos
995 4514 1358 4568 consumeret,
1400 4504 1664 4558 sacerdoti
1705 4505 1933 4575 insignia
1963 4505 2227 4570 auferret,

661 4596 841 4652 oﬂicio
881 4597 1211 4666 gubernandi
1274 4597 1528 4666 populum
1588 4597 1886 4661 abdicaret,
1934 4598 2015 4652 vel
2068 4600 2230 4652 etiam
2267 4585 2308 4640 ί)

660 4689 767 4744 alio
798 4691 956 4744 modo
983 4689 1101 4744 illos
1127 4704 1353 4744 casuros
1370 4690 1544 4757 gladio
1568 4692 1663 4753 ait,
1684 4689 1937 4743 nimirum
1973 4691 2228 4755 hostium,

661 4784 1112 4854 quemadmodum
1150 4784 1308 4839 modo
1329 4783 1459 4837 dixi.
1516 4782 1622 4836 Sed
1655 4792 1707 4837 et
1746 4782 2002 4847 Libanus,
2036 4783 2229 4852 inquit,

661 4890 786 4929 cum
837 4876 1068 4930 excelsis
1096 4883 1333 4930 corruet.
1374 4874 1636 4929 Libanum
1698 4874 1749 4926 iu
1797 4874 1905 4937 his,
1964 4875 2121 4928 sicuti
2152 4882 2234 4927 est

663 4964 964 5033 probabile,
1000 4965 1235 5034 appellat
1272 4964 1551 5033 templum,
1586 4966 1727 5033 quod
1763 4966 2082 5019 subversum
2150 4974 2233 5019 est

662 5063 717 5108 et
747 5055 1046 5119 incensum,
1073 5055 1374 5127 ceciditque
1401 5056 1561 5109 simul
1589 5071 1710 5110 cum
1736 5055 1819 5110 his
1844 5056 1933 5125 qui
1967 5057 2074 5110 alto
2107 5065 2235 5112 sunt

663 5149 972 5217 supercilio.
1001 5148 1262 5205 Fastuosa
1303 5149 1447 5203 enim
1504 5157 1659 5203 erant
1705 5163 1832 5203 vere
1893 5150 2234 5204 sacerdotum

665 5242 941 5304 examina,
983 5253 1037 5297 et
1068 5242 1182 5312 ipse
1212 5258 1335 5297 cum
1374 5241 1480 5295 illis
1512 5240 1698 5304 Israel,
1738 5240 1828 5309 qui
1855 5241 2234 5295 universorum

664 5334 1007 5389 Servatorem
1042 5344 1095 5389 et
1118 5334 1529 5403 Redemptorem
1554 5334 1817 5388 dedecore
1837 5332 2235 5400 conspurcavit.

666 5426 1007 5482 Inveniemus
1037 5426 1200 5481 etiam
1234 5425 1407 5493 ipsam
1455 5423 1755 5478 Jerusalem
1788 5423 2040 5491 appellari
2073 5421 2235 5476 Liba-

663 5533 811 5571 num.
844 5516 1055 5572 Etenim
1092 5517 1349 5586 propheta
1401 5515 1695 5569 Zacharias
1750 5513 2236 5568 alicubidixitci”:

667 5631 683 5659 ι
713 5609 897 5679 Aperi.
928 5608 1152 5673 Libane,
1179 5616 1364 5676 portas
1393 5617 1533 5671 tuas,
1553 5616 1608 5661 et
1639 5608 1857 5661 devoret
1890 5606 2027 5675 ignis
2051 5606 2241 5661 cedros

664 5719 799 5765 tuas.
857 5706 1039 5761 Ploret
1086 5704 1270 5773 pinus,
1324 5698 1523 5768 quippe
1548 5694 2242 5765 ceciditcedrus;plorate,

665 5841 705 5888 ἰ
743 5857 846 5911 lsa.
884 5872 1012 5923 xxx,
1040 5856 1124 5911 l0.
1204 5855 1247 5887 ³³
1276 5854 1418 5909 Psal.
1455 5870 1633 5919 tntv,
1665 5854 1718 5907 b'.
1800 5854 1840 5883 ³³
1876 5853 2100 5907 Ζιιριιαν.
2139 5868 2212 5919 xt,
2244 5852 2289 5904 l.

2326 3317 2482 3370 τοῦτο
2507 3318 2564 3370 δὲ
2595 3320 2714 3380 ταῖς
2751 3316 3037 3386 Ῥωμαίων
3086 3315 3471 3385 περιπεσόντες
3500 3314 3704 3384 χερσὶν,
3733 3314 3784 3365 οἳ
3814 3315 3910 3365 καὶ

2328 3410 2488 3463 αὐτὸν
2530 3408 2832 3479 ἐνέπρησαν
2871 3408 2961 3460 τὸν
3006 3409 3150 3461 ναόν.
3190 3407 3320 3459 Ἰδοὺ
3348 3406 3525 3458 τοίνυν
3563 3408 3592 3458 ὁ
3627 3406 3909 3474 Δεσπότης

2329 3500 2533 3570 Κύριος
2597 3498 2822 3553 Σαϐαὼο
2891 3497 3214 3569 συνταράξει
3283 3498 3408 3560 τοὺς
3459 3497 3704 3563 ἐνδόξους
3770 3498 3913 3566 μετά

2334 3591 2532 3662 ἰσχύος.
2576 3590 2778 3659 Κύριον
2804 3589 3027 3643 Σαϐαὼθ
3057 3590 3307 3659 ὀνομάζει
3332 3589 3422 3641 τὸν
3448 3588 3912 3658 συνταράσσοντα,

2332 3680 2654 3734 καταπτοῶν
2698 3682 2811 3743 τοῖς
2835 3681 3053 3751 δείμασι
3094 3683 3220 3743 τοὺς
3270 3679 3675 3751 ἀκροωμένους,
3712 3681 3800 3732 ἵνα
3832 3683 3912 3749 μή

2331 3789 2413 3834 τις
2444 3771 2623 3841 οἴηται
2668 3772 2807 3840 τάχα
2853 3789 2978 3836 που,
3025 3772 3119 3826 καὶ
3151 3772 3467 3842 ἀσθενήσειν
3519 3772 3764 3842 αὐτὸν,ῆ
3815 3776 3917 3824 καὶ

2332 3862 2614 3932 ἀνηνύτοις
2649 3864 2905 3927 ἀπειλαῖς
2951 3865 3253 3935 κεχρῆσθαι
3296 3864 3515 3935 μᾶλλον,
3549 3866 3643 3917 καὶ
3693 3864 3813 3933 οὐχὶ
3848 3865 3915 3933 δη

2333 3954 2549 4017 πάντως
2596 3954 2995 4024 ἐκϐησομέναις
3039 3956 3119 4017 είς
3153 3954 3347 4026 πέρας.
3387 3955 3452 4007 Τί
3492 3954 3603 4024 γὰρ
3649 3954 3919 4024 ἀνήνυτον

2333 4046 2487 4101 ἔσται
2534 4047 2641 4099 τῶν
2696 4047 3131 4117 ἐγχειρουμένων
3183 4047 3335 4116 παρὰ
3388 4048 3596 4116 Κυρίου
3647 4046 3914 4109 Σαϐαώο;

2334 4138 2799 4210 Συντριϐὴσεσθαι
2851 4138 2906 4190 δέ
2941 4157 3075 4209 φησι
3131 4138 3259 4201 τοὺς
3314 4138 3552 4208 ὑψηλοὺς
3603 4142 3669 4208 τῇ
3732 4138 3915 4208 ὕϐρει.

2346 4230 2569 4300 ’Υψηλοὶ
2587 4230 2695 4300 γὰρ
2727 4230 2894 4293 ὅντως
2921 4233 2985 4301 τῇ
3012 4230 3167 4299 ὕϐρει
3195 4230 3500 4297 γεγόνασιν,
3530 4231 3589 4283 οὐ
3627 4232 3920 4301 προφήτας

2336 4319 2522 4388 ἁγίους
2546 4320 2965 4382 ἀποκτείναντες
2999 4320 3180 4389 μόνον,
3211 4323 3303 4375 καὶ
3328 4325 3440 4383 τοῖς
3480 4321 3744 4374 κάλλιστα
3773 4339 3831 4372 συ
3842 4339 3917 4390 μ-

2336 4411 2678 4464 ϐουλεύουσιν
2708 4411 2900 4481 ἀνέδην
2924 4411 3173 4478 λέγοντες
3194 4430 3206 4441 ·
3245 4432 3262 4464 ι
3311 4413 3480 4464 Ἀλλα
3517 4414 3649 4484 ἡμῖν
3679 4412 3918 4480 λαλεῖτε,

2337 4504 2431 4555 καὶ
2462 4502 2820 4571 ἀναγγέλλετε
2853 4503 2982 4572 ἡμῖν
3008 4503 3199 4573 ἐτέραν
3233 4504 3518 4574 πλάνησιν,
3562 4522 3581 4553 ι
3630 4502 3769 4555 ἀλλά
3804 4504 3918 4572 γάρ

2334 4596 2425 4647 καὶ
2453 4594 2600 4664 αὐτῷ
2630 4594 2730 4665 τὴν
2763 4594 3007 4662 γλῶτταν
3045 4596 3399 4666 ἐπιθήγοντες
3428 4596 3507 4665 τῷ
3544 4595 3786 4665 Χριστῷ,
3822 4598 3919 4647 καὶ

2333 4687 2393 4738 τὸ
2420 4686 2586 4756 κέρας
2622 4686 2719 4755 μὲν
2768 4687 2847 4747 είς
2899 4684 3031 4754 ὕψος
3070 4686 3412 4753 ἐπαίροντες,
3449 4686 3663 4739 ἀδικίαν
3711 4687 3769 4739 δὲ
3822 4686 3917 4738 λα-

2333 4776 2551 4840 λοῦντες
2584 4776 2723 4830 κατά
2755 4776 2849 4828 τοῦ
2882 4775 3038 4841 Θεοῦ,
3066 4776 3207 4829 κατὰ
3240 4778 3299 4829 τὸ
3324 4778 3733 4848 γεγραμμένον.
3775 4777 3916 4828 Ἀλλ’

2332 4862 2476 4921 οὗτοι
2498 4866 3013 4937 ταπεινωθήσονται,
3040 4868 3195 4936 φησὶ,
3216 4869 3312 4920 καὶ
3334 4867 3625 4919 πεσοῦνται
3647 4868 3913 4938 μαχαίρᾳ.

2333 4960 2626 5014 Διολώλασι
2652 4959 2783 5029 γὰρ,
2818 4959 2892 5022 ὡς
2924 4958 3081 5028 ἔφην,
3124 4957 3282 5011 τοῦτο
3321 4959 3418 5029 μὲν
3444 4960 3768 5030 τομωτάτην
3799 4961 3919 5010 ἐπι-

2334 5054 2591 5123 φέροντος
2637 5052 2818 5114 αὐτοῖς
2844 5050 2942 5122 τὴν
2985 5051 3175 5122 ὀργὴν,
3210 5053 3304 5102 καὶ
3339 5045 3449 5104 οἷον
3490 5051 3639 5122 όξεία
3673 5051 3919 5122 μαχαίρᾳ

2333 5142 2677 5206 δαπανῶντος
2709 5143 2905 5205 αὐτοὺς
2940 5142 3033 5195 τοῦ
3061 5142 3219 5207 Θεοῦ,
3256 5143 3352 5195 καὶ
3376 5142 3482 5195 τῶν
3510 5143 3612 5211 τῆς
3643 5143 3919 5196 δικαιοσύο

2335 5254 2433 5307 νης
2473 5218 2863 5305 ἀποκείροντος
2886 5234 3241 5305 αὐχημάτων,
3286 5235 3379 5287 καὶ
3426 5234 3521 5287 τοῦ
3554 5234 3918 5303 καθηγεῖσθαι

2335 5327 2479 5380 λαῶν
2513 5326 2953 5397 ἀποπέμποντος,
2993 5326 3161 5396 ἤγουν
3194 5328 3289 5379 καὶ
3326 5328 3447 5379 καθ’
3475 5325 3663 5395 ἕτερον
3693 5327 3916 5395 τρόπον,

2348 5421 2591 5491 μαχαίρᾳ
2626 5418 2904 5472 πεσεῖσθαί
2938 5436 3104 5489 φησιν
3134 5419 3352 5480 αὐτοὺς.
3389 5420 3453 5488 τῇ
3492 5417 3601 5469 τῶν
3647 5417 3921 5488 πολεμίων

2343 5512 2607 5584 δηλονότι,
2639 5511 2888 5582 καθάπερ
2922 5510 3057 5581 ἔφην
3102 5510 3326 5580 ἀρτίως.
3371 5509 3530 5562 ’Λλλά
3564 5509 3659 5561 καὶ
3696 5511 3726 5561 ὁ
3762 5510 3923 5561 Λίϐα-

2345 5623 2472 5670 νος,
2527 5606 2661 5675 φησὶ
2687 5645 2702 5669 ,
2764 5605 2859 5657 σὺν
2919 5605 3031 5665 τοῖς
3085 5601 3309 5671 ὑψηλοῖς
3358 5604 3629 5654 πεσεῖται.
3688 5602 3919 5655 Λίόανον

2349 5700 2407 5751 ὲν
2451 5698 2661 5759 τούτοις
2712 5696 2852 5750 κατά
2902 5711 2965 5763 γε
3018 5694 3077 5747 τὸ
3123 5692 3269 5757 είκὺς
3322 5692 3578 5764 ὀνομάζει
3616 5693 3712 5748 τὸν
3761 5692 3926 5758 νεὼν,
