4742 6480
487 415 603 474 309

1628 413 1694 468 IN
1734 412 1970 470 lSAlAM
2010 413 2137 472 LIB.
2182 414 2248 473 ll.
2291 412 2532 472 TOMUS
2571 413 2612 467 1.

3642 402 3745 456 510

485 532 551 596 ὃς
584 531 918 604 καθῄρηται,
956 533 1050 587 καί
1093 531 1503 604 ὲμπέπρησται,
1536 532 1793 587 πέπτωκέ
1832 551 1894 586 τε
1941 531 2077 603 ὁμοῦ
2105 539 2358 601 Αμιυεηι

1947 531 2077 603 ὁμοῦ
2105 539 2164 594 Α,
2181 547 2434 601 quercus-
2453 532 2666 593 Basan,
2682 530 2897 600 quippe
2921 526 3162 582 succisus
3179 530 3258 578 est
3272 522 3718 582 saltusconsitus.
3734 541 3752 571 ι
3817 553 3820 558 η

487 628 608 689 τοῖς
635 624 847 696 ὑψηλήν
879 624 1060 694 έχουσι
1085 624 1183 695 τὴν
1222 624 1416 695 ὀφρύν.
1451 624 1788 695 ’Υπέροπτος
1814 625 1922 696 γὰρ
1951 626 2082 696 ἁλη-

462 720 607 804 θῶς
639 720 676 772 ὃ
698 736 764 772 τε
791 718 906 772 τῶν
927 719 1118 788 ίερέων
1146 717 1335 788 ἐσμὸς.
1368 719 1464 770 καὶ
1495 718 1656 780 αὑτὸς
1691 718 1749 771 δὲ
1781 719 1876 771 σὺν
1900 719 2083 782 αὐτοῖς

461 815 468 826 ’
496 814 527 864 ὁ
564 809 805 882 Ἰσραὴλ,
852 809 945 862 τὸν
973 808 1083 862 τῶν
1105 807 1242 860 ὅλων
1287 809 1515 878 Σωτῆρα
1540 808 1634 860 καὶ
1655 808 1937 878 λυτρωτὴν
1965 808 2082 860 ἀτι-

503 904 709 972 μάσας.
750 901 1070 971 Βὺρήσομεν
1102 900 1162 954 δὲ
1217 900 1311 952 καὶ
1348 900 1519 969 αὐτὴν
1575 900 1673 969 τὴν
1721 899 2084 970 Ἰερουσαλὴμ

501 993 740 1046 Λίϐανον
783 989 1200 1061 ὠνομασμένην.
1225 989 1336 1043 Καὶ
1376 987 1507 1057 γοῦν
1535 991 1563 1042 6
1590 991 1878 1060 προφήτης
1910 991 2085 1058 Ζαχαο

505 1085 628 1154 ρίας
659 1083 764 1154 ἔφη
804 1099 903 1136 που
937 1081 1074 1152 πρὸς
1117 1082 1316 1152 αὑτήν·
1359 1097 1379 1130 ι
1407 1079 1700 1145 Διάνοιξον,
1749 1081 1778 1132 6
1828 1079 2082 1143 Λίϐανος,

501 1176 604 1236 τὰς
639 1173 811 1245 θύρας
863 1191 976 1237 σου,
1019 1172 1115 1226 καί¹
1161 1171 1528 1240 καταφαγέτω
1569 1169 1681 1240 πῦρ
1719 1169 1818 1232 τὰς
1866 1170 2087 1239 κέδρους

505 1282 626 1318 σου.
685 1282 704 1314 ι
749 1263 1082 1331 Ὀλολυξάτω
1125 1263 1306 1326 πίτυς,
1361 1262 1496 1315 διότι
1546 1261 1800 1314 πέπτωκε
1857 1260 2082 1330 κέδρος·

504 1355 824 1421 ὀλολύξατε,
850 1354 1011 1427 δρῦες
1045 1357 1146 1424 τῆς
1178 1354 1548 1416 Βασανίτιδος,
1569 1353 1651 1406 ὅτι
1683 1350 2035 1418 κατεσπάσθη
2060 1351 2088 1402 6

505 1446 718 1518 δρυμός
744 1462 840 1498 σου
875 1447 902 1498 6
934 1444 1233 1516 σύμφυτος.
1283 1445 1500 1516 Ἐπειδὴ
1524 1445 1633 1516 γὰρ
1671 1444 1786 1515 ὄρει
1823 1442 1900 1513 τῷ
1923 1443 2092 1498 Λιϐά-

505 1553 602 1589 νου
635 1537 988 1607 παρεικάζων
1033 1536 1132 1608 τὴν
1181 1537 1555 1608 Ἰερουσαλὴμ,
1595 1535 1765 1598 οὕτως
1808 1535 2089 1604 ὠνόμαζεν

506 1628 710 1694 αὑτὴν,
760 1627 1073 1694 ἀναγκαίως
1126 1627 1226 1696 τῆς
1260 1626 1354 1680 τοῦ
1392 1626 1549 1692 λόγου
1597 1626 1804 1698 τροπῆς
1850 1624 2090 1687 πιθανῶς

507 1717 798 1786 ἐχόμενος,
827 1717 1037 1788 κέδροις
1085 1717 1179 1770 καὶ
1214 1716 1403 1787 δρυμῷ
1459 1717 1742 1786 συμφύτῳ,
1772 1715 1896 1778 τούς
1928 1732 1988 1768 τε
2035 1717 2092 1768 ὲν

508 1808 655 1876 αὑτῇ
682 1806 864 1871 λαοὺς,
910 1806 1004 1858 καὶ
1037 1805 1138 1875 μέν
1181 1823 1264 1858 τοι
1296 1805 1422 1867 τοὺς
1463 1805 1796 1875 ἡγουμένους
1837 1804 2092 1874 ὀνομάζει

2181 624 2472 693 Postquam
2498 623 2640 676 enim
2679 620 2848 675 monti
2884 616 3072 673 Libani
3107 614 3403 673 Jerusalem
3430 624 3752 680 comparans

2182 719 2256 772 ita
2284 715 2615 770 nominasset
2643 728 2787 776 eam,
2841 710 3150 766 necessario
3179 710 3232 762 in
3285 705 3550 762 sermonis
3601 712 3756 771 tropo

2183 807 2386 861 diserte
2415 805 2733 865 immorans,
2782 801 3066 855 cedrorum
3091 799 3346 866 silvaeque
3375 795 3598 851 consitre
3665 807 3756 860 ap-

2185 895 2472 966 pellatione
2513 893 2736 963 populos
2786 894 2838 946 in
2881 907 2942 946 ea
2977 901 3031 945 et
3062 891 3330 959 principes
3396 895 3548 942 vocat
3605 899 3759 939 com-

2187 986 2364 1047 mode,
2393 999 2531 1054 quas
2573 984 2752 1053 lugere
2778 981 2954 1049 jubet,
2988 989 3270 1050 propterea
3298 978 3439 1046 quod
3497 975 3761 1029 insultent

2186 1077 2294 1131 illis
2330 1087 2586 1144 tanquam
2614 1073 2786 1137 silvis,
2822 1071 2873 1126 hi
2900 1071 2989 1140 qui
3027 1066 3490 1138 disperdiderunt.
3551 1065 3607 1118 Si
3642 1062 3766 1132 quis

2187 1175 2364 1221 autem
2399 1165 2530 1220 velit
2558 1173 2755 1218 tectam
2785 1172 2838 1215 et
2881 1157 3215 1213 reconditam
3252 1155 3572 1211 sententiam
3602 1153 3765 1204 attin-

2188 1270 2333 1325 gere,
2365 1264 2418 1309 et
2450 1268 2668 1308 sensum
2693 1253 2912 1320 vimque
2968 1249 3160 1303 horum
3215 1245 3500 1298 verborum
3552 1240 3766 1295 Satanae

2189 1346 2524 1414 subditisque
2552 1345 2650 1414 ipsi
2682 1342 3034 1414 potestatibus
3091 1338 3312 1394 nefariis
3339 1335 3763 1394 accommodare,

2190 1436 2279 1490 hic
2309 1451 2340 1488 a
2380 1450 2541 1504 scopo
2599 1434 2798 1488 decoro
2862 1444 3202 1500 nequaquam
3269 1425 3572 1482 recesserit.
3623 1422 3766 1476 Con-

2194 1528 2320 1582 trita
2354 1533 2446 1582 est
2469 1526 2636 1591 enim,
2663 1534 2718 1578 et
2753 1524 2932 1591 periit,
2964 1522 3031 1576 ad
3085 1534 3298 1574 omnem
3365 1512 3623 1569 malitiam
3644 1526 3766 1582 pro-

2186 1621 2328 1690 jecta
2359 1629 2414 1674 et
2439 1615 2722 1688 proﬂigata
2767 1616 3070 1670 dtemonum
3120 1612 3336 1672 cohors,
3374 1618 3428 1662 et
3489 1607 3603 1674 ipse
3647 1620 3768 1655 cum

2195 1713 2306 1766 illis
2328 1713 2490 1764 draco
2529 1716 2799 1778 apostata,
2825 1705 3000 1759 elatus
3021 1713 3073 1758 et
3097 1701 3512 1772 superciliosus,
3529 1706 3581 1750 et
3602 1695 3760 1747 veluti

2196 1803 2400 1857 Libano
2435 1800 2600 1853 monti
2659 1797 2936 1852 assimilis.
2978 1795 3110 1848 Nam
3139 1803 3265 1846 ante
3326 1786 3626 1844 Servatoris
3679 1797 3771 1836 no-

509 1870 829 1968 χρησίμως,
853 1870 942 1959 οἷς
969 1870 1064 1949 καί.
1087 1895 1361 1958 ὀλολύζειν
1413 1870 1801 1958 διακελεύεται,
1834 1870 2006 1948 διάτοι
2036 1895 2098 1947 τὸ
2127 1870 2169 1923 Β
2201 1894 2299 1950 stri
2347 1908 2377 1946 a

1898 1895 2006 1948 Ξιτοι
2036 1895 2098 1947 τὸ
2127 1870 2169 1923 Β
2201 1894 2299 1950 stri
2347 1893 2635 1946 adventum
2675 1888 2897 1943 illustris
2926 1894 3048 1940 erat
3105 1883 3374 1947 omnibus,
3423 1889 3478 1932 et
3516 1875 3771 1933 insolens,

510 1989 740 2060 δρυμῶν
771 1989 926 2059 δίκην
958 1987 1230 2058 ἐπιπηδᾷν
1263 1987 1448 2050 αὑτοῖς
1498 1989 1624 2050 τοὺς
1670 1986 2096 2058 ὠλοθρευκότας.

515 2082 582 2133 Εἰ
610 2080 672 2132 δὲ
707 2080 771 2150 δή
806 2096 889 2142 τις
919 2079 1090 2132 ἕλοιτο
1134 2077 1522 2150 κεκρυμμένης
1563 2077 1803 2147 ἅψασθαι
1845 2079 2095 2150 θεωρίας,

2204 1985 2402 2055 ubique
2425 1983 2665 2039 locorum
2697 1982 2981 2042 adoratus,
3027 1985 3082 2029 et
3123 1974 3356 2044 gloriam
3383 1965 3698 2024 deitatisad.
3718 1977 3782 2017 se

2209 2077 2406 2143 rapuit.

516 2172 617 2224 καὶ
646 2171 747 2241 τὴν
791 2170 898 2224 τῶν
932 2169 1308 2241 προκειμένων
1347 2169 1653 2239 ἐφαρμόσαι
1705 2169 1934 2238 δύναμιν
1988 2166 2135 2236 αὑτῷ
2165 2184 2226 2219 τε
2265 2166 2342 2237 τῷ
2391 2165 2641 2234 Σατανᾷ.
2691 2161 2788 2215 καὶ
2833 2163 2956 2222 ταῖς
2989 2160 3091 2211 ὑπ”
3135 2155 3297 2211 αὑτὸν
3349 2151 3610 2220 δυνάμεσι
3661 2147 3779 2205 ταῖς

517 2238 852 2334 ἀλιτηρίαις,
879 2238 998 2318 οὐδε
1034 2238 1189 2328 οὗτος
1217 2264 1321 2328 ἔξω
1346 2264 1440 2317 τοῦ
1460 2238 1674 2326 εἰκότος
1705 2263 1963 2332 βαδιεῖται
2003 2261 2228 2316 σκοποῦ.
2259 2259 2551 2330 Συνετρίϐη
2578 2259 2635 2310 δὲ
2679 2256 2774 2309 καὶ
2802 2252 3047 2308 ἀπόλωλε
3089 2250 3199 2304 τῶν
3229 2244 3520 2317 δαιμονίων
3543 2241 3602 2293 τὸ
3629 2238 3780 2308 φιλο-

3080 2350 3091 2365 ὶ
3161 2347 3173 2364 ρ

521 2359 835 2430 κακοῦργον
875 2363 1081 2429 στῖφος,
1129 2361 1224 2414 καὶ
1279 2358 1442 2422 αὑτὸς
1475 2359 1530 2410 δὲ
1569 2360 1666 2412 σὺν
1719 2358 1900 2420 αὐτοῖς
1929 2359 1958 2410 6
1988 2357 2204 2428 δράκων
2236 2359 2264 2409 6
2300 2355 2634 2425 ἀποστάτης,
2669 2355 2696 2406 6
2727 2349 2930 2420 ὑψηλὸς
2953 2389 2968 2413 ,
3007 2350 3104 2401 καὶ
3153 2345 3490 2414 ὑπέροφρυς,
3530 2338 3624 2392 καὶ
3671 2329 3783 2388 οἷον

523 2457 644 2524 ὄρει
682 2454 760 2524 τῷ
793 2453 1011 2523 Λιϐάνῳ
1064 2453 1524 2524 παρεικασμένος.
1565 2454 1678 2522 Πρὸ
1713 2454 1820 2522 γὰρ
1852 2452 1950 2522 τῆς
1985 2451 2081 2504 τοῦ
2145 2452 2394 2521 Σωτῆρος
2449 2449 2609 2519 ἡμῶν
2649 2447 2942 2517 ἐπιδημίας
2985 2441 3292 2515 περιφανής
3343 2455 3426 2500 τις
3465 2431 3534 2505 ἦν
3583 2433 3778 2492 ἅπασιν

525 2546 623 2600 καὶ
665 2544 865 2608 ἄτοπος
891 2545 1137 2616 πανταχῆ
1182 2545 1673 2617 προσκυνούμενος,
1715 2546 1807 2598 καὶ
1859 2544 1958 2614 τὴν
1987 2545 2082 2614 τῆς
2123 2545 2374 2616 θεότητος
2403 2543 2558 2608 δόξαν
2588 2541 2839 2610 ἁρπάσας
2869 2539 2954 2607 ἐφ’
2988 2533 3189 2603 ἑαυτῷ.

599 2639 716 2693 Kal
751 2639 1136 2704 ἐξελεύσεται
1169 2639 1394 2708 ῥάϐδος
1422 2642 1491 2692 ἐκ
1517 2638 1626 2707 τῆς
1649 2639 1815 2708 ῥίζης
1855 2639 2105 2702 Ἰεσσαὶ,

528 2733 632 2786 καὶ
659 2730 844 2801 ἄνθος
869 2732 937 2784 ἐκ
961 2729 1074 2800 τῆς
1097 2731 1264 2800 ῥίζης
1310 2731 1697 2799 ἀναϐήσεται.
1723 2732 1821 2785 καί
1838 2733 2108 2785 ἀναπαύ-

529 2839 708 2879 σεται
753 2824 847 2876 ἐπ’
891 2823 1079 2877 αὐτὸν
1115 2825 1350 2894 πνεῦμα
1375 2823 1484 2878 τοῦ
1515 2823 1682 2886 Θεοῦ,
1727 2823 1963 2892 πνεῦμα
2005 2839 2111 2876 σο-

533 2919 682 2985 φίας
704 2918 804 2971 καί
832 2915 1165 2983 συνέσεως,
1189 2915 1426 2986 πνεῦμα
1454 2915 1696 2984 βουλῆς
1735 2915 1832 2968 καὶ
1874 2915 2112 2983 ἰσχύος,

535 3010 779 3078 πνεῦμα
802 3009 1078 3079 γνώσεως
1122 3009 1222 3062 καί
1250 3010 1574 3076 εὺσεϐείας,
1589 3007 1885 3078 ἐμπλήσει
1905 3008 2092 3061 αὑτὸν

537 3101 782 3171 πνεῦμα
807 3102 995 3171 φόϐου
1019 3101 1193 3157 Θεοῦ.

2287 2639 2417 2692 (λιιι).
2457 2636 2550 2690 XI.
2586 2633 2879 2689 Vens.l-3.
2922 2631 3078 2700 191
3119 2625 3183 2680 Et
3220 2622 3514 2694 egredietur
3549 2632 3694 2686 virga
3726 2615 3788 2667 de

2217 2730 2392 2782 radice
2439 2725 2624 2791 letale,
2657 2735 2705 2778 et
2743 2725 2840 2794 ﬂos
2884 2724 2944 2776 de
2987 2721 3162 2774 radice
3205 2713 3470 2770 ascendet.
3512 2710 3585 2763 Et
3619 2708 3791 2774 requi-

2217 2829 2348 2872 escet
2377 2833 2530 2886 super
2551 2834 2668 2870 eum
2697 2815 2914 2883 spiritus
2942 2811 3056 2873 Dei,
3088 2809 3301 2875 spiritus
3333 2801 3603 2872 sapientia:
3629 2809 3676 2852 et
3706 2799 3792 2852 in-

2219 2910 2481 2972 tellectus,
2538 2907 2752 2976 spiritus
2803 2903 3010 2958 consilii
3058 2911 3103 2954 et
3161 2896 3524 2966 fortitudinis,
3578 2891 3793 2959 spiritus

2221 2999 2449 3052 scientias
2481 3008 2528 3052 et
2561 2992 3068 3065 pietatis,c0mplebit
3099 2991 3268 3059 ipsum
3331 2986 3546 3055 spiritus
3593 2981 3794 3035 timoris

2229 3091 2344 3144 Dei.
2554 3091 2570 3104 '

611 3167 987 3263 Προεγνωκὼς
1027 3196 1056 3246 6
1090 3195 1374 3264 προφήτης
1421 3193 1511 3246 διὰ
1548 3192 1650 3262 τῆς
1701 3193 1904 3246 ἄνωθεν
1944 3190 2122 3261 δᾳδου-
2147 3192 2189 3248 C
2303 3182 2480 3237 Prtesc

1944 3190 2189 3261 δᾳδουοο
2303 3182 2566 3237 Ρηεεοιυε
2625 3195 2803 3235 rerum
2865 3178 3164 3232 futurarum
3233 3172 3526 3242 prephcta,
3591 3167 3706 3220 face
3767 3181 3797 3219 e

545 3285 674 3354 χίας
706 3284 778 3338 τὰ
811 3285 1043 3356 ἐσόμενα
1080 3286 1226 3357 σαφῆ
1267 3289 1500 3338 ποιεῖται
1551 3287 1650 3356 τὴν
1699 3284 2116 3356 προαγόρευσιν.

545 3379 783 3448 Εἴρηται
817 3377 924 3448 γὰρ
969 3377 1066 3447 μὲν
1095 3379 1154 3430 ὲν
1185 3377 1430 3448 ὑστέροις
1471 3377 1682 3447 καιροῖς
1728 3376 1864 3446 πρὸς
1895 3376 1984 3427 τὸν
2029 3391 2126 3443 μα-

550 3471 746 3539 κάριον
797 3468 962 3521 Δαϐὶδ
1005 3467 1158 3537 παρά
1193 3467 1286 3520 τοῦ
1335 3467 1552 3520 πάντων
1596 3466 1924 3537 κρατοῦντος
1953 3465 2120 3518 Θεοῦ·

551 3583 573 3614 α
619 3563 723 3615 Ἐκ
749 3560 964 3631 καρποῦ
992 3561 1093 3632 τῆς
1126 3559 1325 3628 ὀσφύος
1365 3575 1459 3612 σου
1487 3559 1725 3632 θήσομαι
1754 3560 1847 3612 ἐπὶ
1883 3557 1970 3610 τὸν
2002 3556 2128 3627 θρό-

544 3671 643 3708 νον
673 3671 794 3707 σου.
832 3671 854 3706 ι
896 3652 1114 3724 Ἐπειδὴ
1159 3651 1216 3705 δὲ
1255 3648 1324 3722 ἦν
1351 3653 1380 3704 6
1419 3651 1597 3706 πάντα
1628 3649 1783 3712 εἰδὼς
1810 3651 1923 3713 τοῖς
1958 3649 2131 3715 ἁγίοις

547 3747 867 3817 προφήταις
901 3746 1001 3816 τὴν
1047 3745 1156 3799 τῶν
1202 3744 1477 3814 ἐσομένων
1522 3743 1833 3814 πρόγνωσιν
1877 3739 2128 3803 ἐντιθεὶς,

549 3835 1038 3909 προαναϐεϐὁηται
1080 3832 1363 3888 καὶτοῦτο
1402 3834 1532 3904 παρ’
1563 3831 1767 3896 αὑτῶν,
1801 3831 1887 3884 ἵνα
1927 3845 2134 3882 παντα-

2221 3274 2467 3342 supernis
2490 3286 2740 3336 accensa,-
2779 3271 2980 3326 claram
3010 3265 3412 3337 praedictionem
3446 3261 3595 3315 facit.
3623 3257 3801 3312 Postc-

2227 3363 2458 3417 rioribus
2510 3362 2654 3416 enim
2717 3357 3048 3428 temporibus
3091 3353 3291 3408 dictum
3335 3359 3420 3405 est
3477 3350 3541 3402 ad
3591 3350 3802 3400 beatum

2229 3453 2480 3508 Davidem
2521 3459 2918 3522 a-pmpotente
2971 3450 3079 3502 Deo
3113 3464 3127 3500 :
3165 3465 3182 3496 ι
3206 3443 3474 3498 Defructu
3510 3437 3696 3492 lumbi
3729 3439 3804 3489 tui

2231 3563 2426 3618 ponam
2480 3560 2643 3612 super
2691 3543 2874 3598 sedem
2928 3550 3072 3594 tuam
3102 3539 3167 3592 “.
3208 3557 3225 3588 ι
3265 3536 3397 3590 Cum
3447 3548 3576 3589 vero
3627 3531 3808 3584 omnia

2233 3639 2419 3700 sciret,
2473 3635 2774 3688 futurorum
2819 3628 3256 3700 perspicientiam
3301 3624 3505 3679 sanctis
3537 3621 3813 3690 prophetis

2236 3726 2501 3782 inseruit:
2533 3733 2588 3778 et
2631 3723 2735 3778 hoc
2779 3721 2847 3774 ab
2878 3719 2983 3772 illis
3012 3731 3227 3786 quoque
3259 3723 3386 3768 ante
3427 3713 3812 3782 proclamatnm

2214 3810 2354 3881 'est,
2385 3823 2444 3868 ut
2490 3813 2848 3880 undecunque
2882 3815 3133 3863 testatum
3183 3804 3332 3858 fieret
3383 3801 3728 3872 mysterium,
3763 3807 3812 3852 et

552 3891 722 3996 κόθεν
780 3891 1126 3997 μαρτύρῆται
1178 3925 1241 3977 τὸ
1289 3891 1608 3995 μυστήριον,
1673 3891 1766 3975 καί
1814 3919 2178 3992 πιστεύηται,
2241 3924 2365 3964 cum
2422 3915 2425 3960 1

1948 3919 2178 3992 adq-cae
2241 3924 2365 3964 cum
2422 3907 2624 3960 factum
2678 3913 2823 3958 esset
2875 3899 3206 3954 crederetur.
3260 3895 3447 3963 Itaque
3496 3893 3700 3959 virgam
3753 3891 3818 3942 de

550 4016 807 4086 γεγονός.
837 4014 1060 4069 Ῥάϐδον
1087 4015 1266 4068 τοίνυν
1293 4016 1358 4066 ὲκ
1383 4015 1482 4082 τῆς
1512 4013 1668 4083 ῥίζης
1698 4011 1900 4064 Ἰεσσαὶ
1925 4009 2141 4073 ἐξελεύ-

2245 4001 2426 4056 radice
2451 3997 2616 4054 Jessa:
2642 4008 2979 4063 cgressuram
3008 3991 3102 4055 ait,
3129 3989 3424 4054 ﬂoremque
3447 3995 3817 4038 ascensurum.

562 4071 986 4176 ἰῆσθαι-φησιν,
1027 4103 1396 4175 ἀναϐήσεσθαι
1551 4071 1663 4156 καί-
1696 4103 1888 4166 ἄνθος,
1945 4071 2040 4154 καὶ
2081 4102 2143 4153 οὑ
2248 4089 2362 4145 Non
2395 4106 2435 4143 ω

1948 4071 2040 4154 καὶ
2081 4102 2143 4153 οὑ
2248 4089 2362 4145 Non
2395 4099 2574 4144 autem
2603 4086 2854 4158 gloriosis
2891 4085 2944 4138 in
2973 4079 3286 4138 fortitudine
3315 4071 3675 4136 conturbatis,
3706 4071 3821 4124 elao

561 4200 711 4272 μετά
746 4214 818 4266 γε
857 4198 919 4250 τὸ
948 4198 1289 4268 ταραχθῆναι
1313 4197 1438 4258 τοὺς
1470 4195 1714 4259 ἐνδόξους
1755 4193 1893 4264 μετὰ
1937 4191 2142 4262 ἰσχύος,

2253 4185 2321 4238 tis
2363 4182 2621 4252 deiectis,
2669 4179 2980 4247 Libanoque
3040 4189 3162 4228 cum
3225 4169 3332 4225 illis
3389 4167 3658 4234 collapsa,
3713 4171 3822 4215 tum

562 4253 599 4272 ςν
760 4253 773 4266 -
1022 4253 1034 4268 .
1093 4253 1125 4268 η
1185 4253 1197 4266 .
1418 4253 1434 4258 -
1603 4253 1618 4259 ν
1695 4253 1709 4258 -
1755 4253 1766 4264 .
1993 4253 2024 4262 ..
2101 4253 2111 4254 κ

562 4289 980 4360 ταπεινωθῆναι
1028 4290 1085 4343 δὲ
1115 4291 1209 4343 καὶ
1237 4289 1365 4353 τοὺς
1399 4288 1658 4358 ὑψηλοὺς,
1702 4288 1794 4340 καὶ
1824 4288 1920 4339 σὺν
1967 4286 2153 4347 αὑτοῖς
2253 4278 2435 4346 Virga“

1967 4253 2153 4347 αὑτοῒς
2253 4278 2458 4346 virgam
2492 4275 2626 4329 dicit
2655 4275 2726 4328 de
2745 4273 2911 4340 stirpe
2931 4269 3098 4324 Jessaa
3137 4263 3558 4338 germinaturam
3589 4275 3601 4310 :
3631 4256 3723 4311 sed
3772 4253 3823 4307 in

563 4348 1003 4439 πεσεῖσθαι-τὸν
1033 4381 1292 4447 Λίϐανον,
1346 4348 1653 4450 sdes-ri};
1683 4379 1876 4450 ῥάϐδον
1941 4378 2004 4430 ὲκ
2053 4376 2154 4445 τῆς
2256 4369 2432 4438 superi

1954 4382 2004 4430 ἐκ
2053 4376 2154 4445 τῆς
2256 4366 2626 4438 superioribus
2649 4365 2817 4419 totius
2842 4361 3037 4432 negotii
3069 4372 3278 4414 summa
3312 4355 3363 4409 in
3396 4364 3591 4421 genere
3613 4348 3827 4402 demon-

578 4477 788 4532 Ἰεσσαὶ
835 4476 992 4547 ῥίζης
1038 4437 1345 4545 ἀναφυῆναι
1391 4437 1596 4543 φησιν..
1615 4437 1754 4523 Ἀλλ’
1803 4470 1862 4520 ἐν
1913 4466 2012 4537 μὲν
2041 4437 2230 4547 τοίς-ι
2259 4437 2451 4516 straba‘

1950 4466 2012 4519 ὲν
2041 4467 2157 4527 τοῖς
2259 4462 2553 4516 strabatur.
2589 4458 2717 4525 Quae
2765 4458 3295 4523 namque'eventura
3323 4453 3510 4500 essent
3553 4437 3823 4497 lsraelitis,

2183 4534 2230 4547 ’⁸
3135 4539 3153 4547 -
3338 4535 3394 4547 η.
3449 4535 3460 4546 ο
3501 4543 3511 4547 ,
3593 4546 3596 4547 ν
3645 4527 3802 4547 ΑΑιλΑ-

563 4568 814 4640 πρώτοις
835 4527 1374 4635 κεέρέλαιωδέστερον
1403 4527 1464 4632 ’ἡΙ
1477 4562 1570 4616 τοῦ
1604 4561 1804 4623 παντὸς
1832 4527 2157 4630 πράγματος
2183 4534 2234 4594 Β
2263 4553 2424 4622 impie

1956 4573 2157 4627 γματος
2183 4534 2234 4594 Β
2263 4553 2424 4622 impie
2450 4551 2503 4604 in
2537 4549 2821 4603 Dominum
2849 4555 3091 4600 nostrum
3125 4539 3306 4595 Jesum
3334 4535 3609 4590 Christum
3637 4527 3829 4583 debac-

565 4630 834 4731 ὲδηλοῦτο
859 4630 1111 4729 δύναμις.
1137 4630 1399 4727 Τίνα-γὰρ
1420 4630 1613 4726 ἔμελλε
1647 4653 2024 4725 συμϐήσεσθαι
2045 4653 2160 4713 τοῖς
2260 4644 2434 4700 chatis

1732 4653 2024 4725 ιϐήσεσοαι
2045 4653 2160 4713 τοῖς
2260 4644 2456 4708 chatis,
2491 4640 2638 4695 brevi
2668 4651 2918 4694 sermone
2957 4631 3278 4692 didicimus;
3310 4641 3450 4680 nunc
3481 4630 3605 4676 ante

3612 4632 3832 4673 mnar-

567 4755 637 4820 ἐξ
659 4707 888 4823 ⁸Ἰσραὴλ
931 4707 1387 4822 πεζιάριρνηκόσιν
1431 4707 1662 4812 άνοσίως
1709 4707 1791 4811 εἰς
1816 4707 1912 4800 ἶτὸν
1954 4707 2163 4815 Κύριον
2263 4735 2402 4789 ratio
2434 4750 2440 4784 ὲ

1957 4744 2163 4815 Κύριον
2263 4735 2402 4789 ratio
2434 4734 2500 4786 ad
2531 4742 2797 4785 summum
2841 4723 3018 4778 veluti
3047 4720 3123 4776 rei
3157 4715 3478 4790 principium
3511 4707 3830 4780 regreditur,

571 4845 742 4917 ἡμῶν
780 4844 986 4915 Ἰησοῦν
1029 4843 1120 4896 τὸν
1149 4841 1404 4912 Χριστὸν,
1435 4843 1493 4893 ὲν
1520 4840 1710 4912 βραχεί
1741 4839 1884 4910 λόγῳ
1913 4836 2166 4908 μεμαθή-

574 4954 782 5007 καμεν·
827 4936 1097 5006 ἀναφοιτᾷ
1119 4934 1176 4988 δὲ
1207 4933 1302 4988 νῦν
1326 4934 1358 5005 ἡ
1385 4933 1636 5004 διήγησις
1664 4932 1750 4984 ἐπ’
1775 4930 1946 5000 αὑτὴν
1978 4928 2167 4998 ὥσπερ

573 5031 684 5101 τὴν
734 5029 996 5082 ἀνωτάτω
1036 5025 1131 5080 τοῦ
1175 5025 1498 5096 πράγματος
1537 5023 1736 5096 ἀρχὴν,
1785 5022 1930 5092 φημὶ
1965 5019 2028 5089 δὴ
2065 5017 2165 5089 τὴν

577 5119 1001 5191 ἑνανθρώπησιν
1029 5117 1126 5172 τοῦ
1159 5115 1528 5182 Μονογενοῦς,
1553 5115 1650 5168 καὶ
1671 5113 1771 5184 τὴν
1800 5110 2166 5182 οἰκονομικῶς

580 5213 856 5283 ἐσομένην
888 5213 954 5265 ὲκ
980 5209 1240 5281 γυναικὸς
1269 5208 1414 5263 κατὰ
1444 5207 1624 5279 σάρκα
1656 5203 2170 5276 γέννησιν.Ῥάϐδον

582 5303 658 5374 δὴ
699 5298 794 5356 οῦν
835 5300 1088 5372 ὠνόμαζε
1129 5298 1221 5354 τὸν
1262 5300 1327 5351 ὲκ
1373 5296 1528 5369 ῥίζης
1567 5293 1768 5348 Ἰεσσαί⁸
1818 5291 1960 5346 κατὰ
1991 5291 2171 5362 σάρκα

584 5392 861 5464 Χριστόν·
907 5392 1003 5445 καὶ
1054 5389 1161 5462 μὴν
1205 5389 1343 5460 πρὸς
1372 5386 1548 5456 τούτῳ
1600 5383 1694 5439 καί⁵
1722 5384 1902 5449 ἄνθος,
1941 5383 2036 5436 καὶ
2082 5381 2171 5435 διὰ

593 5484 697 5555 μὲν
717 5483 818 5555 τῆς
844 5483 1065 5554 ῥάϐδου,
1097 5481 1240 5535 κατά
1266 5496 1330 5549 γε
1351 5479 1413 5532 τὸ
1443 5477 1611 5541 εἰκὸς,
1638 5477 1700 5529 τὸ
1727 5476 2005 5548 βασιλικὸν
2021 5474 2160 5544 ἒχων

589 5576 813 5645 ἀξίωμα
873 5574 1119 5644 πλαγίως
1165 5570 1621 5641 ὑποσημαίνεται.
1655 5568 1912 5638 Σύνθημα
1937 5568 2048 5638 γὰρ
2077 5567 2174 5636 βα-

2268 4825 2340 4878 ad
2363 4821 2755 4877 humanitatem
2784 4818 3000 4885 inquam
3031 4812 3312 4882 Unigenm,
3332 4816 3386 4862 et
3410 4806 3476 4859 ad
3505 4799 3834 4857 nativitatem

2267 4915 2562 4970 secundum
2579 4924 2820 4972 carnem,
2846 4921 2911 4962 ex
2938 4903 3164 4959 muliere
3191 4899 3399 4955 ratione
3425 4889 3840 4962 dispensationis

2267 5007 2527 5062 futuram.
2574 5000 2806 5056 Proinde
2855 4999 3061 5066 virgam
3110 4989 3407 5049 nominavit
3453 4985 3728 5040 Christum
3777 4981 3843 5034 de

2268 5095 2630 5155 radiceJessas.
2646 5093 2798 5162 juxta
2821 5103 3039 5146 carnem
3053 5128 3068 5153 ,
3085 5094 3140 5141 et
3163 5091 3422 5154 praeterea
3446 5073 3841 5132 etiamﬂorcm:

2271 5199 2327 5246 et
2383 5205 2480 5260 per
2527 5187 2765 5256 virgam,
2823 5196 2945 5236 eum
2999 5178 3202 5249 regiam
3249 5172 3564 5243 dignitatem
3613 5165 3844 5220 habere.

2272 5256 2492 5352 oblique
2516 5274 2848 5334 subindicati
2878 5272 3111 5326 videtur.
3144 5265 3278 5321 Nam
3314 5273 3521 5318 tessera
3547 5266 3603 5314 et
3636 5256 3849 5325 signum

2281 5348 2432 5448 regni
2483 5376 2650 5442 virga.
2693 5369 2830 5424 Hinc
2875 5366 3086 5422 divinus
3135 5359 3302 5416 David
3348 5356 3448 5427 ipsi
3494 5353 3633 5448 Filio.
3679 5348 3850 5448 dicit':

2290 5488 2307 5520 ι
2347 5466 2600 5521 Thronus
2636 5473 2780 5524 tuus,
2832 5459 2996 5518 Deus,
3033 5454 3086 5507 in
3141 5449 3392 5506 saeculum
3440 5440 3618 5500 saeculi
3638 5481 3673 5508 ,,
3706 5437 3852 5504 virga

2285 5556 2630 5614 rectitudinis
2657 5554 2808 5622 virga
2840 5548 2991 5620 regni
3027 5544 3102 5600 tui
3125 5543 3192 5597 ³³.
3222 5562 3257 5596 ι.
3277 5540 3416 5608 Quin
3441 5547 3494 5592 et
3520 5533 3675 5587 aliter
3707 5528 3853 5594 virga

1147 5660 1258 5715 Kal.
1295 5626 1425 5729 γοῦν
1447 5659 1476 5712 6
1505 5657 1792 5720 θεσπέσιος
1819 5626 1998 5709 ’λαϐἰδ
2018 5626 2176 5724 ’πρὸς
2287 5653 2390 5710 dici
2425 5668 2467 5723 p4

1979 5626 2176 5724 Β’πυρὸς
2287 5653 2390 5710 dici
2425 5659 2622 5723 potest,
2649 5647 2907 5720 quoniam
2943 5642 3104 5701 habet
3136 5636 3343 5698 omnia,
3365 5640 3420 5686 et
3446 5629 3498 5683 in
3535 5632 3684 5681 recto
3714 5626 3852 5673 statu

674 5820 719 5851 "‘
746 5818 887 5876 Psal.
915 5834 1102 5884 cum,
1131 5817 1215 5872 ll.
1294 5817 1339 5848 ³⁵
1373 5814 1515 5870 Psnl.
1545 5829 1690 5879 μιν,
1724 5813 1773 5864 Ἰ.
