4742 6480
628 430 734 487 515

1757 430 1824 484 IN
1865 430 2102 485 lSAlAM
2142 428 2273 484 LIB.
2318 429 2384 484 ΙΙ.
2427 425 2668 484 TOMUS
2708 427 2750 481 Ι.

3778 417 3884 472 ευ

627 549 828 620 νοητὴν
860 548 1138 620 εὐοσμίαν.
1188 569 1208 601 t
1244 550 1385 618 Ἐγὼ
1414 552 1542 623 γὰρ,
1581 571 1599 604 ι
1638 553 1822 623 φησὶν,
1859 570 1877 602 ι
1906 551 2066 614 ἄνθος
2097 549 2193 602 τοῦ
2221 555 2270 612 Α
2303 565 2398 604 nos
2436 549 2488 603 in

2014 567 2066 614 ος
2097 549 2193 602 τοῦ
2221 555 2270 612 Α
2303 565 2398 604 nos
2436 549 2488 603 in
2521 547 2760 612 Christo,
2800 555 2855 600 et
2886 545 3106 600 odorem
3158 543 3364 600 notitiae
3414 555 3526 596 sum
3575 539 3887 594 manifestat

627 640 839 703 πεδίου,
874 641 1060 711 κρίνον
1086 642 1196 694 τῶν
1222 643 1503 698 κοιλάδων.
1546 663 1564 695 ι
1614 645 1808 712 Γέγονε
1841 644 1898 696 δὲ
1939 645 2034 696 καὶ
2066 645 2200 712 ἡμῖν

625 733 772 802 ὀσμή
805 751 888 794 τις
911 733 1097 804 ὥσπερ
1124 734 1225 803 τῆς
1255 735 1507 801 γνώσεως
1531 735 1625 788 τοῦ
1657 734 1792 787 Θεοῦ
1824 734 1922 787 καὶ
1958 733 2198 804 Πατρός.

627 824 741 874 Καὶ
777 822 908 890 γοῦν
943 825 972 875 ὁ
1001 822 1288 886 θεσπέσιος
1315 824 1527 887 Παῦλος
1562 822 1886 887 ἐπιστέλλει,
1917 823 2010 877 καί
2038 839 2201 892 φησι’

633 933 652 964 s
691 913 782 982 Τῷ
815 913 934 984 Θεῷ
963 914 1141 984 χάρις,
1176 915 1253 985 τῷ
1284 916 1514 968 πάντοτε
1553 915 1938 985 θριαμϐεύοντι
1973 915 2121 984 ἡμᾶς
2146 914 2206 966 ὲν

624 1005 708 1073 τῷ
735 1005 976 1074 Χριστῷ,
1009 1007 1105 1058 καὶ
1154 1007 1253 1076 τὴν
1286 1007 1460 1078 ὀσμὴν
1500 1007 1598 1076 τῆς
1629 1006 1881 1076 γνώσεως
1910 1006 2071 1059 αὐτοῦ
2102 1024 2207 1074 φα-

626 1094 878 1163 νεροῦντι
917 1097 981 1148 δι’
1013 1098 1170 1166 ἡμῶν
1202 1099 1260 1150 ὲν
1304 1101 1466 1152 παντὶ
1495 1101 1664 1168 τόπῳ,
1689 1101 1769 1153 ὅτι
1799 1099 2037 1171 Χριστοῦ
2069 1099 2204 1152 εὐω-

625 1187 719 1239 δία
747 1188 936 1255 ἐσμὲν,
979 1188 1055 1257 τῷ
1095 1189 1214 1260 Θεῷ
1255 1192 1313 1243 ὲν
1353 1194 1466 1253 τοῖς
1491 1190 1840 1261 σωζομένοις,
1871 1191 1966 1244 καὶ
1996 1193 2054 1243 ὲν
2091 1191 2203 1252 τοῖς

626 1278 1022 1348 ἀπολλυμένοις
1046 1297 1059 1309 ο
1098 1276 1180 1343 οἷς
1226 1283 1325 1350 μὲν
1367 1281 1511 1352 ὀσμὴ
1552 1282 1784 1335 θανάτου
1823 1283 1902 1345 είς
1947 1281 2200 1345 θάνατον,

623 1360 710 1429 οἷς
743 1368 801 1419 δὲ
830 1369 972 1438 ὀσμὴ
1001 1371 1145 1438 ζωῆς
1194 1373 1272 1434 είς
1305 1371 1470 1442 ζωήν.
1507 1391 1524 1423 ι
1563 1372 1746 1444 Ταύτῃ
1777 1375 1845 1442 τῇ
1888 1373 2069 1444 ῥάϐδῳ
2099 1389 2204 1442 φη-

623 1458 734 1564 σὶν,
763 1459 880 1526 ἦτοι
917 1458 994 1564 et};
1017 1460 1166 1514 ἄνθει
1193 1462 1272 1532 τῷ
1296 1465 1360 1516 ὲκ
1387 1464 1488 1533 τῆς
1513 1465 1671 1535 ῥίζης
1707 1466 1903 1518 Ἰεσσαὶ
1939 1466 2204 1536 τεχθησο-

623 1550 802 1616 μένῳ,
840 1550 979 1602 κατὰ
1014 1553 1236 1621 καιροὺς
1269 1554 1748 1608 ὲπαναπαύσεσθαι
1779 1556 2008 1626 Πνεῦμα
2056 1555 2193 1608 Θεοῦ

619 1637 831 1702 πολλὰς
860 1639 980 1709 ἔχον
1004 1641 1100 1704 τὰς
1126 1643 1424 1713 ἐνεργείας.
1449 1646 1673 1715 Πνεῦμα
1695 1648 1803 1717 γὰρ
1834 1647 1966 1700 αὐτὸ
2007 1647 2202 1717 βουλῆς

621 1731 722 1781 καὶ
754 1731 1023 1795 συνέσεως
1055 1735 1328 1804 ὀνομάζει,
1357 1737 1614 1804 γνώσεώς
1644 1757 1702 1792 τε
1746 1741 1838 1793 καὶ
1870 1740 2082 1807 σοφίας.
2115 1741 2202 1792 εὐ-

619 1822 847 1884 σεϐείας
879 1824 970 1875 καὶ
1008 1826 1172 1893 φόϐου
1201 1827 1356 1880 Θεοῦ.
1389 1831 1573 1900 Φαμὲν
1599 1831 1676 1892 δὲ,
1704 1833 1785 1884 ὄτι
1811 1833 1911 1903 τῆς
1937 1848 2204 1902 προφητι-

620 1913 731 1980 κῆς
758 1914 1041 1984 εὐτεχνίας
1079 1915 1140 1968 τὸ
1167 1918 1430 1989 κήρυγμα
1451 1921 1550 1974 οὐκ
1578 1921 1862 1992 ἄνθρωπον
1892 1925 2024 1994 ἡμῖν
2047 1922 2202 1990 ψιλὸν

619 2003 928 2071 εἰσκομίζει
972 2005 1062 2058 τὸν
1121 2008 1368 2074 Ἰησοῦν,
1420 2009 1536 2064 εἶτα
1584 2015 1845 2080 γεγονότα
1894 2031 2202 2084 πνευματο-

620 2092 814 2158 φόρον,
860 2093 953 2144 καὶ
990 2093 1065 2155 ὡς
1116 2095 1173 2146 ἐν
1224 2094 1374 2161 τάξει
1403 2100 1471 2168 τῇ
1504 2099 1626 2152 καθ’
1667 2101 1810 2170 ἡμᾶς
1843 2102 2201 2170 χαρισμάτων

617 2181 732 2230 τῶν
761 2182 910 2249 παρὰ
943 2182 1076 2236 Θεοῦ
1106 2188 1365 2253 γεγονότα
1414 2190 1661 2259 μέτοχον,
1704 2191 2200 2262 ὲνανθρωπήσαντα

614 2271 676 2376 ἐμὲ
707 2272 906 2340 μᾶλλον
926 2275 1040 2376 ’τὸν
1063 2277 1158 2329 τοῦ
1186 2279 1320 2330 Θεοῦ
1349 2280 1522 2347 Λόγον
1545 2282 1851 2357 καταᾷηλοί,
1883 2283 2064 2354 πλήρη
2103 2284 2200 2353 μὲν

616 2365 753 2414 ὄντα
781 2365 982 2428 παντὸς
1002 2367 1234 2433 ἀγαθοῦ.
1255 2369 1316 2420 τό
1341 2385 1403 2438 γε
1434 2365 1569 2440 ἧκον
1589 2374 1668 2435 είς
1697 2372 1795 2442 τὴν
1819 2373 1984 2426 αὐτοῦ
2016 2374 2198 2442 φύσιν,

617 2455 997 2524 οἰκειουμένου
1035 2459 1091 2511 δὲ
1119 2460 1259 2528 μετά
1287 2461 1385 2530 τῆς
1415 2463 1834 2532 ἀνθρωπότητος
1885 2466 1978 2517 καὶ⁵
2006 2465 2074 2518 τὰ
2103 2467 2200 2518 αὑ-

615 2549 745 2616 τῆς.
779 2549 937 2602 Ἴδιον
969 2551 1076 2621 γὰρ
1103 2551 1542 2622 ἀνθρωπότητος,
1574 2554 1635 2607 τὸ
1664 2555 1873 2609 οἴκοθεν
1898 2555 1998 2625 μὲν
2031 2555 2197 2626 ἔχειν,

615 2641 719 2694 καὶ
764 2641 842 2704 ὼς
894 2641 954 2705 ἐξ
1004 2642 1141 2706 ἰδίας
1191 2645 1405 2710 φύσεως
1439 2644 1548 2696 τῶν
1591 2644 1794 2699 ἄνωθεν
1845 2646 2199 2716 χαρισμάτων

610 2732 798 2784 οὐδέν·
828 2751 846 2782 ι
883 2733 946 2785 Τί
980 2733 1088 2803 γὰρ
1122 2732 1288 2802 ἔχεις,
1323 2733 1351 2786 ὃ
1378 2735 1478 2787 οὐκ
1501 2734 1730 2801 ἕλαὸες;
1764 2754 1783 2787 ι
1811 2737 2026 2807 είρηται
2063 2737 2200 2807 πρὸς

615 2824 816 2894 αὐτὴν,
857 2823 1254 2878 καταπλουτείν
1295 2825 1352 2877 δὲ
1379 2825 1582 2894 μᾶλλον
1612 2826 1810 2892 ἔξωθέν
1857 2845 1918 2880 τε
1959 2831 2053 2882 καὶ
2092 2831 2200 2881 ἑπ-

611 2912 826 2978 ακτῶς,
873 2913 1023 2983 παρά
1055 2912 1190 2966 Θεοῦ
1229 2913 1502 2984 δηλονότι,
1543 2915 1614 2968 τά
1653 2916 1791 2987 ὑπὲρ
1827 2916 1987 2986 φύσιν
2038 2918 2197 2972 ἰδίαν.

613 3003 772 3056 Ἔδει
832 3003 1010 3057 τοίνυν
1072 3005 1306 3059 καθέντα
1367 3007 1504 3078 πρὸς
1566 3008 1794 3061 κένωσιν
1861 3009 2052 3064 ἑαυτὸν
2107 3009 2198 3063 τὸν

609 3095 888 3165 μονογενῆ
926 3095 1020 3149 τοῦ
1059 3095 1194 3150 Θεοῦ
1230 3098 1424 3167 Λόγον,
1469 3100 1529 3152 τὸ
1560 3100 1626 3154 ὲκ
1657 3101 1756 3170 τῆς
1802 3100 2086 3164 κενώσεως
2122 3102 2196 3172 μὴ

611 3187 1007 3256 παραιτεῖσθαι
1041 3189 1472 3261 σμικροπρεπὲς,
1505 3191 1600 3245 καὶ
1644 3191 1825 3262 πλήρη
1859 3193 1999 3246 κατὰ
2033 3193 2197 3260 φύσιν

608 3279 748 3332 ὅντα
783 3278 1031 3348 δέχεσθαι
1055 3281 1144 3334 διὰ
1169 3281 1228 3334 τὸ
1254 3282 1617 3353 ἀνθρώπινον,
1637 3284 1735 3351 οὐχ
1763 3284 1940 3355 ἑαυτῷ
1969 3285 2188 3354 μᾶλλον,

605 3369 733 3424 ἀλλ’
764 3372 900 3439 ἡμῖν
936 3374 1047 3434 τοῖς
1084 3374 1143 3424 ὲν
1176 3372 1352 3443 ἐνδείᾳ
1397 3374 1598 3438 παντὸς
1626 3374 1853 3442 ἀγαθοῦ.
1895 3376 2058 3428 Ὥστε
2088 3376 2194 3430 κᾶν

606 3463 666 3514 εί
690 3460 907 3528 λέγοιτό
934 3479 1058 3514 ποτε
1084 3463 1146 3516 τὸ
1170 3463 1396 3532 Πνεῦμα
1425 3464 1628 3528 λαϐεῖν,
1659 3465 1835 3518 καίτοι
1860 3465 2090 3536 χορηγὸς
2117 3464 2193 3519 ὢν

606 3553 784 3614 αὐτὸς
820 3553 913 3606 τοῦ
945 3555 1101 3622 ἁγίου
1134 3555 1467 3626 Πνεύματος,
1504 3557 1597 3610 καὶ
1639 3558 1739 3611 οὐκ
1787 3561 1850 3610 ἐκ
1883 3559 2083 3628 μέτρου
2113 3559 2193 3612 δι-

607 3645 764 3708 δοὺς,
808 3645 921 3697 ἀλλ’
951 3647 1026 3709 ὡς
1053 3645 1112 3708 ἐξ
1162 3647 1292 3700 ἰδίου
1333 3646 1700 3718 πληρώματος
1740 3649 2013 3718 διανέμων
2061 3649 2193 3704 αὐτὸ

607 3739 732 3798 τοῖς
779 3736 969 3802 ἀξίοις,
1021 3737 1130 3790 τῶν
1172 3739 1270 3807 τῆς
1304 3739 1587 3802 κενώσεως
1635 3740 1848 3810 μέτρων
1886 3739 2110 3794 νοείσθω
2133 3739 2193 3794 τὸ

613 3824 831 3889 λαϐεῖν,
855 3826 1087 3880 κατευθὺ
1115 3828 1223 3898 γὰρ
1251 3828 1392 3880 οῦτω
1410 3831 1504 3898 τῆς
1525 3828 1782 3899 ἀληθείας
1803 3829 2026 3898 ἥξομεν.
2048 3828 2193 3901 Πλὴν

615 3915 802 3966 ἐκεῖνο
847 3915 1002 3986 ἄθρει
1027 3931 1042 3946 ·
1081 3935 1099 3966 ι
1141 3917 1538 3970 ’Δναπαύσεται
1565 3917 1676 3988 γὰρ
1699 3919 1785 3972 ἐπ’
1807 3919 1969 3973 αὑτὸν
1989 3960 2003 3985 ,
2037 3921 2190 3989 φησὶ,

615 4004 851 4074 Πνεῦμα
877 4006 972 4059 τοῦ
1006 4007 1162 4063 Θεοῦ.
1208 4025 1228 4058 ι
1267 4008 1486 4061 Δέδοται
1519 4007 1629 4079 γὰρ
1683 4010 1741 4061 ἐν
1775 4010 1969 4080 ἀρχαῖς
1999 4014 2068 4081 τῇ
2103 4011 2194 4066 τοῦ

613 4098 821 4165 γένους
855 4098 1012 4168 ἡμῶν
1040 4100 1291 4170 ἀπαρχῇ,
1320 4098 1586 4165 τουτέστι,
1606 4099 1683 4170 τῷ
1716 4100 1907 4170 Ἀδὰμ,
1939 4101 2075 4154 ἀλλά
2105 4101 2196 4169 γέ-

613 4206 750 4256 γονε
794 4190 1037 4259 ῥάθυμος
1083 4191 1212 4260 περὶ
1236 4191 1334 4260 τὴν
1374 4191 1606 4262 τήρησιν
1629 4191 1730 4262 τῆς
1758 4190 2005 4262 δοθείσης
2047 4191 2196 4262 αὐτῷ

613 4281 862 4352 ἐντολῆς,
881 4300 949 4336 κα
959 4299 1018 4353 τη
1027 4283 1228 4354 μέλησε
1249 4284 1356 4336 τῶν
1376 4285 1882 4354 προστεταγμένων,
1903 4284 2195 4338 κατεὸιϐά-

615 4375 726 4444 σθη
744 4377 883 4445 πρὸς
901 4375 1196 4445 ἁμαρτίαν,
1211 4377 1308 4445 οὐχ
1323 4370 1478 4444 εὗρεν
1496 4375 1798 4428 ἀνάπαυσιν
1815 4377 1872 4428 ὲν
1887 4374 2196 4445 ἀνθρώποις

615 4468 685 4522 τὸ
723 4467 961 4537 πνεῦμα.
996 4487 1013 4518 s
1049 4468 1253 4531 Πάντες
1283 4467 1391 4538 γὰρ
1421 4465 1716 4531 ἐξέκλιναν,
1751 4466 1866 4536 ἅμα
1897 4465 2198 4536 ἠχρειώθη-

618 4573 744 4619 σαν,
776 4557 878 4610 οὐκ
903 4552 971 4626 ἦν
996 4557 1025 4608 ὁ
1062 4555 1229 4610 ποιῶν
1256 4555 1615 4626 χρηστότητα,
1651 4555 1750 4607 οὐκ
1778 4551 1845 4625 ἦν
1865 4554 1968 4617 ἕως
2003 4555 2142 4618 ἑνός.
2170 4574 2190 4606 s

618 4645 757 4704 Εἶτα
783 4651 1008 4716 γέγονεν
1031 4648 1318 4720 ἄνθρωπος
1343 4647 1371 4699 ὁ
1401 4647 1694 4716 μονογενὴς
1716 4645 1808 4699 τοῦ
1840 4645 1974 4698 Θεοῦ
2001 4646 2192 4714 Λόγος,

619 4742 799 4794 καίτοι
851 4740 914 4793 τὸ
946 4737 1084 4793 εἶναι
1130 4739 1263 4803 Θεὸς
1303 4740 1363 4792 οὐ
1413 4738 1614 4809 μεθείς.
1657 4738 1872 4808 Ἐπειδὴ
1915 4737 1972 4790 δὲ
2017 4739 2196 4792 καίτοι

618 4830 865 4898 γεγονὼς
903 4829 1025 4882 καθ’
1066 4830 1244 4899 ἡμᾶς,
1275 4827 1546 4889 ἀνάλωτος
1576 4821 1645 4896 ἦν
1679 4824 1992 4895 ἁμαρτίαις,
2030 4825 2197 4878 ἐπαν-

617 4919 901 4973 επαὺσατο
923 4921 988 4989 τῇ
1014 4919 1299 4989 ἀνθρώπου
1329 4916 1487 4986 φύσει
1515 4918 1574 4968 τὸ
1599 4915 1820 4983 Πνεῦμα
1846 4916 1907 4967 τὸ
1931 4918 2100 4982 ἅγιον,
2127 4915 2201 4980 ὼς

620 5012 685 5062 ὲν
713 5010 863 5080 αὐτῷ
904 5013 998 5063 καὶ
1043 5008 1266 5080 πρώτῳ,
1313 5009 1406 5060 καὶ
1432 5007 1506 5072 ὡς
1540 5008 1597 5060 ἐν
1627 5008 1847 5077 ἀπαρχῇ
1885 5005 1977 5058 τοῦ
2009 5007 2200 5074 γένους

618 5104 872 5174 δευτέρᾳ,
907 5104 994 5156 ἵνα
1025 5103 1119 5155 καὶ
1147 5104 1276 5172 ἡμῖν
1317 5099 1756 5169 έπαναπαύηται,
1789 5099 1882 5152 καὶ
1922 5099 2059 5168 μένῃ
2086 5097 2196 5152 λοι-

624 5193 732 5246 πὸν
777 5197 898 5251 ταῖς
939 5193 1049 5246 τῶν
1089 5193 1453 5246 πιστευόντων
1476 5191 1737 5254 διανοίαις
1765 5189 2193 5261 ὲμφιλοχωροῦν.

625 5282 787 5336 Οῦτω
825 5283 935 5354 γάρ
972 5300 1074 5336 που
1107 5283 1203 5338 καὶ
1240 5284 1269 5335 ὁ
1315 5282 1599 5345 θεσπέσιος
1636 5280 1884 5349 Ἰωάννης
1911 5280 2198 5335 τεθεᾶσθαί

626 5391 795 5443 φησιν
838 5377 896 5441 ἐξ
953 5375 1184 5445 οὐρανοῦ
1245 5377 1654 5445 καταφοιτῆσαν
1712 5373 1771 5426 τὸ
1833 5373 2056 5444 Πνεῦμα
2106 5375 2198 5426 ἐπὶ

628 5466 884 5533 Χριστόν.
949 5467 1161 5537 ’Ὠσπερ
1229 5465 1660 5536 συγκληρονόμοι
1723 5465 2026 5533 γεγόναμεν
2093 5464 2204 5518 τῶν

631 5551 1054 5623 συμϐεϐηκότων
1089 5554 1167 5622 τῷ
1198 5553 1606 5622 πρωτοπλάστῳ
1645 5554 1849 5614 κακῶν,
1882 5553 2053 5617 οὕτως
2085 5555 2204 5607 ἐσό-

633 5643 777 5712 μεθα
845 5644 1059 5716 μέτοχοι
1113 5645 1223 5700 τῶν
1283 5645 1669 5717 ὑπαρχθέντων
1729 5646 2084 5715 οἰκονομικῶς
2134 5649 2200 5716 τῇ

717 5801 757 5830 "‘
786 5799 822 5853 il
863 5803 988 5856 Cur.
1017 5818 1073 5866 ll,
1108 5802 1190 5865 li,
1231 5803 1309 5857 l6.
1390 5802 1429 5833 ⁵⁵
1470 5799 1572 5856 lsa.
1607 5819 1682 5870 xl,
1708 5802 1762 5855 “2..

2309 653 2403 709 per
2435 655 2531 694 nos
2557 640 2610 693 in
2631 648 2776 693 omni
2803 639 2939 702 loco,
2964 638 3091 706 quia
3117 635 3318 691 Christi
3343 633 3518 688 bonus
3541 631 3676 686 odor
3699 643 3889 685 sumus

2304 733 2415 786 Deo
2445 732 2497 785 in
2528 731 2595 784 iis
2617 732 2707 800 qui
2743 731 2874 784 salvi
2909 730 3063 792 ﬁunt,
3099 737 3150 781 et
3185 727 3238 781 in
3265 726 3332 780 iis
3353 724 3444 794 qui
3467 731 3727 794 pereunt;
3766 720 3888 773 aliis

2307 823 2521 894 quidem
2570 823 2705 877 odor
2752 822 2939 876 mortis
2964 821 3018 873 in
3067 828 3339 880 mortem,
3395 815 3520 870 aliis
3568 827 3700 867 vero
3752 809 3888 864 odor

2308 916 2430 969 vita:
2457 915 2509 968 in
2537 914 2703 967 vitam
2730 912 2796 966 “.
2829 931 2846 963 ι
2888 910 3096 965 Idcirco
3125 907 3178 962 iu
3205 906 3308 961 hac
3339 905 3518 974 virga,
3557 918 3650 956 seu
3694 903 3746 955 in
3782 901 3886 955 hoc

2308 1007 2554 1076 genuine
2587 1021 2650 1060 es
2682 1005 2850 1071 stirpe
2875 1000 3064 1064 λείπετε,
3097 1000 3210 1054 suis
3245 997 3575 1066 temporibus
3603 993 3883 1061 acquietu-

2308 1114 2424 1151 rutn
2449 1097 2524 1150 ait
2555 1095 2816 1163 Spiritum
2849 1094 2966 1156 Dei,
3005 1091 3186 1144 multis
3223 1089 3512 1142 virtutibus
3568 1096 3624 1140 et
3681 1086 3886 1138 viribus

2309 1189 2619 1259 pollentem.
2657 1186 2920 1254 Spiritum
2960 1184 3104 1239 enim
3144 1184 3321 1249 ipsum
3369 1179 3616 1234 nominat
3647 1175 3882 1237 consilii,

2307 1291 2361 1336 et
2411 1279 2809 1348 intelligentia,
2861 1287 2916 1330 et
2967 1272 3321 1344 cognitionis,
3373 1280 3428 1325 et
3479 1268 3791 1337 sapientiae,
3832 1276 3903 1345 et.

2309 1369 2661 1431 fortitudinis,
2683 1378 2738 1422 et
2769 1366 3062 1436 religionis,
3092 1373 3146 1418 et
3179 1361 3389 1416 timoris
3415 1361 3508 1416 Dei
3541 1360 3608 1410 “.
3647 1357 3885 1412 Dicimus

2303 1470 2484 1512 autem
2519 1458 2836 1526 prophetam
2884 1455 2936 1507 in
2989 1454 3090 1528 hoc
3134 1451 3407 1521 prteconio
3447 1465 3546 1503 suo
3595 1445 3882 1500 artiﬁcium

2306 1551 2385 1604 sic
2437 1558 2805 1616 temperasse,
2853 1555 2910 1600 ut
2968 1561 3071 1600 non
3135 1543 3410 1597 hominem
3467 1553 3678 1594 merum
3731 1534 3886 1589 nobis

2313 1643 2532 1697 inducat
2560 1641 2770 1699 Jesum,
2799 1639 2922 1692 dein
2950 1635 3152 1706 Spiritu
3176 1634 3436 1694 alllatum,
3463 1642 3516 1686 et
3536 1631 3687 1701 quasi
3717 1626 3884 1681 nostri

2305 1731 2511 1786 ordinis
2554 1744 2617 1783 ac
2662 1726 2992 1784 conditionis
3037 1730 3216 1786 esset,
3260 1719 3645 1774 charismatum
3675 1715 3887 1770 divino-

2306 1839 2423 1876 rum
2475 1819 2792 1890 participem
2840 1816 3074 1881 l‘actum,
3119 1812 3216 1868 sed
3267 1811 3446 1880 potius
3502 1807 3594 1863 Dei
3645 1803 3884 1860 Verbum

2234 1891 2276 1947 Β
2307 1921 2597 1969 humanam
2644 1921 2890 1965 naturam
2927 1905 3286 1975 assumpsisse
3331 1902 3595 1964 declarat,
3637 1897 3885 1954 cumula‘

2313 2016 2424 2059 tum
2479 2004 2636 2058 bouis
2680 1998 2930 2056 omnibus
2971 1998 3276 2068 (quatenus
3318 1995 3384 2049 ad
3422 1993 3588 2062 ipsius
3635 1999 3882 2044 naturam

2300 2094 2601 2167 pertinent)
2621 2109 2684 2148 ac
2703 2093 2866 2146 etiam
2887 2105 2992 2144 una
3015 2104 3135 2144 cum
3159 2087 3494 2142 humanitate
3520 2099 3639 2153 qua:
3671 2081 3737 2135 ad
3762 2094 3883 2134 eam

2300 2196 2570 2259 spectant,
2607 2184 2870 2239 velutsua
2894 2197 2957 2234 ac
2981 2179 3197 2250 propria
3246 2177 3350 2232 sibi
3401 2175 3705 2230 vindicans.
3740 2170 3881 2224 Pro-

2298 2279 2475 2348 prium
2511 2289 2745 2345 namque
2769 2272 3118 2327 humanitatis
3149 2278 3252 2331 est,
3286 2284 3354 2324 ex
3392 2283 3451 2323 se
3487 2277 3542 2321 et
3569 2281 3634 2320 ex
3663 2263 3882 2334 propria

2299 2367 2452 2438 quasi
2499 2375 2688 2420 natura
2743 2362 2880 2418 nihil
2931 2376 3290 2431 supernorum
3350 2361 3615 2414 donorum
3674 2353 3876 2409 habere

2302 2460 2544 2528 (dictum
2576 2457 2718 2510 enim
2752 2465 2834 2509 est
2869 2454 2916 2508 ei
2953 2470 2968 2508 :
3000 2471 3020 2504 ι
3052 2451 3188 2518 Quid
3217 2452 3360 2506 enim
3405 2450 3570 2505 babes
3599 2446 3739 2517 quod
3773 2439 3879 2498 non

2299 2547 2598 2616 accepisti?
2639 2564 2657 2597 ι
2680 2544 2721 2614 ),
2752 2557 2805 2599 at
2842 2543 3083 2598 exterius
3116 2542 3287 2611 magis
3313 2550 3368 2595 et
3393 2538 3608 2594 aliunde
3651 2533 3880 2590 adsciti-

2303 2640 2416 2704 tiis,
2445 2638 2694 2692 nimirum
2714 2651 2743 2689 a
2769 2635 2897 2697 Deo,
2924 2631 3242 2702 locupletari
3267 2631 3442 2693 donis,
3466 2643 3585 2698 quae
3608 2627 3878 2697 propriam

2299 2741 2549 2787 naturam
2580 2738 2857 2798 superant.
2884 2726 3180 2795 Oportebat
3224 2725 3391 2791 igitur
3416 2721 3748 2789 unigenitum
3784 2717 3876 2773 Dei

2302 2824 2616 2879 Sermonem
2647 2820 2737 2889 qui
2780 2834 2840 2874 se
2875 2815 3175 2872 exinanivit
3213 2824 3268 2870 et
3309 2811 3547 2873 demisit,
3600 2810 3741 2863 illius
3779 2823 3878 2862 ex-

2304 2914 2625 2971 inanitionis
2661 2911 3018 2967 humilitatem
3062 2922 3170 2962 non
3208 2919 3494 2967 recusare,
3527 2903 3621 2957 sed
3661 2909 3881 2969 propter

2301 3002 2690 3060 humanitatem
2730 3000 3042 3068 suscipere,
3079 3012 3184 3051 non
3217 3009 3314 3050 sua
3346 3008 3534 3058 causa,
3570 2992 3663 3047 sed
3696 2999 3878 3045 nostra

2300 3096 2498 3163 potius,
2530 3092 2620 3162 qui
2652 3091 2890 3146 omnium
2920 3091 3182 3144 bonorum
3209 3087 3521 3142 laboramus
3553 3082 3874 3149 indigentia.

2302 3187 2485 3254 Itaque
2532 3184 2661 3239 licet
2710 3183 2977 3237 interdum
3030 3181 3243 3235 dicatur
3291 3177 3548 3248 Spiritum
3607 3174 3881 3242 accipere,

2223 3242 2266 3300 θ
2299 3242 2420 3331 cum
2451 3277 2519 3332 sit
2563 3286 2736 3329 tamen
2774 3274 2890 3344 ipse
2937 3242 3376 3326 subministratur
3419 3265 3594 3322 sancti
3626 3264 3880 3334 Spiritus,

2296 3378 2351 3424 et
2381 3384 2486 3423 non
2521 3383 2590 3425 ex
2637 3379 2892 3421 mensura
2934 3363 3042 3428 det,
3076 3364 3168 3417 sed
3213 3359 3381 3415 veluti
3417 3358 3486 3412 de
3520 3354 3735 3426 propria
3768 3353 3884 3423 ple-

2299 3459 2542 3514 nitudine
2571 3455 2698 3511 illud
2743 3455 2917 3524 dignis
2950 3450 3259 3520 impertiat,
3319 3449 3424 3503 hoc
3472 3460 3572 3514 pro
3617 3457 3870 3498 mensura

2297 3561 2352 3605 et
2386 3549 2604 3604 modido
2661 3545 3048 3602 exinanitiouis
3088 3542 3430 3610 intelligatur
3472 3536 3717 3604 accipere
3750 3550 3767 3588 :
3800 3533 3886 3587 sic

2297 3639 2440 3694 enim
2495 3644 2643 3692 recta
2696 3635 2762 3689 ad
2820 3649 3005 3690 verum
3055 3630 3456 3702 perveniemus.
3511 3625 3707 3680 Verum
3751 3623 3884 3678 illud

2299 3730 2431 3784 mihi
2461 3738 2642 3797 specta
2667 3742 2682 3780 :
2714 3742 2733 3777 ι
2761 3724 3083 3794 Requiescet
3113 3722 3258 3777 etaim
3280 3734 3442 3790 super
3465 3717 3663 3788 ipsum,
3683 3714 3886 3784 inquit,

2300 3821 2537 3889 Spiritus
2590 3817 2705 3872 Dei.
2741 3834 2760 3869 ι
2791 3816 2831 3869 Δ
2860 3813 3124 3885 principio
3171 3811 3318 3866 enim
3367 3810 3550 3861 datum
3594 3814 3678 3860 est
3707 3804 3882 3860 nostri

2300 3910 2515 3980 generis
2547 3907 2826 3978 primitiis,
2848 3905 2899 3959 id
2920 3914 3021 3966 est,
3050 3902 3281 3966 Adamo,
3316 3913 3504 3954 verum
3541 3898 3592 3952 in
3623 3897 3882 3951 observa-

2303 4003 2446 4057 tione
2475 3999 2733 4063 mandati,
2762 3996 2904 4066 quod
2935 3994 3190 4050 traditum
3213 4001 3332 4046 erat
3382 3991 3532 4059 piger
3583 3997 3638 4040 et
3681 3984 3881 4039 remis-

2301 4110 2414 4161 sus,
2439 4093 2588 4162 jussu
2617 4088 2953 4160 posthabuit,
2972 4101 3038 4141 ac
3069 4087 3348 4140 demersus
3367 4090 3452 4136 est
3473 4079 3526 4134 in
3554 4086 3834 4149 peccatum
3857 4114 3876 4140 ,

2301 4199 2402 4240 nec
2427 4183 2633 4237 invenit
2663 4182 2715 4236 in
2749 4178 3059 4234 horninibus
3087 4175 3388 4244 requietem
3420 4169 3660 4240 spiritus.
3697 4184 3716 4218 ι
3751 4164 3881 4220 Οιιι-

2304 4292 2398 4330 nes
2427 4295 2445 4328 ι
2477 4274 2676 4329 etenim
2720 4290 2740 4323 ι
2790 4269 3216 4333 declinaverunt,
3265 4261 3428 4320 simul
3481 4259 3696 4315 inutiles
3749 4254 3882 4310 facti

2303 4383 2450 4434 sunt,
2485 4383 2589 4423 non
2625 4376 2743 4422 erat
2789 4367 2878 4435 qui
2918 4362 3078 4434 19‘,
3111 4361 3316 4416 faceret
3356 4359 3578 4418 bonum,
3612 4367 3714 4406 non
3762 4359 3882 4406 erat

2304 4477 2474 4531 usque
2501 4462 2565 4516 ad
2587 4476 2750 4515 unum
2773 4459 2839 4512 “.
2867 4477 2888 4511 ι
2921 4457 3046 4512 Post
3073 4455 3245 4509 factus
3263 4460 3346 4508 est
3362 4451 3522 4504 homo
3545 4443 3884 4514 unigenitum

2307 4556 2396 4610 Dei
2422 4552 2682 4618 Verbum,
2713 4551 2841 4604 licet
2884 4549 3030 4603 Deus
3054 4561 3176 4601 esse
3225 4560 3332 4599 non
3379 4541 3692 4597 desineret:
3721 4549 3879 4588 cum-

2299 4662 2406 4718 que
2443 4643 2634 4700 similis
2683 4641 2839 4698 nobis
2894 4647 3074 4704 esset,
3114 4636 3358 4692 irretitus
3411 4641 3588 4686 tamen
3647 4627 3886 4697 peccatis

2297 4753 2406 4794 non
2451 4744 2566 4800 est,
2626 4733 2970 4803 Spiritusque
3017 4738 3240 4785 sanctus
3289 4727 3342 4780 in
3401 4721 3633 4778 hominis
3689 4729 3881 4773 natura

2300 4829 2520 4894 insedit,
2550 4828 2699 4882 velut
2731 4827 2782 4880 in
2833 4826 2950 4895 ipso
3000 4824 3176 4893 primo
3223 4829 3280 4875 et
3324 4816 3480 4888 quasi
3530 4815 3583 4869 in
3629 4810 3886 4869 secundis

2309 4920 2565 4990 primitiis
2614 4916 2851 4990 generis,
2883 4925 2941 4969 ut
2969 4921 3022 4968 et
3049 4913 3102 4967 in
3145 4910 3302 4965 nobis
3334 4907 3589 4974 deinceps
3619 4901 3879 4972 conquie-

2304 5019 2480 5066 sceret
2509 5025 2572 5065 ac
2601 5016 2867 5074 maneret,
2900 5016 2954 5061 et
2989 5005 3042 5059 in
3093 5001 3432 5058 credentium
3460 4995 3726 5050 mentibus
3757 5007 3880 5046 cum

2305 5100 2575 5170 voluptate
2621 5099 2910 5154 habitaret.
2957 5093 3049 5149 Sic
3095 5091 3238 5146 enim
3285 5097 3340 5145 et
3388 5087 3605 5142 divinus
3646 5083 3880 5138 Joannes

2306 5193 2500 5247 vidisse
2539 5192 2615 5246 ait
2662 5204 2722 5244 se
2766 5187 3176 5244 descendentem
3236 5184 3303 5237 de
3346 5179 3482 5236 cmlo
3531 5175 3791 5247 Spiritmn
3825 5172 3876 5226 in

2303 5283 2598 5338 Christum.
2652 5280 2721 5336 Ut
2759 5279 2902 5334 enim
2947 5283 3226 5332 consortes
3263 5283 3505 5334 eramus,
3535 5275 3592 5323 et
3638 5263 3878 5321 haeredes

2303 5373 2563 5426 malorum
2595 5387 2714 5442 qua:
2772 5368 3106 5439 protoplasto
3147 5365 3491 5436 primumque
3523 5358 3739 5416 condito
3781 5355 3878 5408 bo-

2302 5464 2431 5517 miui
2471 5463 2825 5519 acciderunt:
2858 5461 2938 5516 sic
2968 5459 3132 5514 etiam
3171 5469 3361 5510 eorum
3385 5466 3505 5522 quae
3531 5465 3628 5520 per
3659 5448 3886 5516 dispeu-l

2300 5557 2562 5609 sartionem
2591 5555 2920 5609 exstiterunt
2977 5548 3228 5606 secundis
3259 5543 3428 5600 nostri
3456 5539 3669 5612 generis
3697 5533 3876 5607 primi-

2303 5646 2413 5712 tiis,
2451 5646 2505 5704 id
2537 5656 2640 5716 εει,
2668 5645 2908 5712 Christo,
2939 5643 3142 5700 erimus
3171 5637 3480 5710 participes.
3514 5631 3669 5700 Quod
3693 5635 3878 5686 autem

1838 5803 1881 5834 ‘6
1911 5801 2068 5856 Rom.
2106 5817 2187 5869 Ill,
2224 5803 2304 5855 l2.
