4134 6494
615 422 724 478 315

1611 432 1667 487 5.
1711 433 1985 492 CYRILLI
2024 436 2495 493 ALEXANDRINI
2533 440 2852 500 ARCHIEP.

3769 451 3873 508 3l8

616 554 726 592 non
786 539 1161 610 particularem
1212 542 1445 612 aliquam
1502 545 1550 600 ei
1609 549 1838 618 gratiam
1898 551 2184 618 addiderit,

2299 553 2525 627 δευτέρᾳ
2554 557 2647 610 τοῦ
2678 557 2869 627 γένους
2893 560 3052 630 ήμῶν
3086 560 3332 633 ἀπαρχῇ,
3356 561 3600 615 τουτέστι
3632 563 3871 634 Χριστῷ.

617 633 1072 696 quemadmodum
1113 633 1164 686 in
1194 634 1398 689 sanctis
1429 638 1813 706 conquiescere
1842 642 2040 696 dicitur
2073 641 2196 711 Spi-

622 724 781 785 ritus,
841 722 935 775 sed
977 724 1118 791 quod
1160 722 1435 793 plenitudo
1470 727 1687 783 deitatis
1743 732 1797 784 in
1846 743 2194 788 sacrosancta

622 825 786 866 carne
817 811 964 866 velut
994 812 1045 866 in
1074 829 1172 868 suo
1202 816 1401 884 templo
1430 829 1760 874 commorata
1802 820 1983 885 fuerit,
2011 834 2063 878 et
2090 842 2193 881 nou

622 901 676 955 in
711 913 932 971 experte
959 904 1144 969 animi,
1186 905 1280 961 sed
1312 908 1489 975 potius
1522 910 1759 966 animato
1784 913 1964 968 anima
2003 918 2197 971 intelli-

621 994 789 1061 genti,
824 992 1042 1062 planum
1069 994 1232 1050 faciet
1263 999 1546 1067 propheta,
1572 1001 1758 1057 dicens
1790 1019 1803 1055 :
1846 1022 1865 1055 ι
1894 1005 2195 1076 Complebit

620 1094 741 1135 eum
785 1082 1007 1151 spiritus
1053 1084 1260 1141 timoris
1295 1085 1529 1143 Domini.
1565 1108 1583 1141 ι
1625 1091 1727 1147 Uni
1759 1103 1935 1149 autem
1971 1096 2191 1166 Spiritui

568 1226 581 1233 ,
624 1171 974 1242 multiplicent
1022 1176 1211 1230 tribuit
1262 1176 1634 1235 eﬂicacitatetn
1674 1202 1688 1237 :
1730 1199 1829 1238 nec
1880 1187 2022 1241 enim
2057 1189 2192 1244 alius

576 1272 707 1337 ,εει
774 1264 1007 1332 Spiritus
1070 1267 1386 1333 sapientiae,
1451 1269 1586 1324 alius
1652 1272 2046 1343 intelligentiae,
2109 1277 2193 1331 vel

624 1354 859 1418 consilii,
886 1365 939 1409 et
968 1355 1324 1424 fortitudinis,
1361 1375 1424 1414 ac
1454 1363 1781 1430 reliquorum
1814 1381 1827 1416 :
1864 1376 1914 1419 at
1938 1371 2193 1435 quemad-

622 1445 838 1500 modum
873 1462 1009 1501 uuus
1047 1458 1129 1504 est
1156 1464 1220 1504 ex
1254 1450 1364 1505 Deo
1408 1452 1569 1507 Patre
1599 1453 1813 1521 Sermo,
1843 1461 2058 1528 energia
2092 1476 2190 1514 au-

623 1542 730 1588 tem
797 1547 852 1590 et
901 1537 1184 1593 efficientia
1270 1543 1581 1598 nominatur
1642 1547 1989 1603 multifariam
2038 1551 2189 1620 (vita

621 1639 851 1695 namque
875 1637 976 1692 est,
1002 1638 1055 1684 et
1083 1631 1193 1699 lux,
1218 1641 1273 1686 et
1305 1634 1515 1703 virtus)
1542 1654 1554 1689 :
1588 1639 1667 1693 sic
1700 1642 1860 1694 etiam
1908 1642 1960 1696 in
2004 1655 2191 1701 sancto

622 1717 824 1785 Spiritu
878 1720 1143 1791 intelliges
1174 1742 1188 1777 :
1226 1740 1363 1780 unus
1412 1728 1665 1781 nimirum
1694 1747 1815 1784 cum
1842 1732 1944 1798 sit,
1987 1735 2189 1789 intelli-

620 1810 760 1876 gitur
818 1812 1219 1881 multipliciter,
1262 1825 1316 1870 et
1359 1817 1437 1871 sic
1468 1819 1629 1872 etiam
1665 1835 1939 1889 operatur.
1982 1825 2189 1897 Quippe

2300 645 2420 699 Ὅτι
2450 648 2506 700 δὲ
2532 650 2593 701 οὐ
2624 652 2856 723 μερικὴν
2878 652 3026 722 αὐτῴ
3053 653 3151 723 τὴν
3190 655 3351 724 χάριν
3373 653 3678 725 εἰργάζετο,
3709 655 3875 709 καθά-

2298 751 2404 806 περ
2461 739 2519 791 έν
2573 744 2686 803 τοῖς
2735 741 2909 809 ἁγίοις
2964 742 3024 795 τὸ
3075 743 3526 797 ὲπαναπαύεσθαι
3585 745 3874 814 λεγόμενον

2298 824 2546 896 Πνεῦμα,
2582 829 2695 881 ἀλλ’
2740 826 2808 901 ἦν
2856 832 3130 902 πλήρωμα
3160 834 3261 903 τῆς
3291 833 3565 905 θεότητος,
3600 834 3660 886 τὸ
3701 835 3777 896 ὡς
3817 837 3873 888 ὲν

2302 916 2416 987 [δίῳ
2446 919 2559 989 ναῷ
2603 923 2670 992 τῇ
2725 922 2830 993 ἰδίᾳ
2874 924 3041 994 σαρκὶ
3077 923 3366 988 καταλῦον,
3402 925 3495 977 καὶ
3537 925 3640 977 οὐκ
3682 924 3872 994 ἀψύχῳ

2296 1009 2479 1076 ποθὲν,
2511 1010 2867 1084 ὲψυχωμένην
2896 1015 2952 1068 δὲ
2993 1014 3192 1085 μᾶλλον
3221 1014 3365 1085 ψυχῇ
3394 1016 3574 1086 νοερᾷ,
3626 1020 3873 1087 σαφηνιΞί

2295 1099 2468 1169 λέγων
2504 1102 2532 1153 6
2577 1106 2892 1176 προφήτης-
2938 1125 2957 1157 ‹
3005 1106 3308 1176 Ἐμπλήσει
3337 1106 3496 1159 αὐτὸν
3530 1106 3748 1176 πνεῦμα
3780 1109 3870 1175 φό-

2294 1191 2388 1243 ϐου
2427 1190 2584 1245 Θεοῦ.
2620 1211 2638 1243 ι
2689 1193 2800 1247 Ἐνὶ
2835 1195 2891 1248 δὲ
2918 1195 2998 1263 τῷ
3044 1196 3322 1265 Πνεύματι
3367 1195 3618 1265 πολυειδῆ
3673 1196 3869 1248 δέδωκε

2292 1281 2389 1352 τὴν
2433 1284 2733 1356 ἐνέργειαν.
2783 1288 2857 1341 Οὐ
2905 1288 3013 1359 γάρ
3062 1306 3146 1341 τοι
3185 1285 3410 1356 Πνεῦμα
3463 1289 3562 1357 μὲν
3599 1288 3729 1341 ἄλλο
3774 1288 3869 1357 τῆς

2295 1376 2505 1442 σοφίας,
2543 1376 2727 1446 ἕτερον
2760 1378 2816 1431 δὲ
2864 1379 2926 1431 τὸ
2974 1380 3265 1441 συνέσεως,
3312 1380 3431 1449 ἦτοι
3496 1378 3727 1449 βουλῆς,
3778 1380 3869 1433 καὶ

2296 1466 2495 1536 ἰσχύος,
2538 1468 2631 1521 καὶ
2662 1469 2768 1522 τῶν
2792 1470 3014 1536 λοιπῶν,
3047 1473 3160 1525 ἀλλ’
3193 1472 3384 1541 ῶσπερ
3414 1467 3495 1534 εἷς
3539 1471 3637 1541 μέν
3668 1472 3817 1523 ἐστιν
3843 1470 3871 1523 6

2294 1558 2359 1611 ὲκ
2395 1557 2489 1611 τοῦ
2532 1559 2666 1612 Θεοῦ
2717 1562 2931 1632 Πατρὸς
2983 1564 3177 1632 Λόγος,
3212 1564 3538 1634 ὀνομάζεται
3566 1562 3624 1614 δὲ
3654 1561 3752 1613 καὶ
3783 1563 3868 1613 ὲν-

2294 1649 2482 1721 έργεια
2515 1650 2889 1721 πολυτρόπως
2940 1653 3055 1724 ζωὴ
3100 1655 3209 1725 γάρ
3255 1656 3395 1715 ἐστι,
3444 1654 3539 1705 καὶ
3585 1652 3727 1720 φῶς,
3780 1651 3869 1703 καὶ

2292 1740 2547 1811 δύναμιςο
2578 1742 2722 1796 οὕτω
2752 1744 2846 1797 καὶ
2872 1745 2965 1797 ἐπὶ
2998 1745 3089 1798 τοῦ
3134 1746 3288 1815 ἁγίου
3335 1748 3590 1815 συνήσεις
3622 1742 3870 1812 Πνεῦμα-

2292 1850 2401 1896 τος’
2438 1833 2495 1885 ἓν
2518 1835 2627 1905 γὰρ
2657 1836 2917 1906 ὑπάρχων
2962 1840 3161 1891 νοεῖται
3207 1836 3520 1902 πολυειδῶς,
3571 1838 3789 1908 ἐνεργεῖ
3817 1834 3871 1885 δὲ

618 1897 816 1955 Paulus
849 1902 1280 1971 sapientissimus
1308 1906 1395 1959 uhi
1438 1908 1772 1966 diversorum
1804 1914 2184 1973 charismatum

2297 1927 2389 1977 καὶ
2430 1897 2619 1989 οὕτως..
2654 1897 2918 1997 Καίγοῦν
2946 1932 2973 1983 ὁ
3004 1930 3315 1999 σοφώτατος
3345 1930 3555 1991 Παῦλος
3599 1928 3871 1995 διαφόρων

618 1992 825 2058 species
866 1992 1021 2048 nobis
1067 1998 1444 2051 enumeravit:
1486 2016 1506 2047 ο
1551 2000 1674 2055 llaec
1720 2006 1900 2059 omnia
1927 2046 1941 2070 ,
1979 2008 2186 2078 inquit,

618 2090 870 2148 operatur
916 2099 1053 2139 unus
1097 2094 1153 2141 et
1205 2085 1343 2140 idem
1406 2088 1668 2158 Spiritus,
1712 2095 1900 2150 dividit
1964 2098 2189 2170 singulis

619 2180 778 2239 prout
806 2173 917 2225 vult
940 2174 1005 2226 ‘7.
1038 2189 1058 2220 ι

696 2261 856 2315 Vens.
893 2264 947 2329 4,
978 2263 1032 2319 5.
1080 2265 1198 2321 Non
1222 2270 1505 2324 secundum
1534 2273 1757 2342 gloriam
1772 2277 2055 2345 judicabit,
2093 2299 2185 2336 ne-

616 2369 714 2422 que
759 2358 916 2422 juxta
959 2374 1246 2412 sermonem
1291 2374 1499 2431 arguet,
1553 2367 1642 2418 sed
1686 2369 1948 2435 judicabil
2001 2372 2187 2428 humili

608 2444 896 2514 judicium,
941 2460 987 2502 et
1017 2460 1201 2519 arguet
1232 2452 1459 2508 humiles
1492 2466 1663 2524 (ει-τω,
1701 2469 1748 2511 et
1788 2463 2039 2529 percutiet
2084 2474 2186 2518 ter-

618 2551 730 2588 ram
764 2540 908 2591 verbo
942 2540 1047 2593 oris
1079 2543 1193 2606 sui,
1233 2552 1283 2597 et
1310 2544 1499 2613 spiritu
1526 2564 1618 2614 per
1648 2550 1789 2603 labia
1837 2554 2037 2607 necabit
2086 2556 2185 2608 im-

614 2626 776 2693 pium.
817 2628 887 2681 Et
920 2632 1018 2684 erit
1039 2633 1250 2700 justitia
1278 2635 1481 2691 cinctus
1511 2638 1743 2694 lumbum
1771 2658 1945 2710 suum,
1975 2656 2023 2701 et
2057 2649 2188 2701 veri-

616 2724 721 2771 tate
748 2719 1008 2775 involutus
1034 2732 1226 2778 costas.

685 2893 1089 2952 Emmanuelem
1155 2915 1254 2955 suo
1333 2910 1571 2972 tempore
1652 2908 1985 2963 nasciturum
2061 2926 2182 2967 cum

613 2987 814 3055 optime
846 2991 1201 3059 praedixisset,
1247 2993 1463 3049 adducit
1490 3011 1651 3064 porro
1694 3011 2092 3070 peropportune
2115 3018 2183 3058 cx

615 3079 808 3146 quibus
850 3081 1015 3136 rebus
1046 3094 1230 3151 posset
1261 3084 1655 3153 inclarescere,
1692 3104 1720 3142 a
1750 3090 1946 3146 virtute
1975 3093 2183 3148 scilicet

613 3186 732 3239 qua:
755 3171 852 3239 ipsi
877 3172 1017 3228 inest
1037 3175 1237 3240 divina,
1266 3192 1599 3249 operumque
1638 3182 1941 3251 splendore.
1959 3188 2182 3253 Oporte-

614 3261 703 3316 bat
726 3261 891 3327 enim,
921 3267 1227 3335 Oportebat,
1263 3268 1506 3338 inquam,
1533 3287 1646 3339 eos,
1673 3275 1765 3342 qui
1802 3277 2180 3343 praedictiones

613 3356 952 3423 propheticas
984 3356 1220 3423 habent,
1252 3358 1536 3429 diligenter
1569 3374 1693 3419 ante
1728 3371 2060 3434 persuadere
2097 3373 2180 3428 his

612 3445 705 3513 qui
753 3446 911 3499 fidem
954 3448 1006 3501 in
1064 3463 1186 3503 eum
1220 3451 1521 3519 amplexuri
1552 3465 1739 3521 crant,
1780 3458 1937 3530 195
1978 3463 2102 3529 quis
2129 3472 2182 3517 et

612 3534 788 3603 qualis
811 3537 902 3603 sit,
926 3545 980 3592 et
1006 3538 1057 3591 in
1085 3540 1280 3609 quibus
1305 3544 1560 3611 praeclare
1582 3546 1654 3601 sit
1674 3560 1948 3605 venturus.
1976 3551 2177 3618 Quem-

614 3625 903 3681 admodum
945 3630 1091 3684 enim
1130 3632 1176 3686 si
1224 3634 1345 3703 quis
1391 3644 1635 3691 nostrum
1678 3640 1909 3709 aliquem
1947 3643 2181 3699 homini-

613 3721 737 3783 bus,
759 3721 848 3790 qui
880 3737 1001 3777 eum
1036 3738 1140 3778 non
1176 3737 1375 3782 norunt
1409 3738 1826 3799 monstraturus,
1859 3749 1927 3788 ex
1950 3735 2034 3791 his
2064 3754 2183 3807 qua:

614 3814 763 3869 novit
801 3816 981 3871 verbis
1028 3818 1288 3888 depingit,
1333 3829 1385 3873 et
1414 3821 1479 3875 de
1508 3837 1575 3879 eo
1612 3827 1889 3892 praedicat,
1923 3844 2029 3884 non
2061 3846 2181 3887 esse

613 3905 868 3974 capillitio
923 3906 1110 3972 denso,
1170 3911 1263 3965 sed
1311 3911 1658 3967 mediocriter
1692 3918 1836 3971 tenui
1867 3928 1920 3972 et
1948 3936 2091 3987 raro,
2127 3930 2180 3976 et

612 3995 849 4063 gratioso
881 4012 999 4052 esse
1029 4000 1206 4066 oculo,
1239 4009 1295 4055 et
1344 4003 1645 4058 subridenti
1696 4009 1919 4075 obtutu,
1964 4020 2018 4064 et
2045 4012 2181 4066 mire

612 4088 798 4156 gracili
818 4105 879 4143 ac
896 4090 1078 4145 subtili
1099 4101 1583 4165 naso,caeterasque
1601 4101 1844 4168 corporis
1864 4111 2041 4169 partes
2057 4117 2181 4171 per-

612 4180 856 4249 sequitur
888 4201 902 4235 :
936 4182 1049 4251 pari
1078 4224 1093 4248 ,
1140 4185 1324 4250 credo,
1367 4186 1575 4240 ratione
1629 4189 1794 4242 etiam
1827 4192 2014 4247 beatus
2048 4208 2179 4262 pro-

612 4274 809 4341 pheta,
836 4274 1086 4341 quoniam
1112 4277 1159 4329 ei
1193 4278 1258 4331 de
1304 4273 1483 4333 Verbo
1525 4279 1916 4336 humanitatem
1956 4295 2179 4354 prepter

612 4379 711 4418 nos
729 4375 1226 4424 assumentesermo
1241 4378 1341 4436 est,
1364 4371 1479 4425 ideo
1516 4373 1668 4442 signa
1703 4374 1893 4429 divinae
1916 4386 2173 4445 praestan-

613 4456 700 4509 tize
731 4467 785 4510 et
817 4457 1147 4514 excellentia:
1193 4473 1495 4528 enumerat,
1533 4464 1705 4533 deque
1732 4479 1797 4520 eo
1822 4466 1949 4520 dicit
1978 4483 2021 4518 ε(
2065 4467 2177 4521 Νοιι

2294 2018 2426 2085 ἡμῖν
2471 2018 2828 2088 χαρισμάτων
2883 2020 3025 2084 ἰδέας
3077 2020 3587 2090 ἀπαριθμούμενοςο
3631 2036 3650 2068 ι
3687 2016 3871 2069 Ταῦτα

2296 2107 2492 2170 πάντα,
2523 2127 2541 2159 ›
2580 2110 2765 2179 φησὶν,
2794 2129 2811 2161 ι
2836 2112 3050 2181 ἐνεργεῖ
3078 2110 3137 2162 τὸ
3165 2110 3223 2162 ἓν
3252 2111 3347 2162 καὶ
3370 2110 3430 2161 τὸ
3465 2108 3596 2161 αὐτὸ
3624 2106 3869 2173 Πνεῦμα,

2294 2198 2492 2268 διαιρεῖ
2520 2200 2734 2269 ἑκάστῳ
2764 2200 2888 2271 ἰδίᾳ,
2923 2200 3107 2264 καθὼς
3138 2201 3409 2270 βούλεται.
3446 2220 3463 2251 ι

2368 2290 2449 2342 Οὐ
2494 2292 2643 2343 κατὰ
2683 2290 2798 2357 τὴν
2852 2291 3043 2355 δόξαν
3092 2293 3307 2359 κρινεῖ,
3362 2291 3504 2344 οὐδὲ
3556 2289 3710 2343 κατὰ
3764 2287 3873 2353 τὴν

2291 2382 2513 2433 λαλιὰν
2550 2380 2874 2449 ἐξελέγξει,
2923 2382 3083 2435 ἀλλὰ
3122 2381 3317 2449 κρινεῖ
3354 2378 3613 2444 ταπεινῷ
3646 2378 3870 2445 κρίσιν,

2292 2471 2389 2523 καὶ
2420 2470 2649 2541 ἐλέγξει
2682 2473 2822 2537 τοὺς
2849 2473 3168 2538 ταπεινοὺς
3195 2473 3307 2541 τῆς
3327 2471 3459 2542 γῆς,
3490 2471 3587 2523 καὶ
3618 2468 3873 2531 πατάξει

2291 2562 2409 2633 γῆν
2432 2563 2513 2627 τῷ
2537 2565 2696 2631 λόγῳ
2731 2563 2836 2617 τοῦ
2870 2564 3167 2631 στόματος
3195 2563 3403 2625 αὑτοῦ,
3437 2561 3536 2615 καὶ
3572 2561 3644 2613 ἐν
3685 2560 3871 2612 πνεύ-

2288 2671 2427 2723 ματι
2454 2653 2552 2706 διὰ
2580 2654 2829 2723 χειλέων
2850 2654 3056 2708 ἀνελεῖ
3077 2653 3287 2721 ἀσεϐῆ.
3317 2652 3425 2707 Καὶ
3453 2650 3869 2705 ἐσταιδικαιο-

2290 2746 2450 2814 σύνῃ
2497 2744 2827 2814 ἐζὶυσμένος
2855 2745 2970 2813 τὴν
2999 2746 3201 2814 ὀσφὺν
3229 2744 3438 2808 αὑτοῦ,
3474 2744 3573 2797 καὶ
3618 2744 3873 2809 ἀληθείᾳ

2288 2840 2420 2903 είλη
2421 2837 2606 2906 μένος
2638 2836 2747 2903 τὰς
2772 2836 3058 2904 πλευράς.

2362 2927 2484 2979 ’Ότι
2519 2926 2839 2997 τεχθήσεται
2888 2926 3027 2979 κατὰ
3072 2928 3298 2997 καιροὺς
3341 2927 3370 2979 6
3404 2926 3761 2996 Ἐμμανουὴλ
3811 2920 3867 2977 εὗ

2293 3016 2438 3085 μάλα
2470 3016 2852 3087 προειρηκὼς,
2902 3019 3243 3088 προσεπάγει
3292 3017 3611 3088 χρησίμως,
3657 3018 3759 3071 καὶ
3804 3018 3871 3068 τὰ

2288 3110 2353 3163 δι’
2401 3102 2476 3163 ὧν
2536 3111 2600 3161 ἂν
2662 3109 2746 3179 εἴη
2806 3108 3082 3180 γνώριμος
3126 3110 3202 3172 ὡς
3256 3109 3363 3161 ἀπό
3427 3126 3492 3177 γε
3552 3109 3653 3178 τῆς
3720 3108 3874 3163 ἐνου-

2292 3218 2390 3271 σης
2438 3201 2587 3272 αὐτῷ
2635 3200 2967 3271 θεοπρεποῦς
3020 3201 3257 3270 ἀρετῆς,
3304 3201 3396 3253 καὶ
3449 3200 3549 3269 τῆς
3585 3202 3644 3251 ὲν
3687 3200 3872 3271 ἔργοις

2285 3291 2691 3362 λαμπρότητος.
2738 3292 2884 3344 Ἔδει
2919 3291 3048 3362 γὰρ,
3076 3291 3181 3343 ἔδει
3228 3290 3653 3361 προαναπείθειν
3706 3293 3873 3361 ἀκρι-

2282 3381 2393 3444 ϐῶς
2440 3382 2786 3452 προφητικὴν
2854 3381 3078 3452 ἔχοντας
3143 3382 3574 3453 προαγόρευσιν,
3631 3382 3768 3445 τοὺς
3826 3383 3875 3434 οῖ

2281 3490 2345 3541 γε
2404 3474 2502 3543 τὴν
2561 3474 2646 3526 ἐπ’
2700 3474 2862 3527 αὑτὸν
2915 3474 3137 3545 ἔμελλον
3194 3475 3594 3546 παραδέχεσθαι
3662 3476 3871 3533 πίστιν,

2281 3565 2364 3625 τίς
2396 3562 2452 3615 δέ
2482 3580 2565 3630 γε,
2593 3563 2687 3615 καὶ
2714 3566 2883 3627 ποῖος,
2910 3566 3006 3617 καὶ
3028 3565 3115 3617 διὰ
3142 3564 3312 3618 ποίων
3345 3565 3467 3633 ἦξει
3506 3563 3874 3634 κατόρθωμά-

2281 3671 2408 3707 των.
2437 3655 2647 3725 Ὥσπερ
2671 3654 2780 3727 γὰρ
2806 3655 2861 3707 εί
2881 3672 2965 3719 τις
2987 3655 3082 3708 ἕνα
3115 3657 3226 3708 τῶν
3270 3656 3395 3709 καθ’
3432 3657 3601 3725 ἡμᾶς,
3633 3657 3754 3718 τοῖς
3778 3656 3874 3707 οὸκ

2283 3744 2475 3795 εἰδόσιν
2530 3744 2693 3797 αὐτὸν
2739 3745 3167 3815 κατασημαίνειν
3213 3745 3631 3815 βεϐουλημένος,
3683 3746 3747 3810 ἐξ
3802 3739 3874 3798 ὧν

2281 3829 2418 3886 οἶδεν
2439 3834 2566 3886 ὄντα
2599 3835 2742 3905 λόγῳ
2772 3835 3069 3905 ζωγραφεῖ,
3114 3835 3259 3904 λέγει
3286 3836 3341 3888 δὲ
3391 3837 3518 3906 περὶ
3566 3835 3763 3897 αὑτοῦ,
3801 3837 3874 3898 ὡς

2281 3924 2366 3993 εῖη
2399 3924 2497 3994 μὲν
2516 3925 2615 3996 τὴν
2658 3927 2835 3997 κόμην
2867 3928 2926 3979 οὐ
2968 3927 3154 3996 βαθὺς,
3207 3929 3536 3999 συμμέτρως
3582 3928 3641 3980 δὲ
3690 3929 3871 3997 ψιλὸς,

2283 4018 2374 4069 καὶ
2398 4016 2636 4087 χαροπδν
2663 4018 2761 4086 μὲν
2799 4017 2960 4070 ὅτιτὸ
2992 4018 3144 4088 ὄμμα
3186 4019 3353 4089 αὐτῷ,
3385 4020 3480 4071 καὶ
3515 4019 3873 4087 ὑπογελῶσαν

2282 4108 2403 4178 ἔχον
2431 4108 2527 4179 τὴν
2551 4108 2728 4178 βολὴν,
2765 4109 2942 4179 ἰσχνὸς
2970 4110 3027 4163 δὲ
3049 4110 3148 4179 τὴν
3183 4113 3323 4181 ῥῖνα,
3370 4111 3464 4163 καὶ
3508 4110 3575 4162 τὰ
3619 4110 3793 4181 ἕτερα
3820 4109 3875 4161 δὲ

2280 4199 2374 4253 τοῦ
2401 4200 2654 4271 σώματος
2675 4200 2860 4266 διεξίοι
2896 4200 3064 4270 μέρη,
3110 4201 3201 4253 τὸν
3230 4201 3413 4267 αὐτὸν,
3454 4196 3637 4270 οἶμαι,
3669 4202 3872 4271 τρόπον

2281 4294 2375 4345 καὶ
2418 4295 2447 4344 ό
2492 4293 2758 4362 μακάριος
2811 4294 3136 4362 προφήτης,
3185 4292 3413 4363 ἐπείπερ
3463 4291 3609 4343 ἐστὶν
3647 4293 3675 4344 6
3718 4291 3873 4358 λόγος

2281 4380 2446 4434 αὐτοῦ
2491 4381 2619 4450 περὶ
2675 4379 2769 4433 τοῦ
2816 4380 2882 4433 δι’
2924 4382 3074 4451 ἡμᾶς
3120 4381 3637 4452 ἐνανθρωπήσαντος
3665 4381 3867 4447 Λόγου,

2281 4471 2450 4543 ταύτῃ
2497 4489 2576 4524 τοι
2621 4471 2691 4524 τὰ
2716 4471 2814 4540 τῆς
2848 4470 3182 4541 θεοπρεποῦς
3228 4471 3499 4541 ὑπεροχῆς
3545 4470 3642 4523 καὶ
3688 4471 3872 4538 μέντοι

609 4549 905 4602 secundum
965 4549 1188 4618 gloriam
1245 4553 1545 4621 iudicabit,
1586 4570 1762 4625 neque
1806 4572 1873 4611 ex
1929 4572 2180 4613 sermone

2288 4561 2537 4627 ἐξουσίας
2600 4562 2993 4633 ἁπαριθμεῖται
3061 4565 3283 4632 σημεῖα,
3332 4562 3425 4614 καὶ
3477 4561 3539 4631 δὴ
3595 4561 3690 4615 καί
3740 4578 3871 4631 φησι

613 4650 818 4709 arguet.
856 4658 874 4691 ι
908 4640 1075 4711 Digna
1111 4657 1198 4697 res
1229 4644 1338 4699 Deo
1360 4660 1695 4717 summaeque
1722 4657 1930 4703 naturae
1950 4664 2181 4705 consen-

614 4738 789 4785 tanea.
848 4732 1060 4786 Etenim
1109 4749 1213 4789 non
1261 4736 1313 4789 in
1363 4737 1588 4807 gloriam
1622 4740 1900 4793 hominum
1941 4741 2177 4807 intueri,

612 4822 706 4875 sed
736 4830 965 4889 rectum,
1002 4830 1056 4879 ct
1084 4824 1366 4880 immotum
1392 4828 1443 4881 in
1479 4844 1537 4883 re
1566 4845 1800 4899 quoque,
1854 4839 1909 4884 et
1959 4834 2179 4889 omnino

612 4912 1084 4984 irreprehensibile
1120 4933 1375 4975 exercere
1396 4921 1690 4989 judicium,
1729 4937 1907 4977 nonne
1934 4925 2174 4979 omnium

613 5018 794 5058 rerum
831 5007 1073 5077 reginam
1116 5020 1363 5065 naturam
1415 5012 1614 5067 decet?
1668 5014 1783 5067 Non
1837 5015 1981 5068 enim
2032 5018 2181 5069 novit

612 5107 895 5163 personam
928 5100 1199 5168 respicere
1223 5139 1238 5165 ,
1271 5117 1371 5156 nec
1419 5103 1622 5157 divitiis
1650 5103 1731 5157 vel
1764 5104 2028 5173 elegantia
2063 5106 2178 5159 cul-

613 5194 738 5253 tus,
781 5186 862 5240 vel
916 5190 1241 5245 auctoritate
1300 5192 1608 5247 decoratum
1658 5208 1930 5262 quemque
1978 5196 2184 5251 honore

609 5288 704 5332 aut
730 5279 1088 5336 aestimatione
1115 5282 1200 5337 ille
1229 5283 1504 5353 dignatur,
1548 5285 1683 5340 alios
1728 5286 1960 5353 spoliare
1994 5287 2183 5341 volen-

611 5378 743 5433 tem,
776 5370 872 5424 sed
921 5372 1226 5441 Operarium
1261 5375 1564 5444 iniquitatis
1596 5377 1927 5432 condemnat
1955 5393 2181 5447 prorsus

608 5469 663 5513 et
680 5460 1053 5517 detestandum
1074 5464 1268 5519 reddit.
1289 5464 1402 5521 Non
1426 5477 1608 5537 arguet
1628 5479 1806 5522 autem
1828 5484 1891 5523 ex
1913 5485 2181 5538 sermone,

609 5554 1065 5618 quemadmodum
1096 5557 1290 5612 debeat
1342 5559 1589 5629 intelligi,
1630 5561 1900 5616 disserere
1954 5576 2177 5617 necesse

611 5655 715 5700 est.
774 5644 1028 5717 Plerique
1069 5649 1217 5704 enim
1273 5659 1511 5706 nostrum
1553 5650 1643 5721 qui
1701 5651 1921 5711 laudare
1951 5655 2180 5723 volunt,

692 5800 733 5833 "
774 5799 790 5853 l
829 5801 955 5858 Cor.
992 5818 1089 5869 xu,
1131 5804 1214 5858 ll.

2287 4656 2413 4726 περὶ
2438 4654 2602 4707 αὑτοῦ
2624 4671 2637 4685 ο
2677 4673 2695 4703 ι
2735 4655 2809 4707 Οὐ
2855 4653 2996 4708 κατὰ
3024 4655 3123 4723 τὴν
3152 4653 3311 4718 δόξαν
3346 4656 3541 4724 κρινεῖ,
3581 4653 3701 4706 οὐδὲ
3735 4654 3871 4705 κατὰ

2284 4747 2381 4818 τὴν
2436 4747 2627 4799 λαλιὰν
2671 4747 2901 4813 ἐλέγξει.
2937 4766 2954 4796 ι
2990 4746 3301 4817 Θεοπρεπὲς
3343 4746 3404 4798 τὸ
3453 4746 3659 4816 χρῆμα,
3696 4744 3870 4806 ἐοικός

2282 4856 2341 4891 τε
2373 4838 2532 4906 φύσει
2562 4841 2627 4909 τῇ
2650 4839 2926 4892 ἀνωτάτω.
2953 4837 3027 4890 Τό
3055 4838 3164 4909 γὰρ
3204 4839 3341 4907 μήτε
3370 4840 3449 4899 εἰς
3473 4838 3630 4902 δόξαν
3673 4837 3776 4905 τὴν
3816 4838 3870 4888 ὲν

2283 4928 2595 4999 ἀνθρώποις
2617 4931 2772 5001 όρᾷν,
2808 4930 2975 5000 ὀρθήν
3004 4947 3065 4983 τε
3122 4931 3217 4984 καὶ
3270 4930 3629 4999 ἀδιάστροφον
3658 4927 3758 4997 τὴν
3789 4929 3868 4994 ἐφ’

2280 5020 2495 5091 ἑκάστῳ
2528 5021 2797 5075 ποιεῖσθαι
2846 5022 3030 5092 κρίσιν
3083 5024 3176 5075 καὶ
3222 5020 3523 5092 ἀμώμητον
3570 5018 3868 5081 παντελῶς,

2280 5109 2398 5173 πῶς
2429 5111 2528 5162 οὐκ
2576 5109 2642 5163 ἂν
2692 5109 2892 5179 πρέποι
2930 5111 2997 5179 τῇ
3049 5109 3161 5162 τῶν
3210 5108 3346 5162 ὅλων
3401 5107 3631 5177 βασιλίδι
3672 5106 3866 5175 φύσεις

2282 5202 2357 5254 Οὐ
2380 5201 2490 5273 γὰρ
2520 5197 2660 5255 οἶδεν
2696 5203 2829 5273 όρᾷν
2868 5203 2948 5265 είς
2989 5200 3300 5273 πρόσωπον,
3326 5200 3448 5253 οὕτε
3486 5200 3593 5271 μὴν
3629 5198 3722 5251 τὸν
3752 5201 3869 5259 ταῖς

2283 5292 2348 5345 ὲκ
2373 5292 2618 5345 πλούτων
2652 5292 2988 5364 περιϐολαῖς,
3019 5292 3141 5345 οὔτε
3175 5291 3281 5362 μὴν
3310 5289 3615 5359 ἀξιώμασιν
3641 5290 3868 5358 ὲξωραῖ-

2293 5384 2488 5452 σμένον
2532 5384 2671 5448 ἀξιοῖ
2705 5385 2870 5455 τιμῆς
2915 5384 2946 5453 ἢ
2986 5382 3168 5451 λόγου,
3223 5381 3566 5435 πλεονεκτεῖν
3620 5378 3869 5433 ἐθέλοντά

2289 5491 2462 5540 τινας,
2489 5476 2809 5547 κατακρίνει
2838 5476 2897 5528 δὲ
2934 5476 3168 5540 πάντως,
3202 5475 3296 5528 καὶ
3335 5474 3606 5543 ἐπάρατον
3637 5471 3867 5539 ἀποφαί-

2289 5585 2368 5622 νει
2389 5568 2480 5622 τὸν
2511 5569 2610 5638 τῆς
2658 5569 2887 5639 ἀνομίας
2917 5570 3176 5640 ἐργάτην.
3217 5568 3331 5622 Οὐκ
3364 5566 3572 5634 ἐλέγξει
3622 5566 3682 5618 δὲ
3728 5564 3867 5618 κατὰ

2289 5660 2389 5730 τὴν
2435 5659 2643 5715 λαλιάν·
2704 5662 2799 5714 καὶ
2843 5661 2967 5714 τίνα
3013 5660 3210 5734 τρόπον
3262 5659 3367 5731 χρὴ
3419 5656 3735 5722 ἐννοεῖσθαι,
3771 5653 3867 5708 καὶ
