4742 6488
583 449 689 504 517

1708 440 1771 494 ΙΝ
1815 439 2045 496 ISAIAM
2087 439 2215 494 LIB.
2260 438 2322 496 Il.
2366 440 2608 496 TOBIUS
2648 441 2686 494 Ι.

3748 431 3850 489 518

583 566 740 620 τοῦτο
765 563 994 616 δισιπεῑν
1019 561 1336 628 αναγκαῖον.
1369 558 1618 610 Πλεῖστοι
1645 558 1745 626 μὲν
1773 555 1881 627 γὰρ
1920 557 2034 610 ὅσοι
2065 557 2175 609 τῶν
2209 565 2250 616 Α
2283 557 2456 609 honor

1979 574 2034 610 ’οι
2065 557 2175 609 τῶν
2209 565 2250 616 Α
2283 557 2542 610 honorem
2601 557 2921 625 impertiunt
2975 555 3100 611 licet
3151 567 3330 609 minus
3398 549 3554 606 bonis
3611 549 3852 604 moribus

585 659 707 714 καθ’
737 658 886 727 ἡμᾶς
907 655 1033 716 τοὺς
1062 653 1305 706 ἐπαινεῖν
1330 651 1614 711 ἐθέλοντας
1634 649 1842 715 ἀξιοῦσι
1868 649 2052 719 τιμῆς,
2077 650 2172 702 καὶ

586 751 636 803 εἰ
682 749 755 818 μή
812 761 958 808 τινες
1001 737 1114 796 εἶεν
1162 739 1358 808 ἀγαθοὶ
1400 740 1526 800 τοὺς
1567 738 1822 808 τρόπους,
1882 736 2070 806 μισθὸν
2113 737 2171 790 δὲ

587 840 775 908 ὥσπερ
805 836 906 906 τῆς
950 833 1237 890 κολακείας
1263 831 1448 892 αὐτοῖς
1478 829 1812 898 ἀπονέμουσι
1861 827 1923 880 τὸ
1965 829 2058 881 καὶ
2085 829 2172 880 Οε-

593 929 851 1000 ραπεύειν
890 925 1004 980 ἐσθ’
1034 927 1144 988 ὅτε,
1185 923 1283 977 καὶ
1332 920 1462 984 τοὺς
1513 921 1605 973 ὑπ’
1653 921 1851 982 αὐτοὺς
1916 918 2172 988 ἐλέγχους

591 1021 989 1076 συστέλλουσιν.
1053 1015 1195 1069 Ἀλλ’
1219 1014 1282 1066 οὐ
1303 1011 1463 1066 τοῦτο
1492 1011 1791 1080 δεδρακότα
1844 1009 2049 1063 κατίδοι
2089 1025 2172 1070 τις

590 1117 657 1169 ἂν
707 1114 802 1166 τὸν
847 1110 1050 1181 Κύριον
1107 1107 1201 1160 καὶ
1247 1104 1381 1157 Θεὸν
1432 1102 1591 1174 ἡμῶν
1648 1100 1856 1172 Ἰησοῦν
1916 1100 2168 1171 Χριστόν.

588 1206 878 1276 Τοιγάρτοι
919 1201 1012 1255 καὶ
1040 1199 1168 1261 τοὺς
1201 1197 1560 1268 χρηστοεπεῖν
1612 1194 1942 1265 ᾑρημένους,
1970 1193 2030 1246 οὐ
2065 1192 2172 1262 μὴν

587 1299 667 1352 ἐτι
691 1297 789 1350 καὶ
827 1294 1066 1362 ἀγαθοὺς
1119 1291 1282 1352 ὂντας
1329 1287 1474 1343 κατά
1537 1287 1817 1358 ἀλήθειαν,
1877 1285 2172 1355 ἀποτόμοις

585 1390 834 1459 ἐλέγχοις
857 1385 1082 1456 μεθίστη
1127 1380 1390 1443 πολλάκις
1433 1379 1526 1432 ἐπί
1567 1395 1630 1445 γε
1682 1379 1744 1430 τὸ
1776 1377 1924 1448 βιοῦν
1957 1376 2171 1430 ἑλέσθαι

586 1479 1050 1550 σωφρονέστερον.
1088 1472 1403 1544 Προσῄεσαν
1439 1469 1539 1541 μὲν
1559 1470 1669 1540 γάρ
1694 1486 1824 1522 ποτε
1859 1469 1958 1520 τῶν
1985 1468 2173 1521 καλου-

586 1571 771 1641 μένων
831 1565 1175 1638 Ἦρωδιανῶν
1223 1580 1388 1625 τινες,
1434 1561 1742 1632 πράκτορες
1777 1561 1836 1613 δὲ
1881 1552 2026 1612 οὗτοι
2081 1576 2171 1611 τε-

581 1660 798 1724 λωνῶν,
835 1655 956 1712 εἶτα
977 1657 1131 1711 δόλον
1155 1653 1304 1724 αὐτῷ
1337 1653 1533 1723 πικρὸν
1564 1651 1865 1720 ἁρτίοντες,
1893 1651 2130 1719 ἔφασκον
2153 1665 2167 1678 ·

587 1771 607 1804 ι
671 1748 996 1810 Διδάσκαλε,
1058 1742 1281 1815 οῐδαμεν
1325 1745 1408 1798 ὅτι
1454 1745 1553 1815 τὴν
1597 1743 1717 1796 ὁδὸν
1767 1742 1863 1795 τοῦ
1922 1741 2057 1795 Θεοῦ
2112 1743 2172 1794 ἐν

582 1841 818 1913 ἀληθείᾳ
847 1841 1138 1903 διδάσκεις,
1171 1838 1266 1891 καὶ
1291 1836 1352 1890 οὑ
1380 1836 1532 1906 μέλει
1559 1852 1642 1888 σοι
1669 1835 1798 1906 περὶ
1825 1833 2058 1897 οὐδενός.
2096 1834 2170 1886 Οὐ

584 1935 694 2005 γάρ
749 1932 966 2004 βλέπεις
993 1933 1074 1994 εἰς
1108 1930 1398 2000 πρόσωπον
1427 1925 1749 1997 ἀνθρώπιον.
1800 1924 2015 1990 Ἔξεστι
2045 1925 2170 1980 δοῦ-

584 2044 672 2080 ναι
722 2025 927 2095 φόρους
959 2022 1224 2090 Καίσαρι,
1255 2019 1290 2090 ἢ
1314 2017 1408 2082 οΰ;
1447 2018 1620 2081 Αὐτὸς
1680 2018 1738 2070 δὲ
1792 2017 1928 2089 πρὸς
1973 2017 2170 2082 ταῦτα,

591 2117 648 2170 Γί
685 2132 760 2187 με
786 2114 1096 2188 πειράζετε,
1119 2110 1411 2181 ὑποκριταί
1440 2127 1454 2176 ;
1487 2109 1787 2174 ἐπιδείξατέ
1819 2127 1910 2180 μοι
1941 2109 2002 2162 τὸ
2020 2109 2174 2180 νόμι-

584 2226 700 2278 σμα
739 2205 840 2260 τοῦ
885 2207 1106 2276 κήνσου.
1149 2221 1168 2256 ι
1223 2202 1415 2272 Ἀορει
1461 2201 1526 2272 δὴ
1570 2201 1664 2256 οὖν
1701 2203 1851 2265 ὅπως
1909 2201 2173 2272 διελέγχει

584 2296 1008 2358 κολακεύοντας,
1053 2294 1148 2346 καὶ
1171 2291 1671 2362 χρηστολογοῦντας
1703 2291 2038 2346 ἀποσείεται.
2085 2295 2174 2344 Δι-

584 2390 785 2461 ήλεγξε
813 2387 893 2450 δὲ,
922 2386 1015 2439 καῖ⁸
1037 2385 1100 2438 οὐ
1126 2385 1268 2438 κατά
1295 2401 1359 2452 γε
1383 2384 1480 2454 τὴν
1509 2382 1698 2436 λαλιάν
1728 2382 1908 2435 αὐτῶν
1929 2399 1944 2413 ·
1981 2383 2033 2435 οἱ
2074 2383 2174 2452 μὲν

583 2484 692 2554 γάρ
745 2480 1092 2550 προσεδόκων
1131 2474 1620 2544 ἐπαινεθήσεσθαι,
1653 2474 1793 2544 τάχα
1840 2491 1944 2526 που
1992 2491 2176 2527 κατει-

587 2574 953 2646 ρωνευόμενοι
987 2571 1106 2640 μὲν,
1157 2567 1297 2637 πλὴν
1347 2567 1523 2635 εὐφυᾶ
1563 2566 1656 2618 καὶ
1716 2565 2173 2636 στωμυλεστάτην

583 2661 1003 2732 ἐπιτηδεύοντες
1053 2657 1153 2728 τὴν
1211 2655 1616 2726 κομψολογίαν,
1683 2657 1711 2708 ὁ
1769 2655 1826 2708 δὲ
1895 2655 2174 2725 ἀδοκήτως

523 2757 526 2759 “
584 2753 956 2826 πειράζοντας
1013 2750 1107 2803 καὶ
1141 2747 1441 2818 ὑποκριτὰς
1474 2745 1675 2798 ἐκάλει.
1714 2745 1924 2798 Οὐκοῦν
1949 2746 2010 2797 οὐ
2035 2745 2177 2798 κατά

581 2848 680 2918 τὴν
711 2845 878 2910 δόξαν
901 2844 1094 2914 κρινεῖ,
1115 2840 1415 2901 τουτέστιν,
1435 2839 1495 2891 οὐ
1527 2836 1998 2908 προσωπολήπτης
2024 2835 2176 2888 ἔσται

581 2937 872 3008 δικαστὴς,
907 2934 1030 2988 οὔτε
1057 2932 1163 3003 μὴν
1191 2929 1401 2998 ἐλέγξει
1427 2928 1569 2982 κατὰ
1599 2927 1697 2999 τὴν
1720 2928 1932 2981 λαλιάν.
1963 2929 2037 2980 Οἱ)
2070 2927 2176 2998 γὰρ

582 3029 865 3096 ἀνέξεται,
894 3025 1046 3096 φησὶ,
1084 3024 1193 3077 τῶν
1239 3021 1429 3075 ἀνόσια
1478 3020 1576 3090 μὲν
1611 3021 1826 3090 φρονεῖν
1863 3018 2174 3090 ᾑρημένων,

583 3123 939 3196 προσωπεῖον
966 3119 1023 3172 δὲ
1053 3117 1242 3186 ὥσπερ
1297 3115 1510 3184 ἀπάτης
1559 3113 1653 3166 καὶ
1684 3111 1836 3165 δόλου
1871 3111 2178 3177 περιτιθέν-

2274 646 2544 714 praeditis.
2591 647 2780 715 eisque
2839 648 3144 700 mercedem
3201 644 3348 698 velut
3389 640 3718 694 adulationis
3757 640 3853 692 tri-

2275 737 2464 800 buunt,
2498 745 2554 789 nt
2596 737 2862 790 interdum
2897 736 3060 790 etiam
3095 734 3277 790 colant
3331 749 3428 787 eos
3453 742 3507 785 et
3537 730 3847 792 observent,

2273 841 2338 880 ac
2368 827 2816 896 reprehensiones
2839 828 3202 896 supprimunt.
3233 823 3432 879 Verum
3465 823 3749 877 Dominmn
3789 835 3852 872 ac

2275 915 2440 971 Deum
2465 929 2707 972 nostrum
2737 917 2921 972 Jesum
2962 917 3234 972 Christum
3268 917 3370 970 hoc
3418 914 3666 968 factitare
3693 926 3851 966 nemo

2274 1009 2488 1064 viderit.
2513 1009 2610 1075 Qui
2639 1010 2782 1063 enim
2825 1009 3018 1064 blande
3064 1008 3251 1062 volunt
3300 1007 3482 1076 loqui,
3516 1020 3692 1074 neque
3723 1020 3849 1058 vere

2272 1099 2396 1153 boni
2426 1110 2573 1162 sunt,
2626 1101 2724 1155 hos
2751 1099 3123 1155 acerbissimis
3152 1097 3668 1166 reprehensionibus
3712 1111 3843 1150 con-

2274 1191 2437 1245 vertit
2459 1207 2629 1260 saepe,
2670 1199 2728 1245 ut
2755 1191 2918 1245 vitam
2952 1190 3120 1245 velint
3170 1189 3455 1243 instituere
3487 1187 3844 1240 moderatius.

2272 1283 2635 1337 Accesserant
2677 1280 2821 1335 enim
2855 1279 3152 1348 aliquando
3177 1277 3396 1347 quidam
3443 1274 3754 1340 Herodiani,
3791 1283 3849 1326 nt

2275 1382 2534 1428 vocantur
2567 1386 2582 1424 :
2609 1380 2763 1427 erant
2787 1383 2964 1426 autem
2990 1371 3042 1425 hi
3079 1371 3488 1439 publicanorum
3519 1378 3802 1422 exactores
3830 1384 3844 1419 :

2273 1480 2338 1520 ac
2361 1464 2482 1519 dolo
2503 1465 2556 1518 in
2592 1463 2737 1517 illum
2767 1463 2981 1533 egregie
3030 1462 3303 1516 instructo
3336 1459 3592 1514 dicebant
3623 1475 3636 1510 :
3676 1477 3695 1510 ι
3732 1457 3848 1511 Ma-

2273 1559 2458 1628 gister,
2487 1557 2687 1612 scimus
2719 1565 2769 1609 te
2798 1555 2937 1608 viam
2973 1554 3064 1607 Dei
3107 1554 3158 1606 in
3184 1552 3412 1607 veritate
3451 1552 3645 1605 docere
3669 1559 3844 1605 etnon

2273 1663 2394 1703 esse
2427 1645 2521 1701 tibi
2567 1659 2752 1700 curam
2793 1644 2858 1698 de
2889 1642 3100 1710 aliquo;
3142 1657 3246 1704 non
3279 1641 3425 1694 enim
3464 1639 3688 1708 respicis
3734 1652 3849 1706 per-

2274 1754 2460 1795 sonam
2513 1738 2844 1792 hominum:
2891 1734 3087 1788 licetne
3136 1748 3360 1788 eeusum
3412 1732 3541 1786 dare
3603 1731 3844 1796 Cresari,

2273 1829 2492 1884 annon?
2522 1828 2728 1894 Quibus
2758 1826 2886 1881 ille:
2925 1824 3065 1892 Quid
3103 1838 3188 1878 me
3234 1823 3471 1886 tentatis,
3510 1821 3848 1890 hypocrita}?

2273 1921 2544 1977 ostendite.
2571 1919 2698 1973 mihi
2725 1919 2988 1973 nnmisma
3023 1931 3217 1971 census
3241 1915 3310 1968 ⁸⁸.
3353 1934 3372 1966 ›
3409 1913 3651 1969 Observa
3681 1915 3849 1982 igitur

2273 2033 2380 2086 quo
2411 2027 2566 2084 pacto
2599 2015 2888 2084 redarguat
2927 2012 3208 2082 palpantes
3231 2051 3244 2073 ,
3295 2019 3348 2063 et
3379 2009 3721 2062 blandientes
3763 2023 3850 2062 re~

2275 2108 2454 2172 pellat.
2511 2107 2768 2174 Coargnit
2832 2116 3059 2166 autem,
3125 2104 3286 2171 idque
3317 2117 3422 2156 non
3471 2117 3535 2156 ex
3598 2117 3849 2156 sermone

2275 2199 2510 2269 ipsorum
2545 2215 2560 2252 :
2602 2197 2762 2268 196
2789 2212 2913 2250 nam
2950 2197 3001 2250 hi
3036 2196 3324 2264 sperabant
3356 2209 3416 2248 se
3449 2194 3722 2247 laudatum
3761 2194 3846 2256 iri,

2275 2307 2394 2346 cum
2439 2290 2826 2345 cavillarentur
2870 2289 3111 2358 quidem,
3150 2286 3242 2341 sed
3280 2287 3570 2356 ingenuum
3604 2297 3659 2338 et
3695 2285 3848 2339 blan-

2274 2385 2398 2438 dum
2435 2383 2698 2438 orationis
2751 2383 2986 2452 leporem
3021 2380 3338 2434 adhibentes
3363 2419 3378 2441 ,
3413 2378 3500 2432 hic
3543 2386 3722 2432 autem
3753 2392 3847 2430 eos

2280 2485 2576 2531 tentatores
2620 2484 2674 2529 et
2709 2475 3021 2547 hypocritas
3079 2473 3146 2526 de
3193 2470 3486 2540 improviso
3529 2469 3844 2523 nominavit.

2272 2567 2456 2636 Itaque
2483 2582 2586 2620 non
2626 2566 2889 2634 judicabit
2929 2581 2994 2618 ex
3015 2563 3287 2634 opinione,
3327 2562 3380 2614 id
3413 2570 3516 2626 est,
3554 2576 3658 2616 non
3690 2574 3851 2614 acce-

2275 2670 2452 2729 ptator
2485 2660 2588 2714 erit
2621 2670 2977 2727 personarum
3005 2655 3194 2723 judex,
3231 2668 3406 2720 neque
3446 2652 3733 2720 redarguet
3782 2665 3846 2703 cx

2275 2765 2522 2804 sermone
2564 2767 2577 2802 :
2618 2747 2730 2800 Non
2769 2744 2936 2808 enim,
2991 2744 3167 2812 inquit
3197 2782 3210 2806 ,
3271 2740 3570 2796 adhaerebit
3621 2741 3706 2795 his
3759 2740 3850 2809 qui

2279 2842 2442 2909 impie
2496 2837 2674 2892 aﬂecti
2719 2846 2865 2900 sunt,
2900 2837 3102 2905 quique
3137 2835 3375 2903 leporem
3426 2832 3691 2887 orationis
3735 2841 3852 2885 tan-

2277 2947 2439 3000 quam
2484 2926 2861 2982 frandulentia:
2905 2941 2968 2980 ac
3016 2924 3267 2980 versutia:
3299 2937 3581 2993 personam
3617 2921 3719 2976 sibi
3761 2937 3851 2974 as-

2276 3029 2515 3074 sumunt.
2548 3016 2700 3084 Quod
2731 3016 2932 3070 diserte
2961 3014 3089 3068 dicit
3119 3033 3133 3068 :
3171 3033 3189 3065 ι
3237 3012 3350 3066 Non
3376 3012 3555 3066 omnis
3595 3011 3685 3080 qui
3723 3010 3856 3064 dicit

2278 3108 2434 3169 mihi,
2466 3105 2708 3166 Domine,
2766 3104 2986 3155 Domine
3017 3141 3031 3164 ,
3084 3100 3310 3154 intrabit
3345 3099 3396 3152 in
3433 3114 3656 3167 regnum
3689 3097 3854 3153 caelo-

583 3187 692 3269 των
720 3215 939 3275 ἑαυτοῖς
967 3212 1066 3280 τὴν
1095 3205 1478 3278 κομψολογίαν.
1511 3205 1553 3256 Τ
1556 3203 1682 3258 οὖτό
1708 3203 1789 3256 τοί
1827 3220 1990 3273 φησιν
2020 3204 2176 3273 ὲναρ-
2204 3239 2246 3297 C
2282 3215 2424 3261 rum,
2451 3216 2456 3249 ε

1979 3221 1990 3253 ν
2020 3204 2176 3273 ὲναρ-
2204 3239 2246 3297 C
2282 3215 2424 3261 rum,
2451 3197 2543 3251 sed
2575 3199 2663 3265 qui
2701 3195 2829 3249 facit
2853 3193 3181 3248 voluntatem
3217 3191 3393 3247 Patris
3429 3191 3530 3244 mei
3567 3187 3657 3256 qni
3693 3189 3852 3243 estin

582 3308 696 3376 τῶς
717 3324 736 3338 ο
781 3325 800 3356 ι
837 3305 908 3358 Οὐ
946 3304 1052 3364 πὶς
1075 3303 1103 3354 ό
1134 3299 1308 3367 λέγων
1341 3315 1457 3368 μοι,
1495 3294 1687 3366 Κύριε,
1719 3293 1913 3365 Κύριε,
1940 3293 2178 3346 εἰσελεύ-

587 3418 748 3453 σεται
781 3398 862 3458 είς
887 3394 984 3466 τὴν
1007 3391 1282 3464 βασιλείαν
1323 3388 1434 3442 τῶν
1481 3386 1749 3458 οὐρανῶν,
1800 3385 1913 3439 ἀλλ’
1948 3388 1977 3438 ὁ
2006 3383 2178 3438 ποιῶν

583 3493 644 3546 τὸ
669 3489 894 3560 θέλημα
920 3486 1015 3539 τοῦ
1045 3484 1260 3554 Πατρός
1308 3499 1408 3553 μου
1449 3479 1543 3534 τοῦ
1593 3481 1651 3532 ἐν
1679 3480 1792 3540 τοῖς
1837 3478 2104 3548 οὐρανοῖς.
2153 3495 2171 3528 ι

585 3587 698 3640 Καὶ.
738 3583 940 3644 πάλιν·
977 3599 994 3632 ι
1027 3578 1217 3632 Πολλοὶ
1249 3573 1430 3646 ἐροῦσξ
1459 3591 1548 3643 μοι
1572 3574 1630 3625 ἐν
1663 3571 1844 3640 ἐκείνη
1872 3573 1938 3638 τῇ
1975 3570 2177 3640 ἡμέρᾳ,

584 3679 651 3746 τῇ
680 3675 791 3741 τῆς
829 3671 1061 3742 κρίσεως
1080 3665 1325 3739 δηλονότι
1349 3679 1365 3694 °
1397 3662 1590 3734 Κύριε,
1614 3661 1810 3732 Κύριε,
1863 3661 1924 3712 οὐ
1969 3659 2047 3728 τῷ
2101 3658 2180 3728 σῷ

587 3768 825 3839 ὀνόματι
893 3759 1402 3834 προεφητεύσαμεν,
1481 3755 1576 3808 καὶ
1656 3752 1918 3820 δυνάμεις
1981 3750 2181 3814 πολλὰς

589 3860 974 3930 ἑποιήσαμεν;
1020 3852 1181 3906 Ἀλλά
1204 3851 1348 3916 τότε,
1373 3850 1558 3920 φησιν,
1591 3846 1703 3918 ἐρῶ
1726 3847 1908 3907 αὐτοῖς
1927 3861 1940 3876 ·
1986 3841 2178 3912 Ἀμὴν,

588 3954 739 4022 λέγω
771 3952 922 4020 ὑμῖν,
974 3947 1230 4001 οὐδέποτε
1287 3944 1458 4009 ἔγνων
1501 3941 1664 4010 ὑμᾶς.
1701 3957 1720 3990 ι
1759 3937 1823 3990 Τί
1864 3936 1921 3989 δὲ
1965 3935 2030 4004 δὴ
2075 3935 2182 4005 ἄρα

591 4041 733 4111 πρὸς
751 4037 963 4099 τούτοις
987 4037 1016 4087 ὁ
1044 4029 1543 4102 ἀπροσωπόληπτος
1569 4026 1858 4097 ἐργάζεται
1887 4024 2144 4092 δικαστής
2167 4037 2181 4086 ;

592 4131 796 4200 Κρινεῖ
825 4123 1068 4194 ταπεινῷ
1095 4122 1298 4193 κρίσιν,
1319 4120 1616 4180 τουτέστιν,
1641 4116 1702 4168 οὐ
1727 4113 2042 4185 περιόψεταί
2063 4129 2184 4164 τινα

593 4224 702 4276 τῶν
717 4217 1014 4279 ταπεινῶν,
1034 4215 1148 4269 ἀλλ’
1184 4211 1351 4283 ὀρθὴν
1381 4210 1476 4264 καὶ
1495 4207 1795 4278 ἀμώμητον
1812 4207 1896 4259 ἐπ’
1915 4203 2062 4274 αὐτῷ
2085 4203 2185 4274 τὴν

594 4315 786 4387 κρίσιν
812 4311 1027 4376 ἐξοίσει.
1081 4302 1389 4372 Ἐξελέγξει
1414 4302 1472 4354 δὲ
1505 4299 1708 4370 ὁμοίως
1726 4299 1863 4360 »τοὺς
1896 4296 2186 4358 ταπεινοὺς

592 4386 692 4475 τῆς
721 4404 832 4474 γῆς
853 4418 866 4433 ⁸
894 4400 1083 4470 ὥσπερ
1108 4396 1218 4466 γάρ
1251 4395 1312 4446 οὐ
1344 4393 1405 4445 τὸ
1433 4389 1528 4444 τοῦ
1558 4388 1814 4442 πλουσίου
1845 4386 2187 4440 πλεονεκτεῖν

594 4496 881 4557 ἐθέλοντος
933 4488 1248 4563 ἐρυθριάσει
1295 4484 1607 4556 πρόσωπον,
1654 4479 1791 4534 ἀλλὰ
1833 4477 2048 4532 δικαίαν
2093 4479 2186 4530 ἐπὶ

2279 3290 2431 3344 ρωιίε
2461 3288 2561 3340 δ’.»
2591 3287 2657 3340 Ει
2683 3300 2870 3338 rursus
2903 3303 2916 3337 :
2958 3302 2975 3333 ι
3017 3283 3164 3336 Mulli
3195 3281 3375 3335 dicent
3405 3278 3533 3332 mihi
3567 3279 3656 3331 illo
3684 3278 3791 3341 die,
3831 3297 3850 3330 ι

2273 3379 2460 3451 judicii
2509 3378 2790 3439 nimirum,
2827 3395 2845 3428 ι
2895 3374 3142 3439 Domine,
3171 3374 3416 3434 Domine,
3455 3385 3634 3425 nonne
3670 3370 3722 3423 in
3765 3385 3858 3422 no-

2280 3475 2425 3529 mine
2481 3483 2572 3524 tuo
2631 3468 3097 3539 prophetavimus,
3134 3473 3189 3520 et
3222 3464 3448 3517 virtutes
3487 3461 3684 3514 multas
3719 3474 3859 3530 pra:-

2279 3562 2685 3619 stititnns?Sed
2745 3569 2870 3612 tunc
2901 3599 2914 3620 ,
2973 3556 3194 3626 inquit,
3245 3553 3420 3606 dicam
3472 3552 3628 3605 illis:
3687 3552 3858 3605 Amen

2280 3657 2400 3712 dico
2447 3654 2650 3708 vobis:
2690 3665 2962 3718 nunquam
3013 3648 3135 3702 novi
3181 3661 3277 3700 vos
3301 3645 3369 3700 ⁵ο.
3429 3663 3447 3696 ι
3511 3643 3650 3710 Quid
3697 3658 3861 3711 porro

2283 3747 2394 3816 agit
2423 3745 2586 3814 judex
2621 3744 2708 3796 hic
2757 3757 2786 3793 a
2825 3753 3175 3810 personarum
3209 3734 3578 3804 acceptatione
3604 3733 3863 3788 alienus?

2239 3874 2244 3880 -
2281 3836 2556 3892 Judieahit
2621 3833 2810 3888 humili
2860 3830 3161 3902 judicium,
3209 3829 3262 3882 id
3293 3837 3405 3891 est,
3447 3843 3552 3880 non
3593 3825 3859 3893 despiciet

2284 3942 2610 3999 quemquam
2667 3924 2956 3989 humilem,
2989 3931 3044 3976 at
3074 3929 3282 3976 rectum
3325 3927 3380 3974 et
3433 3917 3763 3984 inculpatum
3799 3917 3864 3970 de

2283 4037 2348 4078 eo
2379 4019 2640 4090 judicium
2693 4017 2954 4087 proferet.
2999 4012 3264 4068 Similiter
3315 4011 3480 4066 etiam
3521 4016 3713 4079 arguet
3758 4009 3863 4062 hu-

2286 4114 2442 4184 miles
2459 4122 2618 4168 terra:
2642 4127 2655 4163 :
2693 4107 3149 4180 quemadmodum
3165 4103 3312 4160 enim
3341 4117 3629 4172 personam
3648 4100 3857 4165 divitis,

2286 4219 2478 4276 rapere
2523 4220 2588 4259 ac
2640 4202 2879 4274 spoliare
2937 4198 3164 4255 volentis
3193 4238 3208 4264 ,
3259 4212 3365 4253 non
3415 4195 3716 4260 verebitur,
3772 4194 3864 4248 sed

2285 4299 2490 4370 justum
2523 4297 2591 4352 de
2619 4294 2808 4350 humili
2849 4292 3125 4347 exercebit
3169 4290 3432 4358 judicium
3466 4306 3480 4342 :
3513 4288 3609 4351 ita,
3654 4286 3862 4354 inquit,

2287 4390 2486 4459 siquis
2545 4402 2734 4442 eorum
2806 4385 2895 4454 qui
2948 4385 3001 4438 in
3048 4382 3195 4438 tenui
3249 4380 3468 4435 fortuna
3513 4387 3567 4434 et
3605 4376 3868 4446 angustiis

2291 4494 2470 4535 rerum
2506 4478 2572 4532 ad
2603 4477 2766 4530 vitam
2800 4473 3232 4530 necessariarum
3271 4470 3598 4524 constitutus
3627 4477 3732 4530 est,
3762 4480 3862 4519 ex-

593 4588 672 4658 τῷ
726 4582 975 4652 ταπεινῷ
1013 4582 1300 4650 ποιήσεται
1351 4575 1533 4646 κρίσιν
1565 4589 1579 4602 ·
1617 4570 1762 4625 οὕτω
1816 4569 1917 4624 κᾶν
1959 4570 2011 4622 ετ
2052 4585 2138 4631 τις
2164 4609 2180 4635 ,
2214 4585 2258 4639 ῃ
2287 4579 2371 4623 tra
2422 4568 2466 4621 le

1994 4570 2011 4622 ῐ
2052 4585 2138 4631 τις
2164 4609 2180 4635 ,
2214 4585 2258 4639 [ι
2287 4579 2371 4623 tra
2422 4568 2566 4636 leges
2604 4564 2817 4620 divinas
2866 4568 3148 4632 evagetur,
3185 4568 3240 4614 et
3291 4556 3570 4626 iniustitiae
3636 4552 3867 4610 crimine

594 4680 761 4750 φησί,
789 4676 898 4728 τῶν
927 4676 984 4726 ἐν
1009 4671 1198 4740 ὑφέσει
1230 4668 1324 4722 καὶ
1346 4665 1789 4738 σμικροπρεπείᾳ
1816 4661 2054 4735 τῇκατά
2088 4662 2180 4715 τὸν
2275 4660 2462 4718 convic

1989 4661 2054 4716 τὰ
2088 4662 2180 4715 τὸν
2275 4660 2554 4718 convictus
2595 4673 2660 4713 ac
2709 4655 3035 4710 constrictus
3077 4659 3349 4715 teneatur,
3390 4650 3556 4704 etiam
3617 4647 3663 4701 is
3705 4659 3862 4701 coar-

596 4772 734 4841 βίον,
783 4767 888 4834 ἔξω
932 4765 1039 4818 τῶν
1091 4762 1250 4815 Θείων
1294 4759 1512 4829 φέροιτο
1554 4757 1752 4827 νόμων,
1805 4757 1900 4808 καὶ
1943 4757 2053 4818 τοῖς
2081 4752 2183 4823 τῆς
2281 4762 2469 4826 guetur

1985 4757 2053 4818 ῠῖς
2081 4752 2183 4823 τῆς
2281 4762 2494 4826 guetar.
2529 4750 2803 4820 Scriptum
2836 4746 2978 4802 enim
3008 4753 3089 4800 est
3125 4761 3138 4797 :
3185 4759 3206 4794 ι
3248 4740 3549 4810 Pauperem
3583 4753 3690 4791 non
3753 4735 3858 4789 mi—

595 4826 840 4924 ιζιδικίας⁷
866 4857 1205 4926 ἐγκλήμασιν
1231 4826 1423 4906 ἐαυτδν
1452 4826 1628 4912 ἀνιεὶς
1651 4848 1950 4913 ἁλίσκοιτο,
1996 4845 2184 4916 φησιν,
2282 4846 2468 4902 screbe

1996 4845 2184 4916 φησὶν,
2282 4844 2548 4902 screberis
2603 4843 2656 4896 in
2702 4839 2905 4910 judicio
2933 4838 3000 4890 δι.
3062 4854 3082 4888 ι
3146 4832 3615 4901 Quemadmodum
3665 4826 3867 4882 ctenitn

596 4953 991 5023 ἐλεγχθήσεται
1074 4946 1170 4998 καὶ
1245 4935 1421 5004 οὗτος.
1487 4941 1804 5012 Γέγραπται
1871 4938 2024 5009 γὰρ,
2107 4937 2190 4989 ὅτι
2288 4938 2469 4994 divitiis

2009 4977 2024 5002 ν
2107 4937 2190 4989 ὅτι
2288 4938 2526 5002 divitiis,
2556 4945 2612 4990 et
2660 4932 2943 5003 dignitate,
2990 4938 3046 4985 et
3106 4926 3415 4998 principatu
3449 4932 3666 4977 auctum
3706 4933 3869 4974 orna-

608 5065 629 5098 ι
660 5047 884 5115 Πένητα
905 5041 1003 5095 οὐκ
1027 5039 1271 5107 ἐλεήσεις
1305 5037 1362 5088 ἐν
1387 5034 1586 5106 κρίσει.
1614 5053 1632 5083 ι
1655 5033 1867 5102 Ὥσπερ
1886 5031 1994 5100 γὰρ
2014 5029 2104 5082 τὸν
2130 5029 2188 5081 ἐν

599 5138 844 5206 πλούτῳ,
898 5132 992 5187 καὶ
1027 5131 1292 5200 ὑπεροχῇ,
1321 5126 1419 5181 καὶ
1470 5126 1654 5197 μέντοι
1705 5125 1800 5177 καὶ
1850 5121 2187 5183 δυναστείαις

601 5233 703 5286 οὐκ
733 5226 1036 5292 ἀπαλλάξει
1065 5224 1176 5278 τῶν
1219 5219 1560 5292 αἱτιαμάτων
1578 5219 1638 5271 τὸ
1667 5216 1987 5288 περιφανὲς,
2016 5216 2065 5268 ειί
2098 5215 2190 5266 ἐπί

601 5341 716 5376 τισι
744 5321 853 5373 τῶν
886 5319 1131 5372 ἐκτόπων
1168 5311 1632 5382 καταγινώσκοιτο
1650 5350 1666 5375 ,
1710 5308 1884 5371 οὕτως
1908 5307 2011 5360 οὐκ
2039 5307 2193 5358 ἐλευ-

605 5413 842 5486 Θερὼσει
879 5409 975 5464 τοῦ
1003 5405 1145 5462 εἶναι
1185 5404 1420 5476 πονηρὸν
1446 5404 1509 5456 τὸ
1538 5405 1597 5456 ὲν
1641 5401 1830 5469 ὑφέσει
1860 5399 1954 5453 καὶ
1993 5414 2191 5451 ταπει-

603 5509 794 5575 νότητι
817 5498 1253 5574 σμικροπρεπὲς,
1279 5495 1402 5548 οὔτε
1432 5494 1538 5565 μὴν
1567 5491 1868 5557 ἀπαλλάξει
1900 5488 1995 5542 τοῦ
2027 5486 2188 5541 κολά-

605 5596 798 5664 ζεσθαι
840 5595 948 5647 δεῖν
999 5591 1088 5645 τὸν
1116 5591 1182 5658 τῇ
1215 5587 1456 5657 πτωχείᾳ
1492 5582 1946 5654 κατηχθισμένον,
1977 5581 2072 5633 καὶ
2099 5578 2192 5632 τὸν

609 5687 888 5744 ἁπευκτδν
929 5683 1027 5738 καὶ
1059 5679 1370 5753 τρισάθλιον
1429 5676 1728 5748 ἀμείὸοντα
1772 5673 1906 5744 βίον.
1945 5673 2194 5725 Ποοσεπ-

687 5846 736 5876 δ’
769 5842 956 5896 Matth.
985 5855 1119 5905 χιιι,
1157 5836 1344 5893 lli-2!.
1422 5834 1465 5868 δ’
1508 5832 1699 5888 Matth.
1727 5846 1821 5896 vlt,
1858 5829 1951 5885 Ξῖ.

2029 5829 2074 5862 ’θ
2107 5825 2240 5882 Ibid.
2269 5843 2404 5892 xxii,
2439 5826 2526 5880 9.5.

2293 5041 2514 5099 tumque
2590 5024 2810 5082 claritas
2880 5031 2936 5077 et
3007 5017 3303 5089 amplitudo
3372 5013 3690 5070 criminibus
3760 5025 3870 5064 non

2292 5120 2570 5184 absolvet,
2624 5118 2671 5171 si
2701 5129 2824 5170 reus
2853 5123 3106 5185 peractus
3141 5111 3213 5165 sit
3257 5107 3527 5163 fcedorum
3556 5104 3824 5160 scelerum
3854 5120 3865 5154 :

2291 5213 2372 5268 sic
2403 5212 2628 5282 abiectae
2663 5209 2894 5263 fortunae
2927 5214 2981 5262 et
3035 5202 3255 5260 humilis
3301 5199 3574 5256 hominem
3631 5194 3875 5267 parvitas

2293 5304 2410 5360 haec
2440 5318 2470 5357 a
2501 5301 2643 5356 malo
2669 5314 2780 5354 non
2825 5297 3143 5362 vindicabit,
3181 5309 3282 5351 nec
3315 5309 3344 5348 a
3375 5289 3642 5362 supplicio
3691 5286 3877 5358 prohi-

2295 5394 2445 5450 bebit
2492 5391 2812 5447 defendetve
2842 5405 2964 5446 eum
2991 5389 3083 5460 qui
3119 5385 3471 5442 mendicitate
3503 5387 3764 5453 gravatur
3816 5384 3868 5430 ct

2297 5484 2642 5556 opprimitur,
2677 5491 2733 5537 et
2760 5481 3148 5552 quisordidam
3205 5493 3268 5533 ac
3301 5488 3381 5531 ter
3413 5475 3669 5529 miseram
3705 5467 3874 5522 vitam

2301 5576 2639 5632 transmittit.
2675 5575 2931 5646 Adjungit
2960 5581 3222 5644 prmterea
3273 5569 3357 5624 his
3388 5575 3445 5622 et
3478 5564 3584 5619 alia
3625 5559 3871 5630 quaedam

2301 5669 2496 5724 divina:
2542 5667 2876 5725 excellentiae
2907 5680 3142 5738 genera,
3184 5677 3306 5733 quae
3345 5659 3475 5715 dicit
3531 5655 3584 5709 in
3627 5647 3870 5708 omnium

2607 5824 2647 5855 "
2679 5821 2848 5878 Exod.
2881 5833 3037 5883 χχιιι,
3065 5818 3120 5872 5.
