  <div class='ocr_page' id='page_1' title='image "/cluster/home/n/w/nwhite01/storage/ocr_20150623/70/hvd.32044019207901/167.png"; bbox 0 0 4134 6504; ppageno 0'>
   <div class='ocr_carea' id='block_1_1' title="bbox 608 437 714 494">
    <p class='ocr_par' dir='ltr' id='par_1_1' title="bbox 608 437 714 494">
     <span class='ocr_line' id='line_1_1' title="bbox 608 437 714 494; baseline -0.009 0"><span class='ocrx_word' id='word_1_1' title='bbox 608 437 714 494; x_wconf 73' lang='grc'><strong>319</strong></span> 
     </span>
    </p>
   </div>
   <div class='ocr_carea' id='block_1_2' title="bbox 1602 435 2838 496">
    <p class='ocr_par' dir='ltr' id='par_1_2' title="bbox 1602 435 2838 496">
     <span class='ocr_line' id='line_1_2' title="bbox 1602 435 2838 496; baseline -0.006 0"><span class='ocrx_word' id='word_1_2' title='bbox 1602 443 1659 496; x_wconf 91' lang='lat' dir='ltr'><strong>S.</strong></span> <span class='ocrx_word' id='word_1_3' title='bbox 1703 440 1971 495; x_wconf 76' lang='lat' dir='ltr'><strong>CYRlLLl</strong></span> <span class='ocrx_word' id='word_1_4' title='bbox 2013 435 2478 492; x_wconf 75' lang='lat' dir='ltr'><strong>ALEXANDRINI</strong></span> <span class='ocrx_word' id='word_1_5' title='bbox 2522 435 2838 490; x_wconf 78' lang='lat' dir='ltr'><strong>ABCIIIEP.</strong></span> 
     </span>
    </p>
   </div>
   <div class='ocr_carea' id='block_1_3' title="bbox 3774 434 3870 488">
    <p class='ocr_par' dir='ltr' id='par_1_3' title="bbox 3774 434 3870 488">
     <span class='ocr_line' id='line_1_3' title="bbox 3774 434 3870 488; baseline 0 0"><span class='ocrx_word' id='word_1_6' title='bbox 3774 434 3870 488; x_wconf 64' lang='lat'><strong>3‘20</strong></span> 
     </span>
    </p>
   </div>
   <div class='ocr_carea' id='block_1_4' title="bbox 611 548 2172 622">
    <p class='ocr_par' dir='ltr' id='par_1_4' title="bbox 611 549 2172 622">
     <span class='ocr_line' id='line_1_4' title="bbox 611 549 2172 622; baseline 0.001 -18"><span class='ocrx_word' id='word_1_7' title='bbox 611 549 899 605; x_wconf 70' lang='lat' dir='ltr'><strong>S3rvatorc</strong></span> <span class='ocrx_word' id='word_1_8' title='bbox 933 550 1148 605; x_wconf 87' lang='lat' dir='ltr'><strong>Christo</strong></span> <span class='ocrx_word' id='word_1_9' title='bbox 1176 565 1315 617; x_wconf 78' lang='lat' dir='ltr'><strong>esse,</strong></span> <span class='ocrx_word' id='word_1_10' title='bbox 1354 550 1479 621; x_wconf 83' lang='lat' dir='ltr'><strong>quia</strong></span> <span class='ocrx_word' id='word_1_11' title='bbox 1516 568 1620 606; x_wconf 89' lang='lat' dir='ltr'><strong>non</strong></span> <span class='ocrx_word' id='word_1_12' title='bbox 1660 557 1835 608; x_wconf 84' lang='lat' dir='ltr'><strong>nudus</strong></span> <span class='ocrx_word' id='word_1_13' title='bbox 1867 566 1918 608; x_wconf 83' lang='lat' dir='ltr'><strong>et</strong></span> <span class='ocrx_word' id='word_1_14' title='bbox 1950 556 2172 622; x_wconf 75' lang='lat' dir='ltr'><strong>simplex</strong></span> 
     </span>
    </p>
   </div>
   <div class='ocr_carea' id='block_1_5' title="bbox 2273 548 3871 622">
    <p class='ocr_par' dir='ltr' id='par_1_5' title="bbox 2285 548 3871 620">
     <span class='ocr_line' id='line_1_5' title="bbox 2285 548 3871 620; baseline 0.001 -17"><span class='ocrx_word' id='word_1_15' title='bbox 2285 569 2407 620; x_wconf 81' lang='grc' dir='ltr'>αγει</span> <span class='ocrx_word' id='word_1_16' title='bbox 2446 552 2501 604; x_wconf 84' lang='grc' dir='ltr'><strong>δὲ</strong></span> <span class='ocrx_word' id='word_1_17' title='bbox 2560 552 2770 613; x_wconf 79' lang='grc' dir='ltr'><strong>τούτοις</strong></span> <span class='ocrx_word' id='word_1_18' title='bbox 2829 550 2925 602; x_wconf 80' lang='grc' dir='ltr'>καὶ</span> <span class='ocrx_word' id='word_1_19' title='bbox 2971 548 3137 620; x_wconf 76' lang='grc' dir='ltr'>ἕτερά</span> <span class='ocrx_word' id='word_1_20' title='bbox 3170 565 3291 601; x_wconf 88' lang='grc' dir='ltr'>τινα</span> <span class='ocrx_word' id='word_1_21' title='bbox 3341 550 3452 602; x_wconf 84' lang='grc' dir='ltr'><strong>τῶν</strong></span> <span class='ocrx_word' id='word_1_22' title='bbox 3505 550 3589 604; x_wconf 81' lang='grc' dir='ltr'><strong>ὅτι</strong></span> <span class='ocrx_word' id='word_1_23' title='bbox 3644 550 3871 620; x_wconf 72' lang='grc' dir='ltr'>μάλιστα</span> 
     </span>
    </p>
   </div>
   <div class='ocr_carea' id='block_1_6' title="bbox 611 641 2183 707">
    <p class='ocr_par' dir='ltr' id='par_1_6' title="bbox 611 641 2183 707">
     <span class='ocr_line' id='line_1_6' title="bbox 611 641 2183 707; baseline 0.004 -16"><span class='ocrx_word' id='word_1_24' title='bbox 611 642 773 692; x_wconf 84' lang='grc' dir='ltr'>Ιιοιιιο</span> <span class='ocrx_word' id='word_1_25' title='bbox 810 648 1008 692; x_wconf 78' lang='lat' dir='ltr'><strong>nostrae</strong></span> <span class='ocrx_word' id='word_1_26' title='bbox 1036 641 1362 695; x_wconf 90' lang='lat' dir='ltr'><strong>conditionis</strong></span> <span class='ocrx_word' id='word_1_27' title='bbox 1396 642 1577 700; x_wconf 84' lang='lat' dir='ltr'><strong>fuerit.</strong></span> <span class='ocrx_word' id='word_1_28' title='bbox 1627 645 1742 707; x_wconf 88' lang='lat' dir='ltr'><strong>sed,</strong></span> <span class='ocrx_word' id='word_1_29' title='bbox 1776 645 1849 695; x_wconf 93' lang='lat' dir='ltr'><strong>uti</strong></span> <span class='ocrx_word' id='word_1_30' title='bbox 1879 644 2012 707; x_wconf 89' lang='lat' dir='ltr'><strong>dixi,</strong></span> <span class='ocrx_word' id='word_1_31' title='bbox 2060 644 2183 698; x_wconf 80' lang='lat' dir='ltr'><strong>Ver-</strong></span> 
     </span>
    </p>
   </div>
   <div class='ocr_carea' id='block_1_7' title="bbox 610 729 2182 798">
    <p class='ocr_par' dir='ltr' id='par_1_7' title="bbox 610 729 2182 798">
     <span class='ocr_line' id='line_1_7' title="bbox 610 729 2182 798; baseline 0.006 -20"><span class='ocrx_word' id='word_1_32' title='bbox 610 731 733 780; x_wconf 88' lang='lat' dir='ltr'><strong>bum</strong></span> <span class='ocrx_word' id='word_1_33' title='bbox 768 729 1209 798; x_wconf 87' lang='lat' dir='ltr'><strong>Dciunigcnitum</strong></span> <span class='ocrx_word' id='word_1_34' title='bbox 1233 731 1349 784; x_wconf 88' lang='lat' dir='ltr'><strong>inca</strong></span> <span class='ocrx_word' id='word_1_35' title='bbox 1362 743 1595 796; x_wconf 78' lang='lat' dir='ltr'><strong>rnatum,</strong></span> <span class='ocrx_word' id='word_1_36' title='bbox 1621 744 1675 787; x_wconf 89' lang='lat' dir='ltr'><strong>et</strong></span> <span class='ocrx_word' id='word_1_37' title='bbox 1699 735 1950 787; x_wconf 73' lang='lat' dir='ltr'><strong>humanzc</strong></span> <span class='ocrx_word' id='word_1_38' title='bbox 1974 744 2182 788; x_wconf 73' lang='lat' dir='ltr'><strong>natura:</strong></span> 
     </span>
    </p>
   </div>
   <div class='ocr_carea' id='block_1_8' title="bbox 608 820 2179 892">
    <p class='ocr_par' dir='ltr' id='par_1_8' title="bbox 608 820 2179 892">
     <span class='ocr_line' id='line_1_8' title="bbox 608 820 2179 892; baseline 0.007 -23"><span class='ocrx_word' id='word_1_39' title='bbox 608 820 896 887; x_wconf 77' lang='lat' dir='ltr'><strong>particeps.</strong></span> <span class='ocrx_word' id='word_1_40' title='bbox 918 821 1055 885; x_wconf 81' lang='lat' dir='ltr'><strong>Quid</strong></span> <span class='ocrx_word' id='word_1_41' title='bbox 1088 838 1217 891; x_wconf 86' lang='lat' dir='ltr'><strong>ergo</strong></span> <span class='ocrx_word' id='word_1_42' title='bbox 1248 822 1483 877; x_wconf 84' lang='lat' dir='ltr'><strong>elIiciet?</strong></span> <span class='ocrx_word' id='word_1_43' title='bbox 1518 826 1712 892; x_wconf 85' lang='lat' dir='ltr'><strong>inquit.</strong></span> <span class='ocrx_word' id='word_1_44' title='bbox 1771 824 2042 880; x_wconf 77' lang='lat' dir='ltr'><strong>Percutiet</strong></span> <span class='ocrx_word' id='word_1_45' title='bbox 2072 837 2179 879; x_wconf 87' lang='lat' dir='ltr'><strong>ter-</strong></span> 
     </span>
    </p>
   </div>
   <div class='ocr_carea' id='block_1_9' title="bbox 606 912 2180 984">
    <p class='ocr_par' dir='ltr' id='par_1_9' title="bbox 606 912 2180 984">
     <span class='ocr_line' id='line_1_9' title="bbox 606 912 2180 984; baseline 0.008 -24"><span class='ocrx_word' id='word_1_46' title='bbox 606 924 720 961; x_wconf 88' lang='lat' dir='ltr'><strong>ram</strong></span> <span class='ocrx_word' id='word_1_47' title='bbox 752 914 917 963; x_wconf 88' lang='lat' dir='ltr'><strong>verbo</strong></span> <span class='ocrx_word' id='word_1_48' title='bbox 945 913 1057 964; x_wconf 88' lang='lat' dir='ltr'><strong>oris</strong></span> <span class='ocrx_word' id='word_1_49' title='bbox 1082 914 1184 967; x_wconf 87' lang='lat' dir='ltr'><strong>sui.</strong></span> <span class='ocrx_word' id='word_1_50' title='bbox 1214 912 1455 982; x_wconf 80' lang='lat' dir='ltr'><strong>thuam</strong></span> <span class='ocrx_word' id='word_1_51' title='bbox 1493 915 1649 984; x_wconf 79' lang='lat'><strong>197</strong></span> <span class='ocrx_word' id='word_1_52' title='bbox 1678 918 1922 969; x_wconf 84' lang='lat' dir='ltr'><strong>terram?</strong></span> <span class='ocrx_word' id='word_1_53' title='bbox 1950 917 2180 972; x_wconf 80' lang='lat' dir='ltr'><strong>Maxime</strong></span> 
     </span>
    </p>
   </div>
   <div class='ocr_carea' id='block_1_10' title="bbox 606 1005 2179 1072">
    <p class='ocr_par' dir='ltr' id='par_1_10' title="bbox 606 1005 2179 1072">
     <span class='ocr_line' id='line_1_10' title="bbox 606 1005 2179 1072; baseline 0.009 -24"><span class='ocrx_word' id='word_1_54' title='bbox 606 1012 769 1066; x_wconf 88' lang='lat' dir='ltr'><strong>quam</strong></span> <span class='ocrx_word' id='word_1_55' title='bbox 800 1014 1116 1056; x_wconf 78' lang='lat' dir='ltr'><strong>exsecratus</strong></span> <span class='ocrx_word' id='word_1_56' title='bbox 1146 1013 1247 1057; x_wconf 90' lang='lat' dir='ltr'><strong>est.</strong></span> <span class='ocrx_word' id='word_1_57' title='bbox 1283 1005 1377 1057; x_wconf 84' lang='lat' dir='ltr'><strong>Est</strong></span> <span class='ocrx_word' id='word_1_58' title='bbox 1426 1007 1639 1072; x_wconf 81' lang='lat' dir='ltr'><strong>quidem</strong></span> <span class='ocrx_word' id='word_1_59' title='bbox 1682 1007 1781 1061; x_wconf 92' lang='lat' dir='ltr'><strong>hoc</strong></span> <span class='ocrx_word' id='word_1_60' title='bbox 1818 1023 2031 1070; x_wconf 85' lang='lat' dir='ltr'><strong>verum,</strong></span> <span class='ocrx_word' id='word_1_61' title='bbox 2069 1010 2179 1062; x_wconf 88' lang='lat' dir='ltr'><strong>imo</strong></span> 
     </span>
    </p>
   </div>
   <div class='ocr_carea' id='block_1_11' title="bbox 606 1088 2177 1150">
    <p class='ocr_par' dir='ltr' id='par_1_11' title="bbox 606 1088 2177 1150">
     <span class='ocr_line' id='line_1_11' title="bbox 606 1088 2177 1150; baseline 0.006 -9"><span class='ocrx_word' id='word_1_62' title='bbox 606 1088 673 1141; x_wconf 89' lang='lat' dir='ltr'><strong>de</strong></span> <span class='ocrx_word' id='word_1_63' title='bbox 693 1090 839 1143; x_wconf 83' lang='lat' dir='ltr'><strong>omni</strong></span> <span class='ocrx_word' id='word_1_64' title='bbox 868 1100 1009 1144; x_wconf 84' lang='lat' dir='ltr'><strong>terra</strong></span> <span class='ocrx_word' id='word_1_65' title='bbox 1024 1092 1391 1145; x_wconf 74' lang='lat' dir='ltr'><strong>verissimum.</strong></span> <span class='ocrx_word' id='word_1_66' title='bbox 1432 1094 1708 1148; x_wconf 76' lang='lat' dir='ltr'><strong>Maledixit</strong></span> <span class='ocrx_word' id='word_1_67' title='bbox 1736 1096 1881 1149; x_wconf 90' lang='lat' dir='ltr'><strong>enim</strong></span> <span class='ocrx_word' id='word_1_68' title='bbox 1906 1096 2177 1150; x_wconf 70' lang='lat' dir='ltr'><strong>universa:</strong></span> 
     </span>
    </p>
   </div>
   <div class='ocr_carea' id='block_1_12' title="bbox 606 1183 2172 1257">
    <p class='ocr_par' dir='ltr' id='par_1_12' title="bbox 606 1183 2172 1257">
     <span class='ocr_line' id='line_1_12' title="bbox 606 1183 2172 1257; baseline 0.007 -26"><span class='ocrx_word' id='word_1_69' title='bbox 606 1188 786 1243; x_wconf 70' lang='lat' dir='ltr'><strong>terrm,</strong></span> <span class='ocrx_word' id='word_1_70' title='bbox 820 1196 913 1234; x_wconf 84' lang='lat' dir='ltr'><strong>seu</strong></span> <span class='ocrx_word' id='word_1_71' title='bbox 974 1183 1208 1237; x_wconf 76' lang='lat' dir='ltr'><strong>hominis</strong></span> <span class='ocrx_word' id='word_1_72' title='bbox 1254 1194 1461 1237; x_wconf 65' lang='lat' dir='ltr'><strong>natura!</strong></span> <span class='ocrx_word' id='word_1_73' title='bbox 1510 1185 1563 1239; x_wconf 93' lang='lat' dir='ltr'><strong>in</strong></span> <span class='ocrx_word' id='word_1_74' title='bbox 1614 1186 1854 1249; x_wconf 80' lang='lat' dir='ltr'><strong>Adamo,</strong></span> <span class='ocrx_word' id='word_1_75' title='bbox 1886 1187 2172 1257; x_wconf 85' lang='lat' dir='ltr'><strong>inquiens:</strong></span> 
     </span>
    </p>
   </div>
   <div class='ocr_carea' id='block_1_13' title="bbox 610 1270 2176 1339">
    <p class='ocr_par' dir='ltr' id='par_1_13' title="bbox 610 1270 2176 1339">
     <span class='ocr_line' id='line_1_13' title="bbox 610 1270 2176 1339; baseline 0.008 -17"><span class='ocrx_word' id='word_1_76' title='bbox 610 1290 631 1322; x_wconf 81' lang='grc' dir='ltr'><strong>ι</strong></span> <span class='ocrx_word' id='word_1_77' title='bbox 674 1270 837 1327; x_wconf 84' lang='lat' dir='ltr'><strong>Terra</strong></span> <span class='ocrx_word' id='word_1_78' title='bbox 864 1288 922 1328; x_wconf 88' lang='lat' dir='ltr'><strong>es</strong></span> <span class='ocrx_word' id='word_1_79' title='bbox 944 1314 959 1339; x_wconf 93' lang='lat'><strong>,</strong></span> <span class='ocrx_word' id='word_1_80' title='bbox 992 1284 1046 1328; x_wconf 89' lang='lat' dir='ltr'><strong>et</strong></span> <span class='ocrx_word' id='word_1_81' title='bbox 1075 1274 1128 1327; x_wconf 91' lang='lat' dir='ltr'><strong>in</strong></span> <span class='ocrx_word' id='word_1_82' title='bbox 1169 1283 1367 1328; x_wconf 85' lang='lat' dir='ltr'><strong>terram</strong></span> <span class='ocrx_word' id='word_1_83' title='bbox 1393 1276 1495 1329; x_wconf 88' lang='lat' dir='ltr'><strong>ibis</strong></span> <span class='ocrx_word' id='word_1_84' title='bbox 1518 1277 1585 1329; x_wconf 81' lang='grc'><strong>⁸⁸.</strong></span> <span class='ocrx_word' id='word_1_85' title='bbox 1611 1296 1630 1328; x_wconf 80' lang='grc' dir='ltr'>ι</span> <span class='ocrx_word' id='word_1_86' title='bbox 1668 1277 1946 1332; x_wconf 78' lang='lat' dir='ltr'><strong>Maledixit</strong></span> <span class='ocrx_word' id='word_1_87' title='bbox 1978 1279 2176 1334; x_wconf 84' lang='lat' dir='ltr'><strong>nihilo-</strong></span> 
     </span>
    </p>
   </div>
   <div class='ocr_carea' id='block_1_14' title="bbox 606 1366 2173 1439">
    <p class='ocr_par' dir='ltr' id='par_1_14' title="bbox 606 1366 2173 1439">
     <span class='ocr_line' id='line_1_14' title="bbox 606 1366 2173 1439; baseline 0.006 -21"><span class='ocrx_word' id='word_1_88' title='bbox 606 1366 782 1419; x_wconf 88' lang='lat' dir='ltr'><strong>minus</strong></span> <span class='ocrx_word' id='word_1_89' title='bbox 826 1367 989 1435; x_wconf 90' lang='lat' dir='ltr'><strong>impio</strong></span> <span class='ocrx_word' id='word_1_90' title='bbox 1026 1369 1226 1422; x_wconf 89' lang='lat' dir='ltr'><strong>mundo</strong></span> <span class='ocrx_word' id='word_1_91' title='bbox 1253 1410 1269 1435; x_wconf 92' lang='lat'><strong>,</strong></span> <span class='ocrx_word' id='word_1_92' title='bbox 1312 1383 1469 1437; x_wconf 90' lang='lat' dir='ltr'><strong>quem</strong></span> <span class='ocrx_word' id='word_1_93' title='bbox 1524 1385 1663 1439; x_wconf 87' lang='lat' dir='ltr'><strong>aqua</strong></span> <span class='ocrx_word' id='word_1_94' title='bbox 1717 1374 2009 1439; x_wconf 80' lang='lat' dir='ltr'><strong>oppressit.</strong></span> <span class='ocrx_word' id='word_1_95' title='bbox 2060 1373 2173 1426; x_wconf 81' lang='lat' dir='ltr'><strong>Ma-</strong></span> 
     </span>
    </p>
   </div>
   <div class='ocr_carea' id='block_1_15' title="bbox 602 1455 2174 1534">
    <p class='ocr_par' dir='ltr' id='par_1_15' title="bbox 602 1455 2174 1534">
     <span class='ocr_line' id='line_1_15' title="bbox 602 1455 2174 1534; baseline 0.007 -26"><span class='ocrx_word' id='word_1_96' title='bbox 602 1455 791 1510; x_wconf 87' lang='lat' dir='ltr'><strong>ledixit</strong></span> <span class='ocrx_word' id='word_1_97' title='bbox 834 1460 995 1512; x_wconf 84' lang='lat' dir='ltr'><strong>etiam</strong></span> <span class='ocrx_word' id='word_1_98' title='bbox 1039 1460 1222 1513; x_wconf 83' lang='lat' dir='ltr'><strong>adhaec</strong></span> <span class='ocrx_word' id='word_1_99' title='bbox 1273 1460 1482 1523; x_wconf 66' lang='lat' dir='ltr'><strong>ludam,</strong></span> <span class='ocrx_word' id='word_1_100' title='bbox 1546 1478 1669 1517; x_wconf 91' lang='lat' dir='ltr'><strong>cum</strong></span> <span class='ocrx_word' id='word_1_101' title='bbox 1717 1464 1908 1518; x_wconf 73' lang='lat' dir='ltr'><strong>incolae</strong></span> <span class='ocrx_word' id='word_1_102' title='bbox 1937 1464 2053 1534; x_wconf 90' lang='lat' dir='ltr'><strong>ejus</strong></span> <span class='ocrx_word' id='word_1_103' title='bbox 2092 1474 2174 1519; x_wconf 89' lang='lat' dir='ltr'><strong>te-</strong></span> 
     </span>
    </p>
   </div>
   <div class='ocr_carea' id='block_1_16' title="bbox 601 1546 2173 1611">
    <p class='ocr_par' dir='ltr' id='par_1_16' title="bbox 601 1546 2173 1611">
     <span class='ocr_line' id='line_1_16' title="bbox 601 1546 2173 1611; baseline 0.008 -12"><span class='ocrx_word' id='word_1_104' title='bbox 601 1546 839 1601; x_wconf 86' lang='lat' dir='ltr'><strong>mulente</strong></span> <span class='ocrx_word' id='word_1_105' title='bbox 866 1550 917 1601; x_wconf 89' lang='lat' dir='ltr'><strong>in</strong></span> <span class='ocrx_word' id='word_1_106' title='bbox 952 1548 1099 1602; x_wconf 90' lang='lat' dir='ltr'><strong>illum</strong></span> <span class='ocrx_word' id='word_1_107' title='bbox 1129 1551 1542 1607; x_wconf 89' lang='lat' dir='ltr'><strong>deblaterarent.</strong></span> <span class='ocrx_word' id='word_1_108' title='bbox 1583 1556 1725 1608; x_wconf 80' lang='lat' dir='ltr'><strong>Dixit</strong></span> <span class='ocrx_word' id='word_1_109' title='bbox 1745 1557 1891 1610; x_wconf 89' lang='lat' dir='ltr'><strong>enim</strong></span> <span class='ocrx_word' id='word_1_110' title='bbox 1919 1576 1933 1611; x_wconf 87' lang='lat'><strong>:</strong></span> <span class='ocrx_word' id='word_1_111' title='bbox 1965 1576 1983 1607; x_wconf 83' lang='grc'><strong>(</strong></span> <span class='ocrx_word' id='word_1_112' title='bbox 2011 1556 2173 1611; x_wconf 76' lang='lat' dir='ltr'><strong>Jeru-</strong></span> 
     </span>
    </p>
   </div>
   <div class='ocr_carea' id='block_1_17' title="bbox 600 1636 2173 1714">
    <p class='ocr_par' dir='ltr' id='par_1_17' title="bbox 600 1636 2173 1714">
     <span class='ocr_line' id='line_1_17' title="bbox 600 1636 2173 1714; baseline 0.01 -26"><span class='ocrx_word' id='word_1_113' title='bbox 600 1636 789 1699; x_wconf 83' lang='lat' dir='ltr'><strong>salem,</strong></span> <span class='ocrx_word' id='word_1_114' title='bbox 826 1637 1145 1703; x_wconf 83' lang='lat' dir='ltr'><strong>Jerusalem,</strong></span> <span class='ocrx_word' id='word_1_115' title='bbox 1176 1657 1293 1708; x_wconf 68' lang='lat' dir='ltr'><strong>qna:</strong></span> <span class='ocrx_word' id='word_1_116' title='bbox 1315 1644 1519 1698; x_wconf 80' lang='lat' dir='ltr'><strong>occidis</strong></span> <span class='ocrx_word' id='word_1_117' title='bbox 1558 1648 1879 1714; x_wconf 79' lang='lat' dir='ltr'><strong>prophetas,</strong></span> <span class='ocrx_word' id='word_1_118' title='bbox 1928 1660 1985 1702; x_wconf 86' lang='lat' dir='ltr'><strong>et</strong></span> <span class='ocrx_word' id='word_1_119' title='bbox 2027 1649 2093 1702; x_wconf 89' lang='lat' dir='ltr'><strong>ad</strong></span> <span class='ocrx_word' id='word_1_120' title='bbox 2124 1658 2173 1703; x_wconf 87' lang='lat' dir='ltr'><strong>te</strong></span> 
     </span>
    </p>
   </div>
   <div class='ocr_carea' id='block_1_18' title="bbox 598 1728 2169 1808">
    <p class='ocr_par' dir='ltr' id='par_1_18' title="bbox 598 1728 2169 1808">
     <span class='ocr_line' id='line_1_18' title="bbox 598 1728 2169 1808; baseline 0.009 -26"><span class='ocrx_word' id='word_1_121' title='bbox 598 1728 795 1784; x_wconf 89' lang='lat' dir='ltr'><strong>missos</strong></span> <span class='ocrx_word' id='word_1_122' title='bbox 834 1731 1060 1799; x_wconf 87' lang='lat' dir='ltr'><strong>lapidas,</strong></span> <span class='ocrx_word' id='word_1_123' title='bbox 1090 1735 1302 1800; x_wconf 89' lang='lat' dir='ltr'><strong>quoties</strong></span> <span class='ocrx_word' id='word_1_124' title='bbox 1331 1736 1474 1790; x_wconf 83' lang='lat' dir='ltr'><strong>volui</strong></span> <span class='ocrx_word' id='word_1_125' title='bbox 1506 1752 1838 1808; x_wconf 79' lang='lat' dir='ltr'><strong>congregare</strong></span> <span class='ocrx_word' id='word_1_126' title='bbox 1863 1738 2003 1794; x_wconf 77' lang='lat' dir='ltr'><strong>filios</strong></span> <span class='ocrx_word' id='word_1_127' title='bbox 2030 1749 2169 1807; x_wconf 89' lang='lat' dir='ltr'><strong>tuos,</strong></span> 
     </span>
    </p>
   </div>
   <div class='ocr_carea' id='block_1_19' title="bbox 2286 637 3870 711">
    <p class='ocr_par' dir='ltr' id='par_1_19' title="bbox 2286 637 3870 711">
     <span class='ocr_line' id='line_1_19' title="bbox 2286 637 3870 711; baseline 0.001 -19"><span class='ocrx_word' id='word_1_128' title='bbox 2286 641 2769 711; x_wconf 80' lang='grc' dir='ltr'>θεοπρεπεστάτων</span> <span class='ocrx_word' id='word_1_129' title='bbox 2814 637 3164 709; x_wconf 79' lang='grc' dir='ltr'><strong>ἀξιωμάτων,</strong></span> <span class='ocrx_word' id='word_1_130' title='bbox 3193 640 3229 692; x_wconf 76' lang='grc' dir='ltr'><strong>ἃ</strong></span> <span class='ocrx_word' id='word_1_131' title='bbox 3258 642 3352 692; x_wconf 75' lang='grc' dir='ltr'>καὶ</span> <span class='ocrx_word' id='word_1_132' title='bbox 3404 642 3690 709; x_wconf 79' lang='grc' dir='ltr'>προσεῖναί</span> <span class='ocrx_word' id='word_1_133' title='bbox 3742 658 3870 711; x_wconf 81' lang='grc' dir='ltr'>φησι</span> 
     </span>
    </p>
   </div>
   <div class='ocr_carea' id='block_1_20' title="bbox 2281 728 3871 804">
    <p class='ocr_par' dir='ltr' id='par_1_20' title="bbox 2281 728 3871 804">
     <span class='ocr_line' id='line_1_20' title="bbox 2281 728 3871 804; baseline 0 -20"><span class='ocrx_word' id='word_1_134' title='bbox 2281 730 2360 800; x_wconf 79' lang='grc' dir='ltr'>τῷ</span> <span class='ocrx_word' id='word_1_135' title='bbox 2400 734 2613 786; x_wconf 69' lang='grc' dir='ltr'><strong>πάντων</strong></span> <span class='ocrx_word' id='word_1_136' title='bbox 2645 732 2859 804; x_wconf 80' lang='grc' dir='ltr'><strong>Σωτῆρι</strong></span> <span class='ocrx_word' id='word_1_137' title='bbox 2885 728 3127 802; x_wconf 82' lang='grc' dir='ltr'>Χριστῷ.</span> <span class='ocrx_word' id='word_1_138' title='bbox 3150 732 3232 783; x_wconf 82' lang='grc' dir='ltr'><strong>ὄτι</strong></span> <span class='ocrx_word' id='word_1_139' title='bbox 3264 729 3340 799; x_wconf 86' lang='grc' dir='ltr'>μὴ</span> <span class='ocrx_word' id='word_1_140' title='bbox 3381 731 3538 799; x_wconf 83' lang='grc' dir='ltr'><strong>ψιλὸς</strong></span> <span class='ocrx_word' id='word_1_141' title='bbox 3586 732 3871 802; x_wconf 77' lang='grc' dir='ltr'>ἄνθρωπος</span> 
     </span>
    </p>
   </div>
   <div class='ocr_carea' id='block_1_21' title="bbox 2283 818 3873 893">
    <p class='ocr_par' dir='ltr' id='par_1_21' title="bbox 2283 818 3873 893">
     <span class='ocr_line' id='line_1_21' title="bbox 2283 818 3873 893; baseline 0.003 -20"><span class='ocrx_word' id='word_1_142' title='bbox 2283 822 2405 874; x_wconf 85' lang='grc' dir='ltr'>καθ’</span> <span class='ocrx_word' id='word_1_143' title='bbox 2448 826 2625 893; x_wconf 77' lang='grc' dir='ltr'>ἡμᾶς,</span> <span class='ocrx_word' id='word_1_144' title='bbox 2681 823 2797 875; x_wconf 75' lang='grc' dir='ltr'><strong>ἀλλ’</strong></span> <span class='ocrx_word' id='word_1_145' title='bbox 2853 818 2958 892; x_wconf 80' lang='grc' dir='ltr'><strong>ἦν,</strong></span> <span class='ocrx_word' id='word_1_146' title='bbox 3022 822 3099 885; x_wconf 85' lang='grc' dir='ltr'><strong>ὡς</strong></span> <span class='ocrx_word' id='word_1_147' title='bbox 3167 821 3325 890; x_wconf 79' lang='grc' dir='ltr'>ἔφην,</span> <span class='ocrx_word' id='word_1_148' title='bbox 3405 823 3716 891; x_wconf 49' lang='grc' dir='ltr'>σαρκωθεκ</span> <span class='ocrx_word' id='word_1_149' title='bbox 3783 825 3873 877; x_wconf 59' lang='grc' dir='ltr'>καὶ</span> 
     </span>
    </p>
   </div>
   <div class='ocr_carea' id='block_1_22' title="bbox 2281 913 3866 987">
    <p class='ocr_par' dir='ltr' id='par_1_22' title="bbox 2281 913 3866 987">
     <span class='ocr_line' id='line_1_22' title="bbox 2281 913 3866 987; baseline 0.002 -20"><span class='ocrx_word' id='word_1_150' title='bbox 2281 915 2707 987; x_wconf 79' lang='grc' dir='ltr'>ὲνανθρωπήσας</span> <span class='ocrx_word' id='word_1_151' title='bbox 2726 917 2756 968; x_wconf 82' lang='grc' dir='ltr'><strong>ὁ</strong></span> <span class='ocrx_word' id='word_1_152' title='bbox 2784 914 3079 985; x_wconf 84' lang='grc' dir='ltr'><strong>μονογενὴς</strong></span> <span class='ocrx_word' id='word_1_153' title='bbox 3107 914 3202 967; x_wconf 85' lang='grc' dir='ltr'>τοῦ</span> <span class='ocrx_word' id='word_1_154' title='bbox 3230 913 3368 967; x_wconf 75' lang='grc' dir='ltr'><strong>Θεοῦ</strong></span> <span class='ocrx_word' id='word_1_155' title='bbox 3386 914 3579 982; x_wconf 73' lang='grc' dir='ltr'><strong>Λόγος.</strong></span> <span class='ocrx_word' id='word_1_156' title='bbox 3610 914 3677 968; x_wconf 86' lang='grc' dir='ltr'><strong>Τί</strong></span> <span class='ocrx_word' id='word_1_157' title='bbox 3699 916 3866 971; x_wconf 74' lang='grc' dir='ltr'><strong>τοίνυι</strong></span> 
     </span>
    </p>
   </div>
   <div class='ocr_carea' id='block_1_23' title="bbox 2281 1004 3863 1079">
    <p class='ocr_par' dir='ltr' id='par_1_23' title="bbox 2281 1004 3863 1079">
     <span class='ocr_line' id='line_1_23' title="bbox 2281 1004 3863 1079; baseline 0.002 -20"><span class='ocrx_word' id='word_1_158' title='bbox 2281 1007 2606 1078; x_wconf 80' lang='grc' dir='ltr'><strong>ὲργάσεται;</strong></span> <span class='ocrx_word' id='word_1_159' title='bbox 2637 1025 2822 1079; x_wconf 85' lang='grc' dir='ltr'><strong>φησιν.</strong></span> <span class='ocrx_word' id='word_1_160' title='bbox 2856 1006 3093 1071; x_wconf 77' lang='grc' dir='ltr'>Πατάξει</span> <span class='ocrx_word' id='word_1_161' title='bbox 3120 1007 3224 1078; x_wconf 81' lang='grc' dir='ltr'><strong>γῆν</strong></span> <span class='ocrx_word' id='word_1_162' title='bbox 3251 1006 3330 1077; x_wconf 80' lang='grc' dir='ltr'>τῷ</span> <span class='ocrx_word' id='word_1_163' title='bbox 3358 1004 3503 1077; x_wconf 83' lang='grc' dir='ltr'><strong>λόγῳ</strong></span> <span class='ocrx_word' id='word_1_164' title='bbox 3529 1007 3626 1060; x_wconf 86' lang='grc' dir='ltr'><strong>τοῦ</strong></span> <span class='ocrx_word' id='word_1_165' title='bbox 3673 1008 3863 1079; x_wconf 74' lang='grc' dir='ltr'>στόμαο</span> 
     </span>
    </p>
   </div>
   <div class='ocr_carea' id='block_1_24' title="bbox 2284 1096 3873 1169">
    <p class='ocr_par' dir='ltr' id='par_1_24' title="bbox 2284 1096 3873 1169">
     <span class='ocr_line' id='line_1_24' title="bbox 2284 1096 3873 1169; baseline 0.003 -21"><span class='ocrx_word' id='word_1_166' title='bbox 2284 1113 2376 1159; x_wconf 91' lang='grc' dir='ltr'><strong>τος</strong></span> <span class='ocrx_word' id='word_1_167' title='bbox 2416 1097 2601 1151; x_wconf 81' lang='grc' dir='ltr'><strong>αὑτοῦ.</strong></span> <span class='ocrx_word' id='word_1_168' title='bbox 2635 1099 2745 1151; x_wconf 71' lang='grc' dir='ltr'>Καὶ</span> <span class='ocrx_word' id='word_1_169' title='bbox 2780 1098 2942 1150; x_wconf 81' lang='grc' dir='ltr'>ποίαν</span> <span class='ocrx_word' id='word_1_170' title='bbox 2970 1098 3080 1167; x_wconf 79' lang='grc' dir='ltr'>ἄρα</span> <span class='ocrx_word' id='word_1_171' title='bbox 3100 1096 3244 1166; x_wconf 83' lang='grc' dir='ltr'><strong>γῆν;</strong></span> <span class='ocrx_word' id='word_1_172' title='bbox 3274 1098 3526 1151; x_wconf 82' lang='grc' dir='ltr'><strong>Μάλιστα</strong></span> <span class='ocrx_word' id='word_1_173' title='bbox 3584 1098 3687 1167; x_wconf 80' lang='grc' dir='ltr'><strong>μὲν</strong></span> <span class='ocrx_word' id='word_1_174' title='bbox 3710 1099 3780 1169; x_wconf 74' lang='grc' dir='ltr'><strong>ἣν</strong></span> <span class='ocrx_word' id='word_1_175' title='bbox 3812 1100 3873 1153; x_wconf 73' lang='grc' dir='ltr'><strong>ἄν</strong></span> 
     </span>
    </p>
   </div>
   <div class='ocr_carea' id='block_1_25' title="bbox 2279 1187 3872 1259">
    <p class='ocr_par' dir='ltr' id='par_1_25' title="bbox 2279 1187 3872 1259">
     <span class='ocr_line' id='line_1_25' title="bbox 2279 1187 3872 1259; baseline 0 -20"><span class='ocrx_word' id='word_1_176' title='bbox 2279 1188 2674 1259; x_wconf 78' lang='grc' dir='ltr'><strong>καταράσαιτο.</strong></span> <span class='ocrx_word' id='word_1_177' title='bbox 2737 1188 2961 1259; x_wconf 78' lang='grc' dir='ltr'><strong>’Λληθὲς</strong></span> <span class='ocrx_word' id='word_1_178' title='bbox 2993 1188 3037 1241; x_wconf 84' lang='grc' dir='ltr'>δ’</span> <span class='ocrx_word' id='word_1_179' title='bbox 3065 1187 3134 1241; x_wconf 80' lang='grc' dir='ltr'><strong>ἀν</strong></span> <span class='ocrx_word' id='word_1_180' title='bbox 3164 1187 3252 1258; x_wconf 77' lang='grc' dir='ltr'><strong>εἴη</strong></span> <span class='ocrx_word' id='word_1_181' title='bbox 3299 1189 3393 1240; x_wconf 77' lang='grc' dir='ltr'><strong>καὶ</strong></span> <span class='ocrx_word' id='word_1_182' title='bbox 3438 1189 3535 1241; x_wconf 70' lang='grc' dir='ltr'><strong>ἐπὶ</strong></span> <span class='ocrx_word' id='word_1_183' title='bbox 3574 1189 3761 1259; x_wconf 83' lang='grc' dir='ltr'><strong>πάσης</strong></span> <span class='ocrx_word' id='word_1_184' title='bbox 3815 1192 3872 1242; x_wconf 65' lang='grc' dir='ltr'><strong>τι</strong></span> 
     </span>
    </p>
   </div>
   <div class='ocr_carea' id='block_1_26' title="bbox 2277 1278 3871 1352">
    <p class='ocr_par' dir='ltr' id='par_1_26' title="bbox 2277 1278 3871 1352">
     <span class='ocr_line' id='line_1_26' title="bbox 2277 1278 3871 1352; baseline 0.001 -21"><span class='ocrx_word' id='word_1_185' title='bbox 2277 1280 2585 1350; x_wconf 83' lang='grc' dir='ltr'><strong>είρημένον.</strong></span> <span class='ocrx_word' id='word_1_186' title='bbox 2647 1283 3014 1352; x_wconf 79' lang='grc' dir='ltr'>Κατηράσατο</span> <span class='ocrx_word' id='word_1_187' title='bbox 3059 1280 3168 1350; x_wconf 82' lang='grc' dir='ltr'><strong>γὰρ</strong></span> <span class='ocrx_word' id='word_1_188' title='bbox 3221 1278 3520 1350; x_wconf 79' lang='grc' dir='ltr'>σύμπασαν</span> <span class='ocrx_word' id='word_1_189' title='bbox 3582 1281 3711 1350; x_wconf 83' lang='grc' dir='ltr'><strong>γῆν,</strong></span> <span class='ocrx_word' id='word_1_190' title='bbox 3758 1282 3871 1350; x_wconf 70' lang='grc' dir='ltr'>ἤτοι</span> 
     </span>
    </p>
   </div>
   <div class='ocr_carea' id='block_1_27' title="bbox 2276 1366 3875 1442">
    <p class='ocr_par' dir='ltr' id='par_1_27' title="bbox 2276 1366 3875 1442">
     <span class='ocr_line' id='line_1_27' title="bbox 2276 1366 3875 1442; baseline -0.001 -19"><span class='ocrx_word' id='word_1_191' title='bbox 2276 1370 2374 1440; x_wconf 83' lang='grc' dir='ltr'><strong>τὴν</strong></span> <span class='ocrx_word' id='word_1_192' title='bbox 2401 1371 2690 1442; x_wconf 73' lang='grc' dir='ltr'>ἀνθρώπου</span> <span class='ocrx_word' id='word_1_193' title='bbox 2720 1370 2903 1439; x_wconf 85' lang='grc' dir='ltr'>φύσιν,</span> <span class='ocrx_word' id='word_1_194' title='bbox 2933 1370 3106 1424; x_wconf 75' lang='grc' dir='ltr'>εἰπὼν</span> <span class='ocrx_word' id='word_1_195' title='bbox 3131 1371 3190 1423; x_wconf 71' lang='grc' dir='ltr'><strong>ὲν</strong></span> <span class='ocrx_word' id='word_1_196' title='bbox 3239 1369 3409 1439; x_wconf 80' lang='grc' dir='ltr'>Ἀδάμ</span> <span class='ocrx_word' id='word_1_197' title='bbox 3429 1387 3443 1401; x_wconf 76' lang='grc' dir='ltr'><strong>ο</strong></span> <span class='ocrx_word' id='word_1_198' title='bbox 3506 1388 3525 1420; x_wconf 86' lang='grc' dir='ltr'><strong>ι</strong></span> <span class='ocrx_word' id='word_1_199' title='bbox 3571 1371 3645 1439; x_wconf 85' lang='grc' dir='ltr'><strong>Γῆ</strong></span> <span class='ocrx_word' id='word_1_200' title='bbox 3676 1366 3747 1433; x_wconf 75' lang='grc' dir='ltr'>εἶ,</span> <span class='ocrx_word' id='word_1_201' title='bbox 3781 1370 3875 1422; x_wconf 82' lang='grc' dir='ltr'>καὶ</span> 
     </span>
    </p>
   </div>
   <div class='ocr_carea' id='block_1_28' title="bbox 2277 1456 3875 1533">
    <p class='ocr_par' dir='ltr' id='par_1_28' title="bbox 2277 1456 3875 1533">
     <span class='ocr_line' id='line_1_28' title="bbox 2277 1456 3875 1533; baseline -0.002 -18"><span class='ocrx_word' id='word_1_202' title='bbox 2277 1465 2357 1527; x_wconf 86' lang='grc' dir='ltr'><strong>είς</strong></span> <span class='ocrx_word' id='word_1_203' title='bbox 2386 1464 2489 1533; x_wconf 81' lang='grc' dir='ltr'><strong>γῆν</strong></span> <span class='ocrx_word' id='word_1_204' title='bbox 2527 1464 2826 1533; x_wconf 75' lang='grc' dir='ltr'>ἀπελεύσῃ.</span> <span class='ocrx_word' id='word_1_205' title='bbox 2870 1482 2888 1515; x_wconf 79' lang='grc' dir='ltr'><strong>ι</strong></span> <span class='ocrx_word' id='word_1_206' title='bbox 2937 1462 3308 1533; x_wconf 83' lang='grc' dir='ltr'>Κατηράσατο</span> <span class='ocrx_word' id='word_1_207' title='bbox 3365 1462 3475 1531; x_wconf 80' lang='grc' dir='ltr'>γὰρ</span> <span class='ocrx_word' id='word_1_208' title='bbox 3516 1461 3671 1515; x_wconf 78' lang='grc' dir='ltr'>οὐδὲν</span> <span class='ocrx_word' id='word_1_209' title='bbox 3709 1456 3875 1532; x_wconf 79' lang='grc' dir='ltr'><strong>ἦττον</strong></span> 
     </span>
    </p>
   </div>
   <div class='ocr_carea' id='block_1_29' title="bbox 2274 1553 3875 1626">
    <p class='ocr_par' dir='ltr' id='par_1_29' title="bbox 2274 1553 3875 1626">
     <span class='ocr_line' id='line_1_29' title="bbox 2274 1553 3875 1626; baseline -0.002 -18"><span class='ocrx_word' id='word_1_210' title='bbox 2274 1564 2481 1626; x_wconf 82' lang='grc' dir='ltr'>κοσμον</span> <span class='ocrx_word' id='word_1_211' title='bbox 2523 1556 2739 1609; x_wconf 79' lang='grc' dir='ltr'><strong>ἀσεϐῶν</strong></span> <span class='ocrx_word' id='word_1_212' title='bbox 2766 1555 2921 1609; x_wconf 75' lang='grc' dir='ltr'>ὕδατι</span> <span class='ocrx_word' id='word_1_213' title='bbox 2980 1553 3342 1619; x_wconf 79' lang='grc' dir='ltr'>καταπνίξας.</span> <span class='ocrx_word' id='word_1_214' title='bbox 3400 1554 3775 1624; x_wconf 74' lang='grc' dir='ltr'>Κατηράσατο</span> <span class='ocrx_word' id='word_1_215' title='bbox 3818 1553 3875 1606; x_wconf 80' lang='grc' dir='ltr'>δὲ</span> 
     </span>
    </p>
   </div>
   <div class='ocr_carea' id='block_1_30' title="bbox 2276 1644 3874 1718">
    <p class='ocr_par' dir='ltr' id='par_1_30' title="bbox 2276 1644 3874 1718">
     <span class='ocr_line' id='line_1_30' title="bbox 2276 1644 3874 1718; baseline -0.003 -19"><span class='ocrx_word' id='word_1_216' title='bbox 2276 1648 2414 1718; x_wconf 76' lang='grc' dir='ltr'>πρὸς</span> <span class='ocrx_word' id='word_1_217' title='bbox 2462 1646 2676 1709; x_wconf 83' lang='grc' dir='ltr'><strong>τούτοις</strong></span> <span class='ocrx_word' id='word_1_218' title='bbox 2716 1645 2820 1716; x_wconf 86' lang='grc' dir='ltr'><strong>τὴν</strong></span> <span class='ocrx_word' id='word_1_219' title='bbox 2883 1645 3168 1710; x_wconf 85' lang='grc' dir='ltr'><strong>Ἰουδαίαν,</strong></span> <span class='ocrx_word' id='word_1_220' title='bbox 3200 1644 3725 1714; x_wconf 78' lang='grc' dir='ltr'>ὲμπαροινησάντων</span> <span class='ocrx_word' id='word_1_221' title='bbox 3777 1644 3874 1695; x_wconf 80' lang='grc' dir='ltr'><strong>αὺ-</strong></span> 
     </span>
    </p>
   </div>
   <div class='ocr_carea' id='block_1_31' title="bbox 2272 1734 3875 1811">
    <p class='ocr_par' dir='ltr' id='par_1_31' title="bbox 2272 1734 3875 1811">
     <span class='ocr_line' id='line_1_31' title="bbox 2272 1734 3875 1811; baseline -0.003 -18"><span class='ocrx_word' id='word_1_222' title='bbox 2272 1740 2353 1811; x_wconf 83' lang='grc' dir='ltr'>τῷ</span> <span class='ocrx_word' id='word_1_223' title='bbox 2374 1739 2482 1792; x_wconf 86' lang='grc' dir='ltr'>τῶν</span> <span class='ocrx_word' id='word_1_224' title='bbox 2523 1738 2813 1791; x_wconf 72' lang='grc' dir='ltr'><strong>οἰκούντων</strong></span> <span class='ocrx_word' id='word_1_225' title='bbox 2851 1739 3041 1807; x_wconf 83' lang='grc' dir='ltr'>αὑτήν.</span> <span class='ocrx_word' id='word_1_226' title='bbox 3110 1737 3256 1805; x_wconf 80' lang='grc' dir='ltr'><strong>Ἔφη</strong></span> <span class='ocrx_word' id='word_1_227' title='bbox 3300 1736 3412 1808; x_wconf 89' lang='grc' dir='ltr'><strong>γάρ</strong></span> <span class='ocrx_word' id='word_1_228' title='bbox 3444 1752 3457 1765; x_wconf 73' lang='grc'><strong><em>⁸</em></strong></span> <span class='ocrx_word' id='word_1_229' title='bbox 3511 1753 3532 1785; x_wconf 80' lang='grc' dir='ltr'><strong>ι</strong></span> <span class='ocrx_word' id='word_1_230' title='bbox 3603 1734 3875 1806; x_wconf 80' lang='grc' dir='ltr'>Ἰερουσα·</span> 
     </span>
    </p>
   </div>
   <div class='ocr_carea' id='block_1_32' title="bbox 596 1821 2172 1904">
    <p class='ocr_par' dir='ltr' id='par_1_32' title="bbox 596 1821 2172 1895">
     <span class='ocr_line' id='line_1_32' title="bbox 596 1821 2172 1895; baseline 0.007 -22"><span class='ocrx_word' id='word_1_231' title='bbox 596 1821 1048 1884; x_wconf 82' lang='lat' dir='ltr'><strong>quemadmodum</strong></span> <span class='ocrx_word' id='word_1_232' title='bbox 1097 1822 1294 1891; x_wconf 75' lang='lat' dir='ltr'><strong>gallina</strong></span> <span class='ocrx_word' id='word_1_233' title='bbox 1336 1834 1635 1895; x_wconf 80' lang='lat' dir='ltr'><strong>congregat</strong></span> <span class='ocrx_word' id='word_1_234' title='bbox 1688 1826 1860 1894; x_wconf 87' lang='lat' dir='ltr'><strong>pullos</strong></span> <span class='ocrx_word' id='word_1_235' title='bbox 1899 1843 2026 1882; x_wconf 87' lang='lat' dir='ltr'><strong>suos</strong></span> <span class='ocrx_word' id='word_1_236' title='bbox 2072 1831 2172 1884; x_wconf 87' lang='lat' dir='ltr'><strong>sub</strong></span> 
     </span>
    </p>
   </div>
   <div class='ocr_carea' id='block_1_33' title="bbox 2273 1821 3875 1904">
    <p class='ocr_par' dir='ltr' id='par_1_33' title="bbox 2275 1826 3875 1904">
     <span class='ocr_line' id='line_1_33' title="bbox 2275 1826 3875 1904; baseline -0.002 -20"><span class='ocrx_word' id='word_1_237' title='bbox 2275 1833 2407 1904; x_wconf 85' lang='grc' dir='ltr'>λὴμ,</span> <span class='ocrx_word' id='word_1_238' title='bbox 2436 1832 2467 1902; x_wconf 78' lang='grc' dir='ltr'>ἡ</span> <span class='ocrx_word' id='word_1_239' title='bbox 2494 1830 2898 1884; x_wconf 82' lang='grc' dir='ltr'><strong>ἀποκτείνουσα</strong></span> <span class='ocrx_word' id='word_1_240' title='bbox 2925 1831 3053 1893; x_wconf 83' lang='grc' dir='ltr'><strong>τοὺς</strong></span> <span class='ocrx_word' id='word_1_241' title='bbox 3077 1831 3386 1901; x_wconf 80' lang='grc' dir='ltr'><strong>προφήτας,</strong></span> <span class='ocrx_word' id='word_1_242' title='bbox 3408 1827 3504 1881; x_wconf 80' lang='grc' dir='ltr'>καὶ</span> <span class='ocrx_word' id='word_1_243' title='bbox 3519 1826 3875 1881; x_wconf 79' lang='grc' dir='ltr'><strong>λιθοϐολοῦσα</strong></span> 
     </span>
    </p>
   </div>
   <div class='ocr_carea' id='block_1_34' title="bbox 594 1903 2172 1994">
    <p class='ocr_par' dir='ltr' id='par_1_34' title="bbox 594 1913 2172 1985">
     <span class='ocr_line' id='line_1_34' title="bbox 594 1913 2172 1985; baseline 0.004 -19"><span class='ocrx_word' id='word_1_244' title='bbox 594 1913 736 1977; x_wconf 86' lang='lat' dir='ltr'><strong>alas,</strong></span> <span class='ocrx_word' id='word_1_245' title='bbox 791 1923 846 1967; x_wconf 91' lang='lat' dir='ltr'><strong>et</strong></span> <span class='ocrx_word' id='word_1_246' title='bbox 894 1914 1195 1969; x_wconf 77' lang='lat' dir='ltr'><strong>noluistis?</strong></span> <span class='ocrx_word' id='word_1_247' title='bbox 1230 1915 1374 1969; x_wconf 86' lang='lat' dir='ltr'><strong>Ecce</strong></span> <span class='ocrx_word' id='word_1_248' title='bbox 1431 1916 1757 1985; x_wconf 84' lang='lat' dir='ltr'><strong>relinquitur</strong></span> <span class='ocrx_word' id='word_1_249' title='bbox 1798 1917 1952 1971; x_wconf 83' lang='lat' dir='ltr'><strong>vobis</strong></span> <span class='ocrx_word' id='word_1_250' title='bbox 1978 1919 2172 1973; x_wconf 89' lang='lat' dir='ltr'><strong>domus</strong></span> 
     </span>
    </p>
   </div>
   <div class='ocr_carea' id='block_1_35' title="bbox 2273 1903 3872 1994">
    <p class='ocr_par' dir='ltr' id='par_1_35' title="bbox 2273 1903 3872 1994">
     <span class='ocr_line' id='line_1_35' title="bbox 2273 1903 3872 1994; baseline -0.005 -15"><span class='ocrx_word' id='word_1_251' title='bbox 2273 1903 2403 1988; x_wconf 81' lang='grc' dir='ltr'><strong>τοὺς</strong></span> <span class='ocrx_word' id='word_1_252' title='bbox 2432 1923 2882 1994; x_wconf 78' lang='grc' dir='ltr'><strong>ἀπεσταλμένους</strong></span> <span class='ocrx_word' id='word_1_253' title='bbox 2919 1922 3053 1991; x_wconf 79' lang='grc' dir='ltr'>πρὸς</span> <span class='ocrx_word' id='word_1_254' title='bbox 3082 1923 3256 1990; x_wconf 79' lang='grc' dir='ltr'>αὑτήν</span> <span class='ocrx_word' id='word_1_255' title='bbox 3283 1934 3297 1949; x_wconf 72' lang='grc' dir='ltr'><strong>ο</strong></span> <span class='ocrx_word' id='word_1_256' title='bbox 3339 1919 3577 1982; x_wconf 82' lang='grc' dir='ltr'><strong>ποσάκις</strong></span> <span class='ocrx_word' id='word_1_257' title='bbox 3626 1917 3872 1988; x_wconf 79' lang='grc' dir='ltr'><strong>ἠθέλησα</strong></span> 
     </span>
    </p>
   </div>
   <div class='ocr_carea' id='block_1_36' title="bbox 592 2004 2171 2077">
    <p class='ocr_par' dir='ltr' id='par_1_36' title="bbox 592 2004 2171 2077">
     <span class='ocr_line' id='line_1_36' title="bbox 592 2004 2171 2077; baseline 0.006 -22"><span class='ocrx_word' id='word_1_258' title='bbox 592 2014 772 2058; x_wconf 85' lang='lat' dir='ltr'><strong>vestra</strong></span> <span class='ocrx_word' id='word_1_259' title='bbox 802 2004 924 2046; x_wconf 63' lang='lat' dir='ltr'><strong>I“LM</strong></span> <span class='ocrx_word' id='word_1_260' title='bbox 971 2023 989 2058; x_wconf 80' lang='grc' dir='ltr'><strong>ι</strong></span> <span class='ocrx_word' id='word_1_261' title='bbox 1015 2004 1068 2059; x_wconf 91' lang='lat' dir='ltr'><strong>In</strong></span> <span class='ocrx_word' id='word_1_262' title='bbox 1090 2007 1181 2061; x_wconf 93' lang='lat' dir='ltr'><strong>illo</strong></span> <span class='ocrx_word' id='word_1_263' title='bbox 1204 2008 1372 2074; x_wconf 80' lang='lat' dir='ltr'><strong>enim,</strong></span> <span class='ocrx_word' id='word_1_264' title='bbox 1410 2008 1734 2077; x_wconf 85' lang='lat' dir='ltr'><strong>relinquitur</strong></span> <span class='ocrx_word' id='word_1_265' title='bbox 1756 2009 1946 2065; x_wconf 90' lang='lat' dir='ltr'><strong>domus</strong></span> <span class='ocrx_word' id='word_1_266' title='bbox 1970 2020 2171 2075; x_wconf 82' lang='lat' dir='ltr'><strong>vestra,</strong></span> 
     </span>
    </p>
   </div>
   <div class='ocr_carea' id='block_1_37' title="bbox 594 2096 2171 2170">
    <p class='ocr_par' dir='ltr' id='par_1_37' title="bbox 594 2096 2171 2170">
     <span class='ocr_line' id='line_1_37' title="bbox 594 2096 2171 2170; baseline 0.003 -20"><span class='ocrx_word' id='word_1_267' title='bbox 594 2096 959 2153; x_wconf 89' lang='lat' dir='ltr'><strong>derelictionis</strong></span> <span class='ocrx_word' id='word_1_268' title='bbox 1007 2099 1058 2152; x_wconf 92' lang='lat' dir='ltr'><strong>in</strong></span> <span class='ocrx_word' id='word_1_269' title='bbox 1102 2114 1164 2154; x_wconf 89' lang='lat' dir='ltr'><strong>ea</strong></span> <span class='ocrx_word' id='word_1_270' title='bbox 1204 2098 1359 2154; x_wconf 59' lang='lat' dir='ltr'><strong>facta!</strong></span> <span class='ocrx_word' id='word_1_271' title='bbox 1389 2101 1670 2155; x_wconf 90' lang='lat' dir='ltr'><strong>calamitas</strong></span> <span class='ocrx_word' id='word_1_272' title='bbox 1711 2102 2033 2170; x_wconf 79' lang='lat' dir='ltr'><strong>explicatur.</strong></span> <span class='ocrx_word' id='word_1_273' title='bbox 2068 2101 2171 2155; x_wconf 89' lang='lat' dir='ltr'><strong>De-</strong></span> 
     </span>
    </p>
   </div>
   <div class='ocr_carea' id='block_1_38' title="bbox 594 2188 2170 2261">
    <p class='ocr_par' dir='ltr' id='par_1_38' title="bbox 594 2188 2170 2261">
     <span class='ocr_line' id='line_1_38' title="bbox 594 2188 2170 2261; baseline 0.003 -18"><span class='ocrx_word' id='word_1_274' title='bbox 594 2188 781 2243; x_wconf 90' lang='lat' dir='ltr'><strong>relicta</strong></span> <span class='ocrx_word' id='word_1_275' title='bbox 812 2204 943 2243; x_wconf 90' lang='lat' dir='ltr'><strong>vero</strong></span> <span class='ocrx_word' id='word_1_276' title='bbox 991 2192 1059 2244; x_wconf 87' lang='lat' dir='ltr'><strong>ab</strong></span> <span class='ocrx_word' id='word_1_277' title='bbox 1091 2206 1191 2255; x_wconf 89' lang='lat' dir='ltr'><strong>eo,</strong></span> <span class='ocrx_word' id='word_1_278' title='bbox 1227 2191 1366 2245; x_wconf 90' lang='lat' dir='ltr'><strong>bello</strong></span> <span class='ocrx_word' id='word_1_279' title='bbox 1391 2231 1407 2256; x_wconf 94' lang='lat'><strong>,</strong></span> <span class='ocrx_word' id='word_1_280' title='bbox 1472 2192 1593 2261; x_wconf 82' lang='lat' dir='ltr'><strong>igne</strong></span> <span class='ocrx_word' id='word_1_281' title='bbox 1639 2202 1694 2246; x_wconf 87' lang='lat' dir='ltr'><strong>et</strong></span> <span class='ocrx_word' id='word_1_282' title='bbox 1733 2194 2170 2248; x_wconf 83' lang='lat' dir='ltr'><strong>adversariorum</strong></span> 
     </span>
    </p>
   </div>
   <div class='ocr_carea' id='block_1_39' title="bbox 596 2282 2170 2355">
    <p class='ocr_par' dir='ltr' id='par_1_39' title="bbox 596 2282 2170 2355">
     <span class='ocr_line' id='line_1_39' title="bbox 596 2282 2170 2355; baseline 0.003 -22"><span class='ocrx_word' id='word_1_283' title='bbox 596 2282 845 2335; x_wconf 88' lang='lat' dir='ltr'><strong>manibus</strong></span> <span class='ocrx_word' id='word_1_284' title='bbox 866 2293 1182 2351; x_wconf 91' lang='lat' dir='ltr'><strong>consumpta</strong></span> <span class='ocrx_word' id='word_1_285' title='bbox 1206 2292 1311 2339; x_wconf 87' lang='lat' dir='ltr'><strong>est.</strong></span> <span class='ocrx_word' id='word_1_286' title='bbox 1336 2284 1432 2338; x_wconf 88' lang='lat' dir='ltr'><strong>Est</strong></span> <span class='ocrx_word' id='word_1_287' title='bbox 1456 2285 1583 2339; x_wconf 90' lang='lat' dir='ltr'><strong>item</strong></span> <span class='ocrx_word' id='word_1_288' title='bbox 1615 2284 1743 2338; x_wconf 91' lang='lat' dir='ltr'><strong>illud</strong></span> <span class='ocrx_word' id='word_1_289' title='bbox 1768 2284 1913 2337; x_wconf 84' lang='lat' dir='ltr'><strong>aliud</strong></span> <span class='ocrx_word' id='word_1_290' title='bbox 1960 2286 2170 2355; x_wconf 88' lang='lat' dir='ltr'><strong>signum</strong></span> 
     </span>
    </p>
   </div>
   <div class='ocr_carea' id='block_1_40' title="bbox 593 2371 2173 2445">
    <p class='ocr_par' dir='ltr' id='par_1_40' title="bbox 593 2371 2173 2445">
     <span class='ocr_line' id='line_1_40' title="bbox 593 2371 2173 2445; baseline 0.003 -20"><span class='ocrx_word' id='word_1_291' title='bbox 593 2381 650 2425; x_wconf 87' lang='lat' dir='ltr'><strong>et</strong></span> <span class='ocrx_word' id='word_1_292' title='bbox 701 2371 1152 2442; x_wconf 77' lang='lat' dir='ltr'><strong>complementum</strong></span> <span class='ocrx_word' id='word_1_293' title='bbox 1202 2390 1425 2430; x_wconf 74' lang='lat' dir='ltr'><strong>summa:</strong></span> <span class='ocrx_word' id='word_1_294' title='bbox 1472 2377 1757 2445; x_wconf 84' lang='lat' dir='ltr'><strong>potestatis</strong></span> <span class='ocrx_word' id='word_1_295' title='bbox 1793 2393 1808 2429; x_wconf 88' lang='lat'><strong>:</strong></span> <span class='ocrx_word' id='word_1_296' title='bbox 1841 2376 2046 2445; x_wconf 84' lang='lat' dir='ltr'><strong>Spiritu</strong></span> <span class='ocrx_word' id='word_1_297' title='bbox 2096 2377 2173 2430; x_wconf 86' lang='lat' dir='ltr'><strong>la-</strong></span> 
     </span>
    </p>
   </div>
   <div class='ocr_carea' id='block_1_41' title="bbox 592 2463 2171 2535">
    <p class='ocr_par' dir='ltr' id='par_1_41' title="bbox 592 2463 2171 2535">
     <span class='ocr_line' id='line_1_41' title="bbox 592 2463 2171 2535; baseline 0.003 -17"><span class='ocrx_word' id='word_1_298' title='bbox 592 2464 806 2518; x_wconf 86' lang='lat' dir='ltr'><strong>biorum</strong></span> <span class='ocrx_word' id='word_1_299' title='bbox 838 2463 1050 2519; x_wconf 81' lang='lat' dir='ltr'><strong>auferet</strong></span> <span class='ocrx_word' id='word_1_300' title='bbox 1079 2466 1320 2534; x_wconf 88' lang='lat' dir='ltr'><strong>impium.</strong></span> <span class='ocrx_word' id='word_1_301' title='bbox 1352 2465 1660 2535; x_wconf 87' lang='lat' dir='ltr'><strong>lncrepavit</strong></span> <span class='ocrx_word' id='word_1_302' title='bbox 1686 2468 1830 2522; x_wconf 92' lang='lat' dir='ltr'><strong>enim</strong></span> <span class='ocrx_word' id='word_1_303' title='bbox 1860 2467 2171 2523; x_wconf 90' lang='lat' dir='ltr'><strong>immundos</strong></span> 
     </span>
    </p>
   </div>
   <div class='ocr_carea' id='block_1_42' title="bbox 594 2556 2167 2629">
    <p class='ocr_par' dir='ltr' id='par_1_42' title="bbox 594 2556 2167 2629">
     <span class='ocr_line' id='line_1_42' title="bbox 594 2556 2167 2629; baseline 0.004 -20"><span class='ocrx_word' id='word_1_304' title='bbox 594 2556 815 2625; x_wconf 81' lang='lat' dir='ltr'><strong>spiritus</strong></span> <span class='ocrx_word' id='word_1_305' title='bbox 840 2596 855 2621; x_wconf 93' lang='lat'><strong>,</strong></span> <span class='ocrx_word' id='word_1_306' title='bbox 907 2565 962 2611; x_wconf 85' lang='lat' dir='ltr'><strong>ct</strong></span> <span class='ocrx_word' id='word_1_307' title='bbox 1010 2568 1270 2626; x_wconf 87' lang='lat' dir='ltr'><strong>quantum</strong></span> <span class='ocrx_word' id='word_1_308' title='bbox 1306 2560 1595 2612; x_wconf 78' lang='lat' dir='ltr'><strong>humanam</strong></span> <span class='ocrx_word' id='word_1_309' title='bbox 1628 2569 1880 2613; x_wconf 89' lang='lat' dir='ltr'><strong>naturam</strong></span> <span class='ocrx_word' id='word_1_310' title='bbox 1914 2560 2131 2629; x_wconf 89' lang='lat' dir='ltr'><strong>attingit</strong></span> <span class='ocrx_word' id='word_1_311' title='bbox 2153 2600 2167 2625; x_wconf 86' lang='lat'><strong>,</strong></span> 
     </span>
    </p>
   </div>
   <div class='ocr_carea' id='block_1_43' title="bbox 592 2649 2171 2720">
    <p class='ocr_par' dir='ltr' id='par_1_43' title="bbox 592 2649 2171 2720">
     <span class='ocr_line' id='line_1_43' title="bbox 592 2649 2171 2720; baseline 0.004 -21"><span class='ocrx_word' id='word_1_312' title='bbox 592 2663 697 2701; x_wconf 80' lang='lat' dir='ltr'><strong>vox</strong></span> <span class='ocrx_word' id='word_1_313' title='bbox 747 2649 1027 2718; x_wconf 88' lang='lat' dir='ltr'><strong>personuit</strong></span> <span class='ocrx_word' id='word_1_314' title='bbox 1074 2664 1139 2702; x_wconf 88' lang='lat' dir='ltr'><strong>ex</strong></span> <span class='ocrx_word' id='word_1_315' title='bbox 1200 2666 1296 2704; x_wconf 90' lang='lat' dir='ltr'><strong>ore</strong></span> <span class='ocrx_word' id='word_1_316' title='bbox 1351 2660 1405 2704; x_wconf 87' lang='lat' dir='ltr'><strong>et</strong></span> <span class='ocrx_word' id='word_1_317' title='bbox 1458 2650 1656 2711; x_wconf 82' lang='lat' dir='ltr'><strong>labiis,</strong></span> <span class='ocrx_word' id='word_1_318' title='bbox 1730 2652 1890 2720; x_wconf 87' lang='lat' dir='ltr'><strong>vique</strong></span> <span class='ocrx_word' id='word_1_319' title='bbox 1944 2652 2171 2720; x_wconf 86' lang='lat' dir='ltr'><strong>spiritus</strong></span> 
     </span>
    </p>
   </div>
   <div class='ocr_carea' id='block_1_44' title="bbox 594 2742 2167 2812">
    <p class='ocr_par' dir='ltr' id='par_1_44' title="bbox 594 2742 2167 2812">
     <span class='ocr_line' id='line_1_44' title="bbox 594 2742 2167 2812; baseline 0 -15"><span class='ocrx_word' id='word_1_320' title='bbox 594 2742 956 2812; x_wconf 87' lang='lat' dir='ltr'><strong>inexplicabili</strong></span> <span class='ocrx_word' id='word_1_321' title='bbox 1007 2744 1395 2800; x_wconf 64' lang='lat' dir='ltr'><strong>daemoniorum</strong></span> <span class='ocrx_word' id='word_1_322' title='bbox 1459 2744 1748 2797; x_wconf 85' lang='lat' dir='ltr'><strong>multitudo</strong></span> <span class='ocrx_word' id='word_1_323' title='bbox 1820 2745 1991 2798; x_wconf 81' lang='lat' dir='ltr'><strong>fracta</strong></span> <span class='ocrx_word' id='word_1_324' title='bbox 2062 2753 2167 2799; x_wconf 86' lang='lat' dir='ltr'><strong>est.</strong></span> 
     </span>
    </p>
   </div>
   <div class='ocr_carea' id='block_1_45' title="bbox 592 2833 2173 2903">
    <p class='ocr_par' dir='ltr' id='par_1_45' title="bbox 592 2833 2173 2903">
     <span class='ocr_line' id='line_1_45' title="bbox 592 2833 2173 2903; baseline -0.001 -13"><span class='ocrx_word' id='word_1_325' title='bbox 592 2836 762 2890; x_wconf 80' lang='lat' dir='ltr'><strong>Erunt</strong></span> <span class='ocrx_word' id='word_1_326' title='bbox 801 2845 1000 2899; x_wconf 87' lang='lat' dir='ltr'><strong>autem,</strong></span> <span class='ocrx_word' id='word_1_327' title='bbox 1045 2836 1142 2899; x_wconf 86' lang='lat' dir='ltr'><strong>ait,</strong></span> <span class='ocrx_word' id='word_1_328' title='bbox 1180 2844 1233 2890; x_wconf 89' lang='lat' dir='ltr'><strong>et</strong></span> <span class='ocrx_word' id='word_1_329' title='bbox 1275 2833 1481 2903; x_wconf 90' lang='lat' dir='ltr'><strong>justitia</strong></span> <span class='ocrx_word' id='word_1_330' title='bbox 1511 2836 1673 2890; x_wconf 91' lang='lat' dir='ltr'><strong>cincti</strong></span> <span class='ocrx_word' id='word_1_331' title='bbox 1716 2835 1882 2889; x_wconf 89' lang='lat' dir='ltr'><strong>lumbi</strong></span> <span class='ocrx_word' id='word_1_332' title='bbox 1923 2835 2076 2903; x_wconf 86' lang='lat' dir='ltr'><strong>ejus,</strong></span> <span class='ocrx_word' id='word_1_333' title='bbox 2119 2845 2173 2890; x_wconf 93' lang='lat' dir='ltr'><strong>et</strong></span> 
     </span>
    </p>
   </div>
   <div class='ocr_carea' id='block_1_46' title="bbox 591 2926 2172 2985">
    <p class='ocr_par' dir='ltr' id='par_1_46' title="bbox 591 2926 2172 2985">
     <span class='ocr_line' id='line_1_46' title="bbox 591 2926 2172 2985; baseline 0.004 -10"><span class='ocrx_word' id='word_1_334' title='bbox 591 2926 822 2979; x_wconf 84' lang='lat' dir='ltr'><strong>veritate</strong></span> <span class='ocrx_word' id='word_1_335' title='bbox 863 2926 1103 2979; x_wconf 89' lang='lat' dir='ltr'><strong>involuta</strong></span> <span class='ocrx_word' id='word_1_336' title='bbox 1157 2926 1349 2980; x_wconf 80' lang='lat' dir='ltr'><strong>latera.</strong></span> <span class='ocrx_word' id='word_1_337' title='bbox 1397 2926 1631 2981; x_wconf 88' lang='lat' dir='ltr'><strong>Perinde</strong></span> <span class='ocrx_word' id='word_1_338' title='bbox 1669 2926 1815 2980; x_wconf 91' lang='lat' dir='ltr'><strong>enim</strong></span> <span class='ocrx_word' id='word_1_339' title='bbox 1874 2934 1958 2980; x_wconf 90' lang='lat' dir='ltr'><strong>est</strong></span> <span class='ocrx_word' id='word_1_340' title='bbox 1990 2966 2004 2985; x_wconf 92' lang='lat'><strong>.</strong></span> <span class='ocrx_word' id='word_1_341' title='bbox 2036 2941 2102 2982; x_wconf 83' lang='lat' dir='ltr'><strong>ac</strong></span> <span class='ocrx_word' id='word_1_342' title='bbox 2126 2927 2172 2981; x_wconf 90' lang='lat' dir='ltr'><strong>si</strong></span> 
     </span>
    </p>
   </div>
   <div class='ocr_carea' id='block_1_47' title="bbox 589 3016 2171 3085">
    <p class='ocr_par' dir='ltr' id='par_1_47' title="bbox 589 3016 2171 3085">
     <span class='ocr_line' id='line_1_47' title="bbox 589 3016 2171 3085; baseline 0.003 -19"><span class='ocrx_word' id='word_1_343' title='bbox 589 3017 715 3085; x_wconf 88' lang='lat' dir='ltr'><strong>quis</strong></span> <span class='ocrx_word' id='word_1_344' title='bbox 753 3017 935 3080; x_wconf 87' lang='lat' dir='ltr'><strong>dicat,</strong></span> <span class='ocrx_word' id='word_1_345' title='bbox 999 3016 1325 3072; x_wconf 86' lang='lat' dir='ltr'><strong>Potestatem</strong></span> <span class='ocrx_word' id='word_1_346' title='bbox 1378 3028 1433 3072; x_wconf 91' lang='lat' dir='ltr'><strong>et</strong></span> <span class='ocrx_word' id='word_1_347' title='bbox 1492 3017 1867 3071; x_wconf 87' lang='lat' dir='ltr'><strong>auctoritatem</strong></span> <span class='ocrx_word' id='word_1_348' title='bbox 1912 3018 1964 3072; x_wconf 92' lang='lat' dir='ltr'><strong>in</strong></span> <span class='ocrx_word' id='word_1_349' title='bbox 2009 3019 2171 3073; x_wconf 87' lang='lat' dir='ltr'><strong>rebus</strong></span> 
     </span>
    </p>
   </div>
   <div class='ocr_carea' id='block_1_48' title="bbox 590 3108 2171 3177">
    <p class='ocr_par' dir='ltr' id='par_1_48' title="bbox 590 3108 2171 3177">
     <span class='ocr_line' id='line_1_48' title="bbox 590 3108 2171 3177; baseline 0.002 -14"><span class='ocrx_word' id='word_1_350' title='bbox 590 3108 877 3163; x_wconf 87' lang='lat' dir='ltr'><strong>mundanis</strong></span> <span class='ocrx_word' id='word_1_351' title='bbox 908 3109 1067 3161; x_wconf 89' lang='lat' dir='ltr'><strong>habet</strong></span> <span class='ocrx_word' id='word_1_352' title='bbox 1098 3109 1322 3163; x_wconf 89' lang='lat' dir='ltr'><strong>omnino</strong></span> <span class='ocrx_word' id='word_1_353' title='bbox 1361 3109 1589 3171; x_wconf 90' lang='lat' dir='ltr'><strong>nullam,</strong></span> <span class='ocrx_word' id='word_1_354' title='bbox 1622 3125 1685 3162; x_wconf 91' lang='lat' dir='ltr'><strong>ac</strong></span> <span class='ocrx_word' id='word_1_355' title='bbox 1729 3110 1957 3177; x_wconf 87' lang='lat' dir='ltr'><strong>gloriam</strong></span> <span class='ocrx_word' id='word_1_356' title='bbox 1991 3111 2171 3166; x_wconf 88' lang='lat' dir='ltr'><strong>verius</strong></span> 
     </span>
    </p>
   </div>
   <div class='ocr_carea' id='block_1_49' title="bbox 590 3197 2237 3289">
    <p class='ocr_par' dir='ltr' id='par_1_49' title="bbox 590 3197 2237 3289">
     <span class='ocr_line' id='line_1_49' title="bbox 590 3197 2237 3289; baseline 0.005 -39"><span class='ocrx_word' id='word_1_357' title='bbox 590 3197 850 3260; x_wconf 82' lang='lat' dir='ltr'><strong>divinam,</strong></span> <span class='ocrx_word' id='word_1_358' title='bbox 871 3207 925 3251; x_wconf 92' lang='lat' dir='ltr'><strong>et</strong></span> <span class='ocrx_word' id='word_1_359' title='bbox 954 3198 1111 3267; x_wconf 87' lang='lat' dir='ltr'><strong>quasi</strong></span> <span class='ocrx_word' id='word_1_360' title='bbox 1157 3198 1466 3253; x_wconf 88' lang='lat' dir='ltr'><strong>succinctus</strong></span> <span class='ocrx_word' id='word_1_361' title='bbox 1490 3210 1573 3254; x_wconf 92' lang='lat' dir='ltr'><strong>est</strong></span> <span class='ocrx_word' id='word_1_362' title='bbox 1597 3200 1809 3266; x_wconf 91' lang='lat' dir='ltr'><strong>jnstitia</strong></span> <span class='ocrx_word' id='word_1_363' title='bbox 1836 3211 1893 3256; x_wconf 90' lang='lat' dir='ltr'><strong>et</strong></span> <span class='ocrx_word' id='word_1_364' title='bbox 1920 3203 2163 3258; x_wconf 88' lang='lat' dir='ltr'><strong>veritate.</strong></span> <span class='ocrx_word' id='word_1_365' title='bbox 2193 3231 2237 3289; x_wconf 67' lang='grc' dir='ltr'>ο</span> 
     </span>
    </p>
   </div>
   <div class='ocr_carea' id='block_1_50' title="bbox 589 3288 2164 3363">
    <p class='ocr_par' dir='ltr' id='par_1_50' title="bbox 589 3288 2164 3363">
     <span class='ocr_line' id='line_1_50' title="bbox 589 3288 2164 3363; baseline 0.003 -21"><span class='ocrx_word' id='word_1_366' title='bbox 589 3288 735 3342; x_wconf 84' lang='lat' dir='ltr'><strong>Zona</strong></span> <span class='ocrx_word' id='word_1_367' title='bbox 764 3298 944 3343; x_wconf 89' lang='lat' dir='ltr'><strong>autem</strong></span> <span class='ocrx_word' id='word_1_368' title='bbox 979 3289 1193 3359; x_wconf 82' lang='lat' dir='ltr'><strong>signum</strong></span> <span class='ocrx_word' id='word_1_369' title='bbox 1222 3299 1306 3344; x_wconf 88' lang='lat' dir='ltr'><strong>est</strong></span> <span class='ocrx_word' id='word_1_370' title='bbox 1337 3291 1709 3359; x_wconf 88' lang='lat' dir='ltr'><strong>principatus,</strong></span> <span class='ocrx_word' id='word_1_371' title='bbox 1740 3303 1794 3347; x_wconf 87' lang='lat' dir='ltr'><strong>et</strong></span> <span class='ocrx_word' id='word_1_372' title='bbox 1841 3308 1963 3348; x_wconf 89' lang='lat' dir='ltr'><strong>cum</strong></span> <span class='ocrx_word' id='word_1_373' title='bbox 1994 3296 2164 3363; x_wconf 82' lang='lat' dir='ltr'><strong>dicat,</strong></span> 
     </span>
    </p>
   </div>
   <div class='ocr_carea' id='block_1_51' title="bbox 588 3377 2163 3451">
    <p class='ocr_par' dir='ltr' id='par_1_51' title="bbox 588 3377 2163 3451">
     <span class='ocr_line' id='line_1_51' title="bbox 588 3377 2163 3451; baseline 0.003 -17"><span class='ocrx_word' id='word_1_374' title='bbox 588 3380 638 3434; x_wconf 90' lang='lat' dir='ltr'><strong>ei</strong></span> <span class='ocrx_word' id='word_1_375' title='bbox 673 3377 912 3432; x_wconf 89' lang='lat' dir='ltr'><strong>involuta</strong></span> <span class='ocrx_word' id='word_1_376' title='bbox 937 3378 1131 3443; x_wconf 88' lang='lat' dir='ltr'><strong>latera,</strong></span> <span class='ocrx_word' id='word_1_377' title='bbox 1171 3380 1303 3433; x_wconf 91' lang='lat' dir='ltr'><strong>nihil</strong></span> <span class='ocrx_word' id='word_1_378' title='bbox 1332 3379 1475 3434; x_wconf 87' lang='lat' dir='ltr'><strong>aliud</strong></span> <span class='ocrx_word' id='word_1_379' title='bbox 1507 3392 1589 3435; x_wconf 79' lang='lat' dir='ltr'><strong>cst</strong></span> <span class='ocrx_word' id='word_1_380' title='bbox 1614 3396 1775 3450; x_wconf 86' lang='lat' dir='ltr'><strong>quam</strong></span> <span class='ocrx_word' id='word_1_381' title='bbox 1805 3385 1849 3436; x_wconf 85' lang='lat' dir='ltr'><strong>si</strong></span> <span class='ocrx_word' id='word_1_382' title='bbox 1885 3386 2163 3451; x_wconf 90' lang='lat' dir='ltr'><strong>declaret,</strong></span> 
     </span>
    </p>
   </div>
   <div class='ocr_carea' id='block_1_52' title="bbox 588 3470 2165 3543">
    <p class='ocr_par' dir='ltr' id='par_1_52' title="bbox 588 3470 2165 3543">
     <span class='ocr_line' id='line_1_52' title="bbox 588 3470 2165 3543; baseline 0.004 -16"><span class='ocrx_word' id='word_1_383' title='bbox 588 3482 847 3539; x_wconf 90' lang='lat' dir='ltr'><strong>tanquam</strong></span> <span class='ocrx_word' id='word_1_384' title='bbox 879 3470 1113 3525; x_wconf 89' lang='lat' dir='ltr'><strong>balteum</strong></span> <span class='ocrx_word' id='word_1_385' title='bbox 1143 3475 1451 3540; x_wconf 90' lang='lat' dir='ltr'><strong>quempiam</strong></span> <span class='ocrx_word' id='word_1_386' title='bbox 1502 3475 2022 3543; x_wconf 83' lang='lat' dir='ltr'><strong>circumpositurum</strong></span> <span class='ocrx_word' id='word_1_387' title='bbox 2062 3479 2165 3534; x_wconf 90' lang='lat' dir='ltr'><strong>sibi</strong></span> 
     </span>
    </p>
   </div>
   <div class='ocr_carea' id='block_1_53' title="bbox 580 3564 2169 3633">
    <p class='ocr_par' dir='ltr' id='par_1_53' title="bbox 580 3564 2169 3633">
     <span class='ocr_line' id='line_1_53' title="bbox 580 3564 2169 3633; baseline 0.006 -16"><span class='ocrx_word' id='word_1_388' title='bbox 580 3564 888 3633; x_wconf 82' lang='lat' dir='ltr'><strong>justitiam,</strong></span> <span class='ocrx_word' id='word_1_389' title='bbox 952 3572 1005 3617; x_wconf 86' lang='lat' dir='ltr'><strong>et</strong></span> <span class='ocrx_word' id='word_1_390' title='bbox 1053 3573 1315 3633; x_wconf 68' lang='lat' dir='ltr'><strong>praeterea</strong></span> <span class='ocrx_word' id='word_1_391' title='bbox 1367 3566 1671 3619; x_wconf 87' lang='lat' dir='ltr'><strong>veritatem.</strong></span> <span class='ocrx_word' id='word_1_392' title='bbox 1727 3566 2035 3624; x_wconf 82' lang='lat' dir='ltr'><strong>Verisimile</strong></span> <span class='ocrx_word' id='word_1_393' title='bbox 2083 3580 2169 3626; x_wconf 89' lang='lat' dir='ltr'><strong>est</strong></span> 
     </span>
    </p>
   </div>
   <div class='ocr_carea' id='block_1_54' title="bbox 588 3655 2163 3727">
    <p class='ocr_par' dir='ltr' id='par_1_54' title="bbox 588 3655 2163 3727">
     <span class='ocr_line' id='line_1_54' title="bbox 588 3655 2163 3727; baseline 0.003 -16"><span class='ocrx_word' id='word_1_394' title='bbox 588 3667 789 3720; x_wconf 90' lang='lat' dir='ltr'><strong>autem,</strong></span> <span class='ocrx_word' id='word_1_395' title='bbox 812 3670 935 3709; x_wconf 88' lang='lat' dir='ltr'><strong>eum</strong></span> <span class='ocrx_word' id='word_1_396' title='bbox 972 3655 1237 3723; x_wconf 89' lang='lat' dir='ltr'><strong>justitiam</strong></span> <span class='ocrx_word' id='word_1_397' title='bbox 1266 3666 1317 3709; x_wconf 89' lang='lat' dir='ltr'><strong>et</strong></span> <span class='ocrx_word' id='word_1_398' title='bbox 1344 3656 1630 3710; x_wconf 88' lang='lat' dir='ltr'><strong>veritatem</strong></span> <span class='ocrx_word' id='word_1_399' title='bbox 1664 3659 1937 3727; x_wconf 87' lang='lat' dir='ltr'><strong>appellare</strong></span> <span class='ocrx_word' id='word_1_400' title='bbox 1966 3676 2163 3716; x_wconf 90' lang='lat' dir='ltr'><strong>novam</strong></span> 
     </span>
    </p>
   </div>
   <div class='ocr_carea' id='block_1_55' title="bbox 585 3749 2165 3822">
    <p class='ocr_par' dir='ltr' id='par_1_55' title="bbox 585 3749 2165 3822">
     <span class='ocr_line' id='line_1_55' title="bbox 585 3749 2165 3822; baseline 0.001 -15"><span class='ocrx_word' id='word_1_401' title='bbox 585 3760 640 3807; x_wconf 91' lang='lat' dir='ltr'><strong>et</strong></span> <span class='ocrx_word' id='word_1_402' title='bbox 669 3752 1032 3822; x_wconf 83' lang='lat' dir='ltr'><strong>evangelicam</strong></span> <span class='ocrx_word' id='word_1_403' title='bbox 1062 3749 1523 3819; x_wconf 62' lang='lat' dir='ltr'><strong>praedicationem,</strong></span> <span class='ocrx_word' id='word_1_404' title='bbox 1561 3753 2017 3818; x_wconf 89' lang='lat' dir='ltr'><strong>quemadmodum</strong></span> <span class='ocrx_word' id='word_1_405' title='bbox 2081 3755 2165 3809; x_wconf 85' lang='lat' dir='ltr'><strong>di-</strong></span> 
     </span>
    </p>
   </div>
   <div class='ocr_carea' id='block_1_56' title="bbox 584 3840 2164 3911">
    <p class='ocr_par' dir='ltr' id='par_1_56' title="bbox 584 3840 2164 3911">
     <span class='ocr_line' id='line_1_56' title="bbox 584 3840 2164 3911; baseline 0.001 -13"><span class='ocrx_word' id='word_1_406' title='bbox 584 3853 729 3898; x_wconf 91' lang='lat' dir='ltr'><strong>ctum</strong></span> <span class='ocrx_word' id='word_1_407' title='bbox 758 3851 841 3897; x_wconf 90' lang='lat' dir='ltr'><strong>est</strong></span> <span class='ocrx_word' id='word_1_408' title='bbox 887 3841 936 3895; x_wconf 92' lang='lat' dir='ltr'><strong>ei</strong></span> <span class='ocrx_word' id='word_1_409' title='bbox 975 3840 1260 3911; x_wconf 85' lang='lat' dir='ltr'><strong>psallentis</strong></span> <span class='ocrx_word' id='word_1_410' title='bbox 1289 3854 1420 3895; x_wconf 89' lang='lat' dir='ltr'><strong>voce</strong></span> <span class='ocrx_word' id='word_1_411' title='bbox 1455 3858 1469 3893; x_wconf 91' lang='lat'><strong>:</strong></span> <span class='ocrx_word' id='word_1_412' title='bbox 1506 3857 1526 3892; x_wconf 84' lang='grc' dir='ltr'><strong>ι</strong></span> <span class='ocrx_word' id='word_1_413' title='bbox 1554 3840 1769 3896; x_wconf 68' lang='lat' dir='ltr'><strong>Iustitia</strong></span> <span class='ocrx_word' id='word_1_414' title='bbox 1804 3852 1925 3909; x_wconf 90' lang='lat' dir='ltr'><strong>tua,</strong></span> <span class='ocrx_word' id='word_1_415' title='bbox 1952 3844 2164 3910; x_wconf 71' lang='lat' dir='ltr'><strong>iustitia</strong></span> 
     </span>
    </p>
   </div>
   <div class='ocr_carea' id='block_1_57' title="bbox 585 3932 2164 3995">
    <p class='ocr_par' dir='ltr' id='par_1_57' title="bbox 585 3932 2164 3995">
     <span class='ocr_line' id='line_1_57' title="bbox 585 3932 2164 3995; baseline 0.002 -7"><span class='ocrx_word' id='word_1_416' title='bbox 585 3934 638 3988; x_wconf 90' lang='lat' dir='ltr'><strong>in</strong></span> <span class='ocrx_word' id='word_1_417' title='bbox 670 3947 883 3987; x_wconf 87' lang='lat' dir='ltr'><strong>omnem</strong></span> <span class='ocrx_word' id='word_1_418' title='bbox 919 3932 1302 3995; x_wconf 62' lang='lat' dir='ltr'><strong>aeternitatem,</strong></span> <span class='ocrx_word' id='word_1_419' title='bbox 1339 3940 1395 3986; x_wconf 86' lang='lat' dir='ltr'><strong>et</strong></span> <span class='ocrx_word' id='word_1_420' title='bbox 1436 3932 1521 3986; x_wconf 87' lang='lat' dir='ltr'><strong>lex</strong></span> <span class='ocrx_word' id='word_1_421' title='bbox 1571 3941 1657 3986; x_wconf 90' lang='lat' dir='ltr'><strong>tua</strong></span> <span class='ocrx_word' id='word_1_422' title='bbox 1696 3935 1896 3989; x_wconf 89' lang='lat' dir='ltr'><strong>veritas</strong></span> <span class='ocrx_word' id='word_1_423' title='bbox 1920 3936 1985 3989; x_wconf 80' lang='grc'><strong>⁸⁸.</strong></span> <span class='ocrx_word' id='word_1_424' title='bbox 2018 3956 2037 3989; x_wconf 71' lang='grc' dir='ltr'><strong>ι</strong></span> <span class='ocrx_word' id='word_1_425' title='bbox 2066 3937 2164 3992; x_wconf 84' lang='lat' dir='ltr'><strong>Ju-</strong></span> 
     </span>
    </p>
   </div>
   <div class='ocr_carea' id='block_1_58' title="bbox 584 4024 2163 4094">
    <p class='ocr_par' dir='ltr' id='par_1_58' title="bbox 584 4024 2163 4094">
     <span class='ocr_line' id='line_1_58' title="bbox 584 4024 2163 4094; baseline 0.003 -15"><span class='ocrx_word' id='word_1_426' title='bbox 584 4026 745 4079; x_wconf 81' lang='lat' dir='ltr'><strong>stitiac</strong></span> <span class='ocrx_word' id='word_1_427' title='bbox 775 4025 917 4079; x_wconf 89' lang='lat' dir='ltr'><strong>enim</strong></span> <span class='ocrx_word' id='word_1_428' title='bbox 950 4025 1209 4094; x_wconf 89' lang='lat' dir='ltr'><strong>magistra</strong></span> <span class='ocrx_word' id='word_1_429' title='bbox 1236 4032 1354 4078; x_wconf 87' lang='lat' dir='ltr'><strong>erat</strong></span> <span class='ocrx_word' id='word_1_430' title='bbox 1391 4034 1444 4078; x_wconf 86' lang='lat' dir='ltr'><strong>et</strong></span> <span class='ocrx_word' id='word_1_431' title='bbox 1475 4024 1579 4089; x_wconf 88' lang='lat' dir='ltr'><strong>lex,</strong></span> <span class='ocrx_word' id='word_1_432' title='bbox 1609 4026 1703 4080; x_wconf 90' lang='lat' dir='ltr'><strong>sed</strong></span> <span class='ocrx_word' id='word_1_433' title='bbox 1743 4041 1851 4080; x_wconf 93' lang='lat' dir='ltr'><strong>non</strong></span> <span class='ocrx_word' id='word_1_434' title='bbox 1885 4028 2084 4083; x_wconf 87' lang='lat' dir='ltr'><strong>mansit</strong></span> <span class='ocrx_word' id='word_1_435' title='bbox 2112 4029 2163 4083; x_wconf 92' lang='lat' dir='ltr'><strong>in</strong></span> 
     </span>
    </p>
   </div>
   <div class='ocr_carea' id='block_1_59' title="bbox 583 4114 2165 4184">
    <p class='ocr_par' dir='ltr' id='par_1_59' title="bbox 583 4114 2165 4184">
     <span class='ocr_line' id='line_1_59' title="bbox 583 4114 2165 4184; baseline 0.001 -14"><span class='ocrx_word' id='word_1_436' title='bbox 583 4127 867 4181; x_wconf 68' lang='lat' dir='ltr'><strong>aeternum,</strong></span> <span class='ocrx_word' id='word_1_437' title='bbox 901 4116 1124 4169; x_wconf 89' lang='lat' dir='ltr'><strong>meliore</strong></span> <span class='ocrx_word' id='word_1_438' title='bbox 1156 4124 1210 4169; x_wconf 89' lang='lat' dir='ltr'><strong>et</strong></span> <span class='ocrx_word' id='word_1_439' title='bbox 1237 4114 1562 4184; x_wconf 77' lang='lat' dir='ltr'><strong>perfectiore</strong></span> <span class='ocrx_word' id='word_1_440' title='bbox 1590 4114 1922 4181; x_wconf 90' lang='lat' dir='ltr'><strong>introducta,</strong></span> <span class='ocrx_word' id='word_1_441' title='bbox 1956 4118 2165 4173; x_wconf 90' lang='lat' dir='ltr'><strong>scilicet</strong></span> 
     </span>
    </p>
   </div>
   <div class='ocr_carea' id='block_1_60' title="bbox 582 4208 2166 4277">
    <p class='ocr_par' dir='ltr' id='par_1_60' title="bbox 582 4208 2166 4277">
     <span class='ocr_line' id='line_1_60' title="bbox 582 4208 2166 4277; baseline 0.002 -16"><span class='ocrx_word' id='word_1_442' title='bbox 582 4225 703 4277; x_wconf 77' lang='lat' dir='ltr'><strong>qua:</strong></span> <span class='ocrx_word' id='word_1_443' title='bbox 737 4223 832 4277; x_wconf 90' lang='lat' dir='ltr'><strong>per</strong></span> <span class='ocrx_word' id='word_1_444' title='bbox 875 4208 1151 4263; x_wconf 86' lang='lat' dir='ltr'><strong>Christum</strong></span> <span class='ocrx_word' id='word_1_445' title='bbox 1192 4208 1298 4261; x_wconf 88' lang='lat' dir='ltr'><strong>lata</strong></span> <span class='ocrx_word' id='word_1_446' title='bbox 1347 4217 1451 4263; x_wconf 87' lang='lat' dir='ltr'><strong>est.</strong></span> <span class='ocrx_word' id='word_1_447' title='bbox 1514 4208 1724 4264; x_wconf 82' lang='lat' dir='ltr'><strong>Rursus</strong></span> <span class='ocrx_word' id='word_1_448' title='bbox 1772 4208 1857 4263; x_wconf 92' lang='lat' dir='ltr'><strong>lex</strong></span> <span class='ocrx_word' id='word_1_449' title='bbox 1890 4224 1997 4264; x_wconf 92' lang='lat' dir='ltr'><strong>non</strong></span> <span class='ocrx_word' id='word_1_450' title='bbox 2046 4219 2166 4265; x_wconf 85' lang='lat' dir='ltr'><strong>erat</strong></span> 
     </span>
    </p>
   </div>
   <div class='ocr_carea' id='block_1_61' title="bbox 582 4299 2159 4372">
    <p class='ocr_par' dir='ltr' id='par_1_61' title="bbox 582 4299 2159 4372">
     <span class='ocr_line' id='line_1_61' title="bbox 582 4299 2159 4372; baseline 0.002 -19"><span class='ocrx_word' id='word_1_451' title='bbox 582 4301 802 4367; x_wconf 81' lang='lat' dir='ltr'><strong>veritas,</strong></span> <span class='ocrx_word' id='word_1_452' title='bbox 835 4300 929 4355; x_wconf 90' lang='lat' dir='ltr'><strong>sed</strong></span> <span class='ocrx_word' id='word_1_453' title='bbox 962 4310 1119 4372; x_wconf 85' lang='lat' dir='ltr'><strong>typus</strong></span> <span class='ocrx_word' id='word_1_454' title='bbox 1149 4300 1329 4370; x_wconf 87' lang='lat' dir='ltr'><strong>potius</strong></span> <span class='ocrx_word' id='word_1_455' title='bbox 1364 4310 1419 4353; x_wconf 87' lang='lat' dir='ltr'><strong>ct</strong></span> <span class='ocrx_word' id='word_1_456' title='bbox 1446 4301 1657 4353; x_wconf 89' lang='lat' dir='ltr'><strong>umbra.</strong></span> <span class='ocrx_word' id='word_1_457' title='bbox 1701 4299 1949 4354; x_wconf 88' lang='lat' dir='ltr'><strong>Christus</strong></span> <span class='ocrx_word' id='word_1_458' title='bbox 1976 4309 2159 4356; x_wconf 89' lang='lat' dir='ltr'><strong>autem</strong></span> 
     </span>
    </p>
   </div>
   <div class='ocr_carea' id='block_1_62' title="bbox 582 4390 2165 4464">
    <p class='ocr_par' dir='ltr' id='par_1_62' title="bbox 582 4390 2165 4464">
     <span class='ocr_line' id='line_1_62' title="bbox 582 4390 2165 4464; baseline 0.003 -17"><span class='ocrx_word' id='word_1_459' title='bbox 582 4401 636 4447; x_wconf 88' lang='lat' dir='ltr'><strong>et</strong></span> <span class='ocrx_word' id='word_1_460' title='bbox 672 4391 788 4461; x_wconf 88' lang='lat' dir='ltr'><strong>ejus</strong></span> <span class='ocrx_word' id='word_1_461' title='bbox 822 4391 965 4463; x_wconf 83' lang='lat' dir='ltr'><strong>leges</strong></span> <span class='ocrx_word' id='word_1_462' title='bbox 1013 4405 1147 4464; x_wconf 90' lang='lat' dir='ltr'><strong>pure</strong></span> <span class='ocrx_word' id='word_1_463' title='bbox 1204 4399 1259 4446; x_wconf 92' lang='lat' dir='ltr'><strong>et</strong></span> <span class='ocrx_word' id='word_1_464' title='bbox 1291 4390 1610 4460; x_wconf 88' lang='lat' dir='ltr'><strong>simpliciter</strong></span> <span class='ocrx_word' id='word_1_465' title='bbox 1629 4402 1786 4445; x_wconf 89' lang='lat' dir='ltr'><strong>erant</strong></span> <span class='ocrx_word' id='word_1_466' title='bbox 1817 4393 2041 4449; x_wconf 86' lang='lat' dir='ltr'><strong>veritas.</strong></span> <span class='ocrx_word' id='word_1_467' title='bbox 2077 4394 2165 4450; x_wconf 86' lang='lat' dir='ltr'><strong>Si-</strong></span> 
     </span>
    </p>
   </div>
   <div class='ocr_carea' id='block_1_63' title="bbox 583 4483 1733 4556">
    <p class='ocr_par' dir='ltr' id='par_1_63' title="bbox 583 4483 1733 4556">
     <span class='ocr_line' id='line_1_63' title="bbox 583 4483 1733 4556; baseline -0.002 -19"><span class='ocrx_word' id='word_1_468' title='bbox 583 4486 798 4553; x_wconf 90' lang='lat' dir='ltr'><strong>quidem</strong></span> <span class='ocrx_word' id='word_1_469' title='bbox 827 4486 963 4541; x_wconf 85' lang='lat' dir='ltr'><strong>dixit</strong></span> <span class='ocrx_word' id='word_1_470' title='bbox 993 4503 1007 4541; x_wconf 90' lang='lat'><strong>:</strong></span> <span class='ocrx_word' id='word_1_471' title='bbox 1038 4504 1057 4538; x_wconf 83' lang='grc' dir='ltr'><strong>ι</strong></span> <span class='ocrx_word' id='word_1_472' title='bbox 1096 4486 1205 4556; x_wconf 84' lang='lat' dir='ltr'><strong>Ego</strong></span> <span class='ocrx_word' id='word_1_473' title='bbox 1228 4498 1349 4539; x_wconf 92' lang='lat' dir='ltr'><strong>sum</strong></span> <span class='ocrx_word' id='word_1_474' title='bbox 1388 4485 1589 4539; x_wconf 84' lang='lat' dir='ltr'><strong>veritas</strong></span> <span class='ocrx_word' id='word_1_475' title='bbox 1620 4483 1687 4537; x_wconf 78' lang='lat'><strong>“.</strong></span> <span class='ocrx_word' id='word_1_476' title='bbox 1714 4502 1733 4535; x_wconf 71' lang='grc' dir='ltr'><strong>ι</strong></span> 
     </span>
    </p>
   </div>
   <div class='ocr_carea' id='block_1_64' title="bbox 2274 2010 3873 2083">
    <p class='ocr_par' dir='ltr' id='par_1_64' title="bbox 2274 2010 3873 2083">
     <span class='ocr_line' id='line_1_64' title="bbox 2274 2010 3873 2083; baseline -0.006 -13"><span class='ocrx_word' id='word_1_477' title='bbox 2274 2018 2698 2083; x_wconf 76' lang='grc' dir='ltr'>ἐπισυναγαγεῖν</span> <span class='ocrx_word' id='word_1_478' title='bbox 2733 2014 2801 2067; x_wconf 79' lang='grc' dir='ltr'><strong>τά</strong></span> <span class='ocrx_word' id='word_1_479' title='bbox 2840 2015 3004 2067; x_wconf 81' lang='grc' dir='ltr'>τέκνα</span> <span class='ocrx_word' id='word_1_480' title='bbox 3058 2028 3179 2075; x_wconf 83' lang='grc' dir='ltr'>σου,</span> <span class='ocrx_word' id='word_1_481' title='bbox 3240 2012 3302 2064; x_wconf 81' lang='grc' dir='ltr'><strong>ὃν</strong></span> <span class='ocrx_word' id='word_1_482' title='bbox 3340 2010 3543 2082; x_wconf 78' lang='grc' dir='ltr'>τρόπον</span> <span class='ocrx_word' id='word_1_483' title='bbox 3568 2011 3722 2081; x_wconf 78' lang='grc' dir='ltr'>ὅρνις</span> <span class='ocrx_word' id='word_1_484' title='bbox 3754 2011 3873 2061; x_wconf 66' lang='grc' dir='ltr'>ἑπι-</span> 
     </span>
    </p>
   </div>
   <div class='ocr_carea' id='block_1_65' title="bbox 2275 2103 3871 2177">
    <p class='ocr_par' dir='ltr' id='par_1_65' title="bbox 2275 2103 3871 2177">
     <span class='ocr_line' id='line_1_65' title="bbox 2275 2103 3871 2177; baseline -0.004 -16"><span class='ocrx_word' id='word_1_485' title='bbox 2275 2108 2591 2177; x_wconf 84' lang='grc' dir='ltr'><strong>συνάγειτά</strong></span> <span class='ocrx_word' id='word_1_486' title='bbox 2633 2106 2820 2161; x_wconf 77' lang='grc' dir='ltr'>νοσσία</span> <span class='ocrx_word' id='word_1_487' title='bbox 2866 2106 3064 2175; x_wconf 79' lang='grc' dir='ltr'><strong>ἑαυτῆς</strong></span> <span class='ocrx_word' id='word_1_488' title='bbox 3113 2104 3220 2158; x_wconf 81' lang='grc' dir='ltr'><strong>ὑπὸ</strong></span> <span class='ocrx_word' id='word_1_489' title='bbox 3272 2104 3372 2167; x_wconf 77' lang='grc' dir='ltr'><strong>τὰς</strong></span> <span class='ocrx_word' id='word_1_490' title='bbox 3427 2103 3733 2173; x_wconf 78' lang='grc' dir='ltr'>πτέρυγας,</span> <span class='ocrx_word' id='word_1_491' title='bbox 3779 2104 3871 2155; x_wconf 77' lang='grc' dir='ltr'><strong>καὶ</strong></span> 
     </span>
    </p>
   </div>
   <div class='ocr_carea' id='block_1_66' title="bbox 2271 2190 3863 2269">
    <p class='ocr_par' dir='ltr' id='par_1_66' title="bbox 2271 2190 3863 2269">
     <span class='ocr_line' id='line_1_66' title="bbox 2271 2190 3863 2269; baseline -0.005 -18"><span class='ocrx_word' id='word_1_492' title='bbox 2271 2200 2373 2253; x_wconf 76' lang='grc' dir='ltr'><strong>οὐκ</strong></span> <span class='ocrx_word' id='word_1_493' title='bbox 2408 2199 2747 2269; x_wconf 71' lang='grc' dir='ltr'><strong>ἡθελήσατες</strong></span> <span class='ocrx_word' id='word_1_494' title='bbox 2810 2196 2919 2249; x_wconf 76' lang='grc' dir='ltr'>ἰδοὺ</span> <span class='ocrx_word' id='word_1_495' title='bbox 2950 2196 3174 2263; x_wconf 83' lang='grc' dir='ltr'><strong>ἀφίεται</strong></span> <span class='ocrx_word' id='word_1_496' title='bbox 3212 2196 3342 2264; x_wconf 84' lang='grc' dir='ltr'>ὑμῖν</span> <span class='ocrx_word' id='word_1_497' title='bbox 3382 2196 3410 2247; x_wconf 85' lang='grc' dir='ltr'>ὀ</span> <span class='ocrx_word' id='word_1_498' title='bbox 3440 2190 3589 2256; x_wconf 73' lang='grc' dir='ltr'><strong>οἶκος</strong></span> <span class='ocrx_word' id='word_1_499' title='bbox 3617 2193 3797 2262; x_wconf 73' lang='grc' dir='ltr'>ὑμῶν.</span> <span class='ocrx_word' id='word_1_500' title='bbox 3845 2213 3863 2243; x_wconf 77' lang='grc' dir='ltr'>ι</span> 
     </span>
    </p>
   </div>
   <div class='ocr_carea' id='block_1_67' title="bbox 2288 2282 3872 2359">
    <p class='ocr_par' dir='ltr' id='par_1_67' title="bbox 2288 2282 3872 2359">
     <span class='ocr_line' id='line_1_67' title="bbox 2288 2282 3872 2359; baseline -0.005 -16"><span class='ocrx_word' id='word_1_501' title='bbox 2288 2292 2375 2343; x_wconf 87' lang='grc' dir='ltr'><strong>Ἐν</strong></span> <span class='ocrx_word' id='word_1_502' title='bbox 2404 2290 2513 2359; x_wconf 87' lang='grc' dir='ltr'><strong>γὰρ</strong></span> <span class='ocrx_word' id='word_1_503' title='bbox 2563 2289 2662 2359; x_wconf 86' lang='grc' dir='ltr'><strong>τῷ,</strong></span> <span class='ocrx_word' id='word_1_504' title='bbox 2695 2287 2916 2355; x_wconf 84' lang='grc' dir='ltr'>ἀφίεται</span> <span class='ocrx_word' id='word_1_505' title='bbox 2936 2287 3063 2356; x_wconf 80' lang='grc' dir='ltr'>ὑμῖν</span> <span class='ocrx_word' id='word_1_506' title='bbox 3098 2286 3127 2337; x_wconf 84' lang='grc' dir='ltr'>ὁ</span> <span class='ocrx_word' id='word_1_507' title='bbox 3169 2282 3314 2347; x_wconf 73' lang='grc' dir='ltr'><strong>οἶκος</strong></span> <span class='ocrx_word' id='word_1_508' title='bbox 3343 2284 3517 2355; x_wconf 83' lang='grc' dir='ltr'>ὑμῶν,</span> <span class='ocrx_word' id='word_1_509' title='bbox 3549 2283 3611 2336; x_wconf 76' lang='grc' dir='ltr'><strong>τὸ</strong></span> <span class='ocrx_word' id='word_1_510' title='bbox 3644 2284 3747 2352; x_wconf 82' lang='grc' dir='ltr'><strong>τῆς</strong></span> <span class='ocrx_word' id='word_1_511' title='bbox 3780 2284 3872 2351; x_wconf 76' lang='grc' dir='ltr'><strong>ἐγ-</strong></span> 
     </span>
    </p>
   </div>
   <div class='ocr_carea' id='block_1_68' title="bbox 2273 2376 3869 2451">
    <p class='ocr_par' dir='ltr' id='par_1_68' title="bbox 2273 2376 3869 2451">
     <span class='ocr_line' id='line_1_68' title="bbox 2273 2376 3869 2451; baseline -0.006 -15"><span class='ocrx_word' id='word_1_512' title='bbox 2273 2382 2645 2451; x_wconf 75' lang='grc' dir='ltr'><strong>καταλείψεως</strong></span> <span class='ocrx_word' id='word_1_513' title='bbox 2691 2381 2793 2449; x_wconf 79' lang='grc' dir='ltr'><strong>τῆς</strong></span> <span class='ocrx_word' id='word_1_514' title='bbox 2843 2382 2931 2432; x_wconf 79' lang='grc' dir='ltr'><strong>ἐπ’</strong></span> <span class='ocrx_word' id='word_1_515' title='bbox 2987 2379 3126 2449; x_wconf 80' lang='grc' dir='ltr'>αὐτῇ</span> <span class='ocrx_word' id='word_1_516' title='bbox 3166 2377 3472 2447; x_wconf 75' lang='grc' dir='ltr'><strong>γενομένης</strong></span> <span class='ocrx_word' id='word_1_517' title='bbox 3524 2376 3869 2443; x_wconf 81' lang='grc' dir='ltr'><strong>διαφαίνεται</strong></span> 
     </span>
    </p>
   </div>
   <div class='ocr_carea' id='block_1_69' title="bbox 2274 2466 3870 2540">
    <p class='ocr_par' dir='ltr' id='par_1_69' title="bbox 2274 2466 3870 2540">
     <span class='ocr_line' id='line_1_69' title="bbox 2274 2466 3870 2540; baseline -0.005 -14"><span class='ocrx_word' id='word_1_518' title='bbox 2274 2474 2465 2536; x_wconf 83' lang='grc' dir='ltr'>πάθος.</span> <span class='ocrx_word' id='word_1_519' title='bbox 2522 2469 3041 2540; x_wconf 81' lang='grc' dir='ltr'>Ἐγκαταλειφθεῖσα</span> <span class='ocrx_word' id='word_1_520' title='bbox 3081 2470 3141 2522; x_wconf 79' lang='grc' dir='ltr'><strong>δὲ</strong></span> <span class='ocrx_word' id='word_1_521' title='bbox 3191 2470 3321 2539; x_wconf 82' lang='grc' dir='ltr'>παρ’</span> <span class='ocrx_word' id='word_1_522' title='bbox 3366 2467 3531 2520; x_wconf 81' lang='grc' dir='ltr'>αὐτοῦ</span> <span class='ocrx_word' id='word_1_523' title='bbox 3562 2466 3870 2537; x_wconf 79' lang='grc' dir='ltr'>δεδαπάνη-</span> 
     </span>
    </p>
   </div>
   <div class='ocr_carea' id='block_1_70' title="bbox 2271 2557 3869 2632">
    <p class='ocr_par' dir='ltr' id='par_1_70' title="bbox 2271 2557 3869 2632">
     <span class='ocr_line' id='line_1_70' title="bbox 2271 2557 3869 2632; baseline -0.004 -15"><span class='ocrx_word' id='word_1_524' title='bbox 2271 2581 2363 2617; x_wconf 86' lang='grc' dir='ltr'><strong>ται</strong></span> <span class='ocrx_word' id='word_1_525' title='bbox 2391 2563 2484 2617; x_wconf 80' lang='grc' dir='ltr'><strong>καὶ</strong></span> <span class='ocrx_word' id='word_1_526' title='bbox 2517 2562 2739 2632; x_wconf 83' lang='grc' dir='ltr'>πολέμῳ</span> <span class='ocrx_word' id='word_1_527' title='bbox 2772 2562 2866 2614; x_wconf 70' lang='grc' dir='ltr'>καὶ</span> <span class='ocrx_word' id='word_1_528' title='bbox 2914 2561 3068 2631; x_wconf 72' lang='grc' dir='ltr'>πυρὶ,</span> <span class='ocrx_word' id='word_1_529' title='bbox 3100 2560 3195 2613; x_wconf 83' lang='grc' dir='ltr'>καὶ</span> <span class='ocrx_word' id='word_1_530' title='bbox 3212 2561 3334 2621; x_wconf 86' lang='grc' dir='ltr'>ταῖς</span> <span class='ocrx_word' id='word_1_531' title='bbox 3359 2557 3467 2611; x_wconf 89' lang='grc' dir='ltr'>τῶν</span> <span class='ocrx_word' id='word_1_532' title='bbox 3503 2558 3869 2630; x_wconf 77' lang='grc' dir='ltr'><strong>ἀνῃρηκότων</strong></span> 
     </span>
    </p>
   </div>
   <div class='ocr_carea' id='block_1_71' title="bbox 2274 2650 3871 2729">
    <p class='ocr_par' dir='ltr' id='par_1_71' title="bbox 2274 2650 3871 2729">
     <span class='ocr_line' id='line_1_71' title="bbox 2274 2650 3871 2729; baseline -0.006 -19"><span class='ocrx_word' id='word_1_533' title='bbox 2274 2658 2492 2729; x_wconf 82' lang='grc' dir='ltr'><strong>χερσίν.</strong></span> <span class='ocrx_word' id='word_1_534' title='bbox 2531 2658 2762 2727; x_wconf 85' lang='grc' dir='ltr'>Ἕτερον</span> <span class='ocrx_word' id='word_1_535' title='bbox 2801 2654 2859 2706; x_wconf 84' lang='grc' dir='ltr'>δὲ</span> <span class='ocrx_word' id='word_1_536' title='bbox 2912 2652 3044 2723; x_wconf 78' lang='grc' dir='ltr'>πρὸς</span> <span class='ocrx_word' id='word_1_537' title='bbox 3090 2651 3267 2722; x_wconf 83' lang='grc' dir='ltr'>τούτῳ</span> <span class='ocrx_word' id='word_1_538' title='bbox 3317 2652 3568 2721; x_wconf 76' lang='grc' dir='ltr'><strong>σημεῖον,</strong></span> <span class='ocrx_word' id='word_1_539' title='bbox 3629 2650 3728 2702; x_wconf 76' lang='grc' dir='ltr'>καὶ</span> <span class='ocrx_word' id='word_1_540' title='bbox 3770 2651 3871 2719; x_wconf 83' lang='grc' dir='ltr'><strong>τῆς</strong></span> 
     </span>
    </p>
   </div>
   <div class='ocr_carea' id='block_1_72' title="bbox 2273 2738 3885 2815">
    <p class='ocr_par' dir='ltr' id='par_1_72' title="bbox 2273 2738 3885 2815">
     <span class='ocr_line' id='line_1_72' title="bbox 2273 2738 3885 2815; baseline -0.004 -14"><span class='ocrx_word' id='word_1_541' title='bbox 2273 2747 2535 2802; x_wconf 81' lang='grc' dir='ltr'><strong>ἀνωτάτω</strong></span> <span class='ocrx_word' id='word_1_542' title='bbox 2580 2746 2861 2815; x_wconf 79' lang='grc' dir='ltr'><strong>δυνάμεως</strong></span> <span class='ocrx_word' id='word_1_543' title='bbox 2891 2743 3264 2813; x_wconf 81' lang='grc' dir='ltr'>ἀποτέλεσμα,</span> <span class='ocrx_word' id='word_1_544' title='bbox 3296 2741 3358 2793; x_wconf 77' lang='grc' dir='ltr'><strong>τὸ</strong></span> <span class='ocrx_word' id='word_1_545' title='bbox 3379 2743 3437 2794; x_wconf 83' lang='grc' dir='ltr'><strong>ὲν</strong></span> <span class='ocrx_word' id='word_1_546' title='bbox 3470 2739 3748 2810; x_wconf 83' lang='grc' dir='ltr'>πνεύματι</span> <span class='ocrx_word' id='word_1_547' title='bbox 3784 2738 3885 2795; x_wconf 81' lang='grc' dir='ltr'><strong>διά.</strong></span> 
     </span>
    </p>
   </div>
   <div class='ocr_carea' id='block_1_73' title="bbox 2273 2830 3869 2909">
    <p class='ocr_par' dir='ltr' id='par_1_73' title="bbox 2273 2830 3869 2909">
     <span class='ocr_line' id='line_1_73' title="bbox 2273 2830 3869 2909; baseline -0.005 -19"><span class='ocrx_word' id='word_1_548' title='bbox 2273 2838 2496 2909; x_wconf 82' lang='grc' dir='ltr'><strong>χειλέων</strong></span> <span class='ocrx_word' id='word_1_549' title='bbox 2528 2836 2739 2889; x_wconf 83' lang='grc' dir='ltr'><strong>ἀνελεῖν</strong></span> <span class='ocrx_word' id='word_1_550' title='bbox 2761 2835 2956 2904; x_wconf 81' lang='grc' dir='ltr'><strong>ἀσεὸἧ.</strong></span> <span class='ocrx_word' id='word_1_551' title='bbox 3004 2833 3273 2903; x_wconf 83' lang='grc' dir='ltr'>Ἐπετίμα</span> <span class='ocrx_word' id='word_1_552' title='bbox 3308 2830 3420 2902; x_wconf 89' lang='grc' dir='ltr'><strong>γάρ</strong></span> <span class='ocrx_word' id='word_1_553' title='bbox 3450 2834 3565 2894; x_wconf 75' lang='grc' dir='ltr'><strong>τοῖς</strong></span> <span class='ocrx_word' id='word_1_554' title='bbox 3615 2830 3869 2901; x_wconf 82' lang='grc' dir='ltr'>ἀκαθάρ-</span> 
     </span>
    </p>
   </div>
   <div class='ocr_carea' id='block_1_74' title="bbox 2271 2918 3871 3000">
    <p class='ocr_par' dir='ltr' id='par_1_74' title="bbox 2271 2918 3871 3000">
     <span class='ocr_line' id='line_1_74' title="bbox 2271 2918 3871 3000; baseline -0.006 -16"><span class='ocrx_word' id='word_1_555' title='bbox 2271 2948 2387 2994; x_wconf 90' lang='grc' dir='ltr'><strong>τοις</strong></span> <span class='ocrx_word' id='word_1_556' title='bbox 2414 2929 2714 3000; x_wconf 85' lang='grc' dir='ltr'>πνεύμασι,</span> <span class='ocrx_word' id='word_1_557' title='bbox 2768 2927 2863 2981; x_wconf 74' lang='grc' dir='ltr'>καὶ</span> <span class='ocrx_word' id='word_1_558' title='bbox 2895 2928 3020 2980; x_wconf 84' lang='grc' dir='ltr'>ὅσον</span> <span class='ocrx_word' id='word_1_559' title='bbox 3058 2925 3157 2997; x_wconf 82' lang='grc' dir='ltr'><strong>μὲν</strong></span> <span class='ocrx_word' id='word_1_560' title='bbox 3188 2918 3322 2996; x_wconf 79' lang='grc' dir='ltr'>ἧκεν</span> <span class='ocrx_word' id='word_1_561' title='bbox 3354 2923 3435 2987; x_wconf 71' lang='grc' dir='ltr'><strong>εἷς</strong></span> <span class='ocrx_word' id='word_1_562' title='bbox 3474 2940 3539 2992; x_wconf 87' lang='grc' dir='ltr'><strong>γε</strong></span> <span class='ocrx_word' id='word_1_563' title='bbox 3567 2923 3629 2976; x_wconf 84' lang='grc' dir='ltr'>τὸ</span> <span class='ocrx_word' id='word_1_564' title='bbox 3657 2922 3871 2993; x_wconf 73' lang='grc' dir='ltr'><strong>ἀνθρών</strong></span> 
     </span>
    </p>
   </div>
   <div class='ocr_carea' id='block_1_75' title="bbox 2273 3015 3879 3091">
    <p class='ocr_par' dir='ltr' id='par_1_75' title="bbox 2273 3015 3879 3091">
     <span class='ocr_line' id='line_1_75' title="bbox 2273 3015 3879 3091; baseline -0.006 -17"><span class='ocrx_word' id='word_1_565' title='bbox 2273 3038 2445 3086; x_wconf 87' lang='grc' dir='ltr'>πινον,</span> <span class='ocrx_word' id='word_1_566' title='bbox 2502 3023 2535 3091; x_wconf 80' lang='grc' dir='ltr'><strong>ἡ</strong></span> <span class='ocrx_word' id='word_1_567' title='bbox 2578 3020 2667 3073; x_wconf 83' lang='grc' dir='ltr'><strong>διὰ</strong></span> <span class='ocrx_word' id='word_1_568' title='bbox 2724 3019 2991 3089; x_wconf 83' lang='grc' dir='ltr'>στόματος</span> <span class='ocrx_word' id='word_1_569' title='bbox 3048 3018 3144 3071; x_wconf 74' lang='grc' dir='ltr'><strong>καὶ</strong></span> <span class='ocrx_word' id='word_1_570' title='bbox 3206 3015 3433 3087; x_wconf 81' lang='grc' dir='ltr'><strong>χειλέων</strong></span> <span class='ocrx_word' id='word_1_571' title='bbox 3488 3016 3879 3068; x_wconf 80' lang='grc' dir='ltr'>ἀπεκτυπεῖτο</span> 
     </span>
    </p>
   </div>
   <div class='ocr_carea' id='block_1_76' title="bbox 2274 3105 3871 3183">
    <p class='ocr_par' dir='ltr' id='par_1_76' title="bbox 2274 3105 3871 3183">
     <span class='ocr_line' id='line_1_76' title="bbox 2274 3105 3871 3183; baseline -0.006 -17"><span class='ocrx_word' id='word_1_572' title='bbox 2274 3112 2446 3183; x_wconf 79' lang='grc' dir='ltr'><strong>φωνὴ,</strong></span> <span class='ocrx_word' id='word_1_573' title='bbox 2499 3114 2566 3183; x_wconf 79' lang='grc' dir='ltr'><strong>τῇ</strong></span> <span class='ocrx_word' id='word_1_574' title='bbox 2604 3112 2662 3164; x_wconf 81' lang='grc' dir='ltr'>δὲ</span> <span class='ocrx_word' id='word_1_575' title='bbox 2692 3111 2917 3183; x_wconf 72' lang='grc' dir='ltr'>ἀρρήτῳ</span> <span class='ocrx_word' id='word_1_576' title='bbox 2943 3108 3173 3178; x_wconf 79' lang='grc' dir='ltr'><strong>δυνάμει</strong></span> <span class='ocrx_word' id='word_1_577' title='bbox 3220 3106 3316 3160; x_wconf 81' lang='grc' dir='ltr'><strong>τοῦ</strong></span> <span class='ocrx_word' id='word_1_578' title='bbox 3349 3106 3660 3176; x_wconf 87' lang='grc' dir='ltr'>πνεύματος</span> <span class='ocrx_word' id='word_1_579' title='bbox 3687 3107 3721 3175; x_wconf 73' lang='grc' dir='ltr'>ἡ</span> <span class='ocrx_word' id='word_1_580' title='bbox 3760 3105 3871 3157; x_wconf 89' lang='grc' dir='ltr'>τῶν</span> 
     </span>
    </p>
   </div>
   <div class='ocr_carea' id='block_1_77' title="bbox 2271 3198 3869 3275">
    <p class='ocr_par' dir='ltr' id='par_1_77' title="bbox 2271 3198 3869 3275">
     <span class='ocr_line' id='line_1_77' title="bbox 2271 3198 3869 3275; baseline -0.006 -16"><span class='ocrx_word' id='word_1_581' title='bbox 2271 3205 2567 3275; x_wconf 75' lang='grc' dir='ltr'><strong>δαιμονίων</strong></span> <span class='ocrx_word' id='word_1_582' title='bbox 2590 3203 2801 3274; x_wconf 82' lang='grc' dir='ltr'>πληθὺς</span> <span class='ocrx_word' id='word_1_583' title='bbox 2840 3199 3217 3272; x_wconf 82' lang='grc' dir='ltr'>συνεθραύετο.</span> <span class='ocrx_word' id='word_1_584' title='bbox 3253 3201 3448 3254; x_wconf 83' lang='grc' dir='ltr'>Ἔσται</span> <span class='ocrx_word' id='word_1_585' title='bbox 3478 3198 3555 3263; x_wconf 84' lang='grc' dir='ltr'>δὲ,</span> <span class='ocrx_word' id='word_1_586' title='bbox 3580 3198 3738 3268; x_wconf 62' lang='grc' dir='ltr'>φησι,</span> <span class='ocrx_word' id='word_1_587' title='bbox 3775 3198 3869 3250; x_wconf 74' lang='grc' dir='ltr'>καὶ</span> 
     </span>
    </p>
   </div>
   <div class='ocr_carea' id='block_1_78' title="bbox 2268 3290 3871 3367">
    <p class='ocr_par' dir='ltr' id='par_1_78' title="bbox 2268 3290 3871 3367">
     <span class='ocr_line' id='line_1_78' title="bbox 2268 3290 3871 3367; baseline -0.005 -17"><span class='ocrx_word' id='word_1_588' title='bbox 2268 3296 2581 3367; x_wconf 79' lang='grc' dir='ltr'>δικαιοσύνῃ</span> <span class='ocrx_word' id='word_1_589' title='bbox 2609 3294 2920 3365; x_wconf 72' lang='grc' dir='ltr'><strong>ὲζωσμένος</strong></span> <span class='ocrx_word' id='word_1_590' title='bbox 2948 3293 3047 3365; x_wconf 79' lang='grc' dir='ltr'><strong>τὴν</strong></span> <span class='ocrx_word' id='word_1_591' title='bbox 3086 3293 3259 3361; x_wconf 82' lang='grc' dir='ltr'><strong>ὀσφὺν</strong></span> <span class='ocrx_word' id='word_1_592' title='bbox 3286 3291 3473 3359; x_wconf 82' lang='grc' dir='ltr'>αὐτοῦ,</span> <span class='ocrx_word' id='word_1_593' title='bbox 3506 3290 3599 3345; x_wconf 71' lang='grc' dir='ltr'>καὶ</span> <span class='ocrx_word' id='word_1_594' title='bbox 3634 3290 3871 3359; x_wconf 62' lang='grc' dir='ltr'><strong>ἀληθείᾳ.</strong></span> 
     </span>
    </p>
   </div>
   <div class='ocr_carea' id='block_1_79' title="bbox 2270 3380 3869 3458">
    <p class='ocr_par' dir='ltr' id='par_1_79' title="bbox 2270 3380 3869 3458">
     <span class='ocr_line' id='line_1_79' title="bbox 2270 3380 3869 3458; baseline -0.005 -18"><span class='ocrx_word' id='word_1_595' title='bbox 2270 3387 2556 3458; x_wconf 83' lang='grc' dir='ltr'><strong>είλημένος</strong></span> <span class='ocrx_word' id='word_1_596' title='bbox 2606 3386 2706 3447; x_wconf 77' lang='grc' dir='ltr'><strong>τὰς</strong></span> <span class='ocrx_word' id='word_1_597' title='bbox 2758 3383 3021 3455; x_wconf 87' lang='grc' dir='ltr'><strong>πλευράς.</strong></span> <span class='ocrx_word' id='word_1_598' title='bbox 3074 3384 3301 3453; x_wconf 79' lang='grc' dir='ltr'><strong>Ὅμοιον</strong></span> <span class='ocrx_word' id='word_1_599' title='bbox 3344 3383 3453 3453; x_wconf 78' lang='grc' dir='ltr'><strong>γὰρ</strong></span> <span class='ocrx_word' id='word_1_600' title='bbox 3504 3382 3581 3445; x_wconf 82' lang='grc' dir='ltr'><strong>ὡς</strong></span> <span class='ocrx_word' id='word_1_601' title='bbox 3610 3383 3659 3434; x_wconf 89' lang='grc' dir='ltr'><strong>εἰ</strong></span> <span class='ocrx_word' id='word_1_602' title='bbox 3692 3380 3869 3448; x_wconf 84' lang='grc' dir='ltr'><strong>λέγοι,</strong></span> 
     </span>
    </p>
   </div>
   <div class='ocr_carea' id='block_1_80' title="bbox 2274 3471 3869 3549">
    <p class='ocr_par' dir='ltr' id='par_1_80' title="bbox 2274 3471 3869 3549">
     <span class='ocr_line' id='line_1_80' title="bbox 2274 3471 3869 3549; baseline -0.005 -17"><span class='ocrx_word' id='word_1_603' title='bbox 2274 3480 2516 3549; x_wconf 82' lang='grc' dir='ltr'><strong>Δύναμις</strong></span> <span class='ocrx_word' id='word_1_604' title='bbox 2544 3476 2716 3547; x_wconf 81' lang='grc' dir='ltr'>αὐτῷ,</span> <span class='ocrx_word' id='word_1_605' title='bbox 2748 3476 2841 3529; x_wconf 76' lang='grc' dir='ltr'>καὶ</span> <span class='ocrx_word' id='word_1_606' title='bbox 2868 3474 3086 3545; x_wconf 83' lang='grc' dir='ltr'><strong>ἀξίωμα</strong></span> <span class='ocrx_word' id='word_1_607' title='bbox 3139 3474 3248 3527; x_wconf 87' lang='grc' dir='ltr'>τῶν</span> <span class='ocrx_word' id='word_1_608' title='bbox 3307 3472 3406 3545; x_wconf 77' lang='grc' dir='ltr'>μὲν</span> <span class='ocrx_word' id='word_1_609' title='bbox 3462 3475 3519 3525; x_wconf 79' lang='grc' dir='ltr'><strong>ὲν</strong></span> <span class='ocrx_word' id='word_1_610' title='bbox 3564 3473 3758 3543; x_wconf 80' lang='grc' dir='ltr'>κόσμῳ</span> <span class='ocrx_word' id='word_1_611' title='bbox 3804 3471 3869 3524; x_wconf 82' lang='grc' dir='ltr'><strong>τὸ</strong></span> 
     </span>
    </p>
   </div>
   <div class='ocr_carea' id='block_1_81' title="bbox 2268 3559 3868 3639">
    <p class='ocr_par' dir='ltr' id='par_1_81' title="bbox 2268 3559 3868 3639">
     <span class='ocr_line' id='line_1_81' title="bbox 2268 3559 3868 3639; baseline -0.005 -15"><span class='ocrx_word' id='word_1_612' title='bbox 2268 3571 2490 3639; x_wconf 88' lang='grc' dir='ltr'>σύμπαν</span> <span class='ocrx_word' id='word_1_613' title='bbox 2523 3569 2692 3632; x_wconf 74' lang='grc' dir='ltr'>οὐδὲν,</span> <span class='ocrx_word' id='word_1_614' title='bbox 2718 3567 2844 3631; x_wconf 80' lang='grc' dir='ltr'>δόξα</span> <span class='ocrx_word' id='word_1_615' title='bbox 2864 3568 2921 3620; x_wconf 79' lang='grc' dir='ltr'>δὲ</span> <span class='ocrx_word' id='word_1_616' title='bbox 2950 3567 3150 3637; x_wconf 76' lang='grc' dir='ltr'><strong>μᾶλλον</strong></span> <span class='ocrx_word' id='word_1_617' title='bbox 3178 3569 3211 3637; x_wconf 85' lang='grc' dir='ltr'>ἡ</span> <span class='ocrx_word' id='word_1_618' title='bbox 3240 3564 3573 3636; x_wconf 78' lang='grc' dir='ltr'>θεοπρεπὴς,</span> <span class='ocrx_word' id='word_1_619' title='bbox 3595 3565 3694 3617; x_wconf 73' lang='grc' dir='ltr'>καὶ</span> <span class='ocrx_word' id='word_1_620' title='bbox 3745 3559 3868 3617; x_wconf 77' lang='grc' dir='ltr'><strong>οἷον</strong></span> 
     </span>
    </p>
   </div>
   <div class='ocr_carea' id='block_1_82' title="bbox 2268 3654 3872 3730">
    <p class='ocr_par' dir='ltr' id='par_1_82' title="bbox 2268 3654 3872 3730">
     <span class='ocr_line' id='line_1_82' title="bbox 2268 3654 3872 3730; baseline -0.004 -17"><span class='ocrx_word' id='word_1_621' title='bbox 2268 3658 2503 3724; x_wconf 75' lang='grc' dir='ltr'>ὲζῶσθαι</span> <span class='ocrx_word' id='word_1_622' title='bbox 2553 3655 2873 3730; x_wconf 83' lang='grc' dir='ltr'><strong>δικαιοσύνῃ</strong></span> <span class='ocrx_word' id='word_1_623' title='bbox 2908 3658 3002 3711; x_wconf 73' lang='grc' dir='ltr'><strong>καὶ</strong></span> <span class='ocrx_word' id='word_1_624' title='bbox 3039 3656 3289 3730; x_wconf 79' lang='grc' dir='ltr'><strong>ἀληθείᾳ.</strong></span> <span class='ocrx_word' id='word_1_625' title='bbox 3339 3654 3493 3725; x_wconf 82' lang='grc' dir='ltr'><strong>Ζώνη</strong></span> <span class='ocrx_word' id='word_1_626' title='bbox 3539 3655 3598 3708; x_wconf 77' lang='grc' dir='ltr'>δὲ</span> <span class='ocrx_word' id='word_1_627' title='bbox 3636 3657 3872 3723; x_wconf 82' lang='grc' dir='ltr'>σημεῖον</span> 
     </span>
    </p>
   </div>
   <div class='ocr_carea' id='block_1_83' title="bbox 2265 3743 3868 3822">
    <p class='ocr_par' dir='ltr' id='par_1_83' title="bbox 2265 3743 3868 3822">
     <span class='ocr_line' id='line_1_83' title="bbox 2265 3743 3868 3822; baseline -0.004 -18"><span class='ocrx_word' id='word_1_628' title='bbox 2265 3751 2464 3822; x_wconf 77' lang='grc' dir='ltr'><strong>ἀρχῆς,</strong></span> <span class='ocrx_word' id='word_1_629' title='bbox 2500 3750 2593 3803; x_wconf 76' lang='grc' dir='ltr'>καὶ</span> <span class='ocrx_word' id='word_1_630' title='bbox 2633 3750 2695 3802; x_wconf 81' lang='grc' dir='ltr'><strong>τὸ</strong></span> <span class='ocrx_word' id='word_1_631' title='bbox 2739 3749 2987 3819; x_wconf 81' lang='grc' dir='ltr'><strong>είλῆσθαι</strong></span> <span class='ocrx_word' id='word_1_632' title='bbox 3040 3747 3221 3817; x_wconf 81' lang='grc' dir='ltr'><strong>λέγειν</strong></span> <span class='ocrx_word' id='word_1_633' title='bbox 3267 3746 3431 3800; x_wconf 79' lang='grc' dir='ltr'>αὑτὸν</span> <span class='ocrx_word' id='word_1_634' title='bbox 3455 3743 3554 3809; x_wconf 83' lang='grc' dir='ltr'><strong>τὰς</strong></span> <span class='ocrx_word' id='word_1_635' title='bbox 3596 3745 3868 3816; x_wconf 73' lang='grc' dir='ltr'>πλευρὰς,</span> 
     </span>
    </p>
   </div>
   <div class='ocr_carea' id='block_1_84' title="bbox 2266 3834 3872 3913">
    <p class='ocr_par' dir='ltr' id='par_1_84' title="bbox 2266 3834 3872 3913">
     <span class='ocr_line' id='line_1_84' title="bbox 2266 3834 3872 3913; baseline -0.004 -20"><span class='ocrx_word' id='word_1_636' title='bbox 2266 3841 2453 3913; x_wconf 78' lang='grc' dir='ltr'>ἕτερον</span> <span class='ocrx_word' id='word_1_637' title='bbox 2484 3840 2638 3893; x_wconf 79' lang='grc' dir='ltr'>οὑδέν</span> <span class='ocrx_word' id='word_1_638' title='bbox 2665 3839 2752 3909; x_wconf 71' lang='grc' dir='ltr'><strong>εἴη</strong></span> <span class='ocrx_word' id='word_1_639' title='bbox 2776 3838 2843 3893; x_wconf 83' lang='grc' dir='ltr'><strong>ἀν</strong></span> <span class='ocrx_word' id='word_1_640' title='bbox 2875 3839 2908 3910; x_wconf 83' lang='grc' dir='ltr'>ἢ</span> <span class='ocrx_word' id='word_1_641' title='bbox 2956 3837 3090 3891; x_wconf 81' lang='grc' dir='ltr'>αὐτὸ</span> <span class='ocrx_word' id='word_1_642' title='bbox 3125 3836 3190 3906; x_wconf 83' lang='grc' dir='ltr'>δὴ</span> <span class='ocrx_word' id='word_1_643' title='bbox 3229 3834 3388 3890; x_wconf 82' lang='grc' dir='ltr'>τοῦτο</span> <span class='ocrx_word' id='word_1_644' title='bbox 3425 3834 3872 3905; x_wconf 84' lang='grc' dir='ltr'>κατασημαίνον-</span> 
     </span>
    </p>
   </div>
   <div class='ocr_carea' id='block_1_85' title="bbox 2266 3926 3873 4002">
    <p class='ocr_par' dir='ltr' id='par_1_85' title="bbox 2266 3926 3873 4002">
     <span class='ocr_line' id='line_1_85' title="bbox 2266 3926 3873 4002; baseline -0.004 -17"><span class='ocrx_word' id='word_1_645' title='bbox 2266 3950 2381 3995; x_wconf 89' lang='grc' dir='ltr'><strong>τος,</strong></span> <span class='ocrx_word' id='word_1_646' title='bbox 2422 3934 2504 3986; x_wconf 83' lang='grc' dir='ltr'><strong>ὅτι</strong></span> <span class='ocrx_word' id='word_1_647' title='bbox 2537 3932 2789 4002; x_wconf 88' lang='grc' dir='ltr'>καθάπερ</span> <span class='ocrx_word' id='word_1_648' title='bbox 2832 3930 2956 3983; x_wconf 89' lang='grc' dir='ltr'><strong>τινά</strong></span> <span class='ocrx_word' id='word_1_649' title='bbox 3017 3929 3280 3999; x_wconf 79' lang='grc' dir='ltr'><strong>ζωστῆρα</strong></span> <span class='ocrx_word' id='word_1_650' title='bbox 3340 3927 3714 3998; x_wconf 84' lang='grc' dir='ltr'>περικείσεται</span> <span class='ocrx_word' id='word_1_651' title='bbox 3766 3926 3873 3995; x_wconf 81' lang='grc' dir='ltr'><strong>τὴν</strong></span> 
     </span>
    </p>
   </div>
   <div class='ocr_carea' id='block_1_86' title="bbox 2265 4019 3871 4093">
    <p class='ocr_par' dir='ltr' id='par_1_86' title="bbox 2265 4019 3871 4093">
     <span class='ocr_line' id='line_1_86' title="bbox 2265 4019 3871 4093; baseline -0.005 -14"><span class='ocrx_word' id='word_1_652' title='bbox 2265 4024 2636 4093; x_wconf 82' lang='grc' dir='ltr'>δικαιοσύνην,</span> <span class='ocrx_word' id='word_1_653' title='bbox 2668 4022 2765 4075; x_wconf 74' lang='grc' dir='ltr'><strong>καὶ</strong></span> <span class='ocrx_word' id='word_1_654' title='bbox 2796 4021 2933 4092; x_wconf 84' lang='grc' dir='ltr'>πρὸς</span> <span class='ocrx_word' id='word_1_655' title='bbox 2965 4021 3102 4091; x_wconf 78' lang='grc' dir='ltr'>αὐτῇ</span> <span class='ocrx_word' id='word_1_656' title='bbox 3140 4020 3240 4091; x_wconf 84' lang='grc' dir='ltr'><strong>τὴν</strong></span> <span class='ocrx_word' id='word_1_657' title='bbox 3273 4019 3550 4090; x_wconf 83' lang='grc' dir='ltr'><strong>ἀλήθειαν.</strong></span> <span class='ocrx_word' id='word_1_658' title='bbox 3593 4019 3756 4082; x_wconf 76' lang='grc' dir='ltr'><strong>Εἰκὸς</strong></span> <span class='ocrx_word' id='word_1_659' title='bbox 3809 4019 3871 4072; x_wconf 83' lang='grc' dir='ltr'>δὲ</span> 
     </span>
    </p>
   </div>
   <div class='ocr_carea' id='block_1_87' title="bbox 2264 4109 3871 4186">
    <p class='ocr_par' dir='ltr' id='par_1_87' title="bbox 2264 4109 3871 4186">
     <span class='ocr_line' id='line_1_87' title="bbox 2264 4109 3871 4186; baseline -0.005 -16"><span class='ocrx_word' id='word_1_660' title='bbox 2264 4116 2329 4186; x_wconf 83' lang='grc' dir='ltr'><strong>δὴ</strong></span> <span class='ocrx_word' id='word_1_661' title='bbox 2360 4117 2442 4169; x_wconf 81' lang='grc' dir='ltr'><strong>ὅτι</strong></span> <span class='ocrx_word' id='word_1_662' title='bbox 2477 4115 2572 4168; x_wconf 70' lang='grc' dir='ltr'>καὶ</span> <span class='ocrx_word' id='word_1_663' title='bbox 2597 4110 2946 4180; x_wconf 80' lang='grc' dir='ltr'>δικαιοσύνην</span> <span class='ocrx_word' id='word_1_664' title='bbox 2976 4110 3071 4165; x_wconf 82' lang='grc' dir='ltr'>καὶ</span> <span class='ocrx_word' id='word_1_665' title='bbox 3101 4110 3369 4181; x_wconf 81' lang='grc' dir='ltr'><strong>ἀλήθειαν</strong></span> <span class='ocrx_word' id='word_1_666' title='bbox 3429 4110 3490 4163; x_wconf 81' lang='grc' dir='ltr'><strong>τὸ</strong></span> <span class='ocrx_word' id='word_1_667' title='bbox 3523 4109 3643 4164; x_wconf 79' lang='grc' dir='ltr'><strong>νέον</strong></span> <span class='ocrx_word' id='word_1_668' title='bbox 3672 4126 3732 4163; x_wconf 79' lang='grc' dir='ltr'><strong>τε</strong></span> <span class='ocrx_word' id='word_1_669' title='bbox 3772 4109 3871 4163; x_wconf 69' lang='grc' dir='ltr'>καὶ</span> 
     </span>
    </p>
   </div>
   <div class='ocr_carea' id='block_1_88' title="bbox 2266 4203 3869 4278">
    <p class='ocr_par' dir='ltr' id='par_1_88' title="bbox 2266 4203 3869 4278">
     <span class='ocr_line' id='line_1_88' title="bbox 2266 4203 3869 4278; baseline -0.005 -14"><span class='ocrx_word' id='word_1_670' title='bbox 2266 4207 2623 4278; x_wconf 71' lang='grc' dir='ltr'><strong>εὐαγγελικδν</strong></span> <span class='ocrx_word' id='word_1_671' title='bbox 2665 4204 2975 4259; x_wconf 85' lang='grc' dir='ltr'>ἀπεκάλεσε</span> <span class='ocrx_word' id='word_1_672' title='bbox 3032 4204 3320 4275; x_wconf 80' lang='grc' dir='ltr'>κήρυγμα,</span> <span class='ocrx_word' id='word_1_673' title='bbox 3376 4204 3519 4257; x_wconf 89' lang='grc' dir='ltr'>κατά</span> <span class='ocrx_word' id='word_1_674' title='bbox 3543 4221 3603 4256; x_wconf 91' lang='grc' dir='ltr'><strong>τε</strong></span> <span class='ocrx_word' id='word_1_675' title='bbox 3660 4204 3723 4255; x_wconf 83' lang='grc' dir='ltr'><strong>τὸ</strong></span> <span class='ocrx_word' id='word_1_676' title='bbox 3780 4203 3869 4256; x_wconf 75' lang='grc' dir='ltr'><strong>διὰ</strong></span> 
     </span>
    </p>
   </div>
   <div class='ocr_carea' id='block_1_89' title="bbox 2263 4290 3866 4368">
    <p class='ocr_par' dir='ltr' id='par_1_89' title="bbox 2263 4290 3866 4368">
     <span class='ocr_line' id='line_1_89' title="bbox 2263 4290 3866 4368; baseline -0.015 -18"><span class='ocrx_word' id='word_1_677' title='bbox 2263 4300 2365 4368; x_wconf 76' lang='grc' dir='ltr'><strong>τῆς</strong></span> <span class='ocrx_word' id='word_1_678' title='bbox 2421 4295 2517 4349; x_wconf 79' lang='grc' dir='ltr'><strong>τοῦ</strong></span> <span class='ocrx_word' id='word_1_679' title='bbox 2559 4293 2852 4364; x_wconf 78' lang='grc' dir='ltr'><strong>ψάλλοντος</strong></span> <span class='ocrx_word' id='word_1_680' title='bbox 2892 4294 3079 4361; x_wconf 83' lang='grc' dir='ltr'><strong>φωνῆς</strong></span> <span class='ocrx_word' id='word_1_681' title='bbox 3131 4290 3268 4361; x_wconf 79' lang='grc' dir='ltr'>πρὸς</span> <span class='ocrx_word' id='word_1_682' title='bbox 3311 4290 3476 4343; x_wconf 79' lang='grc' dir='ltr'>αὐτὸν</span> <span class='ocrx_word' id='word_1_683' title='bbox 3528 4290 3826 4363; x_wconf 76' lang='grc' dir='ltr'>εἰρημένον</span> <span class='ocrx_word' id='word_1_684' title='bbox 3850 4306 3866 4322; x_wconf 75' lang='grc' dir='ltr'><strong>ο</strong></span> 
     </span>
    </p>
   </div>
   <div class='ocr_carea' id='block_1_90' title="bbox 2272 4382 3869 4457">
    <p class='ocr_par' dir='ltr' id='par_1_90' title="bbox 2272 4382 3869 4457">
     <span class='ocr_line' id='line_1_90' title="bbox 2272 4382 3869 4457; baseline -0.008 -9"><span class='ocrx_word' id='word_1_685' title='bbox 2272 4414 2291 4447; x_wconf 82' lang='grc' dir='ltr'>ι</span> <span class='ocrx_word' id='word_1_686' title='bbox 2326 4394 2392 4447; x_wconf 86' lang='grc' dir='ltr'><strong>Ἦ</strong></span> <span class='ocrx_word' id='word_1_687' title='bbox 2429 4386 2742 4457; x_wconf 88' lang='grc' dir='ltr'>δικαιοσύνη</span> <span class='ocrx_word' id='word_1_688' title='bbox 2777 4401 2870 4437; x_wconf 88' lang='grc' dir='ltr'><strong>σου</strong></span> <span class='ocrx_word' id='word_1_689' title='bbox 2901 4384 3215 4453; x_wconf 86' lang='grc' dir='ltr'>δικαιοσύνη</span> <span class='ocrx_word' id='word_1_690' title='bbox 3246 4384 3327 4446; x_wconf 79' lang='grc' dir='ltr'><strong>εἰς</strong></span> <span class='ocrx_word' id='word_1_691' title='bbox 3356 4382 3447 4436; x_wconf 85' lang='grc' dir='ltr'>τὸν</span> <span class='ocrx_word' id='word_1_692' title='bbox 3474 4382 3649 4435; x_wconf 74' lang='grc' dir='ltr'>αἰῶνα</span> <span class='ocrx_word' id='word_1_693' title='bbox 3670 4399 3683 4411; x_wconf 92' lang='grc'><strong>·</strong></span> <span class='ocrx_word' id='word_1_694' title='bbox 3715 4382 3814 4435; x_wconf 74' lang='grc' dir='ltr'><strong>καὶ</strong></span> <span class='ocrx_word' id='word_1_695' title='bbox 3841 4385 3869 4436; x_wconf 86' lang='grc' dir='ltr'>ὁ</span> 
     </span>
    </p>
   </div>
   <div class='ocr_carea' id='block_1_91' title="bbox 2266 4472 3872 4557">
    <p class='ocr_par' dir='ltr' id='par_1_91' title="bbox 2266 4472 3872 4557">
     <span class='ocr_line' id='line_1_91' title="bbox 2266 4472 3872 4557; baseline -0.008 -17"><span class='ocrx_word' id='word_1_696' title='bbox 2266 4486 2430 4557; x_wconf 82' lang='grc' dir='ltr'><strong>νόμος</strong></span> <span class='ocrx_word' id='word_1_697' title='bbox 2479 4498 2571 4535; x_wconf 82' lang='grc' dir='ltr'><strong>σου</strong></span> <span class='ocrx_word' id='word_1_698' title='bbox 2603 4478 2850 4549; x_wconf 86' lang='grc' dir='ltr'><strong>ἀλήθεια.</strong></span> <span class='ocrx_word' id='word_1_699' title='bbox 2903 4495 2921 4528; x_wconf 78' lang='grc' dir='ltr'><strong>ι</strong></span> <span class='ocrx_word' id='word_1_700' title='bbox 2961 4475 3324 4545; x_wconf 84' lang='grc' dir='ltr'>Δικαιοσύνης</span> <span class='ocrx_word' id='word_1_701' title='bbox 3355 4474 3455 4544; x_wconf 81' lang='grc' dir='ltr'><strong>μὲν</strong></span> <span class='ocrx_word' id='word_1_702' title='bbox 3481 4472 3591 4544; x_wconf 81' lang='grc' dir='ltr'><strong>γάρ</strong></span> <span class='ocrx_word' id='word_1_703' title='bbox 3616 4474 3872 4527; x_wconf 87' lang='grc' dir='ltr'>διδάσκα-</span> 
     </span>
    </p>
   </div>
   <div class='ocr_carea' id='block_1_92' title="bbox 580 4566 3867 4654">
    <p class='ocr_par' dir='ltr' id='par_1_92' title="bbox 580 4566 3867 4654">
     <span class='ocr_line' id='line_1_92' title="bbox 580 4566 3867 4654; baseline -0.002 -20"><span class='ocrx_word' id='word_1_704' title='bbox 580 4579 672 4644; x_wconf 82' lang='grc' dir='ltr'><strong>λος</strong></span> <span class='ocrx_word' id='word_1_705' title='bbox 698 4582 835 4636; x_wconf 78' lang='grc' dir='ltr'>καὶὸ</span> <span class='ocrx_word' id='word_1_706' title='bbox 864 4583 1024 4653; x_wconf 84' lang='grc' dir='ltr'>νόμος</span> <span class='ocrx_word' id='word_1_707' title='bbox 1048 4577 1137 4654; x_wconf 80' lang='grc' dir='ltr'><strong>ἦν,</strong></span> <span class='ocrx_word' id='word_1_708' title='bbox 1168 4581 1284 4636; x_wconf 82' lang='grc' dir='ltr'><strong>ἀλλ’</strong></span> <span class='ocrx_word' id='word_1_709' title='bbox 1312 4581 1372 4634; x_wconf 86' lang='grc' dir='ltr'><strong>οὺ</strong></span> <span class='ocrx_word' id='word_1_710' title='bbox 1404 4578 1711 4651; x_wconf 78' lang='grc' dir='ltr'>μεμένηκεν</span> <span class='ocrx_word' id='word_1_711' title='bbox 1743 4581 1823 4645; x_wconf 74' lang='grc' dir='ltr'><strong>εἰς</strong></span> <span class='ocrx_word' id='word_1_712' title='bbox 1887 4581 1980 4636; x_wconf 82' lang='grc' dir='ltr'><strong>τὸν</strong></span> <span class='ocrx_word' id='word_1_713' title='bbox 2027 4584 2222 4652; x_wconf 82' lang='grc' dir='ltr'>αἰῶνα,</span> <span class='ocrx_word' id='word_1_714' title='bbox 2297 4582 2397 4651; x_wconf 81' lang='grc' dir='ltr'><strong>τῆς</strong></span> <span class='ocrx_word' id='word_1_715' title='bbox 2456 4575 2763 4647; x_wconf 76' lang='grc' dir='ltr'><strong>κρείττονος</strong></span> <span class='ocrx_word' id='word_1_716' title='bbox 2822 4571 2916 4624; x_wconf 64' lang='grc' dir='ltr'><strong>καὶ</strong></span> <span class='ocrx_word' id='word_1_717' title='bbox 2962 4568 3295 4640; x_wconf 73' lang='grc' dir='ltr'><strong>τελεωτέρας</strong></span> <span class='ocrx_word' id='word_1_718' title='bbox 3345 4566 3867 4639; x_wconf 74' lang='grc' dir='ltr'><strong>εἰσκεκομισμένης.</strong></span> 
     </span>
    </p>
   </div>
   <div class='ocr_carea' id='block_1_93' title="bbox 580 4658 3864 4746">
    <p class='ocr_par' dir='ltr' id='par_1_93' title="bbox 580 4658 3864 4746">
     <span class='ocr_line' id='line_1_93' title="bbox 580 4658 3864 4746; baseline -0.005 -19"><span class='ocrx_word' id='word_1_719' title='bbox 580 4673 737 4743; x_wconf 80' lang='grc' dir='ltr'><strong>δῆλον</strong></span> <span class='ocrx_word' id='word_1_720' title='bbox 768 4674 825 4727; x_wconf 81' lang='grc' dir='ltr'>δὲ</span> <span class='ocrx_word' id='word_1_721' title='bbox 857 4676 937 4728; x_wconf 85' lang='grc' dir='ltr'><strong>ὅτι</strong></span> <span class='ocrx_word' id='word_1_722' title='bbox 963 4673 1063 4745; x_wconf 81' lang='grc' dir='ltr'><strong>τῆς</strong></span> <span class='ocrx_word' id='word_1_723' title='bbox 1095 4674 1183 4728; x_wconf 82' lang='grc' dir='ltr'><strong>διά</strong></span> <span class='ocrx_word' id='word_1_724' title='bbox 1225 4671 1482 4745; x_wconf 76' lang='grc' dir='ltr'>Χριστοῦ.</span> <span class='ocrx_word' id='word_1_725' title='bbox 1546 4667 1655 4725; x_wconf 87' lang='grc' dir='ltr'><strong>Ἦν</strong></span> <span class='ocrx_word' id='word_1_726' title='bbox 1707 4672 1763 4725; x_wconf 85' lang='grc' dir='ltr'><strong>δὲ</strong></span> <span class='ocrx_word' id='word_1_727' title='bbox 1814 4675 1908 4729; x_wconf 75' lang='grc' dir='ltr'><strong>καὶ</strong></span> <span class='ocrx_word' id='word_1_728' title='bbox 1965 4679 1993 4729; x_wconf 87' lang='grc' dir='ltr'>ὁ</span> <span class='ocrx_word' id='word_1_729' title='bbox 2034 4676 2201 4730; x_wconf 81' lang='grc' dir='ltr'><strong>πάλαι</strong></span> <span class='ocrx_word' id='word_1_730' title='bbox 2235 4675 2399 4746; x_wconf 84' lang='grc' dir='ltr'>νόμος</span> <span class='ocrx_word' id='word_1_731' title='bbox 2459 4670 2559 4721; x_wconf 71' lang='grc' dir='ltr'>οἰκ</span> <span class='ocrx_word' id='word_1_732' title='bbox 2605 4664 2832 4736; x_wconf 82' lang='grc' dir='ltr'>ἀλήθεια</span> <span class='ocrx_word' id='word_1_733' title='bbox 2887 4661 3107 4733; x_wconf 79' lang='grc' dir='ltr'><strong>μᾶλλον,</strong></span> <span class='ocrx_word' id='word_1_734' title='bbox 3149 4660 3286 4714; x_wconf 88' lang='grc' dir='ltr'><strong>ἀλλά</strong></span> <span class='ocrx_word' id='word_1_735' title='bbox 3354 4659 3523 4724; x_wconf 86' lang='grc' dir='ltr'>τύπος</span> <span class='ocrx_word' id='word_1_736' title='bbox 3568 4660 3665 4712; x_wconf 59' lang='grc' dir='ltr'><strong>καὶ⁵</strong></span> <span class='ocrx_word' id='word_1_737' title='bbox 3714 4658 3864 4712; x_wconf 78' lang='grc' dir='ltr'><strong>σκιάο</strong></span> 
     </span>
    </p>
   </div>
   <div class='ocr_carea' id='block_1_94' title="bbox 580 4756 3544 4845">
    <p class='ocr_par' dir='ltr' id='par_1_94' title="bbox 580 4756 3544 4845">
     <span class='ocr_line' id='line_1_94' title="bbox 580 4756 3544 4845; baseline -0.005 -22"><span class='ocrx_word' id='word_1_738' title='bbox 580 4768 814 4841; x_wconf 76' lang='grc' dir='ltr'>Χριστὸς</span> <span class='ocrx_word' id='word_1_739' title='bbox 850 4770 905 4822; x_wconf 82' lang='grc' dir='ltr'>δὲ</span> <span class='ocrx_word' id='word_1_740' title='bbox 937 4772 1029 4823; x_wconf 68' lang='grc' dir='ltr'><strong>καὶ</strong></span> <span class='ocrx_word' id='word_1_741' title='bbox 1057 4770 1124 4822; x_wconf 88' lang='grc' dir='ltr'><strong>τά</strong></span> <span class='ocrx_word' id='word_1_742' title='bbox 1151 4769 1316 4822; x_wconf 82' lang='grc' dir='ltr'>αὑτοῦ</span> <span class='ocrx_word' id='word_1_743' title='bbox 1356 4768 1612 4841; x_wconf 80' lang='grc' dir='ltr'>καθαρῶς</span> <span class='ocrx_word' id='word_1_744' title='bbox 1646 4772 1678 4840; x_wconf 85' lang='grc' dir='ltr'>ἡ</span> <span class='ocrx_word' id='word_1_745' title='bbox 1729 4770 1975 4841; x_wconf 85' lang='grc' dir='ltr'><strong>ἀλήθεια.</strong></span> <span class='ocrx_word' id='word_1_746' title='bbox 2032 4775 2321 4845; x_wconf 87' lang='grc' dir='ltr'><strong>Τοιγάρτοι</strong></span> <span class='ocrx_word' id='word_1_747' title='bbox 2356 4767 2451 4821; x_wconf 65' lang='grc' dir='ltr'>καὶ</span> <span class='ocrx_word' id='word_1_748' title='bbox 2482 4766 2749 4834; x_wconf 64' lang='grc' dir='ltr'>ἔφασκεν·</span> <span class='ocrx_word' id='word_1_749' title='bbox 2792 4779 2810 4810; x_wconf 83' lang='grc' dir='ltr'>ι</span> <span class='ocrx_word' id='word_1_750' title='bbox 2854 4758 2995 4827; x_wconf 81' lang='grc' dir='ltr'><strong>Ἐγώ</strong></span> <span class='ocrx_word' id='word_1_751' title='bbox 3026 4758 3141 4829; x_wconf 74' lang='grc' dir='ltr'>ειμι</span> <span class='ocrx_word' id='word_1_752' title='bbox 3179 4756 3477 4829; x_wconf 79' lang='grc' dir='ltr'><strong>ὴάλήθεια.</strong></span> <span class='ocrx_word' id='word_1_753' title='bbox 3526 4776 3544 4808; x_wconf 77' lang='grc' dir='ltr'><strong>ι</strong></span> 
     </span>
    </p>
   </div>
   <div class='ocr_carea' id='block_1_95' title="bbox 654 4845 2172 4933">
    <p class='ocr_par' dir='ltr' id='par_1_95' title="bbox 654 4860 2157 4933">
     <span class='ocr_line' id='line_1_95' title="bbox 654 4860 2157 4933; baseline 0.001 -15"><span class='ocrx_word' id='word_1_754' title='bbox 654 4864 818 4933; x_wconf 78' lang='lat'><strong>198</strong></span> <span class='ocrx_word' id='word_1_755' title='bbox 864 4863 1021 4916; x_wconf 70' lang='lat' dir='ltr'><strong>Vsus.</strong></span> <span class='ocrx_word' id='word_1_756' title='bbox 1068 4862 1187 4917; x_wconf 83' lang='lat'><strong>6-9.</strong></span> <span class='ocrx_word' id='word_1_757' title='bbox 1241 4860 1308 4914; x_wconf 85' lang='lat' dir='ltr'><strong>Et</strong></span> <span class='ocrx_word' id='word_1_758' title='bbox 1359 4864 1515 4915; x_wconf 87' lang='lat' dir='ltr'><strong>simul</strong></span> <span class='ocrx_word' id='word_1_759' title='bbox 1560 4874 1801 4931; x_wconf 85' lang='lat' dir='ltr'><strong>pascetur</strong></span> <span class='ocrx_word' id='word_1_760' title='bbox 1843 4864 1995 4928; x_wconf 69' lang='lat' dir='ltr'><strong>lupus</strong></span> <span class='ocrx_word' id='word_1_761' title='bbox 2041 4884 2157 4919; x_wconf 90' lang='lat' dir='ltr'><strong>cum</strong></span> 
     </span>
    </p>
   </div>
   <div class='ocr_carea' id='block_1_96' title="bbox 2273 4845 3864 4933">
    <p class='ocr_par' dir='ltr' id='par_1_96' title="bbox 2336 4845 3864 4924">
     <span class='ocr_line' id='line_1_96' title="bbox 2336 4845 3864 4924; baseline -0.012 -10"><span class='ocrx_word' id='word_1_762' title='bbox 2336 4860 2444 4915; x_wconf 82' lang='grc' dir='ltr'><strong>Καὶ</strong></span> <span class='ocrx_word' id='word_1_763' title='bbox 2488 4851 3056 4924; x_wconf 73' lang='grc' dir='ltr'>σινμὸοσκηθήσεται</span> <span class='ocrx_word' id='word_1_764' title='bbox 3102 4851 3292 4913; x_wconf 78' lang='grc' dir='ltr'>λύκος</span> <span class='ocrx_word' id='word_1_765' title='bbox 3336 4847 3487 4917; x_wconf 81' lang='grc' dir='ltr'>μετὰ</span> <span class='ocrx_word' id='word_1_766' title='bbox 3520 4846 3727 4916; x_wconf 78' lang='grc' dir='ltr'><strong>ἀρνὸς,</strong></span> <span class='ocrx_word' id='word_1_767' title='bbox 3766 4845 3864 4897; x_wconf 75' lang='grc' dir='ltr'>καὶ</span> 
     </span>
    </p>
   </div>
   <div class='ocr_carea' id='block_1_97' title="bbox 580 4937 2172 5025">
    <p class='ocr_par' dir='ltr' id='par_1_97' title="bbox 580 4954 2160 5025">
     <span class='ocr_line' id='line_1_97' title="bbox 580 4954 2160 5025; baseline -0.001 -16"><span class='ocrx_word' id='word_1_768' title='bbox 580 4972 736 5025; x_wconf 87' lang='lat' dir='ltr'><strong>agno,</strong></span> <span class='ocrx_word' id='word_1_769' title='bbox 762 4966 808 5009; x_wconf 83' lang='lat' dir='ltr'><strong>et</strong></span> <span class='ocrx_word' id='word_1_770' title='bbox 834 4954 1028 5022; x_wconf 82' lang='lat' dir='ltr'><strong>pardus</strong></span> <span class='ocrx_word' id='word_1_771' title='bbox 1057 4954 1329 5007; x_wconf 84' lang='lat' dir='ltr'><strong>accubabit</strong></span> <span class='ocrx_word' id='word_1_772' title='bbox 1357 4956 1526 5017; x_wconf 71' lang='lat' dir='ltr'><strong>nardo,</strong></span> <span class='ocrx_word' id='word_1_773' title='bbox 1554 4965 1599 5006; x_wconf 89' lang='lat' dir='ltr'><strong>et</strong></span> <span class='ocrx_word' id='word_1_774' title='bbox 1634 4954 1843 5016; x_wconf 79' lang='lat' dir='ltr'><strong>vitulus,</strong></span> <span class='ocrx_word' id='word_1_775' title='bbox 1875 4966 1922 5007; x_wconf 89' lang='lat' dir='ltr'><strong>et</strong></span> <span class='ocrx_word' id='word_1_776' title='bbox 1953 4964 2160 5019; x_wconf 87' lang='lat' dir='ltr'><strong>taurus,</strong></span> 
     </span>
    </p>
   </div>
   <div class='ocr_carea' id='block_1_98' title="bbox 2273 4937 3861 5025">
    <p class='ocr_par' dir='ltr' id='par_1_98' title="bbox 2273 4937 3861 5019">
     <span class='ocr_line' id='line_1_98' title="bbox 2273 4937 3861 5019; baseline -0.011 -14"><span class='ocrx_word' id='word_1_777' title='bbox 2273 4951 2563 5019; x_wconf 70' lang='grc' dir='ltr'>πάρδαλις</span> <span class='ocrx_word' id='word_1_778' title='bbox 2585 4945 3126 5001; x_wconf 78' lang='grc' dir='ltr'>συναναπαύσεται</span> <span class='ocrx_word' id='word_1_779' title='bbox 3156 4942 3357 5009; x_wconf 55' lang='grc' dir='ltr'><strong>ἐρίφῳ,</strong></span> <span class='ocrx_word' id='word_1_780' title='bbox 3382 4940 3479 4993; x_wconf 79' lang='grc' dir='ltr'>καὶ</span> <span class='ocrx_word' id='word_1_781' title='bbox 3501 4937 3861 5008; x_wconf 76' lang='grc' dir='ltr'>μοσχάριον,</span> 
     </span>
    </p>
   </div>
   <div class='ocr_carea' id='block_1_99' title="bbox 578 5027 2172 5116">
    <p class='ocr_par' dir='ltr' id='par_1_99' title="bbox 578 5046 2161 5116">
     <span class='ocr_line' id='line_1_99' title="bbox 578 5046 2161 5116; baseline 0.001 -15"><span class='ocrx_word' id='word_1_782' title='bbox 578 5058 628 5101; x_wconf 86' lang='lat' dir='ltr'><strong>et</strong></span> <span class='ocrx_word' id='word_1_783' title='bbox 656 5046 734 5101; x_wconf 88' lang='lat' dir='ltr'><strong>leo</strong></span> <span class='ocrx_word' id='word_1_784' title='bbox 768 5046 927 5100; x_wconf 90' lang='lat' dir='ltr'><strong>simul</strong></span> <span class='ocrx_word' id='word_1_785' title='bbox 956 5057 1253 5115; x_wconf 75' lang='lat' dir='ltr'><strong>pascentur,</strong></span> <span class='ocrx_word' id='word_1_786' title='bbox 1278 5058 1323 5101; x_wconf 88' lang='lat' dir='ltr'><strong>et</strong></span> <span class='ocrx_word' id='word_1_787' title='bbox 1351 5064 1483 5116; x_wconf 79' lang='lat' dir='ltr'><strong>puer</strong></span> <span class='ocrx_word' id='word_1_788' title='bbox 1528 5046 1775 5114; x_wconf 81' lang='lat' dir='ltr'><strong>parvulus</strong></span> <span class='ocrx_word' id='word_1_789' title='bbox 1803 5056 1919 5116; x_wconf 86' lang='lat' dir='ltr'><strong>aget</strong></span> <span class='ocrx_word' id='word_1_790' title='bbox 1946 5063 2030 5100; x_wconf 82' lang='lat' dir='ltr'><strong>eos</strong></span> <span class='ocrx_word' id='word_1_791' title='bbox 2066 5064 2084 5101; x_wconf 90' lang='lat'><strong><em>:</em></strong></span> <span class='ocrx_word' id='word_1_792' title='bbox 2115 5059 2161 5102; x_wconf 89' lang='lat' dir='ltr'><strong>et</strong></span> 
     </span>
    </p>
   </div>
   <div class='ocr_carea' id='block_1_100' title="bbox 2273 5027 3858 5116">
    <p class='ocr_par' dir='ltr' id='par_1_100' title="bbox 2273 5027 3858 5107">
     <span class='ocr_line' id='line_1_100' title="bbox 2273 5027 3858 5107; baseline -0.012 -9"><span class='ocrx_word' id='word_1_793' title='bbox 2273 5044 2366 5099; x_wconf 78' lang='grc' dir='ltr'>καὶ</span> <span class='ocrx_word' id='word_1_794' title='bbox 2395 5042 2631 5107; x_wconf 79' lang='grc' dir='ltr'>ταῦρος.</span> <span class='ocrx_word' id='word_1_795' title='bbox 2672 5036 2769 5090; x_wconf 82' lang='grc' dir='ltr'>καὶ</span> <span class='ocrx_word' id='word_1_796' title='bbox 2808 5034 2965 5089; x_wconf 80' lang='grc' dir='ltr'><strong>λέων</strong></span> <span class='ocrx_word' id='word_1_797' title='bbox 3015 5035 3135 5103; x_wconf 79' lang='grc' dir='ltr'>ἅμα</span> <span class='ocrx_word' id='word_1_798' title='bbox 3180 5031 3698 5099; x_wconf 72' lang='grc' dir='ltr'>βοσκτιθήσονται,</span> <span class='ocrx_word' id='word_1_799' title='bbox 3761 5027 3858 5080; x_wconf 75' lang='grc' dir='ltr'>καὶ</span> 
     </span>
    </p>
   </div>
   <div class='ocr_carea' id='block_1_101' title="bbox 580 5120 2172 5218">
    <p class='ocr_par' dir='ltr' id='par_1_101' title="bbox 580 5138 2161 5208">
     <span class='ocr_line' id='line_1_101' title="bbox 580 5138 2161 5208; baseline 0 -15"><span class='ocrx_word' id='word_1_800' title='bbox 580 5140 701 5205; x_wconf 85' lang='lat' dir='ltr'><strong>bos,</strong></span> <span class='ocrx_word' id='word_1_801' title='bbox 737 5149 783 5192; x_wconf 91' lang='lat' dir='ltr'><strong>et</strong></span> <span class='ocrx_word' id='word_1_802' title='bbox 833 5155 983 5192; x_wconf 82' lang='lat' dir='ltr'><strong>ursus</strong></span> <span class='ocrx_word' id='word_1_803' title='bbox 1028 5148 1443 5208; x_wconf 82' lang='lat' dir='ltr'><strong>compascentur,</strong></span> <span class='ocrx_word' id='word_1_804' title='bbox 1480 5150 1527 5193; x_wconf 85' lang='lat' dir='ltr'><strong>et</strong></span> <span class='ocrx_word' id='word_1_805' title='bbox 1572 5138 1730 5193; x_wconf 86' lang='lat' dir='ltr'><strong>simul</strong></span> <span class='ocrx_word' id='word_1_806' title='bbox 1775 5141 1934 5191; x_wconf 84' lang='lat' dir='ltr'><strong>catuli</strong></span> <span class='ocrx_word' id='word_1_807' title='bbox 1983 5156 2161 5193; x_wconf 83' lang='lat' dir='ltr'><strong>eorum</strong></span> 
     </span>
    </p>
   </div>
   <div class='ocr_carea' id='block_1_102' title="bbox 2273 5120 3862 5218">
    <p class='ocr_par' dir='ltr' id='par_1_102' title="bbox 2273 5120 3862 5218">
     <span class='ocr_line' id='line_1_102' title="bbox 2273 5120 3862 5218; baseline -0.012 -29"><span class='ocrx_word' id='word_1_808' title='bbox 2273 5135 2511 5190; x_wconf 76' lang='grc' dir='ltr'>παιδίον</span> <span class='ocrx_word' id='word_1_809' title='bbox 2533 5130 2750 5202; x_wconf 77' lang='grc' dir='ltr'>μικρὸν</span> <span class='ocrx_word' id='word_1_810' title='bbox 2780 5129 2910 5193; x_wconf 76' lang='grc' dir='ltr'><strong>ἄξει</strong></span> <span class='ocrx_word' id='word_1_811' title='bbox 2949 5127 3189 5191; x_wconf 79' lang='grc' dir='ltr'><strong>αὐτούς.</strong></span> <span class='ocrx_word' id='word_1_812' title='bbox 3227 5124 3335 5179; x_wconf 82' lang='lat' dir='ltr'><strong>Kal</strong></span> <span class='ocrx_word' id='word_1_813' title='bbox 3365 5121 3523 5187; x_wconf 78' lang='grc' dir='ltr'><strong>βοῦς</strong></span> <span class='ocrx_word' id='word_1_814' title='bbox 3551 5122 3645 5173; x_wconf 77' lang='grc' dir='ltr'>καὶ</span> <span class='ocrx_word' id='word_1_815' title='bbox 3680 5120 3862 5218; x_wconf 60' lang='grc' dir='ltr'>ἄρκος</span> 
     </span>
    </p>
   </div>
   <div class='ocr_carea' id='block_1_103' title="bbox 578 5212 2172 5298">
    <p class='ocr_par' dir='ltr' id='par_1_103' title="bbox 578 5227 2164 5297">
     <span class='ocr_line' id='line_1_103' title="bbox 578 5227 2164 5297; baseline -0.001 -12"><span class='ocrx_word' id='word_1_816' title='bbox 578 5242 761 5295; x_wconf 83' lang='lat' dir='ltr'><strong>erunt;</strong></span> <span class='ocrx_word' id='word_1_817' title='bbox 789 5240 835 5284; x_wconf 81' lang='lat' dir='ltr'><strong>et</strong></span> <span class='ocrx_word' id='word_1_818' title='bbox 869 5231 975 5294; x_wconf 86' lang='lat' dir='ltr'><strong>leo,</strong></span> <span class='ocrx_word' id='word_1_819' title='bbox 1004 5240 1051 5284; x_wconf 89' lang='lat' dir='ltr'><strong>et</strong></span> <span class='ocrx_word' id='word_1_820' title='bbox 1084 5231 1173 5284; x_wconf 82' lang='lat' dir='ltr'><strong>bos</strong></span> <span class='ocrx_word' id='word_1_821' title='bbox 1203 5231 1363 5285; x_wconf 88' lang='lat' dir='ltr'><strong>simul</strong></span> <span class='ocrx_word' id='word_1_822' title='bbox 1422 5238 1690 5284; x_wconf 81' lang='lat' dir='ltr'><strong>vescentur</strong></span> <span class='ocrx_word' id='word_1_823' title='bbox 1722 5230 1906 5295; x_wconf 77' lang='lat' dir='ltr'><strong>paleis.</strong></span> <span class='ocrx_word' id='word_1_824' title='bbox 1939 5227 2003 5283; x_wconf 83' lang='lat' dir='ltr'><strong>Et</strong></span> <span class='ocrx_word' id='word_1_825' title='bbox 2036 5247 2164 5297; x_wconf 86' lang='lat' dir='ltr'><strong>puer</strong></span> 
     </span>
    </p>
   </div>
   <div class='ocr_carea' id='block_1_104' title="bbox 2273 5212 3862 5298">
    <p class='ocr_par' dir='ltr' id='par_1_104' title="bbox 2273 5212 3862 5298">
     <span class='ocr_line' id='line_1_104' title="bbox 2273 5212 3862 5298; baseline -0.014 -14"><span class='ocrx_word' id='word_1_826' title='bbox 2273 5228 2389 5298; x_wconf 80' lang='grc' dir='ltr'>ἅμα</span> <span class='ocrx_word' id='word_1_827' title='bbox 2416 5221 2933 5290; x_wconf 76' lang='grc' dir='ltr'>βοσκηθήσονται,</span> <span class='ocrx_word' id='word_1_828' title='bbox 2982 5217 3083 5272; x_wconf 76' lang='grc' dir='ltr'>καὶ</span> <span class='ocrx_word' id='word_1_829' title='bbox 3124 5217 3243 5286; x_wconf 78' lang='grc' dir='ltr'>ἅμα</span> <span class='ocrx_word' id='word_1_830' title='bbox 3294 5213 3367 5267; x_wconf 73' lang='grc' dir='ltr'><strong>τὰ</strong></span> <span class='ocrx_word' id='word_1_831' title='bbox 3419 5212 3626 5267; x_wconf 79' lang='grc' dir='ltr'>παιδία</span> <span class='ocrx_word' id='word_1_832' title='bbox 3663 5212 3862 5264; x_wconf 69' lang='grc' dir='ltr'>αὐτῶν</span> 
     </span>
    </p>
   </div>
   <div class='ocr_carea' id='block_1_105' title="bbox 576 5303 2172 5392">
    <p class='ocr_par' dir='ltr' id='par_1_105' title="bbox 576 5318 2161 5392">
     <span class='ocr_line' id='line_1_105' title="bbox 576 5318 2161 5392; baseline -0.004 -17"><span class='ocrx_word' id='word_1_833' title='bbox 576 5320 825 5392; x_wconf 84' lang='lat' dir='ltr'><strong>parvulus</strong></span> <span class='ocrx_word' id='word_1_834' title='bbox 865 5320 918 5374; x_wconf 89' lang='lat' dir='ltr'><strong>in</strong></span> <span class='ocrx_word' id='word_1_835' title='bbox 962 5321 1202 5389; x_wconf 78' lang='lat' dir='ltr'><strong>foramen</strong></span> <span class='ocrx_word' id='word_1_836' title='bbox 1244 5321 1518 5390; x_wconf 84' lang='lat' dir='ltr'><strong>aspidum,</strong></span> <span class='ocrx_word' id='word_1_837' title='bbox 1549 5330 1593 5372; x_wconf 87' lang='lat' dir='ltr'><strong>et</strong></span> <span class='ocrx_word' id='word_1_838' title='bbox 1634 5322 1689 5372; x_wconf 81' lang='lat' dir='ltr'><strong>in</strong></span> <span class='ocrx_word' id='word_1_839' title='bbox 1733 5318 1903 5373; x_wconf 78' lang='lat' dir='ltr'><strong>cubile</strong></span> <span class='ocrx_word' id='word_1_840' title='bbox 1944 5319 2161 5386; x_wconf 73' lang='lat' dir='ltr'><strong>[mtuum</strong></span> 
     </span>
    </p>
   </div>
   <div class='ocr_carea' id='block_1_106' title="bbox 2273 5303 3858 5392">
    <p class='ocr_par' dir='ltr' id='par_1_106' title="bbox 2273 5303 3858 5377">
     <span class='ocr_line' id='line_1_106' title="bbox 2273 5303 3858 5377; baseline -0.012 -4"><span class='ocrx_word' id='word_1_841' title='bbox 2273 5320 2513 5375; x_wconf 79' lang='grc' dir='ltr'>ἔσονται</span> <span class='ocrx_word' id='word_1_842' title='bbox 2534 5327 2547 5343; x_wconf 91' lang='grc'><strong>·</strong></span> <span class='ocrx_word' id='word_1_843' title='bbox 2584 5314 2680 5368; x_wconf 78' lang='grc' dir='ltr'>καὶ</span> <span class='ocrx_word' id='word_1_844' title='bbox 2701 5313 2860 5367; x_wconf 74' lang='grc' dir='ltr'><strong>λέων</strong></span> <span class='ocrx_word' id='word_1_845' title='bbox 2880 5315 2978 5365; x_wconf 80' lang='grc' dir='ltr'>καὶ</span> <span class='ocrx_word' id='word_1_846' title='bbox 3003 5310 3159 5376; x_wconf 75' lang='grc' dir='ltr'><strong>,βοῦς</strong></span> <span class='ocrx_word' id='word_1_847' title='bbox 3185 5310 3307 5377; x_wconf 83' lang='grc' dir='ltr'>ἅμα</span> <span class='ocrx_word' id='word_1_848' title='bbox 3333 5306 3622 5377; x_wconf 76' lang='grc' dir='ltr'><strong>φάγονται</strong></span> <span class='ocrx_word' id='word_1_849' title='bbox 3641 5303 3858 5370; x_wconf 75' lang='grc' dir='ltr'>ἄχυρα,</span> 
     </span>
    </p>
   </div>
   <div class='ocr_carea' id='block_1_107' title="bbox 576 5393 2172 5481">
    <p class='ocr_par' dir='ltr' id='par_1_107' title="bbox 576 5412 2162 5481">
     <span class='ocr_line' id='line_1_107' title="bbox 576 5412 2162 5481; baseline -0.003 -15"><span class='ocrx_word' id='word_1_850' title='bbox 576 5413 820 5481; x_wconf 81' lang='lat' dir='ltr'><strong>aspidum</strong></span> <span class='ocrx_word' id='word_1_851' title='bbox 845 5429 1059 5467; x_wconf 88' lang='lat' dir='ltr'><strong>ntanum</strong></span> <span class='ocrx_word' id='word_1_852' title='bbox 1085 5412 1350 5476; x_wconf 82' lang='lat' dir='ltr'><strong>immittet,</strong></span> <span class='ocrx_word' id='word_1_853' title='bbox 1378 5428 1469 5465; x_wconf 81' lang='lat' dir='ltr'><strong>nec</strong></span> <span class='ocrx_word' id='word_1_854' title='bbox 1496 5413 1707 5476; x_wconf 66' lang='lat' dir='ltr'><strong>(ardent,</strong></span> <span class='ocrx_word' id='word_1_855' title='bbox 1735 5426 1895 5481; x_wconf 84' lang='lat' dir='ltr'><strong>neque</strong></span> <span class='ocrx_word' id='word_1_856' title='bbox 1922 5418 2162 5479; x_wconf 88' lang='lat' dir='ltr'><strong>poterunt</strong></span> 
     </span>
    </p>
   </div>
   <div class='ocr_carea' id='block_1_108' title="bbox 2273 5393 3857 5481">
    <p class='ocr_par' dir='ltr' id='par_1_108' title="bbox 2273 5393 3857 5471">
     <span class='ocr_line' id='line_1_108' title="bbox 2273 5393 3857 5471; baseline -0.013 -6"><span class='ocrx_word' id='word_1_857' title='bbox 2273 5410 2377 5465; x_wconf 83' lang='grc' dir='ltr'>παί</span> <span class='ocrx_word' id='word_1_858' title='bbox 2424 5407 2665 5462; x_wconf 80' lang='grc' dir='ltr'>παιδίον</span> <span class='ocrx_word' id='word_1_859' title='bbox 2708 5406 2929 5470; x_wconf 75' lang='grc' dir='ltr'><strong>νήπιον</strong></span> <span class='ocrx_word' id='word_1_860' title='bbox 2983 5404 3079 5457; x_wconf 79' lang='grc' dir='ltr'><strong>ἐπὶ</strong></span> <span class='ocrx_word' id='word_1_861' title='bbox 3127 5401 3396 5471; x_wconf 76' lang='grc' dir='ltr'><strong>τρώγλην</strong></span> <span class='ocrx_word' id='word_1_862' title='bbox 3442 5396 3719 5452; x_wconf 78' lang='grc' dir='ltr'><strong>ἀσπίδων</strong></span> <span class='ocrx_word' id='word_1_863' title='bbox 3762 5393 3857 5446; x_wconf 74' lang='grc' dir='ltr'>καὶ</span> 
     </span>
    </p>
   </div>
   <div class='ocr_carea' id='block_1_109' title="bbox 461 5485 2172 5573">
    <p class='ocr_par' dir='ltr' id='par_1_109' title="bbox 461 5499 2166 5573">
     <span class='ocr_line' id='line_1_109' title="bbox 461 5499 2166 5573; baseline -0.003 -17"><span class='ocrx_word' id='word_1_864' title='bbox 461 5535 465 5538; x_wconf 85' lang='lat'><strong>~</strong></span> <span class='ocrx_word' id='word_1_865' title='bbox 575 5520 888 5573; x_wconf 80' lang='lat' dir='ltr'><strong>quemquam</strong></span> <span class='ocrx_word' id='word_1_866' title='bbox 912 5503 1127 5571; x_wconf 84' lang='lat' dir='ltr'><strong>perdere</strong></span> <span class='ocrx_word' id='word_1_867' title='bbox 1151 5503 1204 5555; x_wconf 84' lang='lat' dir='ltr'><strong>in</strong></span> <span class='ocrx_word' id='word_1_868' title='bbox 1231 5513 1403 5555; x_wconf 86' lang='lat' dir='ltr'><strong>monte</strong></span> <span class='ocrx_word' id='word_1_869' title='bbox 1431 5512 1613 5555; x_wconf 87' lang='lat' dir='ltr'><strong>sancto</strong></span> <span class='ocrx_word' id='word_1_870' title='bbox 1640 5518 1771 5565; x_wconf 84' lang='lat' dir='ltr'><strong>meo,</strong></span> <span class='ocrx_word' id='word_1_871' title='bbox 1798 5501 1925 5565; x_wconf 87' lang='lat' dir='ltr'><strong>quia</strong></span> <span class='ocrx_word' id='word_1_872' title='bbox 1951 5499 2166 5569; x_wconf 81' lang='lat' dir='ltr'><strong>impleta</strong></span> 
     </span>
    </p>
   </div>
   <div class='ocr_carea' id='block_1_110' title="bbox 2273 5485 3855 5573">
    <p class='ocr_par' dir='ltr' id='par_1_110' title="bbox 2273 5485 3855 5567">
     <span class='ocr_line' id='line_1_110' title="bbox 2273 5485 3855 5567; baseline -0.012 -11"><span class='ocrx_word' id='word_1_873' title='bbox 2273 5503 2369 5556; x_wconf 80' lang='grc' dir='ltr'><strong>ἐπὶ</strong></span> <span class='ocrx_word' id='word_1_874' title='bbox 2405 5500 2614 5566; x_wconf 82' lang='grc' dir='ltr'>κοίτην</span> <span class='ocrx_word' id='word_1_875' title='bbox 2644 5498 2907 5567; x_wconf 73' lang='grc' dir='ltr'><strong>ἐγγόνων</strong></span> <span class='ocrx_word' id='word_1_876' title='bbox 2938 5493 3211 5549; x_wconf 74' lang='grc' dir='ltr'><strong>ἀσπίδιον</strong></span> <span class='ocrx_word' id='word_1_877' title='bbox 3242 5492 3355 5559; x_wconf 75' lang='grc' dir='ltr'><strong>τὴν</strong></span> <span class='ocrx_word' id='word_1_878' title='bbox 3378 5494 3541 5559; x_wconf 79' lang='grc' dir='ltr'>χεῖρα</span> <span class='ocrx_word' id='word_1_879' title='bbox 3556 5485 3855 5541; x_wconf 65' lang='grc' dir='ltr'><strong>ἐπιϐαλεῖ·</strong></span> 
     </span>
    </p>
   </div>
   <div class='ocr_carea' id='block_1_111' title="bbox 575 5581 2172 5664">
    <p class='ocr_par' dir='ltr' id='par_1_111' title="bbox 575 5592 2165 5664">
     <span class='ocr_line' id='line_1_111' title="bbox 575 5592 2165 5664; baseline -0.004 -14"><span class='ocrx_word' id='word_1_880' title='bbox 575 5606 650 5650; x_wconf 87' lang='lat' dir='ltr'><strong>est</strong></span> <span class='ocrx_word' id='word_1_881' title='bbox 674 5596 913 5650; x_wconf 84' lang='lat' dir='ltr'><strong>universa</strong></span> <span class='ocrx_word' id='word_1_882' title='bbox 937 5604 1080 5650; x_wconf 81' lang='lat' dir='ltr'><strong>terra</strong></span> <span class='ocrx_word' id='word_1_883' title='bbox 1102 5594 1393 5664; x_wconf 82' lang='lat' dir='ltr'><strong>cognitione</strong></span> <span class='ocrx_word' id='word_1_884' title='bbox 1417 5594 1650 5658; x_wconf 82' lang='lat' dir='ltr'><strong>Domini,</strong></span> <span class='ocrx_word' id='word_1_885' title='bbox 1671 5595 1820 5664; x_wconf 80' lang='lat' dir='ltr'><strong>quasi</strong></span> <span class='ocrx_word' id='word_1_886' title='bbox 1844 5609 1981 5660; x_wconf 85' lang='lat' dir='ltr'><strong>aqua</strong></span> <span class='ocrx_word' id='word_1_887' title='bbox 2004 5592 2165 5646; x_wconf 82' lang='lat' dir='ltr'><strong>multa</strong></span> 
     </span>
    </p>
   </div>
   <div class='ocr_carea' id='block_1_112' title="bbox 2273 5581 3857 5664">
    <p class='ocr_par' dir='ltr' id='par_1_112' title="bbox 2274 5581 3857 5661">
     <span class='ocr_line' id='line_1_112' title="bbox 2274 5581 3857 5661; baseline -0.011 -13"><span class='ocrx_word' id='word_1_888' title='bbox 2274 5594 2367 5648; x_wconf 74' lang='grc' dir='ltr'>καὶ</span> <span class='ocrx_word' id='word_1_889' title='bbox 2404 5595 2475 5646; x_wconf 81' lang='grc' dir='ltr'><strong>οὐ</strong></span> <span class='ocrx_word' id='word_1_890' title='bbox 2499 5590 2583 5661; x_wconf 77' lang='grc' dir='ltr'>μὴ</span> <span class='ocrx_word' id='word_1_891' title='bbox 2617 5587 3131 5653; x_wconf 78' lang='grc' dir='ltr'>κακοποιήσωσιν,</span> <span class='ocrx_word' id='word_1_892' title='bbox 3166 5584 3293 5639; x_wconf 78' lang='grc' dir='ltr'>οὐδ’</span> <span class='ocrx_word' id='word_1_893' title='bbox 3331 5586 3403 5637; x_wconf 85' lang='grc' dir='ltr'><strong>οὐ</strong></span> <span class='ocrx_word' id='word_1_894' title='bbox 3444 5583 3529 5652; x_wconf 79' lang='grc' dir='ltr'>μὴ</span> <span class='ocrx_word' id='word_1_895' title='bbox 3566 5581 3857 5633; x_wconf 69' lang='grc' dir='ltr'>δύνωνται</span> 
     </span>
    </p>
   </div>
   <div class='ocr_carea' id='block_1_113' title="bbox 576 5671 2172 5756">
    <p class='ocr_par' dir='ltr' id='par_1_113' title="bbox 576 5691 1028 5756">
     <span class='ocr_line' id='line_1_113' title="bbox 576 5691 1028 5756; baseline 0.004 -15"><span class='ocrx_word' id='word_1_896' title='bbox 576 5691 840 5756; x_wconf 87' lang='lat' dir='ltr'><strong>cooperiat</strong></span> <span class='ocrx_word' id='word_1_897' title='bbox 864 5705 1028 5743; x_wconf 87' lang='lat' dir='ltr'><strong>mare.</strong></span> 
     </span>
    </p>
   </div>
   <div class='ocr_carea' id='block_1_114' title="bbox 2273 5671 3861 5756">
    <p class='ocr_par' dir='ltr' id='par_1_114' title="bbox 2274 5671 3861 5747">
     <span class='ocr_line' id='line_1_114' title="bbox 2274 5671 3861 5747; baseline -0.011 -6"><span class='ocrx_word' id='word_1_898' title='bbox 2274 5684 2573 5741; x_wconf 76' lang='grc' dir='ltr'>ἀπολέσαι</span> <span class='ocrx_word' id='word_1_899' title='bbox 2604 5683 2821 5736; x_wconf 75' lang='grc' dir='ltr'>οὐδένα</span> <span class='ocrx_word' id='word_1_900' title='bbox 2860 5681 2957 5733; x_wconf 78' lang='grc' dir='ltr'><strong>ἐπὶ</strong></span> <span class='ocrx_word' id='word_1_901' title='bbox 2989 5680 3055 5733; x_wconf 81' lang='grc' dir='ltr'><strong>τό</strong></span> <span class='ocrx_word' id='word_1_902' title='bbox 3088 5679 3222 5747; x_wconf 72' lang='grc' dir='ltr'>ὅρος</span> <span class='ocrx_word' id='word_1_903' title='bbox 3254 5679 3321 5731; x_wconf 79' lang='grc' dir='ltr'><strong>τὸ</strong></span> <span class='ocrx_word' id='word_1_904' title='bbox 3345 5677 3516 5747; x_wconf 78' lang='grc' dir='ltr'><strong>ἅγιόν</strong></span> <span class='ocrx_word' id='word_1_905' title='bbox 3544 5690 3713 5747; x_wconf 44' lang='grc' dir='ltr'><strong>μου)</strong></span> <span class='ocrx_word' id='word_1_906' title='bbox 3772 5671 3861 5725; x_wconf 77' lang='grc' dir='ltr'><strong>ὅτι</strong></span> 
     </span>
    </p>
   </div>
   <div class='ocr_carea' id='block_1_115' title="bbox 576 5775 3309 5853">
    <p class='ocr_par' dir='ltr' id='par_1_115' title="bbox 576 5775 3309 5853">
     <span class='ocr_line' id='line_1_115' title="bbox 576 5775 3309 5853; baseline -0.003 -20"><span class='ocrx_word' id='word_1_907' title='bbox 576 5780 926 5849; x_wconf 71' lang='grc' dir='ltr'><strong>ἐνεπλήσθη</strong></span> <span class='ocrx_word' id='word_1_908' title='bbox 960 5783 999 5850; x_wconf 79' lang='grc' dir='ltr'>ή</span> <span class='ocrx_word' id='word_1_909' title='bbox 1029 5782 1325 5851; x_wconf 78' lang='grc' dir='ltr'>σύμπασα</span> <span class='ocrx_word' id='word_1_910' title='bbox 1370 5782 1475 5836; x_wconf 82' lang='grc' dir='ltr'><strong>τοῦ</strong></span> <span class='ocrx_word' id='word_1_911' title='bbox 1520 5781 1734 5853; x_wconf 75' lang='grc' dir='ltr'>γνῶναι</span> <span class='ocrx_word' id='word_1_912' title='bbox 1766 5788 1870 5840; x_wconf 77' lang='grc' dir='ltr'><strong>τὸν</strong></span> <span class='ocrx_word' id='word_1_913' title='bbox 1905 5786 2145 5853; x_wconf 83' lang='grc' dir='ltr'>Κύριον,</span> <span class='ocrx_word' id='word_1_914' title='bbox 2173 5784 2251 5849; x_wconf 85' lang='grc' dir='ltr'><strong>ὡς</strong></span> <span class='ocrx_word' id='word_1_915' title='bbox 2288 5782 2440 5851; x_wconf 77' lang='grc' dir='ltr'>ὕδωρ</span> <span class='ocrx_word' id='word_1_916' title='bbox 2471 5777 2628 5833; x_wconf 65' lang='grc' dir='ltr'>πολὺ</span> <span class='ocrx_word' id='word_1_917' title='bbox 2657 5777 2927 5845; x_wconf 65' lang='grc' dir='ltr'>καλύψαι</span> <span class='ocrx_word' id='word_1_918' title='bbox 2967 5775 3309 5829; x_wconf 73' lang='grc' dir='ltr'><strong>θάλασσαν.</strong></span> 
     </span>
    </p>
   </div>
   <div class='ocr_carea' id='block_1_116' title="bbox 652 5892 2172 5969">
    <p class='ocr_par' dir='ltr' id='par_1_116' title="bbox 652 5898 2172 5969">
     <span class='ocr_line' id='line_1_116' title="bbox 652 5898 2172 5969; baseline -0.001 -16"><span class='ocrx_word' id='word_1_919' title='bbox 652 5898 694 5929; x_wconf 85' lang='grc'>⁸²</span> <span class='ocrx_word' id='word_1_920' title='bbox 721 5898 856 5955; x_wconf 84' lang='lat' dir='ltr'><strong>Gen.</strong></span> <span class='ocrx_word' id='word_1_921' title='bbox 892 5914 971 5964; x_wconf 85' lang='grc' dir='ltr'>ιιι,</span> <span class='ocrx_word' id='word_1_922' title='bbox 1011 5900 1093 5955; x_wconf 68' lang='lat' dir='ltr'><strong>ll).</strong></span> <span class='ocrx_word' id='word_1_923' title='bbox 1174 5902 1298 5940; x_wconf 55' lang='lat'><strong>53-”</strong></span> <span class='ocrx_word' id='word_1_924' title='bbox 1324 5900 1506 5957; x_wconf 79' lang='lat' dir='ltr'><strong>Matth.</strong></span> <span class='ocrx_word' id='word_1_925' title='bbox 1545 5918 1693 5967; x_wconf 68' lang='lat' dir='ltr'><strong>xxm,</strong></span> <span class='ocrx_word' id='word_1_926' title='bbox 1720 5902 1807 5969; x_wconf 76' lang='lat'><strong>57,</strong></span> <span class='ocrx_word' id='word_1_927' title='bbox 1839 5902 1925 5955; x_wconf 72' lang='lat'><strong>38.</strong></span> <span class='ocrx_word' id='word_1_928' title='bbox 2002 5902 2049 5932; x_wconf 80' lang='lat'>&quot;</span> <span class='ocrx_word' id='word_1_929' title='bbox 2076 5899 2172 5954; x_wconf 74' lang='lat' dir='ltr'><strong>l‘sa</strong></span> 
     </span>
    </p>
   </div>
   <div class='ocr_carea' id='block_1_117' title="bbox 2273 5892 3128 5969">
    <p class='ocr_par' dir='ltr' id='par_1_117' title="bbox 2273 5892 3128 5962">
     <span class='ocr_line' id='line_1_117' title="bbox 2273 5892 3128 5962; baseline -0.004 -12"><span class='ocrx_word' id='word_1_930' title='bbox 2273 5914 2433 5962; x_wconf 74' lang='lat' dir='ltr'><strong>:xvnt,</strong></span> <span class='ocrx_word' id='word_1_931' title='bbox 2474 5897 2593 5951; x_wconf 67' lang='lat' dir='ltr'><strong>H‘l.</strong></span> <span class='ocrx_word' id='word_1_932' title='bbox 2672 5892 2893 5951; x_wconf 67' lang='lat' dir='ltr'><strong>&quot;Joan.</strong></span> <span class='ocrx_word' id='word_1_933' title='bbox 2934 5908 3043 5956; x_wconf 83' lang='lat' dir='ltr'><strong>xlv,</strong></span> <span class='ocrx_word' id='word_1_934' title='bbox 3074 5893 3128 5947; x_wconf 78' lang='lat' dir='ltr'><strong>li.</strong></span> 
     </span>
    </p>
   </div>
  </div>
