  <div class='ocr_page' id='page_1' title='image "/cluster/home/n/w/nwhite01/storage/ocr_20150623/70/hvd.32044019207901/169.png"; bbox 0 0 4134 6490; ppageno 0'>
   <div class='ocr_carea' id='block_1_1' title="bbox 586 347 693 402">
    <p class='ocr_par' dir='ltr' id='par_1_1' title="bbox 586 347 693 402">
     <span class='ocr_line' id='line_1_1' title="bbox 586 347 693 402; baseline -0.009 0"><span class='ocrx_word' id='word_1_1' title='bbox 586 347 693 402; x_wconf 78' lang='lat'><strong>525</strong></span> 
     </span>
    </p>
   </div>
   <div class='ocr_carea' id='block_1_2' title="bbox 1576 338 2813 398">
    <p class='ocr_par' dir='ltr' id='par_1_2' title="bbox 1576 338 2813 398">
     <span class='ocr_line' id='line_1_2' title="bbox 1576 338 2813 398; baseline -0.003 -1"><span class='ocrx_word' id='word_1_2' title='bbox 1576 342 1634 397; x_wconf 90' lang='lat' dir='ltr'><strong>S.</strong></span> <span class='ocrx_word' id='word_1_3' title='bbox 1676 340 1948 398; x_wconf 68' lang='grc' dir='ltr'><strong>ΟΥΒΙΙΑᾸ</strong></span> <span class='ocrx_word' id='word_1_4' title='bbox 1988 338 2460 395; x_wconf 79' lang='lat' dir='ltr'><strong>ALEXANDRINI</strong></span> <span class='ocrx_word' id='word_1_5' title='bbox 2497 338 2813 395; x_wconf 74' lang='lat' dir='ltr'><strong>ARCHIEP.</strong></span> 
     </span>
    </p>
   </div>
   <div class='ocr_carea' id='block_1_3' title="bbox 3723 340 3828 395">
    <p class='ocr_par' dir='ltr' id='par_1_3' title="bbox 3723 340 3828 395">
     <span class='ocr_line' id='line_1_3' title="bbox 3723 340 3828 395; baseline 0.019 -2"><span class='ocrx_word' id='word_1_6' title='bbox 3723 340 3828 395; x_wconf 69' lang='grc' dir='ltr'><strong>εει</strong></span> 
     </span>
    </p>
   </div>
   <div class='ocr_carea' id='block_1_4' title="bbox 588 451 2182 532">
    <p class='ocr_par' dir='ltr' id='par_1_4' title="bbox 588 455 2164 532">
     <span class='ocr_line' id='line_1_4' title="bbox 588 455 2164 532; baseline -0.003 -19"><span class='ocrx_word' id='word_1_7' title='bbox 588 461 903 532; x_wconf 72' lang='lat' dir='ltr'><strong>prmpingui.</strong></span> <span class='ocrx_word' id='word_1_8' title='bbox 950 459 1057 516; x_wconf 85' lang='lat' dir='ltr'><strong>Sed</strong></span> <span class='ocrx_word' id='word_1_9' title='bbox 1111 459 1341 525; x_wconf 78' lang='lat' dir='ltr'><strong>vitulus,</strong></span> <span class='ocrx_word' id='word_1_10' title='bbox 1382 458 1585 526; x_wconf 89' lang='lat' dir='ltr'><strong>inquit,</strong></span> <span class='ocrx_word' id='word_1_11' title='bbox 1626 467 1681 511; x_wconf 90' lang='lat' dir='ltr'><strong>et</strong></span> <span class='ocrx_word' id='word_1_12' title='bbox 1727 466 1944 521; x_wconf 87' lang='lat' dir='ltr'><strong>taurus,</strong></span> <span class='ocrx_word' id='word_1_13' title='bbox 1978 465 2031 509; x_wconf 89' lang='lat' dir='ltr'><strong>et</strong></span> <span class='ocrx_word' id='word_1_14' title='bbox 2080 455 2164 509; x_wconf 88' lang='lat' dir='ltr'><strong>leo</strong></span> 
     </span>
    </p>
   </div>
   <div class='ocr_carea' id='block_1_5' title="bbox 2286 451 3829 532">
    <p class='ocr_par' dir='ltr' id='par_1_5' title="bbox 2286 451 3829 526">
     <span class='ocr_line' id='line_1_5' title="bbox 2286 451 3829 526; baseline 0.001 -20"><span class='ocrx_word' id='word_1_15' title='bbox 2286 456 2490 526; x_wconf 73' lang='grc' dir='ltr'>τροφὴν,</span> <span class='ocrx_word' id='word_1_16' title='bbox 2527 456 2588 507; x_wconf 75' lang='grc' dir='ltr'><strong>τὸ</strong></span> <span class='ocrx_word' id='word_1_17' title='bbox 2607 454 2958 522; x_wconf 81' lang='grc' dir='ltr'>εὐαγγελικόν</span> <span class='ocrx_word' id='word_1_18' title='bbox 2987 470 3049 506; x_wconf 86' lang='grc' dir='ltr'><strong>τε</strong></span> <span class='ocrx_word' id='word_1_19' title='bbox 3097 455 3193 507; x_wconf 72' lang='grc' dir='ltr'><strong>καὶ</strong></span> <span class='ocrx_word' id='word_1_20' title='bbox 3222 453 3576 508; x_wconf 74' lang='grc' dir='ltr'>ἀποστολικὺν</span> <span class='ocrx_word' id='word_1_21' title='bbox 3597 451 3829 523; x_wconf 81' lang='grc' dir='ltr'>δηλονότι</span> 
     </span>
    </p>
   </div>
   <div class='ocr_carea' id='block_1_6' title="bbox 588 548 2159 623">
    <p class='ocr_par' dir='ltr' id='par_1_6' title="bbox 588 548 2159 623">
     <span class='ocr_line' id='line_1_6' title="bbox 588 548 2159 623; baseline -0.006 -15"><span class='ocrx_word' id='word_1_22' title='bbox 588 554 749 608; x_wconf 84' lang='lat' dir='ltr'><strong>simul</strong></span> <span class='ocrx_word' id='word_1_23' title='bbox 796 561 1099 623; x_wconf 90' lang='lat' dir='ltr'><strong>pasccutur.</strong></span> <span class='ocrx_word' id='word_1_24' title='bbox 1139 551 1361 604; x_wconf 84' lang='lat' dir='ltr'><strong>Videtur</strong></span> <span class='ocrx_word' id='word_1_25' title='bbox 1404 560 1582 602; x_wconf 87' lang='lat' dir='ltr'><strong>autem</strong></span> <span class='ocrx_word' id='word_1_26' title='bbox 1624 551 1848 601; x_wconf 84' lang='lat' dir='ltr'><strong>vitulum</strong></span> <span class='ocrx_word' id='word_1_27' title='bbox 1891 548 2159 615; x_wconf 86' lang='lat' dir='ltr'><strong>appellare</strong></span> 
     </span>
    </p>
   </div>
   <div class='ocr_carea' id='block_1_7' title="bbox 590 638 2159 706">
    <p class='ocr_par' dir='ltr' id='par_1_7' title="bbox 590 638 2159 706">
     <span class='ocr_line' id='line_1_7' title="bbox 590 638 2159 706; baseline -0.004 -10"><span class='ocrx_word' id='word_1_28' title='bbox 590 642 848 697; x_wconf 86' lang='lat' dir='ltr'><strong>novitium</strong></span> <span class='ocrx_word' id='word_1_29' title='bbox 904 651 956 693; x_wconf 89' lang='lat' dir='ltr'><strong>et</strong></span> <span class='ocrx_word' id='word_1_30' title='bbox 1022 647 1290 694; x_wconf 77' lang='lat' dir='ltr'><strong>recentem</strong></span> <span class='ocrx_word' id='word_1_31' title='bbox 1355 638 1690 692; x_wconf 90' lang='lat' dir='ltr'><strong>credentium</strong></span> <span class='ocrx_word' id='word_1_32' title='bbox 1759 638 2032 706; x_wconf 87' lang='lat' dir='ltr'><strong>populum,</strong></span> <span class='ocrx_word' id='word_1_33' title='bbox 2106 638 2159 691; x_wconf 90' lang='lat' dir='ltr'><strong>in</strong></span> 
     </span>
    </p>
   </div>
   <div class='ocr_carea' id='block_1_8' title="bbox 589 728 2162 800">
    <p class='ocr_par' dir='ltr' id='par_1_8' title="bbox 589 728 2162 800">
     <span class='ocr_line' id='line_1_8' title="bbox 589 728 2162 800; baseline -0.004 -13"><span class='ocrx_word' id='word_1_34' title='bbox 589 735 805 787; x_wconf 85' lang='lat' dir='ltr'><strong>Christo</strong></span> <span class='ocrx_word' id='word_1_35' title='bbox 844 732 1048 784; x_wconf 84' lang='lat' dir='ltr'><strong>scilicet</strong></span> <span class='ocrx_word' id='word_1_36' title='bbox 1082 740 1490 800; x_wconf 85' lang='lat' dir='ltr'><strong>puerascentem</strong></span> <span class='ocrx_word' id='word_1_37' title='bbox 1538 748 1552 783; x_wconf 90' lang='lat'><strong>:</strong></span> <span class='ocrx_word' id='word_1_38' title='bbox 1593 739 1804 782; x_wconf 88' lang='lat' dir='ltr'><strong>taurum</strong></span> <span class='ocrx_word' id='word_1_39' title='bbox 1842 738 2018 783; x_wconf 88' lang='lat' dir='ltr'><strong>autem</strong></span> <span class='ocrx_word' id='word_1_40' title='bbox 2054 728 2162 781; x_wconf 81' lang='lat' dir='ltr'><strong>t&#39;or-</strong></span> 
     </span>
    </p>
   </div>
   <div class='ocr_carea' id='block_1_9' title="bbox 594 819 2163 886">
    <p class='ocr_par' dir='ltr' id='par_1_9' title="bbox 594 819 2163 886">
     <span class='ocr_line' id='line_1_9' title="bbox 594 819 2163 886; baseline -0.004 -10"><span class='ocrx_word' id='word_1_41' title='bbox 594 823 750 876; x_wconf 86' lang='lat' dir='ltr'><strong>tassis</strong></span> <span class='ocrx_word' id='word_1_42' title='bbox 785 820 1032 875; x_wconf 87' lang='lat' dir='ltr'><strong>lsraelem</strong></span> <span class='ocrx_word' id='word_1_43' title='bbox 1052 863 1067 886; x_wconf 88' lang='lat'><strong>,</strong></span> <span class='ocrx_word' id='word_1_44' title='bbox 1097 821 1239 874; x_wconf 88' lang='lat' dir='ltr'><strong>velut</strong></span> <span class='ocrx_word' id='word_1_45' title='bbox 1271 829 1614 875; x_wconf 88' lang='lat' dir='ltr'><strong>veteranum.</strong></span> <span class='ocrx_word' id='word_1_46' title='bbox 1645 819 1778 872; x_wconf 88' lang='lat' dir='ltr'><strong>Cum</strong></span> <span class='ocrx_word' id='word_1_47' title='bbox 1822 820 1966 872; x_wconf 88' lang='lat' dir='ltr'><strong>enim</strong></span> <span class='ocrx_word' id='word_1_48' title='bbox 2007 826 2163 872; x_wconf 87' lang='lat' dir='ltr'><strong>tener</strong></span> 
     </span>
    </p>
   </div>
   <div class='ocr_carea' id='block_1_10' title="bbox 591 910 2158 987">
    <p class='ocr_par' dir='ltr' id='par_1_10' title="bbox 591 910 2158 987">
     <span class='ocr_line' id='line_1_10' title="bbox 591 910 2158 987; baseline 0.001 -26"><span class='ocrx_word' id='word_1_49' title='bbox 591 913 659 962; x_wconf 86' lang='lat' dir='ltr'><strong>sit</strong></span> <span class='ocrx_word' id='word_1_50' title='bbox 702 910 933 972; x_wconf 84' lang='lat' dir='ltr'><strong>vitulus,</strong></span> <span class='ocrx_word' id='word_1_51' title='bbox 967 919 1155 987; x_wconf 82' lang='lat' dir='ltr'><strong>taurus</strong></span> <span class='ocrx_word' id='word_1_52' title='bbox 1201 912 1346 979; x_wconf 87' lang='lat' dir='ltr'><strong>prior</strong></span> <span class='ocrx_word' id='word_1_53' title='bbox 1391 920 1474 963; x_wconf 85' lang='lat' dir='ltr'><strong>est</strong></span> <span class='ocrx_word' id='word_1_54' title='bbox 1511 919 1562 962; x_wconf 87' lang='lat' dir='ltr'><strong>et</strong></span> <span class='ocrx_word' id='word_1_55' title='bbox 1603 910 1865 963; x_wconf 84' lang='lat' dir='ltr'><strong>maturior</strong></span> <span class='ocrx_word' id='word_1_56' title='bbox 1903 918 2158 978; x_wconf 90' lang='lat' dir='ltr'><strong>tempore.</strong></span> 
     </span>
    </p>
   </div>
   <div class='ocr_carea' id='block_1_11' title="bbox 593 1000 2164 1071">
    <p class='ocr_par' dir='ltr' id='par_1_11' title="bbox 593 1000 2164 1071">
     <span class='ocr_line' id='line_1_11' title="bbox 593 1000 2164 1071; baseline -0.001 -18"><span class='ocrx_word' id='word_1_57' title='bbox 593 1000 686 1053; x_wconf 86' lang='lat' dir='ltr'><strong>Vel</strong></span> <span class='ocrx_word' id='word_1_58' title='bbox 737 1016 831 1068; x_wconf 88' lang='lat' dir='ltr'><strong>per</strong></span> <span class='ocrx_word' id='word_1_59' title='bbox 880 1001 1103 1054; x_wconf 88' lang='lat' dir='ltr'><strong>vitulum</strong></span> <span class='ocrx_word' id='word_1_60' title='bbox 1154 1003 1398 1071; x_wconf 88' lang='lat' dir='ltr'><strong>designat</strong></span> <span class='ocrx_word' id='word_1_61' title='bbox 1440 1017 1561 1055; x_wconf 91' lang='lat' dir='ltr'><strong>eum</strong></span> <span class='ocrx_word' id='word_1_62' title='bbox 1614 1003 1703 1070; x_wconf 87' lang='lat' dir='ltr'><strong>qui</strong></span> <span class='ocrx_word' id='word_1_63' title='bbox 1753 1002 2057 1070; x_wconf 84' lang='lat' dir='ltr'><strong>cognitione</strong></span> <span class='ocrx_word' id='word_1_64' title='bbox 2108 1008 2164 1052; x_wconf 89' lang='lat' dir='ltr'><strong>et</strong></span> 
     </span>
    </p>
   </div>
   <div class='ocr_carea' id='block_1_12' title="bbox 591 1089 2163 1158">
    <p class='ocr_par' dir='ltr' id='par_1_12' title="bbox 591 1089 2163 1158">
     <span class='ocr_line' id='line_1_12' title="bbox 591 1089 2163 1158; baseline -0.001 -14"><span class='ocrx_word' id='word_1_65' title='bbox 591 1092 788 1145; x_wconf 89' lang='lat' dir='ltr'><strong>virtute</strong></span> <span class='ocrx_word' id='word_1_66' title='bbox 834 1094 1055 1144; x_wconf 85' lang='lat' dir='ltr'><strong>eminet.</strong></span> <span class='ocrx_word' id='word_1_67' title='bbox 1090 1090 1255 1156; x_wconf 87' lang='lat' dir='ltr'><strong>Quale</strong></span> <span class='ocrx_word' id='word_1_68' title='bbox 1304 1101 1386 1144; x_wconf 89' lang='lat' dir='ltr'><strong>est</strong></span> <span class='ocrx_word' id='word_1_69' title='bbox 1433 1092 1574 1158; x_wconf 90' lang='lat' dir='ltr'><strong>quod</strong></span> <span class='ocrx_word' id='word_1_70' title='bbox 1625 1091 1821 1144; x_wconf 90' lang='lat' dir='ltr'><strong>dicitur</strong></span> <span class='ocrx_word' id='word_1_71' title='bbox 1875 1108 1887 1143; x_wconf 91' lang='lat'>:</span> <span class='ocrx_word' id='word_1_72' title='bbox 1935 1089 2163 1143; x_wconf 81' lang='lat' dir='ltr'><strong>Pusillos</strong></span> 
     </span>
    </p>
   </div>
   <div class='ocr_carea' id='block_1_13' title="bbox 592 1182 2165 1253">
    <p class='ocr_par' dir='ltr' id='par_1_13' title="bbox 592 1182 2165 1253">
     <span class='ocr_line' id='line_1_13' title="bbox 592 1182 2165 1253; baseline -0.003 -16"><span class='ocrx_word' id='word_1_73' title='bbox 592 1200 712 1237; x_wconf 88' lang='lat' dir='ltr'><strong>cum</strong></span> <span class='ocrx_word' id='word_1_74' title='bbox 751 1184 985 1253; x_wconf 81' lang='lat' dir='ltr'><strong>magnis,</strong></span> <span class='ocrx_word' id='word_1_75' title='bbox 1015 1193 1067 1237; x_wconf 88' lang='lat' dir='ltr'><strong>et</strong></span> <span class='ocrx_word' id='word_1_76' title='bbox 1098 1183 1338 1236; x_wconf 90' lang='lat' dir='ltr'><strong>seniores</strong></span> <span class='ocrx_word' id='word_1_77' title='bbox 1375 1198 1492 1237; x_wconf 88' lang='lat' dir='ltr'><strong>cum</strong></span> <span class='ocrx_word' id='word_1_78' title='bbox 1522 1182 1811 1249; x_wconf 83' lang='lat' dir='ltr'><strong>juvenibus</strong></span> <span class='ocrx_word' id='word_1_79' title='bbox 1845 1182 2165 1235; x_wconf 82' lang='lat' dir='ltr'><strong>benedicen-</strong></span> 
     </span>
    </p>
   </div>
   <div class='ocr_carea' id='block_1_14' title="bbox 592 1274 2164 1342">
    <p class='ocr_par' dir='ltr' id='par_1_14' title="bbox 592 1274 2164 1342">
     <span class='ocr_line' id='line_1_14' title="bbox 592 1274 2164 1342; baseline -0.001 -15"><span class='ocrx_word' id='word_1_80' title='bbox 592 1276 723 1337; x_wconf 91' lang='lat' dir='ltr'><strong>dos,</strong></span> <span class='ocrx_word' id='word_1_81' title='bbox 750 1274 903 1342; x_wconf 81' lang='lat' dir='ltr'><strong>juxta</strong></span> <span class='ocrx_word' id='word_1_82' title='bbox 938 1289 1125 1328; x_wconf 88' lang='lat' dir='ltr'><strong>vocem</strong></span> <span class='ocrx_word' id='word_1_83' title='bbox 1166 1274 1461 1342; x_wconf 80' lang='lat' dir='ltr'><strong>psallentis.</strong></span> <span class='ocrx_word' id='word_1_84' title='bbox 1496 1274 1653 1328; x_wconf 81' lang='lat' dir='ltr'><strong>Novit</strong></span> <span class='ocrx_word' id='word_1_85' title='bbox 1689 1289 1816 1327; x_wconf 88' lang='lat' dir='ltr'><strong>vero</strong></span> <span class='ocrx_word' id='word_1_86' title='bbox 1853 1282 1907 1326; x_wconf 90' lang='lat' dir='ltr'><strong>et</strong></span> <span class='ocrx_word' id='word_1_87' title='bbox 1942 1274 2164 1342; x_wconf 89' lang='lat' dir='ltr'><strong>sapien-</strong></span> 
     </span>
    </p>
   </div>
   <div class='ocr_carea' id='block_1_15' title="bbox 597 1362 2161 1419">
    <p class='ocr_par' dir='ltr' id='par_1_15' title="bbox 597 1362 2161 1419">
     <span class='ocr_line' id='line_1_15' title="bbox 597 1362 2161 1419; baseline -0.001 -4"><span class='ocrx_word' id='word_1_88' title='bbox 597 1365 841 1419; x_wconf 86' lang='lat' dir='ltr'><strong>tissimus</strong></span> <span class='ocrx_word' id='word_1_89' title='bbox 895 1363 1131 1418; x_wconf 81' lang='lat' dir='ltr'><strong>Joannes</strong></span> <span class='ocrx_word' id='word_1_90' title='bbox 1181 1363 1374 1417; x_wconf 89' lang='lat' dir='ltr'><strong>mentis</strong></span> <span class='ocrx_word' id='word_1_91' title='bbox 1411 1376 1465 1417; x_wconf 92' lang='lat' dir='ltr'><strong>et</strong></span> <span class='ocrx_word' id='word_1_92' title='bbox 1499 1363 1663 1417; x_wconf 90' lang='lat' dir='ltr'><strong>animi</strong></span> <span class='ocrx_word' id='word_1_93' title='bbox 1703 1373 1916 1417; x_wconf 78' lang='lat' dir='ltr'><strong>:etatem</strong></span> <span class='ocrx_word' id='word_1_94' title='bbox 1981 1362 2161 1416; x_wconf 85' lang='lat' dir='ltr'><strong>talem.</strong></span> 
     </span>
    </p>
   </div>
   <div class='ocr_carea' id='block_1_16' title="bbox 597 1454 2161 1525">
    <p class='ocr_par' dir='ltr' id='par_1_16' title="bbox 597 1454 2161 1525">
     <span class='ocr_line' id='line_1_16' title="bbox 597 1454 2161 1525; baseline -0.001 -16"><span class='ocrx_word' id='word_1_95' title='bbox 597 1456 799 1510; x_wconf 88' lang='lat' dir='ltr'><strong>Scribit</strong></span> <span class='ocrx_word' id='word_1_96' title='bbox 837 1458 1001 1525; x_wconf 81' lang='lat' dir='ltr'><strong>igitur</strong></span> <span class='ocrx_word' id='word_1_97' title='bbox 1036 1466 1089 1509; x_wconf 90' lang='lat' dir='ltr'><strong>et</strong></span> <span class='ocrx_word' id='word_1_98' title='bbox 1123 1455 1392 1523; x_wconf 87' lang='lat' dir='ltr'><strong>patribus,</strong></span> <span class='ocrx_word' id='word_1_99' title='bbox 1423 1464 1477 1508; x_wconf 89' lang='lat' dir='ltr'><strong>et</strong></span> <span class='ocrx_word' id='word_1_100' title='bbox 1511 1454 1776 1523; x_wconf 87' lang='lat' dir='ltr'><strong>parvulis,</strong></span> <span class='ocrx_word' id='word_1_101' title='bbox 1810 1464 1863 1508; x_wconf 90' lang='lat' dir='ltr'><strong>et</strong></span> <span class='ocrx_word' id='word_1_102' title='bbox 1899 1463 2161 1522; x_wconf 66' lang='lat' dir='ltr'><strong>praeterea</strong></span> 
     </span>
    </p>
   </div>
   <div class='ocr_carea' id='block_1_17' title="bbox 595 1545 2166 1615">
    <p class='ocr_par' dir='ltr' id='par_1_17' title="bbox 595 1545 2166 1615">
     <span class='ocr_line' id='line_1_17' title="bbox 595 1545 2166 1615; baseline -0.001 -16"><span class='ocrx_word' id='word_1_103' title='bbox 595 1547 756 1615; x_wconf 81' lang='lat'><strong>200</strong></span> <span class='ocrx_word' id='word_1_104' title='bbox 811 1546 1261 1607; x_wconf 87' lang='lat' dir='ltr'><strong>adolescentibus,</strong></span> <span class='ocrx_word' id='word_1_105' title='bbox 1314 1560 1657 1610; x_wconf 65' lang='lat' dir='ltr'><strong>comparans,</strong></span> <span class='ocrx_word' id='word_1_106' title='bbox 1707 1545 1961 1609; x_wconf 86' lang='lat' dir='ltr'><strong>arbitror,</strong></span> <span class='ocrx_word' id='word_1_107' title='bbox 2018 1561 2166 1598; x_wconf 87' lang='lat' dir='ltr'><strong>men-</strong></span> 
     </span>
    </p>
   </div>
   <div class='ocr_carea' id='block_1_18' title="bbox 595 1634 2167 1704">
    <p class='ocr_par' dir='ltr' id='par_1_18' title="bbox 595 1634 2167 1704">
     <span class='ocr_line' id='line_1_18' title="bbox 595 1634 2167 1704; baseline -0.001 -16"><span class='ocrx_word' id='word_1_108' title='bbox 595 1651 774 1688; x_wconf 89' lang='lat' dir='ltr'><strong>suram</strong></span> <span class='ocrx_word' id='word_1_109' title='bbox 807 1635 1065 1702; x_wconf 88' lang='lat' dir='ltr'><strong>cujusque</strong></span> <span class='ocrx_word' id='word_1_110' title='bbox 1101 1635 1327 1698; x_wconf 89' lang='lat' dir='ltr'><strong>mentis,</strong></span> <span class='ocrx_word' id='word_1_111' title='bbox 1357 1642 1409 1687; x_wconf 88' lang='lat' dir='ltr'><strong>et</strong></span> <span class='ocrx_word' id='word_1_112' title='bbox 1439 1634 1643 1687; x_wconf 75' lang='lat' dir='ltr'><strong>notitia:</strong></span> <span class='ocrx_word' id='word_1_113' title='bbox 1677 1644 1731 1688; x_wconf 91' lang='lat' dir='ltr'><strong>et</strong></span> <span class='ocrx_word' id='word_1_114' title='bbox 1761 1635 1952 1688; x_wconf 60' lang='lat' dir='ltr'><strong>divina:</strong></span> <span class='ocrx_word' id='word_1_115' title='bbox 1983 1635 2167 1704; x_wconf 87' lang='lat' dir='ltr'><strong>cogni-</strong></span> 
     </span>
    </p>
   </div>
   <div class='ocr_carea' id='block_1_19' title="bbox 597 1723 2163 1795">
    <p class='ocr_par' dir='ltr' id='par_1_19' title="bbox 597 1723 2163 1795">
     <span class='ocr_line' id='line_1_19' title="bbox 597 1723 2163 1795; baseline -0.001 -14"><span class='ocrx_word' id='word_1_116' title='bbox 597 1728 756 1781; x_wconf 91' lang='lat' dir='ltr'><strong>tionis</strong></span> <span class='ocrx_word' id='word_1_117' title='bbox 788 1741 1074 1795; x_wconf 89' lang='lat' dir='ltr'><strong>corporum</strong></span> <span class='ocrx_word' id='word_1_118' title='bbox 1108 1726 1378 1779; x_wconf 73' lang='lat' dir='ltr'><strong>mtatihus.</strong></span> <span class='ocrx_word' id='word_1_119' title='bbox 1408 1723 1709 1778; x_wconf 81' lang='lat' dir='ltr'><strong>Pascentur</strong></span> <span class='ocrx_word' id='word_1_120' title='bbox 1738 1725 1937 1793; x_wconf 84' lang='lat' dir='ltr'><strong>itaque,</strong></span> <span class='ocrx_word' id='word_1_121' title='bbox 1968 1725 2163 1793; x_wconf 89' lang='lat' dir='ltr'><strong>inquit,</strong></span> 
     </span>
    </p>
   </div>
   <div class='ocr_carea' id='block_1_20' title="bbox 594 1815 2167 1881">
    <p class='ocr_par' dir='ltr' id='par_1_20' title="bbox 594 1815 2167 1881">
     <span class='ocr_line' id='line_1_20' title="bbox 594 1815 2167 1881; baseline 0.001 -12"><span class='ocrx_word' id='word_1_122' title='bbox 594 1818 748 1869; x_wconf 82' lang='lat' dir='ltr'><strong>simul</strong></span> <span class='ocrx_word' id='word_1_123' title='bbox 797 1826 849 1869; x_wconf 89' lang='lat' dir='ltr'><strong>et</strong></span> <span class='ocrx_word' id='word_1_124' title='bbox 878 1832 983 1869; x_wconf 90' lang='lat' dir='ltr'><strong>uno</strong></span> <span class='ocrx_word' id='word_1_125' title='bbox 1016 1818 1068 1869; x_wconf 92' lang='lat' dir='ltr'><strong>in</strong></span> <span class='ocrx_word' id='word_1_126' title='bbox 1101 1816 1239 1879; x_wconf 90' lang='lat' dir='ltr'><strong>loco,</strong></span> <span class='ocrx_word' id='word_1_127' title='bbox 1265 1816 1481 1879; x_wconf 87' lang='lat' dir='ltr'><strong>vitulus,</strong></span> <span class='ocrx_word' id='word_1_128' title='bbox 1504 1830 1559 1869; x_wconf 89' lang='lat' dir='ltr'><strong>et</strong></span> <span class='ocrx_word' id='word_1_129' title='bbox 1590 1824 1797 1881; x_wconf 87' lang='lat' dir='ltr'><strong>taurus,</strong></span> <span class='ocrx_word' id='word_1_130' title='bbox 1819 1826 1876 1870; x_wconf 88' lang='lat' dir='ltr'><strong>et</strong></span> <span class='ocrx_word' id='word_1_131' title='bbox 1903 1815 2003 1870; x_wconf 90' lang='lat' dir='ltr'><strong>leo.</strong></span> <span class='ocrx_word' id='word_1_132' title='bbox 2032 1817 2167 1871; x_wconf 87' lang='lat' dir='ltr'><strong>Tum</strong></span> 
     </span>
    </p>
   </div>
   <div class='ocr_carea' id='block_1_21' title="bbox 593 1906 2172 1978">
    <p class='ocr_par' dir='ltr' id='par_1_21' title="bbox 593 1906 2172 1978">
     <span class='ocr_line' id='line_1_21' title="bbox 593 1906 2172 1978; baseline 0.001 -18"><span class='ocrx_word' id='word_1_133' title='bbox 593 1908 871 1960; x_wconf 88' lang='lat' dir='ltr'><strong>commode</strong></span> <span class='ocrx_word' id='word_1_134' title='bbox 906 1906 1067 1961; x_wconf 86' lang='lat' dir='ltr'><strong>vitulo</strong></span> <span class='ocrx_word' id='word_1_135' title='bbox 1105 1916 1157 1960; x_wconf 91' lang='lat' dir='ltr'><strong>et</strong></span> <span class='ocrx_word' id='word_1_136' title='bbox 1221 1916 1374 1961; x_wconf 90' lang='lat' dir='ltr'><strong>tauro</strong></span> <span class='ocrx_word' id='word_1_137' title='bbox 1409 1908 1615 1961; x_wconf 89' lang='lat' dir='ltr'><strong>leonem</strong></span> <span class='ocrx_word' id='word_1_138' title='bbox 1651 1907 1921 1978; x_wconf 71' lang='lat' dir='ltr'><strong>adiungit,</strong></span> <span class='ocrx_word' id='word_1_139' title='bbox 1959 1920 2016 1963; x_wconf 89' lang='lat' dir='ltr'><strong>ut</strong></span> <span class='ocrx_word' id='word_1_140' title='bbox 2054 1925 2172 1963; x_wconf 92' lang='lat' dir='ltr'><strong>rur-</strong></span> 
     </span>
    </p>
   </div>
   <div class='ocr_carea' id='block_1_22' title="bbox 596 1998 2167 2066">
    <p class='ocr_par' dir='ltr' id='par_1_22' title="bbox 596 1998 2167 2066">
     <span class='ocr_line' id='line_1_22' title="bbox 596 1998 2167 2066; baseline 0.001 -14"><span class='ocrx_word' id='word_1_141' title='bbox 596 2017 689 2052; x_wconf 88' lang='lat' dir='ltr'><strong>sus</strong></span> <span class='ocrx_word' id='word_1_142' title='bbox 723 1998 1059 2066; x_wconf 74' lang='lat' dir='ltr'><strong>:enigmatice</strong></span> <span class='ocrx_word' id='word_1_143' title='bbox 1085 2006 1138 2051; x_wconf 90' lang='lat' dir='ltr'><strong>ct</strong></span> <span class='ocrx_word' id='word_1_144' title='bbox 1167 1999 1396 2052; x_wconf 90' lang='lat' dir='ltr'><strong>obscure</strong></span> <span class='ocrx_word' id='word_1_145' title='bbox 1431 1998 1798 2066; x_wconf 78' lang='lat' dir='ltr'><strong>subintelligas</strong></span> <span class='ocrx_word' id='word_1_146' title='bbox 1832 2000 1933 2052; x_wconf 80' lang='lat' dir='ltr'><strong>title</strong></span> <span class='ocrx_word' id='word_1_147' title='bbox 1966 2000 2167 2066; x_wconf 82' lang='lat' dir='ltr'><strong>justiﬁ-</strong></span> 
     </span>
    </p>
   </div>
   <div class='ocr_carea' id='block_1_23' title="bbox 598 2087 2172 2155">
    <p class='ocr_par' dir='ltr' id='par_1_23' title="bbox 598 2087 2172 2155">
     <span class='ocr_line' id='line_1_23' title="bbox 598 2087 2172 2155; baseline 0.003 -17"><span class='ocrx_word' id='word_1_148' title='bbox 598 2098 766 2151; x_wconf 85' lang='lat' dir='ltr'><strong>catos,</strong></span> <span class='ocrx_word' id='word_1_149' title='bbox 788 2096 841 2140; x_wconf 92' lang='lat' dir='ltr'><strong>ct</strong></span> <span class='ocrx_word' id='word_1_150' title='bbox 874 2100 1087 2155; x_wconf 87' lang='lat' dir='ltr'><strong>sceptro</strong></span> <span class='ocrx_word' id='word_1_151' title='bbox 1111 2087 1309 2142; x_wconf 91' lang='lat' dir='ltr'><strong>Christi</strong></span> <span class='ocrx_word' id='word_1_152' title='bbox 1335 2089 1574 2141; x_wconf 88' lang='lat' dir='ltr'><strong>omnium</strong></span> <span class='ocrx_word' id='word_1_153' title='bbox 1602 2099 1841 2143; x_wconf 89' lang='lat' dir='ltr'><strong>nostrum</strong></span> <span class='ocrx_word' id='word_1_154' title='bbox 1869 2090 2172 2143; x_wconf 85' lang='lat' dir='ltr'><strong>Servatnris</strong></span> 
     </span>
    </p>
   </div>
   <div class='ocr_carea' id='block_1_24' title="bbox 598 2179 2169 2246">
    <p class='ocr_par' dir='ltr' id='par_1_24' title="bbox 598 2179 2169 2246">
     <span class='ocr_line' id='line_1_24' title="bbox 598 2179 2169 2246; baseline -0.001 -14"><span class='ocrx_word' id='word_1_155' title='bbox 598 2180 902 2246; x_wconf 70' lang='lat' dir='ltr'><strong>subjectos,</strong></span> <span class='ocrx_word' id='word_1_156' title='bbox 978 2195 1081 2232; x_wconf 89' lang='lat' dir='ltr'><strong>non</strong></span> <span class='ocrx_word' id='word_1_157' title='bbox 1134 2194 1199 2231; x_wconf 77' lang='lat' dir='ltr'><strong>ex</strong></span> <span class='ocrx_word' id='word_1_158' title='bbox 1250 2179 1378 2232; x_wconf 90' lang='lat' dir='ltr'><strong>solis</strong></span> <span class='ocrx_word' id='word_1_159' title='bbox 1430 2194 1551 2231; x_wconf 81' lang='lat' dir='ltr'><strong>eSse</strong></span> <span class='ocrx_word' id='word_1_160' title='bbox 1596 2180 1805 2231; x_wconf 90' lang='lat' dir='ltr'><strong>mundis</strong></span> <span class='ocrx_word' id='word_1_161' title='bbox 1846 2190 1897 2232; x_wconf 90' lang='lat' dir='ltr'><strong>et</strong></span> <span class='ocrx_word' id='word_1_162' title='bbox 1942 2180 2169 2243; x_wconf 77' lang='lat' dir='ltr'><strong>sanctis,</strong></span> 
     </span>
    </p>
   </div>
   <div class='ocr_carea' id='block_1_25' title="bbox 599 2268 2171 2337">
    <p class='ocr_par' dir='ltr' id='par_1_25' title="bbox 599 2268 2171 2337">
     <span class='ocr_line' id='line_1_25' title="bbox 599 2268 2171 2337; baseline 0.001 -16"><span class='ocrx_word' id='word_1_163' title='bbox 599 2283 788 2336; x_wconf 85' lang='lat' dir='ltr'><strong>ueiupe</strong></span> <span class='ocrx_word' id='word_1_164' title='bbox 804 2284 869 2321; x_wconf 79' lang='lat' dir='ltr'><strong>ex</strong></span> <span class='ocrx_word' id='word_1_165' title='bbox 894 2268 1113 2336; x_wconf 85' lang='lat' dir='ltr'><strong>placidis</strong></span> <span class='ocrx_word' id='word_1_166' title='bbox 1138 2279 1193 2322; x_wconf 87' lang='lat' dir='ltr'><strong>et</strong></span> <span class='ocrx_word' id='word_1_167' title='bbox 1224 2268 1462 2329; x_wconf 87' lang='lat' dir='ltr'><strong>mitibus,</strong></span> <span class='ocrx_word' id='word_1_168' title='bbox 1491 2268 1543 2321; x_wconf 89' lang='lat' dir='ltr'><strong>id</strong></span> <span class='ocrx_word' id='word_1_169' title='bbox 1568 2276 1670 2331; x_wconf 87' lang='lat' dir='ltr'><strong>est,</strong></span> <span class='ocrx_word' id='word_1_170' title='bbox 1696 2282 1757 2321; x_wconf 79' lang='lat' dir='ltr'><strong>ex</strong></span> <span class='ocrx_word' id='word_1_171' title='bbox 1780 2269 1892 2337; x_wconf 84' lang='lat' dir='ltr'><strong>lege</strong></span> <span class='ocrx_word' id='word_1_172' title='bbox 1918 2283 2171 2322; x_wconf 89' lang='lat' dir='ltr'><strong>mansue-</strong></span> 
     </span>
    </p>
   </div>
   <div class='ocr_carea' id='block_1_26' title="bbox 603 2358 2172 2429">
    <p class='ocr_par' dir='ltr' id='par_1_26' title="bbox 603 2358 2172 2429">
     <span class='ocr_line' id='line_1_26' title="bbox 603 2358 2172 2429; baseline 0.001 -18"><span class='ocrx_word' id='word_1_173' title='bbox 603 2358 787 2424; x_wconf 79' lang='lat' dir='ltr'><strong>factis,</strong></span> <span class='ocrx_word' id='word_1_174' title='bbox 823 2360 916 2413; x_wconf 89' lang='lat' dir='ltr'><strong>sed</strong></span> <span class='ocrx_word' id='word_1_175' title='bbox 952 2360 1113 2414; x_wconf 88' lang='lat' dir='ltr'><strong>etiam</strong></span> <span class='ocrx_word' id='word_1_176' title='bbox 1148 2374 1213 2413; x_wconf 78' lang='lat' dir='ltr'><strong>ex</strong></span> <span class='ocrx_word' id='word_1_177' title='bbox 1252 2360 1590 2429; x_wconf 82' lang='lat' dir='ltr'><strong>agrestibus,</strong></span> <span class='ocrx_word' id='word_1_178' title='bbox 1624 2359 1871 2413; x_wconf 76' lang='lat' dir='ltr'><strong>videlicet</strong></span> <span class='ocrx_word' id='word_1_179' title='bbox 1902 2376 1965 2415; x_wconf 79' lang='lat' dir='ltr'><strong>ex</strong></span> <span class='ocrx_word' id='word_1_180' title='bbox 2000 2362 2172 2428; x_wconf 84' lang='lat' dir='ltr'><strong>genti-</strong></span> 
     </span>
    </p>
   </div>
   <div class='ocr_carea' id='block_1_27' title="bbox 602 2450 2171 2521">
    <p class='ocr_par' dir='ltr' id='par_1_27' title="bbox 602 2450 2171 2521">
     <span class='ocr_line' id='line_1_27' title="bbox 602 2450 2171 2521; baseline 0.001 -18"><span class='ocrx_word' id='word_1_181' title='bbox 602 2450 729 2517; x_wconf 90' lang='lat' dir='ltr'><strong>bus,</strong></span> <span class='ocrx_word' id='word_1_182' title='bbox 771 2450 1172 2521; x_wconf 87' lang='lat' dir='ltr'><strong>conglutinante</strong></span> <span class='ocrx_word' id='word_1_183' title='bbox 1226 2460 1279 2505; x_wconf 89' lang='lat' dir='ltr'><strong>et</strong></span> <span class='ocrx_word' id='word_1_184' title='bbox 1357 2452 1425 2505; x_wconf 88' lang='lat' dir='ltr'><strong>ad</strong></span> <span class='ocrx_word' id='word_1_185' title='bbox 1477 2452 1819 2505; x_wconf 89' lang='lat' dir='ltr'><strong>concordiam</strong></span> <span class='ocrx_word' id='word_1_186' title='bbox 1872 2453 2171 2505; x_wconf 87' lang='lat' dir='ltr'><strong>animorum</strong></span> 
     </span>
    </p>
   </div>
   <div class='ocr_carea' id='block_1_28' title="bbox 597 2542 2172 2611">
    <p class='ocr_par' dir='ltr' id='par_1_28' title="bbox 597 2542 2172 2611">
     <span class='ocr_line' id='line_1_28' title="bbox 597 2542 2172 2611; baseline -0.001 -15"><span class='ocrx_word' id='word_1_187' title='bbox 597 2554 953 2611; x_wconf 79' lang='lat' dir='ltr'><strong>cenipouente</strong></span> <span class='ocrx_word' id='word_1_188' title='bbox 977 2558 1071 2597; x_wconf 88' lang='lat' dir='ltr'><strong>eos</strong></span> <span class='ocrx_word' id='word_1_189' title='bbox 1096 2554 1336 2597; x_wconf 90' lang='lat' dir='ltr'><strong>nostrum</strong></span> <span class='ocrx_word' id='word_1_190' title='bbox 1359 2542 1597 2596; x_wconf 89' lang='lat' dir='ltr'><strong>omnium</strong></span> <span class='ocrx_word' id='word_1_191' title='bbox 1626 2542 1915 2595; x_wconf 85' lang='lat' dir='ltr'><strong>Servatore</strong></span> <span class='ocrx_word' id='word_1_192' title='bbox 1937 2542 2172 2606; x_wconf 80' lang='lat' dir='ltr'><strong>Christo,</strong></span> 
     </span>
    </p>
   </div>
   <div class='ocr_carea' id='block_1_29' title="bbox 598 2632 2175 2696">
    <p class='ocr_par' dir='ltr' id='par_1_29' title="bbox 598 2632 2175 2696">
     <span class='ocr_line' id='line_1_29' title="bbox 598 2632 2175 2696; baseline -0.002 -8"><span class='ocrx_word' id='word_1_193' title='bbox 598 2646 651 2688; x_wconf 89' lang='lat' dir='ltr'><strong>et</strong></span> <span class='ocrx_word' id='word_1_194' title='bbox 689 2641 886 2687; x_wconf 87' lang='lat' dir='ltr'><strong>bonum</strong></span> <span class='ocrx_word' id='word_1_195' title='bbox 939 2634 1062 2688; x_wconf 89' lang='lat' dir='ltr'><strong>inde</strong></span> <span class='ocrx_word' id='word_1_196' title='bbox 1102 2634 1265 2687; x_wconf 89' lang='lat' dir='ltr'><strong>etiam</strong></span> <span class='ocrx_word' id='word_1_197' title='bbox 1315 2634 1365 2687; x_wconf 92' lang='lat' dir='ltr'><strong>iu</strong></span> <span class='ocrx_word' id='word_1_198' title='bbox 1413 2633 1550 2686; x_wconf 90' lang='lat' dir='ltr'><strong>lilios</strong></span> <span class='ocrx_word' id='word_1_199' title='bbox 1596 2632 1849 2696; x_wconf 81' lang='lat' dir='ltr'><strong>ﬁliorum,</strong></span> <span class='ocrx_word' id='word_1_200' title='bbox 1887 2633 1937 2685; x_wconf 90' lang='lat' dir='ltr'><strong>id</strong></span> <span class='ocrx_word' id='word_1_201' title='bbox 1975 2643 2078 2696; x_wconf 88' lang='lat' dir='ltr'><strong>est,</strong></span> <span class='ocrx_word' id='word_1_202' title='bbox 2110 2647 2175 2687; x_wconf 81' lang='lat' dir='ltr'><strong>ex</strong></span> 
     </span>
    </p>
   </div>
   <div class='ocr_carea' id='block_1_30' title="bbox 605 2723 2179 2796">
    <p class='ocr_par' dir='ltr' id='par_1_30' title="bbox 605 2723 2179 2796">
     <span class='ocr_line' id='line_1_30' title="bbox 605 2723 2179 2796; baseline -0.001 -17"><span class='ocrx_word' id='word_1_203' title='bbox 605 2728 736 2796; x_wconf 79' lang='lat' dir='ltr'><strong>ipsis</strong></span> <span class='ocrx_word' id='word_1_204' title='bbox 795 2737 947 2780; x_wconf 91' lang='lat' dir='ltr'><strong>natos</strong></span> <span class='ocrx_word' id='word_1_205' title='bbox 1012 2726 1427 2780; x_wconf 89' lang='lat' dir='ltr'><strong>transmittente.</strong></span> <span class='ocrx_word' id='word_1_206' title='bbox 1476 2723 1610 2778; x_wconf 82' lang='lat' dir='ltr'><strong>Nam</strong></span> <span class='ocrx_word' id='word_1_207' title='bbox 1642 2725 1745 2779; x_wconf 91' lang='lat' dir='ltr'><strong>huc</strong></span> <span class='ocrx_word' id='word_1_208' title='bbox 1794 2725 1955 2778; x_wconf 91' lang='lat' dir='ltr'><strong>etiam</strong></span> <span class='ocrx_word' id='word_1_209' title='bbox 1985 2740 2179 2794; x_wconf 86' lang='lat' dir='ltr'><strong>propa-</strong></span> 
     </span>
    </p>
   </div>
   <div class='ocr_carea' id='block_1_31' title="bbox 598 2817 2175 2885">
    <p class='ocr_par' dir='ltr' id='par_1_31' title="bbox 598 2817 2175 2885">
     <span class='ocr_line' id='line_1_31' title="bbox 598 2817 2175 2885; baseline -0.001 -15"><span class='ocrx_word' id='word_1_210' title='bbox 598 2827 752 2884; x_wconf 70' lang='lat' dir='ltr'><strong>gatur</strong></span> <span class='ocrx_word' id='word_1_211' title='bbox 776 2834 804 2870; x_wconf 90' lang='lat' dir='ltr'><strong>a</strong></span> <span class='ocrx_word' id='word_1_212' title='bbox 833 2819 986 2871; x_wconf 90' lang='lat' dir='ltr'><strong>nobis</strong></span> <span class='ocrx_word' id='word_1_213' title='bbox 1008 2832 1110 2885; x_wconf 73' lang='lat' dir='ltr'><strong>pax</strong></span> <span class='ocrx_word' id='word_1_214' title='bbox 1136 2817 1357 2883; x_wconf 87' lang='lat' dir='ltr'><strong>Christi,</strong></span> <span class='ocrx_word' id='word_1_215' title='bbox 1377 2826 1431 2871; x_wconf 90' lang='lat' dir='ltr'><strong>et</strong></span> <span class='ocrx_word' id='word_1_216' title='bbox 1455 2817 1831 2871; x_wconf 88' lang='lat' dir='ltr'><strong>consensionis</strong></span> <span class='ocrx_word' id='word_1_217' title='bbox 1855 2817 2175 2882; x_wconf 88' lang='lat' dir='ltr'><strong>animorum,</strong></span> 
     </span>
    </p>
   </div>
   <div class='ocr_carea' id='block_1_32' title="bbox 598 2907 2179 2978">
    <p class='ocr_par' dir='ltr' id='par_1_32' title="bbox 598 2907 2179 2978">
     <span class='ocr_line' id='line_1_32' title="bbox 598 2907 2179 2978; baseline -0.003 -16"><span class='ocrx_word' id='word_1_218' title='bbox 598 2921 651 2962; x_wconf 90' lang='lat' dir='ltr'><strong>ct</strong></span> <span class='ocrx_word' id='word_1_219' title='bbox 681 2909 799 2962; x_wconf 79' lang='lat' dir='ltr'><strong>ﬁdei</strong></span> <span class='ocrx_word' id='word_1_220' title='bbox 834 2911 1051 2962; x_wconf 89' lang='lat' dir='ltr'><strong>bonum.</strong></span> <span class='ocrx_word' id='word_1_221' title='bbox 1085 2908 1228 2962; x_wconf 90' lang='lat' dir='ltr'><strong>Istuc</strong></span> <span class='ocrx_word' id='word_1_222' title='bbox 1258 2911 1425 2973; x_wconf 86' lang='lat' dir='ltr'><strong>enim,</strong></span> <span class='ocrx_word' id='word_1_223' title='bbox 1455 2918 1603 2978; x_wconf 87' lang='lat' dir='ltr'><strong>puto,</strong></span> <span class='ocrx_word' id='word_1_224' title='bbox 1631 2908 1866 2962; x_wconf 88' lang='lat' dir='ltr'><strong>ostendit</strong></span> <span class='ocrx_word' id='word_1_225' title='bbox 1896 2922 2017 2961; x_wconf 92' lang='lat' dir='ltr'><strong>cum</strong></span> <span class='ocrx_word' id='word_1_226' title='bbox 2047 2907 2179 2973; x_wconf 69' lang='lat' dir='ltr'><strong>adji-</strong></span> 
     </span>
    </p>
   </div>
   <div class='ocr_carea' id='block_1_33' title="bbox 599 2999 2179 3063">
    <p class='ocr_par' dir='ltr' id='par_1_33' title="bbox 599 2999 2179 3063">
     <span class='ocr_line' id='line_1_33' title="bbox 599 2999 2179 3063; baseline -0.003 -8"><span class='ocrx_word' id='word_1_227' title='bbox 599 3003 669 3055; x_wconf 92' lang='lat' dir='ltr'><strong>cit</strong></span> <span class='ocrx_word' id='word_1_228' title='bbox 704 3018 717 3053; x_wconf 88' lang='lat'><strong>:</strong></span> <span class='ocrx_word' id='word_1_229' title='bbox 757 2999 927 3054; x_wconf 87' lang='lat' dir='ltr'><strong>Simul</strong></span> <span class='ocrx_word' id='word_1_230' title='bbox 959 3001 1121 3053; x_wconf 90' lang='lat' dir='ltr'><strong>catuli</strong></span> <span class='ocrx_word' id='word_1_231' title='bbox 1156 3014 1343 3054; x_wconf 90' lang='lat' dir='ltr'><strong>eorum</strong></span> <span class='ocrx_word' id='word_1_232' title='bbox 1375 3010 1557 3063; x_wconf 88' lang='lat' dir='ltr'><strong>erunt,</strong></span> <span class='ocrx_word' id='word_1_233' title='bbox 1589 3010 1643 3054; x_wconf 92' lang='lat' dir='ltr'><strong>et</strong></span> <span class='ocrx_word' id='word_1_234' title='bbox 1674 3000 1777 3063; x_wconf 89' lang='lat' dir='ltr'><strong>leo,</strong></span> <span class='ocrx_word' id='word_1_235' title='bbox 1808 3011 1860 3054; x_wconf 88' lang='lat' dir='ltr'><strong>et</strong></span> <span class='ocrx_word' id='word_1_236' title='bbox 1893 3002 1989 3053; x_wconf 87' lang='lat' dir='ltr'><strong>hns</strong></span> <span class='ocrx_word' id='word_1_237' title='bbox 2020 3000 2179 3053; x_wconf 87' lang='lat' dir='ltr'><strong>simul</strong></span> 
     </span>
    </p>
   </div>
   <div class='ocr_carea' id='block_1_34' title="bbox 2262 544 3834 616">
    <p class='ocr_par' dir='ltr' id='par_1_34' title="bbox 2262 544 3834 616">
     <span class='ocr_line' id='line_1_34' title="bbox 2262 544 3834 616; baseline -0.001 -16"><span class='ocrx_word' id='word_1_238' title='bbox 2262 547 2545 616; x_wconf 73' lang='grc' dir='ltr'>κήρυγμα,</span> <span class='ocrx_word' id='word_1_239' title='bbox 2572 547 2664 600; x_wconf 76' lang='grc' dir='ltr'>καὶ</span> <span class='ocrx_word' id='word_1_240' title='bbox 2696 547 2784 615; x_wconf 80' lang='grc' dir='ltr'><strong>ὑφ’</strong></span> <span class='ocrx_word' id='word_1_241' title='bbox 2814 546 2895 599; x_wconf 72' lang='grc' dir='ltr'>ἐνὶ</span> <span class='ocrx_word' id='word_1_242' title='bbox 2922 546 3207 612; x_wconf 81' lang='grc' dir='ltr'><strong>γεγονότες</strong></span> <span class='ocrx_word' id='word_1_243' title='bbox 3230 544 3307 614; x_wconf 80' lang='grc' dir='ltr'>τῷ</span> <span class='ocrx_word' id='word_1_244' title='bbox 3340 547 3558 598; x_wconf 87' lang='grc' dir='ltr'>πάντων</span> <span class='ocrx_word' id='word_1_245' title='bbox 3588 545 3834 615; x_wconf 79' lang='grc' dir='ltr'>άρχιποιο</span> 
     </span>
    </p>
   </div>
   <div class='ocr_carea' id='block_1_35' title="bbox 2265 635 3832 708">
    <p class='ocr_par' dir='ltr' id='par_1_35' title="bbox 2265 635 3832 708">
     <span class='ocr_line' id='line_1_35' title="bbox 2265 635 3832 708; baseline 0.001 -20"><span class='ocrx_word' id='word_1_246' title='bbox 2265 638 2437 706; x_wconf 87' lang='grc' dir='ltr'>μένει,</span> <span class='ocrx_word' id='word_1_247' title='bbox 2456 638 2533 708; x_wconf 83' lang='grc' dir='ltr'>τῷ</span> <span class='ocrx_word' id='word_1_248' title='bbox 2555 638 2883 707; x_wconf 80' lang='grc' dir='ltr'><strong>κατανέμειν</strong></span> <span class='ocrx_word' id='word_1_249' title='bbox 2911 636 3092 701; x_wconf 73' lang='grc' dir='ltr'>εἰδότι,</span> <span class='ocrx_word' id='word_1_250' title='bbox 3118 635 3263 689; x_wconf 92' lang='grc' dir='ltr'>καθά</span> <span class='ocrx_word' id='word_1_251' title='bbox 3289 653 3451 705; x_wconf 88' lang='grc' dir='ltr'>φησιν</span> <span class='ocrx_word' id='word_1_252' title='bbox 3475 639 3504 688; x_wconf 87' lang='grc' dir='ltr'><strong>ό</strong></span> <span class='ocrx_word' id='word_1_253' title='bbox 3532 637 3832 706; x_wconf 76' lang='grc' dir='ltr'><strong>προφήτης,</strong></span> 
     </span>
    </p>
   </div>
   <div class='ocr_carea' id='block_1_36' title="bbox 2262 727 3835 799">
    <p class='ocr_par' dir='ltr' id='par_1_36' title="bbox 2262 727 3835 799">
     <span class='ocr_line' id='line_1_36' title="bbox 2262 727 3835 799; baseline -0.002 -18"><span class='ocrx_word' id='word_1_254' title='bbox 2262 730 2319 780; x_wconf 79' lang='grc' dir='ltr'>ἐν</span> <span class='ocrx_word' id='word_1_255' title='bbox 2349 732 2486 799; x_wconf 83' lang='grc' dir='ltr'>νομῇ</span> <span class='ocrx_word' id='word_1_256' title='bbox 2516 728 2716 799; x_wconf 79' lang='grc' dir='ltr'>ἀγαθῇ,</span> <span class='ocrx_word' id='word_1_257' title='bbox 2751 730 2843 780; x_wconf 70' lang='grc' dir='ltr'><strong>καὶ</strong></span> <span class='ocrx_word' id='word_1_258' title='bbox 2864 730 2921 780; x_wconf 80' lang='grc' dir='ltr'><strong>ἐν</strong></span> <span class='ocrx_word' id='word_1_259' title='bbox 2954 728 3105 796; x_wconf 81' lang='grc' dir='ltr'>τόπῳ</span> <span class='ocrx_word' id='word_1_260' title='bbox 3131 727 3296 779; x_wconf 83' lang='grc' dir='ltr'>πίονι.</span> <span class='ocrx_word' id='word_1_261' title='bbox 3322 727 3480 779; x_wconf 78' lang='grc' dir='ltr'>Ἀλλὰ</span> <span class='ocrx_word' id='word_1_262' title='bbox 3509 728 3603 779; x_wconf 77' lang='grc' dir='ltr'>καὶ</span> <span class='ocrx_word' id='word_1_263' title='bbox 3635 728 3835 795; x_wconf 78' lang='grc' dir='ltr'>μοσχά-</span> 
     </span>
    </p>
   </div>
   <div class='ocr_carea' id='block_1_37' title="bbox 2265 818 3833 890">
    <p class='ocr_par' dir='ltr' id='par_1_37' title="bbox 2265 818 3833 890">
     <span class='ocr_line' id='line_1_37' title="bbox 2265 818 3833 890; baseline -0.001 -19"><span class='ocrx_word' id='word_1_264' title='bbox 2265 836 2399 889; x_wconf 93' lang='grc' dir='ltr'>ριον,</span> <span class='ocrx_word' id='word_1_265' title='bbox 2428 822 2582 890; x_wconf 79' lang='grc' dir='ltr'>φησὶ,</span> <span class='ocrx_word' id='word_1_266' title='bbox 2622 820 2714 873; x_wconf 78' lang='grc' dir='ltr'><strong>καὶ</strong></span> <span class='ocrx_word' id='word_1_267' title='bbox 2747 819 2945 890; x_wconf 80' lang='grc' dir='ltr'><strong>ταῦρος</strong></span> <span class='ocrx_word' id='word_1_268' title='bbox 2966 820 3061 872; x_wconf 83' lang='grc' dir='ltr'><strong>καὶ</strong></span> <span class='ocrx_word' id='word_1_269' title='bbox 3083 818 3219 871; x_wconf 86' lang='grc' dir='ltr'>λέων</span> <span class='ocrx_word' id='word_1_270' title='bbox 3245 819 3361 887; x_wconf 75' lang='grc' dir='ltr'><strong>ἅμα</strong></span> <span class='ocrx_word' id='word_1_271' title='bbox 3390 818 3833 887; x_wconf 81' lang='grc' dir='ltr'>βοσκηθήσονται.</span> 
     </span>
    </p>
   </div>
   <div class='ocr_carea' id='block_1_38' title="bbox 2268 908 3837 982">
    <p class='ocr_par' dir='ltr' id='par_1_38' title="bbox 2268 908 3837 982">
     <span class='ocr_line' id='line_1_38' title="bbox 2268 908 3837 982; baseline -0.003 -19"><span class='ocrx_word' id='word_1_272' title='bbox 2268 914 2451 965; x_wconf 82' lang='grc' dir='ltr'>Ἐοικε</span> <span class='ocrx_word' id='word_1_273' title='bbox 2469 912 2526 965; x_wconf 83' lang='grc' dir='ltr'>δὲ</span> <span class='ocrx_word' id='word_1_274' title='bbox 2550 913 2846 982; x_wconf 81' lang='grc' dir='ltr'>μοσχάριον</span> <span class='ocrx_word' id='word_1_275' title='bbox 2875 910 3189 975; x_wconf 83' lang='grc' dir='ltr'>ἀποκαλεῖν,</span> <span class='ocrx_word' id='word_1_276' title='bbox 3220 910 3312 961; x_wconf 82' lang='grc' dir='ltr'><strong>τὸν</strong></span> <span class='ocrx_word' id='word_1_277' title='bbox 3337 909 3576 978; x_wconf 81' lang='grc' dir='ltr'>ἀρτιφυᾶ</span> <span class='ocrx_word' id='word_1_278' title='bbox 3599 909 3691 959; x_wconf 74' lang='grc' dir='ltr'><strong>καὶ</strong></span> <span class='ocrx_word' id='word_1_279' title='bbox 3721 908 3837 959; x_wconf 87' lang='grc' dir='ltr'>νέον</span> 
     </span>
    </p>
   </div>
   <div class='ocr_carea' id='block_1_39' title="bbox 2262 999 3838 1070">
    <p class='ocr_par' dir='ltr' id='par_1_39' title="bbox 2262 999 3838 1070">
     <span class='ocr_line' id='line_1_39' title="bbox 2262 999 3838 1070; baseline -0.006 -10"><span class='ocrx_word' id='word_1_280' title='bbox 2262 1006 2372 1061; x_wconf 85' lang='grc' dir='ltr'><strong>τῶν</strong></span> <span class='ocrx_word' id='word_1_281' title='bbox 2403 1007 2810 1059; x_wconf 77' lang='grc' dir='ltr'><strong>πιστευσάντων</strong></span> <span class='ocrx_word' id='word_1_282' title='bbox 2834 1004 2979 1068; x_wconf 78' lang='grc' dir='ltr'>λαὸν,</span> <span class='ocrx_word' id='word_1_283' title='bbox 3016 1003 3160 1057; x_wconf 88' lang='grc' dir='ltr'>τοῦτ’</span> <span class='ocrx_word' id='word_1_284' title='bbox 3213 1002 3347 1065; x_wconf 75' lang='grc' dir='ltr'>ἔστι,</span> <span class='ocrx_word' id='word_1_285' title='bbox 3393 1002 3485 1053; x_wconf 80' lang='grc' dir='ltr'><strong>τὸν</strong></span> <span class='ocrx_word' id='word_1_286' title='bbox 3535 1003 3593 1053; x_wconf 80' lang='grc' dir='ltr'>ὲν</span> <span class='ocrx_word' id='word_1_287' title='bbox 3622 999 3838 1070; x_wconf 82' lang='grc' dir='ltr'>Χριστῷ</span> 
     </span>
    </p>
   </div>
   <div class='ocr_carea' id='block_1_40' title="bbox 2263 1091 3839 1168">
    <p class='ocr_par' dir='ltr' id='par_1_40' title="bbox 2263 1091 3839 1168">
     <span class='ocr_line' id='line_1_40' title="bbox 2263 1091 3839 1168; baseline -0.006 -17"><span class='ocrx_word' id='word_1_288' title='bbox 2263 1098 2613 1168; x_wconf 73' lang='grc' dir='ltr'>νηπιάξονταο</span> <span class='ocrx_word' id='word_1_289' title='bbox 2671 1096 2873 1166; x_wconf 90' lang='grc' dir='ltr'>ταῦρον</span> <span class='ocrx_word' id='word_1_290' title='bbox 2921 1097 2977 1149; x_wconf 83' lang='grc' dir='ltr'>δὲ</span> <span class='ocrx_word' id='word_1_291' title='bbox 3021 1096 3163 1166; x_wconf 84' lang='grc' dir='ltr'>τάχα</span> <span class='ocrx_word' id='word_1_292' title='bbox 3219 1112 3318 1147; x_wconf 89' lang='grc' dir='ltr'><strong>που</strong></span> <span class='ocrx_word' id='word_1_293' title='bbox 3370 1093 3461 1145; x_wconf 80' lang='grc' dir='ltr'><strong>τὸν</strong></span> <span class='ocrx_word' id='word_1_294' title='bbox 3505 1091 3721 1162; x_wconf 82' lang='grc' dir='ltr'>Ἰσραὴλ</span> <span class='ocrx_word' id='word_1_295' title='bbox 3765 1094 3839 1149; x_wconf 82' lang='grc' dir='ltr'>ὡς</span> 
     </span>
    </p>
   </div>
   <div class='ocr_carea' id='block_1_41' title="bbox 2264 1181 3836 1261">
    <p class='ocr_par' dir='ltr' id='par_1_41' title="bbox 2264 1181 3836 1261">
     <span class='ocr_line' id='line_1_41' title="bbox 2264 1181 3836 1261; baseline -0.006 -19"><span class='ocrx_word' id='word_1_296' title='bbox 2264 1190 2632 1261; x_wconf 79' lang='grc' dir='ltr'>πρεσΰυγενῆ.</span> <span class='ocrx_word' id='word_1_297' title='bbox 2669 1188 2905 1255; x_wconf 86' lang='grc' dir='ltr'>Νεογνοῦ</span> <span class='ocrx_word' id='word_1_298' title='bbox 2957 1188 3066 1257; x_wconf 84' lang='grc' dir='ltr'><strong>γάρ</strong></span> <span class='ocrx_word' id='word_1_299' title='bbox 3114 1188 3312 1257; x_wconf 80' lang='grc' dir='ltr'>μόσχου</span> <span class='ocrx_word' id='word_1_300' title='bbox 3344 1183 3679 1254; x_wconf 83' lang='grc' dir='ltr'>πρωτερεύει</span> <span class='ocrx_word' id='word_1_301' title='bbox 3704 1181 3836 1235; x_wconf 78' lang='grc' dir='ltr'>ταῦο</span> 
     </span>
    </p>
   </div>
   <div class='ocr_carea' id='block_1_42' title="bbox 2268 1271 3842 1351">
    <p class='ocr_par' dir='ltr' id='par_1_42' title="bbox 2268 1271 3842 1351">
     <span class='ocr_line' id='line_1_42' title="bbox 2268 1271 3842 1351; baseline -0.008 -18"><span class='ocrx_word' id='word_1_302' title='bbox 2268 1298 2359 1351; x_wconf 90' lang='grc' dir='ltr'><strong>ρος</strong></span> <span class='ocrx_word' id='word_1_303' title='bbox 2385 1281 2525 1333; x_wconf 64' lang='grc' dir='ltr'>κατὰ</span> <span class='ocrx_word' id='word_1_304' title='bbox 2570 1280 2661 1332; x_wconf 75' lang='grc' dir='ltr'><strong>τὸν</strong></span> <span class='ocrx_word' id='word_1_305' title='bbox 2682 1279 2891 1348; x_wconf 85' lang='grc' dir='ltr'>χρόνον.</span> <span class='ocrx_word' id='word_1_306' title='bbox 2928 1280 3132 1344; x_wconf 83' lang='grc' dir='ltr'>Ἦγουν</span> <span class='ocrx_word' id='word_1_307' title='bbox 3174 1275 3259 1327; x_wconf 84' lang='grc' dir='ltr'>διὰ</span> <span class='ocrx_word' id='word_1_308' title='bbox 3312 1275 3512 1343; x_wconf 82' lang='grc' dir='ltr'>μόσχου</span> <span class='ocrx_word' id='word_1_309' title='bbox 3550 1271 3842 1341; x_wconf 76' lang='grc' dir='ltr'>καταδηλοῖ</span> 
     </span>
    </p>
   </div>
   <div class='ocr_carea' id='block_1_43' title="bbox 2264 1363 3839 1437">
    <p class='ocr_par' dir='ltr' id='par_1_43' title="bbox 2264 1363 3839 1437">
     <span class='ocr_line' id='line_1_43' title="bbox 2264 1363 3839 1437; baseline -0.004 -15"><span class='ocrx_word' id='word_1_310' title='bbox 2264 1372 2356 1423; x_wconf 71' lang='grc' dir='ltr'><strong>τὸν</strong></span> <span class='ocrx_word' id='word_1_311' title='bbox 2386 1371 2462 1433; x_wconf 83' lang='grc' dir='ltr'>ὡς</span> <span class='ocrx_word' id='word_1_312' title='bbox 2488 1373 2543 1422; x_wconf 80' lang='grc' dir='ltr'>ὲν</span> <span class='ocrx_word' id='word_1_313' title='bbox 2564 1369 2761 1437; x_wconf 77' lang='grc' dir='ltr'>γνώσει</span> <span class='ocrx_word' id='word_1_314' title='bbox 2790 1386 2848 1421; x_wconf 85' lang='grc' dir='ltr'><strong>τε</strong></span> <span class='ocrx_word' id='word_1_315' title='bbox 2884 1368 3138 1420; x_wconf 75' lang='grc' dir='ltr'>καὶκατὰ</span> <span class='ocrx_word' id='word_1_316' title='bbox 3195 1365 3393 1436; x_wconf 84' lang='grc' dir='ltr'>ἀρετὴν</span> <span class='ocrx_word' id='word_1_317' title='bbox 3426 1363 3839 1433; x_wconf 84' lang='grc' dir='ltr'>ὑπερκείμενον.</span> 
     </span>
    </p>
   </div>
   <div class='ocr_carea' id='block_1_44' title="bbox 2277 1453 3843 1529">
    <p class='ocr_par' dir='ltr' id='par_1_44' title="bbox 2277 1453 3843 1529">
     <span class='ocr_line' id='line_1_44' title="bbox 2277 1453 3843 1529; baseline -0.007 -15"><span class='ocrx_word' id='word_1_318' title='bbox 2277 1462 2486 1515; x_wconf 80' lang='grc' dir='ltr'>Ὀποῖὸν</span> <span class='ocrx_word' id='word_1_319' title='bbox 2516 1463 2631 1513; x_wconf 74' lang='grc' dir='ltr'>ἐστι</span> <span class='ocrx_word' id='word_1_320' title='bbox 2664 1461 2724 1513; x_wconf 88' lang='grc' dir='ltr'><strong>τὸ</strong></span> <span class='ocrx_word' id='word_1_321' title='bbox 2746 1458 3205 1529; x_wconf 78' lang='grc' dir='ltr'>εὐλογηθήσεσθαι</span> <span class='ocrx_word' id='word_1_322' title='bbox 3239 1456 3417 1523; x_wconf 88' lang='grc' dir='ltr'>λέγειν</span> <span class='ocrx_word' id='word_1_323' title='bbox 3447 1455 3598 1525; x_wconf 81' lang='grc' dir='ltr'><strong>παρὰ</strong></span> <span class='ocrx_word' id='word_1_324' title='bbox 3640 1453 3843 1523; x_wconf 81' lang='grc' dir='ltr'>Κυρίου</span> 
     </span>
    </p>
   </div>
   <div class='ocr_carea' id='block_1_45' title="bbox 2266 1544 3845 1624">
    <p class='ocr_par' dir='ltr' id='par_1_45' title="bbox 2266 1544 3845 1624">
     <span class='ocr_line' id='line_1_45' title="bbox 2266 1544 3845 1624; baseline -0.008 -17"><span class='ocrx_word' id='word_1_325' title='bbox 2266 1557 2391 1617; x_wconf 74' lang='grc' dir='ltr'>τοὺς</span> <span class='ocrx_word' id='word_1_326' title='bbox 2424 1554 2686 1624; x_wconf 77' lang='grc' dir='ltr'>σμικροὺς</span> <span class='ocrx_word' id='word_1_327' title='bbox 2720 1552 2857 1622; x_wconf 83' lang='grc' dir='ltr'>μετὰ</span> <span class='ocrx_word' id='word_1_328' title='bbox 2913 1552 3020 1604; x_wconf 84' lang='grc' dir='ltr'><strong>τῶν</strong></span> <span class='ocrx_word' id='word_1_329' title='bbox 3057 1549 3327 1621; x_wconf 85' lang='grc' dir='ltr'>μεγάλων,</span> <span class='ocrx_word' id='word_1_330' title='bbox 3385 1548 3479 1600; x_wconf 79' lang='grc' dir='ltr'>καὶ</span> <span class='ocrx_word' id='word_1_331' title='bbox 3534 1544 3845 1618; x_wconf 75' lang='grc' dir='ltr'>πρεσϐύτας</span> 
     </span>
    </p>
   </div>
   <div class='ocr_carea' id='block_1_46' title="bbox 2272 1638 3846 1715">
    <p class='ocr_par' dir='ltr' id='par_1_46' title="bbox 2272 1638 3846 1715">
     <span class='ocr_line' id='line_1_46' title="bbox 2272 1638 3846 1715; baseline -0.008 -17"><span class='ocrx_word' id='word_1_332' title='bbox 2272 1646 2411 1715; x_wconf 77' lang='grc' dir='ltr'>μετὰ</span> <span class='ocrx_word' id='word_1_333' title='bbox 2441 1646 2550 1697; x_wconf 82' lang='grc' dir='ltr'><strong>τῶν</strong></span> <span class='ocrx_word' id='word_1_334' title='bbox 2582 1644 2881 1714; x_wconf 79' lang='grc' dir='ltr'>νεωτέρων,</span> <span class='ocrx_word' id='word_1_335' title='bbox 2921 1641 3060 1695; x_wconf 81' lang='grc' dir='ltr'><strong>κατὰ</strong></span> <span class='ocrx_word' id='word_1_336' title='bbox 3107 1640 3205 1711; x_wconf 77' lang='grc' dir='ltr'>τὴν</span> <span class='ocrx_word' id='word_1_337' title='bbox 3239 1638 3334 1691; x_wconf 89' lang='grc' dir='ltr'><strong>τοῦ</strong></span> <span class='ocrx_word' id='word_1_338' title='bbox 3384 1638 3684 1707; x_wconf 71' lang='grc' dir='ltr'>ψάλλοντος</span> <span class='ocrx_word' id='word_1_339' title='bbox 3734 1652 3846 1701; x_wconf 81' lang='grc' dir='ltr'>φω-</span> 
     </span>
    </p>
   </div>
   <div class='ocr_carea' id='block_1_47' title="bbox 2268 1726 3849 1805">
    <p class='ocr_par' dir='ltr' id='par_1_47' title="bbox 2268 1726 3849 1805">
     <span class='ocr_line' id='line_1_47' title="bbox 2268 1726 3849 1805; baseline -0.009 -16"><span class='ocrx_word' id='word_1_340' title='bbox 2268 1738 2386 1805; x_wconf 80' lang='grc' dir='ltr'>νήν.</span> <span class='ocrx_word' id='word_1_341' title='bbox 2412 1733 2565 1789; x_wconf 76' lang='grc' dir='ltr'>Οἶδεν</span> <span class='ocrx_word' id='word_1_342' title='bbox 2603 1737 2659 1788; x_wconf 84' lang='grc' dir='ltr'>δὲ</span> <span class='ocrx_word' id='word_1_343' title='bbox 2686 1737 2779 1787; x_wconf 74' lang='grc' dir='ltr'><strong>καὶ</strong></span> <span class='ocrx_word' id='word_1_344' title='bbox 2801 1736 2830 1787; x_wconf 83' lang='grc' dir='ltr'>ὁ</span> <span class='ocrx_word' id='word_1_345' title='bbox 2867 1733 3172 1801; x_wconf 79' lang='grc' dir='ltr'>σοφώτατος</span> <span class='ocrx_word' id='word_1_346' title='bbox 3206 1730 3458 1800; x_wconf 84' lang='grc' dir='ltr'>Ἰωάννης</span> <span class='ocrx_word' id='word_1_347' title='bbox 3514 1727 3607 1779; x_wconf 92' lang='grc' dir='ltr'><strong>νοῦ</strong></span> <span class='ocrx_word' id='word_1_348' title='bbox 3629 1727 3726 1779; x_wconf 73' lang='grc' dir='ltr'>καὶ</span> <span class='ocrx_word' id='word_1_349' title='bbox 3751 1726 3849 1793; x_wconf 73' lang='grc' dir='ltr'><strong>ψυ-</strong></span> 
     </span>
    </p>
   </div>
   <div class='ocr_carea' id='block_1_48' title="bbox 2271 1812 3850 1895">
    <p class='ocr_par' dir='ltr' id='par_1_48' title="bbox 2271 1812 3850 1895">
     <span class='ocr_line' id='line_1_48' title="bbox 2271 1812 3850 1895; baseline -0.009 -17"><span class='ocrx_word' id='word_1_350' title='bbox 2271 1826 2371 1895; x_wconf 82' lang='grc' dir='ltr'><strong>χῆς</strong></span> <span class='ocrx_word' id='word_1_351' title='bbox 2399 1825 2614 1894; x_wconf 85' lang='grc' dir='ltr'>ἡλικίαν</span> <span class='ocrx_word' id='word_1_352' title='bbox 2644 1824 2917 1892; x_wconf 81' lang='grc' dir='ltr'>τοιαύτην.</span> <span class='ocrx_word' id='word_1_353' title='bbox 2951 1821 3157 1890; x_wconf 80' lang='grc' dir='ltr'>Γράφει</span> <span class='ocrx_word' id='word_1_354' title='bbox 3206 1816 3336 1886; x_wconf 90' lang='grc' dir='ltr'>γοῦν</span> <span class='ocrx_word' id='word_1_355' title='bbox 3361 1818 3454 1873; x_wconf 73' lang='grc' dir='ltr'><strong>καὶ</strong></span> <span class='ocrx_word' id='word_1_356' title='bbox 3482 1815 3724 1884; x_wconf 85' lang='grc' dir='ltr'>πατράσι</span> <span class='ocrx_word' id='word_1_357' title='bbox 3757 1812 3850 1865; x_wconf 75' lang='grc' dir='ltr'>καὶ</span> 
     </span>
    </p>
   </div>
   <div class='ocr_carea' id='block_1_49' title="bbox 2272 1900 3847 1984">
    <p class='ocr_par' dir='ltr' id='par_1_49' title="bbox 2272 1900 3847 1984">
     <span class='ocr_line' id='line_1_49' title="bbox 2272 1900 3847 1984; baseline -0.009 -17"><span class='ocrx_word' id='word_1_358' title='bbox 2272 1915 2632 1977; x_wconf 75' lang='grc' dir='ltr'>παιδίοις,κα¹ι</span> <span class='ocrx_word' id='word_1_359' title='bbox 2658 1915 2792 1984; x_wconf 87' lang='grc' dir='ltr'>πρός</span> <span class='ocrx_word' id='word_1_360' title='bbox 2805 1931 2867 1981; x_wconf 87' lang='grc' dir='ltr'><strong>γε</strong></span> <span class='ocrx_word' id='word_1_361' title='bbox 2895 1912 3070 1982; x_wconf 82' lang='grc' dir='ltr'>τούτῳ</span> <span class='ocrx_word' id='word_1_362' title='bbox 3092 1911 3187 1963; x_wconf 68' lang='grc' dir='ltr'><strong>καὶ</strong></span> <span class='ocrx_word' id='word_1_363' title='bbox 3211 1907 3546 1969; x_wconf 77' lang='grc' dir='ltr'>νεανίσκοις,</span> <span class='ocrx_word' id='word_1_364' title='bbox 3564 1906 3648 1968; x_wconf 73' lang='grc' dir='ltr'>τὸ,</span> <span class='ocrx_word' id='word_1_365' title='bbox 3671 1900 3847 1972; x_wconf 70' lang='grc' dir='ltr'>οἶμαι,</span> 
     </span>
    </p>
   </div>
   <div class='ocr_carea' id='block_1_50' title="bbox 2271 1996 3851 2077">
    <p class='ocr_par' dir='ltr' id='par_1_50' title="bbox 2271 1996 3851 2077">
     <span class='ocr_line' id='line_1_50' title="bbox 2271 1996 3851 2077; baseline -0.009 -17"><span class='ocrx_word' id='word_1_366' title='bbox 2271 2010 2367 2077; x_wconf 82' lang='grc' dir='ltr'><strong>τῆς</strong></span> <span class='ocrx_word' id='word_1_367' title='bbox 2398 2000 2628 2059; x_wconf 76' lang='grc' dir='ltr'>ἑκάστου</span> <span class='ocrx_word' id='word_1_368' title='bbox 2658 2006 2896 2066; x_wconf 82' lang='grc' dir='ltr'>διανοίας</span> <span class='ocrx_word' id='word_1_369' title='bbox 2945 2004 3005 2055; x_wconf 76' lang='grc' dir='ltr'>τὸ</span> <span class='ocrx_word' id='word_1_370' title='bbox 3056 2002 3273 2072; x_wconf 85' lang='grc' dir='ltr'>μέτρον,</span> <span class='ocrx_word' id='word_1_371' title='bbox 3298 2000 3417 2069; x_wconf 73' lang='grc' dir='ltr'>ἢτοι</span> <span class='ocrx_word' id='word_1_372' title='bbox 3460 1998 3728 2058; x_wconf 81' lang='grc' dir='ltr'>συνέσεως</span> <span class='ocrx_word' id='word_1_373' title='bbox 3764 1996 3851 2046; x_wconf 72' lang='grc' dir='ltr'><strong>καὶ</strong></span> 
     </span>
    </p>
   </div>
   <div class='ocr_carea' id='block_1_51' title="bbox 2273 2089 3848 2166">
    <p class='ocr_par' dir='ltr' id='par_1_51' title="bbox 2273 2089 3848 2166">
     <span class='ocr_line' id='line_1_51' title="bbox 2273 2089 3848 2166; baseline -0.008 -14"><span class='ocrx_word' id='word_1_374' title='bbox 2273 2099 2620 2166; x_wconf 86' lang='grc' dir='ltr'>θεογνωσίας,</span> <span class='ocrx_word' id='word_1_375' title='bbox 2663 2100 2779 2159; x_wconf 88' lang='grc' dir='ltr'>ταῖς</span> <span class='ocrx_word' id='word_1_376' title='bbox 2812 2095 2918 2148; x_wconf 82' lang='grc' dir='ltr'>τῶν</span> <span class='ocrx_word' id='word_1_377' title='bbox 2954 2096 3221 2164; x_wconf 77' lang='grc' dir='ltr'>σωμάτων</span> <span class='ocrx_word' id='word_1_378' title='bbox 3270 2092 3509 2161; x_wconf 75' lang='grc' dir='ltr'>ἡλικίαις</span> <span class='ocrx_word' id='word_1_379' title='bbox 3550 2089 3848 2157; x_wconf 79' lang='grc' dir='ltr'>ἀφομοιῶν.</span> 
     </span>
    </p>
   </div>
   <div class='ocr_carea' id='block_1_52' title="bbox 2274 2179 3851 2259">
    <p class='ocr_par' dir='ltr' id='par_1_52' title="bbox 2274 2179 3851 2259">
     <span class='ocr_line' id='line_1_52' title="bbox 2274 2179 3851 2259; baseline -0.009 -16"><span class='ocrx_word' id='word_1_380' title='bbox 2274 2189 2715 2259; x_wconf 81' lang='grc' dir='ltr'>Βοσκηθήσονται</span> <span class='ocrx_word' id='word_1_381' title='bbox 2744 2186 2942 2247; x_wconf 80' lang='grc' dir='ltr'>τοίνυν,</span> <span class='ocrx_word' id='word_1_382' title='bbox 2978 2193 3164 2256; x_wconf 72' lang='grc' dir='ltr'>φησιν,</span> <span class='ocrx_word' id='word_1_383' title='bbox 3185 2186 3301 2254; x_wconf 74' lang='grc' dir='ltr'><strong>ἅμα</strong></span> <span class='ocrx_word' id='word_1_384' title='bbox 3330 2184 3426 2236; x_wconf 71' lang='grc' dir='ltr'><strong>καὶ</strong></span> <span class='ocrx_word' id='word_1_385' title='bbox 3455 2180 3598 2234; x_wconf 80' lang='grc' dir='ltr'>κατὰ</span> <span class='ocrx_word' id='word_1_386' title='bbox 3629 2179 3851 2239; x_wconf 63' lang='grc' dir='ltr'>ταύτὸν,</span> 
     </span>
    </p>
   </div>
   <div class='ocr_carea' id='block_1_53' title="bbox 2278 2270 3853 2349">
    <p class='ocr_par' dir='ltr' id='par_1_53' title="bbox 2278 2270 3853 2349">
     <span class='ocr_line' id='line_1_53' title="bbox 2278 2270 3853 2349; baseline -0.008 -18"><span class='ocrx_word' id='word_1_387' title='bbox 2278 2279 2571 2349; x_wconf 84' lang='grc' dir='ltr'>μοσχάριον</span> <span class='ocrx_word' id='word_1_388' title='bbox 2600 2278 2695 2330; x_wconf 68' lang='grc' dir='ltr'>καὶ</span> <span class='ocrx_word' id='word_1_389' title='bbox 2712 2276 2931 2344; x_wconf 81' lang='grc' dir='ltr'>ταῦρος,</span> <span class='ocrx_word' id='word_1_390' title='bbox 2960 2276 3051 2328; x_wconf 74' lang='grc' dir='ltr'><strong>καὶ</strong></span> <span class='ocrx_word' id='word_1_391' title='bbox 3076 2275 3231 2328; x_wconf 84' lang='grc' dir='ltr'>λέων.</span> <span class='ocrx_word' id='word_1_392' title='bbox 3264 2272 3581 2327; x_wconf 82' lang='grc' dir='ltr'>Ἀναπλέκει</span> <span class='ocrx_word' id='word_1_393' title='bbox 3613 2271 3669 2323; x_wconf 87' lang='grc' dir='ltr'>δὲ</span> <span class='ocrx_word' id='word_1_394' title='bbox 3694 2270 3853 2322; x_wconf 81' lang='grc' dir='ltr'>πάλιν</span> 
     </span>
    </p>
   </div>
   <div class='ocr_carea' id='block_1_54' title="bbox 2274 2361 3855 2441">
    <p class='ocr_par' dir='ltr' id='par_1_54' title="bbox 2274 2361 3855 2441">
     <span class='ocr_line' id='line_1_54' title="bbox 2274 2361 3855 2441; baseline -0.008 -16"><span class='ocrx_word' id='word_1_395' title='bbox 2274 2371 2560 2441; x_wconf 78' lang='grc' dir='ltr'>χρησίμως</span> <span class='ocrx_word' id='word_1_396' title='bbox 2614 2367 2893 2438; x_wconf 88' lang='grc' dir='ltr'>μοσχαρίῳ</span> <span class='ocrx_word' id='word_1_397' title='bbox 2947 2384 3005 2418; x_wconf 91' lang='grc' dir='ltr'><strong>τε</strong></span> <span class='ocrx_word' id='word_1_398' title='bbox 3059 2368 3153 2418; x_wconf 74' lang='grc' dir='ltr'><strong>καὶ</strong></span> <span class='ocrx_word' id='word_1_399' title='bbox 3188 2364 3373 2435; x_wconf 85' lang='grc' dir='ltr'>ταύρῳ</span> <span class='ocrx_word' id='word_1_400' title='bbox 3398 2365 3487 2417; x_wconf 76' lang='grc' dir='ltr'>τὸν</span> <span class='ocrx_word' id='word_1_401' title='bbox 3522 2362 3735 2425; x_wconf 85' lang='grc' dir='ltr'>λέοντα,</span> <span class='ocrx_word' id='word_1_402' title='bbox 3772 2361 3855 2413; x_wconf 82' lang='grc' dir='ltr'><strong>ἵνα</strong></span> 
     </span>
    </p>
   </div>
   <div class='ocr_carea' id='block_1_55' title="bbox 2276 2451 3856 2527">
    <p class='ocr_par' dir='ltr' id='par_1_55' title="bbox 2276 2451 3856 2527">
     <span class='ocr_line' id='line_1_55' title="bbox 2276 2451 3856 2527; baseline -0.007 -15"><span class='ocrx_word' id='word_1_403' title='bbox 2276 2460 2437 2514; x_wconf 82' lang='grc' dir='ltr'>πάλιν</span> <span class='ocrx_word' id='word_1_404' title='bbox 2496 2457 2906 2527; x_wconf 75' lang='grc' dir='ltr'>αἰνιγματωδῶς</span> <span class='ocrx_word' id='word_1_405' title='bbox 2958 2458 3145 2526; x_wconf 82' lang='grc' dir='ltr'>ὲννοῇς</span> <span class='ocrx_word' id='word_1_406' title='bbox 3194 2456 3320 2518; x_wconf 78' lang='grc' dir='ltr'>τοὺς</span> <span class='ocrx_word' id='word_1_407' title='bbox 3373 2455 3432 2507; x_wconf 85' lang='grc' dir='ltr'><strong>ὲν</strong></span> <span class='ocrx_word' id='word_1_408' title='bbox 3488 2453 3670 2505; x_wconf 80' lang='grc' dir='ltr'>πίστει</span> <span class='ocrx_word' id='word_1_409' title='bbox 3723 2451 3856 2503; x_wconf 84' lang='grc' dir='ltr'>δεδι-</span> 
     </span>
    </p>
   </div>
   <div class='ocr_carea' id='block_1_56' title="bbox 2276 2543 3857 2617">
    <p class='ocr_par' dir='ltr' id='par_1_56' title="bbox 2276 2543 3857 2617">
     <span class='ocr_line' id='line_1_56' title="bbox 2276 2543 3857 2617; baseline -0.006 -13"><span class='ocrx_word' id='word_1_410' title='bbox 2276 2550 2634 2617; x_wconf 81' lang='grc' dir='ltr'>καιωμένους,</span> <span class='ocrx_word' id='word_1_411' title='bbox 2668 2551 2761 2601; x_wconf 73' lang='grc' dir='ltr'><strong>καὶ</strong></span> <span class='ocrx_word' id='word_1_412' title='bbox 2792 2548 2895 2601; x_wconf 82' lang='grc' dir='ltr'><strong>ὑπὸ</strong></span> <span class='ocrx_word' id='word_1_413' title='bbox 2946 2549 3199 2617; x_wconf 85' lang='grc' dir='ltr'>σκῆπτρα</span> <span class='ocrx_word' id='word_1_414' title='bbox 3248 2546 3542 2614; x_wconf 77' lang='grc' dir='ltr'>γεγονότας</span> <span class='ocrx_word' id='word_1_415' title='bbox 3578 2543 3684 2595; x_wconf 79' lang='grc' dir='ltr'><strong>τοῦ</strong></span> <span class='ocrx_word' id='word_1_416' title='bbox 3724 2543 3857 2595; x_wconf 82' lang='grc' dir='ltr'>πάν·</span> 
     </span>
    </p>
   </div>
   <div class='ocr_carea' id='block_1_57' title="bbox 2278 2633 3859 2711">
    <p class='ocr_par' dir='ltr' id='par_1_57' title="bbox 2278 2633 3859 2711">
     <span class='ocr_line' id='line_1_57' title="bbox 2278 2633 3859 2711; baseline -0.005 -18"><span class='ocrx_word' id='word_1_417' title='bbox 2278 2658 2384 2693; x_wconf 87' lang='grc' dir='ltr'><strong>των</strong></span> <span class='ocrx_word' id='word_1_418' title='bbox 2415 2641 2570 2711; x_wconf 82' lang='grc' dir='ltr'>ἡμῶν</span> <span class='ocrx_word' id='word_1_419' title='bbox 2602 2641 2852 2711; x_wconf 79' lang='grc' dir='ltr'>Σωτῆρος</span> <span class='ocrx_word' id='word_1_420' title='bbox 2880 2637 3116 2709; x_wconf 81' lang='grc' dir='ltr'>Χριστοῦ</span> <span class='ocrx_word' id='word_1_421' title='bbox 3161 2638 3261 2690; x_wconf 84' lang='grc' dir='ltr'><strong>οὐκ</strong></span> <span class='ocrx_word' id='word_1_422' title='bbox 3293 2640 3357 2690; x_wconf 83' lang='grc' dir='ltr'>ὲκ</span> <span class='ocrx_word' id='word_1_423' title='bbox 3400 2637 3575 2707; x_wconf 86' lang='grc' dir='ltr'>μόνων</span> <span class='ocrx_word' id='word_1_424' title='bbox 3602 2633 3743 2687; x_wconf 77' lang='grc' dir='ltr'>εἶναι</span> <span class='ocrx_word' id='word_1_425' title='bbox 3764 2651 3859 2685; x_wconf 89' lang='grc' dir='ltr'>κα-</span> 
     </span>
    </p>
   </div>
   <div class='ocr_carea' id='block_1_58' title="bbox 2280 2723 3857 2801">
    <p class='ocr_par' dir='ltr' id='par_1_58' title="bbox 2280 2723 3857 2801">
     <span class='ocr_line' id='line_1_58' title="bbox 2280 2723 3857 2801; baseline -0.006 -17"><span class='ocrx_word' id='word_1_426' title='bbox 2280 2731 2458 2801; x_wconf 83' lang='grc' dir='ltr'>θαρῶν</span> <span class='ocrx_word' id='word_1_427' title='bbox 2484 2748 2541 2783; x_wconf 90' lang='grc' dir='ltr'><strong>τε</strong></span> <span class='ocrx_word' id='word_1_428' title='bbox 2569 2732 2661 2785; x_wconf 78' lang='grc' dir='ltr'><strong>καὶ</strong></span> <span class='ocrx_word' id='word_1_429' title='bbox 2694 2730 2873 2801; x_wconf 87' lang='grc' dir='ltr'>ίερῶν,</span> <span class='ocrx_word' id='word_1_430' title='bbox 2899 2730 3067 2798; x_wconf 76' lang='grc' dir='ltr'>ἤγουν</span> <span class='ocrx_word' id='word_1_431' title='bbox 3101 2729 3159 2792; x_wconf 78' lang='grc' dir='ltr'><strong>ἐξ</strong></span> <span class='ocrx_word' id='word_1_432' title='bbox 3183 2728 3403 2797; x_wconf 81' lang='grc' dir='ltr'>ἡμέρων</span> <span class='ocrx_word' id='word_1_433' title='bbox 3435 2743 3492 2778; x_wconf 92' lang='grc' dir='ltr'><strong>τε</strong></span> <span class='ocrx_word' id='word_1_434' title='bbox 3528 2724 3621 2776; x_wconf 72' lang='grc' dir='ltr'><strong>καὶ</strong></span> <span class='ocrx_word' id='word_1_435' title='bbox 3645 2723 3857 2793; x_wconf 79' lang='grc' dir='ltr'>πράων,</span> 
     </span>
    </p>
   </div>
   <div class='ocr_carea' id='block_1_59' title="bbox 2280 2814 3857 2887">
    <p class='ocr_par' dir='ltr' id='par_1_59' title="bbox 2280 2814 3857 2887">
     <span class='ocr_line' id='line_1_59' title="bbox 2280 2814 3857 2887; baseline -0.006 -13"><span class='ocrx_word' id='word_1_436' title='bbox 2280 2821 2422 2874; x_wconf 84' lang='grc' dir='ltr'>τοῦτ’</span> <span class='ocrx_word' id='word_1_437' title='bbox 2459 2820 2594 2881; x_wconf 79' lang='grc' dir='ltr'>ἔστι,</span> <span class='ocrx_word' id='word_1_438' title='bbox 2650 2819 2758 2871; x_wconf 82' lang='grc' dir='ltr'>τῶν</span> <span class='ocrx_word' id='word_1_439' title='bbox 2808 2818 2895 2871; x_wconf 84' lang='grc' dir='ltr'>διὰ</span> <span class='ocrx_word' id='word_1_440' title='bbox 2950 2817 3041 2870; x_wconf 91' lang='grc' dir='ltr'><strong>τοῦ</strong></span> <span class='ocrx_word' id='word_1_441' title='bbox 3102 2818 3267 2887; x_wconf 88' lang='grc' dir='ltr'>νόμου</span> <span class='ocrx_word' id='word_1_442' title='bbox 3320 2814 3857 2885; x_wconf 81' lang='grc' dir='ltr'>τετιθασσευμένων,</span> 
     </span>
    </p>
   </div>
   <div class='ocr_carea' id='block_1_60' title="bbox 2280 2905 3858 2983">
    <p class='ocr_par' dir='ltr' id='par_1_60' title="bbox 2280 2905 3858 2983">
     <span class='ocr_line' id='line_1_60' title="bbox 2280 2905 3858 2983; baseline -0.007 -17"><span class='ocrx_word' id='word_1_443' title='bbox 2280 2913 2414 2966; x_wconf 78' lang='grc' dir='ltr'>ἀλλὰ</span> <span class='ocrx_word' id='word_1_444' title='bbox 2440 2912 2544 2983; x_wconf 80' lang='grc' dir='ltr'>γὰρ</span> <span class='ocrx_word' id='word_1_445' title='bbox 2574 2911 2665 2964; x_wconf 75' lang='grc' dir='ltr'><strong>καὶ</strong></span> <span class='ocrx_word' id='word_1_446' title='bbox 2691 2913 2755 2963; x_wconf 83' lang='grc' dir='ltr'><strong>ὲκ</strong></span> <span class='ocrx_word' id='word_1_447' title='bbox 2780 2909 2888 2963; x_wconf 82' lang='grc' dir='ltr'><strong>τῶν</strong></span> <span class='ocrx_word' id='word_1_448' title='bbox 2912 2910 3136 2979; x_wconf 87' lang='grc' dir='ltr'>ἀγρίων,</span> <span class='ocrx_word' id='word_1_449' title='bbox 3160 2908 3315 2978; x_wconf 82' lang='grc' dir='ltr'>δῆλον</span> <span class='ocrx_word' id='word_1_450' title='bbox 3336 2908 3393 2961; x_wconf 84' lang='grc' dir='ltr'>δὲ</span> <span class='ocrx_word' id='word_1_451' title='bbox 3419 2908 3498 2960; x_wconf 77' lang='grc' dir='ltr'>ὅτι</span> <span class='ocrx_word' id='word_1_452' title='bbox 3526 2908 3636 2959; x_wconf 86' lang='grc' dir='ltr'><strong>τῶν</strong></span> <span class='ocrx_word' id='word_1_453' title='bbox 3665 2905 3858 2968; x_wconf 76' lang='grc' dir='ltr'>ἐθνῶν,</span> 
     </span>
    </p>
   </div>
   <div class='ocr_carea' id='block_1_61' title="bbox 2284 2997 3861 3074">
    <p class='ocr_par' dir='ltr' id='par_1_61' title="bbox 2284 2997 3861 3074">
     <span class='ocr_line' id='line_1_61' title="bbox 2284 2997 3861 3074; baseline -0.007 -16"><span class='ocrx_word' id='word_1_454' title='bbox 2284 3004 2623 3074; x_wconf 82' lang='grc' dir='ltr'>συνείροντος</span> <span class='ocrx_word' id='word_1_455' title='bbox 2658 3006 2737 3066; x_wconf 75' lang='grc' dir='ltr'>εἰς</span> <span class='ocrx_word' id='word_1_456' title='bbox 2768 3002 3068 3073; x_wconf 71' lang='grc' dir='ltr'>ὁμοψυχίαν</span> <span class='ocrx_word' id='word_1_457' title='bbox 3095 3002 3293 3062; x_wconf 79' lang='grc' dir='ltr'>αὐτοὺς</span> <span class='ocrx_word' id='word_1_458' title='bbox 3324 2999 3419 3052; x_wconf 86' lang='grc' dir='ltr'><strong>τοῦ</strong></span> <span class='ocrx_word' id='word_1_459' title='bbox 3458 3000 3678 3052; x_wconf 88' lang='grc' dir='ltr'>πάντων</span> <span class='ocrx_word' id='word_1_460' title='bbox 3704 2997 3861 3067; x_wconf 77' lang='grc' dir='ltr'>ἡμῶν</span> 
     </span>
    </p>
   </div>
   <div class='ocr_carea' id='block_1_62' title="bbox 600 3087 2182 3181">
    <p class='ocr_par' dir='ltr' id='par_1_62' title="bbox 600 3088 2176 3159">
     <span class='ocr_line' id='line_1_62' title="bbox 600 3088 2176 3159; baseline 0.001 -17"><span class='ocrx_word' id='word_1_461' title='bbox 600 3099 891 3144; x_wconf 82' lang='lat' dir='ltr'><strong>vescentur</strong></span> <span class='ocrx_word' id='word_1_462' title='bbox 939 3089 1137 3156; x_wconf 89' lang='lat' dir='ltr'><strong>paleis,</strong></span> <span class='ocrx_word' id='word_1_463' title='bbox 1182 3088 1379 3156; x_wconf 86' lang='lat' dir='ltr'><strong>inquit.</strong></span> <span class='ocrx_word' id='word_1_464' title='bbox 1425 3088 1664 3143; x_wconf 81' lang='lat' dir='ltr'><strong>Observa</strong></span> <span class='ocrx_word' id='word_1_465' title='bbox 1714 3092 1855 3159; x_wconf 84' lang='lat' dir='ltr'><strong>quod</strong></span> <span class='ocrx_word' id='word_1_466' title='bbox 1901 3090 2031 3142; x_wconf 88' lang='lat' dir='ltr'><strong>dicit</strong></span> <span class='ocrx_word' id='word_1_467' title='bbox 2074 3107 2176 3144; x_wconf 87' lang='lat' dir='ltr'><strong>non</strong></span> 
     </span>
    </p>
   </div>
   <div class='ocr_carea' id='block_1_63' title="bbox 2286 3087 3862 3181">
    <p class='ocr_par' dir='ltr' id='par_1_63' title="bbox 2286 3087 3862 3166">
     <span class='ocr_line' id='line_1_63' title="bbox 2286 3087 3862 3166; baseline -0.006 -17"><span class='ocrx_word' id='word_1_468' title='bbox 2286 3098 2535 3166; x_wconf 82' lang='grc' dir='ltr'>Σωτῆρος</span> <span class='ocrx_word' id='word_1_469' title='bbox 2564 3095 2822 3165; x_wconf 88' lang='grc' dir='ltr'>Χριστοῦ,</span> <span class='ocrx_word' id='word_1_470' title='bbox 2874 3094 3339 3165; x_wconf 81' lang='grc' dir='ltr'>παραπέμποντός</span> <span class='ocrx_word' id='word_1_471' title='bbox 3387 3108 3447 3143; x_wconf 90' lang='grc' dir='ltr'><strong>τε</strong></span> <span class='ocrx_word' id='word_1_472' title='bbox 3493 3090 3556 3143; x_wconf 87' lang='grc' dir='ltr'>τὸ</span> <span class='ocrx_word' id='word_1_473' title='bbox 3609 3087 3862 3143; x_wconf 82' lang='grc' dir='ltr'>ἐντεῦθεν</span> 
     </span>
    </p>
   </div>
   <div class='ocr_carea' id='block_1_64' title="bbox 604 3180 2181 3243">
    <p class='ocr_par' dir='ltr' id='par_1_64' title="bbox 604 3180 2181 3243">
     <span class='ocr_line' id='line_1_64' title="bbox 604 3180 2181 3243; baseline 0.002 -10"><span class='ocrx_word' id='word_1_474' title='bbox 604 3184 731 3235; x_wconf 90' lang='lat' dir='ltr'><strong>mite</strong></span> <span class='ocrx_word' id='word_1_475' title='bbox 763 3183 814 3234; x_wconf 94' lang='lat' dir='ltr'><strong>in</strong></span> <span class='ocrx_word' id='word_1_476' title='bbox 843 3180 1157 3233; x_wconf 87' lang='lat' dir='ltr'><strong>alimentum</strong></span> <span class='ocrx_word' id='word_1_477' title='bbox 1180 3180 1311 3234; x_wconf 82' lang='lat' dir='ltr'><strong>leris</strong></span> <span class='ocrx_word' id='word_1_478' title='bbox 1339 3181 1616 3243; x_wconf 88' lang='lat' dir='ltr'><strong>usitatum,</strong></span> <span class='ocrx_word' id='word_1_479' title='bbox 1637 3184 1731 3235; x_wconf 89' lang='lat' dir='ltr'><strong>sed</strong></span> <span class='ocrx_word' id='word_1_480' title='bbox 1759 3183 1811 3234; x_wconf 89' lang='lat' dir='ltr'><strong>in</strong></span> <span class='ocrx_word' id='word_1_481' title='bbox 1842 3183 1987 3236; x_wconf 90' lang='lat' dir='ltr'><strong>mitis</strong></span> <span class='ocrx_word' id='word_1_482' title='bbox 2014 3185 2181 3236; x_wconf 85' lang='lat' dir='ltr'><strong>nutri-</strong></span> 
     </span>
    </p>
   </div>
   <div class='ocr_carea' id='block_1_65' title="bbox 602 3272 2184 3345">
    <p class='ocr_par' dir='ltr' id='par_1_65' title="bbox 602 3272 2184 3345">
     <span class='ocr_line' id='line_1_65' title="bbox 602 3272 2184 3345; baseline 0.003 -19"><span class='ocrx_word' id='word_1_483' title='bbox 602 3275 799 3326; x_wconf 87' lang='lat' dir='ltr'><strong>tiouem</strong></span> <span class='ocrx_word' id='word_1_484' title='bbox 849 3272 1021 3326; x_wconf 82' lang='lat' dir='ltr'><strong>ferum</strong></span> <span class='ocrx_word' id='word_1_485' title='bbox 1070 3272 1397 3340; x_wconf 82' lang='lat' dir='ltr'><strong>demigrare.</strong></span> <span class='ocrx_word' id='word_1_486' title='bbox 1442 3272 1744 3327; x_wconf 84' lang='lat' dir='ltr'><strong>Carnivora</strong></span> <span class='ocrx_word' id='word_1_487' title='bbox 1785 3276 1981 3344; x_wconf 86' lang='lat' dir='ltr'><strong>quippe</strong></span> <span class='ocrx_word' id='word_1_488' title='bbox 2027 3277 2184 3345; x_wconf 91' lang='lat' dir='ltr'><strong>plane</strong></span> 
     </span>
    </p>
   </div>
   <div class='ocr_carea' id='block_1_66' title="bbox 604 3363 2186 3431">
    <p class='ocr_par' dir='ltr' id='par_1_66' title="bbox 604 3363 2186 3431">
     <span class='ocr_line' id='line_1_66' title="bbox 604 3363 2186 3431; baseline 0.003 -14"><span class='ocrx_word' id='word_1_489' title='bbox 604 3375 732 3417; x_wconf 89' lang='lat' dir='ltr'><strong>sunt</strong></span> <span class='ocrx_word' id='word_1_490' title='bbox 766 3379 927 3418; x_wconf 89' lang='lat' dir='ltr'><strong>ursus</strong></span> <span class='ocrx_word' id='word_1_491' title='bbox 961 3374 1014 3417; x_wconf 94' lang='lat' dir='ltr'><strong>ct</strong></span> <span class='ocrx_word' id='word_1_492' title='bbox 1048 3363 1129 3417; x_wconf 90' lang='lat' dir='ltr'><strong>leo</strong></span> <span class='ocrx_word' id='word_1_493' title='bbox 1166 3381 1179 3416; x_wconf 93' lang='lat'>:</span> <span class='ocrx_word' id='word_1_494' title='bbox 1215 3363 1310 3418; x_wconf 88' lang='lat' dir='ltr'><strong>bos</strong></span> <span class='ocrx_word' id='word_1_495' title='bbox 1346 3373 1523 3417; x_wconf 91' lang='lat' dir='ltr'><strong>autem</strong></span> <span class='ocrx_word' id='word_1_496' title='bbox 1562 3377 1617 3419; x_wconf 93' lang='lat' dir='ltr'><strong>ct</strong></span> <span class='ocrx_word' id='word_1_497' title='bbox 1648 3366 1849 3420; x_wconf 77' lang='lat' dir='ltr'><strong>vitulus</strong></span> <span class='ocrx_word' id='word_1_498' title='bbox 1871 3407 1885 3431; x_wconf 88' lang='lat'><strong>,</strong></span> <span class='ocrx_word' id='word_1_499' title='bbox 1917 3376 1972 3420; x_wconf 89' lang='lat' dir='ltr'><strong>et</strong></span> <span class='ocrx_word' id='word_1_500' title='bbox 2005 3368 2186 3421; x_wconf 78' lang='lat' dir='ltr'><strong>lucdus</strong></span> 
     </span>
    </p>
   </div>
   <div class='ocr_carea' id='block_1_67' title="bbox 607 3455 2182 3526">
    <p class='ocr_par' dir='ltr' id='par_1_67' title="bbox 607 3455 2182 3526">
     <span class='ocr_line' id='line_1_67' title="bbox 607 3455 2182 3526; baseline 0.003 -18"><span class='ocrx_word' id='word_1_501' title='bbox 607 3472 709 3510; x_wconf 91' lang='lat' dir='ltr'><strong>non</strong></span> <span class='ocrx_word' id='word_1_502' title='bbox 754 3456 860 3521; x_wconf 91' lang='lat' dir='ltr'><strong>ita,</strong></span> <span class='ocrx_word' id='word_1_503' title='bbox 895 3458 988 3510; x_wconf 84' lang='lat' dir='ltr'><strong>sed</strong></span> <span class='ocrx_word' id='word_1_504' title='bbox 1038 3455 1237 3509; x_wconf 87' lang='lat' dir='ltr'><strong>herbas</strong></span> <span class='ocrx_word' id='word_1_505' title='bbox 1285 3468 1513 3526; x_wconf 89' lang='lat' dir='ltr'><strong>carpunt</strong></span> <span class='ocrx_word' id='word_1_506' title='bbox 1554 3458 1819 3525; x_wconf 91' lang='lat' dir='ltr'><strong>ejusmodi</strong></span> <span class='ocrx_word' id='word_1_507' title='bbox 1867 3460 2182 3513; x_wconf 86' lang='lat' dir='ltr'><strong>animantia.</strong></span> 
     </span>
    </p>
   </div>
   <div class='ocr_carea' id='block_1_68' title="bbox 605 3546 2186 3617">
    <p class='ocr_par' dir='ltr' id='par_1_68' title="bbox 605 3546 2186 3617">
     <span class='ocr_line' id='line_1_68' title="bbox 605 3546 2186 3617; baseline 0.002 -17"><span class='ocrx_word' id='word_1_508' title='bbox 605 3546 767 3614; x_wconf 83' lang='lat' dir='ltr'><strong>Atqui</strong></span> <span class='ocrx_word' id='word_1_509' title='bbox 810 3563 838 3598; x_wconf 91' lang='lat' dir='ltr'><strong>a</strong></span> <span class='ocrx_word' id='word_1_510' title='bbox 873 3547 1145 3600; x_wconf 87' lang='lat' dir='ltr'><strong>consuetis</strong></span> <span class='ocrx_word' id='word_1_511' title='bbox 1176 3561 1240 3600; x_wconf 92' lang='lat' dir='ltr'><strong>ac</strong></span> <span class='ocrx_word' id='word_1_512' title='bbox 1268 3546 1441 3601; x_wconf 90' lang='lat' dir='ltr'><strong>solitis</strong></span> <span class='ocrx_word' id='word_1_513' title='bbox 1460 3585 1476 3611; x_wconf 94' lang='lat'><strong>,</strong></span> <span class='ocrx_word' id='word_1_514' title='bbox 1505 3548 1705 3617; x_wconf 89' lang='lat' dir='ltr'><strong>inquit,</strong></span> <span class='ocrx_word' id='word_1_515' title='bbox 1733 3548 2001 3603; x_wconf 81' lang='lat' dir='ltr'><strong>silvestria</strong></span> <span class='ocrx_word' id='word_1_516' title='bbox 2035 3565 2186 3604; x_wconf 87' lang='lat' dir='ltr'><strong>rece-</strong></span> 
     </span>
    </p>
   </div>
   <div class='ocr_carea' id='block_1_69' title="bbox 607 3636 2184 3706">
    <p class='ocr_par' dir='ltr' id='par_1_69' title="bbox 607 3636 2184 3706">
     <span class='ocr_line' id='line_1_69' title="bbox 607 3636 2184 3706; baseline 0.003 -17"><span class='ocrx_word' id='word_1_517' title='bbox 607 3639 755 3701; x_wconf 88' lang='lat' dir='ltr'><strong>dent,</strong></span> <span class='ocrx_word' id='word_1_518' title='bbox 783 3647 836 3690; x_wconf 87' lang='lat' dir='ltr'><strong>ct</strong></span> <span class='ocrx_word' id='word_1_519' title='bbox 870 3638 1047 3706; x_wconf 88' lang='lat' dir='ltr'><strong>potius</strong></span> <span class='ocrx_word' id='word_1_520' title='bbox 1079 3637 1146 3691; x_wconf 89' lang='lat' dir='ltr'><strong>ad</strong></span> <span class='ocrx_word' id='word_1_521' title='bbox 1176 3636 1381 3691; x_wconf 84' lang='lat' dir='ltr'><strong>cibaria</strong></span> <span class='ocrx_word' id='word_1_522' title='bbox 1416 3648 1817 3692; x_wconf 89' lang='lat' dir='ltr'><strong>mansuetormn</strong></span> <span class='ocrx_word' id='word_1_523' title='bbox 1856 3641 2184 3703; x_wconf 85' lang='lat' dir='ltr'><strong>transibunt,</strong></span> 
     </span>
    </p>
   </div>
   <div class='ocr_carea' id='block_1_70' title="bbox 608 3727 2187 3800">
    <p class='ocr_par' dir='ltr' id='par_1_70' title="bbox 608 3727 2187 3800">
     <span class='ocr_line' id='line_1_70' title="bbox 608 3727 2187 3800; baseline 0.002 -17"><span class='ocrx_word' id='word_1_524' title='bbox 608 3740 662 3783; x_wconf 90' lang='lat' dir='ltr'><strong>ct</strong></span> <span class='ocrx_word' id='word_1_525' title='bbox 694 3729 780 3782; x_wconf 87' lang='lat' dir='ltr'><strong>illa</strong></span> <span class='ocrx_word' id='word_1_526' title='bbox 814 3742 1103 3783; x_wconf 76' lang='lat' dir='ltr'><strong>vescentur</strong></span> <span class='ocrx_word' id='word_1_527' title='bbox 1136 3730 1311 3797; x_wconf 88' lang='lat' dir='ltr'><strong>palea.</strong></span> <span class='ocrx_word' id='word_1_528' title='bbox 1347 3727 1527 3798; x_wconf 84' lang='lat' dir='ltr'><strong>Typus</strong></span> <span class='ocrx_word' id='word_1_529' title='bbox 1558 3738 1738 3783; x_wconf 84' lang='lat' dir='ltr'><strong>autem</strong></span> <span class='ocrx_word' id='word_1_530' title='bbox 1774 3730 2032 3785; x_wconf 81' lang='lat' dir='ltr'><strong>doctrina:</strong></span> <span class='ocrx_word' id='word_1_531' title='bbox 2066 3746 2187 3800; x_wconf 89' lang='lat' dir='ltr'><strong>pos-</strong></span> 
     </span>
    </p>
   </div>
   <div class='ocr_carea' id='block_1_71' title="bbox 611 3819 2192 3891">
    <p class='ocr_par' dir='ltr' id='par_1_71' title="bbox 611 3819 2192 3891">
     <span class='ocr_line' id='line_1_71' title="bbox 611 3819 2192 3891; baseline 0.001 -17"><span class='ocrx_word' id='word_1_532' title='bbox 611 3823 684 3875; x_wconf 91' lang='lat' dir='ltr'><strong>sit</strong></span> <span class='ocrx_word' id='word_1_533' title='bbox 736 3835 854 3875; x_wconf 88' lang='lat' dir='ltr'><strong>essc</strong></span> <span class='ocrx_word' id='word_1_534' title='bbox 893 3821 1009 3874; x_wconf 62' lang='lat' dir='ltr'><strong>haec</strong></span> <span class='ocrx_word' id='word_1_535' title='bbox 1054 3820 1247 3889; x_wconf 85' lang='lat' dir='ltr'><strong>pastio.</strong></span> <span class='ocrx_word' id='word_1_536' title='bbox 1277 3819 1373 3874; x_wconf 86' lang='lat' dir='ltr'><strong>Est</strong></span> <span class='ocrx_word' id='word_1_537' title='bbox 1407 3820 1567 3890; x_wconf 84' lang='lat' dir='ltr'><strong>igitur</strong></span> <span class='ocrx_word' id='word_1_538' title='bbox 1600 3820 2036 3891; x_wconf 87' lang='lat' dir='ltr'><strong>intelligendum,</strong></span> <span class='ocrx_word' id='word_1_539' title='bbox 2066 3832 2192 3877; x_wconf 89' lang='lat' dir='ltr'><strong>ante</strong></span> 
     </span>
    </p>
   </div>
   <div class='ocr_carea' id='block_1_72' title="bbox 614 3911 2191 3984">
    <p class='ocr_par' dir='ltr' id='par_1_72' title="bbox 614 3911 2191 3984">
     <span class='ocr_line' id='line_1_72' title="bbox 614 3911 2191 3984; baseline 0.002 -18"><span class='ocrx_word' id='word_1_540' title='bbox 614 3915 769 3968; x_wconf 86' lang='lat' dir='ltr'><strong>tidem</strong></span> <span class='ocrx_word' id='word_1_541' title='bbox 801 3914 854 3966; x_wconf 92' lang='lat' dir='ltr'><strong>in</strong></span> <span class='ocrx_word' id='word_1_542' title='bbox 891 3912 1163 3967; x_wconf 83' lang='lat' dir='ltr'><strong>Christum</strong></span> <span class='ocrx_word' id='word_1_543' title='bbox 1209 3923 1393 3984; x_wconf 82' lang='lat' dir='ltr'><strong>gentes</strong></span> <span class='ocrx_word' id='word_1_544' title='bbox 1460 3911 1732 3981; x_wconf 88' lang='lat' dir='ltr'><strong>improbos</strong></span> <span class='ocrx_word' id='word_1_545' title='bbox 1767 3914 2022 3968; x_wconf 88' lang='lat' dir='ltr'><strong>habuisse</strong></span> <span class='ocrx_word' id='word_1_546' title='bbox 2056 3929 2191 3981; x_wconf 69' lang='lat' dir='ltr'><strong>prte-</strong></span> 
     </span>
    </p>
   </div>
   <div class='ocr_carea' id='block_1_73' title="bbox 612 4004 2194 4075">
    <p class='ocr_par' dir='ltr' id='par_1_73' title="bbox 612 4004 2194 4075">
     <span class='ocr_line' id='line_1_73' title="bbox 612 4004 2194 4075; baseline -0.001 -15"><span class='ocrx_word' id='word_1_547' title='bbox 612 4016 895 4075; x_wconf 85' lang='lat' dir='ltr'><strong>ccptores,</strong></span> <span class='ocrx_word' id='word_1_548' title='bbox 942 4004 1223 4074; x_wconf 88' lang='lat' dir='ltr'><strong>pecuinam</strong></span> <span class='ocrx_word' id='word_1_549' title='bbox 1278 4004 1384 4057; x_wconf 91' lang='lat' dir='ltr'><strong>illis</strong></span> <span class='ocrx_word' id='word_1_550' title='bbox 1439 4005 1716 4059; x_wconf 87' lang='lat' dir='ltr'><strong>tradentes</strong></span> <span class='ocrx_word' id='word_1_551' title='bbox 1765 4006 2095 4069; x_wconf 86' lang='lat' dir='ltr'><strong>doctrinam,</strong></span> <span class='ocrx_word' id='word_1_552' title='bbox 2141 4013 2194 4059; x_wconf 88' lang='lat' dir='ltr'><strong>et</strong></span> 
     </span>
    </p>
   </div>
   <div class='ocr_carea' id='block_1_74' title="bbox 614 4095 2194 4167">
    <p class='ocr_par' dir='ltr' id='par_1_74' title="bbox 614 4095 2194 4167">
     <span class='ocr_line' id='line_1_74' title="bbox 614 4095 2194 4167; baseline 0 -17"><span class='ocrx_word' id='word_1_553' title='bbox 614 4113 775 4167; x_wconf 88' lang='lat' dir='ltr'><strong>porro</strong></span> <span class='ocrx_word' id='word_1_554' title='bbox 839 4098 1165 4159; x_wconf 88' lang='lat' dir='ltr'><strong>suadentes,</strong></span> <span class='ocrx_word' id='word_1_555' title='bbox 1235 4095 1640 4164; x_wconf 86' lang='lat' dir='ltr'><strong>corruptissima</strong></span> <span class='ocrx_word' id='word_1_556' title='bbox 1708 4105 1762 4149; x_wconf 94' lang='lat' dir='ltr'><strong>et</strong></span> <span class='ocrx_word' id='word_1_557' title='bbox 1833 4097 2194 4164; x_wconf 88' lang='lat' dir='ltr'><strong>perditissima</strong></span> 
     </span>
    </p>
   </div>
   <div class='ocr_carea' id='block_1_75' title="bbox 614 4183 2198 4255">
    <p class='ocr_par' dir='ltr' id='par_1_75' title="bbox 614 4183 2198 4255">
     <span class='ocr_line' id='line_1_75' title="bbox 614 4183 2198 4255; baseline -0.003 -12"><span class='ocrx_word' id='word_1_558' title='bbox 614 4188 939 4243; x_wconf 88' lang='lat' dir='ltr'><strong>consectari.</strong></span> <span class='ocrx_word' id='word_1_559' title='bbox 970 4187 1041 4241; x_wconf 80' lang='lat' dir='ltr'><strong>At</strong></span> <span class='ocrx_word' id='word_1_560' title='bbox 1072 4185 1160 4239; x_wconf 87' lang='lat' dir='ltr'><strong>ubi</strong></span> <span class='ocrx_word' id='word_1_561' title='bbox 1192 4184 1257 4237; x_wconf 93' lang='lat' dir='ltr'><strong>ad</strong></span> <span class='ocrx_word' id='word_1_562' title='bbox 1285 4183 1611 4255; x_wconf 83' lang='lat' dir='ltr'><strong>agnitionem</strong></span> <span class='ocrx_word' id='word_1_563' title='bbox 1644 4184 1756 4249; x_wconf 89' lang='lat' dir='ltr'><strong>Dei,</strong></span> <span class='ocrx_word' id='word_1_564' title='bbox 1785 4184 1876 4252; x_wconf 90' lang='lat' dir='ltr'><strong>qui</strong></span> <span class='ocrx_word' id='word_1_565' title='bbox 1908 4200 2033 4238; x_wconf 83' lang='lat' dir='ltr'><strong>vere</strong></span> <span class='ocrx_word' id='word_1_566' title='bbox 2059 4186 2198 4240; x_wconf 89' lang='lat' dir='ltr'><strong>Deus</strong></span> 
     </span>
    </p>
   </div>
   <div class='ocr_carea' id='block_1_76' title="bbox 617 4274 2201 4344">
    <p class='ocr_par' dir='ltr' id='par_1_76' title="bbox 617 4274 2201 4344">
     <span class='ocr_line' id='line_1_76' title="bbox 617 4274 2201 4344; baseline 0 -13"><span class='ocrx_word' id='word_1_567' title='bbox 617 4290 717 4344; x_wconf 86' lang='lat' dir='ltr'><strong>est,</strong></span> <span class='ocrx_word' id='word_1_568' title='bbox 768 4278 943 4332; x_wconf 90' lang='lat' dir='ltr'><strong>vocati</strong></span> <span class='ocrx_word' id='word_1_569' title='bbox 996 4287 1150 4341; x_wconf 85' lang='lat' dir='ltr'><strong>sunt,</strong></span> <span class='ocrx_word' id='word_1_570' title='bbox 1198 4287 1307 4330; x_wconf 91' lang='lat' dir='ltr'><strong>tum</strong></span> <span class='ocrx_word' id='word_1_571' title='bbox 1361 4274 1520 4328; x_wconf 89' lang='lat' dir='ltr'><strong>simul</strong></span> <span class='ocrx_word' id='word_1_572' title='bbox 1567 4290 1596 4326; x_wconf 88' lang='lat' dir='ltr'><strong>a</strong></span> <span class='ocrx_word' id='word_1_573' title='bbox 1646 4275 1874 4342; x_wconf 85' lang='lat' dir='ltr'><strong>pristino</strong></span> <span class='ocrx_word' id='word_1_574' title='bbox 1917 4291 2103 4331; x_wconf 86' lang='lat' dir='ltr'><strong>errore</strong></span> <span class='ocrx_word' id='word_1_575' title='bbox 2145 4286 2201 4331; x_wconf 88' lang='lat' dir='ltr'><strong>et</strong></span> 
     </span>
    </p>
   </div>
   <div class='ocr_carea' id='block_1_77' title="bbox 617 4365 2204 4438">
    <p class='ocr_par' dir='ltr' id='par_1_77' title="bbox 617 4365 2204 4438">
     <span class='ocr_line' id='line_1_77' title="bbox 617 4365 2204 4438; baseline -0.003 -13"><span class='ocrx_word' id='word_1_576' title='bbox 617 4369 877 4425; x_wconf 89' lang='lat' dir='ltr'><strong>doctrinis</strong></span> <span class='ocrx_word' id='word_1_577' title='bbox 907 4369 959 4422; x_wconf 93' lang='lat' dir='ltr'><strong>in</strong></span> <span class='ocrx_word' id='word_1_578' title='bbox 986 4370 1182 4438; x_wconf 89' lang='lat' dir='ltr'><strong>quibus</strong></span> <span class='ocrx_word' id='word_1_579' title='bbox 1211 4367 1430 4422; x_wconf 89' lang='lat' dir='ltr'><strong>enutriti</strong></span> <span class='ocrx_word' id='word_1_580' title='bbox 1464 4375 1519 4420; x_wconf 90' lang='lat' dir='ltr'><strong>et</strong></span> <span class='ocrx_word' id='word_1_581' title='bbox 1561 4365 1771 4419; x_wconf 88' lang='lat' dir='ltr'><strong>educati</strong></span> <span class='ocrx_word' id='word_1_582' title='bbox 1794 4375 1939 4433; x_wconf 89' lang='lat' dir='ltr'><strong>sunt,</strong></span> <span class='ocrx_word' id='word_1_583' title='bbox 1963 4368 2204 4424; x_wconf 90' lang='lat' dir='ltr'><strong>descive-</strong></span> 
     </span>
    </p>
   </div>
   <div class='ocr_carea' id='block_1_78' title="bbox 2285 3180 3859 3255">
    <p class='ocr_par' dir='ltr' id='par_1_78' title="bbox 2285 3180 3859 3255">
     <span class='ocr_line' id='line_1_78' title="bbox 2285 3180 3859 3255; baseline -0.006 -15"><span class='ocrx_word' id='word_1_584' title='bbox 2285 3188 2489 3254; x_wconf 79' lang='grc' dir='ltr'>ἀγαθὸν</span> <span class='ocrx_word' id='word_1_585' title='bbox 2523 3186 2616 3239; x_wconf 53' lang='grc' dir='ltr'><strong>καὶ⁵</strong></span> <span class='ocrx_word' id='word_1_586' title='bbox 2641 3187 2718 3248; x_wconf 84' lang='grc' dir='ltr'>εἰς</span> <span class='ocrx_word' id='word_1_587' title='bbox 2774 3186 2982 3239; x_wconf 88' lang='grc' dir='ltr'>παίδων</span> <span class='ocrx_word' id='word_1_588' title='bbox 3012 3186 3227 3248; x_wconf 90' lang='grc' dir='ltr'>παῖδας,</span> <span class='ocrx_word' id='word_1_589' title='bbox 3269 3185 3388 3255; x_wconf 74' lang='grc' dir='ltr'>ἦτοι</span> <span class='ocrx_word' id='word_1_590' title='bbox 3417 3182 3543 3245; x_wconf 75' lang='grc' dir='ltr'>τοὺς</span> <span class='ocrx_word' id='word_1_591' title='bbox 3571 3180 3630 3245; x_wconf 76' lang='grc' dir='ltr'><strong>ἐξ</strong></span> <span class='ocrx_word' id='word_1_592' title='bbox 3661 3180 3859 3233; x_wconf 80' lang='grc' dir='ltr'>αὐτῶν.</span> 
     </span>
    </p>
   </div>
   <div class='ocr_carea' id='block_1_79' title="bbox 2298 3274 3864 3348">
    <p class='ocr_par' dir='ltr' id='par_1_79' title="bbox 2298 3274 3864 3348">
     <span class='ocr_line' id='line_1_79' title="bbox 2298 3274 3864 3348; baseline -0.005 -17"><span class='ocrx_word' id='word_1_593' title='bbox 2298 3278 2627 3331; x_wconf 84' lang='grc' dir='ltr'>Ἐκτείνεται</span> <span class='ocrx_word' id='word_1_594' title='bbox 2668 3276 2777 3345; x_wconf 84' lang='grc' dir='ltr'>γὰρ</span> <span class='ocrx_word' id='word_1_595' title='bbox 2808 3279 2885 3340; x_wconf 86' lang='grc' dir='ltr'><strong>είς</strong></span> <span class='ocrx_word' id='word_1_596' title='bbox 2918 3276 3077 3348; x_wconf 88' lang='grc' dir='ltr'>δεῦρο</span> <span class='ocrx_word' id='word_1_597' title='bbox 3123 3277 3216 3331; x_wconf 80' lang='grc' dir='ltr'><strong>καὶ</strong></span> <span class='ocrx_word' id='word_1_598' title='bbox 3269 3277 3399 3348; x_wconf 82' lang='grc' dir='ltr'>παρ’</span> <span class='ocrx_word' id='word_1_599' title='bbox 3430 3278 3559 3346; x_wconf 72' lang='grc' dir='ltr'>ἡμῖν</span> <span class='ocrx_word' id='word_1_600' title='bbox 3602 3275 3637 3344; x_wconf 82' lang='grc' dir='ltr'>ὴ</span> <span class='ocrx_word' id='word_1_601' title='bbox 3672 3274 3864 3344; x_wconf 75' lang='grc' dir='ltr'>εἰρήνη</span> 
     </span>
    </p>
   </div>
   <div class='ocr_carea' id='block_1_80' title="bbox 2288 3365 3866 3439">
    <p class='ocr_par' dir='ltr' id='par_1_80' title="bbox 2288 3365 3866 3439">
     <span class='ocr_line' id='line_1_80' title="bbox 2288 3365 3866 3439; baseline -0.004 -18"><span class='ocrx_word' id='word_1_602' title='bbox 2288 3368 2547 3439; x_wconf 81' lang='grc' dir='ltr'>Χριστοῦ,</span> <span class='ocrx_word' id='word_1_603' title='bbox 2579 3371 2673 3421; x_wconf 70' lang='grc' dir='ltr'><strong>καὶ</strong></span> <span class='ocrx_word' id='word_1_604' title='bbox 2702 3368 2764 3420; x_wconf 80' lang='grc' dir='ltr'><strong>τὸ</strong></span> <span class='ocrx_word' id='word_1_605' title='bbox 2793 3370 2855 3420; x_wconf 82' lang='grc' dir='ltr'>ὲκ</span> <span class='ocrx_word' id='word_1_606' title='bbox 2874 3369 2972 3439; x_wconf 83' lang='grc' dir='ltr'><strong>τῆς</strong></span> <span class='ocrx_word' id='word_1_607' title='bbox 2991 3367 3291 3437; x_wconf 75' lang='grc' dir='ltr'>ὀμοψυχίας</span> <span class='ocrx_word' id='word_1_608' title='bbox 3321 3384 3379 3419; x_wconf 90' lang='grc' dir='ltr'><strong>τε</strong></span> <span class='ocrx_word' id='word_1_609' title='bbox 3404 3366 3540 3436; x_wconf 87' lang='grc' dir='ltr'>ὁμοῦ</span> <span class='ocrx_word' id='word_1_610' title='bbox 3585 3365 3680 3417; x_wconf 76' lang='grc' dir='ltr'><strong>καὶ</strong></span> <span class='ocrx_word' id='word_1_611' title='bbox 3734 3365 3866 3432; x_wconf 81' lang='grc' dir='ltr'>ὁμο·</span> 
     </span>
    </p>
   </div>
   <div class='ocr_carea' id='block_1_81' title="bbox 2290 3455 3866 3531">
    <p class='ocr_par' dir='ltr' id='par_1_81' title="bbox 2290 3455 3866 3531">
     <span class='ocr_line' id='line_1_81' title="bbox 2290 3455 3866 3531; baseline -0.006 -16"><span class='ocrx_word' id='word_1_612' title='bbox 2290 3462 2504 3523; x_wconf 86' lang='grc' dir='ltr'>πιστίας</span> <span class='ocrx_word' id='word_1_613' title='bbox 2531 3461 2755 3530; x_wconf 87' lang='grc' dir='ltr'>ἀγαθόν.</span> <span class='ocrx_word' id='word_1_614' title='bbox 2780 3461 2948 3514; x_wconf 83' lang='grc' dir='ltr'>Τοῦτο</span> <span class='ocrx_word' id='word_1_615' title='bbox 2972 3460 3080 3531; x_wconf 78' lang='grc' dir='ltr'>γὰρ</span> <span class='ocrx_word' id='word_1_616' title='bbox 3101 3500 3115 3522; x_wconf 90' lang='grc'><strong>,</strong></span> <span class='ocrx_word' id='word_1_617' title='bbox 3151 3455 3325 3528; x_wconf 76' lang='grc' dir='ltr'>οἶμαι,</span> <span class='ocrx_word' id='word_1_618' title='bbox 3352 3458 3501 3528; x_wconf 74' lang='grc' dir='ltr'>δηλοῖ</span> <span class='ocrx_word' id='word_1_619' title='bbox 3531 3455 3866 3527; x_wconf 76' lang='grc' dir='ltr'>προστιθεὶς,</span> 
     </span>
    </p>
   </div>
   <div class='ocr_carea' id='block_1_82' title="bbox 2288 3546 3869 3621">
    <p class='ocr_par' dir='ltr' id='par_1_82' title="bbox 2288 3546 3869 3621">
     <span class='ocr_line' id='line_1_82' title="bbox 2288 3546 3869 3621; baseline -0.005 -15"><span class='ocrx_word' id='word_1_620' title='bbox 2288 3555 2371 3606; x_wconf 82' lang='grc' dir='ltr'><strong>ὅτι</strong></span> <span class='ocrx_word' id='word_1_621' title='bbox 2425 3553 2540 3621; x_wconf 77' lang='grc' dir='ltr'><strong>ἅμα</strong></span> <span class='ocrx_word' id='word_1_622' title='bbox 2593 3553 2660 3606; x_wconf 81' lang='grc' dir='ltr'><strong>τά</strong></span> <span class='ocrx_word' id='word_1_623' title='bbox 2702 3552 2887 3605; x_wconf 85' lang='grc' dir='ltr'>παιδία</span> <span class='ocrx_word' id='word_1_624' title='bbox 2939 3550 3120 3603; x_wconf 83' lang='grc' dir='ltr'>αὐτῶν</span> <span class='ocrx_word' id='word_1_625' title='bbox 3164 3550 3398 3613; x_wconf 79' lang='grc' dir='ltr'>ἔσονται,</span> <span class='ocrx_word' id='word_1_626' title='bbox 3449 3550 3542 3601; x_wconf 75' lang='grc' dir='ltr'><strong>καὶ</strong></span> <span class='ocrx_word' id='word_1_627' title='bbox 3588 3548 3729 3599; x_wconf 82' lang='grc' dir='ltr'>λέων</span> <span class='ocrx_word' id='word_1_628' title='bbox 3778 3546 3869 3599; x_wconf 78' lang='grc' dir='ltr'><strong>καὶ</strong></span> 
     </span>
    </p>
   </div>
   <div class='ocr_carea' id='block_1_83' title="bbox 2293 3638 3869 3712">
    <p class='ocr_par' dir='ltr' id='par_1_83' title="bbox 2293 3638 3869 3712">
     <span class='ocr_line' id='line_1_83' title="bbox 2293 3638 3869 3712; baseline -0.004 -18"><span class='ocrx_word' id='word_1_629' title='bbox 2293 3642 2421 3711; x_wconf 81' lang='grc' dir='ltr'>βοῦς</span> <span class='ocrx_word' id='word_1_630' title='bbox 2451 3642 2567 3712; x_wconf 77' lang='grc' dir='ltr'><strong>ἅμα</strong></span> <span class='ocrx_word' id='word_1_631' title='bbox 2601 3642 2865 3711; x_wconf 81' lang='grc' dir='ltr'>φάγονται</span> <span class='ocrx_word' id='word_1_632' title='bbox 2900 3642 3093 3711; x_wconf 80' lang='grc' dir='ltr'>ἄχυρα,</span> <span class='ocrx_word' id='word_1_633' title='bbox 3126 3640 3311 3709; x_wconf 76' lang='grc' dir='ltr'>φησίν.</span> <span class='ocrx_word' id='word_1_634' title='bbox 3376 3640 3742 3709; x_wconf 85' lang='grc' dir='ltr'>Ἐπιτήρησον</span> <span class='ocrx_word' id='word_1_635' title='bbox 3792 3638 3869 3689; x_wconf 82' lang='grc' dir='ltr'>ὅτι</span> 
     </span>
    </p>
   </div>
   <div class='ocr_carea' id='block_1_84' title="bbox 2292 3729 3871 3803">
    <p class='ocr_par' dir='ltr' id='par_1_84' title="bbox 2292 3729 3871 3803">
     <span class='ocr_line' id='line_1_84' title="bbox 2292 3729 3871 3803; baseline -0.003 -18"><span class='ocrx_word' id='word_1_636' title='bbox 2292 3734 2352 3785; x_wconf 74' lang='grc' dir='ltr'><strong>οὐ</strong></span> <span class='ocrx_word' id='word_1_637' title='bbox 2378 3732 2439 3785; x_wconf 82' lang='grc' dir='ltr'>τὸ</span> <span class='ocrx_word' id='word_1_638' title='bbox 2465 3733 2671 3803; x_wconf 74' lang='grc' dir='ltr'>ἥμερον</span> <span class='ocrx_word' id='word_1_639' title='bbox 2708 3734 2787 3795; x_wconf 86' lang='grc' dir='ltr'>εἰς</span> <span class='ocrx_word' id='word_1_640' title='bbox 2808 3732 2906 3801; x_wconf 86' lang='grc' dir='ltr'>τὴν</span> <span class='ocrx_word' id='word_1_641' title='bbox 2932 3733 3044 3793; x_wconf 90' lang='grc' dir='ltr'>τοῖς</span> <span class='ocrx_word' id='word_1_642' title='bbox 3082 3732 3295 3801; x_wconf 80' lang='grc' dir='ltr'>ἀγρίοις</span> <span class='ocrx_word' id='word_1_643' title='bbox 3327 3729 3750 3798; x_wconf 76' lang='grc' dir='ltr'>κατειθισμένην</span> <span class='ocrx_word' id='word_1_644' title='bbox 3780 3744 3871 3797; x_wconf 82' lang='grc' dir='ltr'>με-</span> 
     </span>
    </p>
   </div>
   <div class='ocr_carea' id='block_1_85' title="bbox 2291 3818 3872 3893">
    <p class='ocr_par' dir='ltr' id='par_1_85' title="bbox 2291 3818 3872 3893">
     <span class='ocr_line' id='line_1_85' title="bbox 2291 3818 3872 3893; baseline -0.003 -17"><span class='ocrx_word' id='word_1_645' title='bbox 2291 3824 2609 3893; x_wconf 86' lang='grc' dir='ltr'>ταφοίτησιν</span> <span class='ocrx_word' id='word_1_646' title='bbox 2642 3823 2743 3893; x_wconf 74' lang='grc' dir='ltr'><strong>ἔφη</strong></span> <span class='ocrx_word' id='word_1_647' title='bbox 2772 3822 2979 3893; x_wconf 78' lang='grc' dir='ltr'>τροφὴν</span> <span class='ocrx_word' id='word_1_648' title='bbox 3005 3863 3020 3885; x_wconf 93' lang='grc'><strong>,</strong></span> <span class='ocrx_word' id='word_1_649' title='bbox 3066 3822 3179 3874; x_wconf 81' lang='grc' dir='ltr'>ἀλλ’</span> <span class='ocrx_word' id='word_1_650' title='bbox 3210 3822 3288 3885; x_wconf 86' lang='grc' dir='ltr'>εἰς</span> <span class='ocrx_word' id='word_1_651' title='bbox 3312 3821 3410 3891; x_wconf 83' lang='grc' dir='ltr'>τὴν</span> <span class='ocrx_word' id='word_1_652' title='bbox 3450 3820 3545 3873; x_wconf 90' lang='grc' dir='ltr'><strong>τοῦ</strong></span> <span class='ocrx_word' id='word_1_653' title='bbox 3576 3819 3790 3890; x_wconf 78' lang='grc' dir='ltr'>ἡμέρου</span> <span class='ocrx_word' id='word_1_654' title='bbox 3815 3818 3872 3870; x_wconf 74' lang='grc' dir='ltr'>τὸ</span> 
     </span>
    </p>
   </div>
   <div class='ocr_carea' id='block_1_86' title="bbox 2295 3909 3873 3983">
    <p class='ocr_par' dir='ltr' id='par_1_86' title="bbox 2295 3909 3873 3983">
     <span class='ocr_line' id='line_1_86' title="bbox 2295 3909 3873 3983; baseline -0.005 -17"><span class='ocrx_word' id='word_1_655' title='bbox 2295 3912 2485 3981; x_wconf 83' lang='grc' dir='ltr'>ἄγριον</span> <span class='ocrx_word' id='word_1_656' title='bbox 2516 3929 2529 3942; x_wconf 87' lang='grc'><strong>·</strong></span> <span class='ocrx_word' id='word_1_657' title='bbox 2566 3912 2871 3983; x_wconf 76' lang='grc' dir='ltr'>σαρκοϐόρα</span> <span class='ocrx_word' id='word_1_658' title='bbox 2922 3911 3019 3979; x_wconf 80' lang='grc' dir='ltr'>μὲν</span> <span class='ocrx_word' id='word_1_659' title='bbox 3057 3913 3163 3981; x_wconf 85' lang='grc' dir='ltr'><strong>γὰρ</strong></span> <span class='ocrx_word' id='word_1_660' title='bbox 3196 3910 3638 3979; x_wconf 83' lang='grc' dir='ltr'>ὁμολογουμένως</span> <span class='ocrx_word' id='word_1_661' title='bbox 3670 3909 3873 3978; x_wconf 82' lang='grc' dir='ltr'>ἄρκτος</span> 
     </span>
    </p>
   </div>
   <div class='ocr_carea' id='block_1_87' title="bbox 2296 3998 3870 4073">
    <p class='ocr_par' dir='ltr' id='par_1_87' title="bbox 2296 3998 3870 4073">
     <span class='ocr_line' id='line_1_87' title="bbox 2296 3998 3870 4073; baseline -0.006 -15"><span class='ocrx_word' id='word_1_662' title='bbox 2296 4004 2392 4058; x_wconf 78' lang='grc' dir='ltr'>καὶ</span> <span class='ocrx_word' id='word_1_663' title='bbox 2417 4004 2572 4068; x_wconf 88' lang='grc' dir='ltr'>λέων,</span> <span class='ocrx_word' id='word_1_664' title='bbox 2607 4002 2731 4073; x_wconf 88' lang='grc' dir='ltr'>βοῦς</span> <span class='ocrx_word' id='word_1_665' title='bbox 2753 4004 2808 4055; x_wconf 77' lang='grc' dir='ltr'>δὲ</span> <span class='ocrx_word' id='word_1_666' title='bbox 2831 4004 2924 4056; x_wconf 74' lang='grc' dir='ltr'><strong>καὶ</strong></span> <span class='ocrx_word' id='word_1_667' title='bbox 2958 4003 3177 4072; x_wconf 81' lang='grc' dir='ltr'>μόσχος,</span> <span class='ocrx_word' id='word_1_668' title='bbox 3212 4003 3378 4071; x_wconf 71' lang='grc' dir='ltr'>ἤγουν</span> <span class='ocrx_word' id='word_1_669' title='bbox 3425 4001 3612 4073; x_wconf 74' lang='grc' dir='ltr'>ἔριφος</span> <span class='ocrx_word' id='word_1_670' title='bbox 3640 3998 3835 4052; x_wconf 78' lang='grc' dir='ltr'>οὐκέτι</span> <span class='ocrx_word' id='word_1_671' title='bbox 3856 4013 3870 4028; x_wconf 76' lang='grc' dir='ltr'><strong>ο</strong></span> 
     </span>
    </p>
   </div>
   <div class='ocr_carea' id='block_1_88' title="bbox 2302 4089 3875 4166">
    <p class='ocr_par' dir='ltr' id='par_1_88' title="bbox 2302 4089 3875 4166">
     <span class='ocr_line' id='line_1_88' title="bbox 2302 4089 3875 4166; baseline -0.005 -17"><span class='ocrx_word' id='word_1_672' title='bbox 2302 4096 2564 4166; x_wconf 80' lang='grc' dir='ltr'>ποηφαγῆ</span> <span class='ocrx_word' id='word_1_673' title='bbox 2587 4096 2642 4147; x_wconf 81' lang='grc' dir='ltr'>δὲ</span> <span class='ocrx_word' id='word_1_674' title='bbox 2676 4094 2877 4165; x_wconf 84' lang='grc' dir='ltr'>μᾶλλον</span> <span class='ocrx_word' id='word_1_675' title='bbox 2906 4094 2973 4146; x_wconf 85' lang='grc' dir='ltr'><strong>τὰ</strong></span> <span class='ocrx_word' id='word_1_676' title='bbox 2997 4093 3172 4146; x_wconf 86' lang='grc' dir='ltr'>τοιάδε</span> <span class='ocrx_word' id='word_1_677' title='bbox 3199 4093 3306 4145; x_wconf 83' lang='grc' dir='ltr'><strong>τῶν</strong></span> <span class='ocrx_word' id='word_1_678' title='bbox 3332 4091 3503 4157; x_wconf 82' lang='grc' dir='ltr'>ζώων.</span> <span class='ocrx_word' id='word_1_679' title='bbox 3550 4090 3714 4144; x_wconf 78' lang='grc' dir='ltr'>Ἀλλὰ</span> <span class='ocrx_word' id='word_1_680' title='bbox 3769 4089 3875 4144; x_wconf 85' lang='grc' dir='ltr'><strong>τῶν</strong></span> 
     </span>
    </p>
   </div>
   <div class='ocr_carea' id='block_1_89' title="bbox 2300 4183 3874 4256">
    <p class='ocr_par' dir='ltr' id='par_1_89' title="bbox 2300 4183 3874 4256">
     <span class='ocr_line' id='line_1_89' title="bbox 2300 4183 3874 4256; baseline -0.004 -17"><span class='ocrx_word' id='word_1_681' title='bbox 2300 4189 2357 4240; x_wconf 83' lang='grc' dir='ltr'>ὲν</span> <span class='ocrx_word' id='word_1_682' title='bbox 2388 4186 2522 4252; x_wconf 75' lang='grc' dir='ltr'>ἔθει,</span> <span class='ocrx_word' id='word_1_683' title='bbox 2554 4187 2736 4256; x_wconf 71' lang='grc' dir='ltr'>φησὶν,</span> <span class='ocrx_word' id='word_1_684' title='bbox 2767 4185 2828 4237; x_wconf 83' lang='grc' dir='ltr'><strong>τὸ</strong></span> <span class='ocrx_word' id='word_1_685' title='bbox 2850 4185 3039 4256; x_wconf 82' lang='grc' dir='ltr'>ἄγριον</span> <span class='ocrx_word' id='word_1_686' title='bbox 3057 4186 3445 4254; x_wconf 76' lang='grc' dir='ltr'>ἀποστήσεται.</span> <span class='ocrx_word' id='word_1_687' title='bbox 3478 4183 3874 4252; x_wconf 81' lang='grc' dir='ltr'>Μεταχωρήσει</span> 
     </span>
    </p>
   </div>
   <div class='ocr_carea' id='block_1_90' title="bbox 2301 4272 3877 4348">
    <p class='ocr_par' dir='ltr' id='par_1_90' title="bbox 2301 4272 3877 4348">
     <span class='ocr_line' id='line_1_90' title="bbox 2301 4272 3877 4348; baseline -0.008 -14"><span class='ocrx_word' id='word_1_688' title='bbox 2301 4281 2357 4334; x_wconf 82' lang='grc' dir='ltr'>δὲ</span> <span class='ocrx_word' id='word_1_689' title='bbox 2384 4280 2581 4348; x_wconf 82' lang='grc' dir='ltr'>μᾶλλον</span> <span class='ocrx_word' id='word_1_690' title='bbox 2607 4278 2698 4330; x_wconf 77' lang='grc' dir='ltr'><strong>ἐπὶ</strong></span> <span class='ocrx_word' id='word_1_691' title='bbox 2736 4278 2833 4347; x_wconf 76' lang='grc' dir='ltr'><strong>τὴν</strong></span> <span class='ocrx_word' id='word_1_692' title='bbox 2859 4278 2968 4330; x_wconf 82' lang='grc' dir='ltr'><strong>τῶν</strong></span> <span class='ocrx_word' id='word_1_693' title='bbox 3006 4277 3226 4347; x_wconf 80' lang='grc' dir='ltr'>ἡμέρων</span> <span class='ocrx_word' id='word_1_694' title='bbox 3262 4273 3484 4345; x_wconf 86' lang='grc' dir='ltr'>τροφὴν,</span> <span class='ocrx_word' id='word_1_695' title='bbox 3526 4272 3877 4343; x_wconf 76' lang='grc' dir='ltr'>άχυροφαγή·</span> 
     </span>
    </p>
   </div>
   <div class='ocr_carea' id='block_1_91' title="bbox 2306 4363 3874 4440">
    <p class='ocr_par' dir='ltr' id='par_1_91' title="bbox 2306 4363 3874 4440">
     <span class='ocr_line' id='line_1_91' title="bbox 2306 4363 3874 4440; baseline -0.007 -17"><span class='ocrx_word' id='word_1_696' title='bbox 2306 4388 2390 4423; x_wconf 86' lang='grc' dir='ltr'><strong>σει</strong></span> <span class='ocrx_word' id='word_1_697' title='bbox 2418 4370 2527 4440; x_wconf 82' lang='grc' dir='ltr'>γὰρ</span> <span class='ocrx_word' id='word_1_698' title='bbox 2561 4370 2654 4421; x_wconf 71' lang='grc' dir='ltr'>καὶ</span> <span class='ocrx_word' id='word_1_699' title='bbox 2688 4368 2843 4421; x_wconf 78' lang='grc' dir='ltr'>αὐτά.</span> <span class='ocrx_word' id='word_1_700' title='bbox 2898 4368 3008 4419; x_wconf 79' lang='grc' dir='ltr'>Καὶ</span> <span class='ocrx_word' id='word_1_701' title='bbox 3046 4367 3212 4428; x_wconf 86' lang='grc' dir='ltr'>τύπος</span> <span class='ocrx_word' id='word_1_702' title='bbox 3245 4366 3310 4419; x_wconf 86' lang='grc' dir='ltr'><strong>ἂν</strong></span> <span class='ocrx_word' id='word_1_703' title='bbox 3340 4366 3424 4435; x_wconf 84' lang='grc' dir='ltr'>εἴη</span> <span class='ocrx_word' id='word_1_704' title='bbox 3464 4364 3816 4431; x_wconf 87' lang='grc' dir='ltr'>διδαγμάτων</span> <span class='ocrx_word' id='word_1_705' title='bbox 3844 4363 3874 4429; x_wconf 74' lang='grc' dir='ltr'>ἡ</span> 
     </span>
    </p>
   </div>
   <div class='ocr_carea' id='block_1_92' title="bbox 620 4453 2182 4540">
    <p class='ocr_par' dir='ltr' id='par_1_92' title="bbox 620 4457 2182 4528">
     <span class='ocr_line' id='line_1_92' title="bbox 620 4457 2182 4528; baseline 0.001 -13"><span class='ocrx_word' id='word_1_706' title='bbox 620 4473 769 4527; x_wconf 88' lang='lat' dir='ltr'><strong>runt,</strong></span> <span class='ocrx_word' id='word_1_707' title='bbox 794 4461 1041 4515; x_wconf 81' lang='lat' dir='ltr'><strong>ﬂoridum</strong></span> <span class='ocrx_word' id='word_1_708' title='bbox 1073 4471 1127 4516; x_wconf 88' lang='lat' dir='ltr'><strong>et</strong></span> <span class='ocrx_word' id='word_1_709' title='bbox 1154 4461 1359 4514; x_wconf 89' lang='lat' dir='ltr'><strong>deliciis</strong></span> <span class='ocrx_word' id='word_1_710' title='bbox 1387 4457 1690 4513; x_wconf 82' lang='lat' dir='ltr'><strong>allluentent</strong></span> <span class='ocrx_word' id='word_1_711' title='bbox 1721 4470 1932 4526; x_wconf 91' lang='lat' dir='ltr'><strong>pastum</strong></span> <span class='ocrx_word' id='word_1_712' title='bbox 1967 4475 2182 4528; x_wconf 38' lang='lat' dir='ltr'><strong>evange‘</strong></span> 
     </span>
    </p>
   </div>
   <div class='ocr_carea' id='block_1_93' title="bbox 2286 4453 3876 4540">
    <p class='ocr_par' dir='ltr' id='par_1_93' title="bbox 2304 4453 3876 4533">
     <span class='ocr_line' id='line_1_93' title="bbox 2304 4453 3876 4533; baseline -0.007 -18"><span class='ocrx_word' id='word_1_713' title='bbox 2304 4470 2499 4533; x_wconf 82' lang='grc' dir='ltr'>τροφή.</span> <span class='ocrx_word' id='word_1_714' title='bbox 2528 4463 2681 4513; x_wconf 82' lang='grc' dir='ltr'>Ἐστι</span> <span class='ocrx_word' id='word_1_715' title='bbox 2713 4461 2891 4513; x_wconf 87' lang='grc' dir='ltr'>τοίνυν</span> <span class='ocrx_word' id='word_1_716' title='bbox 2918 4461 3135 4521; x_wconf 79' lang='grc' dir='ltr'>ἐννοεῖν,</span> <span class='ocrx_word' id='word_1_717' title='bbox 3154 4459 3235 4511; x_wconf 79' lang='grc' dir='ltr'><strong>ὅτι</strong></span> <span class='ocrx_word' id='word_1_718' title='bbox 3264 4457 3367 4526; x_wconf 83' lang='grc' dir='ltr'><strong>πρὸ</strong></span> <span class='ocrx_word' id='word_1_719' title='bbox 3396 4458 3493 4527; x_wconf 84' lang='grc' dir='ltr'>μὲν</span> <span class='ocrx_word' id='word_1_720' title='bbox 3519 4455 3618 4524; x_wconf 80' lang='grc' dir='ltr'><strong>τῆς</strong></span> <span class='ocrx_word' id='word_1_721' title='bbox 3644 4453 3876 4513; x_wconf 84' lang='grc' dir='ltr'>πίστεως</span> 
     </span>
    </p>
   </div>
   <div class='ocr_carea' id='block_1_94' title="bbox 622 4546 2195 4606">
    <p class='ocr_par' dir='ltr' id='par_1_94' title="bbox 622 4546 2195 4606">
     <span class='ocr_line' id='line_1_94' title="bbox 622 4546 2195 4606; baseline 0.002 -3"><span class='ocrx_word' id='word_1_722' title='bbox 622 4551 845 4604; x_wconf 83' lang='lat' dir='ltr'><strong>licarum</strong></span> <span class='ocrx_word' id='word_1_723' title='bbox 876 4549 1281 4604; x_wconf 82' lang='lat' dir='ltr'><strong>institutionum</strong></span> <span class='ocrx_word' id='word_1_724' title='bbox 1308 4548 1466 4602; x_wconf 89' lang='lat' dir='ltr'><strong>simul</strong></span> <span class='ocrx_word' id='word_1_725' title='bbox 1491 4561 1612 4601; x_wconf 88' lang='lat' dir='ltr'><strong>cum</strong></span> <span class='ocrx_word' id='word_1_726' title='bbox 1633 4546 1888 4604; x_wconf 89' lang='lat' dir='ltr'><strong>lsraelitis</strong></span> <span class='ocrx_word' id='word_1_727' title='bbox 1908 4559 2195 4606; x_wconf 88' lang='lat' dir='ltr'><strong>sectantes.</strong></span> 
     </span>
    </p>
   </div>
   <div class='ocr_carea' id='block_1_95' title="bbox 619 4638 2199 4708">
    <p class='ocr_par' dir='ltr' id='par_1_95' title="bbox 619 4638 2199 4708">
     <span class='ocr_line' id='line_1_95' title="bbox 619 4638 2199 4708; baseline 0.001 -14"><span class='ocrx_word' id='word_1_728' title='bbox 619 4641 905 4703; x_wconf 70' lang='lat' dir='ltr'><strong>Cat-terum,</strong></span> <span class='ocrx_word' id='word_1_729' title='bbox 937 4638 1132 4707; x_wconf 90' lang='lat' dir='ltr'><strong>inquit,</strong></span> <span class='ocrx_word' id='word_1_730' title='bbox 1166 4638 1328 4691; x_wconf 88' lang='lat' dir='ltr'><strong>etiam</strong></span> <span class='ocrx_word' id='word_1_731' title='bbox 1364 4653 1496 4708; x_wconf 90' lang='lat' dir='ltr'><strong>puer</strong></span> <span class='ocrx_word' id='word_1_732' title='bbox 1524 4640 1781 4705; x_wconf 85' lang='lat' dir='ltr'><strong>parvulus</strong></span> <span class='ocrx_word' id='word_1_733' title='bbox 1809 4640 1970 4695; x_wconf 89' lang='lat' dir='ltr'><strong>ducet</strong></span> <span class='ocrx_word' id='word_1_734' title='bbox 1998 4655 2116 4707; x_wconf 89' lang='lat' dir='ltr'><strong>eos,</strong></span> <span class='ocrx_word' id='word_1_735' title='bbox 2146 4640 2199 4696; x_wconf 90' lang='lat' dir='ltr'><strong>id</strong></span> 
     </span>
    </p>
   </div>
   <div class='ocr_carea' id='block_1_96' title="bbox 622 4729 2199 4800">
    <p class='ocr_par' dir='ltr' id='par_1_96' title="bbox 622 4729 2199 4800">
     <span class='ocr_line' id='line_1_96' title="bbox 622 4729 2199 4800; baseline 0.001 -15"><span class='ocrx_word' id='word_1_736' title='bbox 622 4740 736 4796; x_wconf 84' lang='lat' dir='ltr'><strong>cst,</strong></span> <span class='ocrx_word' id='word_1_737' title='bbox 768 4732 1040 4799; x_wconf 78' lang='lat' dir='ltr'><strong>magistris</strong></span> <span class='ocrx_word' id='word_1_738' title='bbox 1088 4729 1443 4798; x_wconf 77' lang='lat' dir='ltr'><strong>subjicieutur</strong></span> <span class='ocrx_word' id='word_1_739' title='bbox 1484 4746 1772 4800; x_wconf 89' lang='lat' dir='ltr'><strong>puerorum</strong></span> <span class='ocrx_word' id='word_1_740' title='bbox 1816 4731 2199 4787; x_wconf 78' lang='lat' dir='ltr'><strong>formatoribus</strong></span> 
     </span>
    </p>
   </div>
   <div class='ocr_carea' id='block_1_97' title="bbox 624 4821 2199 4892">
    <p class='ocr_par' dir='ltr' id='par_1_97' title="bbox 624 4821 2199 4892">
     <span class='ocr_line' id='line_1_97' title="bbox 624 4821 2199 4892; baseline -0.001 -14"><span class='ocrx_word' id='word_1_741' title='bbox 624 4840 728 4879; x_wconf 86' lang='lat' dir='ltr'><strong>non</strong></span> <span class='ocrx_word' id='word_1_742' title='bbox 779 4825 973 4876; x_wconf 85' lang='lat' dir='ltr'><strong>acerba</strong></span> <span class='ocrx_word' id='word_1_743' title='bbox 1032 4831 1215 4876; x_wconf 90' lang='lat' dir='ltr'><strong>mente</strong></span> <span class='ocrx_word' id='word_1_744' title='bbox 1265 4821 1517 4889; x_wconf 87' lang='lat' dir='ltr'><strong>vitiisque</strong></span> <span class='ocrx_word' id='word_1_745' title='bbox 1566 4822 1743 4877; x_wconf 88' lang='lat' dir='ltr'><strong>dedita</strong></span> <span class='ocrx_word' id='word_1_746' title='bbox 1790 4823 2058 4892; x_wconf 49' lang='lat' dir='ltr'><strong>pra‘ditis,</strong></span> <span class='ocrx_word' id='word_1_747' title='bbox 2104 4823 2199 4877; x_wconf 88' lang='lat' dir='ltr'><strong>sed</strong></span> 
     </span>
    </p>
   </div>
   <div class='ocr_carea' id='block_1_98' title="bbox 626 4912 2204 4985">
    <p class='ocr_par' dir='ltr' id='par_1_98' title="bbox 626 4912 2204 4985">
     <span class='ocr_line' id='line_1_98' title="bbox 626 4912 2204 4985; baseline 0.002 -21"><span class='ocrx_word' id='word_1_748' title='bbox 626 4914 803 4985; x_wconf 84' lang='lat' dir='ltr'><strong>potius</strong></span> <span class='ocrx_word' id='word_1_749' title='bbox 832 4912 1201 4982; x_wconf 88' lang='lat' dir='ltr'><strong>simplicibus,</strong></span> <span class='ocrx_word' id='word_1_750' title='bbox 1233 4920 1286 4965; x_wconf 89' lang='lat' dir='ltr'><strong>et</strong></span> <span class='ocrx_word' id='word_1_751' title='bbox 1316 4912 1366 4964; x_wconf 92' lang='lat' dir='ltr'><strong>iu</strong></span> <span class='ocrx_word' id='word_1_752' title='bbox 1405 4912 1607 4965; x_wconf 88' lang='lat' dir='ltr'><strong>malitia</strong></span> <span class='ocrx_word' id='word_1_753' title='bbox 1640 4912 1964 4978; x_wconf 83' lang='lat' dir='ltr'><strong>infantibus,</strong></span> <span class='ocrx_word' id='word_1_754' title='bbox 1992 4914 2204 4967; x_wconf 88' lang='lat' dir='ltr'><strong>animo-</strong></span> 
     </span>
    </p>
   </div>
   <div class='ocr_carea' id='block_1_99' title="bbox 630 5002 2199 5075">
    <p class='ocr_par' dir='ltr' id='par_1_99' title="bbox 630 5002 2199 5075">
     <span class='ocr_line' id='line_1_99' title="bbox 630 5002 2199 5075; baseline 0.002 -19"><span class='ocrx_word' id='word_1_755' title='bbox 630 5020 736 5075; x_wconf 88' lang='lat' dir='ltr'><strong>que</strong></span> <span class='ocrx_word' id='word_1_756' title='bbox 783 5004 1148 5074; x_wconf 84' lang='lat' dir='ltr'><strong>sapientibus,</strong></span> <span class='ocrx_word' id='word_1_757' title='bbox 1183 5004 1371 5073; x_wconf 90' lang='lat' dir='ltr'><strong>quales</strong></span> <span class='ocrx_word' id='word_1_758' title='bbox 1424 5003 1649 5057; x_wconf 91' lang='lat' dir='ltr'><strong>omnino</strong></span> <span class='ocrx_word' id='word_1_759' title='bbox 1698 5012 1822 5057; x_wconf 91' lang='lat' dir='ltr'><strong>sunt</strong></span> <span class='ocrx_word' id='word_1_760' title='bbox 1870 5002 2199 5069; x_wconf 87' lang='lat' dir='ltr'><strong>Christiani,</strong></span> 
     </span>
    </p>
   </div>
   <div class='ocr_carea' id='block_1_100' title="bbox 630 5096 2208 5165">
    <p class='ocr_par' dir='ltr' id='par_1_100' title="bbox 630 5096 2208 5165">
     <span class='ocr_line' id='line_1_100' title="bbox 630 5096 2208 5165; baseline 0 -14"><span class='ocrx_word' id='word_1_761' title='bbox 630 5098 868 5152; x_wconf 88' lang='lat' dir='ltr'><strong>divinum</strong></span> <span class='ocrx_word' id='word_1_762' title='bbox 932 5097 1188 5151; x_wconf 80' lang='lat' dir='ltr'><strong>habentes</strong></span> <span class='ocrx_word' id='word_1_763' title='bbox 1252 5098 1565 5150; x_wconf 89' lang='lat' dir='ltr'><strong>thesaurum</strong></span> <span class='ocrx_word' id='word_1_764' title='bbox 1622 5096 1779 5165; x_wconf 79' lang='lat'><strong>201</strong></span> <span class='ocrx_word' id='word_1_765' title='bbox 1839 5096 1892 5149; x_wconf 92' lang='lat' dir='ltr'><strong>in</strong></span> <span class='ocrx_word' id='word_1_766' title='bbox 1959 5099 2208 5152; x_wconf 88' lang='lat' dir='ltr'><strong>testaceis</strong></span> 
     </span>
    </p>
   </div>
   <div class='ocr_carea' id='block_1_101' title="bbox 632 5187 2207 5257">
    <p class='ocr_par' dir='ltr' id='par_1_101' title="bbox 632 5187 2207 5257">
     <span class='ocr_line' id='line_1_101' title="bbox 632 5187 2207 5257; baseline 0.002 -17"><span class='ocrx_word' id='word_1_767' title='bbox 632 5188 891 5253; x_wconf 75' lang='lat' dir='ltr'><strong>vasculis,</strong></span> <span class='ocrx_word' id='word_1_768' title='bbox 920 5195 969 5240; x_wconf 90' lang='lat' dir='ltr'><strong>ct</strong></span> <span class='ocrx_word' id='word_1_769' title='bbox 997 5190 1157 5241; x_wconf 82' lang='lat' dir='ltr'><strong>corde</strong></span> <span class='ocrx_word' id='word_1_770' title='bbox 1188 5187 1541 5255; x_wconf 88' lang='lat' dir='ltr'><strong>perversitate</strong></span> <span class='ocrx_word' id='word_1_771' title='bbox 1570 5201 1632 5240; x_wconf 87' lang='lat' dir='ltr'><strong>ac</strong></span> <span class='ocrx_word' id='word_1_772' title='bbox 1666 5188 2012 5257; x_wconf 87' lang='lat' dir='ltr'><strong>improbitate</strong></span> <span class='ocrx_word' id='word_1_773' title='bbox 2038 5188 2207 5244; x_wconf 88' lang='lat' dir='ltr'><strong>libero</strong></span> 
     </span>
    </p>
   </div>
   <div class='ocr_carea' id='block_1_102' title="bbox 634 5277 2209 5349">
    <p class='ocr_par' dir='ltr' id='par_1_102' title="bbox 634 5277 2209 5349">
     <span class='ocr_line' id='line_1_102' title="bbox 634 5277 2209 5349; baseline 0.003 -18"><span class='ocrx_word' id='word_1_774' title='bbox 634 5279 873 5349; x_wconf 70' lang='lat' dir='ltr'><strong>prmditi,</strong></span> <span class='ocrx_word' id='word_1_775' title='bbox 902 5293 963 5333; x_wconf 91' lang='lat' dir='ltr'><strong>ac</strong></span> <span class='ocrx_word' id='word_1_776' title='bbox 997 5293 1166 5347; x_wconf 87' lang='lat' dir='ltr'><strong>nuper</strong></span> <span class='ocrx_word' id='word_1_777' title='bbox 1196 5278 1334 5331; x_wconf 88' lang='lat' dir='ltr'><strong>natis</strong></span> <span class='ocrx_word' id='word_1_778' title='bbox 1363 5277 1603 5346; x_wconf 89' lang='lat' dir='ltr'><strong>puerulis</strong></span> <span class='ocrx_word' id='word_1_779' title='bbox 1637 5278 1777 5332; x_wconf 89' lang='lat' dir='ltr'><strong>nulla</strong></span> <span class='ocrx_word' id='word_1_780' title='bbox 1811 5280 1863 5333; x_wconf 91' lang='lat' dir='ltr'><strong>in</strong></span> <span class='ocrx_word' id='word_1_781' title='bbox 1896 5296 1953 5335; x_wconf 86' lang='lat' dir='ltr'><strong>re</strong></span> <span class='ocrx_word' id='word_1_782' title='bbox 1986 5280 2209 5335; x_wconf 82' lang='lat' dir='ltr'><strong>inferio-</strong></span> 
     </span>
    </p>
   </div>
   <div class='ocr_carea' id='block_1_103' title="bbox 634 5369 2210 5444">
    <p class='ocr_par' dir='ltr' id='par_1_103' title="bbox 634 5369 2210 5444">
     <span class='ocr_line' id='line_1_103' title="bbox 634 5369 2210 5444; baseline 0.003 -20"><span class='ocrx_word' id='word_1_783' title='bbox 634 5386 739 5424; x_wconf 89' lang='lat' dir='ltr'><strong>res.</strong></span> <span class='ocrx_word' id='word_1_784' title='bbox 769 5370 927 5424; x_wconf 85' lang='lat' dir='ltr'><strong>Tales</strong></span> <span class='ocrx_word' id='word_1_785' title='bbox 962 5370 1103 5423; x_wconf 89' lang='lat' dir='ltr'><strong>enim</strong></span> <span class='ocrx_word' id='word_1_786' title='bbox 1136 5370 1256 5439; x_wconf 85' lang='lat' dir='ltr'><strong>ipse</strong></span> <span class='ocrx_word' id='word_1_787' title='bbox 1282 5369 1539 5423; x_wconf 86' lang='lat' dir='ltr'><strong>Servator</strong></span> <span class='ocrx_word' id='word_1_788' title='bbox 1565 5370 1756 5439; x_wconf 87' lang='lat' dir='ltr'><strong>dignos</strong></span> <span class='ocrx_word' id='word_1_789' title='bbox 1786 5386 1906 5426; x_wconf 90' lang='lat' dir='ltr'><strong>esse</strong></span> <span class='ocrx_word' id='word_1_790' title='bbox 1938 5373 2013 5427; x_wconf 91' lang='lat' dir='ltr'><strong>ait</strong></span> <span class='ocrx_word' id='word_1_791' title='bbox 2045 5389 2210 5444; x_wconf 83' lang='lat' dir='ltr'><strong>regno</strong></span> 
     </span>
    </p>
   </div>
   <div class='ocr_carea' id='block_1_104' title="bbox 632 5459 2212 5535">
    <p class='ocr_par' dir='ltr' id='par_1_104' title="bbox 632 5459 2212 5535">
     <span class='ocr_line' id='line_1_104' title="bbox 632 5459 2212 5535; baseline 0.003 -19"><span class='ocrx_word' id='word_1_792' title='bbox 632 5462 891 5516; x_wconf 78' lang='lat' dir='ltr'><strong>cmlorum</strong></span> <span class='ocrx_word' id='word_1_793' title='bbox 930 5480 942 5515; x_wconf 92' lang='lat'>:</span> <span class='ocrx_word' id='word_1_794' title='bbox 984 5480 1001 5511; x_wconf 73' lang='grc' dir='ltr'><strong>ι</strong></span> <span class='ocrx_word' id='word_1_795' title='bbox 1036 5460 1210 5515; x_wconf 89' lang='lat' dir='ltr'><strong>Sinite</strong></span> <span class='ocrx_word' id='word_1_796' title='bbox 1241 5459 1408 5524; x_wconf 89' lang='lat' dir='ltr'><strong>enim,</strong></span> <span class='ocrx_word' id='word_1_797' title='bbox 1439 5460 1630 5530; x_wconf 84' lang='lat' dir='ltr'><strong>inquit,</strong></span> <span class='ocrx_word' id='word_1_798' title='bbox 1660 5477 1879 5531; x_wconf 88' lang='lat' dir='ltr'><strong>pueros,</strong></span> <span class='ocrx_word' id='word_1_799' title='bbox 1910 5474 1963 5518; x_wconf 91' lang='lat' dir='ltr'><strong>et</strong></span> <span class='ocrx_word' id='word_1_800' title='bbox 1994 5480 2059 5519; x_wconf 89' lang='lat' dir='ltr'><strong>ne</strong></span> <span class='ocrx_word' id='word_1_801' title='bbox 2087 5481 2212 5535; x_wconf 91' lang='lat' dir='ltr'><strong>pro-</strong></span> 
     </span>
    </p>
   </div>
   <div class='ocr_carea' id='block_1_105' title="bbox 634 5551 2204 5626">
    <p class='ocr_par' dir='ltr' id='par_1_105' title="bbox 634 5551 2204 5626">
     <span class='ocr_line' id='line_1_105' title="bbox 634 5551 2204 5626; baseline 0.003 -19"><span class='ocrx_word' id='word_1_802' title='bbox 634 5554 819 5608; x_wconf 88' lang='lat' dir='ltr'><strong>hihete</strong></span> <span class='ocrx_word' id='word_1_803' title='bbox 854 5553 972 5607; x_wconf 91' lang='lat' dir='ltr'><strong>illos</strong></span> <span class='ocrx_word' id='word_1_804' title='bbox 1002 5551 1190 5606; x_wconf 83' lang='lat' dir='ltr'><strong>venire</strong></span> <span class='ocrx_word' id='word_1_805' title='bbox 1229 5551 1297 5603; x_wconf 89' lang='lat' dir='ltr'><strong>ad</strong></span> <span class='ocrx_word' id='word_1_806' title='bbox 1332 5564 1450 5617; x_wconf 88' lang='lat' dir='ltr'><strong>me,</strong></span> <span class='ocrx_word' id='word_1_807' title='bbox 1484 5551 1668 5607; x_wconf 86' lang='lat' dir='ltr'><strong>talium</strong></span> <span class='ocrx_word' id='word_1_808' title='bbox 1700 5564 1782 5609; x_wconf 87' lang='lat' dir='ltr'><strong>est</strong></span> <span class='ocrx_word' id='word_1_809' title='bbox 1805 5555 1947 5609; x_wconf 91' lang='lat' dir='ltr'><strong>enim</strong></span> <span class='ocrx_word' id='word_1_810' title='bbox 1985 5572 2204 5626; x_wconf 85' lang='lat' dir='ltr'><strong>regnum</strong></span> 
     </span>
    </p>
   </div>
   <div class='ocr_carea' id='block_1_106' title="bbox 637 5642 2206 5711">
    <p class='ocr_par' dir='ltr' id='par_1_106' title="bbox 637 5642 2206 5711">
     <span class='ocr_line' id='line_1_106' title="bbox 637 5642 2206 5711; baseline 0.003 -11"><span class='ocrx_word' id='word_1_811' title='bbox 637 5646 894 5700; x_wconf 75' lang='lat' dir='ltr'><strong>cmlorum</strong></span> <span class='ocrx_word' id='word_1_812' title='bbox 940 5646 1008 5701; x_wconf 80' lang='lat'><strong>”.</strong></span> <span class='ocrx_word' id='word_1_813' title='bbox 1060 5663 1078 5695; x_wconf 77' lang='grc' dir='ltr'><strong>ι</strong></span> <span class='ocrx_word' id='word_1_814' title='bbox 1131 5642 1283 5709; x_wconf 87' lang='lat' dir='ltr'><strong>Quod</strong></span> <span class='ocrx_word' id='word_1_815' title='bbox 1336 5654 1546 5711; x_wconf 89' lang='lat' dir='ltr'><strong>autem,</strong></span> <span class='ocrx_word' id='word_1_816' title='bbox 1597 5645 1728 5702; x_wconf 85' lang='lat' dir='ltr'><strong>licet</strong></span> <span class='ocrx_word' id='word_1_817' title='bbox 1778 5647 2206 5707; x_wconf 82' lang='lat' dir='ltr'><strong>innocentissimi</strong></span> 
     </span>
    </p>
   </div>
   <div class='ocr_carea' id='block_1_107' title="bbox 709 5765 1242 5831">
    <p class='ocr_par' dir='ltr' id='par_1_107' title="bbox 709 5765 1242 5831">
     <span class='ocr_line' id='line_1_107' title="bbox 709 5765 1242 5831; baseline 0.008 -15"><span class='ocrx_word' id='word_1_818' title='bbox 709 5766 756 5795; x_wconf 72' lang='grc'><strong>⁵⁸</strong></span> <span class='ocrx_word' id='word_1_819' title='bbox 790 5765 974 5821; x_wconf 75' lang='lat' dir='ltr'><strong>Matth.</strong></span> <span class='ocrx_word' id='word_1_820' title='bbox 1014 5780 1128 5831; x_wconf 66' lang='lat' dir='ltr'><strong>lix,</strong></span> <span class='ocrx_word' id='word_1_821' title='bbox 1160 5765 1242 5821; x_wconf 77' lang='grc' dir='ltr'><strong>Η.</strong></span> 
     </span>
    </p>
   </div>
   <div class='ocr_carea' id='block_1_108' title="bbox 2304 4545 3877 4626">
    <p class='ocr_par' dir='ltr' id='par_1_108' title="bbox 2304 4545 3877 4626">
     <span class='ocr_line' id='line_1_108' title="bbox 2304 4545 3877 4626; baseline -0.008 -18"><span class='ocrx_word' id='word_1_822' title='bbox 2304 4556 2403 4626; x_wconf 82' lang='grc' dir='ltr'>τῆς</span> <span class='ocrx_word' id='word_1_823' title='bbox 2437 4556 2515 4617; x_wconf 83' lang='grc' dir='ltr'>εἰς</span> <span class='ocrx_word' id='word_1_824' title='bbox 2542 4552 2773 4623; x_wconf 80' lang='grc' dir='ltr'>Χριστὸν</span> <span class='ocrx_word' id='word_1_825' title='bbox 2828 4550 2896 4603; x_wconf 78' lang='grc' dir='ltr'>τὰ</span> <span class='ocrx_word' id='word_1_826' title='bbox 2927 4550 3054 4619; x_wconf 80' lang='grc' dir='ltr'>ἔθνη</span> <span class='ocrx_word' id='word_1_827' title='bbox 3086 4550 3353 4618; x_wconf 78' lang='grc' dir='ltr'>πονηροὺς</span> <span class='ocrx_word' id='word_1_828' title='bbox 3380 4549 3477 4617; x_wconf 83' lang='grc' dir='ltr'>μὲν</span> <span class='ocrx_word' id='word_1_829' title='bbox 3503 4548 3775 4616; x_wconf 77' lang='grc' dir='ltr'>ἐσχήκασι</span> <span class='ocrx_word' id='word_1_830' title='bbox 3802 4545 3877 4597; x_wconf 84' lang='grc' dir='ltr'>δι-</span> 
     </span>
    </p>
   </div>
   <div class='ocr_carea' id='block_1_109' title="bbox 2305 4635 3879 4715">
    <p class='ocr_par' dir='ltr' id='par_1_109' title="bbox 2305 4635 3879 4715">
     <span class='ocr_line' id='line_1_109' title="bbox 2305 4635 3879 4715; baseline -0.009 -15"><span class='ocrx_word' id='word_1_831' title='bbox 2305 4645 2644 4707; x_wconf 86' lang='grc' dir='ltr'>δασκάλους,</span> <span class='ocrx_word' id='word_1_832' title='bbox 2698 4640 3065 4715; x_wconf 86' lang='grc' dir='ltr'>θηριοπρεπὲς</span> <span class='ocrx_word' id='word_1_833' title='bbox 3138 4640 3319 4702; x_wconf 82' lang='grc' dir='ltr'>αὺτοῖς</span> <span class='ocrx_word' id='word_1_834' title='bbox 3370 4637 3774 4707; x_wconf 83' lang='grc' dir='ltr'>παρατιθέντας</span> <span class='ocrx_word' id='word_1_835' title='bbox 3824 4635 3879 4687; x_wconf 83' lang='grc' dir='ltr'>τὸ</span> 
     </span>
    </p>
   </div>
   <div class='ocr_carea' id='block_1_110' title="bbox 2311 4727 3878 4809">
    <p class='ocr_par' dir='ltr' id='par_1_110' title="bbox 2311 4727 3878 4809">
     <span class='ocr_line' id='line_1_110' title="bbox 2311 4727 3878 4809; baseline -0.01 -17"><span class='ocrx_word' id='word_1_836' title='bbox 2311 4738 2559 4809; x_wconf 85' lang='grc' dir='ltr'>μάθημα,</span> <span class='ocrx_word' id='word_1_837' title='bbox 2592 4736 2685 4788; x_wconf 75' lang='grc' dir='ltr'><strong>καὶ</strong></span> <span class='ocrx_word' id='word_1_838' title='bbox 2715 4736 2782 4786; x_wconf 74' lang='grc' dir='ltr'><strong>τά</strong></span> <span class='ocrx_word' id='word_1_839' title='bbox 2815 4734 3022 4803; x_wconf 80' lang='grc' dir='ltr'>φθορᾶς</span> <span class='ocrx_word' id='word_1_840' title='bbox 3046 4748 3103 4783; x_wconf 90' lang='grc' dir='ltr'><strong>τε</strong></span> <span class='ocrx_word' id='word_1_841' title='bbox 3135 4730 3230 4783; x_wconf 70' lang='grc' dir='ltr'><strong>καὶ</strong></span> <span class='ocrx_word' id='word_1_842' title='bbox 3262 4728 3533 4789; x_wconf 72' lang='grc' dir='ltr'>ἀπωλείας</span> <span class='ocrx_word' id='word_1_843' title='bbox 3555 4728 3694 4797; x_wconf 80' lang='grc' dir='ltr'>ἔργα</span> <span class='ocrx_word' id='word_1_844' title='bbox 3715 4727 3878 4795; x_wconf 70' lang='grc' dir='ltr'>τιμᾷν</span> 
     </span>
    </p>
   </div>
   <div class='ocr_carea' id='block_1_111' title="bbox 2306 4818 3879 4893">
    <p class='ocr_par' dir='ltr' id='par_1_111' title="bbox 2306 4818 3879 4893">
     <span class='ocr_line' id='line_1_111' title="bbox 2306 4818 3879 4893; baseline -0.01 -11"><span class='ocrx_word' id='word_1_845' title='bbox 2306 4826 2715 4887; x_wconf 87' lang='grc' dir='ltr'>άναπείθοντας.</span> <span class='ocrx_word' id='word_1_846' title='bbox 2758 4824 2973 4893; x_wconf 83' lang='grc' dir='ltr'>Ἐπειδὴ</span> <span class='ocrx_word' id='word_1_847' title='bbox 3008 4823 3062 4875; x_wconf 84' lang='grc' dir='ltr'>δὲ</span> <span class='ocrx_word' id='word_1_848' title='bbox 3090 4821 3380 4890; x_wconf 82' lang='grc' dir='ltr'>κέκληνται</span> <span class='ocrx_word' id='word_1_849' title='bbox 3414 4819 3548 4888; x_wconf 81' lang='grc' dir='ltr'>πρὸς</span> <span class='ocrx_word' id='word_1_850' title='bbox 3584 4818 3879 4884; x_wconf 73' lang='grc' dir='ltr'>ἐπίγνωσιν</span> 
     </span>
    </p>
   </div>
   <div class='ocr_carea' id='block_1_112' title="bbox 2308 4908 3879 4986">
    <p class='ocr_par' dir='ltr' id='par_1_112' title="bbox 2308 4908 3879 4986">
     <span class='ocr_line' id='line_1_112' title="bbox 2308 4908 3879 4986; baseline -0.009 -14"><span class='ocrx_word' id='word_1_851' title='bbox 2308 4919 2402 4972; x_wconf 90' lang='grc' dir='ltr'><strong>τοῦ</strong></span> <span class='ocrx_word' id='word_1_852' title='bbox 2435 4919 2554 4972; x_wconf 84' lang='grc' dir='ltr'>κατ’</span> <span class='ocrx_word' id='word_1_853' title='bbox 2582 4916 2838 4986; x_wconf 81' lang='grc' dir='ltr'>ἀλήθειαν</span> <span class='ocrx_word' id='word_1_854' title='bbox 2867 4914 3017 4977; x_wconf 79' lang='grc' dir='ltr'>ὄντος</span> <span class='ocrx_word' id='word_1_855' title='bbox 3041 4913 3197 4975; x_wconf 81' lang='grc' dir='ltr'>θεοῦ,</span> <span class='ocrx_word' id='word_1_856' title='bbox 3226 4911 3360 4982; x_wconf 84' lang='grc' dir='ltr'>ὁμοῦ</span> <span class='ocrx_word' id='word_1_857' title='bbox 3382 4913 3447 4980; x_wconf 80' lang='grc' dir='ltr'>τῇ</span> <span class='ocrx_word' id='word_1_858' title='bbox 3478 4909 3682 4982; x_wconf 76' lang='grc' dir='ltr'>ἀρχαίᾳ</span> <span class='ocrx_word' id='word_1_859' title='bbox 3708 4908 3879 4978; x_wconf 76' lang='grc' dir='ltr'>πλάνῃ</span> 
     </span>
    </p>
   </div>
   <div class='ocr_carea' id='block_1_113' title="bbox 2312 5000 3879 5078">
    <p class='ocr_par' dir='ltr' id='par_1_113' title="bbox 2312 5000 3879 5078">
     <span class='ocr_line' id='line_1_113' title="bbox 2312 5000 3879 5078; baseline -0.008 -14"><span class='ocrx_word' id='word_1_860' title='bbox 2312 5010 2532 5064; x_wconf 72' lang='grc' dir='ltr'>καὶτῶν</span> <span class='ocrx_word' id='word_1_861' title='bbox 2557 5008 2870 5078; x_wconf 81' lang='grc' dir='ltr'>συντρόφων</span> <span class='ocrx_word' id='word_1_862' title='bbox 2894 5007 3074 5068; x_wconf 73' lang='grc' dir='ltr'>αὐτοῖς</span> <span class='ocrx_word' id='word_1_863' title='bbox 3096 5002 3496 5074; x_wconf 77' lang='grc' dir='ltr'>ἀπηλλάττοντο</span> <span class='ocrx_word' id='word_1_864' title='bbox 3524 5000 3879 5070; x_wconf 84' lang='grc' dir='ltr'>μαθημάτων.</span> 
     </span>
    </p>
   </div>
   <div class='ocr_carea' id='block_1_114' title="bbox 2312 5088 3883 5171">
    <p class='ocr_par' dir='ltr' id='par_1_114' title="bbox 2312 5088 3883 5171">
     <span class='ocr_line' id='line_1_114' title="bbox 2312 5088 3883 5171; baseline -0.01 -17"><span class='ocrx_word' id='word_1_865' title='bbox 2312 5102 2409 5171; x_wconf 78' lang='grc' dir='ltr'><strong>τὴν</strong></span> <span class='ocrx_word' id='word_1_866' title='bbox 2429 5099 2627 5168; x_wconf 76' lang='grc' dir='ltr'>εὐανθῆ</span> <span class='ocrx_word' id='word_1_867' title='bbox 2686 5114 2747 5150; x_wconf 87' lang='grc' dir='ltr'><strong>τε</strong></span> <span class='ocrx_word' id='word_1_868' title='bbox 2805 5097 2898 5149; x_wconf 79' lang='grc' dir='ltr'>καὶ</span> <span class='ocrx_word' id='word_1_869' title='bbox 2956 5096 3344 5165; x_wconf 73' lang='grc' dir='ltr'>εὐδιάθρυπτον</span> <span class='ocrx_word' id='word_1_870' title='bbox 3376 5093 3485 5145; x_wconf 83' lang='grc' dir='ltr'>τῶν</span> <span class='ocrx_word' id='word_1_871' title='bbox 3514 5088 3883 5157; x_wconf 85' lang='grc' dir='ltr'>εὐαγγελικῶν</span> 
     </span>
    </p>
   </div>
   <div class='ocr_carea' id='block_1_115' title="bbox 2311 5184 3882 5264">
    <p class='ocr_par' dir='ltr' id='par_1_115' title="bbox 2311 5184 3882 5264">
     <span class='ocr_line' id='line_1_115' title="bbox 2311 5184 3882 5264; baseline -0.008 -16"><span class='ocrx_word' id='word_1_872' title='bbox 2311 5192 2695 5264; x_wconf 87' lang='grc' dir='ltr'>παιδευμάτων</span> <span class='ocrx_word' id='word_1_873' title='bbox 2720 5188 2856 5260; x_wconf 83' lang='grc' dir='ltr'>ὁμοῦ</span> <span class='ocrx_word' id='word_1_874' title='bbox 2879 5191 2991 5252; x_wconf 89' lang='grc' dir='ltr'>τοῖς</span> <span class='ocrx_word' id='word_1_875' title='bbox 3022 5187 3081 5252; x_wconf 75' lang='grc' dir='ltr'><strong>ἐξ</strong></span> <span class='ocrx_word' id='word_1_876' title='bbox 3124 5186 3340 5257; x_wconf 81' lang='grc' dir='ltr'>Ἰσραὴλ</span> <span class='ocrx_word' id='word_1_877' title='bbox 3368 5185 3635 5255; x_wconf 82' lang='grc' dir='ltr'>τιμῶντες</span> <span class='ocrx_word' id='word_1_878' title='bbox 3659 5184 3882 5253; x_wconf 80' lang='grc' dir='ltr'>τροφήν.</span> 
     </span>
    </p>
   </div>
   <div class='ocr_carea' id='block_1_116' title="bbox 2326 5272 3883 5348">
    <p class='ocr_par' dir='ltr' id='par_1_116' title="bbox 2326 5272 3883 5348">
     <span class='ocr_line' id='line_1_116' title="bbox 2326 5272 3883 5348; baseline -0.01 -10"><span class='ocrx_word' id='word_1_879' title='bbox 2326 5284 2486 5338; x_wconf 86' lang='grc' dir='ltr'>Ἀλλὰ</span> <span class='ocrx_word' id='word_1_880' title='bbox 2519 5283 2613 5336; x_wconf 73' lang='grc' dir='ltr'><strong>καὶ</strong></span> <span class='ocrx_word' id='word_1_881' title='bbox 2641 5280 2874 5342; x_wconf 80' lang='grc' dir='ltr'>παιδίον,</span> <span class='ocrx_word' id='word_1_882' title='bbox 2913 5278 3068 5348; x_wconf 68' lang='grc' dir='ltr'>φησὶ,</span> <span class='ocrx_word' id='word_1_883' title='bbox 3104 5276 3298 5347; x_wconf 85' lang='grc' dir='ltr'>μικρὸν</span> <span class='ocrx_word' id='word_1_884' title='bbox 3322 5276 3439 5341; x_wconf 77' lang='grc' dir='ltr'>ἄξει</span> <span class='ocrx_word' id='word_1_885' title='bbox 3472 5275 3693 5340; x_wconf 79' lang='grc' dir='ltr'>αὐτοὺς,</span> <span class='ocrx_word' id='word_1_886' title='bbox 3743 5272 3883 5326; x_wconf 86' lang='grc' dir='ltr'>τοῦτ’</span> 
     </span>
    </p>
   </div>
   <div class='ocr_carea' id='block_1_117' title="bbox 2310 5365 3884 5436">
    <p class='ocr_par' dir='ltr' id='par_1_117' title="bbox 2310 5365 3884 5436">
     <span class='ocr_line' id='line_1_117' title="bbox 2310 5365 3884 5436; baseline -0.009 -8"><span class='ocrx_word' id='word_1_887' title='bbox 2310 5376 2477 5436; x_wconf 75' lang='grc' dir='ltr'>ἔστιν,</span> <span class='ocrx_word' id='word_1_888' title='bbox 2502 5374 2606 5426; x_wconf 82' lang='grc' dir='ltr'><strong>ὑπὸ</strong></span> <span class='ocrx_word' id='word_1_889' title='bbox 2652 5369 2994 5433; x_wconf 89' lang='grc' dir='ltr'>διδασκάλοις</span> <span class='ocrx_word' id='word_1_890' title='bbox 3040 5367 3252 5421; x_wconf 77' lang='grc' dir='ltr'>ἔσονται</span> <span class='ocrx_word' id='word_1_891' title='bbox 3292 5366 3661 5434; x_wconf 86' lang='grc' dir='ltr'>παιδαγωγοῖς</span> <span class='ocrx_word' id='word_1_892' title='bbox 3709 5365 3768 5415; x_wconf 73' lang='grc' dir='ltr'>οὐ</span> <span class='ocrx_word' id='word_1_893' title='bbox 3800 5380 3884 5415; x_wconf 86' lang='grc' dir='ltr'>πι-</span> 
     </span>
    </p>
   </div>
   <div class='ocr_carea' id='block_1_118' title="bbox 2310 5453 3885 5539">
    <p class='ocr_par' dir='ltr' id='par_1_118' title="bbox 2310 5453 3885 5539">
     <span class='ocr_line' id='line_1_118' title="bbox 2310 5453 3885 5539; baseline -0.01 -18"><span class='ocrx_word' id='word_1_894' title='bbox 2310 5468 2441 5539; x_wconf 86' lang='grc' dir='ltr'>κρόν</span> <span class='ocrx_word' id='word_1_895' title='bbox 2471 5483 2531 5519; x_wconf 90' lang='grc' dir='ltr'><strong>τε</strong></span> <span class='ocrx_word' id='word_1_896' title='bbox 2561 5468 2653 5519; x_wconf 70' lang='grc' dir='ltr'><strong>καὶ</strong></span> <span class='ocrx_word' id='word_1_897' title='bbox 2676 5463 3103 5533; x_wconf 88' lang='grc' dir='ltr'>φιλοκάλουργον</span> <span class='ocrx_word' id='word_1_898' title='bbox 3160 5458 3340 5528; x_wconf 75' lang='grc' dir='ltr'>ἔχουσι</span> <span class='ocrx_word' id='word_1_899' title='bbox 3388 5456 3537 5521; x_wconf 91' lang='grc' dir='ltr'>νοῦν,</span> <span class='ocrx_word' id='word_1_900' title='bbox 3596 5456 3787 5517; x_wconf 79' lang='grc' dir='ltr'>ἁπλοῖς</span> <span class='ocrx_word' id='word_1_901' title='bbox 3832 5453 3885 5505; x_wconf 75' lang='grc' dir='ltr'>δὲ</span> 
     </span>
    </p>
   </div>
   <div class='ocr_carea' id='block_1_119' title="bbox 2317 5545 3884 5629">
    <p class='ocr_par' dir='ltr' id='par_1_119' title="bbox 2317 5545 3884 5629">
     <span class='ocr_line' id='line_1_119' title="bbox 2317 5545 3884 5629; baseline -0.01 -17"><span class='ocrx_word' id='word_1_902' title='bbox 2317 5558 2514 5629; x_wconf 76' lang='grc' dir='ltr'>μᾶλλον</span> <span class='ocrx_word' id='word_1_903' title='bbox 2539 5558 2633 5609; x_wconf 75' lang='grc' dir='ltr'><strong>καὶ</strong></span> <span class='ocrx_word' id='word_1_904' title='bbox 2654 5555 2979 5626; x_wconf 77' lang='grc' dir='ltr'>νηπιάζουσι</span> <span class='ocrx_word' id='word_1_905' title='bbox 3008 5554 3103 5623; x_wconf 77' lang='grc' dir='ltr'><strong>μὲν</strong></span> <span class='ocrx_word' id='word_1_906' title='bbox 3144 5554 3201 5603; x_wconf 83' lang='grc' dir='ltr'><strong>ἐν</strong></span> <span class='ocrx_word' id='word_1_907' title='bbox 3254 5550 3444 5619; x_wconf 67' lang='grc' dir='ltr'>κακίᾳ,</span> <span class='ocrx_word' id='word_1_908' title='bbox 3478 5550 3660 5615; x_wconf 77' lang='grc' dir='ltr'>σοφοῖς</span> <span class='ocrx_word' id='word_1_909' title='bbox 3710 5547 3765 5599; x_wconf 74' lang='grc' dir='ltr'>δὲ</span> <span class='ocrx_word' id='word_1_910' title='bbox 3794 5545 3884 5604; x_wconf 62' lang='grc' dir='ltr'>τὰς</span> 
     </span>
    </p>
   </div>
   <div class='ocr_carea' id='block_1_120' title="bbox 2318 5636 3884 5720">
    <p class='ocr_par' dir='ltr' id='par_1_120' title="bbox 2318 5636 3884 5720">
     <span class='ocr_line' id='line_1_120' title="bbox 2318 5636 3884 5720; baseline -0.011 -17"><span class='ocrx_word' id='word_1_911' title='bbox 2318 5648 2542 5720; x_wconf 80' lang='grc' dir='ltr'>φρένας.</span> <span class='ocrx_word' id='word_1_912' title='bbox 2581 5648 2827 5701; x_wconf 81' lang='grc' dir='ltr'>Τοιοῦτοι</span> <span class='ocrx_word' id='word_1_913' title='bbox 2862 5647 2921 5699; x_wconf 80' lang='grc' dir='ltr'>δὲ</span> <span class='ocrx_word' id='word_1_914' title='bbox 2953 5645 3152 5706; x_wconf 80' lang='grc' dir='ltr'>πάντες</span> <span class='ocrx_word' id='word_1_915' title='bbox 3190 5642 3239 5695; x_wconf 86' lang='grc' dir='ltr'>οἱ</span> <span class='ocrx_word' id='word_1_916' title='bbox 3274 5643 3330 5693; x_wconf 82' lang='grc' dir='ltr'>ὲν</span> <span class='ocrx_word' id='word_1_917' title='bbox 3358 5638 3578 5710; x_wconf 77' lang='grc' dir='ltr'>Χριστῷ</span> <span class='ocrx_word' id='word_1_918' title='bbox 3626 5638 3718 5690; x_wconf 76' lang='grc' dir='ltr'>τὸν</span> <span class='ocrx_word' id='word_1_919' title='bbox 3751 5636 3884 5688; x_wconf 79' lang='grc' dir='ltr'>θεῖον</span> 
     </span>
    </p>
   </div>
  </div>
