4134 6522
293 389 405 444 525

1432 377 1495 432 IN
1539 376 1770 433 lSAlAM
1809 377 1938 436 LIB.
1981 378 2040 433 ll.
2084 378 2320 435 TOMUS
2355 381 2398 435 1.

3387 424 3392 428 .
3440 380 3545 435 526

291 500 513 570 ἔχοντες
555 493 827 566 θησαυρὸν
859 494 916 547 ἐν
959 491 1301 565 ὀστρακίνοις
1343 489 1612 556 σκεύεσιν,
1637 491 1730 544 καὶ
1753 490 1878 544 δυσ-

1996 493 2161 547 Γοιιθιιι
2189 501 2244 548 et
2272 491 2670 563 simplicissima
2700 501 2900 558 mente,
2921 492 3380 565 inexpugnabiles,
3401 494 3553 551 inde-

289 589 523 660 τροπίας
555 587 652 658 μὲν
675 585 770 638 καὶ
803 582 1144 654 φαυλότητος
1175 581 1464 652 ἐλευθέραν
1511 581 1728 650 ἔχοντες
1777 580 1874 651 τὴν

289 681 546 752 καρδίαν,
581 676 883 750 ἀρτιγενῶν
916 692 976 728 τε
1017 673 1246 728 παιδίων
1291 673 1408 727 κατ’
1437 673 1590 726 οὐδὲν
1615 672 1876 726 ἀποδέονο

291 791 408 836 τες.
468 772 605 835 Τούς
651 770 759 840 γὰρ
788 768 1065 831 τοιούτους
1099 769 1195 821 καὶ
1239 766 1398 831 αὐτὸς
1425 768 1453 819 ὁ
1477 767 1669 838 Σωτὴρ
1695 766 1877 831 ἀξίους

293 857 438 914 εἷναί
475 876 606 928 φησι
641 858 740 927 τῆς
790 856 1067 926 βασιλείας
1114 856 1222 909 τῶν
1261 854 1522 926 οὐρανῶνσ
1556 874 1572 906 ι
1613 855 1826 924 Ἀφίετε
1852 874 1871 907 ι

293 952 428 1022 γὰρ,
467 950 620 1021 φησὶ,
656 967 675 1001 ι
700 948 768 1002 τά
788 948 995 1012 παιδία,
1038 949 1134 1001 καὶ
1171 947 1247 1019 μὴ
1286 945 1522 1000 κωλύετε
1550 947 1688 1000 αὐτά
1726 947 1880 1020 ἔρχεο

297 1043 429 1096 σθαι
452 1041 590 1113 πρὸς
617 1041 706 1112 μέσ
737 1039 846 1093 τῶν
873 1039 984 1111 γάρ
1005 1038 1210 1092 τούτων
1254 1039 1402 1092 ἐστὶν
1425 1041 1457 1110 ἡ
1493 1038 1739 1109 βασιλεία
1771 1040 1879 1092 τῶν

293 1133 610 1205 οὐρανῶν.)
666 1131 788 1183 Ὅτι
819 1129 877 1184 δὲ
922 1132 1016 1184 καὶ
1068 1131 1160 1183 ἐπὶ
1220 1129 1480 1198 πλείστην
1544 1128 1719 1198 ἔχοιεν
1780 1129 1880 1198 τὴν

293 1224 539 1278 ἀκακίαν
581 1223 660 1285 είς
708 1219 872 1284 νοῦν,
924 1221 1215 1290 ἀχείρωτοί
1251 1238 1308 1274 τε
1358 1220 1453 1273 καὶ
1503 1220 1754 1290 ἄληπτοι,
1787 1221 1882 1274 καὶ

296 1316 560 1370 ἁπάντων
585 1313 796 1368 ἔσονται
829 1313 1100 1382 δειμάτων
1129 1312 1408 1382 ἀμείνους,
1442 1312 1774 1382 ύπεμφαίνει
1797 1311 1883 1364 λὲσ⁵

294 1424 434 1478 γων·
468 1424 489 1458 ι
521 1406 632 1460 Καὶ
659 1404 871 1458 παιδίον
896 1405 1086 1475 νήπιον
1116 1404 1207 1456 ἐπὶ
1236 1402 1485 1473 τρώγλην
1507 1403 1768 1466 ἀσπίδων,
1789 1403 1883 1456 καὶ

295 1501 395 1552 ὲπὶ
425 1500 615 1569 κοίτην
643 1498 882 1566 ἐγγόνων
911 1495 1153 1550 ἀσπίδων
1180 1497 1278 1566 τὴν
1310 1499 1466 1565 χεῖρα
1492 1495 1758 1557 ὲπιϐαλεῖ,
1791 1495 1884 1547 καὶ

295 1591 360 1643 οὐ
390 1591 467 1660 μὴ
497 1589 955 1658 κακοποιήσωσιν,
981 1587 1091 1639 οὐδ’
1117 1586 1178 1638 οὐ
1223 1586 1296 1657 μὴ
1325 1586 1588 1640 δύνωνται
1621 1585 1884 1640 ἀπολέσαι

295 1683 494 1736 οὐδένα
521 1683 612 1734 ἐπὶ
636 1680 696 1734 τὸ
725 1681 847 1749 ὅρος
880 1680 942 1732 τὸ
965 1679 1120 1748 ἅγιόν
1154 1697 1278 1750 μου.
1302 1699 1320 1731 ι
1348 1678 1609 1749 Τρὼγλας
1641 1680 1698 1732 δὲ
1731 1674 1884 1747 οἶμαι

297 1777 394 1827 καὶ
429 1775 614 1835 κοίτας
673 1773 934 1836 ἀσπίδων,
990 1772 1023 1843 ἢ
1083 1773 1150 1825 τὰ
1198 1771 1411 1842 πονηρά
1460 1773 1568 1825 τῶν
1593 1771 1885 1842 δαιμονίων

1975 581 2403 650 prcbensihiles,
2463 581 2822 652 omnibusque
2884 581 3184 638 terroribus
3243 583 3552 654 superiores

1976 671 2145 726 futuri
2178 683 2322 737 sunt,
2356 672 2664 728 subindicat
2715 673 2901 730 dicens
2936 691 2951 728 :
2991 692 3008 728 ι
3048 674 3115 729 Ει
3137 689 3270 745 puer
3298 677 3554 746 parvulus

1978 765 2030 820 in
2063 763 2327 819 foramina
2364 764 2632 833 aspidum,
2661 772 2715 819 et
2749 765 2800 818 in
2839 764 3014 819 cubile
3041 764 3268 820 [mtuum
3306 766 3552 835 aspidum

1979 869 2198 907 manum
2229 853 2506 919 immittet,
2537 870 2638 910 nec
2667 855 2883 920 laedent,
2912 871 3087 926 neque
3102 866 3555 927 poteruntquem-

1978 959 2138 1014 quam
2184 948 2410 1014 perdere
2455 945 2507 998 in
2555 955 2738 1001 monte
2779 956 2968 1001 sancto
3018 963 3158 1002 meo.
3200 967 3218 1000 ι
3268 949 3551 1004 Foramina

1979 1045 2159 1090 autem
2189 1046 2242 1090 et
2274 1034 2469 1090 cubilia
2501 1037 2769 1105 aspidum,
2794 1037 2978 1101 credo,
3003 1039 3132 1092 dicit
3158 1040 3326 1095 malas
3359 1043 3557 1094 diculn-

1981 1127 2191 1181 niortnn
2237 1136 2473 1193 turmas,
2512 1127 2598 1181 vel
2640 1127 2925 1198 impiorum
2967 1129 3341 1184 luereticorum
3390 1133 3557 1186 lustra

1982 1233 2046 1271 ac
2074 1217 2316 1282 latibula,
2351 1218 2608 1272 ecclesias
2633 1219 2772 1271 enim
2802 1218 2986 1272 dicere
3015 1234 3120 1272 non
3152 1220 3317 1287 lubet,
3346 1222 3396 1274 in
3424 1237 3558 1291 quas

1981 1324 2352 1378 smpenumero
2407 1324 2596 1363 manus
2647 1309 3031 1376 imtnittentes,
3082 1312 3172 1380 qui
3227 1312 3281 1365 in
3340 1312 3558 1369 Christo

1984 1398 2217 1454 infantes
2263 1409 2417 1463 sunt,
2457 1399 2614 1455 facile
2661 1410 2922 1470 superant
2971 1401 3106 1456 nihil
3151 1418 3373 1471 prorsus
3422 1405 3557 1459 laesi.

1982 1490 2228 1544 Christus
2258 1491 2520 1559 siquidem
2549 1507 2642 1546 eos
2677 1494 2942 1561 vindicat,
2975 1504 3028 1549 et
3061 1496 3293 1551 sinistra:
3343 1497 3559 1552 illorum

1986 1581 2362 1650 perversitatis
2414 1597 2626 1638 morsus
2683 1585 2958 1653 reprimit,
3000 1586 3256 1656 virusque
3312 1588 3560 1644 int-(lica:

1986 1675 2168 1728 eliicit.
2205 1674 2313 1728 Nec
2357 1679 2498 1729 enim
2545 1687 2830 1746 poterunt,
2868 1678 3074 1747 inquit,
3107 1680 3330 1747 perdere
3375 1697 3562 1750 quem-

1988 1782 2146 1834 quam
2180 1767 2231 1820 in
2266 1777 2446 1822 monte
2477 1778 2663 1822 sancto
2697 1784 2835 1822 meo.
2871 1768 3126 1823 Sanctum
3164 1778 3397 1825 montem
3433 1772 3562 1826 dicit

297 1867 559 1936 ὀνομάζει
598 1865 785 1935 στίφη,
826 1865 997 1934 ἢγουν
1036 1863 1135 1926 τάς
1178 1863 1285 1915 τῶν
1320 1864 1548 1916 ἀνοσίων
1592 1861 1884 1934 αἱρετικῶν

1996 1857 2316 1921 Ecclesiam,
2352 1867 2632 1928 prepterca
2679 1861 2819 1929 quod
2869 1861 2921 1914 in
2970 1861 3078 1916 alto
3122 1861 3306 1931 gloriae
3347 1861 3565 1933 fastigio

297 1955 414 2010 οἷον
447 1955 623 2018 οίκίας
651 1973 711 2006 τε
742 1955 837 2008 καὶ
869 1954 1209 2017 καταδύσεις·
1251 1955 1340 2008 ἴνα
1389 1955 1464 2026 μὴ
1509 1955 1757 2026 λέγωμεν
1796 1958 1887 2008 ἐκ-

301 2031 562 2120 κλησίαςέ
606 2043 696 2110 αἷς
731 2047 831 2117 τὴν
882 2049 1039 2116 χεῖρα
1090 2047 1407 2110 πλειστάκις
1448 2048 1802 2118 ἐπιφέροντες
1837 2052 1887 2103 οἱ

302 2145 363 2196 ἐν
382 2141 605 2214 Χριστῷ
645 2140 1006 2211 νηπιάζοντες
1061 2138 1446 2210 περιγίνονται
1498 2139 1717 2210 ῥᾳδίως,
1765 2144 1886 2196 κατ’

303 2235 500 2287 οὐδένα
555 2232 756 2303 τρόπον
817 2229 1161 2300 ἀδικούμενοι
1192 2243 1206 2259 ⁸
1237 2230 1469 2301 Χριστὸς
1515 2231 1624 2301 γάρ
1679 2234 1824 2285 ἐστιν
1861 2235 1888 2286 ὁ

303 2325 606 2395 ἐπαμύνων
639 2323 844 2384 αὐτοῖς,
865 2321 1080 2390 καὶτῆς
1111 2319 1335 2372 ἐκείνων
1365 2321 1684 2392 σκαιότητος
1705 2323 1890 2390 ἀφανί-

307 2418 419 2480 ζων
468 2414 537 2468 τὰ
565 2415 858 2484 δήγματα,
907 2410 1188 2481 ἄπρακτόν
1211 2427 1270 2463 τε
1309 2411 1398 2464 τὸν
1445 2411 1518 2464 ἰὸν
1552 2413 1884 2483 ἀποφαίνων.

306 2509 387 2560 Ut’)
419 2507 526 2575 γάρ
551 2507 626 2576 μὴ
647 2505 932 2566 δύνωνται,
993 2503 1180 2572 φησὶν,
1238 2503 1501 2557 ἀπολέσαι
1542 2505 1663 2559 τινά
1708 2507 1801 2559 ἐπὶ
1831 2506 1891 2558 τὸ

307 2596 436 2666 ὅρος
470 2595 530 2646 τὸ
558 2594 710 2662 ἅγιόν
743 2610 866 2664 μου.
898 2592 1087 2660 ’Ἅγιον
1115 2592 1171 2644 δὲ
1213 2592 1336 2662 ὅρος
1363 2593 1496 2664 φησὶ
1519 2594 1615 2662 τὴν
1660 2594 1883 2666 Ἐκκλη-

309 2692 460 2754 σίαν,
488 2688 578 2741 διά
605 2688 666 2740 τὸ
693 2685 829 2755 ὑψοῦ
859 2683 1133 2737 τεθεῖσθαι
1159 2683 1219 2736 τό
1251 2701 1313 2752 γε
1336 2679 1471 2754 ἧκον
1503 2687 1585 2748 είς
1602 2685 1778 2752 δόξαν,
1797 2685 1891 2739 καὶ

306 2779 422 2833 τῶν
450 2780 507 2830 ἐν
537 2777 672 2846 αὐτῇ
704 2773 990 2843 δογμάτων
1019 2773 1078 2826 τὸ
1103 2773 1433 2844 ἐπῃρμένον.
1475 2774 1766 2844 Χθαμαλὲιν
1784 2775 1892 2845 γάρ

306 2871 467 2924 οὐδὲν
495 2872 550 2921 ἐν
581 2871 734 2938 ἡμῖν.
766 2867 840 2919 Ού
873 2865 980 2936 γὰρ
1033 2865 1162 2927 ἴσως
1199 2868 1266 2935 τῇ
1298 2865 1471 2918 κτίσει
1497 2865 1574 2935 τῷ
1603 2865 1805 2934 Κτίστῃ
1833 2865 1894 2918 τὸ

311 2961 484 3024 σέϐας
543 2961 803 3013 ἀνάπτειν
848 2957 1124 3028 ἡθίσμεθα
1169 2955 1321 3026 παρά
1360 2956 1452 3008 τὸν
1506 2957 1744 3026 Κτίστην
1801 2958 1894 3010 καὶ

310 3053 577 3122 Ποιητήν·
605 3049 729 3103 οὐτε
762 3049 866 3121 μὴν
909 3051 1000 3102 τὸν
1042 3049 1150 3101 τῶν
1203 3048 1340 3102 ὅλων
1383 3047 1713 3118 δημιουργὸν
1763 3049 1892 3102 Θεὸν

307 3145 488 3213 Λόγον
517 3144 617 3213 τῆς
661 3142 809 3213 αὐτῷ
864 3140 1182 3212 πρεπούσης
1232 3139 1670 3210 καταϐιϐἀζομεν
1712 3140 1889 3210 δόξης,

1993 1947 2250 2002 collocata
2285 1950 2387 2012 sit,
2413 1961 2466 2004 et
2496 1958 2714 2019 propter
2745 1951 3051 2022 dogmatum
3086 1953 3137 2006 in
3171 1969 3232 2007 ea
3263 1955 3563 2008 sublimita-

1995 2047 2122 2093 tem.
2156 2039 2363 2094 Humile
2408 2041 2550 2095 cnim
2599 2042 2728 2096 nihil
2772 2052 2850 2098 est
2898 2044 2950 2098 in
2999 2045 3173 2098 nobis.
3203 2044 3316 2098 Non
3365 2048 3568 2100 etenim

1993 2139 2256 2184 creaturae
2304 2146 2464 2200 supra
2516 2131 2827 2186 Creatorem
2895 2133 3291 2187 venerationem
3353 2133 3565 2188 deferre

1993 2223 2256 2286 solemus,
2288 2238 2384 2277 nec
2427 2223 2667 2277 omnium
2713 2224 2960 2292 opiﬁcem
3004 2223 3172 2279 Deum
3226 2224 3455 2278 Verbum
3502 2228 3566 2279 de

1995 2313 2162 2384 gloria
2198 2315 2377 2368 debita
2411 2315 2784 2382 deturbamus,
2817 2330 2915 2370 nec
2943 2331 3067 2370 cum
3100 2318 3367 2372 creaturis
3395 2333 3567 2371 annu-

1997 2420 2288 2461 meramus.
2344 2407 2622 2475 Repletam
2683 2409 2805 2460 dein
2868 2407 2944 2462 ait
3000 2409 3301 2463 universam
3365 2418 3563 2464 terram

1995 2498 2301 2566 cognitione
2323 2498 2553 2562 Domini,
2574 2509 2720 2552 tanta
2751 2498 3008 2568 religione
3032 2514 3156 2569 erga
3181 2515 3302 2555 eum
3329 2501 3565 2570 plenam,

1997 2590 2214 2657 quantis
2259 2590 2472 2644 scilicet
2525 2591 2676 2660 aquis
2737 2592 3035 2660 spatiosum
3084 2601 3138 2646 et
3185 2593 3366 2646 laxum
3416 2610 3566 2648 mare

1997 2683 2258 2750 operitur.
2287 2682 2439 2749 Quod
2469 2698 2654 2738 verum
2687 2700 2808 2740 esse
2843 2700 2871 2737 a
2908 2685 3098 2755 quovis
3131 2686 3358 2754 perspiri
3394 2697 3569 2756 potest

1998 2786 2052 2828 ct
2089 2774 2332 2842 intelligi.
2387 2774 2486 2830 Ubi
2522 2778 2668 2830 enim
2707 2786 2764 2831 et
2811 2777 2950 2845 apud
2996 2791 3132 2846 quos
3171 2776 3424 2832 Christus
3461 2793 3565 2833 non

2004 2867 2348 2920 nominatur?
2375 2867 2439 2920 Et
2469 2868 2610 2936 quod
2641 2882 2809 2936 genus
2840 2867 3115 2921 hominum
3145 2867 3216 2921 illi
3249 2883 3352 2922 non
3387 2869 3572 2937 paret?

1999 2956 2206 3012 Flectet
2235 2959 2433 3012 etenim
2470 2973 2529 3012 se
2566 2959 2639 3012 illi
2676 2973 2836 3013 omne
2872 2973 3044 3028 genu,
3078 2969 3132 3014 et
3176 2961 3354 3014 omnis
3388 2961 3568 3030 lingua

2000 3049 2074 3104 illi
2102 3050 2475 3114 conﬁtebitur,
2505 3052 2956 3120 quemadmodum
2988 3052 3246 3120 scriptum
3275 3063 3359 3107 est
3387 3073 3400 3108 :
3435 3055 3569 3121 Quia

2002 3141 2260 3197 Dominus
2290 3141 2446 3196 Jesus
2470 3142 2717 3196 Christus
2743 3142 2795 3195 in
2827 3141 2998 3212 gloria
3029 3142 3122 3198 Dei
3157 3144 3332 3200 Patris
3356 3145 3424 3200 ⁶⁰.

312 3235 778 3308 συναριθμοῦντες
802 3233 962 3288 αὐτὸν
992 3236 1104 3297 τοῖς
1133 3233 1445 3303 κτίσμασιν.
1513 3231 1928 3304 Ἐμπεπλῆσθαί
1965 3235 2024 3288 τέ
2050 3253 2182 3304 φησι
2243 3235 2340 3305 τὴν
2373 3235 2663 3305 σύμπασαν
2704 3239 2798 3288 τοῦ
2825 3235 3028 3304 γνῶναι
3062 3236 3151 3290 τὸν
3179 3237 3404 3309 Κύριον,
3430 3238 3572 3292 οὕτω

311 3353 375 3388 τε
401 3329 540 3385 εἶναι
571 3331 753 3402 πλήρη
791 3330 890 3401 τῆς
949 3331 1028 3394 είς
1088 3330 1252 3384 αὐτὸν
1313 3330 1616 3395 εὐσεϐείας,
1683 3331 1933 3403 καθάπερ
2002 3333 2195 3400 ἀμέλει
2244 3332 2338 3384 καὶ
2381 3333 2413 3402 ή
2465 3331 2691 3385 πλατεῖά
2734 3349 2792 3385 τε
2837 3332 2932 3385 καὶ
2964 3330 3278 3404 εὐρύχωρος
3327 3333 3573 3389 θάλασσα

316 3425 496 3495 μεστὴ
530 3423 636 3476 τῶν
682 3423 825 3476 ἰδίων
873 3421 1081 3476 ὑδάτων
1135 3421 1304 3476 ἐστίν.
1362 3420 1490 3474 Ἴδοι
1533 3423 1578 3474 δ’
1601 3421 1665 3474 ἄν
1686 3439 1770 3484 τις
1795 3425 1888 3476 καὶ
1925 3422 2082 3476 τοῦτο
2107 3423 2327 3494 ἀληθές.
2385 3422 2494 3476 Ποῦ
2521 3422 2629 3494 γάρ
2657 3424 2804 3487 ὅλως
2841 3425 2872 3495 ἢ
2915 3424 3066 3498 παρά
3089 3426 3229 3478 τίσιν
3246 3427 3346 3480 οὐκ
3373 3428 3574 3499 ὀνομάο

313 3521 474 3585 ζεται
505 3521 738 3591 Χριστός
763 3535 780 3584 ;
817 3518 850 3588 ἢ
878 3520 1027 3570 ποῖον
1054 3517 1356 3586 ἀνθρώπων
1387 3517 1544 3584 γένος
1571 3518 1670 3587 οὐχ
1690 3518 2082 3572 ὐπεπέπτωκεν
2105 3519 2360 3588 ;Κάμψει
2398 3519 2506 3590 γάρ
2527 3520 2673 3590 αὐτῷ
2710 3522 2819 3574 πᾶν
2855 3521 3008 3590 γόνυ,
3045 3524 3137 3576 καὶ
3181 3525 3330 3577 πᾶσα
3353 3523 3575 3594 γλῶσσα

313 3613 778 3683 ἐξομολογήσεται
838 3608 986 3678 αὐτῷ
1038 3608 1177 3660 κατά
1239 3608 1300 3659 τὸ
1343 3608 1749 3678 γεγραμμένον,
1804 3610 1891 3662 ὅτι
1926 3610 2128 3680 Κύριος
2177 3609 2380 3679 Ἰησοῦς
2404 3610 2635 3680 Χριστὸς
2660 3613 2741 3672 είς
2776 3611 2932 3676 δόξαν
2965 3611 3098 3665 Θεοῦ
3131 3613 3362 3685 Πατρός.

392 3705 505 3760 Kal
553 3705 726 3757 ἔσται
782 3703 851 3756 ἐν
906 3700 985 3770 τῇ
1039 3701 1228 3770 ἡμέρᾳ
1283 3701 1486 3769 ἐκείνῃ
1538 3701 1576 3768 νὴ
1628 3700 1762 3769 ῥίζα
1796 3702 1893 3756 τοί

2077 3702 2238 3756 Vsus.
2280 3702 2365 3756 10.
2396 3703 2462 3756 Et
2491 3706 2588 3757 erit
2617 3708 2671 3756 in
2702 3705 2786 3756 die
2823 3705 2916 3756 illa
2973 3706 3132 3758 rudia:
3159 3705 3344 3777 leum,
3381 3719 3430 3762 et
3483 3711 3574 3780 qui

329 3795 566 3853 Ἰεσσαὶ
607 3793 708 3847 καὶ
758 3796 790 3847 ό
851 3791 1249 3860 ἀνιστάμενος
1294 3791 1500 3860 ἄρχειν
1548 3791 1768 3856 ἐθνῶν,
1807 3791 1898 3844 ἐπ’

318 3887 486 3949 αὐτῷ
510 3867 854 3949 ἐλπιοῦσιν,
890 3882 990 3936 καὶ
1031 3881 1204 3936 ἔσται
1251 3881 1290 3950 ἡ
1329 3881 1673 3948 ἀνάπαυσις
1716 3882 1902 3937 αὐτοῦ

321 3977 487 4048 τιμή.

410 4067 746 4137 Ἀναλάμπει
779 4065 917 4119 κατὰ
948 4064 1120 4137 βραχύ
1156 4065 1265 4118 τῶν
1312 4065 1568 4136 ἀμυδρῶς
1602 4065 1909 4136 εἰρημένων

323 4166 360 4233 ἡ
391 4161 616 4233 θεωρία,
645 4162 740 4213 καὶ
796 4159 937 4229 ἀπερ
967 4157 1070 4228 ἔφη
1095 4158 1165 4210 δι’
1196 4157 1554 4226 αἰνιγμάτων,
1589 4157 1761 4210 ταῦτα
1792 4159 1906 4219 τοῖς

326 4252 764 4324 φιλακροάμοσιν
789 4246 849 4303 εὖ
876 4248 1019 4320 μάλα
1061 4249 1355 4319 διατρανοί.
1386 4248 1522 4301 Τίνα
1568 4247 1677 4318 γὰρ
1706 4248 1906 4318 τρόπον

328 4345 735 4417 βοσκηθήσεται
776 4342 874 4412 μὲν
901 4341 934 4393 ’ὁ
968 4340 1129 4402 λύκος
1172 4338 1308 4409 μετὰ
1341 4338 1521 4409 ἀρνὸς,
1563 4338 1908 4392 συναναπαύ-

328 4455 486 4490 σεται
507 4436 564 4488 δὲ
600 4435 772 4504 ἐρίφῳ
804 4430 1085 4504 πάρδαλις,
1130 4431 1225 4482 καὶ
1277 4428 1600 4500 μοσχάριον,
1631 4430 1726 4483 καὶ
1761 4429 1905 4500 βοῦς,

326 4531 428 4584 καὶ
463 4529 603 4582 λέων
658 4527 774 4596 ἅμα
803 4525 1066 4596 φάγονται
1102 4523 1303 4594 ἄχυρα,
1335 4523 1467 4575 πότε
1489 4521 1546 4576 δὲ
1585 4522 1722 4584 ὅλως
1755 4521 1907 4575 ἔσται

326 4621 511 4683 ταυτὶ,
543 4620 634 4672 καὶ
662 4618 807 4682 τίνες
834 4619 882 4670 οἱ
909 4616 1044 4670 ποτὲ
1079 4615 1178 4686 μὲν
1215 4615 1355 4685 ὠμοὶ
1381 4615 1475 4667 καὶ
1517 4615 1766 4684 ἀπηνεῖς,
1797 4612 1911 4666 ἐσό-

331 4729 488 4782 μενοι
521 4710 577 4763 δὲ
617 4708 752 4780 μετὰ
782 4708 944 4762 τοῦτο
971 4705 1215 4762 τιθασσοί
1260 4722 1321 4758 τε
1352 4705 1445 4758 καὶ
1474 4706 1658 4778 πρᾶοι,
1699 4704 1909 4757 ἔσονται

326 4802 386 4854 δὲ
411 4801 560 4861 ὅπως
583 4797 785 4868 ἀναμὶξ
821 4799 933 4859 τοῖς
953 4795 1180 4866 ἡμέροις
1207 4811 1267 4847 τε
1294 4794 1386 4848 καὶ
1419 4794 1584 4865 ἱεροῖς
1613 4793 1702 4864 ὑφ’
1726 4795 1806 4846 ἐνὶ
1832 4793 1911 4864 τῷ

328 4891 554 4943 πάντων
607 4887 958 4958 ἀρχιποιμένι
1010 4884 1461 4956 νεμηθησόμενοι,
1499 4884 1911 4938 καταλευκαίνει

328 4983 532 5049 λέγων’
567 4980 676 5031 Καὶ
713 4978 866 5032 ἔσται
905 4979 939 5048 ἡ
977 4975 1102 5047 ῥίζα
1131 4976 1225 5029 τοῦ
1262 4975 1485 5030 Ἰεσσαί.
1537 4977 1728 5031 Ἔσται
1757 4977 1814 5030 δὲ
1858 4977 1910 5030 τί

2002 3793 2312 3863 consurgit,
2367 3803 2422 3847 ut
2456 3794 2524 3846 sit
2566 3795 2804 3861 princeps
2843 3797 3111 3864 gentium,
3159 3796 3212 3850 in
3244 3798 3356 3865 ipso
3396 3809 3574 3869 gentes

2002 3888 2307 3956 sperabunt,
2338 3887 2433 3941 erit
2460 3888 2657 3954 requies
2681 3887 2792 3956 ejus
2818 3887 3006 3941 honor.

2079 4066 2268 4121 Elucet
2296 4066 2558 4136 paulatim
2616 4081 2804 4122 eorum
2859 4082 2978 4137 quae
2999 4069 3233 4124 obscure
3263 4069 3405 4126 dicta
3445 4082 3574 4128 sunt

2007 4139 2376 4227 intelligentia,
2410 4167 2466 4212 et
2489 4171 2610 4228 quae
2633 4173 2731 4229 per
2758 4159 3048 4230 amigmata
3081 4161 3243 4227 dixit,
3275 4162 3365 4218 hic
3391 4171 3571 4219 atten-

2010 4247 2078 4302 tis
2137 4247 2476 4303 auditoribus
2531 4249 2734 4318 optimc
2792 4251 3067 4319 explanat.
3113 4248 3245 4305 Nam
3303 4254 3576 4322 quomodo

2007 4346 2318 4407 compascet
2351 4337 2508 4408 lupus
2536 4355 2658 4394 cum
2698 4355 2860 4410 agno,
2889 4341 3052 4412 202
3083 4351 3139 4396 et
3175 4346 3374 4412 pardus
3420 4345 3574 4400 luedo

2008 4427 2315 4493 accubabit,
2350 4437 2403 4483 et
2429 4429 2626 4484 vitulus
2653 4469 2668 4495 ,
2698 4440 2755 4484 et
2791 4431 2908 4496 bos,
2941 4441 2997 4486 et
3033 4433 3118 4487 leo
3145 4433 3306 4486 simul
3345 4449 3576 4490 vescen-

2012 4528 2100 4573 tur
2133 4518 2323 4588 paleis,
2357 4522 2574 4589 quando
2609 4536 2736 4576 vere
2765 4523 2878 4576 haec
2909 4523 3132 4576 omnino
3168 4524 3317 4591 ﬁent,
3369 4535 3424 4579 et
3451 4527 3578 4594 qui-

2010 4625 2135 4664 nam
2183 4610 2311 4663 olim
2347 4611 2615 4676 crudeles,
2673 4613 2927 4684 deinceps
2980 4613 3211 4668 evadent
3265 4615 3480 4670 cicures
3521 4624 3578 4671 et

2012 4703 2194 4769 mites,
2230 4711 2284 4757 et
2316 4718 2422 4772 quo
2451 4712 2608 4772 pacto
2639 4703 2862 4771 placidis
2909 4712 2964 4757 et
3019 4705 3226 4759 sanctis
3281 4705 3578 4774 permiscco

2011 4794 2232 4862 buntur,
2269 4796 2494 4852 subtmo
2519 4809 2731 4849 summo
2764 4796 3001 4850 omnium
3029 4806 3245 4864 pastore
3273 4809 3576 4866 pascentes,

2012 4887 2244 4941 candide
2275 4896 2327 4941 et
2355 4897 2540 4956 aperte
2569 4886 2824 4951 declarat,
2850 4903 2970 4941 cum
3005 4887 3082 4940 ait
3114 4901 3129 4938 :
3170 4887 3237 4941 Et
3263 4890 3371 4943 erit
3426 4890 3579 4944 radix

2010 4973 2204 5032 Jessae.
2257 4978 2324 5031 At
2358 4978 2487 5048 quid
2519 4979 2624 5033 erit
2654 4990 2708 5034 et
2739 4979 2790 5032 in
2829 4977 3070 5048 quibus?
3114 4977 3182 5034 Ut
3203 4981 3458 5050 princeps
3484 4982 3578 5047 sit,

329 5073 430 5125 καὶ
460 5071 552 5124 ἐπὶ
577 5071 747 5133 τίσιν;
779 5071 943 5121 ’Ὠστε
972 5067 1260 5138 κατάρξαι,
1292 5066 1451 5139 φησὶ,
1473 5066 1581 5120 τῶν
1601 5068 1788 5133 ἐθνῶν,
1822 5085 1886 5138 γε

2021 5069 2214 5137 inquit,
2243 5072 2580 5138 gentium,et
2607 5080 2663 5125 ut
2682 5086 2806 5139 spes
2832 5073 2901 5126 sit
2927 5085 3076 5140 spem
3099 5086 3204 5126 non
3229 5073 3577 5142 habentibus,

328 5160 524 5216 νέσθαι
558 5161 614 5214 δὲ
646 5167 740 5214 καὶ
769 5161 848 5221 είς
879 5158 1069 5211 ἐλπίδα
1111 5160 1225 5221 τοῖς
1279 5158 1380 5210 οὐκ
1429 5157 1642 5228 ἔχουσιν
1691 5157 1906 5222 ἐλπίδα,

329 5255 521 5315 αὐτοῖς
545 5252 599 5304 δὲ
628 5250 868 5321 δηλονότι
887 5252 1002 5313 τοῖς
1027 5249 1254 5315 ἔθνεσιν,
1295 5245 1378 5312 οἷς
1407 5250 1500 5302 καὶ
1527 5250 1556 5302 ὁ
1598 5251 1908 5319 σοφώτατος

329 5343 548 5405 Παῦλος
580 5341 886 5395 ἐπιστέλλει
912 5341 1106 5409 λέγων’
1168 5358 1188 5391 ι
1219 5340 1312 5394 Διὸ
1363 5341 1730 5412 μνημονεύετε
1752 5343 1911 5414 ὑμεῖς

325 5434 398 5486 τά
426 5431 575 5501 ἔθνη,
605 5433 654 5484 οἱ
678 5431 959 5502 λεγόμενοι
983 5429 1316 5501 ἀκροϐυστία
1347 5429 1453 5484 ὑπὸ
1483 5430 1585 5502 τῆς
1611 5430 1910 5502 λεγομένης

327 5525 388 5576 ὲν
441 5524 606 5594 σαρκὶ
661 5525 964 5593 περιτομῆς
1011 5523 1423 5593 χειροποιήτου,
1473 5523 1554 5576 ὅτι
1589 5518 1686 5593 ἦτε
1731 5525 1789 5576 ἐν
1829 5524 1911 5594 τῷ

326 5611 512 5682 καιρῷ
544 5611 737 5681 ἐκείνῳ
763 5611 931 5682 χωρὶς
972 5611 1228 5684 Χριστοῦ,
1261 5611 1763 5684 ἀπηλλοτριωμένοι
1812 5613 1907 5666 τοῦ

405 5766 449 5799 ⁸⁸
480 5763 711 5836 Philipp.
741 5781 801 5832 ll,
828 5765 914 5834 10,
941 5765 1024 5820 Η.

2014 5159 2144 5227 ipsis
2196 5161 2449 5216 videlicet
2519 5163 2811 5232 gentibus,
2886 5163 3086 5232 quibus
3143 5164 3582 5234 sapientissimus

2013 5248 2213 5304 Paulus
2261 5251 2451 5306 scribit
2501 5253 2732 5307 dicens:
2777 5271 2796 5306 ι
2848 5252 3076 5324 Propter
3121 5257 3261 5325 quod
3311 5271 3581 5313 memores

2013 5349 2189 5397 estote
2230 5358 2328 5398 vos
2367 5354 2576 5414 gentes,
2632 5346 2722 5416 qui
2755 5347 3079 5403 dicebamini
3138 5349 3458 5419 prmputium
3511 5350 3580 5402 ab

2011 5447 2073 5487 ea
2115 5449 2235 5503 qua:
2293 5436 2488 5490 dicitur
2531 5437 2874 5494 circumcisio
2909 5439 2961 5492 in
2997 5454 3180 5504 carne,
3217 5437 3524 5494 manufacla
3561 5454 3576 5490 :

2010 5524 2151 5594 quod
2182 5525 2349 5580 cratis
2379 5525 2430 5580 in
2461 5533 2702 5596 tempore
2733 5529 2826 5582 illo
2886 5529 3003 5584 sine
3046 5528 3298 5594 Christo,
3353 5525 3577 5582 alienati

2011 5614 2078 5669 ab
2100 5613 2285 5684 Israel,
2321 5629 2374 5674 ct
2404 5620 2644 5691 hospites
2675 5631 3142 5687 testamentorum,
3191 5614 3580 5690 promissionis
