4134 6492
219 410 327 465 5Ξ9

1341 409 1409 463 lN
1450 409 1684 464 ISAIAM
1725 410 1853 465 LIB.
1898 410 1962 467 ll.
2007 408 2242 465 TOMUS
2280 409 2318 465 1.

3387 406 3493 463 ⁸550

216 530 323 599 τῆς
346 530 484 601 μετὰ
507 529 710 601 σαρκὸς
728 530 1039 602 οἰκονομίας
1061 531 1153 585 τοῦ
1171 532 1510 601 Μονογενοῦς
1528 534 1804 605 ἀνεδείχθη

1917 532 2193 603 Uuigeniti
2237 532 2552 604 mysterium
2584 531 2913 604 patefactum
2940 540 3042 586 est.
3086 530 3261 595 Tunc,
3291 530 3488 601 inquit,

217 623 283 676 τὸ
318 623 638 692 μυστήριον.
678 622 810 675 Τότε
847 622 911 693 δὴ
954 618 1071 686 οὖν,
1116 624 1261 685 τότε,
1303 626 1460 694 φησὶ,
1508 625 1813 690 καταδείξει

216 712 429 783 Κύριος
475 711 572 782 τὴν
621 710 817 764 ἑαυτοῦ
866 715 1065 783 χεῖρα,
1116 713 1261 767 τοῦτ’
1296 714 1431 780 ἐστι,
1488 716 1811 778 δυναστείας

217 802 483 869 ἐπίδειξις
504 802 656 857 ἐσται
684 802 853 874 πολλή
876 821 889 833 °
914 804 1009 857 καὶ
1032 804 1189 858 τοῦτο
1214 806 1273 859 οὐ
1303 806 1500 877 μάτην,
1530 807 1645 860 ἀλλ’
1672 807 1810 877 ὑπὲρ

222 917 241 949 ς
274 896 369 951 τοῦ
402 895 644 967 ζηλῶσαι
672 896 734 950 τὸ
766 896 1130 965 καταλειφθὲν
1158 897 1448 951 ὑπόλοιπον
1477 896 1570 952 τοῦ
1602 898 1753 962 λαοῦ,
1781 898 1809 950 ὃ

214 989 314 1043 ἐὰν
341 987 676 1060 καταλειφθῇ
707 988 816 1042 ἀπὸ
847 988 955 1044 τῶν
992 990 1317 1060 Ἀσσυρίων,
1347 1009 1365 1040 ι
1395 990 1550 1061 φησι,
1583 991 1676 1043 καὶ
1700 991 1810 1044 ἀπὸ

218 1078 329 1131 τῶν
356 1076 531 1131 ἄλλων
558 1075 749 1130 ἐθνῶν.
785 1078 878 1131 Δεῖ
902 1077 983 1141 δὲ,
1030 1074 1203 1148 οἶμαι,
1238 1077 1336 1149 τὴν
1365 1077 1475 1131 τῶν
1502 1079 1811 1149 εἰρημένων

214 1170 454 1241 δύναμιν
482 1169 910 1241 κατευρύνοντας
930 1169 1348 1241 ἀπεργάσασθαι
1361 1170 1806 1241 διαφανεστέραν.

214 1262 381 1315 Κατὰ
433 1262 532 1332 μὲν
567 1260 675 1332 γὰρ
707 1261 834 1323 τοὺς
872 1260 1079 1314 ἀνωθεν
1114 1259 1201 1313 ’ἔτι
1250 1262 1474 1332 καιροὺς
1527 1262 1809 1332 κέκμηκεν

211 1351 278 1404 οὐ
318 1351 558 1423 μετρίως
605 1350 667 1403 τὸ
703 1349 811 1403 τῶν
853 1350 1123 1404 Ἰουδαίων
1173 1349 1345 1416 ἔθνος,
1392 1351 1810 1421 καταδῃούντων

212 1444 374 1509 αὐτὸ,
404 1442 565 1496 τοῦτο
599 1442 698 1512 μὲν
731 1441 1034 1513 Ἀσσυρίων
1089 1442 1181 1495 καὶ
1218 1440 1542 1512 Ἐλαμιτῶν,
1561 1442 1720 1495 τοῦτο
1751 1443 1808 1496 δὲ

212 1536 326 1589 τῶν
371 1537 482 1590 ἀπὸ
529 1534 805 1603 Αἰγύπτου
834 1534 929 1588 καὶ
961 1533 1333 1598 Βαὸυλωνίας,
1362 1534 1456 1588 καὶ
1497 1534 1604 1589 ἀπὸ
1651 1534 1805 1605 ἡλίου

211 1628 518 1691 ἀνατολῶν,
546 1628 641 1681 καὶ
661 1625 721 1693 ἐξ
749 1626 1022 1698 Ἀραϐίας.
1042 1627 1388 1697 Ἐπιλάμψας
1410 1627 1468 1680 δὲ
1494 1626 1633 1698 μετά
1651 1626 1809 1681 τοῦτο

210 1721 455 1792 Χριστὸς
488 1721 520 1789 ή
554 1719 990 1788 πανσθενεστὰτη
1021 1719 1145 1790 χεὶρ
1171 1720 1266 1772 καὶ
1294 1718 1634 1789 παντουργὺς
1659 1718 1809 1784 δεξιὰ

208 1813 314 1867 τοῦ
347 1812 485 1866 Θεοῦ
531 1813 625 1865 καὶ
677 1812 889 1883 Πατρὸς
935 1811 1135 1881 ἑαυτὴν
1176 1810 1391 1881 ἐμφανῆ
1438 1811 1669 1882 καθίστη
1722 1810 1809 1865 διὰ

1916 636 2045 679 tunc
2085 624 2335 678 ostendet
2369 624 2627 678 Dominus
2660 638 2814 678 suam
2844 637 3086 687 manum,
3144 622 3193 675 id
3231 632 3359 688 est,
3394 638 3489 697 po-

1913 714 2096 771 tentia:
2125 728 2318 784 magna
2362 714 2468 768 erit
2515 713 2830 779 declaratio,
2884 714 3045 783 idque
3102 729 3207 767 non
3257 711 3489 774 frustra.

1913 807 2008 863 sed
2036 806 2105 861 ad
2135 805 2494 861 aemulandum
2533 807 2785 861 relictum
2820 806 3093 861 residuum
3135 806 3316 876 populi
3349 808 3491 877 quod

1916 898 2170 953 relictum
2230 898 2395 953 fuerit
2429 898 2498 953 ab
2526 898 2789 969 Assyriis,
2834 909 2887 953 et
2931 900 2998 952 ab
3042 898 3167 953 aliis
3216 900 3490 970 gentibus.

1914 991 2186 1047 Caeterum
2221 1006 2446 1046 sensum
2471 1004 2660 1045 eorum
2707 1006 2827 1059 quae
2867 990 3010 1044 dicta
3040 999 3167 1044 sunt
3213 990 3492 1061 explicare

1913 1090 2168 1151 oportere
2202 1098 2288 1137 me
2337 1081 2593 1145 arbitror,
2631 1090 2685 1137 et
2730 1079 2941 1136 edicere
2989 1080 3357 1135 illustriorem.
3398 1083 3491 1138 Su-

1916 1175 2221 1245 perioribus
2259 1175 2405 1228 enim
2449 1175 2782 1243 temporibus
2834 1175 2974 1229 haud
3027 1174 3373 1229 mediocriter
3410 1176 3491 1229 di-

1916 1274 2109 1318 vexata
2145 1275 2227 1319 est
2251 1280 2384 1332 gens
2414 1264 2663 1328 Judaica,
2700 1264 2895 1333 partim
2938 1278 3059 1318 eam
3118 1263 3382 1334 Assyriis,
3437 1275 3490 1321 et

1915 1355 2179 1420 Elamitis,
2203 1356 2396 1425 partim
2433 1357 2499 1410 iis
2525 1356 2614 1426 qui
2654 1361 2723 1410 ab
2752 1354 2989 1426 [Egypto
3014 1395 3031 1420 ,
3085 1365 3140 1411 et
3171 1355 3487 1426 Babylonia,

1911 1459 1965 1503 et
1990 1449 2058 1503 ab
2086 1460 2209 1503 ortu
2240 1448 2395 1514 solis,
2440 1460 2496 1503 et
2522 1464 2589 1502 ex
2617 1447 2818 1502 Arabia
2859 1448 3089 1517 profecti
3126 1459 3278 1514 sunt,
3322 1453 3490 1518 depo-

1914 1540 2247 1609 pulautihus.
2268 1538 2395 1594 Post
2415 1539 2530 1594 haec
2549 1548 2731 1594 autem
2756 1554 2881 1594 cum
2906 1539 3159 1596 Christus
3172 1539 3489 1606 aliubisset,

1914 1629 2450 1699 omnipotentissima
2485 1644 2678 1683 manus
2724 1628 3078 1700 omniumque
3102 1630 3347 1686 ell'ectrix
3399 1634 3485 1686 illa

1911 1720 2137 1775 dextera
2163 1720 2256 1774 Dei
2282 1729 2335 1775 et
2360 1721 2539 1774 Patris
2566 1735 2626 1774 se
2652 1720 2805 1776 clare
2836 1722 3121 1785 exhibuit,
3144 1735 3198 1778 et
3227 1723 3488 1779 lsraelitis

1913 1811 2243 1879 persuadere
2269 1820 2499 1865 conatus
2529 1818 2613 1867 est
2649 1824 2707 1865 se
2755 1824 2878 1866 esse
2910 1826 3037 1866 vere
3086 1814 3276 1873 Deum.
3313 1822 3367 1868 et
3396 1814 3487 1868 Dei

210 1902 539 1973 θαυμάτων,
559 1902 653 1956 καὶ
672 1902 1037 1973 πληροφορείν
1057 1902 1319 1971 ἠπείγετο
1338 1903 1465 1966 τοὺς
1480 1900 1540 1967 ἐξ
1569 1902 1804 1974 Ἰσραὴλ,

1915 1917 2039 1956 vere
2061 1901 2280 1958 Filium.
2350 1902 2491 1969 Quid
2525 1902 2667 1956 enim
2716 1912 2926 1972 gestum
2967 1913 3052 1958 est
3082 1906 3222 1974 apud
3250 1921 3345 1962 eos
3380 1921 3486 1960 non

207 1997 298 2049 ὅτι
344 2013 408 2047 τε
458 1996 543 2065 εἴη
595 1995 734 2049 κατά
768 1994 1026 2066 ἀλήθειαν
1054 1994 1206 2058 Θεὸς,
1239 1993 1333 2048 καὶ
1375 1992 1510 2047 Θεοῦ
1544 1994 1638 2048 τοῦ
1667 1996 1808 2050 κατά

208 2087 483 2159 ἀλήθειαν
517 2088 665 2149 Υἱός.
695 2086 761 2140 Τί
794 2086 904 2157 γὰρ
936 2085 1043 2140 τῶν
1086 2087 1226 2155 ἄγαν
1254 2085 1718 2157 τεθαυμασμένων
1745 2089 1806 2141 οὐ

208 2180 535 2235 τετέλεσται
571 2180 700 2250 παρ’
736 2180 947 2242 αὐτοῖς
981 2178 1157 2233 πάντα
1190 2177 1298 2249 γὰρ
1319 2173 1387 2250 ἦν
1414 2178 1692 2250 θεοπρεπῆ
1714 2181 1808 2234 καὶ

209 2272 523 2345 παράδοξα,
560 2273 655 2325 καὶ
691 2271 789 2342 τῆς
821 2270 1084 2326 ἀνωτάτω
1123 2270 1405 2341 δυνάμεως
1448 2270 1596 2341 σαφῆ
1623 2288 1684 2329 τε
1712 2272 1808 2325 καὶ

207 2363 623 2435 ἐναργεστάτην
648 2362 838 2433 ἔχοντα
859 2363 958 2434 τὴν
981 2360 1258 2428 ἐπίδειξιν.
1280 2363 1416 2416 Κατ’
1432 2364 1629 2426 ἐκεῖνο,
1647 2363 1803 2434 φησὶ,

204 2459 399 2511 τοίνυν
424 2456 516 2509 τοῦ
560 2455 753 2525 καιροῦ
797 2453 1094 2524 προσθήσει
1131 2454 1337 2524 Κύριος
1366 2453 1460 2507 τοῦ
1510 2453 1681 2518 δεῖξαι
1705 2453 1804 2523 τὴν

205 2551 378 2621 χεῖρα
430 2546 620 2611 αὐτοῦ,
658 2546 798 2616 ὑπὲρ
856 2544 951 2598 τοῦ
999 2543 1241 2615 ζηλῶσαι
1286 2545 1380 2598 τὸν
1421 2544 1660 2618 Ἰσραὴλ,
1712 2545 1805 2598 καὶ

203 2634 328 2692 οἷον
382 2636 458 2708 μὴ
507 2637 689 2706 μόνοις
731 2638 843 2699 τοῖς
889 2635 1065 2689 ἔθνεσι
1114 2635 1513 2707 παραχωρῆσαι
1547 2635 1803 2707 Χριστὸν,

205 2731 435 2785 ἑλέσθαι
476 2729 536 2782 δέ
583 2729 676 2781 καὶ
725 2728 923 2791 αὐτοὺς
956 2727 1147 2780 ἐλπίδα
1193 2726 1337 2796 ἔχειν
1366 2726 1464 2797 τὴν
1512 2728 1597 2779 ἐπ’
1633 2727 1802 2798 αὐτῷ,

204 2820 311 2875 καί
357 2820 467 2890 μὴν
512 2819 607 2872 καὶ
651 2818 743 2870 ὑπ’
776 2816 927 2888 αὐτῷ
957 2816 1214 2886 γενέσθαι
1251 2816 1453 2887 ζητεῖν,
1480 2817 1717 2887 ἄρχοντά
1744 2836 1802 2872 τε

204 2909 514 2971 ποιεῖσθαι,
564 2907 882 2981 καθηγητὴν
932 2908 1025 2962 καὶ
1071 2907 1415 2970 διδάσκαλον,
1460 2908 1552 2961 τὸν
1598 2909 1804 2980 ταύτης

203 3003 381 3056 ἕνεκα
438 3003 537 3073 τῆς
584 3002 764 3064 αἰτίας
811 3000 1102 3070 γενόμενον
1148 2999 1456 3070 ἄνθρωπον.
1504 3000 1615 3053 Καὶ
1672 3000 1803 3069 γοῦν

204 3094 427 3163 ἔφασκε
458 3093 546 3146 διὰ
575 3093 759 3161 φωνῆς
787 3091 879 3144 τοῦ
913 3092 1077 3144 Δαὸίδ
1100 3108 1113 3123 ’
1150 3110 1167 3141 ι
1193 3090 1338 3161 Ἐγὼ
1365 3091 1424 3144 δὲ
1458 3091 1802 3159 κατεστάθην

204 3184 475 3252 βασιλεὺς
503 3183 594 3237 ὑπ’
622 3183 788 3238 αὐτοῦ
822 3183 914 3235 ἐπὶ
958 3182 1098 3236 Σιὼν
1142 3182 1267 3253 ὅρος
1310 3182 1374 3236 τὸ
1423 3182 1579 3251 ἅγιον
1611 3182 1799 3245 αὑτοῦ,

200 3274 548 3344 διαγγέλλων
590 3275 650 3327 τὸ
684 3274 1016 3344 πρόσταγμα
1044 3273 1270 3344 Κυρίου.
1304 3293 1322 3325 ι
1356 3268 1530 3327 Ἦκεν
1568 3272 1670 3344 μὲν
1698 3272 1806 3344 γάρ

201 3368 233 3421 ὁ
264 3367 535 3437 Χριστὸς,
568 3365 668 3419 οὐκ
699 3362 1035 3417 ἀπεστάλθαι
1070 3363 1242 3433 λέγων
1270 3365 1318 3417 εί
1354 3363 1427 3435 μὴ
1459 3365 1539 3426 είς
1582 3363 1652 3418 τὰ
1692 3365 1802 3418 ἀπ-

200 3457 455 3511 ολωλότα
474 3455 722 3526 πρόϐατα
737 3455 889 3509 οἴκου
923 3455 1159 3527 Ἰσραήλ.
1184 3455 1293 3509 Καὶ
1318 3454 1446 3522 γοῦν
1470 3457 1599 3525 παρ’
1622 3457 1806 3521 αὐτοῖς

203 3545 506 3617 διεκήρυξε
532 3544 790 3616 πρώτοις,
810 3544 1117 3598 ἐνετέλλετο
1137 3544 1194 3597 δὲ
1216 3547 1310 3599 καὶ
1335 3548 1448 3609 τοῖς
1475 3546 1649 3614 ἁγίοις
1669 3547 1805 3601 ἀπο-

205 3638 457 3699 στόλοιςο
491 3655 511 3689 ι
542 3637 633 3701 Et;
655 3636 770 3690 ὁδὸν
794 3635 964 3690 ἐθνῶν
991 3640 1066 3707 μὴ
1093 3636 1385 3708 ἀπέλθητε,
1420 3639 1513 3691 καὶ
1538 3639 1619 3701 είς
1648 3638 1803 3693 πόλιν

205 3722 576 3794 Σαμαρειτῶν
601 3723 677 3794 μὴ
697 3722 975 3795 εἰσέλθητε
997 3740 1012 3754 ο
1035 3724 1334 3795 πορεύεσθε
1356 3725 1413 3778 δὲ
1439 3725 1638 3796 μᾶλλον
1664 3728 1799 3798 πρὸς

202 3815 277 3868 τὰ
317 3812 637 3885 ἀπολωλότα
691 3813 940 3886 πρόϐατα
983 3817 1134 3869 οίκου
1166 3817 1399 3889 Ἰσραήλ.
1430 3836 1449 3870 ι
1490 3817 1704 3892 Ἐπειδὴ
1742 3819 1800 3873 δὲ

201 3904 649 3959 διατετελέκασιν
680 3906 743 3959 ἐκ
774 3906 975 3977 πολλῆς
1005 3907 1145 3975 ἄγαν
1181 3908 1440 3973 ἀπονοίας
1482 3910 1531 3963 οἱ
1575 3909 1800 3965 δείλαιοι

202 3997 301 4050 τὸν
345 3997 652 4066 ἀφιγμένον
686 3999 768 4060 είς
810 3995 970 4051 τοῦτο
1010 4000 1132 4061 ταῖς
1165 3999 1472 4064 άπειθείαις
1517 4001 1802 4073 περιυϐρί-

204 4106 423 4153 ςοντες,
458 4089 926 4160 μεταπεφοίτηκεν
950 4090 1043 4144 ἐπί
1080 4091 1148 4145 τά
1185 4091 1310 4163 ἔθνη
1352 4091 1556 4155 λοιπὸν,
1587 4093 1682 4146 καὶ
1712 4110 1802 4162 γει

202 4181 438 4249 γόνασιν
462 4181 512 4233 oi
543 4180 764 4251 ἔσχατοι
796 4181 1025 4251 πρῶτοι,
1064 4181 1158 4234 καὶ
1204 4183 1256 4235 οί
1305 4181 1514 4254 πρῶτοι
1560 4181 1799 4253 ἔσχατοι.

202 4272 403 4343 Ταύτῃ
434 4288 520 4324 τοι
549 4272 644 4325 καὶ
676 4270 770 4324 νῦν
797 4272 826 4323 ὁ
851 4271 1155 4342 προφήτης,
1191 4270 1285 4325 ἆτε
1319 4271 1383 4343 δὴ
1413 4272 1509 4325 καὶ
1537 4272 1801 4343 ὑπάρχων

203 4362 673 4432 Πνευματοφόρος
700 4360 863 4433 ἀνὴρ,
891 4361 988 4414 κα)⁵
1012 4361 1119 4413 τῶν
1149 4362 1421 4432 ἐσομένων
1463 4362 1560 4432 τὴν
1599 4364 1801 4431 γνῶσιν

201 4454 295 4506 διὰ
323 4454 425 4524 τῆς
451 4453 656 4508 ἄνωθεν
689 4452 974 4524 δᾳδουχίας
1006 4452 1421 4521 πεπλουτηκὼς,
1444 4454 1661 4523 πρῶτον
1684 4455 1799 4508 δια-

1910 1994 2066 2046 valde
2126 1992 2499 2063 stupendum?
2552 1992 2745 2048 Omnia
2791 1994 2935 2048 enim
2987 2005 3146 2050 erant
3194 1997 3374 2051 divina
3434 2009 3489 2051 ct

1909 2098 2252 2140 communem
2285 2084 2598 2154 opinionem
2634 2086 2977 2151 excedentia,
3024 2098 3080 2142 et
3122 2103 3348 2142 summa:
3389 2105 3488 2158 po-

1911 2177 2090 2230 tentia:
2120 2176 2327 2231 claram
2374 2186 2428 2231 et
2469 2175 2891 2231 illustrissimum
2951 2179 3208 2233 habentia
3246 2180 3477 2235 demon-

1906 2266 2246 2322 strationem.
2274 2266 2386 2324 Hoc
2418 2266 2580 2337 igitur
2609 2275 2872 2337 tempore,
2894 2268 3058 2342 204
3077 2272 3270 2340 inquit.
3296 2283 3484 2341 perget

1907 2358 2167 2414 Dominus
2197 2359 2487 2415 ostendere
2523 2374 2744 2414 manum
2804 2375 2982 2427 suam,
3017 2363 3085 2417 ad
3118 2363 3478 2418 aemulandum

1904 2448 2157 2504 lsraelem
2186 2466 2201 2502 :
2228 2449 2480 2505 videlicet
2501 2464 2605 2505 non
2639 2458 2697 2504 ut
2718 2451 2785 2505 ad
2801 2452 2945 2506 solas
2975 2462 3165 2522 gentes
3195 2453 3479 2511 accederet

1903 2538 2175 2602 Christus,
2202 2541 2294 2593 sed
2319 2549 2376 2594 ut
2397 2539 2447 2593 hi
2474 2555 2692 2609 quoque
2720 2540 2774 2594 in
2798 2540 2889 2595 illo
2922 2555 3070 2610 Spem
3095 2542 3381 2612 haberent,
3405 2546 3478 2599 illi

1904 2629 2208 2693 subessent,
2238 2629 2384 2683 illum
2417 2630 2718 2701 principem
2756 2629 2995 2686 facerent
3019 2641 3073 2685 et
3094 2632 3305 2697 ducem,
3335 2637 3482 2704 prin-

1904 2724 2077 2792 cipem
2100 2730 2156 2778 et
2177 2721 2454 2778 doctorem
2474 2722 2565 2792 qui
2592 2726 2691 2778 hac
2720 2723 2786 2778 de
2803 2739 2967 2785 causa
2992 2723 3158 2781 homo
3180 2726 3353 2782 factus
3373 2739 3478 2783 est.

1904 2813 2051 2869 Dixit
2070 2823 2251 2869 autem
2279 2829 2410 2869 voce
2437 2812 2689 2870 Davidis:
2713 2832 2731 2868 ι
2764 2815 2878 2886 Ego
2903 2818 3361 2874 constitutussum
3385 2836 3478 2875 rex

1905 2906 1974 2961 ab
2001 2920 2066 2960 eo
2091 2919 2255 2975 super
2280 2914 2519 2960 montem
2561 2904 2694 2979 Sion
2728 2918 2972 2962 sanctum
3004 2907 3142 2978 ejus,
3176 2910 3480 2979 praedicans

1904 3006 2229 3067 praeceptum
2285 2999 2497 3053 Domini
2548 2997 2614 3053 ⁸⁸.
2674 3016 2695 3051 ι
2761 2996 2925 3054 Venit
2969 3002 3114 3055 enim
3178 3002 3477 3068 Christus,

1903 3088 2091 3143 dicens
2117 3102 2175 3143 se
2207 3103 2314 3143 non
2355 3087 2581 3142 missum
2624 3087 2729 3142 nisi
2758 3089 2825 3143 ad
2853 3102 2983 3143 oves
3020 3092 3262 3161 perditas
3289 3093 3481 3146 domus

1907 3178 2146 3235 lsraelis.
2197 3177 2266 3233 Et
2323 3192 2456 3233 sane
2498 3178 2641 3247 apud
2686 3192 2783 3233 eos
2835 3179 3070 3248 primum
3116 3180 3430 3248 prmdicavit
3460 3221 3476 3246 ,

1909 3269 2272 3339 praecepitque
2303 3268 2515 3325 sanctis
2542 3268 2799 3340 apostolis
2839 3285 2852 3321 :
2903 3287 2922 3320 ι
2966 3267 3023 3323 1η
3057 3273 3197 3323 viam
3236 3269 3476 3338 gentium

1908 3376 1978 3417 ne
2007 3361 2256 3416 abieritis
2286 3400 2303 3425 ,
2358 3370 2414 3415 et
2461 3361 2516 3416 in
2574 3362 2849 3416 civitatein
2903 3359 3370 3416 Samaritanorum
3413 3377 3481 3417 ne

1908 3453 2145 3516 intretis,
2192 3453 2286 3507 sed
2338 3453 2411 3507 ite
2438 3452 2620 3521 potius
2678 3451 2745 3506 ad
2801 3467 2935 3507 oves
2991 3453 3231 3522 perditas
3282 3455 3478 3509 domus

1902 3542 2068 3599 Israel
2093 3544 2159 3598 ⁸⁸.
2202 3562 2222 3597 ι
2268 3544 2400 3599 Cum
2440 3553 2621 3599 autem
2650 3560 2718 3600 ex
2764 3544 3023 3614 singulari
3066 3546 3324 3613 amentia,
3353 3561 3477 3601 eum

1904 3635 1995 3705 qui
2026 3636 2092 3689 ad
2125 3635 2228 3690 hoc
2261 3634 2429 3702 venit,
2461 3650 2558 3689 sua
2589 3634 2978 3705 inobedientia,
3011 3636 3195 3690 miseri
3233 3636 3479 3690 homines

1906 3723 2219 3779 atl'ecissent
2249 3725 2447 3796 insigni
2482 3724 2832 3788 contumelia,
2874 3724 3283 3794 transmigravit
3326 3725 3479 3779 dein-

1905 3818 2033 3887 ceps
2060 3816 2126 3871 ad
2167 3824 2378 3885 gentes,
2413 3826 2468 3869 et
2509 3815 2638 3871 laeti
2671 3825 2799 3870 sunt
2822 3814 2995 3871 ultimi
3034 3816 3215 3886 primi,
3247 3826 3301 3871 et
3319 3817 3477 3885 primi

1908 3911 2106 3966 ultimi.
2140 3909 2278 3966 Hinc
2301 3920 2356 3965 et
2403 3913 2667 3981 propheta
2709 3926 2872 3975 nunc,
2905 3911 3103 3981 quippe
3148 3914 3233 3967 vir
3272 3912 3475 3982 Spiritu

1907 4000 2146 4067 amatus,
2178 4012 2232 4058 et
2281 4003 2583 4057 finurorum
2623 4003 2852 4057 scientia
2873 4043 2890 4068 ,
2944 4002 3061 4058 face
3091 4004 3418 4073 praelucente
3446 4019 3479 4058 e

1902 4095 2173 4163 superuis,
2219 4095 2442 4158 ditatus,
2518 4094 2752 4163 primum
2811 4096 3139 4150 mentionem
3185 4094 3319 4150 facit
3349 4111 3478 4166 gen-

1904 4186 2060 4251 tium,
2089 4186 2211 4240 dein
2245 4196 2364 4255 post
2396 4186 2539 4249 illas,
2576 4185 2806 4249 lsraelis,
2861 4196 3045 4256 utpote
3070 4188 3161 4256 qui
3197 4187 3474 4256 proiectus

1901 4288 1985 4331 est
2010 4276 2039 4330 a
2070 4286 2222 4347 tergo
2262 4293 2472 4341 eorum,
2503 4277 2599 4345 qui
2642 4291 2739 4347 per
2776 4277 2931 4332 [idem
2970 4277 3296 4333 sanctificati
3327 4290 3473 4346 sunt,

1902 4377 1955 4421 et
2002 4369 2054 4422 in
2101 4372 2262 4425 dorso
2310 4370 2518 4438 positus
2567 4381 2651 4424 est
2690 4378 2744 4426 et
2785 4371 2928 4426 inter
2966 4369 3245 4441 reliquias,
3292 4386 3479 4441 quem-

1903 4462 2194 4516 admodum
2222 4462 2485 4530 scriptnm
2509 4470 2614 4515 est.

206 4547 491 4614 μέμνηται
520 4544 629 4597 τῶν
662 4543 850 4610 ἐθνῶν,
875 4540 993 4598 εἶτα
1021 4544 1138 4615 μετ’
1161 4545 1404 4609 ἐκείνους
1426 4545 1520 4599 τοῦ
1551 4546 1788 4618 Ἰσραὴλ,
1829 4550 1904 4614 ὡς
1961 4553 2291 4625 ἐρριμμένου
2348 4554 2578 4608 κατόπιν
2599 4555 2707 4609 τῶν
2733 4555 2821 4610 διὰ
2846 4554 3083 4618 πίστεως
3106 4554 3473 4626 ήγιασμένων,

202 4638 528 4707 τεθειμένου
556 4654 616 4691 τε
638 4638 718 4705 είς
738 4636 905 4691 νῶτον
937 4637 1031 4690 καὶ
1052 4639 1111 4691 ἐν
1132 4641 1243 4701 τοῖς
1267 4636 1625 4708 περιλοίποις.
1648 4640 1789 4694 κατὰ
1825 4642 1885 4695 τὸ
1919 4646 2318 4717 γεγραμμένον.
3186 4648 3195 4655 ⁷’

273 4728 391 4783 Καὶ
424 4726 561 4795 ἀρεῖ
579 4728 832 4799 σημεῖον
856 4731 944 4795 εἰς
973 4730 1042 4784 τὰ
1064 4729 1231 4797 ἔθνη,
1259 4729 1359 4783 καὶ
1386 4729 1641 4795 συνάξει
1663 4732 1804 4799 τοὺς

1983 4739 2144 4797 Vsus.
2179 4738 2267 4794 12.
2302 4738 2369 4793 Et
2393 4737 2539 4793 tollet
2561 4738 2768 4808 signum
2798 4738 2852 4792 in
2880 4745 3078 4806 genter,
3104 4744 3168 4794 ct
3187 4753 3474 4809 congrega-

201 4820 631 4888 ἀπολομένους
674 4820 916 4901 Ἰσραὴλ
937 4860 953 4884 ,
991 4820 1089 4874 καί
1142 4820 1284 4888 τοὺς
1321 4821 1799 4892 διεσπαρμένους

1907 4829 1967 4883 bit
2001 4830 2229 4897 perditos
2255 4827 2497 4891 lsraelis,
2516 4836 2565 4882 et
2578 4829 2843 4898 dispersos
2862 4827 3010 4882 Juda
3029 4836 3173 4898 coget
3190 4846 3222 4884 a
3242 4840 3474 4900 quatuor

204 4913 316 4967 τοῦ
360 4911 565 4967 Ἰούδα
592 4911 845 4976 συνάξει
888 4912 958 4965 ἐκ
1001 4910 1121 4965 τῶν
1151 4910 1463 4980 τεσσάρων
1489 4914 1800 4983 πτερύγων

1907 4920 1998 4975 uti:
2037 4931 2234 4975 terrae:
2269 4932 2319 4975 et
2356 4919 2628 4989 auferetur
2657 4919 2799 4973 zelus
2844 4917 3133 4989 Ephraint.
3179 4927 3229 4973 et
3260 4919 3465 4974 inimici

204 5003 321 5071 τῆς
351 5002 489 5072 τῆς.
519 5002 624 5059 Kal
654 5003 1113 5073 ἀφαιρεθήσεται
1136 5006 1170 5058 ὁ
1198 5001 1375 5070 ζῆλος
1409 5004 1679 5072 Ἕφραῒμ,
1701 5005 1798 5057 καὶ

1907 5011 2043 5065 Iuda
2059 5012 2317 5079 peribunt,
2344 5023 2392 5065 et
2426 5011 2683 5081 Ephraiut
2728 5027 2831 5066 non
2880 5011 3219 5068 mmulabitur
3245 5011 3469 5076 Iudam,

202 5096 258 5147 οἱ
288 5093 496 5160 ἐχθροὶ
536 5092 721 5147 Ἰούδα
751 5093 1142 5148 ἀπολοῦνται.
1163 5094 1415 5163 Ἐςρραῒμ
1445 5098 1517 5151 οὺ
1551 5096 1800 5165 ζηλώσει

1907 5114 1944 5156 η
1973 5100 2148 5155 ludas
2173 5118 2279 5157 non
2302 5103 2491 5173 afﬂiget
2523 5102 2799 5173 Ephraim.

215 5182 473 5245 Ἰούδαν,
500 5181 597 5235 καὶ
640 5181 871 5247 Ἰούδας
898 5183 970 5234 οὐ
997 5182 1199 5251 θλίψει
1237 5183 1505 5253 Ἐφραΐμ.

277 5272 608 5343 Παραδόξως
639 5274 770 5344 ἡμῖν
817 5273 845 5324 ὁ
892 5274 1180 5344 προφήτης
1233 5274 1326 5333 τὸν
1373 5274 1430 5327 ἔν
1476 5293 1539 5343 γε
1583 5276 1795 5341 τούτοις

206 5363 456 5431 μάλιστα
472 5362 815 5434 διαπεραίνει
839 5363 1017 5432 λόγον.
1042 5366 1267 5436 Δέχεται
1289 5365 1396 5437 γὰρ
1424 5366 1486 5420 τὸ
1508 5366 1795 5438 ἱστορικῶς

204 5454 437 5521 γεγονὸς
482 5456 559 5517 εἰς
609 5454 795 5509 εἰκόνα
840 5456 1168 5527 πράγματος
1216 5457 1443 5527 νοητοῦ·
1490 5458 1685 5529 χρῆναι
1733 5458 1791 5512 δὲ

203 5541 365 5613 οἶμαι
411 5544 488 5608 ὡς
535 5545 613 5598 ἔνι
661 5546 835 5603 εἰπεῖν
880 5545 1161 5601 καὶτοῦτο
1189 5547 1477 5620 λαμπρῶς.
1514 5548 1794 5615 Διεδέξατο

205 5636 320 5707 γὰρ
347 5637 446 5707 τὴν
475 5636 816 5706 Σολομῶντος
844 5637 1018 5709 ἀρχὴν
1060 5638 1090 5690 ὁ
1137 5639 1195 5705 ἐξ
1218 5638 1384 5693 αὑτοῦ
1411 5638 1646 5709 γεγονὼς
1678 5641 1795 5693 Ῥο-

283 5788 331 5819 ⁸⁵
356 5786 497 5843 Psal.
533 5805 593 5853 ll,
624 5789 675 5843 6.
753 5790 798 5819 “
826 5788 1013 5844 Matth.
1044 5807 1099 5854 χ,
1128 5793 1183 5858 5,
1212 5792 1267 5847 6.

535 5880 811 5943 Ρηῖιιοι..
861 5881 977 5941 Gn.
1069 5882 1266 5941 LXX.

1970 5273 2241 5345 Propheta
2271 5287 2577 5331 sermonem
2609 5275 2755 5331 hunc
2787 5276 2936 5331 hisce
2977 5276 3161 5332 verbis
3206 5274 3471 5331 mirabili.

1903 5373 1985 5420 ter
2018 5366 2273 5433 pertexit.
2306 5364 2484 5420 Sumit
2515 5364 2659 5419 enim
2690 5368 2834 5435 quod
2871 5367 3127 5423 historice
3154 5365 3352 5421 factum
3388 5377 3470 5421 est
3524 5391 3533 5397 ε

1899 5458 1968 5511 ad
2008 5455 2296 5526 imaginem
2337 5455 2742 5513 describendam
2788 5458 2863 5513 rei
2911 5459 3011 5514 sub
3061 5458 3466 5528 intelligentiam

1900 5546 2165 5604 cadentis.
2224 5548 2390 5617 ldque
2419 5550 2704 5606 dicendum
2730 5563 2849 5604 esse
2894 5549 3155 5613 arbitror,
3197 5557 3468 5618 quatenus

1902 5640 2045 5706 licet,
2082 5639 2333 5695 dilucide.
2364 5641 2517 5710 Cepit
2550 5642 2692 5697 enim
2725 5653 2945 5709 regnum
2978 5637 3282 5693 Solomonis
3306 5644 3468 5691 natus

3038 5875 3105 5934 11
