2371 3246
133 3050 137 3054 ”
169 3058 190 3075 ει

38 3106 44 3111 .
138 3088 145 3113 1
176 3089 213 3114 ῗῖ

99 3217 113 3222 -
146 3221 151 3225 ,
193 3214 200 3235 λ

644 235 695 262 351

1142 227 1171 255 S.
1192 225 1329 254 CY‘itILLI
1351 221 1582 252 ALEXANDRINI
1605 220 1762 249 ARCIllEP.

2227 217 2280 243 ὅδὲ

644 295 702 327 t'jus
727 292 891 321 Boboamus,
916 297 930 315 a
952 295 1006 323 quo
1029 287 1145 315 dissecta
1169 291 1211 313 est
1238 286 1265 312 in
1290 284 1432 312 dissidium
1448 286 1470 314 Α
1485 281 1573 316 6οάμ¹

1344 284 1432 311 tidium
1448 286 1470 314 Α
1485 281 1557 316 δοάμ
1566 289 1573 296 '
1588 279 1752 314 κατεσχίσθη
1763 278 1792 305 δὲ
1806 277 1874 313 πρὸς
1885 277 2017 311 διχόνοιαν
2029 275 2076 302 ἀπ’
2087 274 2172 302 αὐτοῦ
2188 275 2217 301 τὸ
2227 275 2280 300 τῶν

643 326 709 372 gens
720 335 843 367 Jndaica,
863 338 890 361 et
915 333 1008 360 det-em
1032 331 1119 358 tribus
1135 337 1197 357 cum
1224 328 1334 356 dimidia
1359 326 1430 354 tribu

644 371 771 417 lilphraim
788 380 1001 414 connnigrarnnt
1028 376 1180 403 Samariam
1205 384 1213 401 :
1238 371 1432 408 Hierosolymis

644 415 708 455 rcro
732 426 863 455 retnansit
888 424 976 451 tribus
993 421 1072 452 Juda.
1088 425 1115 447 et
1135 419 1244 447 dimidia
1266 417 1352 445 tribus
1374 415 1430 442 Ma-

645 474 742 501 nassis.
765 472 976 506 chnaruntqne
991 467 1110 494 vicissim
1124 464 1203 492 statis
1218 462 1394 498 temporibus,
1406 465 1433 488 et

645 521 739 547 horum
756 522 784 546 et
808 517 915 544 illorum
941 513 1045 548 aliquot
1070 520 1077 539 :
1107 509 1310 545 Hierosolymis,
1329 507 1374 543 qui
1399 514 1432 534 ex

646 565 716 592 tribu
737 563 816 595 Juda,
842 563 868 589 in
892 560 1012 589 Samaria
1039 566 1103 586 vero
1131 557 1176 592 qui
1202 564 1234 584 ex
1259 556 1330 582 tribu
1354 558 1433 582 erant

647 611 786 645 Ephraim.
801 609 834 637 Et
843 615 943 642 utagna
957 606 1060 634 interea
1081 604 1131 631 loci
1152 602 1232 638 205
1251 603 1322 629 inter
1342 605 1433 635 partes

647 656 773 685 etl‘erhtnt
799 653 953 685 aemulatio,
978 651 1046 679 bella
1070 650 1178 682 crebra,
1211 653 1238 676 et
1263 647 1376 675 aliorum
1405 646 1432 673 in

646 702 714 729 alios
738 699 868 728 tumultus
894 703 921 726 et
947 697 1165 726 incursationes,
1201 693 1280 721 sienti
1308 693 1334 720 in
1357 691 1434 719 libris

649 748 805 783 Regnorum
822 746 923 773 diserte
942 743 1097 778 exponitur.
1120 740 1169 768 Ubi
1191 745 1280 766 autem
1303 737 1432 770 Chaldaei,

645 799 673 822 et
688 793 833 828 Babylonis
854 790 970 819 Persicae
993 795 1081 823 reges,
1108 787 1261 814 universam
1284 791 1376 819 prope,
1405 787 1435 810 ut

646 842 683 868 ila
699 839 832 870 dixerim,
856 837 975 865 Judmam
994 835 1191 865 devastassenl,
1209 833 1236 859 in
1261 839 1336 859 suam
1363 830 1434 865 ipso-

646 896 704 915 rum
736 892 847 918 terram,
872 889 926 911 tum
948 883 1088 912 lsraelem.
1117 886 1173 907 tum
1197 878 1292 905 .lndam
1315 876 1435 911 captivos

646 934 829 964 abduxerunt,
850 931 876 959 id
891 934 943 963 est,
962 934 1015 956 tam
1028 935 1075 955 eos
1097 927 1181 962 quiin
1201 924 1334 956 Samaria,
1353 929 1433 957 quam

1492 326 1627 353 Ἰουδαίων
1642 324 1718 356 ἔθνος
1728 332 1734 339 ·
1750 324 1798 351 καὶ
1812 324 1840 350 αί
1856 323 1906 358 μὲν
1917 322 1983 349 δέκα
1995 322 2076 356 φυλαὶ
2088 322 2137 347 καὶ
2154 321 2184 347 re
2195 321 2280 355 ἣμισυ

1486 372 1572 407 φυλῆς
1590 370 1711 407 Ἐφραῗμ
1728 369 1938 405 μετῳκίσθησαν
1955 368 1984 393 ἐν
2000 369 2033 402 τῇ
2046 366 2202 402 Σαμαρείᾳ,
2214 367 2243 391 ὲν
2253 364 2280 390 δέ

1486 426 1517 452 γε
1531 419 1587 449 τοῖς
1603 416 1799 452 Ἰεροσολύμοις
1814 413 2027 449 ἀπομεμένηκεν
2050 414 2066 448 ὴ
2089 412 2176 438 Ἰούδα
2197 411 2280 445 φυλὴ,

1486 462 1533 489 καὶ
1553 462 1584 488 τδ
1597 462 1683 497 ἥμισυ
1704 460 1792 496 φυλῆς
1805 457 2135 495 Μανασσῆ.Ἐ6ασίλευόν
2156 465 2187 482 τε
2209 455 2281 482 κατὰ

1486 508 1599 544 καιροὺς
1622 506 1724 533 τούτων
1739 515 1769 533 τε
1786 505 1922 533 κάκείνων
1941 504 2026 535 τινές
2044 504 2073 530 ὲν
2089 504 2138 537 μὲν
2152 503 2210 533 τοῖς
2229 502 2280 528 Ἰε-

1487 553 1656 590 ροσολύμοις,
1665 553 1689 579 οἱ
1702 553 1735 578 ὲκ
1745 551 1831 588 φυλῆς
1850 550 1945 577 Ἰούδα·
1957 551 1985 576 ὲν
1994 549 2022 575 δέ
2030 557 2061 583 γε
2075 549 2109 583 τῇ
2125 546 2279 583 Σαμαρείᾳ,

1485 601 1510 627 οἱ
1537 601 1569 626 ὲκ
1593 599 1680 634 φυλῆς
1695 598 1826 634 Ἐφραίμ·
1841 597 1890 623 καὶ
1905 596 1989 627 πολὺς
2004 595 2018 621 ὁ
2034 594 2136 630 μεταξὺ
2158 595 2215 624 τοῖς
2231 592 2281 628 μέ-

1489 653 1562 680 ρεσιν
1579 643 1720 671 ἀνεκαίετο
1743 641 1835 677 ζῆλος,
1853 639 1969 675 πόλεμοί
1988 647 2018 665 τε
2035 638 2140 672 συχνοὶ,
2156 636 2205 662 καὶ
2218 636 2280 662 κατ’

1486 690 1608 725 ἀλλήλων
1635 688 1848 719 ἐπαναστάσεις,
1865 685 1939 717 καθᾲ
1966 685 2013 711 καὶ
2037 685 2066 711 ὲν
2096 683 2200 718 βίϐλοις
2226 681 2281 707 τῶν

1488 736 1635 763 Βααλειῶν
1661 735 1834 770 διηγόρευται
1859 732 1963 767 σαφῶς.
1972 730 2082 765 Ἐπειδὴ
2104 729 2133 756 δὲ
2151 728 2281 755 Χαλδαῖοι

1486 783 1534 809 καὶ
1558 782 1583 808 oi.
1608 780 1766 812 Βαϐυλῶνος
1793 779 1844 814 τῆς
1870 777 2007 813 Περσικῆς
2037 774 2279 812 βεϐασιλευκόσες,

1488 828 1606 860 ἅπασαν,
1620 827 1657 859 ὡς
1673 826 1736 858 ἔπος
1756 827 1853 857 εἰπεῖν,
1870 825 1919 860 τὴν
1938 823 2068 851 Ἰουδαίαν
2086 820 2281 856 καταδῃώσαν-

1488 882 1543 905 τες,
1561 872 1733 907 ἀπεκύμισαν
1751 870 1923 906 αἰχμάλωτον
1938 870 1977 901 είς
1991 869 2041 904 τὴν
2062 867 2168 895 ἑαυτῶν
2185 868 2232 895 τόν
2250 875 2280 893 τε

1494 919 1602 955 Ἰσραὴλ
1627 918 1674 945 καὶ
1694 918 1740 945 τὸν
1762 917 1876 949 Ἰούδαν,
1901 915 1973 943 τοῦτ’
1988 915 2057 947 ἐστι,
2070 914 2134 945 τούς
2151 922 2180 940 τε
2201 913 2231 940 ἑν
2244 913 2277 947 τῇ

929 957 1071 1010 degebant.
1090 957 1154 999 Dicin
1179 970 1283 998 liberati
1299 977 1332 995 ex
1348 968 1433 1003 capti-
1450 967 1471 995 Β
1486 967 1582 1001 Σαμαρ

1348 968 1433 1003 capti-
1450 967 1471 995 Β
1486 965 1627 1001 Σαμαρείᾳ
1638 985 1645 996 ,
1660 965 1706 991 καὶ
1725 964 1788 995 τοὺς
1806 964 1835 990 ἐν
1856 964 1912 993 τοῖς
1930 960 2137 997 Ἰεροσολύμοις·
2155 957 2214 986 εἶτα
2229 958 2278 992 τῆς

647 1026 741 1057 vitate,
758 1025 847 1052 denuo
871 1021 974 1050 reversi
992 1024 1056 1047 sunt
1082 1019 1108 1046 in
1133 1025 1209 1045 suam
1236 1016 1383 1050 regionem,
1409 1019 1436 1041 et

649 1070 804 1098 habitarunt
828 1075 882 1095 non
906 1066 1022 1101 sparsim
1048 1068 1075 1091 et
1102 1062 1208 1090 divisim
1236 1060 1360 1096 amplius,
1388 1060 1434 1086 sed

649 1114 843 1149 Hierosolymis
860 1119 966 1143 omnes,
979 1113 1175 1142 cessaruntque
1193 1106 1338 1141 separatim
1359 1110 1436 1138 reges

649 1160 701 1188 sibi
715 1168 746 1187 ac
761 1159 895 1194 principes
909 1162 1019 1190 ungere,
1041 1159 1068 1181 et
1082 1154 1150 1180 alter
1161 1152 1274 1179 alterum
1296 1150 1436 1183 aﬂlictare,

650 1214 681 1235 ac
692 1206 824 1238 invidere,
840 1204 911 1231 sicut
932 1202 1017 1237 prius.
1050 1199 1156 1228 Subditi
1182 1198 1253 1225 enim
1279 1201 1357 1224 erant
1382 1200 1438 1222 tum

651 1253 695 1280 uni
716 1249 875 1279 Zorohaheli
901 1249 957 1276 (ilio
984 1245 1148 1277 Salathielis,
1177 1243 1223 1279 qui
1252 1246 1311 1270 erat
1332 1249 1348 1269 e
1368 1241 1438 1268 tribu

649 1298 727 1330 Juda,
745 1303 800 1324 tum
813 1300 841 1323 et
857 1294 920 1322 Jcsu
937 1294 991 1321 lilio
1006 1292 1146 1322 .losedech,
1160 1290 1204 1324 qui
1218 1287 1369 1316 sacerdotio
1384 1286 1439 1313 cla-

652 1345 715 1372 ruit.
733 1344 766 1371 Et
792 1343 849 1370 haec
876 1340 983 1376 quidem
1011 1343 1053 1367 est
1075 1339 1102 1365 in
1123 1336 1166 1364 his
1192 1334 1319 1363 historica
1342 1332 1437 1359 oratio.

651 1391 793 1426 Prophetce
808 1393 897 1416 autem
914 1385 1056 1415 consilium
1072 1389 1099 1411 et
1111 1389 1209 1418 scopus
1228 1381 1287 1413 lnit,
1302 1384 1330 1406 ut
1344 1386 1377 1406 ex
1395 1385 1438 1405 re-

652 1436 703 1463 bus
717 1432 940 1464 evidentioribus,
957 1436 984 1458 et
1003 1438 1036 1457 ex
1054 1429 1107 1457 illis
1129 1435 1188 1463 qua:
1202 1426 1265 1454 olim
1281 1428 1438 1456 evenerunt,

653 1480 807 1508 Servatoris
840 1477 927 1506 nostri
958 1477 1090 1503 adventus
1120 1473 1263 1509 pratclaras
1290 1478 1333 1498 res
1350 1474 1440 1504 gestas

653 1527 817 1555 ostenderet.
836 1525 934 1552 Erecto
957 1522 1057 1550 etenim
1082 1521 1169 1555 signo,
1193 1519 1218 1545 id
1248 1522 1298 1550 est,
1325 1515 1440 1551 pretiosa

654 1580 746 1604 cruce,
767 1576 793 1598 et
810 1577 857 1604 per
873 1568 1030 1596 universum
1049 1565 1141 1593 orbem
1164 1570 1297 1592 terrarum
1321 1560 1442 1597 gentibus

654 1626 686 1646 nc
700 1617 805 1652 populis
816 1615 947 1647 exhibito,
961 1613 1032 1641 facta
1050 1616 1093 1640 est
1106 1618 1200 1639 eorum
1215 1610 1259 1645 qni
1274 1608 1440 1644 captivitate,
1453 1632 1477 1663 ο

654 1663 779 1690 videlicet
804 1659 974 1695 intelligibill,
991 1658 1191 1689 detinebantur,
1213 1655 1348 1687 remissio,
1369 1661 1441 1680 con-

655 1716 752 1736 cursus
767 1707 799 1734 ad
815 1705 998 1738 concordiam,
1015 1703 1135 1730 studium
1150 1702 1183 1728 ad
1198 1701 1349 1728 animorum
1364 1698 1440 1726 ﬁdei-

655 1758 709 1787 que
720 1751 937 1781 consensionem,
953 1749 1023 1776 inter
1039 1755 1097 1779 eos,
1115 1746 1160 1781 qui
1174 1745 1238 1773 olim
1251 1744 1328 1772 divisi
1353 1747 1440 1775 erant,

656 1798 700 1832 qui
713 1795 858 1823 multorum
874 1802 905 1822 ac
919 1794 1061 1829 impiorum
1076 1790 1322 1827 tyrannorumjngo
1331 1795 1442 1823 oppres-

657 1842 678 1869 si
703 1841 863 1877 (servierunt
883 1840 953 1867 enim
988 1838 1101 1872 impuris
1123 1835 1272 1872 spiritibus)
1289 1842 1382 1862 eorum
1398 1832 1443 1867 ju-

657 1895 718 1923 gum
734 1886 906 1921 depulerunt.
920 1889 947 1912 et
962 1885 995 1911 ad
1017 1884 1081 1911 Sion
1109 1881 1304 1916 intelligihilem
1328 1887 1375 1907 seu
1403 1878 1445 1907 Je-

658 1932 782 1964 rusalem,
801 1933 826 1959 id
843 1936 895 1963 est.
912 1929 1072 1961 Ecclesiam,
1096 1935 1201 1956 summa
1218 1934 1279 1954 cum
1305 1925 1444 1953 alacritate

661 1979 869 2010 conﬂuxerunt,
897 1977 997 2011 unique
1025 1975 1079 2010 regi
1112 1973 1211 2001 subditi
1238 1976 1315 2004 Sunt,
1345 1971 1370 1998 id
1391 1975 1443 2001 est,

663 2025 784 2055 Christo.
799 2024 876 2059 cujus
897 2027 988 2057 typum
1006 2029 1060 2056 pra:
1074 2028 1103 2047 se
1123 2019 1207 2055 gessit
1223 2017 1382 2049 Zorobabel,
1404 2024 1445 2043 re-

662 2072 764 2098 ducens
777 2078 810 2098 ex
824 2069 981 2104 captivitate
1000 2066 1137 2098 lsraelem,
1160 2069 1286 2091 versante
1313 2071 1373 2091 cum
1399 2062 1446 2090 illo

659 2117 739 2143 etiam
755 2116 819 2143 Iesu
842 2114 982 2142 sacerdote
1007 2119 1115 2147 magno,
1132 2115 1161 2138 ut
1182 2111 1208 2137 in
1229 2117 1261 2137 eo
1282 2109 1446 2144 intelligatur

659 2162 796 2193 Christus,
808 2168 855 2188 rex
867 2159 970 2194 pariter
983 2162 1010 2185 et
1020 2157 1158 2188 sacerdos,
1175 2160 1294 2187 sanctus,
1306 2155 1444 2187 innocens,

661 2206 827 2241 impollutus,
848 2207 1005 2239 segregatus
1027 2209 1043 2230 ιι
1063 2201 1259 2237 peccatoribus.
1275 2205 1302 2228 et
1316 2199 1446 2227 excelsior

661 2251 737 2280 caelis
755 2252 853 2283 factus,
870 2249 949 2277 sicuti
965 2247 1052 2283 inquit
1066 2247 1172 2274 divinus
1192 2245 1292 2273 Paulus
1309 2246 1342 2273 ’⁷.
1369 2245 1445 2278 Quod

1487 1009 1674 1045 αἰχμαλωσίας
1696 1007 1913 1044 ἀπηλλαγμένοι.
1932 1006 2013 1032 πάλιν
2036 1005 2225 1040 ὑπενόστησαν
2240 1004 2281 1034 είς

1487 1057 1536 1092 τὴν
1561 1055 1677 1087 ἑαυτῶν,
1689 1054 1735 1081 καὶ
1762 1053 1957 1088 κατῳκήκασιν
1982 1051 2074 1078 οὐκέτι
2096 1050 2280 1087 διῃρημένως,

1487 1102 1545 1128 ἀλλ’
1561 1103 1590 1128 ὲν
1617 1101 1673 1132 τοῖς
1692 1098 1886 1135 Ἰεροσολύμοις
1914 1098 2051 1129 ἅπαντες·
2074 1096 2230 1123 ἐπαύσαντο
2253 1095 2281 1121 δὲ

1487 1148 1534 1174 τοῦ
1548 1148 1595 1174 καὶ
1608 1146 1659 1174 ἀνὰ
1674 1146 1706 1181 μέ
1712 1154 1757 1181 ρος
1773 1145 1861 1181 χρίειν
1877 1144 1919 1178 ἐφ’
1931 1145 2037 1176 ἑαυτοῖς
2053 1142 2183 1179 βασιλέας
2194 1151 2224 1169 τε
2236 1142 2282 1168 καὶ

1488 1195 1631 1230 ἄρχοντας,
1651 1192 1753 1219 θλίϐειν
1768 1200 1797 1218 τε
1809 1191 1952 1227 ἀλλήλους,
1969 1191 2016 1218 καὶ
2032 1189 2131 1226 ζηλοῦν
2147 1189 2198 1220 ἔτι,
2211 1190 2283 1215 καθὰ

1489 1241 1536 1267 καὶ
1560 1239 1704 1274 πρότερον,
1722 1238 1781 1272 Ὑφ’
1799 1237 1838 1264 ἐνὶ
1867 1237 1920 1272 γὰρ
1946 1237 2075 1271 γεγόνασι
2096 1235 2127 1262 τὸ
2154 1235 2282 1270 τηνικάδε

1490 1284 1650 1320 Ζωροὸάόελ
1663 1283 1703 1318 τῷ
1716 1282 1762 1309 τοῦ
1783 1282 1929 1318 Σαλαθιήλ,
1944 1282 1973 1313 ὃς
1984 1280 2018 1318 ἦν
2032 1283 2064 1308 ὲκ
2080 1281 2166 1316 φυλῆς
2184 1280 2282 1312 Ἰούδα,

1490 1330 1536 1356 καὶ
1551 1329 1641 1364 μέντοι
1658 1329 1704 1355 καὶ
1727 1328 1814 1363 Ἰησοῦ
1830 1328 1867 1363 τῷ
1880 1327 1927 1355 τοῦ
1944 1327 2068 1354 Ἰωσεδὲκ
2082 1327 2121 1362 τῷ
2135 1326 2282 1362 προῦχοντι

1491 1374 1551 1401 καθ’
1565 1374 1725 1410 ἱερωσύνην.
1738 1373 1793 1400 Καὶ
1815 1373 1828 1399 ὁ
1852 1374 1901 1409 μὲν
1918 1373 1968 1408 τῆς
1985 1372 2106 1408 ἱστορίας
2126 1372 2156 1398 ὲν
2177 1371 2283 1402 τούτοις

1490 1421 1578 1455 λόγος.
1593 1420 1690 1454 Γέγονε
1703 1419 1731 1446 δὲ
1745 1419 1785 1455 τῷ
1796 1420 1923 1455 προφήτῃ
1935 1419 2044 1451 σκοπὸς,
2058 1419 2097 1450 ὠς
2109 1419 2142 1444 ἐκ
2155 1418 2284 1453 πραγμά-

1493 1475 1547 1493 των
1563 1466 1773 1501 ὲμφανεστέρων
1789 1466 1836 1492 καὶ
1852 1466 1883 1491 ὲκ
1900 1465 1952 1492 τῶν
1966 1466 2022 1496 τοῖς
2045 1464 2126 1492 πάλαι
2142 1463 2282 1499 συμϐεϐη-

1493 1511 1579 1538 κότων
1593 1513 1642 1546 τῆς
1658 1510 1705 1537 τοῦ
1722 1510 1847 1545 Σωτῆρος
1863 1509 1941 1545 ἡμῶν
1957 1509 2105 1544 ἐπιδημίας
2126 1508 2282 1541 καταδεῖξαι

1491 1558 1525 1584 τὰ
1550 1556 1759 1592 κατορθώματα.
1779 1555 1980 1592 Ἐγηγερμένου
2004 1556 2059 1591 γὰρ
2082 1555 2128 1582 τοῦ
2156 1554 2282 1590 σημείου,

1492 1603 1563 1630 τοῦτ’
1581 1603 1649 1635 ἐστι,
1666 1602 1714 1629 τοῦ
1729 1602 1820 1637 τιμίου
1840 1601 1969 1637 σταυροῦ,
1986 1602 2033 1627 καὶ
2048 1600 2188 1636 ἐμφανοῦς
2209 1608 2283 1634 γεγο-

1492 1649 1567 1681 νότος
1578 1650 1634 1680 τοῖς
1649 1648 1700 1675 ἀνὰ
1722 1649 1812 1675 πᾶσαν
1832 1647 1882 1683 τὴν
1896 1647 2059 1683 οἰκουμένην
2082 1646 2172 1674 ἔθνεσί
2187 1655 2218 1673 τε
2239 1648 2283 1673 καὶ

1491 1694 1574 1725 λαοῖς,
1591 1693 1702 1728 γέγονεν
1726 1693 1823 1728 ἄφεσις
1840 1692 1894 1719 τῶν
1914 1693 1944 1719 ὲν
1959 1692 2135 1728 αἰχμαλωσίᾳ
2151 1692 2242 1727 (δῆλον
2255 1692 2282 1718 δὲ

1491 1739 1531 1766 ὅτι
1546 1740 1578 1774 τῇ
1591 1738 1694 1774 νοητῇ),
1710 1738 1845 1773 συνδρομὴ
1854 1737 1920 1773 πρὸς
1929 1737 2091 1772 όμοψυχιαν,
2103 1737 2206 1772 σπουδὴ
2216 1738 2283 1773 πρὸς

1492 1784 1617 1820 ὁμόνοιαν
1636 1785 1683 1811 καὶ
1698 1783 1860 1819 ὀμοπιστίαν
1874 1783 1928 1810 τῶν
1950 1783 2036 1810 πάλαι
2054 1782 2240 1819 διῃρημένων
2258 1783 2281 1808 οι

1493 1831 1600 1862 πολλοῖς
1622 1839 1652 1857 τε
1680 1831 1727 1858 καί¹
1748 1830 1866 1861 ἀνοσίοις
1896 1830 2041 1865 τυράννοις
2068 1829 2282 1865 κατεξευγμένοι

1494 1876 1692 1912 (δεδουλεύκασι
1700 1876 1754 1911 γὰρ
1761 1877 1818 1907 τοῖς
1832 1875 1998 1911 ἀκαθάρτοις
2006 1875 2164 1910 πνεύμασι),
2174 1875 2282 1902 ἀπεσεί-

1495 1930 1576 1948 σαντο
1592 1921 1641 1956 μὲν
1652 1921 1699 1947 τὸν
1712 1921 1823 1947 ἐκείνων
1838 1920 1932 1955 ζυγὸν,
1946 1920 2185 1956 συνδεδραμήκασι
2196 1920 2226 1947 δὲ
2239 1919 2283 1947 καὶ

1497 1967 1569 2002 μάλα
1591 1966 1738 2002 προθύμως
1756 1968 1796 1996 είς
1812 1966 1861 2002 τὴν
1877 1966 1975 2002 νοητὴν
1990 1965 2070 1999 Σιὼν,
2084 1966 2170 2000 ἤγουν
2187 1966 2283 2001 Ἰερου-

1497 2013 1595 2048 σαλὴμ,
1611 2011 1685 2038 τοῦτ’
1700 2012 1767 2041 ἐστι,
1781 2012 1830 2047 τὴν
1849 2012 2022 2048 Ἐκκλησίαν,
2036 2013 2083 2039 καὶ
2095 2012 2141 2047 ὑφ’
2157 2011 2197 2038 ἑνὶ
2208 2011 2283 2046 γεγό·

1495 2067 1556 2085 νασι
1575 2057 1688 2092 βασιλεῖ,
1704 2056 1775 2084 τοῦτ’
1790 2057 1848 2083 ἐστι
1861 2056 1982 2092 Χριστῷ,
2001 2053 2031 2084 οὗ
2048 2055 2095 2083 καὶ
2112 2056 2153 2088 είς
2169 2056 2255 2083 τύπον
2269 2056 2282 2082 ὁ

1495 2104 1656 2140 Ζωροόάὸελ
1671 2103 1715 2140 ἦν,
1730 2104 1903 2139 ἁνακομίζων
1918 2104 1950 2131 ὲκ
1966 2104 2016 2140 τῆς
2028 2104 2219 2140 αίχμαλωσίας
2242 2103 2282 2130 τὸν

1502 2150 1609 2186 Ἰσραὴλ
1633 2150 1757 2181 συνόντος
1782 2150 1856 2185 αὐτῷ
1877 2150 1925 2177 καὶ
1944 2149 2033 2185 Ἰησοῦ
2053 2149 2101 2176 τοῦ
2127 2149 2224 2185 ἱερέως
2239 2149 2282 2176 καὶ

1497 2196 1625 2232 μεγάλου,
1642 2196 1674 2222 ἵν’
1689 2196 1718 2222 ὲν
1733 2195 1806 2230 αὐτῷ
1820 2196 1915 2231 νοῆται
1931 2195 2049 2231 Χριστὸς
2062 2195 2189 2231 βασιλεύς
2199 2204 2228 2222 τε
2241 2195 2282 2222 καὶ

1496 2242 1641 2277 ἀρχιερεὺς
1653 2260 1660 2272 ,
1677 2242 1765 2272 ὅσιος,
1783 2241 1897 2273 ἄκακος,
1915 2241 2046 2277 ἀμίαντος
2058 2262 2066 2275 ,
2085 2241 2282 2277 κεχωρισμένος

660 2301 749 2324 autem
769 2295 870 2324 Christi
887 2294 1001 2330 lignum,
1017 2293 1043 2320 id
1060 2297 1111 2325 est,
1131 2292 1248 2327 pretiosa
1264 2299 1341 2323 crux,
1367 2291 1445 2325 quasi
1461 2296 1484 2324 ι)
1498 2287 1551 2314 ἀπὸ
1574 2296 1596 2314 τι

1367 2291 1445 2325 quasi
1461 2296 1484 2324 ι)
1498 2287 1551 2314 ἀπὸ
1574 2287 1628 2314 τῶν
1651 2287 1830 2323 ἁμαρτωλῶν,
1843 2288 1891 2314 καὶ
1911 2288 2078 2324 ὑψηλότερος
2094 2288 2150 2315 τῶν
2165 2287 2281 2324 οὐρανῶν

659 2342 826 2370 conciliatrix
850 2345 878 2368 et
899 2339 1042 2367 mediatrix
1059 2338 1149 2371 fuerit,
1168 2342 1197 2364 ut
1213 2338 1344 2364 universae
1368 2341 1447 2364 terra:

661 2388 754 2415 incolae
778 2388 805 2415 in
821 2386 896 2413 ddei
911 2384 1140 2419 consliirationem
1150 2382 1343 2413 coalescerent,
1359 2386 1386 2409 et
1402 2389 1449 2416 per

662 2433 735 2459 illum
748 2433 823 2459 Patri
844 2430 1014 2459 sanctissimo
1034 2429 1128 2456 intime
1146 2436 1178 2455 ac
1194 2427 1341 2454 domestice
1356 2428 1448 2454 conci-

663 2476 803 2508 liarentur,
832 2483 865 2503 ex
889 2475 932 2502 his
963 2480 1022 2508 quae
1052 2471 1163 2506 scripsit
1193 2470 1301 2497 divinus
1331 2469 1449 2497 Joannes

662 2521 835 2556 evangelista,
856 2520 959 2548 clarum
987 2524 1048 2546 esse
1061 2516 1162 2552 poterit
1173 2520 1200 2543 et
1211 2515 1392 2550 perspicuum.
1408 2514 1450 2542 ln-

664 2566 782 2593 troduxit
795 2566 867 2593 enim
886 2564 1057 2592 maledictum
1074 2562 1147 2589 illum
1162 2561 1291 2595 Caipham
1310 2562 1337 2587 in
1357 2561 1449 2587 conci-

665 2610 711 2641 lio,
723 2609 857 2637 dicentem
879 2618 886 2636 :
907 2618 916 2634 ι
938 2608 990 2635 Vos
1004 2607 1116 2635 nescitis
1127 2606 1285 2641 quidquam,
1301 2613 1387 2640 neque
1403 2613 1450 2632 co.

664 2656 756 2690 gitatis
772 2655 898 2689 expedire
919 2654 1001 2689 206
1016 2650 1103 2686 nobis,
1120 2657 1150 2679 ut
1172 2659 1241 2679 unus
1260 2652 1340 2678 homo
1353 2651 1450 2678 moria-

667 2705 711 2726 tur
722 2706 772 2734 pro
785 2699 893 2734 populo,
907 2703 934 2726 et
953 2706 1006 2725 non
1033 2703 1105 2725 totus
1128 2696 1242 2731 populus
1260 2700 1352 2730 pereat
1375 2695 1406 2722 σθ.
1438 2704 1448 2722 ι

665 2744 768 2778 Quibus
778 2743 915 2778 subjunin
931 2752 938 2770 :
956 2752 965 2769 ι
985 2742 1041 2770 Hoc
1057 2746 1147 2769 antem
1163 2741 1231 2768 dixit
1244 2747 1296 2767 non
1318 2747 1332 2767 a
1352 2741 1450 2775 seipso,

665 2789 713 2818 sed
738 2787 866 2816 sacerdos
895 2794 955 2815 cum
982 2793 1054 2815 esset
1079 2787 1142 2815 anni
1172 2787 1253 2821 illius,
1281 2788 1451 2823 prophetarit

666 2833 826 2862 moriturum
839 2839 899 2860 esse
909 2830 999 2860 Juum
1013 2839 1062 2867 pro
1077 2837 1167 2868 gente,
1183 2837 1210 2861 et
1228 2841 1280 2862 non
1303 2841 1351 2869 pro
1370 2839 1449 2870 gente

705 2912 727 2930 "
739 2911 821 2940 Hebr.
833 2918 882 2945 vlt,
896 2910 941 2939 26.
979 2912 1001 2928 ⁸⁸
1013 2911 1090 2940 Joan.
1105 2920 1143 2945 xi,
1158 2911 1202 2940 49.

1497 2332 1626 2367 γεγονὼς,
1644 2332 1715 2359 καθά
1730 2341 1812 2369 φησιν
1826 2334 1840 2359 ὁ
1855 2333 1997 2366 θεσπέσιος
2011 2333 2197 2365 Παῦλος.”οτι
2210 2334 2238 2360 δὲ
2255 2333 2281 2359 τὸ

1497 2378 1616 2414 Χριστοῦ
1636 2379 1759 2414 σημεῖον,
1774 2378 1846 2405 τοῦτ’
1861 2379 1945 2412 ἐστιν,
1959 2379 1973 2405 δ
1991 2379 2083 2415 τίμιος
2109 2379 2226 2415 σταυρὸς
2240 2377 2280 2412 γέ·

1498 2433 1560 2460 γονε
1582 2425 1711 2460 πρόξενος
1734 2424 1782 2451 τοῦ
1811 2424 2004 2460 συνενεχθῆναι
2030 2425 2101 2461 πρὸς
2126 2424 2281 2460 ὸμοπιστίαν

1498 2472 1562 2503 τοὺς
1578 2467 1630 2498 ἀνὰ
1647 2472 1738 2498 πᾶσαν
1762 2470 1812 2506 τὴν
1836 2472 1898 2506 γῆν,
1914 2468 2088 2506 οίκειωθῆναί
2110 2479 2142 2498 τε
2166 2471 2234 2498 οὕτω
2251 2466 2281 2496 δι’

1499 2515 1581 2543 αὑτοῦ
1602 2515 1642 2551 τῷ
1666 2516 1791 2551 παναγίῳ
1813 2516 1911 2551 Πατρὶ,
1930 2515 2015 2551 σαφὲς
2034 2515 2068 2543 ἂν
2085 2516 2190 2550 γένοιτο
2202 2515 2234 2542 δι’
2247 2510 2281 2541 ὦν

1499 2562 1637 2598 γέγραφεν
1653 2561 1668 2586 ὁ
1681 2561 1823 2593 θεσπέσιος
1839 2560 1967 2597 Ἰωάννης
1977 2562 1992 2588 δ
2004 2559 2209 2597 εὐαγγέλια-τῆς.
2226 2559 2282 2587 Εἰσ-

1500 2607 1633 2642 κεκόμικε
1644 2606 1698 2642 γὰρ
1712 2606 1757 2633 τὸν
1774 2607 1910 2642 ἐπάρατον
1924 2606 2053 2641 Καϊάφαν
2062 2608 2122 2638 τοῖς
2136 2606 2166 2633 ἐν
2179 2606 2216 2640 τῷ
2229 2612 2282 2631 συν-

1501 2651 1583 2687 εδρίῳ
1599 2651 1712 2685 λέγοντα
1722 2660 1728 2666 ·
1751 2660 1760 2676 ι
1772 2651 1866 2686 ’Υμεϊς
1882 2651 1933 2677 οὐκ
1946 2651 2034 2677 οἴδατε
2047 2649 2136 2683 οὺδὶν,
2149 2649 2207 2677 om
2217 2647 2283 2682 λογί-

1502 2695 1581 2728 ζεσθε
1594 2696 1634 2722 ὃτι
1652 2696 1784 2732 συμφέρει
1802 2697 1877 2732 ἡμῖν,
1897 2697 1941 2723 ἴνα
1956 2693 1997 2728 εἷς
2009 2696 2153 2731 ἄνθρωπος
2169 2694 2282 2727 ἀποθάνῃ

1505 2744 1576 2781 ὑπὲρ
1594 2744 1642 2771 τοῦ
1664 2744 1740 2778 λαοῦ,
1757 2745 1804 2771 καὶ
1826 2745 1863 2780 μὴ
1885 2745 1946 2772 ὅλον
1971 2744 2002 2771 τὸ
2024 2744 2100 2776 ἔθνος
2120 2743 2256 2779 ἀπόληται.
2272 2749 2280 2765 ι

1504 2790 1714 2826 Προσεπήνεγκε
1722 2790 1750 2817 δὲ
1757 2790 1861 2822 τούτοις
1872 2790 1973 2822 αὐτοῖς·
1985 2799 1994 2816 ε
2005 2789 2093 2817 Τοῦτο
2103 2790 2132 2817 δὲ
2140 2790 2185 2824 ἀφ’
2195 2784 2282 2814 ἑαυτοῦ

1503 2835 1552 2862 οὐκ
1567 2833 1721 2870 είπεν,ἀλλ’
1733 2835 1878 2870 ἀρχιερεὺς
1898 2834 1936 2862 ὢν
1959 2831 2007 2862 τοῦ
2031 2833 2156 2863 ἐνιαυτοῦ
2177 2831 2283 2861 helvo”,
