4134 6484
254 393 364 448 53

1388 388 1454 441 IN
1494 385 1723 441 ISAIAM
1766 384 1889 440 LIB.
1934 382 1999 439 ll.
2041 379 2275 436 TOMUS
2315 381 2353 435 I.

3384 369 3495 427 σπι

254 519 665 575 προεφήτευσεν
691 503 771 557 ὅτι
804 500 1025 572 εμελλεν
1072 501 1277 572 Ἰησοῦς
1310 504 1671 574 ἀποθνήσκειν
1693 501 1832 571 ὑπὲρ

1963 496 2238 560 olum,sed
2262 506 2319 550 ut
2336 491 2470 550 illius
2493 494 2582 550 lle:
2604 492 2885 562 dissipatos
2907 492 2956 547 in
2976 503 3138 545 unum
3158 495 3373 559 cogeret
3389 487 3456 538 ".
3473 504 3491 536 ι

254 594 350 648 τοῦ
381 593 588 658 έθνους,
628 595 723 650 καὶ
748 595 846 666 οὐχ
870 595 1012 665 ὑπὲρ
1036 594 1130 649 τοῦ
1160 596 1345 661 ἔθνους
1381 596 1560 667 μόνον,
1594 594 1708 649 ἀλλ’
1745 593 1833 647 ἵνα

255 686 355 739 καὶ
377 686 445 738 τά
469 684 636 738 τέκνα
662 684 755 738 τοῦ
780 685 914 739 Θεοῦ
952 686 1020 740 τὰ
1062 686 1522 758 διεσκορπισμένα
1555 685 1834 756 συναγάγῃ

256 778 341 840 είς
385 777 464 831 ἓν.
498 795 517 829 ι
552 777 751 846 Γέγονε
795 778 905 849 γὰρ
937 780 966 832 6
995 780 1229 851 Χριστὸς
1261 781 1451 851 εἰρήνη
1484 778 1660 849 ἡμῶν,
1694 779 1835 833 κατά

256 868 360 931 τάς
413 867 658 937 Γραφάς,
704 869 733 920 6
779 868 841 921 τὸ
890 869 1203 941 μεσότοιχον
1234 869 1327 924 τοῦ
1357 868 1609 940 φραγμοῦ
1649 868 1835 934 λύσας,

260 959 360 1013 καὶ⁸
384 958 475 1013 τὸν
499 958 660 1028 νόμον
686 958 796 1013 τῶν
836 960 1064 1013 ἐντολῶν
1102 963 1158 1015 ὲν
1194 962 1423 1031 δόγμασι
1463 962 1835 1032 καταργήσας,

261 1049 367 1104 καὶ
395 1050 475 1113 ιίς
501 1050 598 1103 ἕνα
622 1049 809 1103 καινὸν
837 1050 1123 1122 ἄνθρωπον
1152 1052 1277 1116 τοὺς
1309 1052 1403 1105 δύο
1434 1051 1621 1115 κτίσας
1652 1051 1835 1115 λαούςο

270 1138 445 1208 ἄμφω
464 1154 523 1192 τε
543 1138 611 1192 δι’
631 1138 823 1194 ἑαυτοῦ
857 1140 1238 1195 καταλλάττων
1259 1140 1335 1211 τῷ
1367 1141 1486 1211 Θεῷ
1514 1142 1607 1196 καὶ
1641 1142 1837 1213 Πατρὶ,

268 1229 370 1284 καὶ
416 1230 517 1299 τὴν
561 1228 763 1299 μεταξὺ
795 1229 1076 1283 καταλύων
1122 1229 1341 1301 ἔχθραν,
1373 1230 1438 1283 ἵν’
1468 1232 1516 1282 οἱ
1549 1231 1749 1293 πάντες
1782 1233 1839 1285 ὲν

265 1319 349 1372 ἑνὶ
380 1317 652 1390 πνεύματι
681 1318 776 1374 καὶ
808 1320 866 1373 ὲν
904 1320 983 1374 ἑνὶ
1012 1319 1243 1390 σώματι,
1280 1319 1553 1391 σύμψυχοί
1582 1339 1639 1375 τε
1674 1321 1838 1391 ἀλλή-

266 1410 383 1474 λοις
430 1410 524 1463 καὶ
559 1410 835 1481 σύσσωμοι
877 1411 1178 1480 γεγονότες,
1206 1414 1262 1467 ὲν
1296 1414 1443 1485 αὐτῷ
1493 1414 1547 1467 δὲ
1600 1414 1842 1484 δηλονότι

265 1500 349 1570 τῷ
377 1501 618 1573 Χριστῷ,
654 1504 1163 1575 καρποφορήσωμεν
1189 1505 1336 1577 αύτῷ
1378 1507 1475 1577 τὴν
1508 1506 1647 1577 ὑπὲρ
1678 1507 1843 1576 νόμον

268 1590 640 1661 δικαιοσύνην,
678 1592 771 1645 καὶ
798 1592 898 1662 τῆς
923 1593 1281 1666 εὐαγγελικῆς
1314 1595 1591 1661 πολιτείας
1620 1595 1715 1667 τὴν
1740 1614 1841 1649 και

274 1682 570 1753 Θαρότητα.
602 1682 809 1736 Οὐκοῦν
842 1683 917 1748 ὡς
948 1685 1055 1739 ἀπό
1087 1704 1150 1756 γε
1184 1688 1293 1740 τῶν
1321 1688 1605 1759 ίστορικῶς
1633 1706 1843 1761 πεπρα-

272 1773 497 1843 γμένων
516 1776 595 1839 εἰς
616 1774 849 1847 θεωρίαν
869 1776 1160 1847 ἐρχόμενος
1175 1777 1273 1850 τὴν
1289 1778 1684 1850 πνευματικὴν,
1722 1796 1845 1833 συν‹

274 1863 431 1931 ήσεις
462 1858 521 1917 εὖ
554 1863 699 1934 μάλα
731 1864 825 1917 τοῦ
855 1865 1090 1935 Χριστοῦ
1122 1867 1184 1919 τὸ
1216 1870 1533 1940 μυστήριον.

349 1955 459 2008 Καὶ
512 1955 995 2024 πετασθήσονται
1048 1957 1116 2010 ἐν
1170 1958 1402 2024 πλοίοις
1446 1958 1844 2025 ἀλλοφύλων·

278 2047 602 2103 θάλασσαν
652 2046 771 2116 ἅμα
824 2050 1303 2117 προκομεύσουσι
1329 2088 1343 2113 ,
1399 2048 1496 2102 καί
1547 2048 1688 2115 τοὺς
1748 2048 1848 2117 ἀφ’

281 2138 463 2205 ἡλίου
488 2137 818 2203 ἀνατολῶν,
853 2140 951 2192 καὶ
999 2138 1355 2208 Ἰδουμαίαν,
1394 2140 1492 2193 καί
1539 2138 1640 2192 ἐπὶ
1676 2140 1855 2194 Μωὰϐ

279 2229 519 2298 πρῶτον
549 2229 653 2295 τὰς
683 2229 883 2298 χεῖρας
922 2230 1349 2285 ἐπιϐαλοῦσιν
1382 2233 1434 2284 οί
1474 2230 1543 2284 δὲ
1576 2231 1691 2285 υίοὶ
1725 2232 1851 2301 Ἀμ-

275 2324 415 2392 μὼν
450 2320 665 2390 πρῶτοι
688 2323 1154 2376 ὑπακούσονται.

354 2415 492 2468 Τίνα
523 2412 586 2485 δὴ
618 2413 817 2485 τρόπον
842 2416 890 2466 οί
921 2414 986 2467 ὲκ
1011 2413 1119 2467 τῶν
1144 2413 1424 2486 τεσσάρων
1451 2414 1735 2487 πτερύγων
1756 2417 1853 2487 τῆς

285 2505 413 2573 γῆς,
439 2503 584 2558 τοῦτ’
608 2504 744 2567 ἔστι,
771 2504 947 2558 πάντα
974 2504 1042 2558 τὰ
1066 2504 1192 2576 ἔθνη
1216 2506 1697 2577 συνενεχθήσεσθαι
1720 2506 1857 2578 πρὸς

284 2597 517 2667 ἑνότητα
538 2597 636 2668 τὴν
663 2600 719 2651 ὲν
737 2597 956 2668 Χριστῷ
974 2597 1060 2651 διὰ
1078 2596 1331 2665 πίστεως,
1350 2599 1442 2652 καὶ
1463 2601 1540 2663 είς
1564 2599 1856 2671 σύνδεσμον

284 2688 514 2759 ἀγάπης
564 2687 956 2760 ἀγιοπρεποῦς,
991 2688 1266 2761 διατρανοῖ
1306 2689 1469 2743 πάλιν
1519 2691 1576 2743 ὲν
1624 2690 1853 2755 τούτοις.

285 2780 405 2849 Πρὸ
441 2780 537 2850 μὲν
559 2778 667 2850 γάρ
695 2779 789 2833 τοῦ
818 2780 998 2851 τιμίου
1032 2780 1264 2852 σταυροῦ
1295 2782 1405 2844 τοῖς
1430 2780 1604 2849 ἁγίοις
1630 2782 1859 2835 ἀποστό⁴

282 2871 403 2934 λοις
432 2873 666 2940 ἔφασκεν
691 2873 720 2925 6
745 2872 977 2942 Χριστός
996 2885 1010 2899 ⁸
1065 2890 1083 2924 ι
1115 2873 1210 2936 Et;
1241 2872 1358 2926 ὁδὸν
1388 2872 1558 2925 ἐθνῶν
1594 2872 1670 2944 μή
1698 2874 1859 2927 ἀπέλο

285 2962 443 3031 θητε,
474 2964 564 3015 καὶ
610 2963 689 3025 είς
729 2962 882 3016 πόλιν
911 2961 1260 3035 Σαμαρειτῶν
1296 2962 1371 3034 μὴ
1413 2963 1691 3035 είσέλθητε
1714 2981 1727 2996 ο
1762 2982 1859 3017 πο-

293 3052 519 3123 ρεύεσθε
569 3052 625 3106 δὲ
680 3052 880 3123 μᾶλλον
929 3053 1064 3125 πρὸς
1088 3052 1401 3107 ἀπολωλότα
1431 3054 1680 3124 πρόϐατα
1711 3056 1859 3109 οῐκου

1933 588 2132 644 Factus
2162 596 2245 643 est
2277 587 2419 643 enim
2443 586 2693 642 Christus
2717 601 2820 655 pax
2849 594 3055 649 nostra,
3079 581 3232 652 juxta
3256 578 3501 647 Scriptu-

1935 693 2024 734 ras
2050 677 2116 745 '°,
2157 676 2248 748 qui
2280 676 2515 731 medium
2551 675 2807 744 parietem
2849 673 3099 728 maceria:
3126 669 3312 733 solvit,
3344 677 3397 722 et
3427 667 3502 721 le-

1935 785 2056 840 gem
2087 769 2460 824 mandatorum
2492 768 2544 823 in
2568 767 2802 823 decretis
2832 764 3131 828 evacuavit,
3163 771 3219 817 et
3250 761 3303 814 in
3337 773 3500 813 unum

1936 876 2133 916 novum
2165 860 2437 915 hominem
2469 860 2602 913 duos
2638 859 2862 928 populos
2902 854 3162 917 condidit,
3192 852 3380 908 ambos
3410 865 3505 921 per

1936 952 2173 1021 seipsum
2199 950 2310 1006 Deo
2335 959 2389 1006 et
2427 949 2572 1004 Patri
2603 947 2991 1013 reconciliavit,
3033 953 3089 1000 et
3126 944 3502 999 intermediam

1940 1040 2277 1096 inimicitiam
2309 1040 2547 1105 diremit,
2574 1047 2632 1093 ut
2663 1053 2852 1093 omnes
2902 1036 2955 1091 in
3001 1049 3110 1090 uno
3161 1048 3406 1103 corpore,
3454 1041 3509 1087 et

1941 1132 1994 1186 in
2026 1146 2132 1187 uno
2158 1130 2374 1201 spiritu,
2413 1138 2470 1185 et
2490 1129 2682 1184 animae
2707 1139 2761 1184 et
2790 1126 3035 1197 corporis
3068 1124 3328 1181 societate
3368 1124 3509 1179 inter

1940 1235 1998 1277 se
2015 1221 2214 1292 juncti,
2252 1222 2304 1276 in
2333 1223 2448 1292 ipso
2472 1219 2717 1275 videlicet
2743 1218 2957 1275 Christo
2990 1216 3224 1271 fructum
3259 1214 3309 1268 ei
3346 1211 3508 1281 justi-

1944 1314 2052 1379 tize,
2078 1329 2196 1384 qua:
2218 1328 2382 1383 supra
2408 1312 2578 1383 legem
2624 1318 2728 1371 est.
2763 1318 2818 1365 et
2859 1308 3148 1379 puritatem
3191 1304 3513 1377 evangelica:

1944 1406 2067 1461 vitae
2092 1404 2454 1476 proferamus.
2493 1405 2673 1473 Itaque
2725 1404 2770 1459 si
2814 1404 2882 1458 ab
2937 1402 3023 1457 his
3079 1415 3200 1471 quae
3254 1399 3513 1453 historice

1943 1506 2091 1570 gesta
2125 1505 2275 1561 sunt,
2307 1496 2373 1551 ad
2410 1496 2675 1551 theorium
2717 1505 2772 1550 et
2815 1493 3321 1565 contemplationem
3364 1489 3516 1563 spiri-

1948 1590 2144 1647 tualem
2202 1589 2424 1655 venias,
2479 1591 2680 1661 optime
2725 1588 2923 1646 Christi
2978 1587 3297 1659 mysterium
3354 1583 3513 1641 intel-

1947 1683 2099 1754 liges.

2023 1967 2186 2024 Vsus.
2215 1967 2301 2023 14.
2332 1967 2399 2021 Et
2442 1966 2687 2022 volabunt
2729 1969 2782 2022 in
2826 1967 3042 2022 navibus
3085 1964 3519 2035 alienigenarum,

1954 2077 2101 2115 mare
2132 2058 2291 2115 simul
2316 2058 2715 2127 pradabuntur,
2750 2068 2797 2113 et
2828 2075 2914 2113 eos
2946 2060 3035 2129 qui
3073 2075 3104 2111 a
3141 2058 3267 2113 solis
3296 2064 3436 2121 ortu,
3472 2067 3521 2112 et

1954 2149 2271 2215 Idumwam,
2328 2158 2377 2204 et
2434 2151 2487 2203 in
2530 2148 2687 2204 Moab
2736 2150 2961 2217 primum
3016 2165 3201 2202 manus
3251 2147 3523 2217 injicieul;

1952 2242 2052 2311 ﬁlii
2086 2259 2202 2298 vero
2223 2245 2449 2299 Ammon
2476 2242 2629 2312 primi
2645 2242 2900 2297 obedient.

2025 2417 2306 2486 Quomodo
2327 2434 2391 2473 ex
2423 2427 2656 2488 quatuor
2700 2419 2803 2476 alis
2846 2428 3023 2481 terrae,
3073 2417 3125 2473 id
3171 2427 3275 2484 est,
3333 2433 3524 2475 omnes

1958 2521 2149 2580 gentes
2176 2510 2242 2565 ad
2278 2510 2400 2564 lidei
2426 2509 2749 2566 Christiana:
2786 2510 3121 2575 societatem,
3157 2519 3212 2565 et
3255 2509 3524 2568 vinculum

1958 2611 2162 2656 sancta:
2202 2600 2506 2657 dilectionis
2541 2603 2931 2672 congreganda:
2968 2608 3172 2664 essent,
3204 2599 3383 2656 denuo
3427 2615 3527 2655 ex-

1960 2690 2125 2761 plicat
2172 2690 2321 2746 hisce
2360 2690 2558 2746 verbis.
2592 2692 2733 2747 Ante
2783 2690 3069 2761 pretiosam
3118 2689 3262 2744 enim
3312 2704 3527 2745 crucem

1964 2782 2170 2839 sanctis
2200 2781 2458 2851 apostolis
2483 2781 2619 2836 dixit
2641 2780 2891 2837 Christus
2918 2800 2931 2835 :
2966 2798 2985 2831 ι
3017 2779 3073 2834 1η
3104 2781 3247 2835 viam
3288 2780 3526 2851 gentium

1964 2889 2033 2928 ne
2064 2873 2331 2937 abieritis,
2360 2880 2415 2927 et
2453 2872 2503 2927 iu
2532 2872 2803 2927 civitatem
2836 2870 3297 2927 Samaritanorum
3340 2885 3405 2926 ne
3447 2870 3529 2925 in-

1963 2963 2247 3034 gredimini
2283 2980 2296 3017 :
2330 2964 2423 3019 sed
2468 2965 2541 3018 ite
2581 2964 2758 3033 potius
2795 2963 2861 3017 ad
2899 2977 3027 3018 oves
3064 2962 3303 3032 perditas
3342 2963 3531 3017 domus

1964 3055 2125 3111 Israel
2158 3056 2229 3114 ".
2270 3074 2289 3108 ι
2332 3055 2787 3123 Quemadmodum
2816 3055 2961 3110 enim
2984 3054 3098 3126 ipse
3118 3055 3311 3110 iterum
3343 3053 3478 3109 dixit
3513 3071 3530 3106 :

300 3142 542 3212 Ἰσραήλ.
570 3161 591 3194 ι
608 3143 695 3206 Ὧς
721 3142 829 3214 γάρ
847 3142 1009 3205 αὐτὸς
1032 3142 1135 3213 ἔφη
1156 3140 1316 3197 πάλιν
1334 3162 1347 3175 ·
1374 3162 1392 3195 ι
1418 3145 1534 3199 Οὐκ
1552 3144 1858 3215 ἀπεστάλην

1972 3165 1990 3199 ι
2024 3146 2139 3203 Non
2171 3163 2289 3203 sum
2338 3148 2538 3202 missus
2592 3146 2697 3201 nisi
2753 3147 2820 3200 ad
2870 3160 2998 3205 oves
3056 3146 3295 3216 perditas
3339 3148 3532 3201 domus

284 3233 338 3285 si
392 3232 467 3304 μή
517 3233 596 3296 είς
639 3231 707 3285 τά
756 3230 1069 3286 ἀπολωλότα
1104 3232 1349 3304 πρόϐατα
1375 3233 1524 3288 οίκου
1569 3233 1802 3306 Ἰσραήλ.
1836 3253 1855 3286 ι

1964 3239 2126 3295 Israel
2162 3243 2226 3295 ".
2284 3258 2302 3291 ι
2336 3238 2405 3292 At
2432 3254 2554 3294 cum
2586 3237 2653 3292 ad
2677 3252 2946 3293 summum
2992 3251 3055 3293 ac
3085 3236 3297 3293 culmen
3355 3238 3534 3293 omnis

301 3322 524 3395 Ἐπειδὴ
552 3323 609 3377 δὲ
634 3323 947 3387 δυσσεϐείας
971 3325 1187 3395 ἀπάσης
1215 3325 1382 3395 ἀκρον
1421 3324 1743 3396 ἐληλακότες
1775 3341 1862 3378 πεο

289 3417 687 3488 παρῳνήκασιν
714 3417 795 3479 είς
824 3416 1077 3488 Χριστὸν,
1112 3416 1205 3469 καὶ
1235 3417 1597 3470 ἀπεκτόνασιν
1621 3416 1864 3489 ἀρχηγὸν

286 3508 396 3578 τῆς
430 3507 596 3579 ζωῆς,
630 3507 722 3562 καὶ
744 3507 835 3561 τὸν
857 3508 1010 3577 ἅγιον
1031 3507 1126 3562 καὶ
1151 3507 1357 3561 δίκαιον
1384 3510 1689 3582 ἠρνήσαντο
1708 3527 1721 3541 ·
1745 3509 1863 3563 τότε

288 3599 382 3671 δὴ,
434 3599 555 3652 τότε
580 3601 829 3671 πατήσας
855 3598 947 3653 τὸν
990 3598 1238 3665 θάνατον,
1273 3600 1370 3653 καὶ
1397 3600 1768 3673 ἐγηγερμένος
1802 3601 1865 3654 ὲκ

291 3688 531 3761 νεκρῶν,
570 3692 682 3755 τοῖς
713 3690 889 3759 ἁγίοις
923 3690 1227 3745 ἐνετέλλετο
1260 3692 1555 3765 μαθηταῖς·
1608 3712 1627 3743 ι
1660 3694 1866 3763 Πορευ-

290 3782 482 3847 θέντες
537 3782 911 3854 μαθητεύσατε
955 3783 1132 3838 πάντα
1181 3783 1249 3838 τά
1303 3783 1465 3855 ἔθνη,
1517 3782 1867 3854 βαπτίζοντες

288 3875 494 3940 αὐτοὺς
542 3877 623 3940 είς
669 3874 730 3929 τδ
776 3875 944 3947 δνομα
993 3876 1225 3948 Πατρδς,
1253 3876 1347 3930 καὶ
1392 3875 1543 3943 Υἰοῦ,
1583 3877 1676 3930 καὶ
1711 3875 1865 3944 ἀγίου

291 3966 642 4037 Πνεύματος’
692 3967 1032 4031 διδάσκοντες
1080 3968 1277 4033 αὐτοὺς
1321 3970 1507 4041 τηρεῖν
1548 3969 1723 4023 πάντα
1768 3970 1871 4023 ὅσα

292 4056 651 4127 ινετειλάμην
697 4056 845 4127 ὑμῖν.
877 4074 895 4109 ι
936 4057 1152 4129 Ἐπειδὴ
1195 4058 1253 4112 δὲ
1299 4058 1637 4128 ἀναϐέϐηκεν
1672 4060 1750 4122 είς
1778 4059 1870 4114 τὸν

290 4146 549 4217 οὐρανὸν,
576 4142 694 4200 εἶτα
726 4146 1198 4217 καταπεφοίτηκεν
1236 4149 1314 4212 είς
1352 4149 1605 4219 αὐτοὺςή
1638 4148 1698 4213 ἐξ
1733 4148 1868 4219 ὑψοῦ

287 4238 549 4307 δύναμις,
579 4237 762 4291 οὐκέτι
795 4241 1167 4310 μεμενήκασιν
1208 4239 1352 4294 κατὰ
1396 4241 1564 4312 μόνην
1595 4241 1694 4311 τὴν
1739 4242 1871 4294 Ἰου-

292 4327 458 4382 δαίαν
498 4328 973 4400 εὐαγγελιζόμενοι
1019 4330 1110 4384 τὸν
1140 4330 1365 4402 Ἰησοῦν,
1417 4332 1533 4385 ἀλλ’
1560 4333 1608 4385 oi
1649 4333 1747 4403 μὲν
1790 4334 1870 4396 είς

310 4416 449 4479 Ἠῶ,
478 4418 573 4472 καὶ
602 4418 699 4482 τάς
722 4418 847 4488 τῇδε
873 4418 1056 4483 πόλεις
1081 4421 1335 4483 ἀπιόντες
1365 4420 1664 4492 ἐκήρυττον
1684 4435 1698 4451 ο
1725 4420 1775 4473 οἱ
1815 4419 1871 4472 δὲ

1966 3331 2255 3401 impietatis
2290 3330 2550 3401 provecti,
2581 3329 3009 3386 deblaterassent
3044 3329 3093 3382 iu
3128 3326 3425 3394 Christum,
3468 3343 3535 3384 ac

1965 3422 2087 3477 vita:
2109 3422 2405 3492 principem
2442 3420 2864 3484 interemissent,
2888 3428 2944 3474 et
2976 3428 3222 3475 sanctum
3249 3427 3305 3474 et
3327 3419 3532 3489 justum

1968 3522 2277 3584 negassent,
2336 3522 2463 3568 tunc
2508 3511 2745 3581 quidem,
2795 3520 2925 3567 tunc
2987 3522 3162 3567 morte
3216 3510 3445 3577 calcata,
3480 3518 3535 3565 ct

1967 3606 2260 3661 suscitatus
2292 3619 2323 3659 e
2364 3606 2613 3668 mortuis,
2648 3603 2850 3659 sanctis
2880 3603 3156 3673 discipulis
3177 3604 3230 3657 in
3255 3603 3524 3660 mandatis

1966 3696 2149 3749 dedit:
2190 3713 2207 3746 ι
2256 3693 2486 3748 Profecti
2525 3695 2712 3749 docete
2746 3706 2936 3747 omnes
2958 3704 3165 3763 gentes,
3199 3692 3536 3763 baptizantes

1971 3801 2064 3837 eos
2086 3784 2138 3839 in
2172 3785 2388 3839 nomine
2413 3782 2589 3837 Patris
2610 3790 2666 3838 et
2704 3780 2823 3837 Filii
2853 3790 2909 3836 et
2950 3780 3184 3849 Spiritus
3214 3782 3407 3847 sancti,
3443 3781 3539 3837 do-

1978 3886 2164 3932 centes
2226 3891 2441 3931 scrvare
2490 3875 2671 3929 omnia
2729 3891 2849 3945 qua:
2906 3875 3132 3946 prmcepi
3182 3875 3338 3930 vobis
3381 3874 3448 3929 ".
3512 3893 3532 3929 ι

1971 3964 2259 4035 Postquam
2295 3974 2472 4020 autem
2503 3967 2816 4021 conscendit
2839 3967 2892 4022 in
2926 3966 3144 4032 caelum,
3172 3975 3227 4021 et
3257 3965 3311 4021 in
3349 3981 3443 4022 eos
3470 3981 3537 4021 ex

1972 4057 2080 4113 alto
2109 4060 2280 4113 virtus
2309 4058 2626 4127 demigravit
2664 4076 2677 4112 :
2730 4073 2837 4112 non
2881 4055 2991 4125 jam
3041 4058 3092 4112 in
3123 4057 3236 4113 sola
3269 4057 3540 4113 haeserunt

1969 4147 2149 4203 Judaea
2180 4149 2339 4218 207
2380 4146 2811 4219 evangelizantes
2846 4145 3052 4212 Jesum,
3084 4148 3177 4202 sed
3203 4146 3292 4202 alii
3321 4147 3538 4217 quidem

1971 4241 2036 4294 ad
2072 4238 2344 4293 Orientem
2374 4237 2598 4307 ejusque
2647 4239 2809 4293 urbes
2866 4238 3089 4304 profecti
3136 4237 3536 4308 praedicabant;

1972 4328 2061 4381 alii
2108 4327 2401 4384 Occidente
2428 4336 2723 4398 occupato,
2753 4326 2841 4381 alii
2871 4327 3115 4382 finitimis
3148 4328 3396 4398 gentibus
3425 4342 3542 4381 ser-

1974 4433 2186 4473 monent
2221 4418 2569 4474 catecheseos
2602 4417 2837 4488 gratuito
2872 4416 3274 4487 impertiebant,
3318 4424 3544 4486 eratque

290 4506 400 4578 τὴν
439 4506 708 4578 Ἑσπέραν
756 4507 1285 4579 καταλαμϐάνοντες,
1329 4508 1477 4564 ἄλλοι
1519 4509 1575 4563 δὲ
1614 4511 1727 4572 τοῖς
1767 4510 1858 4579 ὀμ-

1978 4525 2197 4566 uecesse
2226 4551 2241 4576 ,
2274 4519 2333 4565 ut
2376 4510 2467 4580 qui
2510 4510 2818 4565 universum
2868 4512 3054 4565 orbem
3103 4517 3368 4563 terrarum
3420 4522 3544 4577 per-

292 4597 451 4670 όροις
468 4597 643 4651 ἔθνεσι
674 4599 799 4661 τοὺς
817 4599 916 4670 τῆς
943 4601 1297 4671 κατηχήσεως
1324 4598 1639 4671 ἐχαρίζοντο
1660 4599 1871 4668 λόγουςο

294 4683 369 4760 ἦν
419 4688 475 4742 δέ
504 4706 619 4754 πως
653 4689 866 4760 ἀνάγκη
903 4690 1000 4762 τὴν
1029 4690 1118 4759 ὑφ’
1148 4690 1285 4761 ήλίῳ
1316 4692 1496 4744 πᾶσαν
1539 4691 1876 4761 περινοστεῖν

296 4779 587 4844 ιθέλοντας
616 4780 915 4851 κεχρῆσθαι
946 4781 1039 4834 καὶ
1063 4779 1198 4850 πλῷ.
1229 4781 1340 4834 Καὶ
1364 4780 1494 4849 γοῦν
1524 4783 1553 4833 6
1594 4780 1877 4843 θεσπέσιος

297 4870 519 4934 Παῦλος
547 4871 887 4942 νυχθήμερον
919 4871 976 4923 ὲν
1001 4870 1077 4941 τῷ
1109 4869 1258 4943 βυθῷ
1296 4869 1652 4942 πεποιηκέναι
1675 4871 1877 4940 διισχυ-

298 4964 531 5035 ρίζεται.
560 4964 671 5017 Καὶ
691 4966 720 5017 6
755 4962 854 5026 τὰς
893 4962 1124 5035 Πράξεις
1150 4962 1207 5016 δὲ
1235 4961 1342 5015 τῶν
1368 4961 1539 5031 ἁγίων
1566 4956 1876 5015 ἀποστόλων

297 5052 726 5125 συγγεγραφὼς,
755 5053 1009 5125 ἐπιϐῆναι
1055 5070 1219 5125 φησιν
1270 5051 1432 5106 αὑτὸν
1471 5052 1565 5106 καὶ⁸
1607 5054 1733 5116 τοὺς
1779 5052 1878 5106 σὺν

294 5143 455 5214 αὐτῷ
504 5143 673 5216 πλοίῳ
715 5144 1098 5215 Ἀλεξανδρίνῳ
1149 5145 1460 5216 παρασήμῳ
1510 5145 1874 5216 Διοσκούροις.

301 5234 471 5298 Ἐθος
497 5235 604 5307 γάρ
642 5252 759 5298 πως
790 5237 848 5289 ὲν
874 5237 995 5299 ταῖς
1036 5235 1427 5308 Ἀλεξανδρέων
1458 5235 1693 5306 μάλιστα
1718 5236 1876 5289 ναυσὶ

301 5324 446 5397 πρός
481 5341 546 5393 γε
588 5328 653 5395 τῇ
705 5324 898 5396 πρώρῃ
942 5323 1092 5389 δεξιά
1132 5342 1191 5378 τε
1244 5328 1337 5380 κα)⁸
1371 5326 1628 5397 εὐώνυμα
1661 5326 1879 5398 γραφὰς

301 5412 448 5469 εἶναι
504 5416 777 5479 τοιαύτας.
814 5415 1029 5487 Ἐπειδὴ
1055 5417 1109 5469 δὲ
1139 5412 1207 5488 ἦν
1239 5418 1403 5484 εἰκὸς,
1440 5419 1880 5492 είδωλολατρείας

301 5508 616 5579 κρατούσης
643 5509 760 5561 κατ’
795 5509 972 5561 έκεῖνο
1016 5508 1230 5579 καιροῦ,
1280 5510 1651 5581 ἐγγεγράφθαι
1696 5514 1762 5584 τῇ
1793 5511 1884 5579 νηῒ

406 5688 450 5720 ⁸⁸
477 5687 631 5742 Joan.
670 5703 745 5747 xl.
782 5685 967 5740 δαδὶ.
1062 5686 1108 5717 ’⁸
1135 5686 1327 5752 Ephes.
1352 5702 1413 5751 tt,
1448 5687 1534 5741 Μ.

308 5760 355 5791 ’⁵
377 5758 415 5813 ll
449 5758 572 5815 Cur.
603 5773 680 5822 xl,
706 5756 796 5811 25.
871 5758 917 5789 "
942 5758 1061 5811 Act.
1093 5772 1277 5819 axvnt,
1312 5757 1396 5810 ll.

1633 5687 1676 5718 "
1708 5686 1893 5742 Matth.
1921 5701 1976 5755 x,
2006 5688 2058 5754 5,
2096 5686 2148 5742 ϐ.

1980 4601 2218 4672 agraturi
2244 4610 2419 4664 erant,
2445 4600 2609 4655 etiam
2640 4600 2758 4653 navi
2783 4608 3079 4654 uterentur.
3114 4597 3390 4667 Siquidem
3409 4597 3546 4651 divi-

1979 4709 2080 4749 nus
2109 4692 2303 4747 Paulus
2333 4699 2541 4747 noctem
2577 4705 2643 4745 ac
2673 4691 2813 4745 diem
2857 4705 2915 4746 se
2952 4690 3005 4745 in
3067 4688 3331 4781 pgoluudo
3376 4688 3545 4743 maris

1978 4784 2175 4849 egisse,
2203 4779 2434 4836 allirmat
2457 4782 2524 4835 ".
2573 4781 2641 4836 Et
2686 4781 2776 4851 qui
2810 4782 2941 4836 Acta
2976 4779 3282 4837 sanctorum
3334 4790 3548 4850 aposto-

1980 4872 2154 4927 lorqu
2197 4870 2543 4942 conscripsit.
2587 4871 2681 4939 ait,
2724 4885 2845 4925 eum
2896 4879 2952 4927 et
2981 4871 3207 4927 comites
3254 4870 3371 4940 ejus
3414 4884 3546 4925 con-

1982 4964 2257 5019 scendisse
2292 4979 2482 5020 navem
2504 4963 2947 5032 Alexandrinam,
2978 4977 3097 5033 qua:
3126 4961 3335 5033 insigne
3360 4961 3551 5019 Casto-

1984 5054 2058 5107 ris
2079 5060 2134 5108 et
2163 5052 2393 5108 Pollucis
2422 5052 2656 5108 habebat
2682 5053 2750 5107 ⁷⁸.
2778 5052 2942 5109 Moris
2970 5052 3114 5109 enim
3152 5061 3293 5117 erat,
3344 5061 3403 5106 ut
3453 5066 3552 5107 na-

1985 5160 2104 5209 ves,
2150 5144 2383 5199 maxime
2428 5144 2833 5209 Alexandrinze,
2888 5144 2942 5199 in
3000 5157 3159 5215 prora
3209 5143 3550 5199 dextrorsum

1986 5244 2041 5290 et
2083 5236 2458 5292 sinistrorsum
2515 5236 2822 5307 huiusmodi
2862 5236 3087 5306 picturis
3141 5235 3547 5306 insignirentur.

1986 5328 2122 5384 Cum
2158 5338 2338 5384 autem
2378 5328 2671 5385 verisimile
2696 5330 2787 5393 sit,
2820 5328 3121 5384 idololatria
3153 5343 3249 5399 per
3274 5328 3327 5383 id
3347 5336 3555 5398 tempo-
3628 5334 3634 5343 '

1988 5420 2063 5474 ris
2092 5419 2325 5492 vigente,
2362 5420 2652 5491 inscriptos
2675 5422 2797 5475 navi
2838 5420 3121 5476 Dioscuros
3143 5457 3160 5485 ,
3208 5418 3336 5475 hinc
3361 5416 3554 5472 alieni-

1988 5525 2204 5581 genam,
2258 5513 2310 5568 id
2352 5521 2456 5578 est,
2493 5509 2830 5568 idololatram
2868 5511 3021 5568 navis
3057 5509 3329 5567 dominum
3366 5506 3553 5571 fuisse,

2249 5690 2293 5720 "
2319 5686 2507 5744 Matth.
2532 5704 2621 5755 xv,
2644 5688 2733 5744 24.
2838 5687 2884 5721 ⁷³
2910 5684 3096 5742 Matth.
3130 5697 3322 5751 xxvnt,
3349 5682 3433 5751 l9,
3464 5680 3556 5757 20,
