4134 6488
651 396 756 454 335

1645 394 1702 447 S.
1744 393 2015 450 CYRILLI
2054 391 2521 448 ALEXANDRINI
2560 391 2877 448 ARCHIEP.

3799 390 3905 445 556

652 510 1052 581 intelligendum
1085 511 1313 566 videtur.
1351 512 1514 581 Igitur
1558 514 1610 567 iu
1647 514 1875 584 navigiis
1905 514 2205 581 alienigena

2331 512 2457 576 τοὺς
2486 511 2860 584 Διοσκούρους,
2884 509 3056 581 ταύτῃ
3089 509 3266 561 τοίνυν
3288 505 3581 561 ἀκόλουθον
3607 506 3905 576 ἀλλόφυλον

653 618 768 657 rum
794 602 1170 665 extendentur,
1218 599 1411 670 inquit,
1457 601 1508 655 id
1558 611 1663 665 est,
1714 602 1920 655 celeres
1972 611 2027 654 et
2069 598 2223 670 quasi

652 694 896 749 volucres
921 689 1251 755 transibunt,
1282 701 1337 745 et
1380 692 1767 762 praedabuutur
1807 706 1974 746 mare.
2007 690 2223 745 Estau-

651 794 752 839 tem
793 781 1059 837 familiare
1110 780 1403 850 Scriptum:
1440 780 1699 836 divinitus
1736 781 2026 851 inspiratrc,
2075 794 2225 835 mare

647 876 919 948 appellare
956 886 1141 946 partes
1186 875 1569 941 occidentales,
1611 890 1673 930 eo
1717 875 1862 943 quod
1899 874 1970 929 ibi
2015 874 2220 943 spatio-

647 986 765 1026 sum
823 970 1112 1024 admodum
1165 969 1236 1023 sit
1288 983 1457 1022 mare.
1519 967 1731 1021 Etenim
1786 966 1974 1021 beatus
2029 963 2221 1029 David,

649 1064 814 1117 totius
867 1061 1048 1115 mundi
1097 1058 1450 1114 architectum
1505 1056 1784 1111 declarans
1852 1052 2223 1109 universitatis

650 1154 814 1207 Deum
858 1171 873 1207 :
914 1171 933 1204 ι
961 1150 1301 1221 Aquilonem.
1342 1167 1360 1201 ι
1398 1148 1589 1217 inquit,
1626 1166 1643 1199 I
1678 1155 1733 1201 et
1764 1161 1912 1201 mare
1944 1156 2001 1200 tu
2030 1143 2218 1200 condi-

648 1243 772 1297 disti
798 1243 868 1297 ".
912 1262 931 1295 ι
969 1242 1117 1309 Quod
1146 1252 1325 1295 autem
1349 1250 1403 1294 et
1431 1239 1643 1293 divinus
1672 1238 1886 1304 Petrus,
1912 1246 1966 1292 et
1992 1236 2220 1306 ipsemet

650 1327 852 1385 Paulus
896 1329 1352 1398 sapientissimus,
1394 1326 1813 1381 occidentalibus
1851 1326 2094 1395 partibus
2128 1339 2220 1379 oc-

648 1420 878 1491 cupatis,
941 1418 1213 1474 Christum
1276 1417 1736 1483 annuntiaverint,
1792 1431 1951 1471 nemo
1998 1427 2082 1470 est
2127 1413 2219 1485 qui

649 1513 910 1583 ambigat.
966 1510 1428 1580 Depracdabuntur
1478 1524 1625 1575 vero,
1676 1510 1870 1579 inquit,
1910 1518 1964 1563 et
2012 1510 2101 1579 qui
2151 1508 2219 1563 ab

647 1612 767 1659 ortu
792 1604 922 1659 solis
952 1611 1098 1667 sunt,
1125 1611 1179 1657 et
1216 1602 1523 1667 ldumacam,
1557 1610 1611 1655 et
1639 1600 1692 1655 in
1727 1599 1988 1656 Moabitas
2027 1615 2218 1655 manus

646 1698 910 1767 injicient.
943 1693 1063 1749 Filii
1104 1704 1283 1749 autem
1316 1696 1545 1747 Ammon
1576 1692 1734 1761 primi
1765 1691 2037 1745 obedient.
2084 1688 2215 1742 Nam

645 1797 759 1859 post
800 1780 1109 1842 Judmorum
1155 1785 1467 1855 regionem,
1524 1798 1713 1837 omnes
1761 1782 2011 1849 deinceps
2058 1781 2217 1836 ﬁniti-

2328 600 2486 668 εἶναι,
2515 603 2657 656 τοῦτ’
2688 602 2853 667 ἐστιν,
2883 598 3275 669 είδωλολάτρην
3305 599 3403 669 τῆς
3433 598 3571 662 νεὼς
3596 597 3687 651 τὸν
3716 598 3906 651 δεσπόο

2324 713 2441 766 την.
2479 693 2689 748 Οὐκοῦν
2737 694 2795 746 ἐν
2841 691 3044 755 πλοίοις
3091 690 3401 760 ἀλλοφύλων
3447 689 3902 761 πετασθήσονται,

2324 786 2479 857 φησὶ,
2512 784 2657 838 τοῦτ’
2687 784 2823 849 ἐστι,
2857 783 3107 854 δρομαῖοι
3155 782 3247 834 καὶ
3293 782 3563 853 πρόθυμοι
3608 782 3704 835 καὶ
3744 780 3905 834 οἱονεὶ

2326 875 2520 944 πτηνοὶ
2563 874 2931 944 διαϐήσονται,
2961 872 3056 926 καὶ
3099 871 3528 944 προνομεύσουσι
3572 871 3675 943 τὴν
3710 872 3905 926 θάλασ-

2325 965 2617 1028 σαν.Ἔθος
2655 965 2711 1018 δὲ
2742 967 2807 1036 τῇ
2849 964 2970 1035 θείᾳ
3002 964 3191 1035 Γραφῇ
3216 963 3489 1017 θάλασσαν
3516 961 3812 1017 ἀποκαλεῖν
3839 964 3905 1017 τά

2323 1056 2462 1128 πρὸς
2502 1058 2567 1127 τῇ
2613 1057 2822 1128 ἑσπέρᾳ
2852 1056 3013 1127 μέρη,
3044 1044 3215 1108 διάτοι
3241 1054 3301 1108 τὸ
3333 1055 3537 1125 σφόδρα
3565 1054 3767 1127 πολλὴν
3814 1056 3904 1110 καὶ

2321 1151 2538 1221 εὐρεῖαν
2577 1144 2715 1202 εἶναι
2747 1148 2845 1219 τὴν
2878 1147 3091 1217 ἐκείνης
3120 1146 3413 1200 θάλασσαν.
3446 1148 3553 1201 Καὶ
3583 1147 3719 1216 γοῦν
3747 1149 3777 1200 6
3804 1165 3903 1217 μα-

2322 1243 2512 1313 κάριος
2549 1240 2732 1306 Δαϐὶδ,
2762 1239 2964 1303 παντὸς
2995 1238 3089 1292 τοῦ
3138 1239 3346 1309 κόσμου
3393 1237 3729 1310 δημιουργὸν
3770 1242 3903 1293 dm-

2321 1333 2525 1402 φαίνων
2568 1334 2658 1385 τὸν
2707 1331 2817 1385 τῶν
2860 1332 2996 1385 ὅλων
3030 1330 3191 1396 Θεὸν,
3232 1348 3251 1382 ‹
3283 1330 3385 1383 Τὸν
3426 1330 3649 1403 βορρᾶν,
3681 1350 3700 1382 ι
3747 1333 3901 1403 φησὶ,

2326 1444 2344 1478 ι
2375 1426 2468 1478 καὶ
2519 1424 2794 1478 θάλασσαν
2834 1424 2898 1476 σὺ
2933 1422 3172 1486 ἔκτισας.
3206 1441 3224 1473 ι
3257 1422 3377 1476 Ὅτι
3420 1422 3477 1476 δὲ
3523 1423 3618 1477 καὶ
3646 1426 3675 1476 6
3706 1424 3903 1477 θεσπέ-

2321 1533 2435 1579 σιος
2471 1515 2696 1587 Πέτρος,
2732 1515 2825 1569 καὶ
2860 1514 2966 1587 μὴν
2998 1515 3093 1569 καὶ
3124 1515 3287 1578 αὐτὸς
3308 1517 3335 1569 6
3361 1515 3632 1584 πάνσοφος
3665 1516 3898 1580 Παῦλος,

2318 1606 2385 1660 τὰ
2431 1606 2532 1676 τῆς
2580 1605 2819 1676 ἑσπέρας
2845 1605 3242 1670 καταλαϐόντες
3292 1606 3454 1677 μέρη,
3493 1608 3900 1677 κατηγγέλκασι

2318 1698 2408 1751 τὸν
2443 1696 2673 1769 Ἰησοῦν,
2692 1697 3014 1752 ἐνδοιάσειεν
3038 1697 3104 1752 ἀν
3136 1698 3331 1762 οὐδείς.
3352 1699 3792 1769 Προνομεύσουσι
3820 1700 3901 1767 δέ,

2320 1791 2474 1862 φησὶ,
2499 1790 2594 1843 καὶ
2635 1788 2763 1853 τοὺς
2808 1790 2903 1859 ἀφ’
2936 1789 3088 1860 ἡλίου
3118 1788 3413 1853 ἀνατολῶν,
3440 1790 3532 1843 καὶ
3571 1791 3897 1860 Ἰδουμαίαν,

648 1896 747 1934 ma:
804 1888 859 1932 et
908 1877 1119 1940 vicina},
1172 1891 1237 1929 ac
1290 1875 1453 1929 etiam
1509 1874 1720 1942 longius
1775 1873 1996 1935 dissitze,
2050 1873 2206 1940 plena

2320 1882 2416 1935 καὶ
2460 1884 2553 1935 ἐπὶ
2601 1880 2777 1935 Μωάϐ
2821 1880 2919 1945 τὰς
2962 1884 3147 1952 χεῖρας
3194 1881 3569 1936 ἐπιϐαλοῦσιν.
3602 1884 3665 1937 Ol
3707 1883 3764 1936 δὲ
3795 1885 3899 1937 uici

644 1976 802 2024 erant
834 1965 1155 2029 idololatris,
1204 1980 1366 2020 sensu
1410 1975 1465 2019 et
1507 1964 1852 2034 opinionibus
1892 1963 2214 2019 dissidentes

645 2062 713 2115 ab
745 2059 849 2121 his,
882 2058 973 2127 qui
1004 2072 1170 2111 unum
1209 2066 1265 2111 et
1307 2069 1499 2110 natura
1537 2066 1591 2111 et
1635 2071 1761 2111 vere
1814 2056 1976 2111 Deum
2016 2071 2213 2126 cogno-

644 2158 821 2205 scunt.
849 2146 1066 2204 ldutnaai
1097 2148 1220 2201 dein
1251 2157 1305 2201 et
1336 2147 1599 2215 Moabitae,
1630 2154 1684 2202 et
1713 2147 1805 2201 ﬁlii
1855 2147 2102 2213 Ammon,
2146 2148 2210 2201 li-

647 2243 821 2298 nitimi
851 2241 1068 2312 quidem
1102 2239 1564 2304 erautlsraelitis,
1610 2248 1665 2294 et
1694 2240 2085 2294 conterminam
2128 2253 2212 2293 re-

644 2337 857 2402 gionem
889 2322 1617 2396 incolebant,dissenserunt
1668 2341 1865 2396 tamen,
1915 2340 1969 2385 et
2017 2345 2211 2399 graves

644 2435 698 2480 et
719 2422 1097 2497 pugnacissimi
1129 2425 1311 2478 hostes
1336 2423 1683 2487 exstiterunt,
1714 2434 1859 2477 astra
1892 2425 2208 2489 adorarunt,

644 2517 901 2587 munique
939 2516 1194 2583 religione
1224 2514 1531 2570 Luciferum
1575 2514 1842 2583 prosecuti
1891 2524 2037 2581 sunt,
2079 2514 2210 2569 alio-

646 2623 875 2679 rumque
906 2607 1124 2662 deorum
1169 2607 1463 2677 principem
1513 2616 1570 2661 et
1619 2605 1915 2660 antistitem
1966 2608 2210 2661 nomina-

646 2711 790 2756 runt.
821 2700 1057 2768 Quorum
1088 2699 1267 2755 animo
1297 2713 1360 2755 ac
1399 2698 1548 2754 cordi
1579 2698 1843 2769 imprimis
1874 2698 2051 2752 illuxit
2083 2713 2210 2755 vere

643 2792 878 2858 Lucifer,
906 2802 962 2846 et
997 2793 1084 2846 lux
1123 2790 1228 2846 diei
1273 2792 1374 2846 sub
1408 2792 1815 2862 intelligentiam
1857 2792 2097 2847 cadentis
2126 2806 2212 2848 reo

641 2885 930 2956 splenduit.
966 2882 1098 2939 Nam
1145 2883 1371 2952 pristina
1422 2884 1615 2939 nebula
1670 2884 1897 2952 abiecta,
1955 2893 2008 2938 et
2060 2885 2208 2938 cultu

641 2974 1033 3044 creaturtejam
1067 2974 1369 3042 repudiato,
1413 2973 1686 3028 Christum
1735 2974 2119 3042 adoraveruut,
2157 2984 2211 3030 et

638 3068 907 3142 quondam
970 3067 1382 3130 infensissimos,
1428 3066 1592 3137 208
1634 3067 1922 3130 lsraelitas,
1969 3068 2205 3137 inquam,

640 3166 1011 3230 mystagogos,
1043 3166 1099 3212 et
1150 3171 1425 3211 sacrorum
1481 3157 1784 3223 antistites,
1832 3167 1887 3211 et
1940 3172 2209 3227 praemon-

2327 1966 2554 2043 Ἀμμὼν
2588 1972 2794 2045 πρῶτοι
2822 1971 3243 2026 ὑπακούσονται.
3274 1972 3427 2027 Μετά
3442 1973 3551 2046 γάρ
3570 1991 3653 2028 τοι
3674 1974 3771 2047 τὴν
3790 1976 3898 2029 τῶν

2326 2063 2592 2117 Ἰουδαίων
2639 2062 2841 2135 χώραν,
2878 2064 3089 2117 ἅπασαι
3136 2062 3321 2118 λοιπὸν
3364 2064 3420 2118 ai
3458 2065 3651 2136 ὄμοροί
3700 2083 3757 2119 τε
3804 2068 3897 2119 καὶ

2313 2154 2570 2223 γείτονες,
2602 2156 2651 2207 εί
2682 2156 2775 2209 καὶ
2803 2154 2883 2207 ἔτι
2911 2155 3263 2226 πορρωτέρω,
3300 2156 3493 2226 μεσταὶ
3524 2158 3623 2227 μὲν
3646 2151 3787 2227 ἦσαν
3820 2160 3896 2211 εἰ·

2311 2245 2686 2318 δωλολατρῶν,
2718 2246 3023 2318 ἀσύμϐατοι
3054 2247 3111 2300 δέ
3143 2250 3254 2319 τοῖς
3295 2251 3603 2319 φρονήμασι
3651 2254 3765 2312 τοῖς
3806 2251 3898 2303 τὸν

2312 2337 2409 2391 ἕνα
2458 2339 2552 2392 καὶ
2596 2338 2763 2408 φύσει·
2784 2339 2878 2393 καὶ
2910 2338 3123 2410 ἀληθῶς
3152 2339 3315 2393 εἰδόσι
3343 2338 3495 2393 Θεόν.
3516 2339 3797 2410 Ἰδουμαῖοί
3836 2358 3891 2394 τε

2312 2433 2408 2484 καὶ
2432 2432 2743 2496 Μωαϐῖται,
2778 2433 2872 2485 καὶ¹
2905 2430 3094 2502 μέντοι
3124 2431 3597 2503 καὶυίοὶἈμμὼν,
3622 2433 3812 2503 ὅμοροι
3834 2452 3890 2486 τε

2309 2515 2449 2591 ἦσαν
2489 2523 2601 2586 τοῖς
2643 2520 2702 2586 ἐξ
2740 2520 2975 2592 Ἰσραὴλ,
3009 2521 3102 2575 καὶ
3145 2522 3361 2590 γείτονα
3399 2522 3498 2593 μὲν
3536 2523 3893 2594 κατενέμοντο

2311 2612 2516 2684 χώραν,
2542 2612 2789 2684 διάφοροι
2826 2611 2883 2666 δέ
2907 2612 3113 2675 δεινῶς,
3155 2613 3249 2667 καὶ
3277 2612 3383 2665 τῶν
3420 2613 3502 2665 ὅτι
3529 2613 3766 2683 μάλιστα
3793 2630 3887 2665 πο-

2309 2704 2677 2773 λεμιωτάτων.
2708 2704 3083 2775 Προσεκύνουν
3111 2702 3169 2755 δὲ
3198 2705 3309 2766 τοῖς
3329 2702 3571 2774 ἄστροις,
3604 2705 3699 2758 καὶ
3726 2705 3794 2758 δι’
3816 2708 3891 2758 αξ-

2308 2794 2435 2859 δοῦς
2463 2796 2680 2866 ἀπάσης
2713 2795 2995 2850 ἐποιοῦντο
3022 2796 3112 2849 τὸν
3144 2795 3471 2867 Ἑωσφόρον,
3499 2797 3888 2870 προῦ[σ]χοντα

2309 2885 2365 2940 δὲ
2403 2885 2511 2939 τῶν
2546 2885 2720 2941 ἄλλων
2750 2887 3057 2942 ἀπεκάλουν
3084 2887 3235 2943 Θεόν.
3256 2890 3395 2943 Ἀλλ’
3415 2891 3599 2954 αὐτοῖς
3625 2891 3721 2944 καὶ
3746 2889 3887 2962 πρώ-

2307 2989 2421 3040 τοις
2450 2974 2679 3048 είςῙνοῦν
2712 2977 2806 3031 καὶ
2832 2978 3057 3049 καρδίαν
3085 2979 3391 3049 ἀνέλαμψεν
3415 2982 3443 3033 6
3470 2980 3685 3053 ἀληθῶς
3721 2983 3883 3035 Έωσο

2311 3065 2509 3136 φόρος.
2564 3067 2660 3120 καὶ
2693 3068 2952 3138 διηύγασε
3003 3069 3101 3140 τῆς
3146 3071 3340 3141 νοητῆς
3383 3071 3598 3143 ἡμέρας
3647 3073 3707 3125 1:6
3754 3074 3882 3142 φῶς.

2324 3156 2783 3229 Ἀποϐεϐληκότες
2826 3158 2882 3212 δὲ
2927 3160 3026 3230 τὴν
3067 3160 3300 3233 ἀρχαίαν
3328 3162 3543 3233 ἐκείνην
3572 3162 3765 3233 ἀχλὺν,
3798 3165 3885 3217 καὶ

636 3259 898 3304 stratores
933 3248 1033 3301 viae
1066 3245 1133 3301 ad
1167 3246 1390 3301 salutem
1428 3247 1769 3317 perducentis
1789 3249 2200 3303 constituerunt.

2311 3248 2365 3301 τὸ
2388 3247 2563 3302 κτίσει
2577 3248 2952 3321 λατρεύεινέτι
2973 3253 3379 3323 παρωσάμενοι,
3410 3258 3885 3326 προσκεκυνήκασι

634 3340 715 3410 τῷ
741 3336 977 3410 Χριστῷ,
1008 3336 1105 3390 καὶ
1128 3337 1256 3400 τοὺς
1288 3335 1456 3390 πάλαι
1481 3337 1937 3407 πολεμιωτάτους,
1972 3356 2043 3408 φη
2054 3338 2114 3408 μὶ
2137 3337 2201 3408 δὴ
2225 3339 2351 3402 τοὺς
2375 3338 2434 3404 ἐξ
2460 3339 2695 3413 Ἰσραὴλ,
2721 3341 2996 3395 ἐποιοῦντο
3024 3345 3415 3413 μυσταγωγοὺς
3446 3345 3541 3399 καὶ
3573 3344 3885 3418 καθηγητὰς

635 3429 756 3483 ὁδοῦ
788 3429 887 3499 τῆς
915 3426 1296 3499 ἀποφερούσης
1327 3428 1407 3490 είς
1432 3428 1726 3499 σωτηρίαν.

710 3520 871 3577 Vens.
901 3520 992 3585 15,
1018 3519 1105 3575 l6.
1151 3518 1212 3573 Et
1243 3521 1463 3576 vastabit
1493 3521 1750 3577 Dominus
1787 3539 1932 3577 mare
1960 3523 2201 3593 Egypti,

635 3624 683 3668 et
724 3612 1018 3667 admovebit
1055 3626 1270 3665 manum
1304 3612 1462 3680 ﬂuvio
1494 3614 1685 3682 spiritu
1718 3615 1961 3676 violenta,
1993 3626 2040 3668 et
2083 3631 2204 3684 pcr-

636 3704 793 3757 cutiet
822 3710 1015 3771 septem
1044 3701 1227 3768 valles,
1256 3714 1310 3756 ut
1332 3713 1565 3759 transeat
1596 3706 1704 3773 ipse
1730 3705 1786 3758 in
1811 3706 2196 3761 calceamentis.

638 3790 711 3848 Et
742 3794 842 3847 erit
886 3794 1141 3847 transitus
1181 3795 1360 3849 relicto
1398 3811 1510 3849 meo
1549 3796 1739 3866 populo
1773 3799 1824 3850 in
1853 3796 2108 3867 IEgypto,
2151 3806 2200 3851 et

634 3885 739 3939 erit
777 3882 987 3953 Israeli,
1019 3885 1173 3955 quasi
1210 3885 1321 3940 dies
1357 3889 1569 3957 quando
1603 3904 1836 3958 egressus
1883 3901 1957 3942 est
1997 3908 2025 3944 ε
2060 3900 2201 3943 terra

636 3974 877 4046 ﬂgypti.

702 4146 956 4202 Inventor
989 4158 1045 4201 et
1085 4157 1238 4217 pater
1282 4149 1514 4217 peccati,
1552 4163 1676 4203 eum
1720 4164 1773 4203 m
1821 4165 2010 4207 omnes
2051 4153 2198 4207 orbis

637 4250 902 4294 terrarum
932 4237 1138 4292 incolas
1180 4237 1464 4307 imperium
1505 4240 1555 4294 vi
1600 4254 1667 4295 ac
1711 4244 1998 4311 tyrannide
2041 4261 2198 4298 usur-

636 4327 803 4396 pavit,
837 4326 1220 4397 hominemque
1244 4336 1396 4381 extra
1427 4337 1580 4397 septa
1612 4330 1855 4386 veritatis
1893 4335 2196 4400 seductum,

636 4418 811 4488 gregis
836 4417 1223 4473 daemoniorum
1253 4418 1513 4474 cultorem
1550 4421 1809 4486 reddidit,
1850 4437 1914 4478 ac
1949 4439 2046 4480 suo
2073 4441 2195 4481 eum

626 4509 756 4577 jago
829 4507 1060 4579 subjecit
1121 4525 1137 4563 :
1207 4520 1319 4563 tum
1394 4523 1526 4565 vero
1590 4509 1835 4584 Egyptii
1893 4529 2002 4584 pra:
2075 4517 2197 4573 aliis

632 4597 1170 4669 superstitiosissimi,
1227 4606 1283 4652 et
1326 4598 1380 4653 in
1434 4597 1539 4655 hoc
1594 4603 1844 4657 acerrimi
1892 4603 2196 4676 impigerri-

632 4688 813 4756 mique
839 4688 1187 4742 exstiterunt.
1221 4685 1448 4741 Delubra
1470 4688 1614 4741 enim
1642 4690 1845 4757 passim
1873 4700 1926 4744 et
1953 4705 2077 4745 aras
2098 4706 2197 4762 per

2380 3520 2489 3575 Kal
2526 3519 2886 3590 ἐξερημώσει
2934 3523 3148 3590 Κύριος
3186 3524 3301 3592 τὴν
3342 3525 3665 3582 θάλασσαν
3709 3532 3883 3600 Atri}-

2308 3624 2483 3676 πτου,
2540 3612 2638 3665 καὶ
2683 3611 2957 3667 ἐπιϐαλεῖ
3000 3614 3115 3682 τὴν
3160 3615 3327 3685 χεῖρα
3383 3618 3570 3673 αὐτοῦ
3628 3620 3729 3675 ἐπὶ
3785 3622 3883 3675 τὸν

2308 3702 2578 3772 ποταμὸν
2626 3704 2917 3773 πνεύματι
2988 3706 3166 3771 ,βιαίῳ
3192 3747 3206 3771 ,
3265 3708 3363 3761 καὶ
3425 3710 3677 3775 πατάξει
3739 3711 3883 3767 ἑπτὰ

2307 3790 2636 3864 φάραγγας,
2660 3792 2817 3848 ὥστε
2845 3794 3298 3864 διαπορεύεσθαι
3335 3800 3523 3853 αὑτὸν
3558 3800 3630 3854 ἐν
3660 3801 3880 3867 ὐποδὴ-

2299 3898 2511 3954 μασιν.
2562 3884 2673 3939 Καὶ
2719 3885 2891 3940 ἐσται
2934 3886 3134 3955 δίοδος
3179 3888 3257 3954 τῷ
3290 3894 3741 3961 καταλειφθέντι
3766 3914 3880 3964 μου

2304 3978 2431 4044 λαῷ
2456 3977 2527 4032 ἐν
2550 3979 2839 4049 Αἰγύπτῳ·
2881 3980 2977 4033 καὶ
3029 3981 3199 4036 ἔσται
3246 3981 3325 4048 τῷ
3362 3986 3608 4055 Ἰσραὴλ
3650 3988 3795 4043 ὡσεὶ
3842 3992 3879 4058 ἠ

2305 4067 2496 4137 ἡμέρα
2524 4067 2622 4123 ὅτε
2651 4069 2912 4139 ἐξῆλθεν
2930 4070 2998 4125 ἐκ
3022 4071 3132 4142 γῆς
3152 4075 3472 4143 Αἰγύπτου.

2376 4156 2700 4230 Κεκράτηκε
2732 4159 2828 4229 μὲν
2865 4161 2929 4212 ἐκ
2967 4159 3278 4226 πλεονεξίας
3303 4163 3411 4217 τῶν
3438 4164 3542 4219 ἀνά
3568 4168 3751 4222 πᾶσαν
3787 4167 3883 4239 τὴν

2305 4246 2396 4299 ὑπ’
2416 4247 2643 4318 οὐρανὸν
2662 4250 2690 4301 6
2712 4249 2810 4319 τῆς
2836 4250 3103 4322 ἁμαρτίας
3126 4252 3352 4327 εύρέτης
3377 4256 3469 4309 καὶ
3491 4260 3692 4329 πατήρ.
3732 4260 3877 4314 Ἀπο-

2304 4335 2635 4411 6ουκολήσας
2664 4343 2761 4411 τῆς
2786 4340 3041 4412 ἀληθείας
3062 4342 3151 4395 τὸν
3172 4343 3475 4416 ἄνθρωπον,
3510 4347 3609 4419 τῆς
3632 4347 3742 4401 τῶν
3760 4349 3869 4404 δαι-

2305 4430 2504 4499 μονίων
2534 4431 2734 4503 ἀγέλης
2761 4432 3012 4486 ἀπετέλει
3044 4437 3440 4509 προσκυνητὴν,
3465 4438 3559 4492 καὶ
3584 4443 3698 4502 τοῖς
3732 4440 3875 4504 ίδίοκ

2304 4521 2548 4574 ὑπετίθει
2577 4522 2779 4591 ζυγοῖς
2816 4527 3102 4596 Αἰγύπτιοι
3127 4527 3183 4580 δὲ
3216 4528 3449 4599 μάλιστα
3484 4530 3875 4602 δεισιδαιμονέ-

2303 4628 2483 4666 στατοι
2509 4631 2583 4667 πα
2593 4614 2662 4684 ρὰ
2682 4617 2808 4680 τοὺς
2841 4618 3031 4680 ἄλλους
3063 4620 3156 4672 καὶ
3178 4620 3339 4675 δεινοὶ
3378 4622 3512 4692 πρὸς
3536 4622 3696 4676 τοῦτο
3721 4625 3876 4693 γεγό-

2300 4720 2441 4760 νασι.
2478 4705 2691 4778 Τεμένη
2739 4707 2847 4780 γὰρ
2879 4704 3019 4780 ἦσαν
3063 4712 3336 4782 πανταχοῦ
3382 4713 3476 4766 καὶ
3512 4711 3691 4784 βωμοὶ
3738 4716 3877 4769 κατά

633 4778 934 4847 regionem,
965 4786 1023 4832 et
1052 4775 1345 4831 simulacra
1391 4776 1601 4832 inﬁnita
1646 4777 1947 4845 habebant,
1979 4792 2034 4837 et
2059 4794 2189 4836 exa-

2311 4793 2399 4865 τὴν
2438 4775 2622 4866 χώραν
2664 4775 2865 4865 αὐτοῖς,
2903 4775 3004 4871 ⁷ἕδη
3050 4817 3109 4853 τε
3156 4775 3343 4874 μυρία,
3396 4802 3490 4856 καὶ
3512 4775 3876 4875 ’ἀγαλμάτων

630 4873 773 4926 mina
804 4872 1105 4943 signorum,
1143 4885 1317 4941 eaque
1347 4870 1401 4926 in
1445 4871 1628 4943 adytis
1661 4871 2033 4927 multiformia.
2079 4873 2192 4928 Ad-

627 4971 856 5015 orarunt
879 4961 1024 5017 enim
1053 4960 1289 5017 volatilia
1316 4971 1371 5016 et
1411 4961 1605 5031 pisces,
1650 4975 1868 5032 capram
1910 4972 1964 5018 et
1996 4978 2148 5020 ovem
2175 4983 2189 5020 :

630 5060 688 5105 et
714 5051 915 5106 vitulus
941 5053 1009 5108 ab
1036 5052 1142 5108 illis
1172 5054 1227 5107 in
1268 5053 1473 5109 honore
1504 5052 1721 5109 habitus
1748 5064 1858 5110 est.
1890 5052 1983 5111 Sic
2013 5066 2190 5110 tamen

629 5141 851 5199 ασθαιοε
892 5144 1076 5199 invisit
1108 5144 1271 5211 Deus,
1298 5153 1354 5199 et
1385 5143 1544 5199 simul
1576 5160 1701 5199 cum
1738 5146 1857 5203 aliis
1882 5147 2094 5202 vocavit
2126 5148 2194 5202 ad

627 5232 800 5288 lucem
823 5244 878 5287 et
898 5234 967 5287 ad
999 5235 1326 5306 agnitionem
1350 5236 1614 5292 veritatis.
1643 5236 2015 5293 Pratdicarunt
2043 5237 2186 5293 enim

627 5327 769 5381 inter
794 5324 916 5380 illos
942 5324 1291 5398 Evangelium
1323 5328 1548 5395 Christi,
1581 5346 1705 5385 cum
1747 5329 1961 5386 Marcus
2004 5334 2192 5388 beatus

622 5414 975 5486 evangelista,
1013 5425 1125 5471 tum
1148 5418 1329 5473 caeteri
1355 5427 1476 5489 post
1506 5418 1658 5474 illum
1685 5419 1799 5474 suis
1833 5423 2186 5491 temporibus,

622 5506 818 5577 partim
842 5508 935 5578 qui
960 5522 1027 5565 ex
1058 5507 1407 5565 Hebrum-um
1433 5511 1657 5581 regione
1682 5525 1966 5578 venerunt,
1990 5516 2185 5584 partim

620 5612 688 5654 ex
728 5598 860 5670 ipsis
898 5600 989 5670 qui
1037 5601 1418 5669 crediderunt,
1456 5602 1627 5661 duces
1670 5606 2082 5675 mysteriorum,
2131 5623 2185 5666 et

690 5754 737 5787 "
765 5753 906 5813 Psal.
938 5769 1197 5823 cxxxvm,
1226 5755 1316 5811 l3.

1614 5880 1726 5896 *τοι
1736 5892 1737 5895 η
1832 5888 1869 5898 ,Α

2300 4886 2487 4957 ἐσμὸς,
2530 4888 2853 4963 πολύμορφά
2881 4909 2939 4947 τε
2968 4892 3039 4947 τά
3067 4896 3125 4947 ἐν
3152 4897 3357 4965 σηκοῖς.
3388 4896 3875 4970 Προσκεκυνήκασι

2300 4979 2410 5050 γὰρ
2456 4984 2678 5053 πτηνοῖς
2723 4984 2818 5038 καὶ
2867 4984 3092 5055 ἰχθύσιν,
3142 4988 3257 5057 αίγὶ
3308 4988 3402 5042 καὶ
3444 4989 3720 5061 προϐάτῳ,
3784 4990 3875 5043 καὶ

2304 5072 2502 5143 μόσχος
2527 5069 2595 5147 ἦν
2619 5075 2679 5130 τὸ
2706 5075 2867 5141 σέϐας
2897 5080 3099 5143 αὐτοῖς.
3137 5080 3298 5134 ’Δλλά
3332 5081 3425 5135 καὶ
3453 5079 3624 5145 οὕτως
3652 5082 3874 5153 ἔχοντας

2300 5165 2665 5219 ἐπεσκέπτετο
2700 5168 2854 5236 Θεὸς,
2894 5170 2989 5224 καὶ
3009 5171 3143 5242 ὁμοῦ
3173 5175 3284 5237 τοῖς
3313 5173 3493 5236 ἀλλοις
3526 5174 3711 5226 ἐκάλει
3740 5176 3874 5243 πρὸς
3902 5220 3911 5225 .

2300 5254 2361 5308 τὸ
2401 5255 2535 5323 φῶς,
2578 5259 2670 5311 καὶ
2712 5258 2848 5331 πρὸς
2885 5261 3179 5330 ἐπίγνωσιν
3214 5262 3492 5333 ἀληθείας.
3534 5262 3871 5334 Διεκήρυξαν

2302 5345 2408 5417 γὰρ
2446 5342 2505 5399 ’ἐν
2538 5349 2674 5421 αὐτῇ
2709 5350 2769 5403 τὸ
2801 5351 3128 5421 Εύαγγέλιον
3158 5352 3252 5406 τοῦ
3290 5353 3524 5427 Χριστοῦ
3557 5354 3784 5424 Μάρκος
3814 5369 3866 5405 τε

2298 5436 2327 5487 ό
2375 5436 2642 5509 μακάριος
2686 5440 3096 5515 εύαγγελιστὴς,
3139 5443 3231 5497 καὶ
3272 5444 3447 5515 ἕτεροι
3478 5442 3532 5497 δὲ
3563 5443 3682 5513 μετ’
3709 5441 3865 5496 αὑτὸν

2296 5527 2438 5580 κατά
2465 5530 2706 5598 καιρούςο
2747 5532 2904 5587 τοῦτο
2931 5535 3029 5605 μὲν
3055 5537 3119 5589 ἐκ
3137 5536 3235 5605 τῆς
3266 5535 3531 5607 Ἐϐραίων
3559 5532 3860 5606 ὁρμώμενοι

2292 5615 2495 5688 χώρας,
2546 5617 2702 5673 τοῦτο
2740 5621 2798 5675 δέ
2841 5624 2937 5679 καὶ
2977 5624 3037 5691 ἐξ
3070 5627 3251 5682 αὐτῶν
3288 5626 3395 5682 τῶν
3426 5626 3857 5680 πεπιστευκότων
