4742 6556
900 426 1010 485 559

1898 438 1954 493 S.
1998 438 2274 497 CYNLLI
2312 443 2782 500 ALEXANDRINI
2819 447 3138 503 ARUHIEP.

4072 445 4178 501 3&9

904 557 959 598 et
990 547 1255 616 propheta
1287 547 1461 604 lsaias
1492 549 1625 606 dicit
1656 565 1671 604 :
1708 569 1727 603 t
1768 550 1826 606 Si
1860 552 2023 609 fuerit
2062 572 2319 613 numerus
2353 558 2491 613 ﬁlio-
2521 564 2567 620 Α
2594 560 2777 614 τέλεκε

2306 574 2319 613 ι
2353 558 2491 613 ﬁlio-
2521 564 2567 620 Α
2594 560 2813 615 τέλεκεν
2838 562 2981 616 οὕτω
3006 561 3198 635 ξηρὰς,
3228 563 3303 628 ὡς
3323 562 3739 634 διαπορεύεσθαι
3764 561 3933 625 αὑτὰς
3957 563 4016 615 ἐν
4048 560 4179 613 ὕπο-

916 653 1034 693 rum
1082 638 1248 695 Israel
1282 641 1429 696 velut
1473 657 1638 698 arena
1684 644 1876 711 maris,
1910 646 2151 716 reliquiae
2195 650 2494 705 servabun-

905 740 994 783 tur
1030 730 1097 785 ".
1150 748 1171 783 ι
1236 732 1498 790 Primitias
1563 750 1691 791 vero
1740 738 1889 793 velut
1941 740 2287 810 reliquiarum
2350 742 2493 798 beati

907 828 1068 873 erant
1096 820 1370 892 discipuli,
1407 834 1461 879 et
1503 827 1594 895 qui
1643 842 1764 882 cum
1818 828 1927 885 illis
1976 829 2215 898 fuerunt,
2262 847 2491 901 quorum

906 926 1047 965 unus
1076 922 1198 969 erat
1226 914 1447 972 divinus
1471 917 1707 976 Marcus.
1743 920 1862 976 Erit
1893 922 2085 989 etiam,
2117 924 2312 995 inquit,
2336 926 2491 994 quasi

913 1001 1053 1068 dies,
1087 1006 1305 1072 quando
1330 1008 1537 1076 egressi
1569 1019 1697 1064 sunt
1728 1026 1796 1066 ex
1827 1011 2084 1083 Egyplo,
2112 1013 2166 1069 id
2194 1024 2277 1070 est
2301 1017 2391 1086 qui
2426 1031 2493 1071 ex

906 1095 1176 1163 sanguine
1201 1096 1499 1155 Israelitico
1521 1103 1648 1169 orti,
1677 1102 1921 1159 divinum
1943 1114 1997 1161 et
2020 1106 2243 1162 cmleste
2266 1107 2490 1163 verbum

906 1183 1015 1239 illis
1059 1186 1153 1256 qui
1206 1198 1366 1243 erant
1405 1190 1460 1244 in
1501 1189 1735 1264 Egypto
1781 1196 2169 1264 praedicarunt,
2219 1198 2493 1267 impendio

908 1278 1245 1346 gaudebunt,
1268 1283 1727 1349 quemadmodum
1757 1300 1890 1342 sane
1918 1287 2009 1343 illo
2031 1289 2120 1344 die
2146 1290 2319 1358 gavisi
2341 1299 2489 1357 sunt,

908 1381 1032 1421 cum
1072 1382 1103 1423 e
1134 1377 1277 1424 terra
1315 1368 1538 1441 Λεωτριί
1572 1373 1879 1429 exiverunt.
1924 1374 2139 1432 Rursus
2178 1378 2325 1432 enim
2358 1378 2432 1432 illi
2463 1393 2493 1432 e

908 1461 1173 1516 servitute
1198 1461 1524 1535 Egyptiaca
1553 1467 1724 1535 erepti
1759 1475 1904 1523 sunt.
1939 1466 2040 1535 Qui
2071 1479 2251 1523 autem
2283 1470 2493 1524 divino-

912 1569 1031 1609 rum
1060 1558 1454 1625 praeconiorum
1488 1559 1718 1614 ministri
1768 1560 1896 1615 facti
1945 1573 2093 1623 sunt,
2126 1571 2182 1616 et
2216 1562 2493 1631 evangeli-

911 1662 1100 1702 corum
1133 1649 1516 1705 vaticiniorum
1558 1652 1814 1706 custodes
1851 1652 1961 1706 veri
1994 1667 2058 1707 ac
2097 1654 2342 1723 genuini,
2382 1670 2487 1707 non

915 1738 1177 1792 servitute
1206 1740 1413 1795 carnali
1454 1742 1764 1797 liberabant
1798 1741 2105 1814 Egyptios,
2144 1745 2237 1797 sed
2269 1758 2299 1796 c
2331 1759 2489 1797 manu

914 1827 1120 1884 diaboli
1149 1840 1449 1896 extractos,
1480 1831 1680 1887 liberos
1713 1832 2086 1887 reddiderunt.
2132 1832 2197 1887 Et
2230 1832 2489 1887 interme-

915 1921 1100 1978 diante
1128 1924 1345 1992 quidem
1379 1924 1785 1994 sapientissimo
1816 1923 1984 1989 Mose,
2028 1924 2223 1980 ﬂuvius
2263 1926 2317 1979 iu
2366 1942 2494 1979 san-

915 2015 1135 2084 guinem
1180 2030 1478 2071 conversus
1502 2026 1587 2071 est
1618 2033 1633 2073 :
1666 2032 1813 2072 nunc
1842 2030 1972 2072 vero
2008 2016 2149 2071 facta
2190 2016 2296 2071 illis
2325 2024 2409 2072 est
2444 2018 2495 2071 in

915 2103 1137 2158 Christo
1161 2118 1302 2174 aqua
1327 2104 1631 2160 salutifera.
1660 2105 1953 2161 Servantur
1982 2106 2126 2161 enim
2154 2121 2252 2175 per
2277 2121 2495 2162 sacrum

916 2195 1207 2264 baptisma.
1254 2195 1512 2253 Snﬂ'ucati
1548 2208 1659 2252 tum
1702 2198 1923 2253 fuerunt
1952 2198 2027 2252 illi
2074 2198 2165 2268 qui
2201 2214 2349 2254 mare
2380 2198 2498 2253 Ru-

919 2286 1077 2342 brum
1104 2287 1398 2351 intrarunt,
1422 2297 1807 2358 persequentes
1830 2287 2081 2344 lsraelem
2111 2307 2125 2343 :
2150 2298 2209 2344 at
2235 2306 2264 2343 a
2293 2292 2499 2345 sanctis

920 2377 1181 2449 apostolis
1210 2379 1384 2433 edocti
1427 2389 1574 2446 sunt,
1607 2395 1671 2434 ex
1706 2380 1868 2450 hujus
1905 2381 2028 2436 vita:
2060 2382 2218 2437 undis
2255 2390 2498 2445 enatare,

921 2480 977 2526 et
1009 2486 1075 2527 ex
1111 2474 1402 2528 mundanis
1434 2470 1688 2527 ﬂuctibus
1721 2473 1945 2528 eluctari
1981 2474 2215 2529 fortiter.
2258 2474 2503 2529 Incubuit

924 2562 1033 2619 illis
1066 2564 1273 2633 grando
1316 2565 1612 2620 vehemens
1646 2574 1702 2619 et
1739 2564 2078 2620 validissima
2111 2583 2124 2619 :
2154 2574 2210 2619 at
2242 2566 2330 2620 ubi
2383 2581 2500 2635 my-

928 2651 1071 2708 stico
1103 2667 1358 2709 sermone
1388 2654 1811 2723 dispensationis
1844 2654 1899 2709 in
1931 2669 2097 2710 carne
2129 2655 2326 2710 initiati
2356 2665 2501 2719 sunt,

924 2739 1103 2810 pluvia
1131 2740 1311 2795 divina
1339 2740 1395 2796 in
1422 2751 1659 2798 mentem
1699 2756 1886 2797 eorum
1928 2742 2163 2798 demissa
2199 2742 2504 2799 fructuosos

924 2832 1179 2888 reddidit.
1213 2831 1503 2889 Profunda:
1538 2842 1594 2890 et
1623 2835 1786 2889 trium
1820 2835 2029 2890 dierum
2066 2836 2244 2905 spatio
2273 2837 2505 2892 inductae

926 2933 1057 2980 sunt
1084 2927 1323 2982 tenebrae
1352 2946 1367 2982 :
1401 2927 1499 2982 sed
1541 2928 1596 2982 in
1635 2927 1753 2982 luce
1790 2929 1987 2983 versati
2028 2940 2176 2985 sunt.
2222 2930 2505 2985 Luxerunt

929 3014 1262 3086 primogenia
1299 3019 1441 3073 :sed
1490 3032 1586 3073 cos
1617 3018 1854 3073 servavit
1895 3032 1960 3072 ex
2006 3029 2181 3075 morte
2226 3029 2281 3076 et
2318 3036 2505 3075 corru-

924 3108 1112 3176 ptione
1140 3108 1539 3180 PrimOgcnitus
1594 3124 1661 3164 ex
1702 3110 1954 3176 mortuis,
2000 3110 2052 3165 id
2091 3121 2201 3178 est,
2235 3112 2500 3167 Christus.

2595 649 2658 719 δή
2667 667 2815 720 μασι.
2836 652 2970 704 Τότε
2987 652 3072 722 δὴ,
3090 651 3236 718 τότε,
3265 653 3452 723 φησιν,
3472 652 3624 706 ἔσται
3650 652 3817 715 δίοδος
3842 654 3900 705 ἐν
3916 650 4180 719 Δίγύπτῳ

2595 740 2672 811 τῷ
2692 742 3104 811 καταλειφθέντι
3137 759 3240 815 μου
3262 743 3395 814 λαῷ.
3427 744 3536 798 Καὶ
3552 745 3701 807 ποῖος
3725 735 3882 806 οὗτος
3903 738 3973 813 ἦν
3995 758 4010 806 ;
4037 743 4098 793 Ol
4122 741 4185 806 ἐξ

2595 832 2814 904 Ἰσραὴλ
2881 834 3290 902 πιστεύσαντες,
3342 836 3475 906 περί
3531 828 3606 889 ὧν
3663 835 3757 887 καὶ
3810 837 3841 887 ὁ
3890 834 4183 903 προφήτης

2607 924 2853 989 Ἡσαΐας
2911 944 2929 976 ι
2982 927 3107 979 Ἐὰν
3240 928 3270 980 ό
3313 927 3545 999 ἀριθμὸς
3590 927 3700 981 τῶν
3767 926 3902 980 υίῶν
3966 925 4183 996 Ἰσραὴλ

2594 1016 2671 1079 ὡς
2713 1017 2747 1087 ή
2795 1016 2979 1087 ἄμμος
3002 1019 3103 1089 τῆς
3130 1019 3426 1091 θαλάσσης,
3456 1020 3520 1073 τὸ
3553 1019 3903 1091 κατάλειμμα
3937 1020 4179 1090 σωθήσε-

2591 1123 2704 1161 ται.
2736 1125 2756 1157 ι
2807 1107 3051 1179 Ἀπαρχὴ
3084 1108 3142 1161 δὲ
3168 1110 3360 1180 ὥσπερ
3391 1110 3487 1163 τοῦ
3519 1109 3959 1180 καταλείμματος
3990 1109 4041 1162 οί
4079 1126 4182 1178 μα-

2595 1199 2777 1269 κάριοι
2827 1200 3065 1271 μαθηταὶ
3091 1202 3185 1255 καὶ
3206 1203 3255 1255 oi
3285 1204 3382 1256 σὺν
3406 1203 3611 1269 αὐτοῖς,
3637 1197 3713 1255 ὧν
3750 1198 3832 1265 εἷς
3864 1202 4055 1270 γέγονε
4087 1199 4182 1254 καὶ

2593 1292 2622 1344 ό
2648 1289 2936 1356 θεσπέσιος
2968 1293 3215 1362 Μάρκος.
3262 1294 3425 1347 Ἀλλὰ
3466 1294 3561 1347 καὶ
3594 1294 3771 1358 ἔσται,
3808 1294 3996 1363 φησιν,
4038 1293 4115 1355 ὡς
4146 1293 4182 1361 ἡ

2593 1382 2799 1453 ἡμέρα,
2832 1382 2921 1435 ὅτε
2953 1382 3176 1452 ἐξῆλθον
3209 1385 3274 1437 ἐκ
3301 1385 3407 1452 γῆς
3433 1382 3729 1451 Αἰγύπτου·
3761 1382 3905 1436 τοῦτ’
3936 1380 4103 1441 ἐστιν,
4131 1380 4185 1432 οἱ

2594 1473 2653 1538 ἐξ
2684 1473 2913 1543 αἵματος
2940 1473 3176 1545 Ἰσραὴλ,
3209 1474 3301 1528 τὸν
3331 1474 3474 1528 θεῖόν
3514 1492 3577 1527 τε
3616 1475 3709 1529 καὶ
3736 1473 3993 1544 οὐράνιον
4026 1472 4185 1539 λόγου

2594 1567 2705 1628 τοῖς
2760 1566 2820 1617 ἐν
2863 1565 3125 1637 Αἰγύπτῳ
3166 1565 3611 1639 διακηρύξαντες,
3659 1566 3989 1637 ἡσθήσονται
4040 1562 4183 1625 λίαν,

2594 1652 2845 1723 καθάπερ
2878 1653 3070 1723 ἀμέλει
3113 1654 3207 1709 καὶ⁵
3237 1657 3355 1708 κατ’
3387 1655 3607 1725 ἐκείνην
3640 1653 3886 1725 ἥσθησαν
3910 1654 4014 1724 τὴν
4048 1651 4187 1721 ἡμέ-

2598 1762 2721 1814 ραν,
2771 1746 2859 1798 ὅτε
2902 1744 3129 1816 ἐξῆλθον
3154 1748 3218 1799 ἐκ
3258 1747 3361 1816 γῆς
3393 1746 3692 1816 Αἰγύπτου.
3740 1746 3911 1799 Πάλιν
3946 1746 4046 1816 μὲν
4077 1744 4189 1813 γὰρ

2595 1838 2751 1890 αὐτοὶ
2775 1837 2871 1907 τῆς
2900 1838 2957 1891 ἐν
2983 1836 3243 1908 Αίγύπτῳ
3265 1838 3512 1901 δουλείας
3541 1836 3959 1907 ἀπεκομίζοντο.
3996 1838 4188 1907 Κηρυ-

2596 1927 2822 1997 γμάτων
2865 1926 2923 1979 δὲ
2960 1925 3068 1980 τῶν
3092 1926 3252 1980 θείων
3297 1929 3574 1999 ἱερουργοὶ
3601 1930 3904 1997 γεγονότες,
3952 1928 4049 1981 καὶ
4078 1926 4188 1978 τῶν

2597 2017 2969 2087 εύαγγελικῶν
2997 2017 3387 2089 θεσπισμάτων
3418 2020 3612 2090 ταμίαι
3640 2020 3876 2089 γνήσιοι,
3902 2019 3965 2072 οὐ
3991 2035 4185 2088 σαρκι·

2598 2113 2702 2181 κης
2735 2109 2980 2174 δουλείας
3011 2110 3355 2182 ἀπήλλαττον
3400 2111 3754 2179 Αἰγυπτίους,
3784 2110 3920 2165 ἀλλὰ
3956 2109 4057 2179 τῆς
4092 2106 4186 2161 τοῦ

2598 2201 2845 2256 διαϐόλου
2870 2202 3052 2274 χειρὸς
3073 2202 3346 2270 ἐξελόντες
3367 2201 3682 2270 ἐλευθέρους
3714 2201 4027 2255 ἀπετέλουν,
4073 2201 4183 2253 Καὶ

2605 2292 2980 2365 μεσιτεύοντος
3002 2294 3095 2346 τοῦ
3117 2293 3214 2363 μὲν
3240 2292 3381 2366 [τοῦ]
3400 2295 3677 2362 πανσόφου
3693 2292 4005 2357 Misissem-6
4023 2308 4184 2345 ποτα-

2607 2385 2707 2455 μὸς
2735 2386 2815 2447 εἰς
2847 2379 2986 2454 αἷμα
3022 2385 3469 2455 μετεσκευάζετο·
3510 2384 3630 2437 νυνὶ⁸
3661 2384 3718 2437 δέ
3747 2383 3972 2452 γέγονεν
4004 2383 4191 2444 αὐτοῖς

2604 2479 2661 2529 ἐν
2695 2475 2919 2546 Χριστῷ
2938 2477 2999 2528 τὸ
3026 2475 3169 2548 ὕδωρ
3193 2479 3475 2548 σωτήριον.
3500 2474 3829 2544 Σεσώσμεθα
3851 2473 3961 2544 γάρ
3981 2472 4071 2525 διά
4096 2472 4190 2525 τοῦ

2603 2568 2764 2635 ἁγίου
2820 2566 3212 2637 βαπτίσματος.
3247 2568 3658 2635 Κατεπνίγοντο
3689 2566 3809 2619 τότε
3838 2568 3903 2636 τῇ
3953 2564 4193 2635 Ἐρυθρᾷ

2606 2660 2848 2729 θαλάσσῃ
2882 2658 3355 2730 προσϐεϐληκότες
3392 2659 3442 2711 oi
3485 2656 3773 2720 διώκοντες
3815 2657 3907 2709 τὸν
3946 2655 4189 2726 Ἰσραήλο

2605 2750 2957 2821 ἐδιδάχθησαν
2977 2749 3030 2803 δὲ
3050 2749 3140 2804 διὰ
3162 2751 3271 2802 τῶν
3288 2749 3459 2818 ἁγίων
3475 2748 3807 2808 ἀποστόλων,
3831 2748 3923 2800 τὸν
3938 2746 4034 2800 τοῦ
4061 2762 4196 2813 παρ-

2606 2843 2756 2906 όντος
2788 2840 3135 2912 διανήχεσθαι
3175 2841 3289 2911 βίου
3318 2840 3583 2905 κλύδωνα,
3607 2841 3700 2893 καὶ
3739 2838 4002 2909 κυμάτων
4032 2838 4194 2907 ἀμεί-

2609 2951 2733 2997 νους
2763 2932 2993 3004 ὁρᾶσθαι
3029 2931 3310 3003 κοσμικῶν
3330 2947 3342 2960 ·
3383 2930 3683 2984 ἐπέπιπτεν
3714 2930 3894 2991 αὐτοῖς
3926 2929 3960 2997 ὴ
3984 2926 4194 2997 χάλαζα

2606 3023 2727 3077 τότε
2758 3022 2907 3093 δεινὴ
2937 3023 3030 3075 καὶ
3064 3008 3448 3093 ραγδαιοτάτη.
3501 3020 3719 3091 Ἐπειδὴ
3746 3019 3803 3072 δὲ
3836 3016 4196 3089 μεμυσταγὼ-

2607 3133 2801 3186 γηνται
2837 3115 2937 3185 τῆς
2973 3115 3111 3186 μετά
3151 3114 3347 3185 σαρκὸς
3376 3112 3685 3182 οἰκονομίας
3717 3111 3806 3165 τὸν
3836 3110 4013 3179 λόγον,
4042 3110 4197 3171 ὑετὸς

929 3197 1164 3255 Proinde
1227 3202 1281 3256 in
1344 3203 1430 3257 his
1485 3202 1739 3258 omnibus
1792 3211 2217 3259 consentaneum
2280 3215 2398 3261 erat
2448 3216 2574 3289 utc
2607 3211 2791 3272 αὐτοῖς

2326 3215 2398 3260 rat
2448 3216 2505 3261 ut
2531 3230 2574 3289 ο
2607 3211 2791 3272 αὐτοῖς
2814 3209 2842 3261 ό
2860 3208 2999 3271 θεῖος
3015 3208 3095 3271 είς
3111 3205 3233 3259 νοῦν
3254 3204 3652 3276 καταϐέϐηκεν,
3674 3204 3987 3274 ἐγκάρπους
4007 3201 4199 3253 ἀποτε-

926 3291 1189 3347 ιειιεεῑίιαι
1248 3292 1600 3356 laetarentur,
1654 3293 2108 3362 quemadmodum
2160 3296 2250 3351 ubi
2302 3297 2504 3366 egressi
2614 3300 2799 3355 λῶν.Ε

2325 3297 2504 3366 egressi
2614 3301 2743 3355 λῶν.
2775 3299 2953 3363 Βαθὺς
2980 3299 3075 3353 καὶ
3097 3299 3396 3369 τριήμερος
3424 3297 3779 3366 ἐπενήνεκται
3823 3294 4032 3354 σκότος’
4061 3292 4198 3345 ἀλλὰ

927 3393 1085 3438 erant
1120 3384 1222 3452 ipsi
1254 3400 1320 3439 ex
1356 3393 1496 3439 terra
1518 3384 1761 3455 Egypti.

2612 3392 2901 3461 γεγόνασιν
2922 3392 2979 3443 ἐν
3001 3392 3159 3460 φωτὶ.
3182 3389 3562 3460 Τεθρηνήκασι
3581 3386 3650 3439 τὰ
3672 3384 3997 3455 πρωτότοκα
4012 3399 4027 3412 ο
4062 3381 4202 3436 ἀλλὰ

930 3474 1173 3528 σέσωκεν
1189 3475 1386 3537 αὐτοὺς
1410 3477 1476 3529 ἐκ
1501 3474 1732 3530 θανάτου
1755 3476 1850 3531 καὶ⁸
1874 3477 2079 3550 φθορᾶς
2108 3480 2506 3551 όΠρωτότοκος
2555 3484 2619 3536 ἐκ
2652 3482 2883 3553 νεκρῶν,
2942 3481 3085 3535 τοῦτ’
3136 3480 3271 3540 ἔστι,
3337 3476 3594 3550 Χριστός.
3661 3475 3778 3529 Ἐπ’
3830 3470 3927 3528 οὖν
3989 3472 4201 3536 τούτοις

930 3570 1106 3625 ἅπασι
1137 3570 1349 3642 χαίρειν
1375 3565 1447 3643 ἦν
1474 3571 1768 3625 ἀκόλουθον
1813 3575 1939 3637 τοὺς
1981 3574 2039 3642 ἐξ
2076 3576 2311 3648 Ἰσραὴλ,
2342 3578 2417 3642 ὼς
2460 3580 2548 3632 ὅτε
2575 3576 2798 3649 ἐξῆλθον
2828 3578 2982 3632 αὐτοὶ
3006 3577 3071 3630 ἐκ
3097 3576 3199 3646 γῆς
3219 3573 3518 3642 Αἰγύπτου.

1005 3664 1168 3722 Vsus.
1200 3666 1253 3730 1,
1294 3666 1350 3719 2.
1400 3666 1466 3720 Et
1497 3668 1638 3722 dices
1678 3669 1733 3722 in
1763 3671 1846 3723 die
1889 3670 1983 3725 illa
2018 3685 2035 3724 :
2075 3670 2391 3729 Benedicam
2438 3684 2508 3742 te,

939 3756 1313 3826 Domine,quiu
1341 3758 1508 3811 iratus
1537 3773 1588 3811 es
1620 3758 1832 3825 mihi,et
1853 3761 2089 3816 nvenisti
2114 3762 2347 3831 furerent
2367 3775 2512 3817 tuum

932 3868 966 3904 ο
1004 3866 1109 3915 iure,
1140 3859 1193 3905 et
1218 3850 1463 3904 misertus
1493 3867 1549 3905 es
1576 3852 1697 3906 mei.
1724 3852 1861 3907 Ecce
1899 3853 2037 3908 Dens
2066 3871 2231 3921 meus,
2263 3855 2511 3911 Servatur

932 3957 1082 3997 metu
1110 3940 1387 3997 Dominus.
1425 3942 1704 4013 Conﬁdam
1753 3944 1824 4008 ei,
1873 3955 1919 4000 et
1945 3946 2122 4001 saivus
2149 3964 2237 4002 ero
2268 3948 2323 4002 in
2352 3964 2431 4011 eo,
2462 3958 2514 4001 et

936 4048 1042 4087 non
1069 4032 1280 4101 timebo,
1304 4035 1554 4104 quoniam
1588 4035 1759 4105 gloria
1794 4053 1930 4100 mea,
1959 4045 2009 4092 et
2047 4037 2164 4093 laus
2194 4055 2310 4093 mea
2335 4037 2519 4093 Domi-

937 4140 1065 4190 nus,
1084 4135 1132 4181 et
1159 4126 1330 4194 [actas
1357 4135 1434 4181 est
1472 4127 1601 4181 mihi
1626 4127 1681 4182 in
1701 4127 1946 4183 salutent.

1011 4412 1147 4469 ϐυιη
1170 4413 1401 4468 dixisset
1431 4423 1779 4470 conservatos
1810 4428 1932 4471 esse
1956 4414 2183 4486 gentiles
2223 4417 2383 4487 211
2428 4432 2523 4486 per

944 4504 1102 4561 ﬁdem
1136 4519 1193 4559 tn
1222 4503 1531 4570 Christum,
1575 4514 1631 4560 et
1665 4505 1732 4560 ad
1782 4505 2111 4577 agnitionem
2158 4510 2405 4565 veritatis
2441 4525 2525 4565 ve-

944 4598 1109 4662 nisse,
1131 4596 1220 4667 qui
1256 4611 1370 4667 prae
1403 4595 1525 4652 aliis
1566 4599 2085 4667 superstitiosissimi
2117 4609 2297 4665 erant,
2328 4603 2523 4656 merito

941 4705 1041 4747 nos
1082 4690 1466 4747 benedicentes
1503 4688 1822 4746 introduxit.
1878 4689 2015 4746 Nam
2047 4691 2310 4749 liberatos
2355 4692 2525 4748 fuisse

942 4783 1167 4839 omnino
1183 4783 1368 4852 priore
1383 4782 1725 4852 ignoratione
1748 4798 1857 4853 qua
1876 4784 2149 4854 principio
2178 4784 2519 4847 laborabant,

944 4882 1003 4929 et
1025 4871 1242 4929 demum
1292 4888 1587 4931 conversos
1611 4888 1731 4930 esse
1774 4883 1833 4930 ut
1860 4890 1924 4931 ea
1952 4888 2206 4948 saperent
2253 4893 2376 4947 quae
2422 4877 2523 4933 soli

945 4962 1186 5018 servanti
1218 4964 1330 5020 Deo
1364 4963 2005 5033 placentzdocumentum
2039 4967 2391 5024 manifestum
2430 4970 2522 5035 sit,

947 5051 1093 5120 quod
1116 5052 1182 5111 ad
1213 5052 1309 5109 Dei
1348 5053 1575 5125 gloriam
1607 5053 2023 5119 decantaudam,
2052 5066 2107 5110 et
2129 5056 2275 5111 velut
2313 5059 2382 5111 ad
2410 5058 2525 5127 spi-

948 5142 1146 5199 rituale
1166 5144 1436 5213 quoddam
1495 5146 1791 5215 gratiarum
1841 5146 2073 5202 actionis
2098 5150 2428 5205 sacriﬁcium
2472 5148 2522 5204 ei

949 5228 1281 5289 oﬂ'erendum
1325 5233 1671 5305 instigantur.
1707 5235 1888 5304 Quare
1909 5239 2009 5292 sub
2032 5236 2084 5293 id
2118 5240 2397 5308 temporis,
2438 5241 2525 5293 in-

951 5322 1090 5394 quit,
1123 5310 1231 5392 quo
1284 5323 1381 5378 ﬁet
1434 5326 1693 5381 transitus
1728 5325 1783 5379 iu
1840 5323 2097 5397 Egypto,
2136 5328 2242 5384 hoc
2286 5337 2393 5392 est,
2422 5328 2531 5384 illis

951 5411 1249 5483 evangelici
1289 5424 1346 5471 et
1379 5415 1639 5471 salutaris
1680 5417 1831 5472 verbi
1878 5419 2263 5486 praeconibus:
2300 5419 2405 5487 Tu,
2446 5422 2529 5477 in.

952 5506 1093 5577 quit,
1123 5504 1216 5575 qui
1252 5505 1309 5561 in
1336 5504 1463 5561 altis
1501 5506 1630 5561 olim
1654 5517 1903 5564 versatus
1927 5521 1987 5563 es
2019 5511 2280 5577 tenebris,
2317 5522 2371 5568 et
2413 5530 2528 5570 ma-

952 5612 1091 5666 gnus
1115 5596 1403 5653 idololatra
1430 5597 1707 5664 exstitisti,
1741 5609 1797 5654 et
1828 5599 2217 5656 daemoniorum
2262 5603 2525 5675 impastu-

953 5688 1034 5744 ris
1083 5689 1437 5745 conturbatus
1468 5703 1560 5756 es,
1596 5702 1717 5745 cum
1758 5688 1923 5746 animi
1971 5689 2146 5749 oculis
2188 5692 2357 5752 lucem
2398 5713 2529 5754 con-

1027 5840 1073 5873 "
1096 5840 1201 5898 lsa.
1226 5858 1280 5909 ι,
1303 5840 1390 5900 22.

2694 3675 2799 3730 Καὶ
2841 3675 2996 3743 ἐρεῖς
3027 3674 3096 3727 ἐν
3139 3672 3215 3742 τῇ
3252 3671 3443 3741 ἡμέρᾳ
3481 3670 3705 3737 ἐκείνῃο
3731 3665 4066 3735 Εὐλογήσω
4108 3679 4201 3721 σε.

2620 3770 2814 3837 Κύριε,
2862 3766 3011 3821 διότι
3043 3765 3343 3833 ὠργίσθης
3372 3780 3495 3831 μοι,
3541 3759 3642 3814 καὶ
3682 3757 4073 3825 ἀπέστρεψας
4101 3753 4203 3805 τὼ·

2620 3861 2813 3930 θυμόν
2873 3873 2992 3913 σου
3040 3856 3140 3911 ἀπ’
3201 3853 3371 3924 ἐμοῦ,
3428 3852 3527 3907 καὶ
3572 3848 3849 3919 ἠλέησάς
3886 3864 3984 3917 με.
4048 3843 4204 3900 Ἰδοὺ

2619 3952 2653 4005 ό
2698 3951 2841 4015 Θεός
2875 3966 3013 4019 μου,
3061 3946 3262 4013 Σωτήρ
3301 3962 3422 4014 μου
3455 3944 3691 4011 Κύριος,
3731 3937 4033 4003 πεποιθὼς
4060 3935 4200 3989 ἔσο-ν

2615 4062 2722 4116 μαι
2788 4042 2881 4096 ἐπ’
2935 4039 3115 4106 αὐτῷ,
3170 4039 3269 4094 καὶ
3326 4036 3677 4105 σωθήσομαι
3739 4032 3811 4085 ἐν
3864 4028 4047 4094 αὐτῷ,
4106 4025 4200 4078 καὶ

2614 4138 2687 4191 οὐ
2756 4132 3204 4204 φοϐηθήσομαι,
3271 4130 3421 4184 διότι
3493 4129 3532 4196 ἡ
3602 4126 3755 4190 δόξα
3811 4139 3936 4192 μου
4000 4119 4101 4172 καί
4165 4117 4201 4181 ἡ

2616 4228 2853 4294 αΖνεσίς
2906 4244 3027 4297 μου
3074 4225 3310 4293 Κύριος,
3365 4220 3465 4275 καὶ
3522 4218 3762 4287 ἐγένετό
3802 4232 3906 4285 μοι
3954 4215 4043 4278 είς
4093 4226 4204 4263 σωο

2618 4323 3107 4465 τνὲῗζσεσῶσθαι
3159 4404 3333 4472 λέγων
3379 4403 3506 4465 τοὺς
3548 4399 3607 4465 ἐξ
3647 4397 3817 4453 ἐθνῶν
3852 4394 3944 4448 διὰ
3970 4393 4204 4453 πίστεως

2622 4503 2723 4573 τῆς
2765 4504 2844 4566 είς
2878 4497 3132 4570 Χριστὸν,
3166 4496 3262 4549 καὶ
3294 4497 3374 4559 είς
3406 4493 3700 4561 ἐπίγνωσιν
3734 4487 3995 4558 ἀληθείας
4032 4484 4200 4537 ἐλθεῖν

2554 4568 2601 4625 D
2625 4568 2752 4657 τοὺς
2799 4593 2880 4645 ὅτι
2933 4568 3165 4661 μάλιστα
3212 4586 3320 4640 τῶν
3371 4582 3544 4639 ἄλλων
3590 4576 4198 4648 δεισιδαιμονεστάτους,

2627 4684 2853 4746 εἰκότως
2916 4681 3113 4743 αὐτοὺς
3170 4674 3583 4743 δοξολογοῦντας
3642 4672 3906 4740 εἰσφέρει.
3941 4666 4050 4719 Τοῦ
4098 4665 4199 4733 γάρ

2629 4774 2971 4848 ἀπηλλάχθαι
3024 4771 3124 4842 μὲν
3168 4767 3474 4839 όλοτρόπως
3513 4765 3612 4835 τῆς
3660 4760 3884 4833 πρώτης
3928 4776 3987 4812 τε
4030 4759 4122 4811 καὶ
4146 4756 4199 4807 ἐν

2627 4871 2824 4942 ἀρχαῖς
2851 4865 3078 4935 ἐνούσης
3105 4862 3288 4925 αὐτοῖς
3314 4857 3572 4931 ἀμαθίας,
3604 4853 3997 4942 μεταφοιτῆσαι
4021 4850 4076 4902 δέ
4100 4848 4197 4942 iot-

2629 4934 2735 5015 πδζὲ
2760 4959 2840 5022 είς
2871 4974 2935 5027 γε
2962 4934 3264 5009 τδνέλέσθαι
3298 4950 3511 5020 φρονεῖν
3540 4945 3611 4999 τὰ
3638 4942 3790 5013 αὐτῷ
3824 4940 4082 4993 δοκοῦντα
4114 4934 4199 4989 καὶ

2629 5052 2778 5124 μόνῳ
2802 5050 2883 5121 τῷ
2913 5046 3237 5102 διασώσαντι
3258 5042 3396 5112 Θεῷ,
3426 5037 3623 5109 γένοιτ’
3654 5036 3720 5090 ἂν
3752 5031 4022 5097 ἀνάδειξις
4055 5031 4197 5124 ἐναρι

2627 5118 2758 5213 γὴς,
2781 5118 3181 5208 τδνέπείγεσθαι
3212 5134 3531 5202 δοξολογεῖν,
3565 5130 3661 5184 καὶ
3684 5126 3938 5195 καθάπερ
3964 5121 4081 5175 τινὰ
4106 5118 4195 5213 θυο

2628 5211 2752 5290 σίαν
2766 5250 2897 5287 πνευ
2905 5230 3140 5304 ματικὴν
3153 5224 3541 5299 προσκομίξειν
3559 5220 3709 5291 αὑτῷ
3724 5219 3822 5282 τὰς
3838 5211 4193 5304 εὐχαριστίας.

2628 5325 2843 5381 Οὐκοῦν
2874 5297 2993 5376 κατ’
3024 5297 3221 5383 ἐκεῖνο,
3249 5318 3402 5389 φησὶ,
3428 5315 3521 5369 τοῦ
3551 5309 3766 5383 καιροῦ,
3796 5308 3919 5363 καθ’
3941 5306 4000 5359 δν
4030 5303 4097 5356 ἂν
4109 5297 4194 5367 γέ-

2630 5435 2773 5474 νοιτο
2798 5416 2967 5478 δίοδος
2997 5415 3055 5467 ἐν
3091 5410 3367 5481 Αἰγύπτῳ,
3393 5407 3536 5462 τοῦτ’
3566 5405 3703 5465 ἐστι,
3729 5404 3844 5465 τοῖς
3868 5400 3960 5453 τὸν
3985 5398 4194 5462 εὐαγγεο

2631 5511 2782 5565 λικὸν
2812 5510 2908 5564 καὶ
2941 5508 3207 5576 σωτήριον
3228 5500 3593 5573 πρεσϐεύουσι
3620 5496 3778 5564 λόγον
3798 5534 3813 5558 ,
3849 5493 3935 5558 σὺ,
3972 5487 4141 5558 φησὶν,

2633 5607 2694 5657 ἐν
2739 5602 2918 5672 σκότῳ
2962 5573 3128 5654 πάλαι
3173 5595 3346 5667 βαθεῖ,
3373 5593 3470 5647 καὶ
3519 5589 3713 5661 πικρὸς
3760 5573 4192 5675 είδιιιλολάτρηιῖ.ὁ

2633 5697 2750 5757 ταῖς
2778 5692 2883 5747 τῶν
2913 5689 3207 5761 δαιμονίων
3232 5684 3471 5747 ἀπάταις
3502 5674 3934 5750 ἐγκεχωσμένος,
3954 5672 4074 5724 ὅταν
4090 5672 4188 5721 τοῖς
