4742 6476
564 376 667 433 511

1679 375 1743 432 ΙΝ
1783 376 2012 433 ISAIAM
2051 376 2180 431 LIB.
2226 376 2290 432 11.
2327 373 2564 432 TOMUS
2600 377 2643 433 L

3723 373 3827 429 512

565 490 672 561 τῆς
698 492 937 556 διανοίας
972 491 1214 563 ὄμμασιν
1238 490 1545 563 ἀναϐλέψῃς
1590 490 1724 562 πρὸς
1753 494 1817 546 τὸ
1842 494 1987 563 φῶς·
2020 495 2148 547 ὅταν
2179 509 2221 566 Α
2249 506 2438 562 speset

1951 511 1987 554 ς·
2020 495 2148 547 ὅταν
2179 509 2221 566 Α
2249 490 2516 562 spexeris,
2555 506 2676 545 cum
2697 491 3089 561 contemplatus
3115 490 3281 546 fueris
3306 498 3547 545 vocantts
3575 487 3824 558 gloriam.

567 585 689 657 ἴδῃς
722 584 817 638 τοῦ
846 583 1172 655 κεκληκότος
1210 584 1310 655 τὴν
1344 583 1523 651 δόξαν,
1554 588 1648 639 καὶ
1682 588 1759 650 εἰς
1786 586 2037 657 αἴσθησιν
2065 587 2151 640 ὲν-

567 676 758 746 εχθῇς,
796 674 853 742 ἐξ
884 675 1010 728 οἴων
1054 675 1135 738 εἰς
1182 669 1271 727 οἷα
1319 676 1784 748 μετακεχώρηκας
1810 678 2110 748 πράγματα
2134 695 2147 708 ·

568 766 667 817 καὶ
702 765 785 817 ὅτι
816 762 993 834 πικρῷ
1024 763 1275 835 τυράννῳ
1304 764 1759 836 κατεζευγμένας,
1792 766 1897 833 ἔξω
1935 766 2033 837 μὲν
2052 769 2153 838 τῆς

571 854 787 906 ἑκείνου
830 854 1057 923 γέγονας
1102 853 1415 919 πλεονεξίας
1434 894 1450 920 ,
1488 856 1797 927 ὑπέδραμες
1822 858 1879 910 δὲ
1906 856 2154 928 τὴν.ὲπιο

571 945 801 1015 κουρίαν
852 944 945 998 τοῦ
994 945 1168 999 πάντα
1210 946 1483 1017 ἰσχύοντος
1506 948 1639 1001 Θεοῦ
1671 948 1765 1002 καὶ¹
1800 948 2152 1014 διασώζοντος

568 1038 701 1099 τοὺς
738 1035 1084 1100 ἀπολωλότας
1106 1054 1122 1070 ·
1166 1039 1287 1092 τότε
1315 1038 1401 1108 δὴ,
1428 1038 1550 1091 τότε
1578 1038 1790 1109 σεαυτῷ
1821 1038 1885 1110 δὴ
1911 1039 2031 1092 λίαν
2060 1039 2153 1094 καί

570 1126 723 1196 μάλα
766 1127 988 1192 εἰκότως
1037 1128 1466 1200 ἐπιγαννύμενος
1518 1132 1892 1201 ἀναφωνήσεις
1936 1131 2111 1199 λέγων
2137 1148 2149 1163 ·

567 1220 873 1292 Εὑλογήσω
895 1239 976 1285 σε,
998 1222 1191 1292 Κύριε,
1206 1222 1339 1276 διότι
1359 1222 1634 1294 ώργίσθης
1652 1241 1762 1294 μοι,
1778 1225 1870 1278 καὶ
1886 1223 2153 1295 ἀπέστρε-

564 1312 677 1382 ψας
706 1314 799 1367 τὸν
844 1313 1012 1385 θυμόν
1053 1330 1147 1369 σου
1176 1313 1272 1368 ἀπ’
1301 1315 1457 1385 ἐμοῦ,
1487 1316 1581 1369 καὶ
1609 1315 1848 1388 ἠλέησάς
1887 1333 1975 1387 με.
1993 1317 2151 1370 Ἀναο

566 1404 857 1475 κομίζουσι
898 1405 954 1459 δὲ
998 1405 1067 1459 τά
1098 1407 1445 1478 χαριστήρια,
1479 1408 1571 1460 καὶ
1612 1407 1913 1461 ἀνάπτουσι
1941 1408 2039 1469 τάς
2070 1410 2155 1460 δο-

567 1490 841 1566 ξδ’λῖογίας,
865 1499 961 1569 οὐχ
986 1499 1066 1552 ὅτι
1090 1499 1375 1567 γεγόνασιν
1405 1499 1511 1551 ὑπὸ
1540 1498 1690 1552 θείαν
1714 1499 1905 1569 ὀργὴν,
1936 1497 2049 1550 ἀλλ’
2071 1498 2152 1550 ὅτι

564 1588 854 1655 γεγονότες
885 1589 1159 1658 ήλέηνται.
1177 1588 1454 1658 Ὠργίσθαι
1473 1588 1529 1641 δέ
1553 1604 1732 1658 φαμεν
1759 1591 1869 1651 τοῖς
1890 1588 1956 1641 τὰ
1977 1588 2153 1640 τοιάδε

565 1679 794 1747 λέγουσι
835 1680 925 1733 τὸν
960 1681 1069 1733 τῶν
1098 1680 1235 1733 ὅλων
1266 1680 1418 1744 Θεὸν,
1445 1680 1603 1749 δῆλον
1630 1681 1712 1734 ὅτι
1738 1682 1849 1743 τοῖς
1874 1680 2154 1733 εἰδωλολά-

565 1786 752 1841 τραις.
787 1771 885 1825 Διά
928 1770 1087 1825 ποίαν
1127 1772 1341 1837 αἰτίαν;
1390 1771 1599 1835 Παῦλος
1630 1774 1765 1843 ἡμῖν
1801 1774 1830 1825 ό
1866 1771 2153 1835 θεσπέσιος

2251 591 2304 638 et
2326 584 2392 637 ad
2422 583 2762 638 sentiendum
2792 583 3017 639 redieris
3035 598 3100 639 ex
3126 582 3373 652 qualibus
3404 583 3456 635 in
3485 593 3716 652 quantas
3742 596 3827 633 res

2256 674 2532 739 transisti,
2569 684 2734 744 atque
2777 685 2834 729 ut
2876 685 2931 731 et
2970 676 3037 730 ab
3076 676 3273 730 acerbo
3306 686 3535 745 tyranno
3574 672 3828 740 subjuga-

2256 774 2360 830 tus,
2391 768 2459 820 ab
2487 766 2605 837 ejus
2644 767 2927 837 tyrannide
2950 767 3087 822 liber
3147 766 3321 819 lactus
3349 781 3429 828 es,
3494 774 3550 819 et
3609 764 3674 817 ad
3732 763 3824 817 Dei

2253 865 2444 911 cuncta
2489 859 2739 926 potentis,
2764 857 2854 928 qui
2899 859 3139 926 perditos
3163 867 3470 920 conservat,
3502 871 3657 925 opem
3696 872 3827 909 cou-

2256 946 2491 1017 fugeris:
2518 956 2643 1004 tunc
2669 949 2906 1017 quidem,
2933 958 3058 1003 tunc
3089 950 3227 1016 apud
3258 958 3307 1002 te
3344 948 3566 1001 multum
3598 956 3653 1001 et
3695 963 3828 1001 sane

2255 1037 2598 1091 meritissime
2624 1039 2884 1108 glorians,
2916 1038 3240 1092 acclatuabis
3260 1038 3482 1092 dicens:
3505 1037 3825 1090 Beuedicaut

2255 1139 2326 1194 te,
2351 1131 2477 1200 quia
2510 1131 2679 1185 iratus
2710 1145 2771 1185 es
2795 1131 2949 1194 mihi,
2987 1140 3041 1183 et
3067 1130 3309 1183 avertisti
3350 1131 3587 1184 furorem
3616 1139 3762 1181 tuum
3796 1145 3823 1180 a

2255 1234 2361 1283 me,
2389 1228 2444 1273 et
2488 1221 2740 1275 misertus
2764 1236 2824 1275 es
2874 1222 3000 1275 mei.
3032 1219 3277 1275 ()ﬁ'erunt
3303 1229 3481 1273 autem
3526 1220 3823 1289 gratiarum

2256 1309 2480 1375 hostias,
2510 1324 2573 1363 ac
2616 1309 2837 1378 gloriam
2876 1312 3136 1374 tribuunt,
3164 1326 3268 1364 non
3310 1310 3450 1379 quod
3502 1311 3595 1364 ira:
3629 1310 3824 1365 divina:

2254 1397 2664 1465 subjicerentur,
2696 1400 2787 1453 sed
2822 1414 2943 1453 cum
2969 1400 3194 1466 subjecti
3223 1412 3278 1454 et
3308 1400 3529 1454 obnoxii
3561 1399 3815 1464 fuissent,

2256 1490 2681 1544 misericordiam
2720 1491 2995 1545 consecuti
3048 1501 3191 1545 sunt.
3236 1492 3398 1547 Irasci
3428 1492 3660 1547 dicimus
3696 1494 3823 1547 talia

2254 1579 2593 1648 loquentibus
2633 1581 3001 1636 universitatis
3050 1582 3242 1645 Deum,
3284 1582 3541 1637 videlicet
3599 1583 3822 1636 simula-

2254 1683 2465 1723 crorum
2507 1670 2827 1725 cultoribus.
2862 1673 3030 1736 Quam
3064 1674 3134 1725 ob
3169 1673 3432 1726 causam?
3468 1672 3665 1727 Paulus
3690 1674 3827 1727 divi-

2255 1772 2354 1812 nus
2383 1757 2535 1814 nobis
2564 1760 2790 1827 aperiet,
2810 1760 3029 1815 dicens:
3057 1777 3076 1811 ι
3105 1761 3237 1814 Cum
3258 1776 3317 1816 se
3336 1761 3580 1816 dicerent
3606 1761 3823 1831 sapien-

567 1866 829 1932 σαφηνιεῖ
843 1862 1155 1935 γεγραφώς·
1189 1882 1207 1914 t
1226 1864 1528 1927 Φάσκοντες
1555 1857 1695 1918 εἶναι
1726 1866 1880 1933 σοιροί⁵
1910 1863 2153 1934 ὲμωράν-
2188 1862 2225 1914 Β
2257 1857 2337 1901 ιθε
2362 1864 2440 1903 €85

1949 1863 2153 1934 μωρὰν.
2188 1862 2225 1914 Β
2257 1857 2337 1901 tes
2362 1864 2501 1909 esse.
2546 1849 2794 1904 infatuati
2840 1859 2987 1917 sunt,
3032 1860 3087 1905 et
3131 1860 3411 1905 mutarunt
3458 1852 3687 1922 gloriam
3744 1853 3822 1906 itt-

568 1952 768 2023 ϐησαν.
800 1953 910 2005 Καὶ
944 1951 1243 2023 ἠλλάξαντο
1272 1952 1367 2022 τὴν
1388 1952 1546 2017 δόξαν
1578 1952 1670 2005 τοῦ
1696 1952 1969 2023 ἀφθάρτου
1993 1952 2149 2015 Θεοῦ,

566 2040 631 2092 ιν
656 2038 964 2110 ὁμοιώματι
995 2041 1202 2103 εἰκόνος
1232 2039 1472 2109 φθαρτοῦ
1502 2039 1811 2111 ἀνθρώπου,
1852 2041 1944 2094 καί
1972 2056 2152 2093 πετει-

569 2130 679 2182 νῶν
706 2130 801 2183 καὶ
817 2132 1191 2202 ἑρπετῶν,καὶ
1205 2131 1569 2202 τετραπόδων.
1602 2132 1787 2205 Ταύτῃ
1824 2148 1924 2197 τοι,
1958 2149 1976 2182 ι
1998 2132 2150 2201 φησί,

576 2238 598 2271 ε
622 2220 940 2291 παρέδωκεν
973 2222 1172 2284 αὐτοὺς
1195 2224 1223 2276 ὁ
1244 2222 1373 2285 Θεὸς
1402 2224 1481 2286 εἰς
1506 2222 1761 2292 ἀδόκιμον
1790 2222 1935 2286 νοῦν,
1960 2224 2053 2275 καὶ
2075 2224 2155 2285 εἰς

570 2310 723 2382 πάθη
758 2313 980 2383 ἀτιμίας
1028 2316 1202 2367 ποιεῖν
1233 2316 1301 2368 τά
1350 2316 1423 2385 μὴ
1461 2315 1788 2385 καθήκοντα.
1820 2332 1838 2365 ι
1865 2316 1927 2368 Οί
1961 2314 2068 2385 γὰρ
2090 2314 2155 2385 δὴ

566 2400 673 2469 τὴν
716 2401 868 2454 θείαν
909 2404 1404 2473 παρασημάναντες
1432 2404 1611 2471 δόξαν,
1647 2404 1742 2457 καὶ
1774 2404 1870 2474 τῆς
1898 2403 2157 2457 ἀνωτάτω

568 2489 793 2558 φύσεως
821 2490 881 2544 τὸ
913 2490 1188 2564 ἐξαίρετον
1212 2493 1404 2557 κάλλος
1427 2498 1543 2557 τοῖς
1568 2494 1741 2557 οὕτως
1764 2496 1999 2566 οἰκτροῖς
2028 2496 2158 2548 ἀναο

568 2578 763 2641 οέντες
807 2581 1088 2651 κτίσμασι,
1137 2583 1252 2647 πῶς
1301 2585 1360 2637 ού
1410 2585 1613 2655 σφόδρα
1661 2585 1885 2647 εἰκότως
1930 2586 2040 2646 τοῖς
2093 2585 2158 2637 ἐκ

571 2669 729 2735 θείας
772 2672 940 2745 ὀργῆς
980 2675 1277 2745 κινήμασιν
1324 2675 1662 2745 ὑπενεχθείεν
1693 2677 1790 2739 av;
1834 2676 2049 2747 Ἐπειδὴ
2077 2676 2155 2741 δὲ,

574 2762 767 2831 φησὶν,
802 2762 1151 2834 ἀπέστρεψας
1180 2765 1273 2819 τὸν
1315 2765 1482 2837 θυμόν
1524 2782 1637 2829 σου,
1665 2766 1901 2837 ήλέησάς
1948 2784 2013 2836 με
2047 2767 2159 2838 (κέ.-

573 2850 793 2922 κλημαι
837 2853 946 2925 γάρ
990 2857 1071 2919 εἰς
1114 2856 1408 2925 ἐπίγνωσιν
1434 2856 1523 2910 διὰ
1552 2857 1805 2922 πίστεως,
1828 2859 1887 2911 ού
1930 2860 2068 2912 κατά
2092 2858 2160 2912 τά

570 2943 717 3015 ἔργα
738 2944 774 2999 ἀ
796 2948 1130 3018 ἐποιήσαμεν
1150 2950 1333 3019 ήμετς,
1357 2950 1499 3004 καθά
1516 2950 1845 3021 γέγραπται,
1864 2950 1998 3003 ἀλλά
2022 2950 2161 3004 κατά

567 3037 638 3088 τὸ
681 3036 1008 3107 πολὺξαύτοῦ
1039 3038 1232 3110 ἔλεοςγ
1263 3039 1431 3113 ταύτῃ
1461 3058 1564 3105 τοι,
1585 3041 1766 3112 φησὶν,
1802 3043 1882 3105 εἰς
1911 3041 2160 3113 αἴσθησιν

571 3127 678 3197 τῆς
720 3129 1129 3201 μεγαλοδωρίας
1162 3132 1941 3203 ὲνηνεγμένος,ἀκατάληκτον
1986 3150 2157 3204 προσ-

569 3183 825 3273 οιὲὶο’σοὶ
852 3221 952 3292 τὴν
985 3183 1313 3291 δοξολογίάν,
1333 3183 1437 3275 ’,ἐάὶ
1464 3183 1957 3295 statuaries
1980 3183 2159 3287 δ’ὃέξςς
2187 3183 2230 3244 ο

576 3326 707 3380 μου,
742 3311 934 3383 Σωτήρ
965 3329 1065 3382 μου
1096 3313 1320 3383 Κύριος,
1358 3314 1632 3378 πεποιθὼς
1667 3315 1861 3385 ἔσομαι
1894 3316 1980 3368 tn‘
2012 3314 2160 3384 αύτῷ

572 3402 674 3454 καὶ
713 3402 1026 3473 σωθήσομαι
1076 3406 1133 3457 ὲν
1188 3404 1356 3476 αὐτῷ.
1399 3405 1573 3459 Πάλαι
1614 3406 1713 3476 μὲν
1755 3405 1863 3476 γάρ
1891 3404 2069 3472 ξύλοις
2098 3422 2158 3458 τε

574 3492 675 3546 καὶ
709 3491 877 3555 λίθοις
905 3496 1353 3565 προσπίπτοντες,
1378 3500 1472 3551 καί
1494 3500 1606 3561 τοῖς
1627 3498 1970 3569 ἀναισθήτοις
1991 3498 2159 3566 ἀγάλ-

576 3586 1181 3655 μασιπροσκομίζοντες
1202 3587 1410 3653 θυσίας,
1434 3587 1701 3651 σώζεσθαι
1730 3588 1798 3641 δι’
1819 3590 1997 3641 αὐτῶν
2026 3605 2161 3658 παρ-

576 3674 832 3728 εκάλουν.
869 3675 1086 3749 Ἐπειδὴ
1121 3677 1179 3731 δὲ
1223 3678 1353 3731 Θεὸν
1396 3676 1704 3746 ἐγνώκασιν
1744 3678 1835 3733 τὸν
1883 3679 2157 3750 ἀληθινὸν,

571 3768 1109 3841 τοὺςψευδωνύμους
1141 3770 1554 3840 παρωσάμενοι,
1588 3772 1750 3825 αὐτόν
1778 3788 1839 3824 τε
1872 3772 1966 3825 καί
2001 3772 2157 3841 μόνον

577 3860 1029 3916 καταδεικνύουσι
1074 3860 1348 3930 λέγοντες·
1390 3861 1520 3915 Ἰδοὺ
1566 3863 1595 3914 ό
1641 3862 1773 3925 Θεός
1820 3879 1923 3932 μου
1967 3863 2159 3934 Σωτήρ

578 3972 684 4025 μου
737 3954 961 4024 Κύριος.
1004 3952 1119 4006 Οὐκ
1152 3953 1245 4005 ἐπὶ
1278 3951 1456 4017 ξύλοις
1499 3950 1579 4007 ἔτι
1621 3953 1716 4009 καὶ
1760 3952 1927 4017 λίθοις
1967 3954 2159 4024 ἔσομαι

576 4044 881 4110 πεποιθὼς,
934 4043 1117 4113 φησὶν,
1151 4043 1266 4097 ἀλλ’
1305 4045 1392 4098 ἐπ’
1420 4044 1570 4116 αὐτῷ
1594 4044 1689 4099 καὶ
1738 4046 1906 4116 μόνῳ,
1953 4047 2048 4100 καὶ
2090 4046 2159 4101 δι’

576 4136 747 4192 αὐτοῦ
802 4135 1139 4208 σωθήσομαι.
1170 4136 1291 4190 Κᾶν
1336 4138 1365 4190 ό
1414 4136 1580 4190 πάλαι
1618 4137 2021 4208 πλεονεκτήσας
2066 4138 2159 4192 καὶ

577 4228 939 4299 συναρπάσας
980 4228 1061 4291 εἰς
1100 4225 1309 4297 πλάνην
1332 4266 1347 4292 ,
1381 4226 1749 4298 προσέρχεται
1775 4226 1937 4281 πάλιν
1963 4227 2158 4299 πειρά⁶

576 4320 686 4386 ζων
715 4320 815 4374 καὶ
851 4319 1173 4390 μαχόμενος,
1206 4320 1451 4389 Νικήσω,
1481 4319 1666 4389 φησὶν,
1699 4320 1782 4373 ὅτι
1826 4320 1860 4389 ὴ
1904 4318 2032 4383 δόξα
2057 4335 2160 4389 μου

576 4414 671 4467 καὶ
701 4416 735 4484 ή
763 4413 967 4475 αἰνεσίς
996 4430 1097 4483 μου
1133 4412 1353 4483 Κύριος.
1372 4412 1536 4483 Ὁρᾷς
1562 4412 1712 4475 ὅπως
1740 4410 2047 4480 ἐγνώκασιν
2073 4413 2158 4465 δτι

579 4507 851 4577 σωτήριον
878 4508 981 4576 χρή
991 4523 1065 4576 μα
1100 4504 1163 4557 τὸ
1186 4504 1509 4573 δοξολογεῐν;
1542 4522 1562 4556 ι
1593 4504 1765 4557 Θῦσον
1794 4523 1812 4557 ι
1842 4504 1973 4575 γὰρ,
2002 4505 2156 4574 φησὶ,
2195 4506 2235 4560 D

582 4615 603 4649 ι
630 4598 710 4667 τῷ
729 4596 850 4667 Θεῷ
872 4597 1062 4650 θυσίαν
1084 4597 1364 4663 αἰνέσεως,
1380 4596 1476 4651 καὶ
1495 4596 1693 4660 ἀπόδος
1716 4595 2045 4667 τῷὝψίστῳ
2059 4597 2159 4662 τὰς

578 4689 742 4759 εὐχάς
772 4705 888 4742 σου.
915 4707 933 4740 ι
969 4689 1097 4755 Καὶ,
1128 4707 1145 4739 t
1170 4686 1543 4750 Ἐπικαλέσεις
1565 4705 1631 4758 με
1649 4688 1705 4741 ἐν
1729 4688 1912 4759 ἡμέρᾳ
1927 4687 2159 4758 θλίψεώ-

581 4796 697 4845 σου,
721 4780 821 4833 καὶ
844 4778 1133 4849 ὲξελοῦμαί
1165 4795 1246 4843 σε,
1276 4778 1370 4831 καὶ
1398 4778 1644 4843 δοξάσεις
1674 4794 1761 4849 με.
1799 4797 1819 4830 ι

648 4870 761 4926 Καὶ
812 4871 1158 4937 «truncata
1190 4870 1345 4939 ὕδωρ
1373 4873 1500 4942 μετ’
1528 4871 1913 4939 εὐφροσύνης
1944 4871 2015 4925 ἐκ
2045 4869 2164 4927 τῶν

586 4962 793 5034 πηγῶν
820 4963 927 5018 τοῦ
956 4965 1280 5032 Σωτηρίου.

652 5058 939 5127 Φιλότιμος
964 5060 993 5111 ό
1017 5056 1321 5125 κεκληκὼς,
1352 5055 1569 5126 ἕτοιμος
1596 5056 1675 5118 εἰς
1706 5054 1974 5109 ἀντίδοσιν
1995 5056 2024 5107 ό
2050 5054 2164 5109 δια-

590 5149 766 5214 σώσας
798 5150 951 5215 Θεὸς,
984 5149 1266 5220 εύεργετεῖ
1304 5149 1430 5211 τοὺς
1475 5147 1873 5216 ὲπεγνωκότας,
1908 5146 2075 5209 θείοις
2104 5164 2164 5199 τε

591 5240 680 5292 καὶ
712 5242 1100 5308 πνευματικοῖς
1141 5238 1529 5307 κατευφραίνει
1564 5236 1831 5299 πλουσίως
1856 5238 1984 5300 τοὺς
2016 5236 2164 5303 δοξο-

594 5330 881 5399 λογοῦντας
923 5328 1307 5401 αύτόν.”Αθρει
1337 5329 1446 5401 γάρ
1470 5331 1618 5392 ὅπως
1646 5328 1695 5381 οἰ
1729 5328 1824 5398 μὲν
1852 5328 2161 5398 ὡμολόγουν

593 5421 1002 5491 λέγοντες·’ῐδοῦ
1042 5425 1071 5476 ό
1115 5423 1247 5487 Θεός
1289 5440 1413 5493 μου,
1447 5422 1638 5494 Σωτήρ
1679 5439 1780 5492 μου
1812 5422 2037 5493 Κύριος,
2064 5437 2162 5473 πε-

601 5515 789 5578 ποιθὼς
820 5516 1013 5587 ἔσομαι
1059 5515 1147 5568 ἐπ’
1193 5514 1359 5584 αὐτῷ·
1391 5516 1420 5568 ό
1456 5515 1513 5568 δὲ
1541 5514 1904 5585 παραχρῆμα,
1935 5513 2029 5567 καὶ
2057 5529 2163 5581 πη-

602 5605 695 5670 γὰς
738 5606 918 5669 αὐτοῖς
972 5607 1067 5659 καὶ
1105 5605 1249 5675 ὕδωρ
1298 5606 1691 5674 ἐπαγγέλλεται
1718 5604 2161 5676 σωτήριον.Ἔδει

669 5762 711 5791 τ’
734 5762 889 5818 Rulli.
926 5780 961 5828 ι,
988 5762 1058 5816 ‘22
1084 5780 1203 5833 sqq.

2255 1940 2615 2007 corruptibilis
2670 1941 2760 1995 Dei
2823 1940 2875 1994 in
2929 1941 3338 1996 similitudinem
3393 1943 3645 2011 imaginis
3705 1959 3826 1997 cor-

2259 2031 2525 2100 ruptibilis
2570 2032 2821 2095 hominis,
2853 2040 2909 2086 et
2941 2032 3262 2097 volatilium,
3298 2042 3354 2087 et
3394 2035 3822 2103 quadrupedum,

2265 2130 2318 2173 et
2363 2121 2651 2190 reptilium.
2706 2121 3019 2191 Propterea,
3080 2141 3099 2175 »
3164 2124 3361 2192 inquit,
3412 2124 3676 2178 «tradidit
3730 2138 3824 2178 eos

2260 2212 2397 2265 Deus
2424 2212 2475 2265 in
2504 2213 2790 2282 reprobum
2822 2224 3129 2279 sensnm,et
3159 2217 3210 2269 iu
3235 2214 3558 2285 cupiditates
3590 2215 3823 2285 ignomi-

2259 2300 2462 2364 niosas,
2506 2313 2565 2356 ut
2609 2303 2811 2359 faciant
2849 2319 2971 2373 quae
3016 2320 3120 2359 non
3153 2308 3344 2361 decent
3368 2307 3432 2361 τ’.
3464 2325 3485 2359 ι
3527 2306 3631 2373 Qui
3680 2308 3824 2361 enim

2256 2392 2492 2445 divinam
2522 2394 2891 2448 adulterarum
2940 2396 3187 2467 gloriam,
3221 2406 3275 2451 et
3302 2412 3569 2465 suprema
3616 2410 3826 2451 naturas

2258 2483 2607 2540 excellentem
2636 2485 3090 2553 pulchritudinem
3135 2488 3273 2543 adeo
3314 2488 3529 2543 miseris
3559 2491 3826 2545 creaturis

2258 2575 2639 2639 attribuerunt,
2667 2592 2844 2631 annon
2864 2578 3171 2645 justissime
3200 2579 3393 2634 divinae
3422 2580 3516 2634 ira:
3551 2581 3825 2636 severitati

2260 2664 2694 2732 subjicerentur?
2744 2666 2879 2723 Cum
2922 2678 3099 2724 autem
3138 2670 3255 2724 ait:
3287 2670 3541 2725 Avertisti
3591 2671 3826 2735 furorem

2263 2766 2431 2820 tuum,
2494 2757 2748 2813 misertus
2798 2773 2858 2814 es
2914 2760 3016 2813 mei
3072 2760 3268 2830 (vocati
3326 2762 3467 2815 enim
3513 2777 3700 2816 sumus
3756 2764 3824 2817 ad

2259 2846 2586 2911 agnitionem
2620 2862 2717 2916 per
2742 2848 2900 2902 ﬁdem
2936 2862 2952 2902 :
3003 2863 3108 2903 non
3140 2864 3206 2903 ex
3242 2850 3497 2916 operibus
3530 2865 3652 2919 quae
3699 2852 3828 2905 feci-

2262 2951 2381 2990 mus
2403 2952 2522 3000 nos,
2555 2939 2697 2992 sicut
2728 2939 2985 3007 scriptum
3028 2948 3115 2994 est
3143 2940 3211 3003 “,
3241 2940 3402 3010 213
3434 2942 3525 2994 sed
3567 2956 3635 2994 ex
3662 2941 3827 2994 multa

2261 3025 2380 3095 ejus
2409 3027 2825 3098 misericordia),
2849 3028 3074 3093 idcirco,
3102 3028 3295 3097 inquit,
3328 3031 3394 3082 ad
3420 3028 3827 3098 intelligentiam

2264 3126 2369 3172 tua:
2406 3118 2817 3188 magniﬁcentia
2860 3120 3173 3189 perductus,
3205 3120 3423 3174 assidue
3464 3119 3699 3173 tribuam
3733 3120 3825 3172 tibi

2258 3208 2483 3277 gloriam
2513 3219 2568 3263 et
2592 3208 2794 3276 Iaudes,
2818 3220 2873 3263 et
2902 3210 3079 3265 dicam
3111 3224 3125 3261 :
3157 3210 3293 3265 Ecce
3332 3209 3472 3264 Deus
3497 3224 3671 3274 meus,
3697 3209 3826 3264 Ser-

2261 3310 2414 3354 vator
2450 3315 2603 3356 meus
2654 3300 2935 3365 Dominus,
2968 3300 3235 3356 conﬁdam
3279 3300 3359 3366 ei,
3391 3310 3447 3355 et
3476 3300 3656 3357 salvus
3710 3315 3825 3354 ero.

2260 3389 2538 3457 Quondam
2584 3392 2727 3447 enim
2764 3391 2924 3461 lignis
2957 3392 3335 3461 lapidibusque
3364 3394 3740 3463 procidentes,
3776 3406 3827 3445 et

2260 3480 2586 3551 imaginibus
2646 3495 2810 3535 sensu
2854 3483 3167 3536 carentibus
3204 3482 3502 3538 offerentes
3538 3482 3830 3545 sacriﬁcia,

2258 3569 2462 3623 servari
2514 3584 2610 3637 per
2658 3569 2745 3623 illa
2798 3570 3083 3639 rogabant.
3107 3572 3176 3624 At
3205 3581 3513 3642 postquam,
3549 3570 3658 3626 Deo
3690 3587 3819 3626 vero

2261 3660 2467 3731 agnito,
2501 3660 2637 3715 falso
2661 3662 2965 3717 nominatos
2992 3663 3374 3733 proﬂigarunt,
3407 3664 3552 3718 illum
3571 3674 3626 3719 et
3648 3664 3824 3719 solum

2261 3754 2657 3819 demonstrant,
2692 3752 2973 3809 dicentes:
3010 3755 3147 3810 Ecce
3180 3755 3323 3811 Deus
3365 3770 3535 3820 meus,
3568 3753 3829 3810 Servator

2261 3856 2411 3897 meus
2442 3841 2721 3895 Dominus.
2738 3840 2855 3897 Non
2887 3842 2997 3911 jam
3038 3842 3218 3910 lignis,
3244 3856 3348 3897 non
3374 3841 3641 3912 lapidibus
3668 3842 3828 3897 ﬁdam

2260 3932 2508 4001 amplius,
2548 3930 2739 4000 inquit,
2767 3932 2863 3987 sed
2910 3932 2964 3985 in
3012 3947 3098 3998 eo,
3129 3941 3185 3986 et
3209 3932 3427 4001 quidem
3465 3932 3600 3995 solo,
3642 3940 3695 3985 et
3732 3946 3830 3999 per

2262 4024 2438 4093 ipsum
2495 4024 2775 4078 servabor.
2811 4022 2876 4077 Et
2909 4022 3035 4078 licet
3090 4023 3183 4093 qui
3234 4024 3363 4077 olim
3411 4021 3661 4091 spoliavit
3691 4031 3746 4075 et
3776 4022 3828 4075 in

2260 4128 2498 4169 errorem
2534 4114 2789 4183 abripuit,
2806 4129 2994 4169 rursus
3015 4114 3223 4169 accedit
3251 4122 3462 4169 tentaus
3480 4124 3535 4169 et
3552 4128 3795 4184 pugnans
3812 4151 3831 4176 ,

2266 4205 2488 4261 Vincam
2526 4216 2731 4274 tamen,
2756 4206 2953 4276 inquit,
2993 4208 3119 4277 quia
3155 4207 3330 4277 gloria
3360 4222 3477 4262 mea
3511 4216 3566 4261 et
3592 4206 3831 4261 laudatio

2264 4311 2381 4351 mea
2437 4296 2717 4352 Dominus.
2752 4296 2945 4353 Viden‘
2983 4299 3254 4368 quomodo
3307 4298 3555 4353 noverint
3591 4296 3831 4353 salutare

2261 4403 2401 4452 esse,
2427 4388 2609 4443 laudes
2631 4403 2826 4444 canere
2842 4404 2906 4444 ac
2932 4389 3268 4458 gloriﬁcare?
3295 4407 3314 4442 t
3335 4388 3593 4444 Sacriﬁca
3616 4406 3638 4439 ι
3663 4388 3828 4449 enim,

2264 4476 2457 4546 inquit,
2491 4495 2510 4528 ι
2551 4477 2659 4531 Deo
2693 4478 3020 4533 sacriﬁcium
3056 4479 3251 4543 laudis,
3276 4489 3333 4533 et
3364 4478 3527 4533 redde
3550 4477 3830 4531 Altissimo

2266 4578 2385 4622 vota
2418 4578 2507 4622 tua
2534 4568 2615 4635 ἰς
2654 4587 2673 4621 ι
2711 4576 2766 4623 et
2794 4589 2809 4625 ε
2840 4586 2859 4620 t
2886 4569 3165 4624 lnvocabis
3212 4584 3297 4624 me
3324 4570 3375 4623 in
3411 4569 3501 4623 die
3529 4568 3832 4623 aﬁlictionis

2269 4668 2394 4724 tuae,
2428 4666 2487 4712 et
2515 4658 2745 4728 eripiam
2772 4666 2847 4724 te,
2878 4666 2935 4714 et
2961 4656 3288 4728 gloriﬁcabis
3314 4670 3400 4712 me
3427 4656 3496 4709 ⁸¹.
3526 4672 3546 4707 ι

2332 4877 2495 4933 Vsus.
2528 4878 2581 4934 3.
2612 4875 2682 4933 Et
2702 4877 2908 4933 haurite
2929 4893 3122 4950 aquam
3141 4893 3260 4932 cum
3288 4876 3477 4932 latitia
3511 4876 3579 4931 de
3602 4874 3834 4945 fontibus

2265 4970 2555 5027 Salutaris.

2330 5059 2612 5115 Gloriosus
2649 5059 2736 5115 ille
2785 5061 2877 5129 qui
2907 5059 3140 5125 vocavit,
3192 5067 3480 5129 promptus
3526 5068 3582 5113 et
3616 5066 3836 5128 paratus

2263 5147 2329 5201 ad
2358 5148 2871 5216 remunerationem,
2890 5150 2982 5219 qui
3006 5149 3352 5205 conservavit
3377 5150 3543 5213 Deus,
3565 5147 3835 5203 benefacit

2268 5240 2704 5309 agnoscentibus,
2762 5251 2816 5294 et
2838 5240 3016 5310 gloria
3067 5240 3387 5296 d’ecorautes
3420 5240 3594 5307 ipsum
3638 5238 3835 5293 divinis

2267 5341 2430 5401 atque
2461 5330 2791 5401 spiritalibus
2826 5332 2980 5386 donis
3024 5332 3229 5386 aﬁ’atim
3258 5330 3544 5387 exbilarat.
3582 5330 3834 5385 Contem-

2269 5422 2418 5492 plare
2469 5423 2691 5484 etenim,
2725 5436 2833 5490 quo
2882 5431 3054 5490 pacto-
3093 5423 3145 5477 lti
3193 5423 3411 5492 quidem
3439 5421 3834 5476 conﬁtebantur

2269 5515 2511 5569 dicentes
2542 5531 2556 5567 :
2588 5511 2724 5567 Ecce
2751 5512 2894 5566 Deus
2939 5528 3112 5579 meus,
3137 5514 3400 5569 Servator
3448 5525 3599 5566 meus
3658 5510 3833 5563 Domi-

2270 5621 2391 5671 nus,
2421 5605 2684 5659 conﬁdam
2719 5604 2788 5659 ei.
2847 5604 2938 5661 ille
2969 5605 3257 5661 confestim
3298 5613 3350 5659 et
3397 5602 3573 5656 fontes
3604 5598 3755 5670 ipsis,
3781 5608 3863 5667 et;

1282 5764 1327 5795 ⁸⁸
1353 5764 1459 5818 Tit.
1493 5779 1573 5829 ttt,
1609 5763 1660 5820 5.
1739 5762 1779 5795 ⁸¹
1815 5761 1960 5818 Psal.
1989 5776 2137 5825 xm,
2182 5760 2267 5815 14.
2343 5760 2385 5791 ⁸¹
2414 5760 2541 5814 ibid.
2580 5760 2659 5813 15.
