4134 6490
635 368 743 423 543

1597 362 1652 417 S.
1696 359 1969 417 CYRILLI
2011 355 2486 413 ALEXANDRl-Nl
2530 354 2850 411 ARCHIEP.

3786 365 3887 420 ΞΜ

637 499 828 552 aquam
861 482 1126 554 promittit
1164 481 1478 536 salutarem.
1517 479 1705 536 Decuit
1743 480 1911 544 enim,
1940 480 2120 533 decuit
2174 495 2203 532 e

2311 474 2438 545 γὰρ,
2467 473 2573 527 ἔδει
2607 475 2733 536 τοὺς
2765 475 2828 528 ὲκ
2859 475 3086 540 σκότους
3115 476 3424 547 δραμόντας
3475 455 3614 551 πρὸς
3658 481 3719 534 τὸ
3757 484 3886 550 φῶς,

638 575 874 629 tenebris
913 575 978 627 ad
1012 573 1183 628 lucem
1220 582 1580 642 emergentes,
1607 587 1672 624 ex
1702 571 2006 640 ignorantia
2040 573 2213 641 genti-

636 667 763 719 lium
799 667 865 719 ad
895 665 1224 734 agnitionem
1269 663 1381 718 veri
1418 663 1780 728 Dei.vocatos,
1812 664 2138 733 padagogize
2159 674 2215 718 et

635 757 804 818 verbi,
842 757 982 824 quod
1010 755 1280 808 exhilarat
1311 764 1366 808 et
1415 762 1590 823 potest
1617 768 1712 808 eos
1754 753 1807 806 in
1850 753 2070 822 pietatis
2097 753 2212 808 olli-

630 849 715 899 i-in
770 846 1090 910 conliuere,
1149 847 1460 913 neutiquam
1528 860 1650 901 esse
1697 855 1976 913 expertes.
2049 847 2209 901 «Non

631 939 801 1000 enim,
825 957 843 991 ι
881 939 1076 1008 inquit,
1110 957 1127 989 ι
1155 939 1206 991 in
1252 937 1368 993 solo
1423 952 1559 1004 pane
1625 938 1767 991 vivet
1824 938 2005 1002 homo,
2034 939 2128 992 sed
2157 940 2209 991 in

631 1029 779 1082 omni
809 1031 974 1083 verbo
1015 1028 1156 1096 quod
1203 1029 1447 1098 procedit
1498 1042 1565 1081 ex
1609 1042 1705 1082 ore
1732 1028 1822 1081 Dei
1846 1027 1913 1080 ⁸⁸.
1941 1047 1960 1080 ι
1999 1029 2208 1096 Aquam

633 1131 763 1183 ergo
799 1117 1041 1169 nominat
1081 1117 1353 1169 viviﬁcmn
1399 1116 1492 1171 Dei
1549 1117 1793 1179 verbum,
1821 1116 1996 1170 fontes
2029 1126 2207 1171 autem

632 1216 854 1261 sanctos
891 1207 1163 1274 apostolos
1193 1216 1246 1260 et
1285 1207 1842 1276 evangelistaszadde
1863 1206 2026 1259 etiam
2064 1207 2208 1274 ipsos

635 1297 947 1366 prepbetas,
983 1295 1234 1350 Salutare
1267 1312 1395 1351 vero
1430 1296 1732 1352 Christum.
1764 1295 1870 1351 Vos
1899 1297 2082 1364 igitur,
2111 1296 2203 1358 ait,

633 1389 722 1456 qui
751 1388 1176 1443 confessionibus
1233 1388 1357 1442 ﬁdei
1405 1403 1492 1443 me
1536 1399 1726 1442 natura
1759 1399 1812 1443 et
1838 1387 2208 1442 universitatis

643 1479 810 1531 Deum
841 1478 1175 1541 exbilaratis,
1197 1477 1470 1544 recipietis
1491 1487 1547 1532 et
1567 1478 1801 1531 divinam
1827 1487 1881 1531 et
1911 1476 2206 1546 spiritalem

635 1568 988 1632 hilaritatem,
1038 1569 1350 1622 haurientes
1404 1568 1626 1621 verbum
1669 1569 1811 1634 quod
1845 1567 2124 1621 continere
2157 1576 2211 1620 et

631 1661 986 1714 corroborare
1021 1661 1072 1712 in
1117 1661 1218 1713 hoc
1261 1675 1355 1713 vos
1385 1659 1600 1728 poterit,
1633 1674 1695 1712 ex
1734 1658 1972 1712 fontibus
1997 1658 2209 1713 Saluta-

634 1752 733 1815 ris,
766 1752 818 1805 id
844 1762 948 1818 est,
1001 1752 1229 1806 Christi.
1265 1752 1382 1821 Ipse
1421 1753 1563 1806 enim
1591 1753 1873 1807 constituit
1901 1753 2059 1822 213
2088 1767 2210 1805 san-

2314 560 2441 622 τοὺς
2475 560 2533 626 ἐξ
2561 559 2802 630 ἀμαθίας
2836 561 3154 634 Ἑλληνικῆς
3183 569 3264 629 είς
3299 568 3596 635 ἐπίγνωσιν
3627 569 3889 639 κεκλημέ-

2314 666 2437 712 νους
2486 649 2580 703 τοῦ
2629 650 2771 703 κατὰ
2821 651 3080 722 ἀλήθειαν
3131 655 3284 719 ὄντος
3327 657 3464 710 Θεοῦ
3493 659 3568 729 μὴ
3595 659 3889 730 ἀμοιρῆσαι

2312 741 2688 810 παιδαγωγίας
2737 741 2832 794 καὶ
2883 743 3042 811 λόγου
3087 745 3182 798 τοῦ
3237 752 3743 817 κατευφραίνοντος,
3802 752 3890 803 καὶ

2313 830 2556 900 συνέχειν
2601 830 2797 893 αὐτοὺς
2830 831 3104 900 ἰσχύοντος
3137 837 3274 904 πρὸς
3307 837 3608 892 εὐσέϐειαν.
3644 858 3663 890 ι
3685 839 3758 891 Οὐ
3788 842 3891 909 γὰρ

2311 921 2397 972 ἐπ’
2425 920 2575 991 ἄρτῳ
2604 921 2750 991 μόνῳ
2786 923 3030 993 ζήσεται,
3064 943 3082 975 ι
3117 926 3304 994 φησὶν,
3339 945 3356 977 ι
3389 929 3416 980 ό
3441 928 3751 999 ἄνθρωπος,
3783 931 3890 982 ἀλλ’

2309 1011 2402 1063 ἐπὶ
2432 1012 2596 1064 παντὶ
2622 1013 2824 1082 ῥήματι
2851 1014 3273 1086 ἐκπορευομένῳ
3300 1018 3388 1071 διὰ
3405 1021 3674 1090 πόματος
3699 1021 3885 1075 Θεοῦ.»

2313 1102 2500 1173 ’Ύδωρ
2527 1103 2625 1173 μὲν
2645 1100 2738 1157 οὖν
2755 1105 3020 1158 ἀποκαλεῖ
3038 1108 3129 1160 τὸν
3148 1107 3410 1173 ξωοποιὸν
3424 1112 3518 1164 τοῦ
3535 1112 3695 1176 Θεοῦ,
3717 1113 3890 1180 λόγον’

2309 1194 2492 1264 πηγὰς
2521 1195 2577 1246 δὲ
2603 1195 2729 1258 τοὺς
2767 1196 2955 1264 ἁγίους
2989 1199 3320 1264 ἀποστόλους
3361 1219 3419 1254 τε
3464 1204 3560 1256 καὶ
3612 1205 3892 1272 εὐαγγελι-

2313 1287 2469 1350 στὰς,
2501 1288 2799 1358 προσθείην
2831 1288 2898 1341 δι’
2938 1289 3004 1342 ἂν
3031 1291 3112 1343 ὃτι
3144 1293 3237 1344 καὶ
3281 1294 3476 1357 αὐτοὺς
3523 1294 3652 1358 τοὺς
3685 1298 3893 1366 προφήο

2307 1393 2425 1440 τας·
2473 1378 2748 1449 Σωτήριον
2789 1379 2845 1431 δὲ
2891 1380 2982 1433 τὸν
3033 1382 3289 1454 Χριστόν.
3348 1385 3536 1456 Ὑμεῖς
3589 1389 3892 1458 τοιγαροῦν,

2311 1472 2498 1539 φησὶν,
2543 1472 2592 1523 οἱ
2639 1473 2758 1533 ταῖς
2799 1473 2878 1535 εἰς
2917 1473 3098 1527 πίστιν
3127 1477 3440 1546 ὁμολογίαις
3478 1479 3580 1548 ἐμὲ
3613 1480 3707 1531 τὸν
3741 1481 3894 1548 φύσει

2311 1563 2402 1614 καὶ
2433 1564 2523 1616 τὸν
2552 1564 2685 1616 ὅλων
2713 1564 2846 1618 Θεὸν
2875 1565 3286 1637 εὐφραίνοντες,
3318 1571 3721 1640 ἀντικομιεῖσθε
3748 1574 3895 1626 θείαν

2309 1672 2366 1708 τε
2393 1656 2488 1708 καὶ
2520 1656 2896 1728 πνευματικὴν
2918 1659 3279 1731 εὐφροσύνην,
3317 1663 3608 1732 ἀρυόμενοι
3629 1664 3722 1715 τὸν
3743 1665 3895 1731 λόγον

2309 1745 2401 1798 τὸν
2436 1748 2512 1810 εἰς
2541 1745 2700 1800 τοῦτο
2729 1747 2872 1817 ὑμᾶς
2904 1750 3147 1819 συνέχειν
3179 1751 3428 1821 ἰσχύοντα
3461 1754 3525 1806 ὲκ
3559 1752 3667 1804 τῶν
3705 1753 3895 1822 πηγῶν

631 1853 752 1899 ctos
809 1842 1103 1912 apostolos,
1141 1842 1208 1896 de
1248 1843 1444 1912 quibus
1475 1853 1529 1897 et
1559 1843 1749 1897 beatus
1778 1843 1944 1897 David
1984 1842 2202 1912 psallit:

2311 1836 2401 1890 τοῦ
2421 1839 2721 1909 Σωτηρίου,
2745 1838 2891 1892 τοῦτ’
2913 1839 3052 1904 ἔστι,
3079 1841 3338 1911 Χριστοῦ.
3365 1843 3537 1906 Αὐτὸς
3559 1844 3668 1913 γὰρ
3693 1844 3894 1896 ἀνέδει-

647 1955 665 1987 ι
694 1935 1076 2005 Apparuerunt
1101 1935 1278 1988 fontes
1309 1950 1594 2003 aquarum,
1626 1945 1899 1990 ctretecta
1937 1947 2062 1990 sunt
2085 1935 2205 1990 fun-

634 2028 888 2080 damenta
921 2026 1068 2079 orbis
1092 2038 1358 2080 terrarum
1382 2027 1447 2080 ⁸⁸.
1473 2044 1492 2078 ι
1527 2027 1722 2082 Fontes
1751 2028 2014 2095 siquidem
2038 2043 2202 2096 aqua-

632 2134 751 2173 rum
780 2127 910 2172 sunt
936 2118 1099 2172 divini
1133 2118 1401 2188 discipuli,
1429 2119 1517 2188 qui
1551 2133 1829 2173 sermones
1879 2133 1910 2173 e
1954 2121 2204 2189 supernis

633 2219 687 2264 et
728 2223 823 2277 per
856 2209 1118 2278 Spiritum
1149 2209 1199 2263 in
1230 2209 1543 2264 universum
1592 2209 1776 2264 orbem
1809 2217 2074 2264 terrarum
2108 2209 2203 2263 de-

631 2297 841 2368 pluunt.
871 2296 1007 2351 Sunt
1029 2303 1154 2352 item
1181 2306 1235 2352 et
1268 2297 1615 2353 fundamenta
1643 2299 1846 2352 mundi.
1874 2298 2038 2368 Lapis
2059 2298 2202 2352 enim

631 2388 866 2444 selectus
897 2388 1168 2456 Christus,
1199 2392 1290 2460 qui
1342 2392 1549 2460 positus
1579 2406 1607 2444 a
1644 2392 1753 2446 Deo
1803 2401 1857 2445 et
1889 2390 2052 2445 Patre
2075 2392 2206 2445 dici-

630 2493 720 2536 tur
767 2482 820 2536 in
889 2481 1233 2538 fundamenta
1285 2482 1438 2549 Sion,
1499 2485 1548 2538 id
1592 2496 1698 2550 est,
1757 2483 2063 2539 Ecclesiae:
2104 2485 2203 2552 ipsi

631 2590 864 2645 namque
912 2576 1219 2642 innitimur,
1239 2586 1294 2632 et
1345 2592 1440 2646 per
1465 2577 1623 2633 [idem
1653 2579 1986 2634 aadilicamur
2014 2577 2206 2632 domus

631 2668 930 2736 spiritualis
970 2668 1021 2721 in
1053 2668 1309 2737 templum
1358 2679 1627 2732 sanctum,
1685 2671 1740 2722 in
1783 2669 2068 2724 aedilicium
2112 2668 2202 2721 Dei

630 2751 686 2806 in
727 2752 949 2821 Spiritu.
981 2753 1210 2824 Lapides
1249 2769 1377 2809 vero
1410 2757 1702 2810 secundum
1731 2758 1906 2826 ipsum
1937 2757 2052 2811 sive
2080 2755 2204 2808 l'un-

629 2841 878 2896 damenta
903 2844 1050 2899 orbis
1086 2853 1242 2897 terra
1273 2854 1492 2910 possent
1520 2859 1640 2900 esse
1663 2860 1726 2900 ac
1752 2846 1877 2910 dici,
1899 2846 2060 2916 idque
2082 2844 2206 2912 jure

629 2937 856 3002 optimo,
879 2937 967 3006 qui
1021 2936 1170 2991 illum
1231 2952 1328 3008 per
1386 2953 1600 2993 onmem
1644 2949 1842 2994 terram
1885 2941 2201 3010 praedicant.

631 3025 766 3080 Nam
804 3027 1004 3095 scripta
1051 3042 1238 3081 eorum
1291 3044 1389 3083 nos
1420 3032 1708 3095 sustinent,
1736 3045 1800 3085 ac
1855 3030 2111 3086 ﬁrmitate
2152 3042 2206 3087 et

631 3116 936 3170 constantia
970 3115 1093 3171 ﬁdei
1128 3127 1181 3172 et
1203 3120 1447 3175 veritatis
1479 3121 1726 3176 t’ulcinnt.

2307 1931 2364 1998 ξε
2393 1933 2520 1996 τοὺς
2548 1933 2735 2000 ἁγίους
2763 1933 3124 1998 ἀποστόλους*
3151 1936 3279 2006 περὶ
3325 1929 3398 1990 ὧν
3435 1937 3529 1988 καὶ
3558 1938 3587 1988 ὁ
3621 1937 3891 2006 μακάριος

2304 2025 2496 2094 ψάλλει
2529 2025 2696 2079 Δαὸίδ
2717 2044 2730 2056 ·
2771 2045 2789 2078 ι
2807 2027 3091 2098 Ὠφθησαν
3119 2031 3176 2084 αί
3205 2030 3380 2100 πηγαὶ
3407 2029 3516 2081 τῶν
3545 2029 3777 2090 ὑδάτων,
3806 2031 3893 2081 καὶ

2305 2117 2756 2187 ἀνεκαλύφθησαν
2788 2118 2857 2171 τὰ
2886 2118 3110 2189 θεμέλια
3135 2120 3233 2190 τῆς
3279 2121 3627 2190 οἰκουμένης.
3655 2139 3672 2170 ι
3712 2121 3892 2188 Πηγαὶ

2309 2210 2410 2280 μὲν
2455 2210 2566 2281 γὰρ
2612 2209 2819 2263 ὑδάτων
2869 2212 3005 2264 εἰσιν
3051 2214 3100 2264 οί
3152 2212 3429 2266 θεσπέσιοι
3477 2212 3737 2282 μαθηταὶ,
3770 2213 3895 2274 τοὺς

2305 2303 2511 2356 ἀνωθεν
2551 2301 2644 2355 καὶ
2673 2303 2761 2355 διὰ
2789 2302 2883 2356 τοῦ
2917 2303 3228 2373 Πνεύματος
3262 2307 3372 2366 τοῖς
3424 2304 3528 2356 ἀνὰ
3570 2306 3748 2356 πᾶσαν
3801 2303 3894 2371 τὴν

2306 2394 2400 2446 ὑπ’
2428 2394 2658 2464 οὐρανὸν
2686 2393 3052 2464 ἀναϐρύοντες
3085 2394 3293 2461 λόγους.
3342 2394 3460 2445 Εἰσὶ
3485 2393 3541 2446 δὲ
3572 2393 3772 2462 ὁμοίως
3809 2393 3896 2443 καὶ

2307 2483 2534 2553 θεμέλια
2563 2482 2657 2536 τοῦ
2688 2483 2917 2552 κόσμου.
2947 2483 3107 2546 Λίθος
3139 2482 3235 2552 μὲν
3263 2481 3369 2552 γὰρ
3415 2480 3672 2543 ἐκλεκτὸς
3699 2483 3726 2532 ὁ
3758 2480 3896 2547 Χριο

2308 2576 2452 2638 στὸς,
2479 2575 2538 2636 ὃς
2585 2574 2682 2626 καὶ
2721 2573 2993 2628 τεθεῖσθαι
3038 2572 3254 2642 λέγεται
3287 2574 3437 2644 παρὰ
3482 2572 3578 2625 τοῦ
3621 2571 3756 2624 Θεοῦ
3805 2570 3895 2623 καὶ

2306 2665 2520 2736 Ιιατρδς
2569 2667 2647 2728 είς
2694 2663 2761 2716 τὰ
2803 2664 3031 2734 θεμέλια
3080 2664 3183 2733 τῆς
3231 2663 3398 2726 Σιὼν,
3437 2663 3582 2716 τοῦτ’
3615 2662 3751 2726 ἔστι,
3801 2662 3894 2730 τῆς

2319 2755 2666 2825 Ἐκκλησίας.
2681 2754 2837 2824 Αὑτῷ
2863 2755 2970 2822 γὰρ
2985 2755 3425 2827 ὲπερηρείσμεθα
3447 2754 3542 2807 καὶ
3555 2753 3642 2806 διὰ
3662 2753 3896 2813 πίστεως

2306 2846 2810 2916 ὲποικοδομούμεθα
2837 2841 2983 2909 οἶκος
3016 2845 3388 2915 πνευματικὸς
3432 2847 3511 2908 είς
3550 2844 3679 2897 ναὸν
3717 2842 3892 2908 ἅγιον,

2306 2939 2386 3000 είς
2432 2940 2855 3009 κατοικητήριον
2907 2937 3002 2991 τοῦ
3054 2937 3190 2990 Θεοῦ
3238 2940 3295 2990 ὲν
3341 2935 3632 3006 πνεύματι.
3662 2933 3896 2987 Λίθοιδὲ

2309 3031 2427 3100 μετ’
2452 3030 2634 3096 αὑτὸν,
2661 3031 2780 3100 ἦτοι
2802 3031 3026 3100 θεμέλια
3051 3031 3148 3100 τῆς
3165 3029 3514 3098 οἰκουμένης,
3540 3023 3650 3079 εἶεν
3681 3026 3748 3078 ἂν
3781 3026 3897 3076 ὀνο-

2312 3123 2567 3194 μάζοιντὸ
2613 3141 2670 3175 τε
2711 3125 2806 3176 καὶ
2850 3122 3055 3192 σφόδρα
3089 3122 3312 3184 είκότως
3355 3123 3404 3173 οἱ
3441 3119 3894 3189 διακηρὺττοντες

631 3210 797 3265 αὐτὸν
823 3215 934 3276 τοῖς
979 3212 1084 3266 ἀνὰ
1125 3215 1304 3268 πᾶσαν
1333 3215 1434 3285 τὴν
1470 3215 1598 3286 γῆν.
1618 3218 1894 3288 Ἀνέχουσι
1930 3218 2039 3290 γὰρ
2065 3220 2210 3290 ἡμᾶς
2244 3221 2314 3274 τὰ
2373 3219 2551 3274 αὐτῶν
2615 3219 3023 3290 συγγράμματα
3045 3216 3183 3288 πρὸς
3205 3215 3523 3285 ἑδραιότητα
3547 3215 3643 3266 καὶ
3666 3210 3896 3282 βεϐαίω-

633 3317 720 3356 σιν
752 3301 851 3372 τὴν
880 3304 938 3355 ὲν
965 3304 1144 3356 πίστει
1174 3321 1233 3356 τε
1258 3307 1350 3360 καὶ
1378 3307 1624 3378 ἀληθεία.

710 3394 871 3449 Vens.
913 3395 1029 3449 4-6.
1095 3396 1162 3450 Et
1201 3398 1340 3452 dices
1371 3401 1426 3452 in
1484 3401 1570 3454 die
1616 3401 1744 3456 illa:
1797 3400 2020 3473 Hymnis
2078 3404 2209 3458 cele-

2384 3393 2495 3448 Καὶ
2516 3391 2668 3461 ἐρεῖς
2690 3391 2759 3445 ἐν
2782 3391 2856 3459 τῇ
2879 3390 3067 3459 ἡμέρᾳ
3099 3390 3326 3456 ἐκείνῃ,
3362 3387 3632 3456 ’Υμνεῒτε
3658 3391 3895 3458 Κύριον,

635 3484 783 3538 brute
848 3484 1410 3552 Dominam,invocate
1468 3507 1655 3545 nomen
1717 3492 1849 3560 ejus,
1902 3497 2214 3549 annunliale

635 3581 692 3632 in
735 3580 974 3648 gentibus
1033 3581 1262 3650 gloriosa
1333 3582 1467 3649 ejus,
1509 3598 1906 3640 commemorare
1962 3589 2210 3656 quoniam

635 3671 926 3723 exaltatum
979 3682 1052 3725 est
1097 3687 1282 3726 nomen
1327 3673 1463 3742 ejus.
1502 3673 1740 3728 Laudate
1795 3693 1982 3730 nomen
2026 3677 2210 3730 Domi-

637 3763 713 3826 ni,
759 3764 1006 3832 quoniam
1035 3765 1235 3818 excelsa
1266 3765 1414 3830 fecit,
1447 3769 1761 3821 annuntiate
1805 3768 1915 3822 ha’c
1963 3771 2016 3823 in
2069 3771 2209 3823 omni

637 3863 800 3908 terra.
855 3854 1131 3910 Exsultale
1194 3869 1242 3911 et
1288 3857 1562 3922 (utamini,
1614 3859 1704 3927 qui
1751 3859 2002 3914 habitatis
2057 3859 2209 3925 Sion,

635 3945 763 4013 quia
811 3947 1069 3999 exallalus
1103 3955 1177 4000 est
1231 3945 1460 4001 Sanctus
1506 3946 1724 4001 lsraelis
1777 3949 1832 4000 in
1886 3950 2056 4002 medio
2109 3951 2203 4002 tui.

707 4125 753 4179 Ο
800 4139 913 4178 rem
965 4125 1335 4179 admirandam
1384 4136 1438 4180 et
1490 4127 2016 4196 incredibilemloui
2056 4132 2212 4187 modo

637 4217 910 4288 mysteriis
981 4216 1223 4271 initiatus
1257 4227 1358 4282 est,
1413 4219 1537 4274 dein
1585 4219 1650 4272 ad
1715 4219 1976 4274 Salutaris
2040 4220 2213 4276 fontes

640 4309 890 4368 accessit.
921 4308 1222 4376 vitalesque
1281 4309 1458 4364 hausit
1515 4309 1722 4376 latices,
1757 4321 1959 4365 tantam
2005 4313 2214 4367 videtur

639 4401 847 4470 cepisse
920 4398 1374 4468 progressionem,
1411 4399 1475 4452 ad
1517 4400 1636 4464 hoc,
1675 4400 1912 4467 inquam,
1955 4411 2014 4456 ut
2076 4403 2212 4458 ﬁdus

639 4502 692 4546 et
717 4505 1009 4561 germanus
1062 4490 1313 4553 exsistat,
1356 4499 1413 4543 ut
1466 4492 1645 4545 statim
1701 4493 2051 4562 apostolicum
2115 4495 2214 4548 mi-

640 4581 923 4636 nisterium
1001 4579 1270 4642 ostendat,
1295 4588 1349 4633 et
1399 4595 1502 4634 non
1559 4581 1731 4635 solmn
1783 4591 1840 4636 ut
1893 4583 1958 4636 ad
2005 4583 2210 4651 gloriﬁ-

640 4674 872 4728 candum
933 4672 1100 4726 Deum
1155 4670 1510 4740 instigabatur
1552 4671 1720 4738 solus,
1780 4673 1890 4731 sed,
1915 4673 2025 4738 jam
2092 4672 2214 4728 aliis

2306 3485 2492 3552 βοᾶτε
2547 3485 2613 3538 τὸ
2672 3483 2861 3551 ὄνομα
2915 3481 3102 3536 αὐτοῦ
3130 3520 3144 3542 ,
3199 3481 3593 3548 ἀναγγείλατε
3650 3481 3723 3533 ἐν
3774 3481 3897 3546 τοῖς

2312 3580 2516 3633 ἔθνεσι
2541 3577 2613 3630 τὰ
2633 3575 2854 3639 ἔνδοξα
2877 3574 3064 3628 αὑτοῦ
3081 3589 3094 3605 ο
3123 3572 3560 3642 μιμνήσκεσθε,
3580 3573 3668 3626 ὅτι
3689 3574 3896 3641 ὑψώθη

2312 3670 2376 3724 τὸ
2426 3670 2612 3738 ὄνομα
2659 3667 2864 3722 αὑτοῦ.
2911 3666 3249 3735 Ὑμνήσατε
3299 3664 3366 3718 τὸ
3414 3665 3602 3733 ὄνομα
3649 3667 3894 3731 Κυρίου,

2312 3763 2402 3817 ὅτι
2427 3762 2640 3831 ὑψηλὰ
2663 3762 2955 3828 ἐποίησεν
2970 3777 2985 3790 ο
3013 3758 3404 3828 (transnare
3429 3757 3614 3810 ταῦτα
3636 3757 3709 3810 ὲν
3730 3758 3897 3825 πάσῃ

2310 3856 2385 3924 τῇ
2428 3854 2526 3925 τῇ.
2571 3840 2957 3923 Ἀγαλλιᾱσθε
3003 3852 3105 3905 καὶ
3150 3851 3576 3919 εὐφραίνεσθε,
3607 3853 3662 3904 οὶ
3698 3867 3893 3904 stato:-

2311 3949 2560 4013 κοῦντες
2583 3947 2653 3999 ὲν
2673 3944 2846 4008 Σιὼν,
2879 3944 2967 3998 ὅτι
2989 3941 3202 4011 ὑψὼθη
3247 3945 3279 3996 ό
3308 3942 3475 4011 ἅγιος
3514 3941 3620 3996 τοῦ
3654 3943 3895 4010 Ἰσραὴλ

2310 4043 2379 4094 ἐν
2407 4040 2570 4108 μέσῳ
2589 4053 2728 4092 σου.

2387 4133 2450 4182 Ὢ
2484 4109 3184 4200 παραδόξουπράγματοςί
3229 4125 3285 4178 '0
3341 4125 3542 4196 αρτίως
3599 4141 3894 4195 μυσταγω-

2312 4221 2576 4290 γούμευος
2601 4261 2615 4284 ,
2675 4214 2794 4272 εἶτα
2845 4216 3156 4289 περιτυχὼν
3187 4218 3307 4278 ταῖς
3344 4215 3437 4268 τοῦ
3474 4216 3751 4287 Σωτηρίου
3793 4233 3894 4283 πη-

2312 4313 2437 4377 γαῖς
2477 4311 2572 4363 καὶ
2603 4309 2664 4360 τὸ
2695 4309 2942 4378 ζωαρκὲς
2990 4306 3336 4376 ἀρυσάμενος
3385 4306 3534 4373 νᾶμα
3559 4345 3574 4371 ,
3628 4306 3894 4374 τοσαύτην

2313 4403 2506 4470 ὁρᾶται
2537 4397 2921 4469 προσειληφὼς
2954 4398 3052 4467 τὴν
3081 4396 3322 4450 ἐπίδοσιν
3343 4435 3357 4459 ,
3399 4395 3498 4466 τὴν
3549 4397 3627 4458 είς
3657 4413 3721 4462 γε
3755 4397 3892 4464 φημὶ

2313 4494 2373 4545 τὸ
2406 4489 2545 4546 εἶναι
2591 4490 2779 4552 πιστὸς
2815 4488 2910 4542 καὶ
2939 4489 3162 4558 γνήσιος
3190 4527 3204 4551 ,
3238 4488 3379 4540 ὥστε
3413 4488 3504 4539 καὶ
3531 4487 3892 4554 ἀποστολικὴν

2313 4587 2472 4647 εὐθὺς
2504 4584 2836 4638 ἐνδείκνυται
2866 4583 3228 4653 λειτουργίαν.
3262 4583 3371 4635 Καὶ
3398 4583 3496 4651 οὐχ
3549 4582 3699 4644 ὅπως
3735 4581 3890 4642 αὐτὸς

2314 4676 2610 4743 δοξολογεῖν
2637 4676 2889 4744 ἐπείγετο
2941 4676 3098 4744 μόνος
3121 4713 3136 4738 ,
3167 4674 3279 4728 ἀλλ’
3325 4675 3424 4744 ἥδη
3456 4674 3549 4728 καὶ⁸
3578 4677 3689 4737 τοῖς
3716 4675 3890 4735 ἄλλοις

641 4779 855 4834 quoque
895 4763 1147 4817 omnibus
1185 4764 1286 4817 hoc
1308 4761 1660 4816 lactitandum
1709 4764 1950 4826 mandat,
1983 4764 2208 4818 dicens:

2316 4766 2490 4820 ἆπασι
2537 4767 2689 4818 τοῦτο
2730 4767 2862 4837 δρᾷν
2913 4767 3186 4820 ἐπιτάττει
3241 4765 3413 4833 λέγων
3439 4783 3452 4795 ·
3487 4766 3742 4835 Ὑμνεῖτε
3785 4765 3890 4817 Κύ-

642 4857 867 4929 llymuis
920 4855 1210 4924 praedicate
1279 4853 1468 4916 Deum,
1512 4856 1759 4910 invocato
1815 4869 2009 4911 nomen
2071 4856 2208 4923 ejus.

642 4950 706 5005 Et
740 4948 1062 5018 quibusnam
1107 4943 1336 5014 iniungit
1384 4945 1664 5008 invocare,
1696 4946 2038 5014 perspicuum
2065 4945 2214 5009 facit,

640 5041 826 5095 dicens
851 5037 1030 5093 illico:
1062 5035 1392 5091 Annuntiate
1428 5036 1479 5089 in
1525 5037 1774 5106 gentibus
1821 5035 2052 5104 gloriosa
2074 5036 2212 5105 ejus.

643 5131 722 5184 Ne
766 5131 936 5194 enim,
972 5128 1170 5198 inquit,
1204 5127 1370 5182 lateat
1396 5125 1703 5184 Servatoris
1727 5128 1916 5196 gloria.
1953 5128 2215 5182 Omnibus

643 5220 932 5288 conspicua
964 5221 1034 5276 sit
1069 5219 1248 5275 divina
1295 5219 1412 5287 ejus
1457 5221 1540 5274 vis
1580 5234 1744 5291 atque
1798 5232 2056 5291 potestas.
2095 5221 2216 5276 Ser-

645 5313 811 5376 vuvil,
879 5328 979 5368 nec
1029 5312 1169 5367 mala
1211 5311 1424 5368 relricat
1477 5332 1490 5367 :
1541 5314 1757 5369 sustulit
1829 5313 2214 5383 inexpugnabi-

645 5405 748 5460 lem
797 5403 997 5460 diaboli
1038 5419 1103 5458 ac
1147 5405 1534 5460 daemoniorum
1574 5404 1936 5474 tyrannidem,
1991 5405 2216 5460 redemit

544 5535 546 5540 τ
647 5501 921 5563 deceptos,
964 5496 1014 5548 in
1071 5495 1372 5552 libertatem
1425 5496 1662 5552 asseruit
1729 5495 2041 5564 captivitate
2088 5513 2216 5553 con-

646 5586 884 5640 strictos.
925 5584 1120 5639 Fausta
1174 5586 1438 5640 nuntiavit
1488 5586 1673 5649 caecis,
1728 5596 1788 5642 ut
1837 5587 2011 5644 visum
2073 5590 2212 5644 reci-

721 5741 766 5770 "
799 5740 986 5795 Matth.
1026 5756 1098 5805 1v,
1125 5741 1178 5795 4.
1257 5741 1298 5770 ⁸⁸
1326 5739 1619 5806 Psal.xvu,
1665 5741 1748 5794 16.

2316 4873 2450 4928 ριον,
2488 4857 2646 4927 βοᾶτε
2677 4859 2738 4909 τδ
2760 4858 2928 4928 ὄνομα
2956 4857 3143 4910 αὑτοῦ.
3194 4859 3303 4909 Καὶ
3322 4856 3460 4909 τίσιν
3485 4857 3595 4927 ἄρα
3625 4857 3886 4927 προστάτ-

2313 4967 2394 5004 τει
2422 4950 2570 5020 βοᾷν,
2598 4951 2822 5019 ἐναργὲς
2850 4949 3167 5016 καθίστησιν
3191 4948 3455 5012 ἐπιλέγων
3475 4947 3656 5010 εὐθύς
3693 4949 3882 5014 Ἀναγ-

2313 5041 2530 5110 γείλατε
2560 5043 2617 5094 ἐν
2661 5044 2773 5104 τοῖς
2805 5040 2982 5094 έθνεσι
3011 5039 3080 5093 τὰ
3120 5037 3305 5103 ἔνδοξα
3329 5038 3512 5092 αὑτοῦ.
3556 5040 3648 5108 Μὴ
3683 5041 3790 5108 γὰρ
3827 5037 3888 5106 δὴ

2314 5134 2638 5200 λανθανέτω,
2671 5135 2823 5205 φησὶ,
2853 5133 2947 5187 τοῦ
2981 5135 3230 5205 Σωτῆρος
3261 5134 3293 5201 ἡ
3328 5129 3452 5195 δόξα
3477 5171 3492 5195 ,
3522 5130 3725 5183 ἆπασιν
3755 5131 3888 5182 ἔστω

2323 5227 2638 5298 καταφανὴς
2678 5230 2710 5298 ἡ
2750 5227 3056 5298 θεοπρεπὴς
3082 5227 3245 5281 αὑτοῦ
3269 5227 3496 5298 δύναμίς
3523 5245 3585 5280 τε
3615 5226 3710 5279 καὶ⁵
3746 5224 3888 5287 ἐξου-

2326 5317 2433 5371 σία.
2480 5317 2692 5370 Σέσωκε
2748 5319 2844 5386 μὲν
2901 5319 3294 5387 ἀμνησικάκως
3322 5333 3336 5348 ’
3379 5317 3627 5370 καθεῖλεν
3680 5315 3886 5385 ἄμαχον

2322 5410 2612 5479 τυραννίδα
2669 5407 2766 5478 τὴν
2811 5409 2904 5460 τοῦ
2949 5408 3196 5461 διαϐόλου
3252 5409 3347 5461 καὶ
3403 5408 3513 5461 τῶν
3565 5405 3880 5475 δαιμονίων·

2326 5500 2668 5569 ὲλυτρώσατο
2719 5499 2845 5562 τοὺς
2899 5499 3315 5568 ἠπατημένους·
3369 5497 3707 5567 ἠλευθέρωσε
3766 5494 3886 5552 τοὺς

2323 5593 2381 5645 ὲν
2431 5590 2776 5662 αἰχμαλωσίᾳ
2807 5607 2818 5619 ·
2872 5589 3259 5662 εὐηγγελίσατο
3305 5589 3522 5658 τυφλοῖς
3577 5583 3880 5651 ἀνάϐλεψιν.
