4742 6484
509 422 611 475 διδ

507 534 836 588 Δεδικαίωκε
863 535 952 589 διά
986 537 1223 602 πίστεως
1244 577 1260 603 ,
1288 540 1482 609 ὴγίασε
1509 541 1598 597 διά
1626 544 1719 599 τοῦ
1749 546 2088 618 Πνεύματος,
2118 556 2164 611 Α
2194 561 2380 620 perent

2023 565 2088 613 >ςι
2118 556 2164 611 Α
2194 561 2402 620 pereat,
2427 550 2743 622 justiiicavit
2802 566 2900 623 per
2933 553 3115 619 (idem,
3142 553 3498 611 sanctiﬁcavit
3530 569 3626 625 per
3661 556 3773 625 spi-
3888 541 3896 548 ’

506 626 653 688 υἱοὺς
684 625 936 697 ἀπέφηνε
985 627 1121 681 Θεοῦ
1150 630 1277 693 τοὺς
1318 632 1485 685 πάλαι
1528 633 1801 703 δραπέτας
1854 638 1949 690 καὶ
1985 639 2086 707 τὴν

505 716 678 771 ἀκλεά
711 719 807 772 καὶ
852 719 1124 791 ἐπάρατον
1151 718 1495 787 διαϐιοῦντας
1542 724 1707 795 ζωήν.
1731 725 2085 797 Πεπληροφό-

507 825 642 878 ρηκε
667 808 758 862 διὰ
778 810 1121 881 πραγμάτων
1148 813 1232 865 ὅτι
1272 812 1430 883 φύσει
1488 830 1548 868 τε
1598 816 1694 868 καὶ
1725 815 1941 887 ἀληθῶς
1969 820 2087 871 ἐστι

503 901 659 964 Θεός.
699 902 928 973 Ἔγειρε
972 904 1203 975 νεκροὺς
1226 946 1239 969 ,
1290 905 1565 978 καθαροὺς
1594 908 1842 979 ἀπέφηνε
1875 910 2000 974 τοὺς
2029 911 2087 965 ἐν

504 992 702 1063 λέπρᾳ.
730 991 1109 1064 Τεθεράπευκε
1156 995 1388 1066 νεύμασι
1432 998 1559 1061 τοὺς
1606 1000 1664 1052 ἐν
1706 1001 2041 1072 ἀρρωστίαις
2070 1018 2083 1033 ο

504 1082 740 1151 ἀνέκυψε
792 1084 1117 1154 πνευμάτων
1168 1088 1364 1157 ὁρμάς.
1397 1086 1758 1159 Δεδυσώπηκε
1813 1089 2087 1143 Θάλασσαν

503 1171 707 1241 ἀγρίαν
738 1168 923 1226 οὖσαν.
948 1172 1159 1227 Οὐκοῦν
1196 1176 1550 1244 ἀναγγείλατε
1579 1178 1639 1228 ἐν
1662 1180 1777 1242 τοῖς
1812 1178 1989 1232 ἔθνεσι
2020 1177 2088 1232 τά

501 1262 691 1327 ἔνδοξα
715 1264 881 1317 αὑτοῦ
904 1306 918 1329 ,
960 1265 1053 1318 καὶ
1092 1266 1181 1318 διά
1214 1268 1434 1337 μνήμης
1462 1269 1700 1322 ποιεῖσθε
1735 1270 1935 1341 πολλῆς
1958 1310 1974 1336 ,
2006 1269 2086 1323 δτι

501 1353 696 1425 ὑςώθη
723 1354 785 1407 τδ
831 1354 1000 1425 ὄνομα
1029 1356 1216 1412 αὐτοῦ.
1256 1359 1467 1431 Ὑψηλά
1519 1361 1628 1432 γάρ
1673 1362 1947 1431 ἐποίησεν.
1979 1361 2088 1415 Καὶ

498 1445 609 1516 γάρ
642 1449 791 1499 ἐστιν
816 1448 1032 1519 ἀληθῶς
1078 1450 1218 1523 ὑπὲρ
1261 1453 1550 1524 ἀνθρώπου
1588 1458 1763 1525 χεῖρα,
1800 1455 1998 1525 μᾶλλον
2030 1453 2087 1507 δὲ

498 1538 591 1588 καὶ
649 1537 851 1600 παντὸς
894 1540 1150 1594 ἐπέκεινα
1207 1542 1482 1613 θαύματος
1535 1545 1604 1598 τά
1653 1544 2085 1615 κατωρθωμένα.

507 1628 872 1696 ’Δγαλλιᾶσθε
896 1629 959 1700 δὴ
994 1627 1089 1684 οὖν
1116 1632 1209 1685 καὶ
1242 1634 1597 1704 εὐφραίνεσθε
1631 1637 1680 1688 oi
1706 1634 2088 1699 κατοικοῦντες

495 1718 677 1783 Σιὼν,
708 1718 853 1773 τοῦτ’
879 1721 1025 1774 ἐστιν
1046 1763 1060 1787 ,
1088 1723 1137 1776 οἱ
1182 1724 1400 1795 ἑδραίαν
1438 1726 1653 1796 ἔχοντες
1684 1726 1783 1798 τὴν
1811 1727 1992 1781 πίστιν
2028 1727 2087 1779 ἐν

506 1811 889 1883 Ἐκκλησίαιςο
945 1813 1027 1866 ὅτι
1080 1813 1267 1885 ὑψώθη
1324 1817 1352 1869 ὀ
1400 1815 1555 1884 ἅγιος
1606 1817 1698 1870 τοῦ
1765 1816 1983 1889 Ἰσραὴλ
2022 1817 2079 1869 ἐν

1640 429 1707 484 IN
1739 430 1974 487 ISAIAM
2008 432 2137 490 LIB.
2180 435 2242 491 ll.
2292 435 2528 495 TOMUS
2573 440 2633 494 ll.

3660 442 3767 497 546

2190 643 2375 707 ritum,
2434 643 2573 699 tilias
2648 642 2829 699 eﬂ'ecit
2897 642 2991 699 Dei
3064 647 3333 714 quondam
3395 646 3653 716 fugitivos
3715 657 3770 701 et

2188 734 2479 803 ignobilem
2538 736 2797 806 degentes
2841 736 3005 790 vitam
3038 746 3093 791 et
3122 735 3538 792 exsecrabilem.
3585 737 3770 792 Rebus

2188 825 2323 894 ipsis
2339 836 2490 881 ωι-ιο
2512 826 2671 881 [idem
2702 827 2851 892 fecit,
2869 842 2929 883 se
2956 836 3147 882 natura
3170 838 3225 883 et
3256 842 3383 883 vere
3412 828 3582 883 Deum
3606 826 3772 900 214

2185 932 2327 973 esse.
2382 918 2650 973 Excitavit
2706 929 2968 984 mortuos,
3031 918 3274 990 leprosos
3324 918 3451 974 fecit
3510 920 3765 980 mundos,

2188 1007 2589 1065 inﬁrmitatibus
2658 1008 2967 1065 laborantes
3014 1018 3147 1064 nutu
3215 1010 3449 1070 sanavit.
3482 1009 3767 1079 spirituum

2188 1098 2427 1154 assultus
2499 1100 2792 1170 praecidit,
2856 1114 3004 1154 mare
3078 1115 3277 1155 saevum
3344 1098 3492 1153 vultu
3548 1114 3766 1167 compe-

2187 1192 2346 1244 scuit.
2398 1190 2662 1255 Quocirca
2718 1191 3037 1245 annuntiate
3098 1190 3150 1244 in
3216 1188 3463 1259 gentibus
3537 1188 3767 1258 gloriosa

2187 1280 2324 1346 ejus,
2350 1290 2405 1335 et
2488 1290 2902 1336 comtnemorate
2950 1279 3091 1349 quod
3143 1280 3370 1335 sublime
3439 1279 3513 1333 sit
3565 1293 3761 1333 nomen

2186 1370 2325 1438 eius.
2374 1369 2600 1426 Excelsa
2642 1372 2786 1427 enim
2827 1370 2981 1428 fecit.
3008 1372 3145 1427 Sunt
3172 1386 3402 1440 namque
3445 1386 3569 1425 vere
3596 1385 3762 1438 supra

2187 1460 2423 1516 bominis
2492 1476 2732 1525 manum,
2780 1462 2889 1515 imo
2958 1464 3098 1515 ultra
3171 1476 3387 1515 omnem
3457 1458 3769 1513 admiratio-

2188 1567 2311 1608 nent
2357 1553 2615 1624 praeclare
2684 1554 2751 1608 ab
2808 1554 2897 1610 illo
2940 1554 3206 1623 praestita.
3260 1551 3544 1607 Exsultate
3602 1550 3771 1618 igitur

2186 1651 2242 1698 et
2276 1644 2555 1708 lzetamini,
2588 1645 2677 1713 qui
2716 1645 2971 1699 habitatis
3010 1643 3163 1708 Sion,
3194 1644 3245 1698 id
3281 1651 3385 1707 est,
3416 1640 3506 1710 qui
3559 1640 3767 1694 ﬁrmam

2188 1731 2346 1787 fidem
2407 1733 2617 1787 habetis
2659 1732 2715 1787 in
2761 1732 3043 1797 Ecclesiis,
3080 1733 3331 1802 quoniam
3388 1731 3638 1787 sublimis
3684 1738 3771 1783 est

2987 1821 3247 1888 Quamvis
3320 1820 3523 1875 etenim
3593 1819 3756 1873 homo

2186 1830 2407 1877 sanctus
2466 1822 2679 1876 lsraelis
2727 1821 2781 1875 in
2840 1829 2914 1876 te.

497 1903 658 1973 μέσῳ
694 1920 810 1957 σου.
858 1903 921 1957 Εἰ
948 1903 1057 1976 γάρ
1107 1906 1203 1958 καὶ
1249 1906 1471 1975 γέγονεν
1504 1907 1788 1980 ἄνθρωπος
1845 1909 1874 1961 ὁ
1932 1907 2084 1975 ἀγιος
2120 1898 2161 1957 Β
2188 1910 2362 1968 lactus

1932 1907 2084 1975 ἅγιος
2120 1898 2362 1968 “lactus
2417 1913 2487 1968 sit
2558 1922 2778 1968 sanctus
2838 1913 3088 1979 lsraelis,
3162 1924 3218 1967 et
3274 1912 3329 1967 in
3394 1910 3569 1966 forma
3624 1906 3768 1963 servi

495 1994 586 2047 τοῦ
646 1993 907 2065 Ἰσραὴλ,
960 1995 1057 2050 καὶ
1112 1998 1170 2049 ἐν
1228 1997 1415 2051 δούλου
1480 2002 1662 2070 μορφῇ
1709 1998 1965 2053 καθίκετο
2016 1999 2083 2052 δι’

495 2086 652 2156 ἡμᾶς
676 2085 1035 2155 οἰκονομικῶς
1060 2127 1074 2151 ,
1105 2086 1220 2140 ἀλλ’
1246 2083 1339 2140 οὖν
1373 2089 1437 2140 ἐκ
1465 2088 1574 2141 τῶν
1606 2088 2083 2157 ἀποτελεσμάτων,

500 2177 588 2229 (αὶ
609 2175 716 2245 τῆς
748 2174 857 2228 τῶν
880 2175 1058 2246 ἔργων
1080 2176 1464 2249 λαμπρότητος
1487 2218 1500 2241 ,
1532 2176 1722 2249 ὑψώθη
1742 2176 2081 2249 θεοπρεπῶς·

499 2272 586 2324 (αἱ
613 2271 703 2334 τίς
730 2270 873 2325 κατά
904 2268 1067 2340 φύσιν
1100 2271 1270 2339 ἐστὶν,
1305 2271 1648 2342 ἐγνώκαμεν.

1105 2379 1341 2436 ΤΟΜΟΣ
1392 2383 1471 2438 Β’.

567 2493 830 2560 ’θρασις
867 2491 949 2562 ἣν
990 2494 1150 2549 εἶδεν
1191 2494 1434 2560 Ἠσαίας
1478 2493 1611 2559 υίὸς
1665 2493 1841 2562 ’Δμὸς
1867 2492 2019 2545 κατὰ

1108 2564 1481 2630 Βαϐυλῶνος.

572 2673 645 2726 Ἠ
696 2674 796 2744 μὲν
835 2674 979 2729 κατά
1012 2673 1333 2737 Βαϐυλῶνος
1366 2674 1589 2744 ὅρασις,
1640 2673 1735 2727 καὶ
1772 2672 1877 2744 μὴν
1903 2671 1998 2725 καὶ
2030 2672 2088 2723 ai

497 2764 673 2835 ταύτῃ
709 2764 944 2834 καθεξῆς
963 2803 979 2828 ,
1008 2765 1153 2819 κατά
1186 2781 1250 2833 γε
1293 2764 1606 2835 Ἰδουμαίων
1639 2765 1733 2817 καὶ
1757 2763 2086 2829 Μωαϐιτῶν,

497 2861 589 2914 καὶ
629 2858 735 2931 μέν
759 2875 844 2912 τοι
870 2858 964 2912 καὶ
988 2859 1303 2927 Αἰγυπτίων
1323 2901 1339 2925 ,
1372 2858 1467 2911 καὶ
1492 2858 1717 2929 προσέτι
1746 2855 1855 2909 τῶν
1884 2855 2087 2926 ἐτέρων

498 2952 828 3023 πεποίηνται
875 2951 974 3022 μὲν
1024 2952 1104 3014 εἰς
1138 2949 1484 3021 παράκλησιν
1519 2947 1599 3019 τῷ
1650 2946 1870 3017 Ἰσραήλ
1892 2960 1907 2975 ⁸
1949 2948 2091 2999 ἰστο-

497 3046 813 3117 ρικωτέραν
859 3044 917 3098 δέ
949 3060 1067 3106 πως
1118 3042 1229 3096 τῶν
1286 3040 1701 3112 σημαινομένων
1751 3038 1937 3109 έχουσι
1988 3038 2088 3107 τὴν

495 3140 759 3194 ἀπόδοσιν
781 3178 794 3200 ,
826 3137 963 3209 πλὴν
1002 3138 1213 3204 ἐφεῖται
1262 3137 1373 3197 τοῖς
1420 3130 1855 3203 νουνεχεστέροις
1877 3171 1893 3195 ,
1922 3128 1998 3193 ὡς
2026 3131 2091 3183 ἐκ

2188 2006 2399 2062 venerit
2447 2016 2665 2075 propter
2715 2018 2812 2059 nos
2863 2005 2930 2059 ad
2972 2002 3391 2073 dispensationis
3471 1996 3771 2071 perfuncti-

2187 2111 2344 2150 onem
2367 2137 2381 2161 ,
2424 2111 2489 2150 ex
2556 2094 2838 2150 eﬂ‘ectibus
2894 2104 3072 2148 tamen
3103 2106 3435 2163 operumque
3463 2087 3770 2159 splendore,

2188 2183 2368 2237 divina
2418 2184 2708 2238 subvectus
2764 2190 2849 2238 est
2884 2181 3168 2253 dignitate,
3201 2182 3404 2251 etquis
3432 2187 3625 2234 natura
3676 2178 3771 2244 sit,

2190 2275 2593 2345 perspeximus.

2802 2380 3038 2439 TOMUS
3093 2380 3157 2437 ll.

2188 2499 2316 2555 Car.
2360 2513 2479 2554 xttt.
2511 2495 2674 2551 Vens.
2726 2496 2781 2551 Ι.
2826 2494 2973 2549 νὴίο
3016 2510 3175 2563 quam
3222 2494 3355 2549 vidit
3405 2491 3585 2550 Isaias
3627 2492 3773 2563 ﬁlius

2603 2511 2674 2551 as.
2726 2511 2781 2551 1.
2832 2511 2973 2549 vmo
3051 2511 3175 2547 uam
3222 2511 3351 2549 υιαιι

2603 2568 2765 2620 Amos
2787 2574 2974 2619 contra
3006 2511 3351 2635 gabylonem.

2263 2680 2410 2736 Visio
2456 2681 2573 2735 haec
2628 2688 2818 2734 contra
2872 2677 3227 2748 Babylonem,
3256 2685 3310 2731 et
3351 2691 3474 2747 qua)
3539 2677 3631 2734 hic
3678 2677 3774 2732 de-

2190 2774 2375 2841 inceps
2416 2780 2608 2827 contra
2644 2769 2932 2833 ldumaos,
2972 2778 3027 2822 et
3063 2766 3347 2834 Moabitas,
3403 2774 3459 2822 et
3488 2766 3773 2838 Egyptios

2188 2878 2350 2933 porro
2397 2871 2453 2918 et
2495 2860 2729 2930 reliquos
2792 2859 2944 2923 (inut,
2976 2860 3041 2912 ad
3082 2856 3469 2912 consolandum
3513 2855 3772 2913 lsraelem

2190 2956 2557 3012 adhibentur:
2597 2952 3042 3022 explanationem
3105 2960 3289 3003 autem
3347 2949 3548 3003 habent
3602 2949 3775 3017 magis

2193 3047 2531 3109 bistoricam,
2560 3058 2725 3114 quam
2779 3057 2901 3112 quas
2966 3040 3595 3112 signiﬁcanturzverum
3649 3037 3777 3093 licet

2194 3138 2528 3193 acutioribus
2592 3140 2715 3204 qute'
2764 3133 3065 3205 majoribus
3136 3132 3447 3187 acciderunt
3500 3130 3647 3187 velut
3707 3145 3775 3185 ex

495 3232 738 3303 παχείας
774 3230 870 3284 καὶ
900 3228 994 3281 νῦν
1037 3226 1244 3290 εἰκόνος
1277 3223 1713 3296 μεταχαράττειν
1750 3220 1981 3284 ἀστείως
2008 3220 2087 3282 εις
2115 3250 2157 3308 C
2190 3245 2368 3287 crassa

1902 3222 1981 3284 Ῑως
2008 3220 2157 3308 εῑςο
2190 3245 2379 3287 crassa
2440 3228 2613 3298 figura
2679 3239 2743 3280 ac
2799 3225 3052 3295 imagine,
3089 3223 3155 3277 ad
3208 3221 3544 3293 spiritualem
3599 3221 3775 3277 consi-

498 3315 883 3387 πνευματικὴν
909 3314 1141 3385 θεωρίαν
1162 3313 1234 3366 τὰ
1270 3314 1383 3375 τοῖς
1413 3312 1663 3383 ἀρχαίοις
1703 3308 2089 3381 συμϐεϐηκότα

497 3406 873 3477 σαφεστάτην·
908 3406 937 3457 δ
963 3408 1072 3468 τοῖς
1098 3403 1501 3473 ἐντευξομένοις
1532 3402 1815 3473 ποιήσεται
1848 3400 1949 3473 τὴν
1982 3400 2087 3469 ἀφ-

498 3506 703 3570 ήγησιν
732 3498 941 3569 προῖὼν
961 3498 988 3550 6
1005 3498 1182 3567 λόγος,
1204 3497 1297 3550 καὶ
1317 3494 1426 3548 τῶν
1454 3494 1856 3565 γεγραμμένων
1885 3493 2090 3546 ἕκαστα

498 3589 882 3660 ὃιερμηνεύων
906 3588 981 3652 ὼς
1007 3587 1108 3643 ἔνι.
1159 3586 1373 3658 Χρῆναι
1420 3585 1476 3639 δὲ
1529 3580 1680 3655 οἶμαι
1718 3584 1815 3638 καί⁵
1866 3583 1961 3637 νῦν
1997 3583 2091 3637 ἐπὶ

500 3682 599 3751 τὴν
631 3681 729 3735 τοῦ
764 3680 1091 3752 πράγματος
1119 3678 1293 3750 ἀρχὴν
1333 3677 1665 3747 ἀναδραμεῖν
1684 3716 1700 3741 ν
1730 3674 1826 3729 καὶ
1866 3674 1966 3739 τὰς
1991 3674 2091 3745 τῆς

500 3773 749 3842 ὁράσεως
802 3773 980 3836 αἰτίας
1022 3768 1541 3840 προαφηγήσασθαι.
1583 3765 1937 3836 Κεκλημένος
1980 3764 2091 3835 γάρ

505 3867 590 3920 διὰ
623 3867 719 3920 τοῦ
752 3866 1032 3934 πανσόφου
1078 3865 1322 3927 Μωσέως
1365 3865 1394 3915 ὁ
1429 3861 1645 3933 Ἰσραὴλ
1674 3864 1753 3926 είς
1796 3862 2091 3930 ἐπίγνωσιν

502 3960 601 4013 καὶ
645 3957 903 4029 λατρείαν
949 3956 1044 4010 τοῦ
1087 3956 1227 4010 κατά
1282 3955 1543 4024 ἀλήθειαν
1585 3954 1737 4017 ὄντος
1780 3953 1915 4007 Θεοῦ
1937 3995 1951 4020 ,
1996 3953 2092 4008 καὶ

502 4052 670 4120 νόμον
716 4050 857 4119 έχων
888 4048 980 4101 τὸν
1022 4047 1395 4101 ἀπευθύνοντα
1428 4047 1567 4119 πρὸς
1618 4047 1727 4099 πᾶν
1772 4044 1953 4100 ὁτιοῦν
1981 4045 2091 4099 τῶν

498 4140 999 4212 τεθαυμασμένων,
1032 4138 1381 4209 κατημέλησε
1413 4139 1512 4207 μὲν
1532 4137 1633 4208 τῆς
1666 4137 1817 4209 αὑτῷ
1843 4137 2090 4208 δοθείσης

501 4234 753 4305 ἐντολῆς,
800 4233 1067 4302 ἐτράπετο
1117 4232 1174 4284 δέ
1218 4230 1355 4301 πρὸς
1399 4230 1744 4293 διδασκαλίας
1775 4229 2091 4299 ἐντάλματα

500 4322 835 4393 ἀνθρώπων,
872 4320 1072 4391 μᾶλλον
1116 4320 1171 4373 δέ
1213 4319 1306 4372 καὶ
1345 4322 1457 4382 τοίς
1503 4318 1582 4372 ἔτι
1626 4319 1865 4390 χείροσιν
1898 4318 2091 4372 ἐαυτὸν

502 4417 710 4481 ἐνιεὶς,
760 4416 874 4478 τοῖς
922 4415 1021 4485 τῆς
1061 4412 1503 4483 εἰδωλολατρείας
1549 4412 1803 4467 ἐνώλισθε
1853 4412 2087 4484 βάθροις.

515 4506 816 4575 Ἐπητιᾶτο
851 4502 981 4571 γοῦν
1014 4502 1240 4556 τοιαῦτα
1269 4503 1400 4573 δρᾷν
1442 4503 1730 4574 ἑλομένους
1758 4504 1787 4555 ὁ
1816 4502 1925 4556 τῶν
1956 4504 2092 4556 ὅλων

2191 3320 2524 3379 derationem
2596 3324 2825 3372 venuste
2888 3324 3242 3371 convertere:
3288 3314 3571 3383 oratioque
3653 3327 3771 3383 pro-

2189 3415 2460 3486 grediens,
2483 3412 2647 3467 etiam
2673 3425 2794 3480 qua
2837 3409 3039 3478 scripta
3082 3416 3209 3461 sunt
3266 3404 3570 3475 sigillatitn,
3610 3419 3777 3475 quan-

2193 3515 2305 3560 tum
2357 3502 2590 3565 licuerit,
2624 3502 3006 3569 interpretans,
3038 3497 3411 3552 narrationem
3480 3495 3778 3551 lectoribus

2189 3593 2387 3649 elilciet
2443 3590 2837 3664 planissimatn.
2868 3586 3010 3654 Jam,
3039 3596 3098 3641 ut
3131 3586 3387 3651 arbitror,
3416 3586 3484 3640 ad
3532 3585 3610 3639 rei
3661 3584 3791 3653 pri--

2190 3688 2456 3742 mordium
2508 3681 2918 3749 recurrendum,
2948 3691 3003 3736 et
3078 3679 3304 3734 visionis
3383 3692 3561 3733 causa:
3624 3678 3777 3746 prius

2190 3777 2538 3847 exponenda.
2560 3774 2690 3829 Nam
2717 3782 2939 3828 vocatus
2966 3786 3064 3841 per
3090 3770 3545 3840 sapientissimum
3586 3766 3775 3821 Mosen

2191 3864 2354 3921 Israel
2403 3864 2467 3918 ad
2518 3864 2848 3933 agnitionem
2874 3862 3190 3930 cultumque
3211 3858 3327 3914 veri
3376 3858 3492 3923 Dei,
3517 3866 3570 3911 et
3604 3857 3773 3926 legem

2195 3959 2401 4013 habens
2449 3958 2513 4011 ad
2593 3956 2774 4011 omnia
2815 3954 3154 4009 admirabilia
3201 3952 3543 4023 dirigentem,
3571 3964 3767 4019 prtece-

2191 4053 2341 4115 ptnm
2398 4045 2501 4100 sibi
2530 4046 2713 4098 datum
2793 4042 3056 4114 neglectui
3121 4041 3328 4105 habuit,
3373 4054 3767 4109 conversusqut

2191 4148 2275 4196 est
2319 4141 2385 4195 ad
2428 4140 2721 4203 doctrinas,
2750 4138 3006 4192 mandata
3059 4137 3363 4201 hontinum,
3402 4136 3511 4189 imo
3545 4133 3776 4188 deterio-

2194 4234 2346 4288 ribus
2396 4233 2574 4287 adltuc
2615 4247 2675 4287 se
2715 4232 3044 4295 immiscens,
3074 4229 3323 4299 delapsus
3356 4239 3437 4283 est
3472 4227 3525 4282 in
3558 4226 3780 4281 idolola-

2196 4324 2310 4380 tria:
2336 4326 2644 4392 voragines.
2690 4324 2935 4379 Invectus
2960 4332 3043 4378 est
3077 4322 3240 4392 igitur
3292 4322 3343 4376 in
3376 4335 3469 4375 eos
3497 4320 3590 4391 qui
3648 4319 3777 4373 talia

2192 4414 2581 4468 commiserunt
2639 4412 3015 4468 universitatis
3095 4412 3236 4465 Deus
3264 4424 3361 4481 per
3413 4424 3603 4464 omnes
3653 4422 3780 4476 pro-

2194 4504 2403 4573 pltetas,
2442 4502 2603 4574 215
2626 4504 2957 4572 multumque
2986 4502 3314 4558 vociferatus
3337 4510 3420 4555 est
3450 4500 3503 4554 in
3531 4514 3653 4553 eum
3682 4500 3776 4566 qui

501 4596 642 4657 Θεὸς
688 4596 779 4648 διά
835 4594 1035 4657 παντὸς
1089 4594 1405 4664 προφήτου,
1450 4594 1546 4647 καὶ
1598 4593 1798 4663 πολλὴν
1854 4594 2090 4647 ἐποιεῖτο
2121 4579 2164 4633 Ῑ)
2197 4601 2341 4647 tanta

1903 4597 2090 4647 τοιεῖτο
2121 4579 2164 4633 Ῑ)
2197 4601 2341 4647 tanta
2382 4593 2655 4663 impietate
2708 4608 2767 4648 se
2800 4594 3113 4648 obstrinxit.
3141 4591 3286 4646 Dixit
3326 4606 3487 4660 ergo:
3528 4610 3545 4642 ι
3571 4590 3776 4658 Appro-

500 4684 963 4752 δεδυσσεϐηκότος
1020 4681 1187 4736 αὐτοῦ
1233 4683 1331 4753 τὴν
1376 4682 1672 4755 καταϐοήν.
1723 4685 1868 4755 Ἔφη
1924 4684 2087 4752 γοῦν·

508 4794 529 4825 ι
582 4774 826 4842 Ἐγγίζει
872 4790 963 4843 μοι
1009 4775 1038 4826 ὁ
1080 4772 1207 4835 λαὸς
1249 4768 1424 4837 οὗτος,
1465 4775 1578 4836 τοῖς
1624 4773 1859 4843 χείλεσιν
1906 4774 2089 4827 αὐτῶν

504 4865 713 4934 τιμῶσί
761 4878 866 4933 με·
901 4865 935 4933 ὴ
962 4863 1018 4917 δέ
1056 4863 1252 4932 καρδία
1288 4863 1465 4916 αὐτῶν
1515 4864 1706 4935 πόρρω
1750 4865 1943 4934 ἀπέχει
1992 4865 2088 4918 ἀπ’

504 4955 670 5025 ἐμοῦ.
707 4974 727 5007 ι
762 4954 957 5024 Μάτην
1000 4954 1055 5007 δὲ
1083 4954 1328 5008 σέϐονταί
1371 4972 1437 5025 με
1467 4955 1805 5020 διδάσκοντες
1836 4956 2089 5011 διδασκα-

504 5048 637 5101 λίαν
665 5048 970 5118 ἐντάλματα
996 5046 1319 5121 ἀνθρώπων.
1354 5048 1463 5101 Καὶ
1506 5048 1666 5102 πάλιν
1687 5065 1701 5078 ο
1743 5068 1762 5101 ι
1788 5048 1851 5101 Τί
1883 5051 1916 5120 ἡ
1953 5051 2092 5119 ἠγα-

500 5144 742 5212 πημένη
766 5141 1021 5211 ἐποίησεν
1060 5142 1119 5195 ἐν
1144 5141 1225 5211 τῷ
1250 5142 1382 5212 οίκῳ
1422 5158 1523 5212 μου
1557 5141 1869 5211 βδέλυγμα;
1910 5161 1929 5195 ι
1956 5143 2092 5197 Βδέ-

501 5233 703 5303 λυγμα
726 5232 779 5286 δέ
807 5234 868 5287 τὸ
890 5232 1109 5288 εἴδωλον
1149 5234 1423 5303 ὀνομάζει.
1461 5234 1670 5289 Οὐκοῦν
1695 5235 2093 5289 ἀπονενευκότα.

502 5322 707 5386 δεινῶς
744 5326 821 5388 εἰς
862 5325 1125 5389 ἐκτύπους
1168 5325 1506 5397 ἐξιτηλείας,
1554 5326 1649 5380 καὶ
1707 5327 1807 5397 τῆς
1839 5327 1944 5380 ὑπὸ
1974 5325 2094 5397 Θεῷ

503 5412 763 5477 δουλείας
794 5415 1168 5486 ἀποφέροντας
1194 5416 1285 5468 τὸν
1306 5417 1529 5487 αὐχένα,
1554 5416 1647 5471 καὶ
1671 5416 1874 5489 γαῦρον
1899 5417 2049 5472 ὥσπε
2058 5435 2091 5489 ρ

505 5502 677 5571 αὐτῷ
715 5504 773 5556 τὸ
803 5506 1000 5560 οἰκεῖον
1042 5506 1451 5579 ἀντεγείροντες
1492 5506 1769 5577 φρόνημα,
1802 5507 2089 5577 παρεδίδου

506 5595 671 5648 κατά
700 5598 917 5667 καιροὺς
935 5637 950 5659 ,
983 5598 1111 5651 ποτέ
1141 5598 1241 5667 μὲν
1272 5601 1381 5662 τοῖς
1408 5598 1506 5668 τὴν
1530 5598 1746 5667 γείτονα
1774 5600 2091 5668 νεμομένοις

504 5686 729 5759 χώραν,
777 5690 1091 5761 Ἰδουμαίοις
1123 5693 1179 5745 τέ
1217 5710 1377 5763 φημι,
1410 5692 1503 5745 καὶ¹
1534 5691 1713 5763 μέντοι
1744 5692 1835 5746 καὶ
1867 5692 2090 5747 Μωαϐί-

584 5838 657 5867 ""
683 5838 774 5896 lsa.
804 5857 951 5909 ιιικ,
984 5843 1068 5898 13.

2193 4684 2419 4755 pinqnat
2484 4685 2615 4739 mihi
2664 4684 2891 4755 populus
2953 4684 3063 4750 hic,
3111 4682 3266 4739 labiis
3316 4682 3432 4737 suis
3513 4682 3776 4735 honorant

2194 4794 2299 4844 me,
2337 4793 2433 4834 cor
2476 4790 2657 4833 autem
2685 4793 2872 4834 eorum
2902 4775 3092 4846 procul
3149 4776 3300 4830 abest
3334 4789 3362 4827 a
3398 4787 3501 4827 me.
3550 4770 3773 4825 Frustra

2190 4880 2369 4926 autem
2398 4869 2579 4926 colunt
2612 4884 2698 4924 me
2730 4869 2987 4924 docentes
3008 4868 3303 4931 doctrinas,
3330 4865 3579 4919 mandata
3602 4863 3773 4917 homi-

2190 4977 2318 5018 num
2348 4962 2417 5016 ⁸⁸.
2460 4979 2479 5013 ι
2524 4959 2591 5015 Et
2634 4974 2865 5015 rursus:
2903 4976 2922 5011 ι
2963 4958 3101 5025 Quid
3141 4956 3333 5012 dilecta
3367 4955 3494 5012 fecit
3531 4956 3583 5010 in
3616 4957 3775 5010 domo

2188 5068 2307 5107 mea
2358 5051 2859 5107 abominationem?
2892 5070 2911 5103 ι
2942 5050 3410 5105 Abominationem
3454 5048 3654 5103 idolum
3678 5064 3772 5105 no-

2186 5144 2378 5200 minat.
2424 5145 2608 5216 Itaque
2644 5145 2790 5199 velut
2827 5143 3068 5215 graviter
3095 5143 3160 5197 ad
3192 5141 3389 5198 taedam
3425 5143 3771 5211 supinitatem

2188 5234 2540 5302 declinantes,
2593 5246 2649 5291 et
2720 5251 2751 5289 a
2796 5235 3020 5290 servitio
3084 5234 3175 5289 Dei
3233 5235 3503 5288 cervicem
3567 5234 3771 5289 subdu-

2188 5338 2397 5394 centes,
2428 5343 2692 5398 suumque
2721 5342 2935 5383 sensum
2966 5326 3378 5395 snperciliosunt
3413 5336 3601 5381 contra
3647 5342 3769 5379 eunt

2197 5422 2493 5492 erigentes,
2527 5425 2693 5476 certis
2736 5419 3073 5489 temporibus
3130 5417 3373 5485 tradidit,
3398 5432 3541 5471 nunc
3594 5417 3769 5471 conti—

2198 5529 2355 5584 guam
2412 5514 2683 5583 regionem
2737 5512 3144 5580 occupantibus,
3197 5509 3444 5565 ldummis
3528 5509 3765 5573 inquam,

2199 5603 2475 5666 Moabitis,
2524 5603 2795 5674 [Egyptiis
2835 5612 2890 5657 et
2938 5602 3259 5661 Pbilistinis.
3307 5614 3451 5653 nunc
3522 5595 3767 5665 graviore

2199 5695 2303 5751 illis
2354 5694 2504 5765 plaga
2540 5695 2708 5763 illata,
2752 5695 3055 5750 mortalium
3104 5690 3509 5748 crudelissimos
3571 5700 3625 5740 tn
3673 5697 3767 5740 cos
