4742 6512
960 400 1066 455 547

1950 399 2009 455 S.
2051 399 2325 457 CYRILLI
2363 396 2835 455 ALEXANDRINI
2873 394 3198 453 ARCHIEP.

4113 394 4205 450 3A8

966 515 1212 580 immisit,
1276 514 1595 586 Babylonios
1655 512 1898 585 inquam,
1931 517 2022 587 qui
2087 520 2252 574 etiam
2306 518 2556 573 universa
2592 532 2629 583 Α
2661 531 2839 580 ταις,.

2344 518 2556 573 niversa
2592 532 2629 583 Α
2661 531 2804 580 ταις,
2834 511 3151 581 Αἰγυπτίοις
3174 512 3267 565 καὶ
3294 511 3410 574 τοῖς
3437 509 3502 563 ἑκ
3524 506 3860 577 Φυλιστιεὶμ,
3883 507 4015 561 ποτὶ
4050 508 4104 562 δὲ
4125 506 4208 563 καὶ

962 604 1268 659 Iudaeorum
1327 605 1549 675 regione
1601 607 1737 661 citra
1787 608 2027 663 laborem
2094 610 2391 672 devastata,
2450 626 2543 665 ca-

965 695 1166 763 ptivam
1212 694 1547 750 abduxerunt
1578 696 1627 751 in
1656 711 1808 752 suam
1842 699 2114 767 regionem
2143 702 2542 756 multitudinem

967 787 1431 842 innumerabilem.
1463 787 1729 843 Caeterum
1768 790 1882 845 haec
1941 803 2201 847 eventura
2236 811 2358 852 esse
2416 795 2542 860 illis,

964 877 1055 946 qni
1120 878 1287 932 Deum
1363 879 1729 934 universitatis
1808 880 1876 935 ad
1944 882 2079 937 iram
2162 896 2543 954 provocarent,

966 967 1335 1035 praedixerunt
1364 968 1493 1023 olim
1526 970 1669 1025 beati
1701 971 2001 1040 prOphetze.
2031 975 2099 1027 At
2135 974 2191 1028 bi
2212 1015 2228 1039 ,
2267 975 2388 1029 licet
2426 990 2547 1044 qua:

968 1062 1320 1127 praenuntiata
1370 1061 1479 1131 jam
1555 1071 1720 1126 sunt,
1791 1064 1953 1118 etiam
2016 1070 2082 1118 ad
2133 1067 2293 1121 linem
2349 1081 2546 1136 perve-

970 1151 1200 1216 nissent,
1227 1150 1393 1205 nihilo
1435 1153 1615 1207 secius
1651 1153 1919 1221 prtel'racti
1961 1165 2188 1211 erantet
2213 1158 2545 1227 pervicaces,

968 1243 1354 1296 exsecrandum
1409 1252 1463 1297 et
1498 1258 1527 1296 a
1555 1242 1685 1314 legis
1713 1245 1896 1313 regula
1941 1246 2330 1303 alienissimam
2380 1251 2545 1305 vitam

970 1331 1333 1387 instituentes.
1374 1332 1787 1401 Appositissime
1813 1351 1942 1407 ergo
1994 1339 2368 1395 universitatis
2403 1340 2548 1397 Deus

970 1429 1093 1490 post
1140 1421 1344 1492 plagam
1375 1434 1426 1477 et
1464 1424 1695 1491 flagella,
1728 1435 1780 1480 et
1806 1442 1924 1495 quat
1966 1429 2053 1483 his
2091 1429 2332 1513 delinitis
2402 1441 2545 1487 tem-

970 1513 1191 1580 poribus
1257 1513 1324 1567 ab
1369 1514 1613 1570 bosﬁbus
1694 1522 1851 1571 erant
1928 1519 2247 1583 obventura,
2284 1522 2547 1576 suavissi-

974 1619 1179 1657 tnarnm
1230 1620 1433 1669 rerum,
1476 1620 1595 1674 quae
1624 1607 1895 1665 delectare
1941 1619 2210 1679 poterant,
2249 1611 2377 1667 facit
2409 1628 2549 1683 prae-

971 1693 1455 1760 significationem:
1552 1702 1923 1772 promittitque
2011 1704 2123 1770 jam
2205 1707 2552 1773 quantumvis

975 1784 1131 1839 fat-tis
1170 1787 1397 1855 captivis
1433 1788 1661 1843 reditum
1689 1805 1749 1846 se
1783 1791 2194 1859 adornatnrum,
2234 1803 2287 1849 et
2320 1795 2551 1849 miseriae

2645 601 3077 675 δυσαχθεστέραν
3113 601 3297 663 αὐτοῖς
3344 598 3626 668 ἑπιφέρων
3672 595 3920 668 πληγὴν,
3968 597 4091 658 τοὺς
4136 598 4207 650 ὅτι

2647 691 2886 760 μάλιστα
2940 689 3050 743 τῶν
3089 689 3183 743 ἑπὶ
3233 688 3338 758 γῆς
3384 685 3701 757 ὠμοτάτους
3743 684 3928 746 αὐτοῖς
3970 684 4207 753 ἐπηφίει,

2647 782 2792 853 φημὶ
2836 782 2902 853 δὴ
2949 779 3079 843 τοὺς
3122 778 3534 844 Βαϐυλωνίους,
3563 776 3613 829 οἰ
3653 774 3748 828 καὶ
3786 777 3967 828 πᾶσαν
3997 774 4210 844 ἀμογητὶ

2646 873 2746 944 τὴν
2773 872 2881 926 τῶν
2922 869 3193 925 Ἰουδαίων
3222 868 3678 941 καταδῃώσαντες
3711 866 3895 937 χώραν
3914 904 3929 925 ,
3957 866 4211 935 αἰχμάλω-

2648 981 2742 1017 τον
2776 962 3126 1033 ἀπεκόμισαν
3170 962 3251 1025 εἰς
3290 961 3391 1031 τὴν
3439 959 3648 1014 ἑαυτῶν
3672 956 3907 1029 ἀριθμοῦ
3955 956 4213 1028 κρείττονα

2650 1053 2879 1123 πληθύν.
2920 1052 3082 1105 Ἀλλά
3106 1051 3265 1104 ταυτὶ
3308 1050 3408 1120 μὲν
3453 1050 3540 1103 δτι
3580 1046 3919 1118 συμϐήσεται
3969 1045 4214 1114 παροτρύ·

2650 1159 2830 1195 νουσιν
2861 1140 3045 1202 αὐτοῖς
3068 1139 3158 1193 τὸν
3190 1137 3298 1191 τῶν
3335 1137 3471 1190 ὅλων
3498 1135 3650 1201 Θεὸν,
3683 1130 4062 1203 προηγόρευον
4093 1129 4214 1181 κατά

2652 1232 2883 1303 καιροὺς
2924 1233 2972 1284 οἰ
3020 1229 3281 1301 μακάριοι
3312 1226 3613 1299 προφῆται.
3653 1226 3719 1277 Oi
3763 1224 3819 1278 δὲ
3874 1222 4053 1277 καίτοι
4098 1219 4215 1290 πρὸς

2655 1324 2833 1395 πέρας
2857 1322 3040 1384 αὐτοῖς
3071 1319 3453 1390 ἑκϐεϐηκότων
3483 1316 3591 1371 τῶν
3616 1316 3718 1386 ἢδη
3747 1310 4211 1384 προηγγελμένων,

2649 1415 2800 1469 οὐδὲν
2829 1407 2992 1484 ἦττον
3022 1408 3161 1483 ἦσαν
3202 1409 3427 1483 σκληροί
3450 1426 3512 1461 τε
3552 1409 3647 1463 καὶ
3680 1405 3949 1468 ἀπειθεῖς,
3984 1402 4217 1474 βδελυρὰν

2650 1505 2746 1558 καὶ
2795 1504 3183 1575 ἑκνομωτάτην
3221 1499 3633 1572 ἐπιτηδεύοντες
3664 1496 3830 1567 ζωήν.
3867 1491 4216 1563 Οίκονομικώ.»

2649 1614 2795 1651 τατα
2820 1596 3000 1649 τοίνυν
3043 1597 3072 1648 ὁ
3104 1592 3213 1647 τῶν
3242 1593 3379 1646 ὅλων
3405 1590 3537 1652 Θεὸς
3578 1587 3717 1659 μετά
3747 1584 3968 1654 πληγὴν
4005 1582 4097 1636 καὶ
4127 1582 4218 1651 μά-

2656 1705 2849 1757 στιγας
2879 1687 2974 1741 καὶ
3004 1686 3071 1740 τὰ
3104 1687 3168 1738 ἑκ
3212 1684 3319 1739 τῶν
3350 1681 3624 1752 πολεμίων
3675 1677 4066 1747 συμϐεϐηκότα
4100 1672 4220 1727 κατά

2650 1782 2874 1852 καιροὺς
2901 1781 3106 1841 αὐτοῖς,
3146 1777 3239 1831 καὶ
3286 1774 3395 1828 τῶν
3440 1772 3674 1842 ἡδίστων
3705 1771 3799 1825 καὶ
3824 1765 4220 1837 κατευφραίνειν

974 1890 1145 1930 nexus
1195 1877 1586 1943 relaxaturum,
1624 1881 1853 1951 illosque
1909 1882 2001 1951 qui
2037 1884 2164 1937 olim
2201 1885 2467 1949 vicerunt,
2500 1885 2554 1939 in
2588 1874 2629 1931 Β
2656 1872 2847 1926 εἱδότω

2352 1894 2467 1949 unt,
2500 1885 2554 1939 in
2588 1874 2629 1931 Β
2656 1872 2873 1926 εἰδότων
2914 1872 3149 1924 ποιεῖται
3184 1866 3279 1938 τὴν
3324 1862 3726 1937 προαγόρευσιν
3748 1878 3762 1891 ο
3802 1861 4144 1951 ὑπισχνεῖται
4174 1857 4221 1910 δὲ

976 1981 1167 2020 manus
1215 1968 1448 2021 hostium
1505 1970 1853 2026 traditurum.
1888 1972 2121 2029 Maxime
2166 1976 2309 2029 enim
2363 1992 2559 2031 conve-

978 2060 1162 2112 niebat
1216 2061 1427 2115 etiamsi
1500 2061 1825 2118 inemendati
1886 2076 2104 2135 propter
2168 2069 2256 2122 illa
2322 2069 2563 2136 fuerint,

979 2148 1371 2217 posterioribus
1413 2157 1591 2203 tamen
1653 2151 1801 2205 hisce
1832 2152 2071 2220 impense
2094 2153 2345 2223 deinceps
2369 2156 2567 2224 gaude-

980 2252 1060 2302 re,
1090 2248 1145 2291 et
1189 2239 1241 2290 itt
1299 2253 1446 2305 spem
1512 2238 1940 2297 desideratarum
2003 2260 2180 2299 rerum
2242 2246 2385 2300 velut
2457 2248 2557 2303 alis

978 2336 1215 2392 evectos,
1237 2329 1602 2396 gratissimum
1636 2329 1747 2388 Deo
1784 2333 1985 2388 cultum
2030 2334 2081 2388 in
2126 2337 2301 2404 pretio
2338 2338 2562 2403 habere,

979 2426 1035 2470 et
1094 2427 1329 2471 mentem
1399 2418 1472 2472 illi
1538 2418 1757 2476 afﬁxam
1807 2438 1872 2477 ac
1930 2422 2210 2478 immotam
2269 2428 2562 2482 custodire.

980 2508 1243 2574 Quoniam
1301 2511 1483 2580 igitur,
1518 2510 1643 2565 licet
1686 2518 1999 2582 complures
2045 2515 2172 2569 olim
2246 2515 2555 2572 Judtnornm

982 2601 1227 2671 regiones
1291 2602 1525 2672 populati
1578 2604 2157 2667 fuerint,erudeliores
2208 2616 2387 2663 tamen
2439 2609 2563 2663 aliis

979 2703 1035 2746 et
1078 2694 1330 2748 suaviores
1367 2694 1602 2759 fuerunt,
1625 2693 1860 2750 Chaldaei
1913 2699 2238 2763 maxime,et
2280 2700 2369 2768 qui
2436 2710 2550 2753 tum

982 2785 1244 2853 temporis
1299 2785 1558 2859 Babyloni
1606 2787 1957 2860 praefuerunt,
2000 2790 2104 2846 illis
2167 2791 2560 2859 quodammodo

981 2878 1213 2945 primum
1266 2880 1440 2933 oratio
1485 2881 1795 2950 prophetica
1862 2882 2108 2947 insultat,
2133 2897 2195 2935 ac
2241 2881 2453 2950 inquit:

2659 1966 2741 2018 ὅτι
2764 1962 3004 2027 καὶτοὺς
3027 1961 3130 2033 ἤδη
3156 1956 3454 2028 γεγονότας
3475 1952 3859 2025 αἰχμαλώτους
3879 1947 4222 2017 ὑπονοστῆσσι

2662 2058 3100 2131 παρασκευάσει,
3155 2056 3246 2110 καί
3302 2054 3410 2108 τῶν
3468 2052 3570 2123 τῆς
3626 2048 4007 2120 ταλαιπωρίας
4055 2048 4222 2116 ἀνήσει

2662 2152 2901 2221 δεσμῶν,
2927 2148 3239 2222 παραδώσει
3281 2147 3339 2201 δὲ
3388 2146 3485 2200 καί
3514 2145 3711 2207 αὐτοὺς
3733 2145 3859 2206 τοὺς
3894 2141 4067 2196 πάλαι
4093 2141 4224 2209 νική-

2668 2260 2866 2307 σαντας
2896 2244 2977 2306 εἰς
3005 2243 3193 2313 χεῖρας
3225 2238 3455 2310 ἐχθρῶν.
3476 2234 3584 2291 *Ην
3614 2236 3723 2306 γὰρ
3749 2235 3812 2304 δή
3841 2250 3946 2286 που
3984 2234 4076 2285 καὶ
4103 2231 4225 2299 μάλα

2669 2335 2836 2397 εἰκὸς,
2873 2335 2921 2386 εἰ
2945 2333 3039 2386 καί
3069 2330 3417 2401 ἀνουθέτητοι
3461 2328 3836 2399 μεμενήκασιν
3865 2325 3956 2376 ἐπ’
3991 2322 4222 2383 ἐκείνοις,

2670 2422 2787 2478 ἀλλ’
2818 2417 2910 2475 οὖν
2941 2420 3157 2474 ἑλέσθαι
3185 2419 3371 2472 λοιπὸν
3419 2417 3479 2469 τὸ
3524 2415 3629 2469 κᾶν
3672 2413 3803 2483 γοῦν
3831 2415 3945 2475 τοῖς
3984 2411 4227 2481 δευτέροις

2669 2513 2972 2585 ἑφησθῆναί
3001 2529 3061 2565 τε
3101 2511 3217 2582 ἃμα
3236 2552 3251 2573 ,
3300 2508 3396 2563 καὶ
3429 2510 3509 2572 εἰς
3539 2506 3726 2561 ἐλπίδα
3757 2504 3865 2558 τῶν
3898 2503 4227 2574 ποθουμένων

2670 2603 3203 2676 ἀναπτερουμένους,
3241 2601 3341 2672 τὴν
3380 2600 3456 2670 τῷ
3498 2599 3617 2669 Θεῷ
3660 2597 3992 2668 φιλαιτάτην
4028 2594 4229 2662 τιμῆσαι

2669 2698 2953 2768 λατρείαν,
2986 2695 3082 2749 καὶ
3105 2694 3401 2763 ἀκλόνητον
3437 2690 3586 2761 αὐτῷ
3609 2689 3846 2760 τηρῆσαι
3876 2688 3938 2739 τὸ
3971 2685 4223 2754 φρόνημα.

2683 2787 2908 2858 Ἐπειδὴ
2955 2785 3153 2847 τοίνυν,
3213 2786 3261 2837 εἰ
3302 2783 3399 2836 καὶ
3441 2780 3623 2835 πολλοί
3660 2795 3806 2843 τινες
3834 2772 3982 2848 ἦσαν
4023 2776 4069 2827 οἰ
4108 2770 4230 2824 κατά

2668 2879 2892 2948 καιροὺς
2944 2875 3042 2946 τὴν
3088 2873 3198 2927 τῶν
3256 2871 3526 2925 Ἰουδαίων
3590 2869 3773 2940 χώραν
3823 2862 4232 2935 πεπορθηκότες,

981 2970 1095 3023 ἀλλ’
1118 2971 1172 3023 οἵ
1196 2986 1260 3039 γε
1282 2972 1387 3025 τῶν
1422 2972 1595 3028 ἀλλων
1625 2974 1983 3044 ἀπηνέστεροί
2014 2991 2074 3026 τε
2108 2973 2201 3027 καὶ
2250 2972 2574 3044 ἀγριώτεροι
2608 2972 2864 3026 Χαλδαῖοι
2899 2969 3154 3041 μάλιστα,
3216 2966 3311 3019 καὶ
3346 2967 3394 3018 οἰ
3424 2964 3523 3033 τῆς
3588 2960 3908 3023 Βαϐυλῶνος
3942 2953 4234 3028 βεϐασιλευ-

985 3062 1138 3126 κότες
1164 3065 1305 3117 κατὰ
1332 3065 1557 3134 καιροὺς
1596 3066 1776 3129 αὐτοῖς
1806 3066 1971 3119 οἰονεὶ
2009 3064 2101 3117 καὶ
2131 3064 2365 3136 πρώτοις
2391 3066 2418 3118 ὁ
2444 3063 2545 3134 τῆς
2577 3062 2911 3135 προφητείας
2941 3059 3097 3128 λόγος
3131 3055 3371 3126 ἑπιπηδᾷ
3403 3054 3496 3109 καί
3528 3068 3716 3124 φησιν’

1055 3158 1217 3213 Vens.
1249 3159 1304 3212 2.
1340 3158 1406 3212 In
1448 3169 1615 3214 monte
1642 3161 1920 3228 campestri
1960 3160 2124 3213 tollite
2148 3163 2378 3229 signum.
2588 3163 2636 3228 C
2749 3160 2876 3214 Ἐπ’
2911 3157 2928 3210 ί

2004 3160 2124 3213 illita
2148 3163 2378 3229 signum.
2588 3163 2636 3228 ο
2749 3160 2876 3214 Ἐπ’
2911 3157 3090 3225 ὄρους
3121 3153 3367 3208 πεδινοῦ
3388 3151 3566 3219 ἄρατε
3598 3147 3877 3218 σημεῖον.

1056 3244 1320 3317 Oportere
1374 3257 1556 3301 autem
1609 3248 1863 3302 existimo
1922 3248 2011 3316 qui
2064 3249 2351 3319 diligenter
2403 3250 2567 3319 216
2740 3250 2862 3302 Δεῖν
2912 3247 2929 3299 ἰ

2403 3250 2567 3319 216
2740 3250 2862 3302 Δεῖν
2912 3246 2967 3299 δὲ
3011 3241 3165 3314 οἶμαι
3212 3242 3314 3313 τῆς
3373 3240 3671 3313 ἑρμηνείας
3717 3239 3823 3293 τῶν
3871 3234 4235 3307 προκειμένων

989 3338 1154 3392 verba
1215 3337 1490 3407 proposita
1544 3352 1805 3392 enarrare
1841 3338 2133 3404 voluerint,
2181 3340 2384 3409 aliquid
2427 3342 2568 3410 quod
2668 3336 2862 3409 ἀκριϐῆ

2365 3342 2384 3395 Ι
2427 3342 2568 3410 quod
2668 3336 2869 3409 ἀκριϐῆ
2903 3333 3173 3387 ποιεῖσθαι
3211 3332 3310 3401 τὴν
3343 3330 3599 3384 ἀπόδοσιν
3654 3327 3990 3399 ᾑρημένους,
4048 3341 4238 3395 προαφ·

993 3430 1059 3482 ad
1102 3443 1215 3482 rem
1251 3428 1401 3493 facit,
1437 3430 1748 3483 necessario
1781 3430 2020 3497 praefari.
2052 3429 2227 3501 Cyrus
2264 3446 2394 3501 ergo
2421 3444 2571 3500 patre
2673 3432 2866 3501 ηγήσαι

2363 3447 2394 3486 0
2421 3444 2571 3500 patre
2673 3427 2986 3501 ηγήσασθαί
3020 3443 3071 3479 τι
3104 3424 3213 3478 τῶν
3239 3421 3704 3491 ἀναγκαιοτάτων.
3731 3419 3911 3489 Κύρος
3945 3415 4234 3486 τοιγαροῦν,

998 3522 1216 3592 quidem
1245 3521 1533 3591 Cambyse,
1565 3530 1736 3576 matre
1762 3537 1889 3577 vero
1921 3522 2186 3579 Mandana
2222 3534 2402 3590 natus,
2431 3524 2562 3581 Per-

993 3616 1088 3669 sia:
1121 3629 1184 3668 ac
1209 3612 1395 3668 Media:
1424 3627 1541 3677 rex,
1572 3616 1900 3685 oppugnavit
1924 3614 2256 3687 Babylonem
2286 3627 2568 3672 etomnem

996 3703 1275 3775 regionem
1314 3702 1710 3770 Chaldazorum,
1744 3706 1872 3760 licet
1898 3706 2070 3776 ampia
2116 3707 2184 3762 sit
2220 3718 2274 3762 et
2304 3709 2569 3775 maxima;

996 3806 1055 3851 et
1102 3812 1235 3852 sane
1271 3797 1602 3867 expugnavit
1635 3798 1884 3868 cepitque
1913 3813 2032 3853 eam
2064 3814 2168 3853 non
2198 3801 2405 3853 viribus
2434 3800 2571 3862 suis,

1000 3902 1175 3958 neque
1212 3887 1505 3944 robustiori
1539 3905 1699 3944 manu
1724 3889 1944 3960 (invicta
1969 3889 2233 3960 siquidem
2262 3900 2316 3945 et
2342 3891 2570 3959 insupe-

998 3979 1185 4034 rabilis
1213 3990 1330 4034 erat
1364 3995 1498 4051 gens
1528 3980 1932 4047 Chaldaeorum,
1971 3988 2027 4036 et
2066 3989 2285 4050 propter
2332 3979 2574 4035 ntultitn-

997 4072 1202 4137 dinem,
1245 4083 1300 4127 et
1324 4084 1545 4143 pr0pter
1586 4089 1837 4144 magnam
1877 4072 1954 4127 rei
1988 4072 2240 4129 militaris
2276 4073 2572 4143 peritiam),

999 4165 1093 4217 sed
1128 4165 1305 4233 potius
1343 4165 1486 4233 quod
1518 4165 1657 4219 Deus
1683 4166 1731 4219 ei
1760 4164 2101 4220 adversarios
2131 4165 2445 4234 subjiceret,
2476 4165 2576 4220 int-

1001 4256 1258 4327 piumque
1320 4256 1739 4328 Babyloniorum
1793 4256 2081 4323 imperium
2147 4255 2503 4311 labefactaret
2559 4275 2574 4313 :

1001 4347 1199 4418 quippe
1230 4348 1374 4417 quod
1403 4347 1544 4415 apud
1585 4348 1705 4403 illos
1731 4347 2015 4418 praastigia!
2049 4348 2282 4402 maxime
2315 4348 2576 4418 vigerent,

1001 4449 1057 4495 et
1103 4438 1516 4494 innumerabilia
1549 4438 1814 4493 idolorum
1856 4438 2107 4493 examina
2134 4446 2317 4493 essent
2354 4455 2368 4491 :
2416 4438 2576 4492 nimi-

2672 3522 2700 3574 ό
2750 3518 2958 3591 πατρὸς
3001 3518 3099 3587 μὲν
3128 3514 3428 3586 Καμϐύσου
3463 3512 3737 3581 γεγονὼς,
3780 3509 3988 3581 μητρὸς
4016 3510 4073 3562 δὲ
4111 3510 4241 3562 Μαν-

2673 3613 2861 3682 δάνης,
2908 3608 3135 3680 Περσῶν
3184 3625 3240 3661 τε
3287 3606 3383 3661 καὶ
3425 3605 3625 3678 Μήδων
3659 3602 4085 3675 βεϐασιλευκὼς,
4129 3618 4236 3653 κατ-

2673 3702 3007 3774 εστράτευσε
3052 3699 3149 3769 τῆς
3176 3697 3519 3762 Βαϐυλῶνος,
3562 3696 3657 3749 καὶ
3690 3695 3868 3764 πάσης
3919 3694 3978 3747 δὲ
4020 3694 4119 3763 τῆς
4147 3690 4241 3743 τῶν

2672 3793 2955 3848 Χαλδαίων
2978 3789 3159 3862 χώρας
3190 3789 3412 3861 εὐρείας
3437 3805 3495 3841 τε
3527 3786 3696 3858 οῠσης
3733 3786 3825 3840 καὶ
3860 3784 4069 3855 πολλῆς
4091 3785 4238 3851 ἄγαν

2674 3886 2768 3939 καὶ
2803 3884 2868 3955 δὴ
2905 3883 2999 3935 καὶ
3036 3883 3399 3953 κεκράτηκεν,
3439 3873 3600 3932 Είλεν
3648 3876 3820 3947 αὐτὴν
3866 3877 3927 3929 ού
3970 3875 4242 3945 δυνάμεσιν

2679 3976 2859 4040 ἰδίαις,
2900 3973 3025 4028 οὔτε
3059 3973 3167 4045 μὴν
3200 3971 3553 4042 ἀλκιμωτέρᾳ
3590 3969 3733 4041 χειρί⁵
3764 3968 4083 4040 χρήσασθαι
4105 3967 4244 4033 δυνη-

2676 4068 2790 4131 θεὶς
2823 4066 3055 4139 (ἄμαχον
3102 4066 3211 4137 γάρ
3264 4083 3317 4118 τι
3366 4064 3461 4117 καὶ
3507 4060 3985 4129 ἀνανταγώνιστον
4031 4058 4092 4112 τδ
4117 4056 4243 4111 Χαλ-

2676 4157 2844 4213 δαίων
2875 4156 3026 4227 ἔθνος
3055 4151 3143 4227 ἦν,
3180 4155 3269 4209 διά
3308 4171 3368 4208 τε
3404 4153 3634 4224 πληθὺν,
3673 4151 3767 4206 καὶ
3805 4150 3866 4203 τὸ
3898 4145 3959 4204 εὖ
3999 4150 4142 4221 μάλα
4171 4164 4245 4216 γεο

2678 4218 2988 4321 γυμνάσθῶ
3011 4218 3097 4301 τά
3131 4218 3415 4317 τακτικά),
3458 4218 3594 4298 Θεοῦ
3650 4243 3851 4315 μᾶλλον
3896 4218 4243 4313 ὑποφέροντος

2679 4337 2830 4409 αύτῷ
2863 4338 2989 4400 τοὺς
3018 4334 3441 4404 ἀνθεστηκότας,
3465 4334 3558 4387 καὶ
3590 4334 3658 4387 τά
3683 4332 3919 4404 δυσσεϐῆ
3955 4332 4067 4385 τῶν
4090 4330 4245 4383 Βαϐυ-

2680 4431 2888 4487 λωνίων
2908 4426 3295 4488 κατασείοντος
3316 4426 3495 4498 κράτη
3515 4441 3530 4455 ·
3575 4424 3748 4479 διάτοι
3776 4424 3836 4477 τὸ
3872 4423 4134 4492 πλείστην
4161 4420 4245 4492 μὲν

1004 4547 1123 4586 rum
1177 4543 1320 4587 terra
1371 4530 1702 4602 sculptilium
1744 4530 2025 4585 nominata
2076 4540 2179 4594 est,
2229 4530 2313 4585 vel
2353 4538 2574 4602 propter
2606 4510 2650 4566 Ῐ)
2678 4526 2808 4595 ὅσην
2854 4542 2877 4577 τ

2371 4538 2574 4602 )ropter
2606 4510 2650 4566 Ῐ)
2678 4526 2808 4595 ὅσην
2854 4523 2983 4594 παρ’
3033 4519 3216 4583 αὐτοῖς
3266 4514 3403 4571 εἶναι
3449 4516 3547 4588 τὴν
3585 4514 3872 4585 γοητείαν
3922 4511 4157 4583 ἀριθμοῦ
4192 4510 4244 4602 δὲ

1006 4624 1217 4677 turbam
1249 4622 1534 4687 idolorum,
1572 4621 1655 4677 vel
1683 4622 1850 4676 etiam
1894 4621 2035 4692 quod
2066 4621 2441 4692 unusquisque
2492 4621 2579 4676 in-

1003 4716 1245 4769 colarum
1283 4711 1431 4768 nullo
1463 4713 1622 4768 modo
1645 4712 1713 4767 ab
1755 4711 1898 4767 idolo
1943 4713 2253 4781 discrepare
2282 4712 2585 4780 deprehen-

1006 4805 1248 4871 deretur,
1277 4804 1329 4859 itt
1367 4814 1629 4874 quantum
1662 4820 1857 4874 nempe
1893 4805 2218 4874 impotenter
2241 4814 2296 4858 et
2325 4802 2584 4858 eﬂ'renate

1006 4898 1061 4951 in
1112 4912 1353 4951 errorem
1419 4898 1862 4967 prolabebantur.
1917 4897 1996 4950 Ad
2027 4898 2160 4959 base,
2214 4897 2340 4965 quia
2394 4908 2585 4951 sancta

1008 4997 1152 5043 terra
1182 4998 1236 5046 et
1266 4990 1377 5045 Deo
1406 4990 1683 5062 deputata,
1735 4990 1786 5044 id
1824 4998 1927 5057 est,
1961 4986 2144 5043 Judma
2186 4991 2484 5053 devastata,
2518 4997 2574 5043 et

1005 5080 1400 5155 Hierosolymis
1456 5086 1681 5155 ipsoque
1708 5086 1890 5139 divino
1940 5084 2141 5153 templo
2191 5083 2446 5146 incensis,
2483 5082 2581 5136 ab-

1011 5182 1283 5231 duxerunt
1314 5177 1368 5231 in
1399 5193 1552 5231 snam
1588 5178 1860 5248 regionem
1893 5192 2021 5231 vasa
2066 5191 2247 5243 sacra,
2284 5185 2445 5244 atque
2482 5174 2584 5227 im-

1011 5263 1221 5335 potenti
1253 5263 1334 5318 ira
1361 5266 1620 5320 concitati
1654 5264 1904 5320 lsraelem
1925 5266 2263 5327 occiderunt,
2297 5274 2585 5333 quantum-

1012 5359 1094 5414 vis
1130 5367 1355 5413 sanctus
1382 5357 1631 5427 populus,
1670 5366 1724 5411 et
1755 5356 1931 5427 portio
1963 5365 2017 5412 et
2051 5369 2172 5409 sors
2210 5353 2304 5410 Dei
2338 5355 2583 5407 nomina-

1011 5460 1185 5504 retur.
1220 5447 1355 5503 Nam
1386 5448 1524 5518 quod
1544 5445 1800 5502 lsraelem
1838 5447 1979 5501 idola
2006 5446 2273 5500 colentem
2298 5444 2585 5498 tradiderit

1012 5544 1153 5599 Deus
1187 5543 1239 5598 in
1276 5556 1467 5597 manus
1492 5540 1872 5604 hostium,non
1900 5540 2189 5592 obscurum
2206 5546 2287 5589 est
2308 5550 2587 5590 sacrarum

1013 5634 1341 5691 Litterarum
1378 5631 1698 5695 scientibus,
1725 5630 1819 5683 sed
1853 5629 1942 5698 qui
1986 5627 2051 5681 ad
2088 5628 2191 5683 hoc
2227 5627 2403 5681 vocati
2438 5634 2585 5691 sunt,

1013 5744 1107 5783 eos
1139 5742 1243 5783 non
1284 5726 1383 5782 levi
1429 5723 1691 5794 supplicio
1732 5721 2052 5777 all'ecernnt.
2092 5719 2408 5774 Invenietur
2438 5719 2584 5774 enim

1017 5819 1210 5876 alicubi
1247 5820 1449 5876 dixisse
1479 5815 1851 5872 universitatis
1888 5815 2028 5871 Deus
2075 5827 2205 5871 voce
2251 5813 2525 5870 Zacharize
2566 5830 2579 5866 :

2679 4615 2964 4686 κρείττονα
2994 4612 3090 4665 τὸν
3127 4608 3238 4663 τῶν
3274 4607 3508 4662 εἰδώλων
3532 4607 3699 4677 ἑσμόν
3719 4622 3735 4638 ·
3769 4604 3866 4659 καὶ
3890 4604 4023 4673 γοῦν
4053 4603 4125 4671 γῆ
4150 4600 4245 4653 τῶν

2680 4704 2936 4775 γλυπτῶν
2995 4701 3437 4773 κατωνόμασται,
3481 4699 3514 4770 ἢ
3577 4696 3666 4752 διά
3717 4696 3815 4768 τὴν
3869 4694 3981 4749 τῶν
4034 4691 4249 4748 εἰδώλων

2684 4796 2916 4867 πληθὺν,
2948 4796 3117 4866 ἧγουν
3144 4793 3228 4846 ότι
3260 4789 3356 4844 καὶ
3387 4788 3622 4852 ἕκαστος
3648 4785 3758 4840 τῶν
3783 4788 3966 4840 ἐκεῖσε
4008 4796 4245 4852 κατῳκηο

2683 4886 2857 4941 κότων
2904 4885 3027 4938 κατ’
3059 4881 3249 4936 οὐδένα
3281 4880 3485 4952 τρόπον
3535 4877 3755 4931 εἰδώλου
3808 4872 4103 4944 διενεγκὼν
4148 4868 4250 4941 ἡλί-

2681 4993 2858 5041 σκετο,
2901 4975 3044 5030 κατά
3088 4975 3152 5043 γέ
3200 4991 3343 5044 φημι
3400 4971 3461 5026 τὸ
3503 4970 3749 5041 ἀσχέτως
3770 4984 3831 5021 τε
3877 4965 3972 5019 καὶ
4011 4960 4249 5035 ἀκρατῶς

2687 5068 2984 5123 ἀπονεῢσαι
3031 5066 3168 5138 πρὸς
3224 5065 3510 5134 πλάνησιν.
3544 5059 3681 5117 Εἶτα
3728 5059 3866 5132 πρὸς
3911 5057 4140 5120 τούτοις,
4177 5054 4250 5106 ὅτι

2685 5162 2786 5233 τὴν
2815 5160 2977 5229 ἀγίαν
3009 5158 3105 5213 καὶ
3129 5156 3524 5228 ἑκνεμηθεῖσαν
3553 5153 3632 5225 τῷ
3664 5152 3784 5223 Θεῷ
3807 5149 4251 5223 καταδῃώσαντες

2687 5252 2814 5323 γῆν,
2840 5250 2985 5304 τοῦτ’
3014 5250 3149 5316 ἐστι,
3178 5248 3275 5319 τὴν
3290 5246 3569 5309 Ἰουδαίαν,
3590 5240 4085 5314 κατεμπρήσαντὲς
4112 5254 4171 5292 τε
4192 5234 4253 5289 τά

2698 5342 3071 5416 Ἰεροσόλυμα,
3110 5340 3205 5394 καὶ
3235 5338 3398 5393 αὐτόν
3426 5354 3486 5391 τε
3533 5333 3624 5389 τὸν
3655 5334 3796 5388 θεῖον
3834 5332 3981 5397 ναὸν,
4008 5328 4254 5397 ἀπεκόμι·

2692 5454 2793 5491 σαν
2826 5437 2923 5506 μὲν
2952 5438 3023 5488 τά
3053 5432 3222 5503 σκεύη
3251 5432 3322 5485 τὰ
3362 5429 3484 5501 ἰερά
3521 5430 3601 5491 εἰς
3623 5426 3724 5496 τὴν
3758 5423 3988 5489 ἑαυτῶν,
4017 5418 4171 5492 θυμῷ
4203 5417 4255 5471 δὶ

2694 5529 2920 5599 ἀκράτῳ
2965 5524 3236 5597 χρώμενοι
3278 5523 3372 5577 τὸν
3413 5520 3631 5591 Ἰσραὴλ
3671 5517 4052 5579 ἀπεκτόνασιν,
4090 5513 4254 5567 καίτοι

2694 5622 2822 5676 λαὸν
2851 5621 3005 5689 ἆγιον
3026 5616 3444 5689 ὠνομασμένον,
3478 5614 3671 5685 μερίδα
3690 5629 3749 5665 τε
3771 5611 3866 5665 καὶ
3893 5611 4086 5681 κλῆρον
4103 5604 4251 5660 Θεοῦ.

2695 5718 2818 5769 Ὅτι
2857 5717 2954 5784 μὲν
2987 5711 3095 5781 γὰρ
3123 5708 3652 5779 εἰδωλολατρήσαντα
3681 5704 3772 5758 τὸν
3802 5702 4018 5774 Ἰσραὴλ
4046 5696 4254 5761 παρεδί-

2692 5808 2781 5861 δου
2814 5805 2945 5870 Θεὸς
2977 5805 3057 5868 εἰς
3086 5805 3269 5875 χεῖρας
3297 5799 3510 5873 ἐχθρῶν
3545 5800 3642 5854 οὐκ
3673 5796 3993 5869 ἀσυμφανὲς
4018 5795 4125 5857 τοῖς
4154 5788 4254 5844 τῶν
