4134 6486
168 455 289 509 549

1322 452 1388 508 IN
1430 450 1662 507 ISAIAM
1702 450 1832 505 LIB.
1876 450 1939 506 Il.
1980 446 2218 503 TOMIIS
2259 444 2321 501 ll.

3347 419 3488 495 350'

173 572 352 645 ιερῶν
398 571 745 645 γραμμάτων
787 573 1184 647 ὲπιστήμοσιν,
1223 573 1340 629 ἀλλ’
1400 573 1658 638 ἐκόλαζον
1704 571 1766 624 οὐ

1893 568 2227 626 ‘IEmulatus
2276 579 2395 620 sum
2450 560 2755 617 Jerusalem
2816 571 2870 615 et
2924 558 3056 614 Sion
3104 555 3457 611 mmulatione

174 658 427 730 μετρίως
472 661 521 713 οι
555 660 883 731 κεκλημένοι
917 661 1054 732 πρὸς
1084 661 1261 717 τοῦτο.
1305 663 1418 716 Kal.
1443 660 1578 732 γοῦν
1627 661 1771 733 εὑρί-

176 753 382 807 σκεταί
408 769 513 806 που
545 754 718 822 λέγων
741 756 770 808 ὁ
801 754 909 809 τῶν
938 756 1076 809 ὅλων
1099 756 1233 820 Θεὸς
1271 756 1360 810 διὰ
1385 755 1573 826 φωνῆς
1598 757 1774 825 Ζαχαο

177 839 337 906 ρίου·
395 860 415 892 ι
466 840 749 912 Ἐζήλωκα
795 843 895 913 τὴν
956 841 1308 915 Ἰερουσαλὴμ
1351 844 1447 898 καὶ
1482 844 1583 914 τὴν
1634 842 1772 897 Σιὼν

176 930 351 1001 ζῆλον
382 931 581 1002 μέγαν,
622 932 716 985 καὶ
749 931 906 1003 θυμῷ
936 934 1157 1005 μεγάλῳ
1192 933 1305 1003 ἐγὼ
1345 934 1640 1006 ὀργίζομαι
1680 934 1775 987 ἐπὶ

172 1023 249 1075 τὰ
282 1020 418 1093 ἔθνη
446 1024 516 1076 τά
544 1024 1019 1095 συνεπιτιθεμενα,
1065 1025 1182 1080 ἀνθ’
1212 1020 1288 1081 ὧν
1324 1025 1436 1096 ἐγὼ
1469 1026 1567 1097 μὲν
1606 1024 1775 1097 ὠργί-

179 1114 320 1185 σθην
354 1114 538 1183 όλίγα,
583 1114 739 1169 αὐτοὶ
770 1115 829 1168 δὲ
873 1115 1230 1170 συνεπέθεντο
1266 1118 1349 1180 είς
1394 1116 1564 1170 κακά.
1603 1134 1621 1167 ι
1666 1116 1776 1168 Καὶ

176 1204 323 1275 πρός
350 1221 418 1273 γε
450 1205 551 1276 τὴν
580 1205 877 1260 Βαϐυλῶνά
908 1224 1071 1277 φησιν
1090 1224 1106 1238 ·
1142 1226 1162 1259 ι
1185 1205 1325 1276 Ἐγὼ
1345 1208 1553 1261 δέδωκα
1578 1207 1778 1269 αὐτοὺς

176 1294 263 1355 εἰς
295 1292 402 1355 τὰς
426 1292 618 1362 χεῖράς
652 1310 767 1356 σου.
806 1295 871 1347 σὺ
900 1294 957 1348 δὲ
991 1295 1089 1348 οὐκ
1112 1295 1321 1358 ἔδωκας
1347 1297 1531 1358 αὐτοῖς
1552 1294 1722 1357 ἔλεος.
1752 1313 1770 1346 s

176 1381 357 1453 Κύρῳ
382 1382 452 1453 δὴ
486 1379 580 1437 οὖν
610 1384 893 1455 παρεδίδου
925 1384 1060 1449 Θεὸς
1097 1385 1196 1457 τὴν
1228 1384 1463 1451 ἀλαζόνα
1502 1386 1593 1439 καὶ
1620 1384 1779 1453 ὑϐρί-

177 1490 405 1545 στριαν,
443 1474 542 1544 τὴν
572 1476 791 1547 ἁπάσης
833 1477 1166 1545 φαυλότητος
1198 1477 1409 1548 μητέρα
1438 1478 1533 1530 καὶ
1554 1475 1774 1548 τροφὸν,

177 1563 335 1633 φημὶ
354 1564 427 1634 δή
450 1563 553 1635 τὴν
593 1564 909 1619 Βαϐυλῶνα.
952 1566 1165 1619 Γένοιτο
1195 1566 1253 1618 δὲ
1286 1566 1381 1618 καὶ¹
1412 1566 1574 1619 τοῦτο
1608 1565 1779 1633 σαφὲς

175 1652 447 1721 λέγοντος
500 1654 668 1708 αὐτοῦ
707 1654 799 1707 διὰ
849 1655 1072 1708 Ἡσαΐου
1121 1654 1296 1719 οὕτως
1319 1673 1333 1687 σ
1389 1674 1408 1707 ι
1446 1655 1586 1710 Τάδε
1634 1654 1781 1724 λέγει

179 1743 404 1813 Κύριος
455 1742 534 1813 τῷ
572 1742 780 1813 χριστῷ
831 1760 933 1814 μου
996 1743 1184 1814 Κύρῳ,
1239 1738 1301 1798 οὗ
1347 1744 1630 1815 ἐκράτησα
1684 1742 1785 1814 τῆς

175 1834 393 1899 δεξιᾶς,
419 1832 722 1887 ἐπακοῦσαι
744 1833 1054 1905 ἔμπροσθεν
1086 1834 1252 1888 αὐτοῦ
1282 1834 1434 1905 ἔθνη,
1462 1834 1558 1888 καὶ
1600 1833 1785 1896 πόλεις

175 1924 244 1977 οὐ
285 1923 840 1995 συγκλεισθήσονται.
880 1923 1021 1993 Ἐγὼ
1054 1924 1367 1997 ἔμπροσθέν
1396 1942 1491 1979 σου
1516 1926 1783 1997 πορεύσο-
1818 1912 1861 1967 Β

182 2031 318 2085 μαι,
348 2015 450 2068 καὶ¹
485 2015 589 2087 ὅρη
620 2014 850 2084 ὀμαλιῶ.
887 2015 1071 2087 Θύρας
1112 2018 1319 2088 χαλκᾶς
1351 2019 1647 2090 συντρίψω,
1690 2020 1786 2074 καὶ

182 2106 436 2178 μοχλοὺς
460 2106 714 2178 σιδηροῦς
735 2107 1045 2176 συγκλάσω.
1071 2127 1091 2160 s
1117 2110 1439 2181 Νενικηκὼς
1468 2110 1526 2165 δὲ
1549 2112 1578 2163 ὁ
1604 2110 1788 2182 Κύρος

180 2199 369 2268 ἀνῆκε
418 2199 520 2269 τῆς
557 2198 936 2268 αἰχμαλωσίας
987 2200 1081 2253 τὸν
1124 2200 1361 2273 Ἰσραὴλ,
1389 2203 1529 2256 οἶκοι
1569 2220 1629 2257 τε
1669 2203 1790 2274 χαί-

185 2305 398 2360 ροντας
424 2287 562 2341 ἱέναι
597 2286 988 2358 προστέταχεν,
1030 2287 1124 2342 καὶ
1171 2289 1280 2360 μὴν
1310 2291 1402 2343 καὶ
1448 2290 1614 2343 αὑτὸν
1657 2291 1793 2345 ἀνα-

182 2379 494 2451 δείμασθαι
528 2379 619 2432 τδν
674 2379 816 2432 θεῖον
858 2379 1005 2433 ναόν.
1054 2380 1165 2433 Καὶ
1215 2379 1346 2448 γοῦν
1401 2382 1430 2434 ὁ
1491 2382 1787 2452 προφήτης

196 2472 520 2543 Ἱερεμίας,
558 2488 577 2522 ι
628 2469 686 2519 ’0
708 2469 885 2538 λόγος,
915 2488 934 2522 s
963 2470 1147 2541 φησὶν,
1181 2489 1198 2521 ι
1226 2469 1287 2523 ὃν
1317 2469 1549 2543 ὲλάλησε
1587 2470 1793 2542 Κύριος

188 2564 297 2617 ἐπὶ
349 2561 687 2616 Βαϐυλῶναο
727 2560 1113 2629 Ἀναγγείλατε
1168 2562 1227 2616 ὲν
1269 2564 1383 2625 τοῖς
1437 2561 1635 2626 ἔθνεσι,
1697 2562 1794 2616 καὶ

186 2654 451 2707 ἀκουστὰ
476 2652 765 2723 ποιήσατε,
787 2652 881 2705 καὶ
913 2651 989 2722 μὴ
1018 2650 1286 2724 κρύψητε.
1302 2653 1534 2707 Εἴπατε.
1553 2652 1793 2706 Ἑάλωκε

190 2740 493 2806 Βαϐυλὼν,
528 2739 878 2811 κατῃσχύνθη
914 2738 1046 2810 Βὴλ,
1074 2740 1109 2809 ἡ
1139 2739 1433 2809 ἁπτόητος,
1464 2740 1498 2810 ή
1521 2737 1791 2810 τρυφερά.

192 2832 493 2903 Παρεδόθη
531 2830 801 2900 Μεωδὰχ,
837 2831 920 2883 δτι
953 2829 1122 2901 ἀνέϐη
1170 2830 1257 2882 ἐπ’
1296 2830 1468 2901 αὐτὴν
1496 2829 1649 2892 ἔθνος
1688 2828 1798 2883 ἀπὸ

192 2927 410 2999 βορρᾶ,
459 2924 624 2989 αὐτὸς
670 2925 826 2995 θήσει
862 2924 960 2994 τὴν
991 2926 1095 2995 γῆν
1127 2923 1299 2993 αὐτῆς
1352 2924 1433 2986 εἰς
1466 2921 1796 2992 ἀφανισμὸν,

189 3018 311 3072 οὐκ
349 3017 505 3070 ἔσται
546 3018 575 3068 ό
617 3015 887 3069 κατοικῶν
934 3017 991 3069 ὲν
1031 3016 1168 3087 αὐτῇ
1216 3015 1321 3069 ἀπὸ
1365 3012 1653 3086 ἀνθρώπου
1693 3012 1799 3075 ἓως

193 3110 468 3178 κτήνους.
499 3106 589 3160 Ἐν
607 3111 726 3171 ταῖς
752 3108 992 3179 ἡμέραις
1019 3109 1278 3171 ἐκείναις,
1318 3106 1411 3161 καὶ
1438 3109 1496 3160 ὲν
1524 3105 1602 3177 τῷ
1623 3104 1801 3177 καιρῷ

194 3200 429 3269 ἐκείνῳ,
461 3199 686 3269 ἥξουσιν
719 3200 767 3252 οἱ
811 3199 921 3263 υἱοὶ,
972 3198 1190 3271 Ἰσραὴλ
1237 3199 1331 3252 καὶ
1376 3200 1425 3251 oi
1472 3198 1582 3251 υἱοὶ
1622 3197 1797 3251 Ἰούδα

195 3294 309 3346 ἐπὶ
350 3291 413 3344 τὸ
460 3290 593 3343 αὐτὸ
641 3290 946 3360 βαδίζοντες
990 3292 1086 3344 καὶ
1124 3289 1405 3354 κλαίοντες
1438 3287 1799 3360 πορεύσονται

196 3385 310 3439 τὸν
358 3383 497 3437 Θεὸν
543 3381 723 3437 αὐτῶν
761 3383 1084 3453 ζητοῦντες·
1139 3384 1244 3447 ἓως
1284 3384 1422 3436 Σιών
1461 3382 1800 3455 ἐρωτήσουσι

200 3478 318 3547 τὴν
347 3475 487 3529 ὁδόν.
518 3466 647 3527 Ὧδε
691 3474 801 3545 γὰρ
848 3475 910 3528 τὸ
968 3474 1262 3546 πρόσωπον
1314 3474 1497 3528 αὐτῶν
1547 3473 1803 3541 δώσουσι,

203 3570 316 3624 καὶ
347 3570 574 3639 ἥξουσι,
615 3568 713 3622 καὶ
756 3565 1186 3635 καταφεύξονται
1236 3567 1372 3637 πρὸς
1417 3566 1645 3637 Κύριον.
1685 3569 1811 3620 Δια·

209 3665 368 3735 θήκη
418 3660 529 3732 γάρ
552 3659 777 3725 αἰώνιος
802 3662 905 3714 οὐκ
930 3658 1376 3729 ὲπιλησθήσεται.
1413 3677 1432 3711 ι
1468 3660 1578 3712 Καὶ
1608 3658 1770 3713 πάλιν
1793 3675 1809 3691 θ

1826 3249 1874 3313 C

1874 675 2090 729 magna,
2123 668 2179 712 et
2210 657 2286 711 ira
2338 670 2530 725 magna
2584 658 2789 707 irascor
2817 649 3068 721 gentibus
3097 664 3217 715 qua:
3267 661 3458 715 super-

1877 750 2143 821 imposita:
2175 757 2301 803 sunt
2335 764 2349 801 :
2381 761 2478 817 pro
2504 760 2569 800 eo
2602 744 2743 814 quod
2770 758 2869 814 ego
2900 744 3071 796 iratus
3100 739 3177 794 fui
3218 738 3453 802 modice,

1876 841 2007 910 ipsa:
2035 854 2161 894 vero
2204 835 2638 907 superimposita:
2666 840 2795 886 sunt
2831 832 2883 883 in
2925 828 3065 883 mala
3095 828 3162 881 “.
3200 845 3219 878 ι
3259 826 3325 881 Ει
3351 824 3458 878 Ba-

1876 930 2059 1002 byloni
2090 930 2166 983 ait
2198 950 2208 983 :
2254 947 2272 979 ι
2303 926 2414 996 Ego
2450 926 2572 980 dedi
2603 939 2697 979 eos
2728 924 2781 977 in
2808 936 3000 976 manus
3024 930 3166 985 tuas,
3197 928 3255 972 tu
3279 928 3459 972 autem

1878 1037 1985 1078 non
2028 1019 2375 1089 impartivisti
2423 1017 2534 1072 illis
2576 1013 3009 1069 misericordiam
3042 1012 3110 1067 ⁸⁷.
3137 1029 3156 1063 s
3192 1009 3336 1080 Cyro
3359 1008 3460 1077 igi-

1879 1120 1968 1166 tur
2007 1111 2232 1165 tradidit
2277 1110 2420 1164 Deus
2453 1105 2745 1175 superbam
2795 1112 2850 1157 et
2883 1101 3231 1165 insolentem,
3278 1098 3461 1154 omnis

1878 1200 2192 1256 vitiositatis
2236 1208 2467 1253 matrem
2501 1205 2555 1250 et
2593 1194 2884 1258 nutricem,
2918 1192 3041 1246 dico
3071 1199 3255 1244 autem
3288 1188 3463 1258 Baby-

1881 1292 2080 1347 lonem.
2114 1288 2227 1345 Hoc
2263 1298 2443 1343 autem
2477 1283 2822 1340 manifestum
2855 1294 2976 1337 esse
2999 1279 3221 1349 poterit,
3249 1278 3465 1333 dicente

1882 1384 1999 1455 ipso
2025 1382 2174 1437 Isaiae
2210 1395 2339 1436 voce
2379 1380 2456 1435 sic
2487 1395 2503 1434 :
2540 1396 2560 1429 ι
2592 1374 2719 1431 Haec
2776 1373 2909 1429 dicit
2954 1372 3213 1427 Dominus
3250 1369 3462 1423 christo

1883 1490 2003 1529 nseo
2041 1472 2203 1544 Cyro,
2252 1470 2407 1538 cujus
2436 1464 2760 1540 prehensavi
2807 1464 3115 1522 dexteram.
3157 1471 3219 1514 ut
3250 1455 3466 1512 auscul-

1886 1575 1999 1621 tent
2027 1580 2209 1620 coram
2234 1577 2300 1617 eo
2333 1570 2544 1633 gentes,
2583 1567 2641 1614 et
2668 1557 2916 1612 civitates
2951 1569 3057 1608 non
3087 1550 3464 1607 occludentur.

1883 1657 1997 1727 Ego
2022 1664 2147 1711 ante
2179 1664 2229 1709 te
2267 1652 2577 1717 ambulabo,
2608 1659 2665 1705 et
2690 1654 2902 1703 montes
2924 1643 3307 1714 complanabo,
3340 1654 3467 1709 por-

1888 1759 1972 1805 tas
2017 1761 2193 1803 aureas
2247 1754 2550 1809 conteram,
2613 1751 2670 1797 et
2726 1748 2909 1795 vectes
2962 1737 3171 1793 ferreos
3216 1732 3467 1788 confrin-

1887 1855 2007 1910 gam
2039 1838 2105 1891 ⁸⁸.
2141 1856 2159 1890 ι
2194 1837 2357 1907 217
2379 1835 2513 1891 Cum
2550 1833 2854 1903 subegisset
2884 1842 3016 1884 vero
3037 1827 3232 1898 Cyrus,
3265 1824 3471 1878 laxavit

1888 1931 2205 1998 captivitate
2250 1927 2530 1991 Israelem,
2571 1927 2907 1991 domumque
2956 1918 3110 1973 laetos
3158 1917 3240 1970 ire
3282 1912 3468 1985 jussit,

1889 2022 2173 2093 ipsumque
2222 2018 2317 2073 Dei
2370 2016 2627 2087 templum
2670 2022 3003 2068 restaurare.
3046 2007 3186 2073 Quin
3239 2013 3296 2057 et
3346 2016 3477 2073 pro-

1888 2112 2049 2182 pheta
2082 2110 2349 2166 Jeremias
2386 2108 2567 2176 inquit
2600 2124 2613 2161 :
2654 2122 2674 2156 ι
2708 2103 2946 2159 Verbum
2974 2098 3120 2168 quod
3150 2096 3366 2151 locutus
3389 2100 3473 2147 est

1890 2202 2149 2257 Dominus
2174 2215 2336 2270 super
2358 2197 2689 2269 Babylonem
2729 2212 2745 2249 :
2789 2189 3130 2247 Annuntiate
3170 2188 3312 2243 inter
3338 2199 3475 2256 gen-

1892 2302 1994 2360 tes,
2030 2301 2084 2347 et
2116 2291 2301 2346 audita
2327 2289 2509 2354 facile,
2542 2297 2599 2343 et
2626 2301 2692 2342 ne
2714 2284 2909 2341 celate.
2933 2282 3109 2336 Dicite
3139 2296 3155 2335 :
3188 2279 3359 2348 Capta
3389 2284 3475 2331 est

1892 2384 2157 2456 Babylon,
2192 2381 2457 2437 confusus
2506 2388 2591 2434 est
2636 2377 2767 2442 Bel;
2820 2372 3214 2444 imperterrita,
3274 2368 3474 2435 mollis,

1903 2476 2099 2530 tradita
2131 2484 2215 2528 est
2237 2471 2518 2535 Meodach,
2560 2469 2687 2538 quia
2717 2466 2963 2523 ascendit
2985 2472 3177 2520 contra
3200 2477 3320 2517 eam
3346 2474 3478 2529 gens

1895 2569 1964 2622 ab
1987 2564 2272 2637 Aquilone,
2300 2566 2416 2633 ipse
2439 2562 2648 2631 rediget
2680 2572 2877 2616 terram
2906 2557 3023 2626 ejus
3049 2557 3102 2611 in
3133 2555 3470 2616 vastitatem,

1898 2673 1996 2714 nec
2035 2658 2141 2713 erit
2177 2656 2489 2711 inhabitans
2534 2653 2589 2708 in
2640 2666 2725 2717 ea,
2766 2664 2864 2705 nec
2897 2651 3060 2704 homo
3084 2685 3101 2711 ,
3133 2660 3234 2701 nec
3260 2644 3481 2714 jumen-

1898 2760 2033 2807 tum.
2069 2749 2129 2804 In
2160 2749 2352 2803 diebus
2397 2746 2503 2801 illis
2532 2754 2587 2800 et
2627 2745 2681 2799 in
2714 2753 2955 2811 tempore
3000 2739 3094 2794 illo
3129 2736 3353 2793 venient
3382 2733 3479 2788 lilii

1901 2842 2071 2899 Israel
2121 2840 2247 2909 ipsi,
2282 2849 2335 2894 et
2367 2837 2463 2891 lilii
2489 2835 2648 2900 Juda,
2689 2849 2795 2888 una
2828 2830 3174 2886 ambulantes
3200 2838 3255 2883 et
3290 2826 3481 2881 ﬂentes

1900 2934 2078 2998 ibunt,
2114 2932 2285 2987 Deum
2309 2944 2467 2985 suum
2501 2934 2827 2998 quaerentes,
2853 2937 3026 2993 usque
3051 2922 3116 2975 ad
3141 2919 3271 2974 Sion
3306 2919 3479 2972 inter-

1901 3025 2170 3093 rogabunt
2200 3024 2365 3077 viam.
2394 3019 2513 3075 lluc
2565 3020 2713 3073 enim
2750 3016 2945 3070 faciem
2992 3027 3146 3068 suam
3173 3012 3398 3074 dabunt,
3427 3017 3485 3063 et

1902 3116 2143 3179 venient,
2176 3123 2231 3168 et
2260 3112 2578 3182 confugient
2622 3110 2689 3163 ad
2730 3107 3041 3161 Dominum.
3093 3101 3296 3155 Findus
3330 3099 3485 3162 enim

1901 3216 2165 3263 aeternum
2206 3218 2312 3259 non
2361 3203 2606 3256 tradetur
2651 3195 2911 3253 oblivioni
2955 3195 3022 3246 ⁸³.
3062 3210 3081 3245 ι
3117 3192 3184 3247 Et
3225 3202 3418 3244 rursus
3466 3204 3482 3242 :

1910 3317 1929 3351 ι
1956 3298 2249 3367 Propterea
2294 3296 2409 3350 haec
2441 3293 2573 3348 dicit
2612 3289 2870 3345 Dominus
2901 3305 2917 3343 :
2957 3286 3095 3341 Ecce
3155 3298 3254 3354 ego
3302 3280 3480 3336 vindi-

1903 3401 2044 3446 ctam
2073 3405 2281 3444 sumam
2317 3389 2384 3441 de
2424 3400 2550 3457 rege
2587 3382 2875 3454 Babylonis
2909 3390 2965 3436 et
3008 3379 3076 3434 de
3120 3386 3266 3433 terra
3298 3373 3488 3443 ipsius,

1903 3481 2064 3537 sicuti
2089 3480 2385 3534 vindictam
2410 3476 2615 3545 sumpsi
2643 3478 2710 3530 de
2735 3489 2860 3542 rege
2883 3474 3078 3537 Assur,
3108 3480 3163 3525 et
3193 3467 3479 3523 restituam

1905 3571 2074 3627 Israel
2121 3571 2176 3625 in
2223 3585 2423 3640 pascua
2461 3583 2581 3635 sua,
2626 3576 2683 3622 et
2721 3574 2909 3636 pascet
2950 3564 3005 3619 in
3038 3559 3315 3625 Carmelo,
3346 3566 3403 3613 et
3434 3556 3489 3608 in

1910 3673 2094 3720 monte
2127 3662 2407 3733 Ephraim,
2440 3670 2494 3715 et
2523 3659 2577 3715 in
2608 3657 2839 3725 Galaad,
2878 3664 2934 3712 et
2968 3652 3284 3725 implebitur
3311 3648 3495 3703 anima

215 3777 238 3811 s
272 3758 380 3812 Διὰ
407 3757 568 3811 τοῦτο
589 3756 718 3810 τάδε
740 3754 887 3823 λέγει
915 3753 1119 3823 Κύριος
1150 3769 1163 3783 ο
1186 3751 1316 3805 Ἰδοὺ
1344 3752 1455 3821 ἐγὼ
1488 3751 1690 3805 ἐκδικῶ
1715 3753 1814 3805 ἐπὶ
1912 3756 2032 3825 ejus
2064 3756 2133 3808 ’°.
2174 3773 2193 3807 ι

208 3851 317 3905 τδν
355 3849 588 3920 βασιλέα
620 3848 971 3911 Βαδυλῶνος,
1007 3847 1102 3900 καὶ
1143 3846 1243 3917 τὴν
1302 3846 1408 3915 γῆν
1441 3846 1629 3909 αὐτοῦ.
1697 3847 1879 3913 καθὼς
1923 3850 2209 3921 ὲξεδίκησα
2247 3849 2342 3902 ἐπὶ
2384 3848 2480 3901 τὸν
2524 3844 2747 3917 βασιλέα
2798 3852 3050 3911 Ασσουρσ
3086 3837 3182 3892 καὶ
3227 3834 3502 3887 ἀποκατα-

214 3944 417 4013 στήσω
448 3942 540 3996 τὸν
574 3941 794 4016 Ἰσραήλ
827 3943 907 4005 εἰς
951 3939 1049 4013 τὴν
1080 3939 1254 4012 νομὴν
1305 3939 1504 3994 αὐτοῦ’
1570 3941 1666 3995 καὶ
1727 3941 2099 4015 νεμηθήσεται
2129 3945 2186 3999 ὲν
2208 3942 2285 4014 τῷ
2322 3941 2631 4014 Καρμήλῳ,
2672 3938 2766 3993 καὶ
2836 3939 2895 3991 ὲν
2921 3935 3039 4009 ὅρει
3076 3928 3352 4002 Ἐφραῒμ,
3392 3924 3491 3978 καὶ

214 4036 287 4091 ιν
316 4034 396 4105 τῷ
422 4034 657 4102 Γαλαὰδ,
690 4034 786 4088 καὶ
824 4032 1275 4104 ἐμπλησθήσεται
1311 4033 1344 4103 ή
1381 4031 1529 4103 ψυχὴ
1559 4031 1747 4086 αὐτοῦ.
1786 4050 1806 4083 ι

313 4130 439 4184 Ἐπ’
492 4130 672 4197 ὅρους
717 4128 963 4183 πεδινοῦ
1004 4127 1185 4196 ἄρατε
1216 4126 1493 4196 σημεῖον,
1532 4126 1819 4195 ὑψώσατε

216 4222 349 4295 τὴν
367 4220 580 4293 φωνὴν
607 4220 863 4286 ἑαυτοῖς,
877 4218 963 4289 μὴ
998 4218 1298 4287 φοϐεῖσθε,
1320 4217 1720 4287 παρακαλεῖτε
1742 4216 1818 4286 τῇ

1992 4123 2152 4180 Vsus.
2172 4123 2227 4191 2,
2259 4123 2313 4177 5.
2344 4120 2411 4176 In
2441 4129 2614 4174 monte
2636 4114 2915 4187 campestri
2943 4111 3113 4167 tollite
3139 4111 3366 4180 signum,
3394 4108 3503 4164 ele-

1916 4229 2034 4274 vate
2057 4233 2227 4273 vocem
2248 4217 2346 4280 eis,
2370 4210 2719 4269 consolamini
2743 4224 2927 4272 manu,
2949 4204 3171 4274 aperite,
3202 4201 3463 4270 principes
3483 4213 3503 4252 :

219 4313 409 4387 χειρί,
434 4312 716 4377 ἀνοίξατε
741 4314 797 4365 οἱ
828 4310 1137 4380 ἄρχοντες.
1174 4308 1319 4379 Ἐγὼ
1342 4308 1697 4372 συντάσσω,
1719 4324 1793 4362 κα

1919 4326 2013 4380 ego
2043 4309 2276 4372 instruo,
2308 4318 2356 4363 et
2394 4323 2487 4377 ego
2519 4305 2727 4359 adduco
2768 4317 2880 4365 eos,
2910 4296 3229 4365 sanctiﬁcati
3268 4302 3413 4356 sunt,
3453 4300 3503 4345 et

219 4407 348 4477 ἐγὼ
372 4406 497 4477 ἄγω
521 4404 765 4470 αὐτούς.
809 4402 1181 4472 Ἠγιαο-μένοι
1210 4401 1392 4464 εἰσὶν,
1421 4400 1521 4454 καὶ
1558 4398 1673 4471 ἐγὼ
1701 4398 1822 4469 ἄγω

1920 4416 2014 4471 ego
2043 4398 2248 4452 adduco
2282 4412 2391 4451 eos.
2434 4393 2685 4464 Gigantes
2715 4393 2924 4445 veniunt
2960 4396 3014 4440 ut
3060 4384 3301 4453 expleant
3353 4381 3505 4450 furo-

221 4500 481 4564 αὐτούς.
512 4497 804 4566 Γίγαντες
835 4494 1114 4563 ἔρχονται
1144 4490 1461 4561 πληρῶσαι
1494 4490 1602 4548 τὸν
1627 4490 1793 4561 θυμότ

1893 4557 1894 4562 η
1922 4506 2031 4545 rem
2061 4504 2255 4555 meum,
2286 4486 2579 4557 gaudentes
2607 4481 2766 4537 simul
2803 4489 2852 4535 et
2882 4477 3220 4533 insultantes.

218 4607 374 4663 μου,
397 4588 713 4657 χαίροντες
738 4585 859 4655 ἅμα
889 4583 990 4639 καὶ
1021 4580 1382 4653 ὑϐρίζοντες.

317 4681 380 4737 '0
438 4678 707 4751 μακάριος
756 4676 1043 4748 προφήτης
1094 4672 1512 4747 μεμεστωμένον
1546 4672 1685 4744 ἔχων
1732 4676 1823 4727 τδν

1992 4666 2190 4721 Beatus
2218 4663 2481 4734 propheta
2506 4667 2742 4715 mentem
2794 4655 3001 4711 habens
3057 4651 3325 4723 repletam
3374 4662 3504 4702 san-

226 4773 365 4829 νοῧν
396 4743 495 4825 τοῦ
526 4743 681 4840 άγίίου
715 4743 1058 4840 Πνεύματος,
1090 4743 1332 4835 γεγονώς
1356 4743 1415 4818 τε
1445 4766 1504 4819 ὲν
1536 4743 1793 4819 ὀπτασίαι

1925 4767 2013 4814 cto
2051 4756 2284 4828 Spiritu,
2345 4762 2401 4808 et
2432 4751 2764 4807 constitutus
2821 4748 2874 4801 in
2922 4743 3145 4816 Specula
3186 4751 3246 4797 ut
3282 4756 3372 4797 res
3419 4753 3513 4792 ve-

233 4862 609 4936 πραγμάτων,
647 4859 809 4914 οἱονεὶ
842 4855 1204 4929 γραφομένων
1224 4894 1239 4919 ,
1287 4854 1570 4926 μονονουχὶ
1609 4852 1705 4907 καὶ
1737 4850 1829 4917 ἐξ-

1930 4849 2028 4903 Ιιιιί
2063 4847 2167 4903 sibi
2208 4842 2512 4911 deseriptas
2566 4850 2622 4895 et
2660 4840 2731 4895 ob
2770 4836 2960 4893 oculos
3003 4835 3208 4906 positas
3265 4840 3515 4887 contem-

236 4920 465 5013 ἅλλεται
484 4996 500 5020 ,
522 4920 762 5025 Πέρσαις
798 4920 866 5003 τε
885 4920 992 5002 ’καίι
1022 4920 1226 5018 Μήδοις
1260 4920 1578 5015 ἐπιφωνῶν,
1623 4942 1700 5007 ὡς
1732 4942 1793 5014 qs

1932 4940 2130 5011 pietur,
2185 4947 2393 4990 tantum
2421 4949 2527 4988 non
2570 4929 2829 4993 exsultat,
2869 4928 3054 4983 Persis
3093 4926 3246 4996 juxta
3280 4938 3346 4977 ac
3397 4920 3512 4976 Me-

235 5015 619 5121 κεκρατη-κόσι
652 5046 751 5117 τῆς
789 5015 1169 5107 Βαϐυλωνίων,
1210 5038 1388 5110 αἴρειν
1429 5054 1489 5091 τε
1534 5033 1672 5106 ὑψοῦ
1728 5036 1793 5105 τῆ

1935 5032 2020 5087 dis
2061 5029 2388 5091 acclamans,
2423 5041 2488 5080 ac
2529 5024 2575 5079 si
2618 5023 2733 5092 jam
2776 5021 3120 5090 subjugasset
3158 5015 3511 5087 Babylonios.

232 5110 402 5211 νίκης
430 5110 491 5193 τό
512 5110 799 5209 σύμϐολον·
821 5131 974 5187 τουτὶ
993 5130 1124 5201 γάρ,
1151 5125 1331 5201 οἶμαι,
1355 5128 1472 5182 ἐστὶ
1490 5127 1553 5181 τὸ
1580 5127 1793 5198 σημείοι

1937 5133 1999 5180 ut
2045 5133 2102 5180 et
2151 5122 2340 5178 tollant
2401 5119 2454 5174 in
2511 5118 2680 5172 altum
2730 5114 2974 5171 victoriae
3026 5111 3332 5183 symbolum
3369 5127 3381 5163 :
3414 5110 3517 5163 hoc

238 5202 790 5293 καὶνκαταλαλάζειν
822 5227 920 5297 τῆς
964 5223 1251 5280 Χαλδαίων
1288 5222 1567 5295 στρατιᾶς,
1601 5218 1677 5283 ὼς
1727 5218 1793 5291 ήδ

1932 5216 2078 5273 enim
2109 5226 2214 5282 est,
2244 5212 2455 5282 opinor,
2490 5210 2737 5281 signum:
2766 5216 2822 5263 et
2844 5216 2905 5261 ut
2941 5220 3133 5261 vocem
3162 5202 3353 5259 tollant
3384 5215 3517 5256 con-

244 5324 535 5394 πεσούσης
580 5320 675 5375 καὶ
705 5294 1057 5389 παραδούσης
1105 5315 1287 5378 αὐτοῖς
1316 5294 1417 5385 τὴν
1457 5310 1696 5377 ἀλαζόνα
1736 5327 1793 5364 κο

1936 5318 2021 5364 tra
2059 5307 2437 5363 Chaldaeorum
2477 5302 2803 5368 exercitum,
2846 5300 2999 5356 velut
3026 5305 3370 5353 corruentem
3406 5294 3515 5361 iam

244 5387 516 5487 ἀοίδιμον,
546 5415 612 5485 ἢν
642 5413 738 5469 καὶ
767 5387 977 5483 σφύραν
1006 5409 1109 5479 τῆς
1131 5409 1233 5479 γῆς
1263 5409 1291 5460 ὁ
1325 5405 1617 5477 προφήτης
1657 5403 1793 5476 Ἱερε

1939 5408 1996 5454 et
2024 5399 2327 5454 tradentem
2357 5394 2487 5463 ipsis
2520 5392 2809 5463 superbam
2838 5391 2983 5445 illam
3016 5398 3072 5445 et
3097 5387 3371 5444 celebrem
3427 5399 3515 5437 re-

251 5478 410 5579 μίας.
444 5478 709 5559 ἀπεκάλει
747 5478 923 5571 λέγων
969 5478 1098 5572 περὶ
1138 5499 1239 5569 τῆς
1278 5495 1656 5551 Βαϐυλωνίων.
1712 5493 1793 5548 ΙΙιῖ

1944 5494 2179 5563 gionem,
2227 5504 2392 5559 quam
2444 5486 2696 5542 malleum
2740 5495 2900 5541 terra:
2944 5483 3207 5554 propheta
3254 5478 3521 5533 Jeremias

444 5598 540 5652 xci.
585 5563 877 5667 συνετρίϐη
908 5595 943 5665 ἠ
975 5563 1157 5664 σφ’ύρα
1193 5563 1315 5660 ’τῆξ
1350 5590 1489 5660 γῆς;
1531 5588 1684 5642 πᾶσα
1733 5586 1793 5654 γὸ

1945 5581 2195 5645 vocavit,
2229 5579 2417 5635 dicens
2456 5579 2523 5633 de
2569 5586 2712 5632 terra
2739 5572 3162 5644 Babyloniorum
3195 5586 3209 5621 :
3240 5563 3522 5632 Quomodo

250 5652 549 5761 συνετρίϐη
577 5688 735 5752 πόλις
750 5652 827 5740 ’τε
857 5652 950 5740 ξιαὶ
1171 5652 1587 5751 καταπαιομένη
1642 5652 1793 5753 τρόπι

1946 5682 2139 5743 captus
2181 5679 2265 5727 est
2318 5680 2373 5724 et
2417 5667 2688 5724 contritus
2721 5665 2951 5721 malleus
3001 5660 3270 5716 universae
3320 5652 3522 5711 terrae?

324 5850 372 5881 “
398 5847 628 5904 Zachar.
655 5846 809 5913 κη,
851 5844 934 5899 l5.
1012 5840 1186 5897 "Isa.
1220 5856 1386 5905 van,
1427 5840 1479 5895 6.
1557 5838 1602 5871 "
1628 5835 1728 5892 lsa.
1760 5852 1791 5890 χ

1923 5834 1975 5899 I,
2004 5832 2057 5885 '2.
2135 5832 2180 5863 ”
2196 5829 2395 5886 Jercm.
2430 5844 2481 5893 ιι,
2515 5825 2629 5881 4-5.
2725 5823 2770 5855 ’⁸
2798 5822 2927 5878 ibid.
2956 5818 3045 5885 18,
3078 5818 3165 5874 19.
