4134 6488
666 426 765 482 551

1708 425 1767 481 S.
1809 424 2088 483 CYRILLI
2126 420 2593 479 ALEXANDRINI
2633 419 2930 475 ARClllEP

3816 408 3917 460 35!

673 542 807 596 Tota
827 542 974 596 enim
993 536 1186 597 civitas
1206 550 1264 597 et
1282 540 1432 612 regio
1454 540 1683 597 contrita
1707 550 1793 596 est
1808 551 1863 598 et
1883 550 2243 613 conquassata

2354 540 2468 595 τινὰ
2494 543 2741 613 καθάπερ
2774 538 2880 592 τινὶ
2916 538 3119 609 σφύρᾳ,
3152 538 3270 600 ταῖς
3303 534 3529 589 ἐκείνων
3558 532 3910 600 πλεονεξίαις.

673 633 1088 702 quodammodo,
1112 632 1259 688 velut
1282 633 1534 704 quopiam
1560 632 1772 698 malleo,
1794 648 1984 687 eorum
2011 635 2236 704 rapinis.

672 724 904 778 Montem
948 733 1151 791 autem,
1186 738 1334 794 puto,
1367 734 1725 794 campestrem
1769 725 2035 792 nominat,
2074 725 2239 780 veluti

672 814 928 869 humilem
989 824 1045 869 et
1096 814 1270 869 instar
1324 815 1537 870 tumuli.
1590 813 1709 870 Non
1759 816 1901 871 enim
1959 817 2010 870 in
2072 831 2241 871 mon—

672 907 816 961 tibus
878 905 1111 961 excelsis
1172 905 1365 960 vexilla
1428 914 1677 960 statuunt
1738 905 1824 959 vel
1891 918 2088 975 tropaa
2146 914 2242 961 aut

671 998 909 1064 signum,
938 998 1035 1052 sed
1073 998 1124 1051 in
1156 997 1384 1053 collibus
1417 1012 1525 1051 non
1566 998 1639 1051 ita
1672 998 1855 1063 editis,
1881 998 2047 1067 218
2079 1007 2136 1051 ut
2162 998 2239 1053 si-

675 1090 785 1144 mul
835 1100 891 1144 et
940 1090 995 1145 in
1044 1089 1161 1145 loco
1209 1090 1373 1144 nimis
1405 1090 1549 1144 edito
1606 1106 1709 1145 non
1749 1100 2001 1159 ponatur,
2037 1099 2094 1144 et
2142 1090 2241 1145 toti

675 1182 943 1236 exercitui
964 1182 1201 1236 maxime
1224 1182 1295 1235 sit
1321 1182 1671 1251 conspicuum
1700 1191 1756 1237 et
1782 1184 2076 1251 cognitum.
2113 1181 2243 1237 Tol-

676 1273 770 1327 lite
811 1273 996 1343 igitur,
1025 1273 1220 1342 inquit,
1250 1272 1464 1342 signum
1502 1273 1657 1341 quasi
1693 1272 1805 1341 jam
1840 1273 2097 1339 victores,
2132 1273 2243 1327 Deo

678 1374 931 1433 tanquam
967 1371 1121 1417 scuto
1154 1372 1487 1432 protegente.
1535 1365 1758 1419 Elevate
1790 1380 1998 1431 vocem,
2050 1366 2100 1418 id
2136 1375 2240 1431 est,

676 1455 946 1510 clamores
971 1464 1162 1509 contra
1197 1455 1517 1525 phalangem
1549 1456 1892 1511 inimicorum
1943 1457 2134 1511 tollite.
2165 1455 2246 1513 Ne

680 1548 886 1601 timete.
925 1546 1122 1602 Potens
1151 1549 1295 1602 enim
1328 1546 1515 1616 procul
1538 1548 1703 1602 dubio
1726 1556 1781 1601 et
1812 1547 2246 1616 inexpugnabilis

677 1640 925 1693 omnibus
958 1639 1156 1709 ubique
1177 1638 1427 1707 gentibus
1456 1636 1876 1709 Babyloniorum
1907 1653 2118 1702 manus,
2146 1652 2248 1693 nec

676 1732 720 1783 si
752 1732 843 1799 qui
870 1732 1293 1787 extimescerent
1315 1745 1453 1791 eam,
1485 1730 1606 1784 illos
1630 1730 1919 1799 quisquam
1954 1729 2247 1798 reprehen-

677 1824 836 1877 derit.
871 1822 976 1878 Sed
1005 1839 1167 1888 nunc,
1194 1825 1289 1889 ait,
1324 1824 1491 1878 nolite
1515 1825 1723 1886 timere,
1745 1837 1865 1878 cum
1898 1822 2038 1876 Deus
2059 1834 2245 1875 eorum

2344 635 2507 704 Ὄρος
2526 634 2605 698 δὲ,
2626 630 2801 704 οἶμαι,
2816 630 3031 685 πεδινὸν
3063 629 3318 700 ὀνομάζει
3343 630 3406 683 τὸ
3427 627 3592 683 οἱονεὶ
3618 627 3915 698 χθαμαλὸν,

2340 725 2433 778 καὶ
2455 724 2530 788 ὡς
2559 727 2618 778 ἐν
2638 724 2787 790 τάξει
2810 721 3067 793 γηλόφου.
3086 721 3161 773 Οὐ
3188 720 3297 791 γάρ
3320 736 3401 785 τοι
3429 719 3566 789 πρὸς
3592 719 3665 772 τὰ
3696 719 3917 789 civem.

2340 816 2474 869 κότα
2504 816 2612 869 τῶν
2639 813 2781 886 ὀρῶν
2813 812 3196 875 ἀναϐαίνοντες
3230 812 3331 874 τὰς
3375 809 3654 882 σημασίας
3686 810 3916 871 ἱστᾶσιν,

2341 907 2460 979 ήτοι
2486 907 2553 961 τά
2583 908 2843 979 τρόπαια,
2881 908 3050 977 ήγουν
3078 906 3140 960 τὸ
3170 892 3415 977 σημεῖον,
3443 905 3559 960 ἀλλ’
3592 906 3686 958 ἐπὶ
3720 904 3917 973 βουνῶν

2341 998 2401 1051 οὺ
2433 997 2552 1050 λίαν
2577 998 2854 1070 ήρμένων,
2879 998 2943 1050 ἵν’
2968 999 3027 1051 ἐν
3054 995 3239 1066 ταύτῷ
3266 997 3361 1049 καὶ
3384 995 3445 1049 τὸ
3469 994 3605 1065 ὑψοῦ
3637 994 3913 1046 τεθεῖσθαι

2341 1088 2462 1143 λίαν
2492 1088 2749 1161 διαφύγῃ,
2791 1088 2877 1160 εἴη
2916 1089 2973 1143 δὲ
3003 1089 3097 1142 καὶ
3142 1088 3329 1159 ἁπάσῃ
3365 1090 3430 1159 τῇ
3463 1087 3696 1155 στρατιᾷ
3726 1102 3918 1154 γνωρι-

2346 1180 2616 1251 μώτατον.
2672 1182 2874 1253 Ἄρατε
2921 1181 3125 1245 τοίνυν,
3181 1180 3340 1250 φησὶ,
3394 1182 3644 1249 σημεῖον,
3688 1179 3768 1241 ὡς
3824 1179 3919 1248 ήδη

2344 1273 2691 1343 νενικηκότες
2759 1272 2895 1326 Θεοῦ
2964 1270 3414 1344 προασπίζοντος.
3481 1271 3771 1341 ’Υψώσατε
3828 1272 3920 1340 τὴν

2344 1364 2546 1436 φωνὴν,
2592 1364 2738 1419 τοῦτ’
2780 1365 2915 1427 ἔστι,
2962 1363 3372 1428 καταλαλάξατε
3420 1363 3520 1433 τῆς
3552 1363 3664 1415 τῶν
3714 1361 3921 1431 ἐχθρῶν

2346 1458 2648 1527 φάλαγγος,
2688 1458 2763 1529 μὴ
2793 1457 3065 1527 φοϐεῖσθε.
3097 1460 3255 1528 Δεινὴ
3297 1458 3397 1527 μὲν
3426 1457 3537 1526 γὰρ
3561 1453 3923 1525 ὁμολογουμέ-

2347 1567 2452 1614 νως
2484 1551 2579 1604 καὶ
2606 1549 3078 1619 ἀνανταγώνιστος
3106 1555 3217 1613 τοῖς
3269 1546 3579 1617 ἁπανταχοῦ
3617 1546 3730 1598 τῶν
3757 1545 3925 1597 Βαϐυ-

2345 1641 2552 1695 λωνίων
2587 1642 2620 1712 ή
2660 1642 2802 1712 χεὶρ,
2834 1642 2927 1695 καὶ
2957 1642 3057 1695 οὐκ
3082 1641 3147 1695 ἄν
3175 1658 3260 1703 τις
3291 1640 3767 1708 καταμωμήσαιτο
3799 1636 3923 1699 τοὺς

2346 1734 2584 1796 δεδιότας
2612 1734 2805 1803 αὐτήν.
2846 1733 3007 1786 Ἀλλά
3040 1732 3137 1787 νῦν
3177 1733 3252 1803 μὴ
3289 1730 3566 1800 φοϐεῖσθε,
3594 1732 3751 1799 φησὶ.
3788 1729 3923 1782 Θεοῦ

2347 1828 2465 1888 ταῖς
2488 1825 2714 1879 ἐκείνων
2746 1824 3071 1895 ὑπεροψίαις
3095 1825 3195 1895 τὴν
3231 1824 3366 1876 ίδίαν
3402 1821 3575 1893 ὀργὴν
3605 1820 3926 1887 ἀντεξάγον-

678 1916 944 1983 superbize
991 1914 1125 1970 iram
1158 1931 1311 1971 suam
1360 1924 1615 1984 opponat.
1659 1914 1893 1969 Evocate
1952 1930 2136 1969 manu.
2182 1914 2249 1969 Et

2354 1935 2456 1980 τος.
2508 1918 2882 1988 Παρακαλεῖτε
2913 1920 2979 1987 τῇ
3008 1915 3176 1987 χειρί.
3206 1917 3314 1968 Καὶ
3336 1915 3388 1967 τί
3428 1915 3493 1985 δὴ
3537 1913 3699 1966 τοῦτό
3743 1915 3923 1976 ἐστιν;

680 2004 807 2072 quid
856 2004 1074 2058 tandem
1118 2014 1202 2058 est
1250 2004 1429 2060 istud?
1477 2004 1662 2059 Solent
1710 2005 1963 2060 fortassis
2017 2005 2251 2059 militum

679 2094 848 2149 duces
881 2110 1040 2149 manu
1071 2096 1331 2161 excitare,
1363 2105 1417 2151 et
1448 2106 1578 2150 nutu
1620 2096 1979 2151 exstimulare
2009 2095 2251 2152 fortissi-

683 2200 818 2250 mos,
865 2198 921 2244 et
973 2188 1043 2243 ad
1099 2189 1435 2246 incursiones
1477 2200 1666 2245 contra
1720 2190 1931 2260 aliquos
1973 2189 2254 2249 faciendas

679 2277 945 2341 animare,
972 2294 1095 2334 cum
1130 2279 1292 2334 veluti
1334 2282 1385 2335 in
1421 2296 1615 2352 magno
1650 2282 1882 2337 tumultu
1911 2297 2012 2337 vox
2040 2282 2107 2337 ad
2150 2285 2252 2339 hoc

682 2367 862 2423 minus
894 2369 1093 2424 valeat.
1126 2368 1361 2427 Proinde
1398 2370 1553 2440 jubet
1577 2382 1638 2425 ut
1673 2374 1766 2441 qui
1805 2373 1965 2429 rebus
1996 2372 2253 2444 gerendis

680 2455 1070 2523 praeficiuntur,
1115 2458 1299 2528 capias
1350 2473 1473 2528 qua:
1502 2458 1603 2513 sub
1642 2468 1915 2529 potestate
1952 2470 2100 2527 sunt,
2136 2476 2252 2516 ma—

682 2545 843 2602 nibus
866 2556 921 2602 et
956 2548 1179 2604 nutibus
1220 2550 1579 2604 cohortentur
1618 2565 1855 2618 suosque
1886 2551 1952 2607 ad
1989 2553 2251 2609 invictam

680 2638 970 2707 quamdam
1009 2639 1344 2696 alacritatem
1401 2653 1687 2699 exacuant.
1745 2644 2025 2701 Acclamat
2084 2646 2252 2702 etiam

682 2745 911 2786 rursus:
936 2732 1181 2801 Aperite,
1207 2734 1499 2805 principes.
1537 2734 1634 2791 Vel
1659 2739 1803 2792 enim
1832 2738 1901 2794 iis
1929 2738 2161 2808 imperat
2192 2748 2255 2796 ut

680 2819 993 2893 Babyloniis
1027 2825 1140 2895 jam
1183 2828 1337 2895 quasi
1378 2828 1606 2883 devictis
1656 2830 1901 2898 aperiant
1946 2839 2153 2900 portas,
2199 2840 2256 2888 et

680 2914 973 2984 superbam
1006 2917 1136 2971 olim
1175 2928 1230 2974 et
1265 2919 1587 2976 insolentem
1634 2921 1822 2976 urbem
1866 2922 2081 2977 tradant
2114 2940 2129 2977 :
2172 2922 2255 2978 vel

681 3005 844 3059 etiam
888 3004 1032 3063 forte
1068 3010 1331 3063 exercitui
1370 3019 1580 3076 sancto,
1621 3011 1773 3080 jussu
1816 3024 1871 3068 et
1898 3013 2130 3082 imperio
2160 3014 2255 3071 Dei

681 3097 1027 3151 succurrenti
1056 3097 1248 3164 Medis,
1281 3108 1335 3154 et
1372 3100 1480 3156 illis
1513 3102 1687 3157 ardua
1720 3103 1846 3159 licet
1889 3118 1954 3158 ac
1980 3114 2253 3175 praerupta

685 3188 907 3255 agendis
960 3189 1116 3258 equis
1155 3194 1505 3248 accommoda
1548 3194 1849 3252 reddituro.
1904 3194 2020 3262 Quo
2071 3206 2253 3253 autem

2361 2010 2522 2074 Ἐθος
2548 2010 2690 2080 τάχα
2717 2027 2821 2062 που
2850 2011 2961 2072 τοῖς
2989 2008 3099 2061 τῶν
3124 2004 3401 2060 τακτικῶν
3427 2004 3757 2075 ἡγουμένοις
3786 2002 3927 2071 χειρὶ

2354 2101 2719 2173 παραθήγειν,
2749 2100 2844 2154 καὶ
2870 2100 3102 2171 νεύμασι
3132 2097 3493 2169 παροτρύνειν
3518 2096 3646 2158 τοὺς
3676 2112 3925 2164 μαχιμω-

2351 2192 2569 2257 τάτους,
2596 2192 2830 2262 ἐγείρειν
2870 2208 2930 2244 τε
2976 2190 3114 2262 πρὸς
3148 2189 3369 2257 ἐφόδους
3402 2186 3597 2249 αὐτοὺς
3638 2185 3739 2247 τὰς
3790 2184 3931 2237 κατά

2353 2300 2534 2347 τινων,
2568 2283 2753 2353 φωνῆς
2796 2281 3091 2351 ἀτονούσης
3134 2280 3290 2333 τοῦτο
3316 2279 3471 2349 δρᾷν,
3516 2277 3593 2340 ὡς
3626 2277 3686 2329 ἐν
3716 2274 3931 2348 θορύϐῳ

2355 2372 2555 2443 πολλῷ.
2591 2374 2927 2443 Προστάττει
2968 2369 3254 2442 τοιγαροῦν
3285 2374 3399 2433 τοῖς
3428 2368 3539 2421 τῶν
3587 2366 3930 2438 πραγμάτων

2354 2463 2718 2533 προεστηκόσι
2745 2461 2842 2525 τάς
2869 2462 2959 2515 διὰ
2982 2462 3179 2533 χειρῶν
3202 2461 3297 2513 καὶ
3319 2459 3605 2529 νευμάτων
3636 2457 3929 2528 παρακλή-

2354 2571 2467 2616 σεις
2514 2552 2783 2607 ποιεῖσθαι
2826 2555 2946 2616 ταῖς
2978 2552 3092 2605 ὑπὸ
3139 2554 3298 2622 χεῖρα
3346 2550 3662 2619 στρατιαῖς,
3715 2548 3817 2601 καὶ
3858 2549 3934 2609 εἰς

2352 2644 2564 2716 ἄμαχόν
2601 2661 2722 2698 τινα
2759 2644 3070 2717 προθυμίαν
3126 2641 3469 2715 παραθήγειν
3491 2639 3715 2702 αὐτούς.
3783 2640 3927 2691 Ἐπι-

2355 2739 2524 2805 φωνεῖ
2563 2735 2621 2789 δὲ
2670 2735 2834 2789 πάλιν
2858 2736 2954 2797 τὸ,
3000 2734 3275 2799 Ἀνοξξατε
3316 2735 3366 2786 oi
3406 2732 3688 2804 ἄρχοντες.
3727 2728 3799 2782 Ἢ
3830 2729 3936 2799 γὰρ

2355 2827 2539 2891 αὐτοῖς
2579 2828 2858 2882 ἐπιτάττει
2896 2830 3008 2891 τοῖς
3050 2826 3445 2889 Βαϐυλωνίοις,
3486 2825 3563 2888 ὡς
3593 2823 3698 2893 ήδη
3741 2836 3938 2889 κεκρα·

2353 2923 2609 2993 τημένοις
2644 2919 2957 2990 ἀνοιγνῦναί
3000 2936 3060 2973 τε
3100 2918 3200 2981 τὰς
3225 2917 3418 2980 πύλας,
3453 2916 3548 2969 καὶ
3578 2912 3938 2983 παραδιδόναι

2353 3014 2452 3086 τὴν
2502 3012 2737 3077 ἀλαζόνα
2784 3012 2916 3065 ποτὲ
2962 3010 3058 3065 καὶ
3100 3007 3419 3081 ὑϐρίστριαν
3470 3006 3660 3059 πόλιν·
3712 3004 3745 3074 ἢ
3799 3003 3939 3072 τάχα

2356 3123 2458 3160 που
2490 3106 2584 3159 καὶ
2611 3105 2901 3175 δυνάμεσιν
2927 3102 3109 3171 ἁγίαις
3130 3101 3270 3155 κατὰ
3294 3097 3589 3169 πρόσταξιν
3615 3095 3754 3149 Θεοῦ
3780 3111 3938 3147 συνα-

2359 3196 2676 3261 σπιζούσαις
2708 3197 2821 3258 τοῖς
2848 3194 3079 3265 Μήδοις,
3127 3187 3607 3261 ἀποφα[ῖ]νούσαις
3650 3203 3711 3239 τε
3753 3185 3940 3245 αὐτοῖς

686 3280 1043 3347 pugnantium
1077 3281 1499 3350 insuperabilem
1534 3300 1749 3340 manum
1776 3286 2135 3352 demonstret,
2160 3287 2252 3343 ade

2360 3290 2639 3360 ἱππήλατα
2671 3288 2849 3342 καίτοι
2886 3263 3005 3339 λίαν
3038 3283 3295 3353 δυσχερῆ,
3325 3282 3445 3333 Ἵνα
3477 3279 3534 3331 δὲ
3561 3277 3660 3347 τὴν
3690 3276 3803 3329 τῶν
3842 3292 3941 3343 μα-

688 3371 875 3431 nectit,
906 3381 957 3425 et
1005 3372 1183 3442 inquit
1213 3392 1228 3427 :
1258 3374 1371 3444 Ego
1409 3376 1635 3442 instruo,
1667 3389 1721 3433 et
1748 3393 1848 3449 ego
1880 3379 2088 3433 adduco
2124 3394 2256 3445 eos;

686 3458 1007 3515 Sanctificati
1062 3472 1204 3528 sunt,
1260 3475 1317 3519 et
1358 3479 1459 3533 ego
1488 3467 1698 3522 adduco
1726 3482 1843 3524 eos.
1879 3466 2068 3521 Simile
2114 3468 2257 3523 enim

688 3549 805 3607 fere
831 3562 916 3605 est
936 3568 999 3609 ac
1022 3556 1066 3610 si
1094 3555 1338 3611 diceret:
1367 3544 1942 3613 Medorum‘exercitus
1974 3558 2261 3615 multitudo

691 3659 797 3699 non
844 3645 989 3702 ultro
1022 3647 1170 3703 venit
1209 3649 1275 3702 ad
1307 3663 1422 3713 vos,
1460 3665 1636 3716 neque
1678 3650 1790 3706 sola
1834 3665 1930 3705 sua
1963 3661 2157 3720 sponte
2194 3665 2259 3708 ac

690 3736 969 3792 voluntate
1004 3738 1293 3795 Persarum
1350 3742 1579 3811 popultts
1620 3744 1870 3807 accessit,
1905 3742 1999 3797 sed
2030 3757 2132 3810 ego
2158 3756 2259 3811 po-

692 3830 800 3885 tius
824 3844 918 3885 eos
945 3831 1011 3885 ad
1036 3832 1137 3887 hoc
1167 3833 1523 3888 sanctillcavi.
1553 3833 1651 3888 llic
1681 3844 1881 3899 autem,
1901 3832 2257 3899 sanctilicavi,

689 3920 822 3976 dicit
875 3936 973 3991 pro
1020 3925 1330 3992 segregavi,
1356 3933 1411 3978 et
1440 3925 1585 3978 velut
1610 3923 1799 3993 selegi,
1827 3924 1895 3977 ad
1928 3936 1993 3978 ea
2025 3924 2261 3991 gerenda

689 4026 812 4082 quae
835 4012 888 4067 in
923 4028 1017 4069 vos
1052 4014 1238 4069 statui.
1268 4014 1433 4085 Igitur
1469 4015 1713 4078 veniunt,
1751 4014 1947 4082 inquit,
1983 4029 2123 4085 quos
2164 4029 2263 4083 ego

692 4103 919 4168 adduco,
947 4104 1090 4159 velut
1126 4107 1375 4174 gigantes
1421 4106 1668 4175 quidam,
1716 4114 1776 4159 ut
1809 4106 2047 4159 furorem
2082 4120 2260 4159 meum

691 4193 971 4262 expleant,
1002 4196 1303 4264 gaudentes
1327 4194 1489 4249 simul
1518 4208 1574 4249 et
1613 4195 1942 4252 insultantes
1972 4215 1987 4253 :
2018 4198 2261 4267 gauden-

696 4294 777 4340 tes
807 4285 1005 4354 quippe
1033 4285 1125 4353 qui
1157 4284 1438 4339 confidunt
1471 4299 1531 4340 se
1567 4285 1791 4339 victoria
1827 4286 2098 4355 potituros
2130 4305 2145 4343 :
2182 4288 2265 4342 in-

693 4372 960 4428 sultantes
988 4380 1191 4440 autem,
1235 4390 1334 4445 pro
1394 4375 1721 4443 despuentes
1751 4392 1869 4441 eos,
1902 4392 2001 4433 ceu
2036 4379 2261 4434 multum

695 4466 958 4533 imbelles,
999 4478 1053 4523 et
1088 4468 1289 4522 nullius
1324 4468 1483 4537 pretii
1532 4468 1911 4523 homunculos.
1952 4468 2262 4525 Istiusmodi

2359 3381 2604 3453 χομένων
2631 3380 2897 3450 ἀήττητον
2940 3374 3195 3444 ἀποδείξῃ
3241 3374 3422 3443 χεῖρα,
3468 3367 3795 3442 προστίθησι
3850 3362 3941 3417 καί

2361 3489 2553 3542 φησιν·
2597 3470 2740 3539 Ἐγὼ
2771 3468 3054 3521 συντάσσω
3085 3466 3178 3519 καὶ
3212 3462 3321 3532 ἐγὼ
3364 3463 3481 3529 ἄγω
3505 3458 3723 3521 αὐτούς.
3764 3456 3941 3511 Μόνον

2359 3563 2468 3633 γὰρ
2494 3562 2615 3631 οὐχὶ
2659 3559 2896 3613 τοιοῦτόν
2921 3558 2973 3610 τί
3007 3573 3175 3627 φησιν
3200 3571 3211 3582 °
3248 3554 3322 3605 Οὐ
3352 3550 3611 3623 στρατιᾶς
3654 3549 3788 3617 ὑμῖν
3823 3546 3940 3613 Μη-

2358 3651 2513 3722 δικῆς
2538 3649 2878 3721 ηὐτομόλησε
2910 3645 3139 3716 πληθὺς,
3182 3642 3303 3696 οὐδὲ
3344 3641 3410 3694 ἐκ
3454 3638 3619 3708 μόνης
3655 3635 3759 3705 τῆς
3807 3634 3940 3696 ἰδίας

2360 3741 2587 3813 γνώμης
2648 3743 2677 3794 ὁ
2738 3738 2965 3809 Περσῶν
3037 3735 3362 3805 ἐπεφοίτησε
3426 3730 3630 3800 δῆμος·
3707 3728 3741 3796 ἢ
3802 3727 3941 3793 τάχα

2366 3834 2566 3905 μᾶλλον
2603 3832 2800 3894 αὐτοὺς
2833 3830 2945 3898 ἐγὼ
2990 3828 3083 3881 καὶ
3109 3826 3318 3896 ήγίακα
3372 3822 3511 3891 πρὸς
3552 3817 3732 3873 τοῦτο.
3770 3817 3848 3869 Τὸ
3890 3817 3941 3867 δέ

2360 3924 2589 3996 ήγίακα,
2645 3922 2833 3994 φησὶν,
2872 3921 2929 3973 ἐν
2970 3918 3202 3979 τούτοις,
3250 3913 3373 3968 ἀντὶ⁸
3414 3911 3507 3966 τοῦ
3547 3909 3806 3980 ἀφώρισα
3853 3906 3943 3959 καὶ

2360 4016 2524 4069 οἱονεὶ⁵
2568 4013 2899 4083 ἐξελεξάμην
2928 4008 3063 4079 πρὸς
3091 4005 3429 4075 κατόρθωσιν
3464 3996 3541 4056 ὧν
3582 3999 3945 4071 βεϐούλευμαι

2364 4106 2484 4160 καθ’
2513 4104 2690 4177 ὑμῶν.
2721 4103 3014 4175 Ἐρχονται
3038 4098 3239 4163 τοίνυν,
3273 4095 3460 4166 φησιν,
3508 4092 3602 4156 οῦς
3646 4090 3760 4159 ἐγὼ
3807 4090 3940 4155 ἄγω,

2363 4198 2615 4266 καθάπερ
2650 4194 2795 4258 τινὲς
2836 4192 3091 4261 γίγαντες
3143 4186 3430 4259 πληρῶσαι
3475 4182 3568 4237 τὸν
3611 4181 3783 4251 θυμόν
3822 4197 3938 4249 μου.

2363 4291 2645 4361 χαίροντες
2689 4288 2807 4355 ἅμα
2850 4285 2946 4338 καὶ
2992 4280 3340 4352 ὑϐρίζοντες·
3392 4274 3813 4361 χαίροντεςῌμέν
3854 4272 3942 4326 ἅτε

2363 4359 2427 4450 δὴ
2476 4380 2571 4431 καὶ
2610 4371 3010 4445 τεθαρρηκότες
3059 4370 3143 4423 ὅτι
3189 4367 3590 4438 κρατήσουσιν·
3633 4359 3942 4450 ὑϐρίζοντες

2364 4448 2443 4534 δέ,
2494 4468 2615 4521 ἀντὶ
2668 4463 2763 4518 τοῦ
2808 4460 3199 4534 περιπτύοντες
3240 4458 3315 4521 ὼς
3360 4456 3493 4509 πολὺ
3550 4450 3843 4511 νοσοῦντας
3886 4448 3942 4498 τὸ

692 4558 837 4613 enim
869 4556 981 4612 fere.
1002 4567 1088 4613 est
1123 4572 1337 4626 semper
1370 4559 1720 4613 barbarorum
1747 4561 1986 4625 animus,
2026 4577 2252 4630 propert-

2365 4560 2634 4620 ἄναλκες,
2689 4554 2783 4608 καὶ
2829 4552 3040 4615 οὐδενὸς
3094 4551 3254 4612 δντας
3300 4540 3809 4653 ἀξίους.ὶΤοιοῦτον
3838 4538 3942 4653 γάρ

693 4652 826 4706 dens
868 4651 923 4706 in
964 4666 1114 4721 spem
1143 4653 1401 4715 victoria,
1429 4661 1483 4708 et
1513 4653 1732 4708 elevans
1756 4669 1973 4722 semper
1997 4654 2258 4709 adversa-

697 4742 806 4797 rios
831 4753 886 4796 et
911 4743 1193 4812 abjiciens.
1224 4743 1304 4797 ira
1328 4744 1470 4799 enim
1494 4759 1586 4799 eos
1617 4746 1852 4799 maxime
1879 4746 1945 4798 ad
1976 4747 2078 4799 hoc
2107 4744 2261 4814 regit,

693 4849 928 4903 eumque
976 4834 1309 4891 fortitudinis
1356 4838 1606 4889 ardorem
1654 4837 1953 4906 ingenerat,
2001 4848 2057 4890 ut
2103 4851 2264 4891 omne

694 4927 995 4996 periculum
1034 4941 1099 4982 ac
1130 4927 1476 4984 formidinem
1509 4939 1880 4984 contemnant.

768 5211 935 5282 219
950 5212 1177 5278 Vsns.4,
1210 5211 1262 5267 5.
1306 5209 1421 5265 Vox
1434 5212 1663 5281 gentium
1690 5210 1970 5264 multorum
1997 5210 2052 5263 in
2077 5209 2265 5264 monti-

698 5305 791 5357 btts
821 5304 1011 5358 similis
1028 5306 1257 5372 gentium
1286 5304 1571 5358 multarum
1597 5316 1615 5354 :
1673 5318 1773 5356 eoa:
1801 5316 1979 5369 regum
2032 5310 2081 5354 et
2142 5317 2263 5368 geu-

697 5396 828 5447 tium
882 5404 1335 5463 congregatarum.
1402 5392 1662 5447 Dominus
1721 5388 1952 5443 Sabaoth
2022 5389 2265 5455 prazccpit

2365 4667 2483 4712 πως
2530 4650 2617 4702 ἀεὶ
2667 4647 2727 4699 τὸ
2775 4644 3048 4715 βάρϐαρον
3101 4641 3378 4711 φρόνημα,
3444 4634 3537 4688 καὶ
3582 4631 3820 4704 προαλὲς
3868 4631 3942 4690 είς

2364 4736 2557 4790 ἐλπίδα
2593 4734 2690 4803 τὴν
2721 4733 2813 4785 ἐπί
2846 4748 2910 4802 γε
2949 4732 3009 4785 τὸ
3047 4728 3309 4783 δύνασθαι
3352 4726 3597 4797 κρατεῖν,
3652 4720 3750 4774 καὶ
3782 4736 3942 4772 καταο

2367 4825 2665 4897 σμικρύνον
2706 4824 2794 4876 ἀεὶ
2835 4822 2964 4883 τοὺς
3014 4817 3437 4889 ἀνθεστηκότας.
3486 4813 3795 4882 Στρατηγεῖ
3839 4807 3941 4876 γὰρ

2367 4918 2602 4989 μάλιστα
2636 4915 2807 4986 θυμὸς
2841 4914 2977 4985 πρὸς
3008 4912 3167 4965 τοῦτο
3202 4910 3434 4971 αὐτοὺς,
3483 4906 3577 4958 καὶ
3607 4904 3698 4956 τὸν
3734 4906 3833 4974 τῆς
3862 4900 3941 4951 ei»

2365 5009 2615 5080 ἀνδρείας
2645 5008 2877 5060 ἐντίκτει
2908 5004 3091 5070 πόθον,
3119 5002 3180 5056 τὸ
3206 5001 3302 5056 καὶ
3334 4998 3531 5062 παντὸς
3559 4996 3813 5050 κινδύνου
3843 4995 3934 5048 καὶ

2366 5100 2546 5170 φόϐων
2573 5099 2869 5170 ὑπερορᾷν.

2437 5191 2610 5259 Φωνὴ
2658 5190 2850 5244 ἐθνῶν
2908 5183 3160 5241 πολλῶν
3214 5183 3315 5237 ἐπὶ
3379 5180 3497 5236 τῶν
3544 5180 3733 5249 ὁρέων
3778 5177 3940 5247 ὁμοία

2366 5282 2557 5337 ἐθνῶν
2586 5280 2852 5345 πολλῶν,
2880 5276 3050 5347 φωνὴ
3087 5273 3403 5339 ,βασιλέων
3427 5272 3526 5325 καί
3574 5268 3767 5323 ἐθνῶν
3804 5284 3941 5322 συν-

2365 5373 2653 5444 ηῃιένων.
2677 5374 2891 5442 Κύριος
2919 5370 3162 5424 Σαϐαὼθ
3189 5364 3538 5420 ἐντέταλται
3572 5363 3732 5417 ἔθνει
3764 5363 3933 5413 ὀπλοο

697 5480 836 5549 genti
896 5450 1154 5535 bellicosis
1219 5490 1275 5533 ut
1306 5481 1474 5535 veniat
1505 5496 1532 5533 ε
1558 5488 1698 5531 terra
1733 5477 2036 5545 longinqua.
2064 5477 2139 5529 Ab
2178 5493 2252 5530 ea;

2361 5467 2533 5538 μάχῳ
2563 5467 2843 5535 ἔρχεσθαι
2876 5463 2945 5515 ἐκ
2993 5459 3105 5527 γῆς
3155 5459 3458 5526 πόῤῥωθεν
3491 5453 3591 5509 ἀπ’
3626 5451 3815 5521 ἄκρου
3835 5450 3940 5555 ,θε-

698 5545 860 5623 lremo
908 5570 1251 5637 fundamento
1278 5569 1393 5621 coeli
1415 5568 1689 5629 Dominus,
1733 5576 1781 5619 et
1835 5564 2109 5619 bellatores
2151 5566 2252 5631 eiut

2354 5559 2579 5629 μελίου
2621 5555 2728 5610 τοῦ
2783 5550 3048 5622 οὐρανοῦ
3086 5551 3334 5617 Κύριος,
3372 5546 3471 5599 καὶ
3515 5546 3568 5597 οι
3613 5545 3941 5609 ὁπλομάχοι

698 5658 767 5712 σαί
788 5633 1063 5712 delendum
1092 5674 1294 5711 omnem
1321 5658 1493 5711 orbem
1523 5666 1698 5710 teri-tv.

2369 5649 2553 5704 αὐτοῦ
2580 5647 2685 5704 τοῦ
2720 5644 3107 5716 καταφθεῖραι
3136 5641 3251 5705 τὴν
3281 5635 3639 5705 οἰκουμένην
3665 5633 3834 5698 ὅλην.

770 5750 927 5803 Velut
961 5750 1070 5819 jam
1105 5749 1531 5803 vociferantibus
1570 5748 1756 5811 Medis,
1793 5757 1845 5802 et
1878 5764 2057 5803 vocent
2111 5745 2252 5800 belli-

2452 5742 2537 5803 Ὠς
2571 5737 2947 5801 ἀλαλαζόντων
2991 5734 3093 5803 ἤδη
3140 5731 3248 5784 τῶν
3294 5729 3514 5799 Μήδων,
3555 5726 3646 5779 καὶ
3690 5724 3787 5793 τήν
3829 5721 3938 5780 τοῖς

700 5856 884 5897 cosant
915 5840 1319 5909 extollentibus,
1357 5840 1499 5896 velut
1526 5856 1664 5910 equo
1698 5841 1991 5906 hinniente,
2057 5849 2107 5895 et
2147 5853 2252 5908 pcr-

2373 5835 2625 5906 πολέμοις
2674 5832 2988 5904 πρέπουσαν
3031 5826 3358 5895 ἐξαιρόντων
3406 5819 3605 5889 φωνην,
3652 5815 3727 5879 ὡς
3777 5815 3939 5867 ἵππου
