4134 6566
182 471 297 527 355

1305 461 1371 513 IN
1412 460 1645 516 ISAIAM
1687 460 1814 514 LIB.
1859 460 1921 515 ΙΙ.
1969 461 2205 521 ΤΟΜΙῙΞ
2250 465 2311 520 Il.

3342 471 3449 527 δει

186 587 290 655 μὲν
310 582 727 655 χρεμετίζοντος
745 582 840 634 καὶ
861 579 1165 633 διωκόντων
1195 577 1380 642 τινῶν,
1400 575 1765 647 τραπομένων

1883 579 2221 646 sequentibus
2256 579 2553 645 nonnullis,
2612 584 2938 653 cmterisque
2995 582 3049 639 in
3107 582 3283 653 fugam
3332 584 3446 654 jam

181 673 244 725 δὲ
292 673 392 742 ήδη
422 670 559 741 πρὸς
592 670 768 740 φυγὴν
802 670 1007 740 ἐτέρων
1051 667 1293 737 μεγάλης
1322 683 1381 719 τε
1417 666 1509 721 καὶ
1554 682 1770 735 παμμι-

182 763 323 831 γοῦς
354 760 808 832 διασκιδναμένης
838 761 1001 831 ἠχῆς,
1024 780 1040 811 ι
1065 759 1245 831 Φωνὴ,
1277 780 1294 811 ι
1331 760 1485 829 φησὶ,
1517 776 1536 809 ι
1557 756 1770 811 πολλῶν

183 852 362 905 ἐθνῶν
408 852 501 903 ἐπὶ
540 850 646 903 τῶν
692 851 882 921 ὀρέων,
929 851 1092 919 ὁμοία
1145 849 1313 903 ἐθνῶν
1359 847 1592 905 πολλῶν.
1630 868 1649 901 ι
1693 849 1771 902 Οὐ

182 941 444 1012 τοιαύτη,
492 940 678 1010 φησὶν,
722 941 756 1006 ὴ
809 940 982 1011 φωνὴ,
1032 940 1173 994 ὥστε
1218 942 1311 994 καὶ
1357 940 1575 994 είκάσαι
1618 938 1772 1001 τινὰς

184 1030 595 1103 εὐαριθμήτους
642 1025 780 1083 εἶναι
831 1031 961 1093 τοὺς
1010 1032 1395 1102 κεκραγότας,
1455 1030 1662 1085 οἴεσθαι
1714 1029 1771 1083 δὲ

189 1122 395 1194 μᾶλλον
444 1123 539 1175 καὶ
585 1122 818 1194 ἀριθμοῦ
868 1122 1153 1193 κρείττονα
1204 1122 1303 1193 τὴν
1353 1122 1461 1176 τῶν
1525 1119 1773 1191 βοώντων

185 1211 328 1268 εἶναι
368 1214 595 1287 πληθύν.
639 1215 954 1283 Ἀποφαίνει
999 1215 1055 1268 δὲ
1098 1218 1126 1269 δ
1161 1214 1317 1284 λόγος
1362 1214 1499 1287 όμοῦ
1529 1217 1639 1278 τοῖς
1666 1215 1771 1268 ὑπ-

186 1303 546 1372 εζευγμένοις
579 1305 704 1368 τοὺς
731 1304 1093 1376 καθηγεῖσθαι
1126 1304 1392 1374 λαχόντας
1422 1302 1775 1373 καταπεπλῆ-

187 1395 319 1465 χθαι
351 1398 465 1459 τοῖς
488 1396 759 1466 δείμασιν.
791 1414 811 1447 ι
842 1394 1045 1449 Ἐθνῶν
1074 1395 1182 1467 γὰρ
1213 1391 1352 1448 εἶναι
1387 1396 1481 1449 καὶ
1506 1394 1774 1465 βασιλέων

191 1486 537 1557 ἰσχυρίζεται
571 1486 667 1558 τὴν
697 1486 903 1557 φωνήν.
942 1485 1151 1540 Οὐκοῦν
1184 1482 1293 1539 εἷεν
1321 1484 1388 1539 ἂν
1427 1487 1476 1539 oi
1505 1486 1775 1559 κεκραγό-

187 1597 303 1643 τες,
329 1583 359 1633 δ
389 1579 745 1635 Βαὸυλωνίων
781 1579 1014 1643 ἄπλετος
1040 1579 1230 1651 δῆμος,
1259 1580 1356 1633 καὶ
1390 1580 1488 1633 σὺν
1517 1580 1700 1643 αὐτοῖς
1725 1579 1774 1632 οἱ

189 1672 669 1743 περιφανέστεροι,
702 1671 1035 1744 δορύληπτον
1063 1671 1163 1743 ἤδη
1206 1671 1579 1745 γεγενημένην
1608 1671 1778 1743 ὁρῶν-

1870 666 2067 731 versis,
2085 667 2352 737 etingenti
2378 683 2440 721 ac
2466 668 2691 724 confuso
2704 685 2838 725 sono
2865 670 3122 739 dissipato
3152 688 3166 726 :
3201 688 3220 721 ι
3262 669 3397 736 Vox,
3423 688 3443 720 ι

1871 757 2117 828 iuquit,¢
2154 759 2395 829 gentium
2466 759 2750 814 multarum
2817 764 2867 815 in
2931 763 3205 817 montibus
3257 760 3451 815 similis

1871 849 2109 919 gentium
2140 850 2450 904 multarum.
2494 870 2511 902 ι
2549 850 2663 906 Νοη
2695 867 2779 919 ea,
2818 852 3014 923 inquit,
3072 868 3173 909 vox
3232 863 3335 919 est,
3393 864 3451 905 nt

1873 954 2076 1008 paucos
2102 954 2224 995 esse
2255 955 2348 995 eos
2367 941 2456 1011 qui
2476 941 2781 998 clamarunt
2803 944 3072 1012 conjicere
3093 945 3216 1013 quis
3247 945 3445 1015 possit,

1872 1031 1966 1085 sed
2000 1031 2178 1099 potius
2218 1031 2669 1085 innumerabilem
2706 1047 2827 1087 esse
2856 1033 3202 1087 clamantium
3268 1033 3449 1086 multi-

1874 1122 2115 1176 tudinem
2140 1132 2313 1192 putet.
2349 1121 2598 1177 Ostendit
2624 1134 2803 1178 autem
2836 1125 2950 1181 hmc
2971 1125 3165 1193 oratio,
3200 1141 3303 1180 una
3328 1142 3449 1181 cum

1875 1211 2107 1268 subditis
2143 1224 2286 1269 metu
2322 1214 2599 1283 perculsos
2624 1213 2791 1269 fuisse
2834 1216 2997 1271 etiam
3027 1231 3122 1272 eos
3191 1218 3281 1286 qui
3307 1218 3453 1286 prin-

1874 1305 2047 1374 cipem
2072 1303 2247 1360 locum
2279 1305 2646 1360 obtinuerunt.
2690 1305 2942 1362 Gentium
2962 1307 3104 1362 enim
3165 1315 3220 1362 et
3265 1323 3449 1378 regunt

1877 1412 2061 1452 vocem
2091 1410 2208 1451 esse
2237 1396 2485 1453 aﬂirmat.
2517 1395 2701 1467 Itaque
2741 1397 2840 1461 illi,
2866 1398 2956 1464 qui
3016 1397 3286 1453 clamores
3329 1414 3452 1453 sus—

1880 1489 2138 1553 tulerunt,
2175 1488 2414 1544 inﬁnitus
2445 1488 2675 1558 populus
2705 1490 2816 1543 sint
2841 1488 3286 1561 Babyloniorum,
3313 1500 3371 1544 et
3397 1491 3448 1543 in

1881 1576 1967 1632 his
1999 1575 2351 1646 insigniores,
2387 1575 2726 1646 captamjam
2760 1577 2946 1632 urbem
3004 1579 3329 1647 conspicati:
3372 1577 3452 1632 vel

1877 1669 2038 1724 etiam
2099 1666 2275 1723 Persae
2324 1676 2378 1724 et
2427 1667 2611 1734 Medi,
2670 1670 2842 1739 captis
2901 1668 3283 1727 occlantantes.
3332 1669 3456 1727 Illos

186 1780 284 1827 τες
340 1764 440 1834 τὴν
497 1764 674 1828 πόλιν,
718 1764 887 1833 ἤγουν
934 1764 1142 1836 Πέρσαι
1187 1780 1246 1816 τε
1297 1763 1392 1816 καὶ
1442 1763 1617 1833 Μῆδοι
1669 1762 1779 1815 τῶν

1883 1768 2079 1826 autem,
2110 1760 2292 1825 credo,
2324 1768 2562 1815 armatos
2592 1775 2808 1829 quoque
2837 1760 3121 1816 bellatores
3159 1773 3453 1830 nuncupat,

188 1853 434 1907 ἁλόντων
462 1852 949 1918 καταλαλάζοντες.
973 1853 1179 1916 Αὐτοὺς
1199 1853 1276 1919 δὲ,
1301 1850 1474 1922 οἶμαι,
1503 1854 1598 1907 καὶ
1619 1852 1778 1907 ὁπλο-

1883 1857 1932 1905 et
1951 1864 1982 1905 e
2011 1849 2305 1920 longinquo
2333 1850 2637 1905 venientem
2676 1860 2892 1920 gentem
2921 1850 2988 1904 ab
3032 1860 3276 1905 extremo
3330 1850 3456 1905 fun-

192 1944 403 2015 μάχους
452 1911 872 2008 ἀποκαλεῖίκαὶ
908 1911 980 1997 ἐκ
1011 1946 1117 2014 γῆς
1161 1911 1773 2015 σώβρωθενέρχόμενον

1883 1911 2139 1998 damento
2184 1911 2328 2009 chen,
2364 1941 2541 2009 idest,
2573 1911 2793 2013 abipsis
2826 1943 3025 1999 ﬁnibus
3083 1943 3310 1997 Medicae
3369 1958 3457 1998 re-

189 2037 347 2101 ἔθνος
365 2052 385 2069 ο
416 2037 512 2090 ἀπ’
540 2037 710 2107 ἄκρου
742 2034 989 2106 θεμελίου
1022 2035 1116 2089 τοῦ
1150 2034 1403 2104 ούρανοῦ,
1429 2034 1573 2088 τοῦτ’
1603 2034 1770 2100 ἐστιν,

1883 2036 2079 2107 glonis,
2137 2045 2193 2092 et
2252 2034 2598 2091 interioribus
2666 2044 2847 2101 terrae,
2907 2036 3143 2092 maxime
3196 2034 3454 2089 borealis.

192 2130 255 2195 ἐξ
280 2129 462 2183 αὐτῶν
486 2127 595 2181 τῶν
624 2127 915 2199 τερμάτων
939 2127 1037 2198 τῆς
1062 2125 1345 2198 Μηδικῆς,
1375 2126 1470 2180 καὶ
1493 2125 1601 2179 τῶν
1639 2128 1776 2180 ἐσω-

1883 2127 2150 2196 Quoniam
2187 2137 2364 2182 autem
2405 2128 2633 2183 consilio
2661 2137 2718 2183 et
2740 2132 3027 2184 voluntate
3064 2128 3161 2182 Dei
3190 2128 3457 2183 hancim-

190 2222 376 2274 τάτων
410 2219 513 2290 γῆς
535 2218 637 2289 τῆς
664 2217 1049 2290 βορειωτάτης.
1076 2216 1378 2289 Ἐπειδὴνδὲ
1407 2217 1549 2271 κατά
1583 2216 1777 2287 βούλη-

1883 2221 2216 2291 pressionem
2241 2230 2620 2290 susceperunt,
2645 2218 2929 2275 bellatores
2946 2220 3091 2290 ipsos
3112 2218 3205 2274 Dei
3231 2218 3460 2289 appellat

194 2330 282 2365 σιν
306 2309 442 2364 Θεοῦ
464 2308 564 2381 τὴν
587 2309 775 2378 ἔφοδον
798 2308 1070 2381 ἐμελέτων
1093 2309 1438 2381 ὁπλομάχους
1460 2310 1655 2372 αὐτοὺς
1680 2307 1774 2363 τοῦ

1883 2323 1937 2368 et
1972 2312 2233 2367 adductos
2258 2312 2335 2366 ait
2367 2313 2433 2367 ad
2472 2312 2756 2367 delendum
2797 2322 2964 2367 totum
3030 2312 3216 2368 orbem
3256 2321 3456 2366 terra):

190 2404 407 2480 Κυρίου
441 2404 628 2468 καλεῖ,
659 2398 825 2475 ἦχθαι
872 2401 933 2455 τέ
987 2419 1120 2474 φησι
1152 2403 1291 2475 πρὸς
1319 2402 1379 2455 τδ
1416 2401 1778 2473 καταφθεῖραι

1883 2419 1988 2459 non
2024 2403 2240 2474 quidem
2263 2412 2427 2458 totam
2454 2402 2594 2458 banc
2623 2418 2743 2473 qua:
2772 2403 2911 2473 apud
2936 2418 3033 2460 nos
3050 2412 3167 2458 est:
3195 2418 3293 2459 nec
3311 2402 3457 2457 enim

189 2495 297 2565 τὴν
342 2492 670 2563 οἰκουμένην
700 2493 859 2564 ὅλην,
913 2494 1008 2546 καὶ
1038 2492 1160 2563 οὐχὶ
1201 2492 1265 2563 δὴ
1302 2494 1482 2547 πᾶσαν
1522 2492 1619 2563 τὴν
1655 2493 1776 2546 καθ’

1884 2496 1989 2551 hoc
2020 2512 2049 2550 a
2080 2493 2223 2567 Cyro
2248 2504 2305 2551 et
2353 2495 2613 2551 comitatu
2663 2495 2778 2564 ejus
2836 2495 3034 2551 factum
3102 2495 3461 2551 inveniemus.

192 2588 369 2657 ἡμᾶς.
400 2584 539 2639 Οὔτε
580 2585 687 2656 γὰρ
720 2584 879 2639 τοῦτο
914 2584 1140 2654 γεγονὸς
1180 2585 1486 2658 εὑρήσομεν
1529 2585 1683 2658 παρά
1718 2603 1777 2639 τε

1886 2587 2085 2644 Orbem
2127 2604 2257 2644 vero
2300 2600 2458 2645 terra:
2499 2597 2661 2644 vocat
2702 2588 3073 2645 Chaldaeorum
3107 2598 3331 2653 terram,
3368 2593 3458 2641 ut-

191 2677 387 2749 Κύρου
438 2677 532 2730 καὶ
563 2676 672 2731 τῶν
705 2678 802 2730 σὺν
832 2675 998 2747 αὐτῷ.
1045 2678 1380 2749 Οίκουμένην
1422 2677 1478 2730 δὲ
1514 2676 1781 2730 ἀποκαλεῖ

1886 2687 2013 2749 pote
2046 2681 2338 2735 maximam
2377 2689 2433 2736 et
2473 2695 2635 2751 supra
2673 2680 2889 2735 modum
2914 2681 3224 2750 spatiosam,
3266 2686 3462 2750 etquae

189 2771 299 2841 τὴν
333 2768 641 2832 Χαλδαίων,
671 2768 840 2823 διάτοι
871 2769 931 2822 τὸ
962 2770 1224 2841 πλείστην
1264 2766 1402 2824 εἶναι
1437 2769 1531 2822 καὶ
1563 2769 1780 2841 εὐρεῖαν

1888 2788 2012 2828 cum
2043 2772 2176 2829 orbe
2204 2784 2474 2829 terrarum
2510 2773 2906 2843 quodammodo
2943 2781 3213 2839 certaret,
3240 2783 3462 2843 propter

191 2860 492 2930 ἀμέτρως,
530 2863 624 2913 καὶ
667 2855 778 2913 οἷον
816 2861 1114 2935 οἰκουμένῃ
1154 2861 1497 2932 φιλονεικεῖν,
1543 2859 1633 2914 διὰ
1681 2860 1783 2932 τὴν

189 2950 307 3005 τῶν
337 2950 693 3005 ἐνοικούντων
729 2950 957 3022 πληθύν.

286 3040 670 3106 Ὀλολύξατεο
715 3042 894 3113 ἐγγὺς
935 3042 1045 3113 γὰρ
1080 3042 1120 3111 ἡ
1157 3041 1349 3113 ἡμέρα
1389 3043 1632 3112 Κυρίου,
1681 3041 1785 3097 καί

190 3132 497 3201 συν-τριϐὴ
539 3133 698 3202 παρὰ
726 3133 875 3188 Θεοῦ
912 3133 1065 3201 ἥξει.
1113 3135 1217 3188 Διὰ
1241 3133 1417 3188 τοῦτο
1445 3133 1615 3189 πᾶσα
1652 3133 1784 3204 χείρ

189 3224 737 3291 ἐκλυθήσεται,καὶ
758 3225 926 3282 πᾶσα
939 3225 1109 3295 ψυχὴ
1130 3226 1442 3295 ἀνθρώπου
1470 3225 1783 3282 δειλιάσει.

189 3314 309 3369 Καὶ
376 3316 858 3383 ταραχθήσονται
928 3317 983 3369 οι
1032 3313 1313 3383 πρέσϐεις
1341 3355 1356 3381 ,
1428 3313 1527 3369 καί
1577 3314 1786 3383 ὠδῖνες

187 3404 429 3470 αὐτοὺς
472 3404 746 3470 ἕξουσιν,
792 3404 872 3470 ὡς
933 3403 1221 3475 γυναικὸς
1273 3403 1631 3471 τικτούσηςο
1686 3402 1789 3458 καὶ

188 3494 713 3566 συμφοράσουσιν
778 3495 981 3566 ἕτερος
1035 3495 1185 3564 ,πρὸς
1237 3495 1347 3548 τὸν
1411 3494 1636 3563 ἕτερον,
1689 3494 1788 3548 καὶ

187 3587 633 3654 ἐκστήσονται,
666 3587 767 3641 καί
806 3588 877 3643 τὸ
917 3588 1244 3657 πρόσωπον
1282 3584 1480 3641 αὐτῶν
1518 3586 1599 3652 ὡς
1628 3584 1789 3655 φλὸξ

183 3680 673 3751 μεταϐαλοῦσιν.

282 3775 376 3839 Ὧς
404 3773 621 3838 ἐλπίδος
660 3773 880 3842 ἁπάσης
918 3771 1304 3845 ἀνῃρημένης,
1348 3770 1423 3835 ὡς
1456 3770 1669 3834 οὐδενὸς
1707 3770 1790 3827 ἔτι

190 3865 696 3937 περιλελειμμένον
737 3866 851 3929 τοῖς
893 3863 1276 3927 Βαϐυλωνίας,
1309 3863 1448 3934 πλὴν
1482 3863 1564 3916 ὅτι
1593 3862 1657 3934 δὴ
1693 3863 1791 3933 μόλε

188 3976 291 4012 νου
324 3959 388 4012 τὸ
418 3959 615 4030 χρῆναι
649 3955 1148 4028 κατολοφύρεσθαι,
1180 3955 1261 4021 τὸ,
1286 3954 1595 4022 ὀλολύξατε,
1633 3955 1788 4027 φησί.

188 4050 559 4121 Προπέταχε
588 4049 647 4103 δὲ
678 4051 773 4103 καὶ
793 4042 905 4101 οἷον
926 4046 1326 4116 ἀπογινώσκειν
1350 4046 1449 4118 τὴν
1489 4048 1787 4120 σωτηρίαν,

184 4141 296 4193 καὶ
354 4139 433 4211 μὴ
468 4140 749 4209 ἀνονήτοις
797 4137 1119 4209 πράγμασιν
1154 4138 1471 4207 ἐπιχειρεῖν,
1529 4136 1603 4206 μὴ
1638 4135 1794 4207 μελε-

186 4234 423 4295 τῶντας
458 4230 557 4303 τὴν
584 4229 919 4284 ἀντίστασιν.
938 4228 1025 4291 Ὠς
1052 4227 1203 4291 θείας
1237 4227 1421 4292 αὐτοῖς
1454 4227 1793 4299 ἐξωπλισμέ-

1888 2863 2245 2920 habitantium
2270 2865 2689 2921 multitudinem.

1960 3044 2127 3100 Vnus.
2161 3043 2284 3103 6-8.
2316 3043 2490 3115 Pmpe
2545 3047 2683 3101 enim
2707 3048 2913 3102 estdiea
2967 3045 3196 3110 Domini,
3240 3054 3290 3101 et
3337 3061 3464 3100 con-

1890 3134 2037 3190 tritio
2071 3150 2102 3189 a
2134 3134 2246 3190 Deo
2264 3137 2453 3191 veniet.
2483 3134 2768 3204 Propterea
2820 3140 2989 3192 omnis
3016 3153 3205 3191 manus
3233 3136 3459 3191 resolve‘

1893 3236 2003 3293 tur,
2034 3237 2081 3282 et
2110 3229 2281 3282 omnis
2308 3230 2485 3282 anima
2504 3229 2728 3284 hominis
2760 3228 2981 3294 timebit,
3009 3239 3057 3283 et
3073 3227 3460 3300 perturbaban-

1892 3327 1982 3373 tur
2017 3318 2195 3390 legati,
2220 3330 2268 3373 et
2303 3320 2510 3374 dolores
2574 3320 2705 3376 tales
2768 3322 3046 3388 habebunt,
3102 3320 3281 3391 quales
3340 3331 3462 3377 sunt

1894 3411 2142 3466 mulieris
2169 3412 2463 3477 parientis:
2495 3412 2854 3466 condolescent
2882 3412 3018 3467 alter
3045 3415 3112 3465 ad
3140 3412 3384 3477 alterum,
3415 3420 3467 3464 et

1892 3500 2191 3570 stupebant,
2236 3511 2283 3557 et
2323 3501 2514 3570 facient
2567 3517 2720 3555 suam
2768 3513 3019 3572 tanquam
3065 3502 3282 3571 ﬂamma
3348 3516 3469 3553 mu-

1892 3590 2104 3648 tabum.

1962 3769 2241 3839 Tanquam
2260 3784 2355 3840 spe
2375 3770 2520 3824 omni
2572 3768 2808 3834 sublata,
2837 3777 2890 3824 et
2920 3766 3060 3822 nulla
3093 3783 3151 3823 re
3175 3767 3339 3839 220
3364 3768 3469 3823 alia

1891 3860 2224 3933 Babyloniis,
2262 3861 2365 3917 nisi
2395 3861 2570 3917 solum
2614 3870 2672 3916 ut
2707 3860 2928 3931 lugeant
2961 3860 3146 3915 relicta
3180 3882 3193 3916 :
3232 3861 3470 3927 Plorate,

1892 3954 2087 4025 lnquit.
2126 3952 2297 4010 Jussit
2334 3963 2516 4009 autem
2546 3962 2602 4008 et
2630 3954 2784 4024 quasi
2842 3952 3135 4023 desperare
3204 3953 3470 4015 salutem,

1894 4055 2079 4102 etnon
2118 4060 2206 4102 res
2237 4045 2459 4101 inutiles
2498 4045 2730 4117 ingredi,
2777 4060 2840 4100 ac
2887 4045 3089 4099 frustra
3142 4059 3471 4115 repugnare,

1894 4152 2017 4194 cum
2048 4138 2226 4194 divina
2262 4139 2341 4194 ira
2370 4138 2442 4193 sit
2480 4138 2533 4193 in
2557 4153 2651 4193 eos
2690 4137 2835 4194 velut
2865 4146 3093 4202 armata,
3122 4147 3178 4193 et
3226 4152 3466 4205 superno

1895 4230 2112 4284 decreto
2138 4230 2352 4285 inducta
2396 4230 2468 4283 sit
2498 4229 2767 4285 vastatio:
2801 4229 2853 4283 id
2885 4228 3025 4298 quod
3051 4228 3272 4283 omnino
3298 4228 3473 4282 inelu-

184 4341 301 4395 νης
341 4321 539 4395 ὀργῆς,
564 4320 659 4375 καὶ
695 4318 986 4390 συντριϐηῆς
1014 4317 1457 4388 ἐπενηνεγμένης
1491 4317 1579 4371 διὰ
1610 4317 1795 4387 ψήφου

181 4416 300 4483 τῆς
336 4411 568 4467 ἀνωθεν.
601 4411 846 4481 Ἀμαχον
875 4408 931 4461 δὲ
962 4408 1023 4461 τὸ
1052 4407 1244 4479 χρῆμα
1285 4406 1595 4469 παντελῶς⁸
1629 4425 1647 4458 ι
1684 4407 1796 4476 Τὴν

182 4507 314 4577 γὰρ
360 4506 523 4575 χεῖρα
564 4502 662 4574 τὴν
712 4500 919 4571 ὑψηλὴν
960 4499 1045 4563 τίς
1094 4498 1467 4569 ἀποστρέψει;
1506 4516 1524 4548 ι
1571 4498 1712 4577 κατὰ
1737 4498 1781 4551 τὲ

1898 4503 2029 4558 serit
2052 4503 2311 4557 adversus
2354 4502 2671 4566 hominem,
2742 4502 2866 4570 quis
2922 4501 3129 4570 aperiet
3153 4501 3281 4555 ’³2)
3343 4500 3480 4567 Quae

183 4595 623 4668 γεγραμμένον.
661 4594 770 4645 Καὶ
804 4592 999 4644 πάλιν
1059 4608 1078 4642 ι
1120 4590 1245 4643 Ἐἀν
1288 4590 1479 4661 κλείσῃ
1516 4589 1659 4641 κατά
1702 4590 1781 4641 ἀν·

1902 4594 2045 4647 enim
2078 4591 2358 4657 fortitudo,
2396 4600 2490 4645 aut
2518 4589 2669 4659 cujus
2699 4591 2856 4659 plane
2888 4590 3110 4645 bellabit
3169 4605 3291 4645 cum
3324 4590 3479 4645 Deo?

183 4689 460 4762 θρώπου,
490 4688 575 4746 τίς
610 4685 813 4750 ἀνοίξει
846 4703 863 4753 ;
901 4703 920 4735 ι
953 4683 1089 4737 Ποία
1118 4682 1228 4753 γὰρ
1258 4683 1432 4753 ἰσχὺς,
1472 4680 1505 4751 ἢ
1539 4680 1632 4734 καὶ
1658 4681 1781 4734 ⁶τίνοι

1901 4684 2189 4754 Propterea
2228 4683 2403 4752 inquit
2440 4700 2454 4737 :
2490 4680 2678 4737 Omnis
2702 4697 2892 4737 manus
2917 4682 3238 4744 resolvetur,
3272 4690 3326 4735 et
3351 4695 3474 4736 om-

180 4782 351 4844 ὅλως
399 4778 704 4849 πολεμήσει
747 4776 899 4847 Θεῷ;
942 4775 1029 4829 διὰ
1079 4773 1239 4827 τοῦτό
1288 4791 1474 4845 φησιν,
1520 4772 1601 4826 ὅτι
1650 4775 1781 4828 πᾶσι

1900 4775 1986 4832 nis
2008 4775 2185 4830 anima
2218 4773 2455 4829 hominis
2489 4773 2735 4828 timebit:
2764 4772 2872 4828 Deo
2902 4772 3047 4828 enim
3101 4771 3480 4841 omnipotente

181 4874 336 4945 χεὶρ
375 4869 758 4942 ἐκλυθήσεται,
785 4869 881 4923 καὶ
911 4869 1062 4921 πᾶσα
1092 4867 1241 4939 ψυχὴ
1277 4866 1567 4937 ἀνθρώπου
1603 4865 1781 4921 δειλιά

1902 4863 2244 4921 concutiente
2272 4861 2482 4918 animos
2507 4862 2784 4918 hominum
2837 4863 3053 4929 timore,
3090 4861 3213 4933 quis
3260 4871 3478 4917 exseret

188 4982 291 5018 σει
316 4982 333 4995 ·
380 4962 767 5024 κατασείοντος
808 4959 917 5031 γὰρ
965 4959 1045 5023 είς
1089 4958 1292 5022 δειλίας
1323 4957 1424 5021 τὰς
1449 4957 1556 5010 τῶν
1585 4956 1781 5029 ἀνθρώι

1900 4953 2310 5011 fortitudinem?
2337 4955 2526 5024 quisve
2550 4953 2851 5010 animosum
2879 4963 3007 5009 seet
3031 4953 3095 5008 ad
3120 4952 3480 5009 resistendum

185 5072 335 5109 πων
358 5052 542 5124 ψυχὰς
574 5051 669 5106 τοῦ
703 5052 882 5107 πάντα
913 5049 1187 5121 ἰσχύοντος
1214 5048 1370 5113 Θεοῦ,
1403 5048 1486 5112 τίς
1515 5048 1698 5119 ἐνήσει
1737 5049 1781 5102 τί

1906 5046 2136 5102 habilem
2172 5061 2236 5101 ac
2268 5046 2507 5101 validum
2537 5046 2671 5100 satis
2697 5043 2985 5101 ostendet?
3029 5043 3351 5099 Turbandos
3376 5058 3476 5097 ve-

187 5146 457 5218 θάρσος,
506 5145 676 5215 ἠγουν
750 5141 987 5213 εθψυχον
1060 5142 1370 5210 ἀποφανεῖ,
1440 5140 1534 5192 καὶ
1603 5139 1781 5193 ίκανῶ.

1904 5154 1967 5194 ro
1996 5138 2172 5208 inquit
2212 5138 2440 5208 legatos,
2484 5148 2539 5192 et
2571 5138 2625 5192 in
2688 5137 2899 5192 dolores
2953 5147 3210 5207 tanquam
3261 5135 3485 5192 femina

186 5240 412 5310 ἔχοντα
471 5235 607 5308 πρὸς
661 5234 1007 5296 ἀντίστασινς
1071 5230 1524 5302 Ταραχθήσεσθαι
1573 5230 1632 5285 δὲ
1679 5232 1781 5285 τοὺ‹

1906 5229 2173 5300 parientis
2208 5230 2552 5294 deventuros,
2578 5240 2632 5284 et
2656 5229 2885 5284 alterum
2925 5228 3061 5297 apud
3096 5226 3324 5283 alterum
3347 5241 3480 5283 con-

190 5328 487 5404 πρέσὸεις
556 5328 721 5397 φησι,
786 5327 882 5380 καὶ
936 5325 1120 5378 ὠδῖσιν
1172 5324 1368 5387 αὐτοὺς
1416 5322 1491 5386 ὡς
1549 5324 1781 5392 γυναικὸ.

1905 5323 2219 5389 doliturum,
2251 5332 2304 5377 et
2326 5323 2583 5377 attonitos
2616 5321 2752 5386 fore,
2782 5330 2837 5377 et
2860 5319 3050 5375 faciem
3079 5320 3323 5389 ipsorum
3381 5318 3475 5373 in-

188 5420 517 5489 τικτούσης
568 5420 906 5491 περιπεσεῖν,
940 5417 1316 5488 συμφοράσειν
1353 5416 1411 5470 δὲ
1451 5416 1638 5488 ἕτερος
1668 5415 1781 5489 πρὸς

1904 5426 2020 5472 star
2053 5414 2281 5471 ﬂammae
2314 5415 2651 5474 mutandam.
2673 5413 2905 5485 Legatos
2934 5427 3081 5478 vero,
3113 5421 3174 5467 ut
3220 5411 3479 5473 arbitror,

192 5518 303 5570 τὸν
336 5515 554 5583 ἕτερον,
599 5512 695 5565 καὶ¹
741 5510 848 5581 μὴν
890 5509 982 5563 καὶ
1010 5507 1388 5578 ἐκστήσεσθαι,
1418 5508 1511 5561 καὶ
1543 5508 1603 5561 τὸ
1634 5508 1781 5580 πρόσι

1904 5510 2037 5565 dicit
2058 5510 2323 5566 idolorum
2357 5508 2656 5572 sacriﬁcos,
2692 5507 2897 5577 magica
2929 5514 3046 5561 arte
3070 5503 3310 5575 insignes
3337 5500 3477 5568 apud

206 5628 366 5664 ωπον
420 5605 605 5661 αὐτῶν
655 5607 730 5668 ὡς
778 5603 949 5675 φλόγα
999 5601 1342 5673 μεταϐαλεῖν.
1400 5600 1670 5672 Πρέσὸεις
1719 5600 1776 5654 δέ

1899 5601 2632 5673 Babylonios,daemoniorum
2679 5598 2934 5665 cultores,
2992 5596 3105 5669 qui,
3150 5605 3208 5649 ut
3233 5598 3474 5663 apparet,

209 5699 394 5772 οἶμαι,
453 5678 609 5767 φησὶ,
632 5698 759 5761 τοὺς
784 5696 893 5749 τῶν
933 5694 1167 5749 εἰδώλων
1199 5694 1536 5765 ἱερουργοὺς,
1570 5694 1696 5756 τοὺς
1728 5697 1781 5764 τῇ

1900 5708 2022 5749 cum
2046 5694 2318 5766 expeditio
2339 5698 2714 5758 adornaretur,
2733 5702 2787 5749 et
2805 5691 3152 5747 adventantes
3187 5684 3327 5741 Medi
3355 5695 3479 5736 cum

1896 4321 2089 4375 ctabile
2106 4327 2221 4374 est:
2244 4318 2497 4374 eManum
2520 4319 2663 4373 enim
2685 4318 2954 4375 excelsam
2981 4319 3103 4388 quis
3126 4319 3391 4374 avertet"
3411 4319 3470 4373 ἲν

1896 4412 2349 4481 quemadmodum
2377 4411 2638 4479 scriptum
2662 4420 2764 4466 est.
2801 4410 2864 4466 Et
2890 4424 3115 4465 rursus:
3156 4428 3175 4462 ι
3210 4410 3268 4464 Si
3320 4411 3473 4466 clau-

283 5856 329 5890 ”
362 5856 470 5911 lsa.
502 5869 621 5924 xiv,
644 5853 733 5907 Ξῖ.
811 5853 854 5885 ⁸·
879 5850 981 5906 10b
1026 5866 1126 5919 xu,
1152 5851 1239 5906 H.
