4840 6570
1335 394 1441 449 355
2320 391 2380 447 S.
2417 390 2693 448 CYRILLI
2734 388 3199 447 ALEXANDRINI
3238 389 3554 445 ARCIIIEP.
3614 421 3621 429 ς
4479 391 4571 447 556

1338 510 1480 578 Cyro
1530 517 1586 562 et
1648 506 1828 561 Persis
1896 512 2386 574 exspectarentur,
2466 507 2907 561 vaticinabantur
2936 514 2979 569 Α
3012 503 3174 574 μάγῳ
3224 521 3249 557 τ

2664 507 2907 560 labantur
2936 514 2979 569 Α
3012 503 3174 574 μάγῳ
3224 504 3391 578 τέχνῃ
3432 504 3933 574 διαπρεπεστάτους
3977 504 4128 576 παρά
4170 507 4286 569 τοῖς
4335 503 4575 560 Βαϐυλω-

1338 600 1496 663 bona,
1540 606 1595 653 et
1644 596 1841 652 auxilia
1887 598 2256 667 quaerebanta
2285 598 2597 665 daemoniis,
2629 597 2901 668 supplica-

1338 689 1571 743 tionibus
1603 687 1857 753 decretis,
1891 697 1947 742 et
1990 686 2213 743 donaria
2251 699 2389 744 stata
2443 688 2750 751 oﬂ'erentes.
2816 704 2913 743 cae-

1339 779 1604 834 remonias
1647 778 1894 834 videlicet
1938 788 1994 834 et
2042 780 2305 836 sacriﬁcia
2375 790 2515 836 stata
2571 781 2910 846 adhibentes,

1333 878 1387 919 et
1421 882 1518 937 pro
1556 867 1810 921 universa
1826 867 2044 936 regione
2074 869 2455 935 deprecaturos
2481 881 2541 921 se
2567 866 2904 936 pollicentes.

1337 958 1398 1013 Hi
1430 958 1678 1030 proinde,
1714 959 1908 1028 inquit,
1935 958 2325 1014 daemoniorum
2351 958 2590 1013 cultores
2613 966 2666 1011 et
2695 959 2903 1027 suppli-

1339 1058 1575 1113 catores,
1601 1047 1863 1102 sacriﬁcia
1886 1062 1983 1116 pro
2006 1047 2257 1101 omnibus
2276 1055 2663 1116 nuncupantes.
2697 1049 2911 1116 quando

1337 1138 1569 1192 viderint
1606 1152 1696 1192 res
1726 1147 1921 1206 praaler
1951 1153 2100 1205 spem
2144 1146 2397 1203 mutatas,
2430 1137 2909 1208 perturbabantur,

1337 1237 1393 1281 et
1420 1228 1672 1298 gravibus
1691 1225 1996 1297 aﬂligentnr
2030 1227 2325 1292 doloribn,
2357 1237 2410 1283 et
2442 1228 2582 1283 alter
2596 1243 2717 1282 cum
2740 1227 2911 1284 altero

1339 1315 1721 1384 congemiscet,
1767 1315 1817 1370 id
1852 1324 1954 1380 est,
1991 1330 2172 1370 secum
2212 1316 2609 1383 acclamabnnt,
2636 1318 2911 1388 velutpra:

1340 1404 1502 1456 nimia
1536 1404 1769 1467 miseria,
1790 1402 1940 1467 illud,
1967 1417 2066 1467 vae,
2085 1403 2362 1458 scilicetet
2382 1403 2601 1458 similia.
2634 1403 2699 1457 Et
2717 1405 2857 1458 velut
2880 1418 2909 1456 a

1340 1493 1549 1547 ﬂamma
1600 1494 1884 1549 mutabunt
1912 1494 2128 1549 faciem.
2158 1494 2309 1549 Solet
2335 1495 2481 1547 enim
2509 1509 2699 1550 eorum
2736 1495 2910 1551 facies

1338 1585 1429 1653 qui
1476 1584 1657 1639 animo
1687 1583 1894 1655 tlejecto
1948 1594 2097 1649 sunt,
2149 1585 2444 1655 denigrari,
2491 1594 2547 1640 ut
2591 1585 2734 1641 aliud
2780 1586 2913 1641 nihil

1338 1690 1457 1729 esse
1479 1674 1745 1739 videatur,
1784 1689 1945 1744 quam
1979 1675 2161 1729 favilla
2209 1685 2263 1730 et
2286 1676 2487 1731 cineris
2541 1677 2769 1733 marcidi
2823 1694 2909 1733 re-

1339 1764 1535 1834 liquiae.

3012 596 3168 662 νίοις,
3193 597 3319 661 τοὺς
3348 595 3458 650 τῶν
3483 594 3775 667 δαιμονίων
3808 592 4172 666 θεραπευτὰς,
4191 595 4242 648 οῖ
4265 596 4411 649 κατά
4440 613 4506 664 γε
4525 597 4576 649 τὺ

3008 687 3157 751 εἰκὸς
3200 688 3300 759 τῆς
3346 688 3537 756 ἐφόδου
3577 686 3961 758 μελετωμένης
4010 684 4299 755 ἀφίξεσθαι
4328 684 4441 739 τῶν
4469 686 4576 755 Μή-

3007 781 3114 835 δων
3162 780 3332 852 Κύρῳ
3371 797 3431 833 τε
3482 778 3619 851 ὁμοῦ
3664 780 3759 833 καὶ
3812 778 4052 849 Πέρσαις
4100 775 4575 850 προσδοκωμένων,

3010 871 3476 944 κατεμαντεύοντο
3512 871 3583 925 τὰ
3612 871 3843 943 χρηστὰ,
3874 870 3972 923 καὶ
4001 869 4100 932 τὰς
4128 869 4279 939 παρά
4316 869 4430 921 τῶν
4476 867 4578 921 δαι-

3014 962 3213 1032 μονίων
3258 962 3489 1016 ἐκάλουν
3522 961 3863 1034 ἐπικουρίας,
3906 960 4059 1024 λιτάς
4090 959 4461 1022 ἀνατείνοντες
4500 959 4579 1010 καὶ

3012 1054 3151 1124 γέρα
3186 1054 3626 1126 προσεπάγοντες
3651 1052 3721 1107 τά
3757 1052 4142 1123 νενομισμένα,
4180 1049 4405 1113 τελετὰς
4431 1049 4579 1117 δῆλον

3009 1142 3092 1194 ὅτι
3132 1144 3227 1195 καὶ
3265 1140 3665 1212 τάς.βεϐήλους
3709 1140 3919 1206 θυσίας,
3965 1138 4289 1209 πρεσϐεύειν
4336 1155 4398 1191 τε
4449 1137 4579 1205 ὑπὲρ

3016 1232 3237 1304 ἀπάσης
3286 1234 3386 1305 τῆς
3434 1233 3619 1305 χώρας
3667 1230 4110 1303 ὑπισχνούμενοι.
4169 1225 4327 1283 Οὗτοι
4384 1227 4578 1291 τοίνυν,

3025 1323 3212 1395 φησὶν,
3244 1325 3292 1377 oi
3328 1323 3437 1377 τῶν
3465 1324 3758 1395 δαιμονίων
3802 1322 4137 1393 θεραπευταὶ
4168 1320 4264 1374 καὶ
4304 1318 4513 1380 ἱκέται,
4541 1319 4580 1369 ei

3011 1414 3111 1476 τὰς
3167 1414 3310 1485 ὑπὲρ
3353 1415 3571 1474 πάντων
3612 1414 3895 1478 τελοῦντες
3943 1413 4169 1479 θυσίας,
4224 1411 4355 1463 ὅταν
4408 1408 4582 1460 ἴδωσιν

3014 1505 3470 1576 ἀντεστραμμένα
3520 1507 3657 1578 πρὸς
3699 1508 3767 1560 τά
3810 1508 3940 1577 παρ’
3967 1504 4156 1558 ἐλπίδα
4182 1502 4252 1556 τὰ
4284 1498 4582 1572 πράγματα

3010 1597 3215 1663 αὐτοῖς,
3264 1598 3704 1670 ταραχθήσονταί
3744 1615 3805 1651 τε
3832 1598 3927 1653 καὶ
3953 1600 4009 1650 ἐν
4038 1596 4219 1648 ὠδῖσιν
4248 1593 4467 1646 ἔσονται
4510 1607 4584 1641 xt-

3014 1691 3196 1758 κραϊς,
3228 1690 3669 1761 συμφοράσουσίν
3708 1706 3769 1743 τε
3817 1689 4003 1760 ἕτερος
4052 1686 4187 1757 πρὸς
4232 1682 4325 1737 τὸν
4375 1682 4580 1750 ἕτερον.

3004 1778 3150 1830 τοῦτ’
3183 1778 3358 1845 ἔστιν,
3402 1781 3649 1852 ἀλλήλοις
3680 1780 4086 1851 ἐπιφωνήσουσι
4129 1777 4197 1831 τά
4228 1775 4301 1839 ὡς
4329 1772 4391 1837 ἐξ
4419 1771 4586 1843 ἀκρά’

1337 1876 1430 1911 του
1455 1862 1762 1931 συμφορᾶς,
1795 1860 1875 1924 τὸ,
1907 1860 2047 1928 ούαὶ,
2080 1860 2322 1932 δηλονότι
2345 1862 2441 1915 καὶ
2500 1860 2568 1915 τὰ
2595 1863 2974 1937 παραπλήσια.
3019 1871 3228 1945 ’Ὠσπερ
3274 1875 3332 1929 δέ
3376 1875 3480 1929 ὑπὸ
3524 1875 3719 1946 φλογὸς
3768 1872 4133 1946 μεταϐαλοῦσι
4170 1869 4230 1923 τὸ
4272 1867 4583 1939 1:966me-

1343 1949 1493 2003 Φιλεῖ
1520 1950 1626 2021 γάρ
1664 1968 1779 2013 πως
1808 1949 1869 2002 τδ
1897 1950 2006 2002 τῶν
2036 1951 2387 2022 ἀθυμούντων
2450 1954 2942 2025 καταμελαίνεσθαι
2982 1965 3294 2034 πρόσωπον,
3338 1967 3416 2033 ὡς
3490 1966 3641 2022 οὐδὲν
3686 1967 3876 2039 ἕτερον
3916 1961 4055 2019 εἶναι
4095 1962 4268 2016 δοκεῖν
4318 1958 4474 2030 πλὴν
4518 1956 4587 2009 ὅτι

1340 2042 1567 2096 σποδιὰν
1591 2044 1682 2096 καὶ
1712 2043 1907 2096 σποδοῦ
1950 2046 2325 2118 μαρανθείσης
2352 2047 2628 2118 λείψανον.

1410 2135 1572 2191 Vens.
1602 2137 1746 2193 9-H.
1788 2136 1921 2191 Ecce
1953 2140 2092 2193 enim
2117 2143 2226 2196 dies
2269 2142 2481 2197 Domini
2513 2148 2648 2198 venit
2704 2147 2920 2203 insana-
2952 2163 2994 2218 Β

1343 2229 1480 2292 bilis,
1509 2229 1705 2297 furoris
1730 2238 1780 2283 et
1805 2230 1921 2295 irw,
1956 2242 2008 2283 ut
2045 2232 2243 2302 redigat
2267 2236 2439 2288 orbem
2459 2246 2717 2291 terrarum
2738 2239 2794 2291 in
2826 2255 2918 2292 va-

1341 2317 1594 2382 stitatem,
1625 2329 1671 2371 el
1693 2335 1759 2372 ea;
1786 2336 1846 2372 ea
1868 2332 2161 2388 peccatores
2201 2322 2366 2377 tollat.
2406 2325 2564 2379 Astra
2595 2329 2732 2382 enim
2774 2330 2909 2398 caeli,

1339 2420 1385 2460 et
1419 2406 1604 2473 Orion,
1639 2420 1685 2463 et
1714 2412 1879 2464 omnis
1914 2423 2132 2466 ornatus
2162 2414 2276 2467 ια’Ιὶ
2308 2415 2485 2469 lumen
2509 2434 2610 2471 non
2670 2420 2910 2478 dabunt:

1340 2510 1389 2552 et
1434 2500 1592 2569 221
1626 2504 1847 2556 tenebrae
1878 2492 2215 2572 o/fundenlnr
2270 2505 2380 2560 sole
2429 2509 2646 2576 oriente,
2671 2522 2720 2565 et
2784 2513 2913 2567 luna

1341 2607 1443 2643 non
1470 2593 1611 2644 dabit
1645 2591 1810 2646 lucem
1846 2611 2017 2649 suam.
2066 2594 2133 2647 Et
2187 2596 2448 2651 mandabo
2508 2603 2750 2655 universo
2797 2605 2913 2657 orbi

1341 2682 1504 2747 mala,
1535 2700 1596 2737 ac
1630 2683 1802 2749 impiis
1824 2696 2032 2753 peccata
2064 2704 2160 2741 sua
2192 2703 2212 2742 :
2233 2689 2413 2742 delebo
2442 2692 2777 2748 insolentiam
2805 2696 2909 2749 ini-

1338 2788 1582 2844 quorum,
1617 2784 1666 2829 et
1692 2775 2024 2831 insolentiam
2049 2779 2389 2849 superborum
2420 2782 2727 2851 deprimant.

1412 3073 1702 3145 Persptcue
1730 3074 1816 3130 his
1837 3074 2017 3132 verbis
2074 3085 2302 3133 conatur
2351 3079 2567 3148 docere,
2627 3083 2754 3153 quid
2795 3093 2915 3139 Ian-

1340 3167 1461 3222 dem
1502 3182 1680 3222 cauare
1707 3168 1802 3230 sit,
1844 3183 1942 3223 cur
1992 3169 2266 3240 principes
2313 3172 2454 3226 inter
2480 3187 2538 3229 se
2570 3176 2908 3243 condoleant,

1343 3254 1645 3324 faciemque
1712 3254 1877 3310 veluti
1931 3272 1959 3310 a
2025 3256 2239 3313 ﬂamma
2295 3268 2523 3315 mutent.
2592 3261 2725 3317 Cum
2767 3266 2911 3318 enim

1342 3346 1788 3413 vaticinarentur,
1819 3354 1876 3400 ut
1911 3347 2044 3411 dixi,
2082 3348 2187 3403 illis
2217 3364 2282 3403 ex
2317 3352 2481 3406 animi
2508 3353 2743 3421 ipsorum
2783 3371 2909 3411 sen-

1344 3437 1536 3501 tentia,
1573 3438 1733 3507 idque
1772 3438 2082 3507 Babyloniis
2128 3441 2414 3508 omnibus,
2443 3458 2538 3513 spe
2559 3458 2685 3499 vero
2755 3447 2910 3502 exci-

3102 2150 3248 2206 Ἰδοὺ
3268 2152 3379 2221 γὰρ
3404 2152 3594 2223 ἡμέρα
3626 2153 3847 2223 Κυρίου
3878 2152 4119 2217 ἀνίατος
4140 2151 4373 2219 ἔρχεται
4397 2147 4585 2218 θυμοῦ

3018 2242 3117 2296 καὶ
3151 2243 3354 2314 ὀργῆς,
3385 2245 3571 2299 θεῖναι
3600 2245 3717 2314 τὴν
3743 2244 4107 2314 οίκουμένην
4150 2242 4300 2309 ὅλην
4341 2242 4584 2309 toruior,

3017 2334 3115 2387 καί
3140 2335 3282 2401 τοὺς
3303 2337 3688 2406 ἁμαρτωλοὺς
3737 2334 4166 2405 ἐξολοθρεῦσαι
4184 2334 4253 2397 ἐξ
4274 2333 4434 2402 αὐτῆ
4442 2355 4501 2399 ς.
4534 2336 4586 2386 οι

3016 2423 3124 2491 γὰρ
3151 2424 3403 2491 ἀστέρες
3430 2425 3537 2479 τοῦ
3558 2425 3837 2492 οὐρανοῦ,
3874 2426 3970 2478 καὶ
3995 2427 4027 2478 d
4062 2424 4264 2492 Ὠρίων
4287 2424 4389 2476 καὶ
4418 2422 4542 2489 πᾶς
4560 2424 4587 2476 ό

3014 2516 3241 2584 κόσμος
3283 2516 3388 2570 τοῦ
3434 2517 3694 2585 οὐρανοῦ
3755 2516 3822 2571 τὸ
3866 2516 3992 2586 φῶς
4048 2519 4120 2571 οὐ
4169 2515 4441 2570 δώσουσι
4501 2517 4585 2568 καὶ

3013 2604 3484 2674 σκοτισθήσεται
3534 2607 3640 2660 τοῦ
3678 2606 3859 2673 ἡλίου
3893 2606 4367 2671 ἀνατέλλοντος,
4408 2606 4514 2659 καὶ
4556 2607 4587 2672 ἡ

3012 2695 3246 2764 σελήνη
3274 2700 3345 2750 οὐ
3374 2696 3553 2751 δώσει
3579 2698 3647 2751 τὸ
3664 2696 3791 2767 φῶς
3827 2697 4039 2765 αὐτῆς.
4092 2697 4198 2752 Καὶ
4232 2697 4588 2767 ὲντελοῦμαι

3011 2784 3087 2852 τῇ
3127 2786 3448 2855 οἰκουμένῃ
3496 2787 3610 2857 ὅλῃ
3663 2788 3835 2853 κακὰ,
3882 2788 3979 2841 καὶ
4020 2787 4144 2854 τοῖς
4182 2787 4435 2841 ἀσεϐέσι
4494 2788 4592 2855 τὰς

3012 2875 3300 2944 ἁμαρτίας
3332 2874 3532 2931 αὐτῶν
3551 2891 3564 2905 ⁸
3607 2877 3705 2931 καὶ
3741 2876 3949 2933 ἀπολῶ
3978 2878 4149 2946 ὕϐριν
4198 2878 4466 2947 ἀνόμων,
4499 2879 4589 2932 καὶ

3013 2964 3183 3033 ὕϐριν
3207 2965 3610 3035 ὑπερηφάνων
3637 2966 4010 3021 ταπεινώσει).

3094 3058 3419 3127 Ἀναφανδὸν
3438 3061 3494 3112 ἐν
3515 3059 3723 3124 τούτοις
3741 3059 4011 3113 διδάσκειν
4042 3061 4315 3132 πειρᾶται,
4332 3061 4500 3116 ὁποία
4517 3060 4594 3126 τίς

3013 3149 3159 3202 ἐστιν
3189 3150 3221 3220 ή
3245 3148 3514 3221 πρόφασις
3548 3150 3640 3203 τοῦ
3673 3151 4022 3221 συμφοράσαι
4048 3151 4147 3223 μέν
4168 3152 4303 3222 πρὸς
4330 3151 4593 3223 suam;

3011 3241 3138 3304 τοὺς
3165 3241 3453 3312 ἄρχοντας,
3490 3241 3811 3313 μεταϐαλεῖν
3838 3242 3894 3295 δὲ
3948 3242 4010 3295 τὸ
4049 3243 4337 3313 πρόσωπον
4384 3243 4463 3307 ὡς
4492 3245 4594 3297 ἀπὸ

3013 3331 3227 3401 φλογός.
3273 3332 3489 3404 Ἐπειδὴ
3516 3332 3626 3404 γὰρ
3671 3330 4134 3403 κατεμαντεύοντο
4165 3332 4287 3404 μὲν,
4328 3332 4406 3397 ὡς
4436 3334 4594 3405 ἔφην,

3011 3422 3081 3476 τὰ
3110 3420 3229 3475 κατ’
3262 3422 3426 3493 εὐχὴν
3457 3423 3688 3486 ἑαυτοῖς,
3707 3424 3801 3475 καὶ
3833 3424 3965 3477 πᾶσι
3990 3424 4047 3477 δὲ
4075 3425 4186 3487 τοῖς
4210 3422 4593 3487 Βαϐυλωνίοις·

1343 3529 1560 3596 derint;
1594 3539 1874 3599 propterea
1924 3530 2054 3585 dicit
2083 3549 2097 3586 :
2130 3532 2362 3589 Mterore
2406 3546 2566 3590 erunt
2608 3536 2769 3605 pleni.
2821 3538 2909 3593 ln-
2937 3535 2980 3593 C
3012 3513 3254 3605 διημαρῗ

2685 3539 2769 3591 mi.
2821 3538 2909 3593 ιη,
2937 3535 2980 3593 C
3012 3513 3414 3585 διημαρτήκασι
3444 3514 3501 3567 δὲ
3550 3513 3651 3583 τῆς
3680 3514 3914 3579 ἐλπίδος·
3963 3515 4136 3588 ταύτῃ
4161 3533 4264 3580 τοι,
4298 3517 4457 3585 φησὶ,
4508 3517 4596 3569 καὶ

1343 3622 1482 3676 vasit
1530 3622 1673 3677 enim
1716 3636 1811 3676 eos
1841 3623 2155 3678 insanabilis
2181 3624 2317 3691 dies,
2348 3626 2714 3683 universitatis
2740 3630 2918 3684 Domi-

1345 3726 1415 3765 no
1480 3726 1601 3767 eam
1658 3712 1967 3767 inducente.
2032 3712 2182 3770 Diem
2243 3731 2428 3771 rursus
2475 3728 2631 3773 vocat
2684 3729 2916 3790 tempus,

1343 3818 1450 3874 quo
1475 3803 1655 3858 divina
1682 3804 1795 3859 haec
1820 3814 1870 3859 et
1904 3807 2232 3861 inevitabilis
2263 3809 2341 3862 ira
2360 3809 2590 3875 exstitit,
2618 3819 2678 3863 ut
2718 3820 2914 3883 terram

1342 3894 1715 3949 Chaldaaorum
1783 3894 1838 3948 in
1886 3896 2193 3950 vastitatem
2255 3897 2562 3965 redegerit,
2623 3907 2676 3951 et
2721 3914 2915 3969 pecca-

1343 3997 1490 4043 tores
1530 4003 1593 4043 ex
1625 4003 1687 4042 ea
1714 3988 2028 4058 perdiderit.
2062 3988 2171 4043 Nec
2201 3991 2353 4059 quasi
2383 3991 2451 4045 ibi
2489 3992 2703 4060 quidam
2739 4001 2921 4048 essent

1345 4078 1413 4131 ab
1454 4078 1535 4132 ira
1566 4079 1856 4144 immunes,
1908 4088 2192 4148 propterea
2223 4082 2362 4148 quod
2404 4090 2586 4136 essent
2626 4081 2749 4136 boni
2788 4083 2915 4148 viri,

1346 4170 1547 4224 idcirco
1580 4170 1707 4223 dicit
1730 4172 2065 4239 perditurum
2118 4186 2175 4225 se
2243 4180 2594 4241 peccatores:
2636 4173 2761 4239 quin
2818 4174 2919 4228 hoc

1348 4277 1548 4317 nomen
1601 4260 1778 4331 potius
1838 4262 2089 4315 omnibus
2114 4260 2417 4315 Chaldaicm
2463 4261 2920 4332 regionisbabita-

1347 4352 1696 4423 toribusjure
1728 4361 2035 4422 competere
2084 4352 2302 4420 poterit,
2348 4351 2543 4422 quippe
2592 4352 2684 4421 qui
2730 4367 2918 4409 omnes

1347 4459 1576 4513 nequam
1607 4441 1807 4497 fuerint
1861 4450 1915 4494 et
1960 4440 2270 4497 idololatrte.
2320 4441 2580 4507 Quoniam
2639 4456 2769 4495 vero
2814 4459 2921 4496 ma-

1344 4536 1571 4607 gnitudo
1606 4534 1970 4589 calamitatum
1998 4533 2321 4602 quandoque
2354 4533 2646 4587 humanam
2673 4543 2911 4587 mentem

1344 4638 1553 4682 tantum
1585 4642 1688 4680 non
1723 4625 1953 4695 caligine
1983 4634 2038 4679 et
2069 4625 2303 4679 tenebris
2363 4623 2565 4693 opplet,
2627 4632 2683 4677 ut
2752 4624 2916 4678 etiam

1344 4735 1467 4775 eum
1495 4720 1610 4773 dies
1640 4719 1731 4783 sit,
1766 4718 1856 4771 lux
1908 4717 2039 4772 solis
2098 4718 2291 4770 abesse
2337 4716 2696 4779 existimetur,
2750 4723 2805 4768 et
2850 4714 2916 4768 ad

1347 4812 1527 4866 lumen
1564 4811 1907 4880 praebendum
1930 4807 2110 4863 omnis
2136 4806 2225 4862 ille
2251 4815 2479 4861 ornatus
2510 4805 2633 4860 cmli
2663 4813 2718 4859 et
2750 4804 2916 4873 ipsius

3020 3604 3323 3675 κατηφείας
3371 3603 3583 3657 ἔσονται
3635 3605 3842 3675 μεστοί.
3907 3605 4207 3677 Ἐφέστηκε
4258 3606 4369 3678 γὰρ
4416 3607 4596 3669 αὐτοῖς

3018 3699 3235 3762 ἀνίατος
3259 3699 3461 3771 ἡμέρα,
3483 3700 3575 3754 τοῦ
3606 3702 3824 3754 πάντων
3847 3701 4050 3770 Κυρίου
4084 3702 4252 3772 αὐτὴν
4277 3703 4593 3771 ἐπάγοντος⁹

3017 3788 3233 3859 ἡμέραν
3251 3789 3308 3842 δὲ
3341 3788 3502 3841 πάλιν
3531 3788 3783 3860 ὀνομάζει
3810 3789 3899 3842 τὸν
3920 3788 4125 3860 καιρὸν,
4149 3789 4269 3843 καθ’
4292 3788 4352 3842 ὃν
4379 3790 4597 3859 γέγονεν

3020 3882 3053 3951 ἡ
3084 3879 3203 3933 θεία
3236 3897 3295 3933 τε
3325 3880 3420 3935 καὶ
3465 3880 3819 3953 ἀνουθέτητος
3841 3882 3998 3953 ὀργὴ,
4022 3882 4097 3946 ὡς
4122 3882 4343 3953 τεθῆναι
4372 3883 4469 3955 τὴν
4492 3883 4597 3937 τῶν

3019 3972 3305 4027 Χαλδαίων
3329 3972 3555 4045 ἔρημον,
3581 3976 3675 4027 καὶ
3705 3974 3830 4039 τοὺς
3859 3974 4216 4046 ἁμαρτωλοὺς
4246 3974 4515 4028 ἀπολέσαι
4542 3975 4596 4040 ἐξ

3019 4061 3209 4132 αὐτῆς.
3246 4063 3358 4116 Καὶ
3388 4062 3446 4115 ού
3478 4064 3542 4133 δή
3571 4081 3672 4116 που
3702 4064 3919 4129 πάντως
3971 4064 4046 4128 ὡς
4078 4064 4249 4118 ὄντων
4303 4067 4486 4119 ἐκεῖσε
4513 4083 4594 4119 τι-

3018 4155 3147 4223 νῶν,
3172 4156 3222 4209 οἳ
3251 4157 3341 4208 καὶ
3366 4155 3471 4221 ἔξω
3494 4155 3730 4210 τίθενται
3758 4156 3858 4226 τῆς
3889 4156 4059 4228 ὀργῆς
4090 4157 4180 4210 διὰ
4206 4159 4267 4212 τὸ
4294 4153 4439 4213 εἶναι
4464 4178 4598 4231 χρη-

3022 4247 3161 4309 στοὶ,
3202 4247 3327 4310 τοὺς
3371 4246 3731 4317 ἁμαρτωλοὺς
3780 4247 4078 4302 ἀπολέσθαι
4133 4250 4286 4319 φησί·
4331 4251 4508 4305 ἅπασι
4542 4251 4596 4303 δέ

3022 4341 3219 4410 μᾶλλον
3247 4342 3358 4400 τοῖς
3385 4341 3488 4411 τὴν
3508 4338 3788 4393 Χαλδαίων
3836 4338 4042 4393 οἰκοῦσι
4089 4340 4271 4411 χώραν
4304 4341 4599 4413 ἀρμὸσειεν

3021 4432 3088 4484 ἂν
3109 4431 3336 4494 εἰκότως
3373 4430 3635 4502 τούνομα,
3666 4431 3843 4485 διάτοι
3881 4430 3943 4484 τδ
3993 4432 4201 4495 πάντας
4224 4434 4499 4503 πονηροὺς
4525 4429 4598 4486 εί-

3018 4535 3109 4572 ναι
3168 4522 3263 4572 καὶ
3313 4519 3729 4591 είδωλολάτρας.
3785 4519 4003 4591 Ἐπειδὴ
4031 4519 4089 4573 δὲ
4133 4519 4205 4574 τά
4256 4521 4463 4592 μεγέθη
4488 4522 4602 4575 τῶν

3020 4608 3315 4678 συμφορῶν
3346 4607 3457 4661 ἔσθ’
3492 4609 3578 4662 ὅτε
3620 4610 3901 4680 μονονουχὶ
3932 4608 4124 4679 σκότου
4154 4609 4248 4665 καὶ
4282 4610 4477 4681 ἀχλύος
4508 4612 4604 4664 τὸν

3018 4696 3357 4769 ἀνθρώπινον
3406 4698 3825 4769 καταπιμπλᾶσι
3878 4698 4061 4765 νοῦν,
4094 4699 4169 4763 ὡς
4228 4698 4325 4752 καὶ
4386 4698 4604 4769 ἡμέρας

3018 4788 3184 4860 οῦσης
3207 4791 3427 4844 ἀπεῖναι
3448 4791 3626 4843 δοκεῖν
3647 4788 3741 4843 τοῦ
3777 4788 3929 4860 ήλίου
3955 4790 4018 4843 τὸ
4050 4788 4187 4859 φῶς,
4213 4790 4520 4861 ἀπρακτεῖν
4545 4789 4604 4842 δέ

1348 4901 1490 4956 lunae
1526 4901 1677 4965 orbis
1732 4898 1977 4954 ineﬂicax
2024 4912 2145 4953 esse
2208 4898 2474 4961 videatur,
2527 4896 2647 4951 ideo
2703 4895 2912 4965 inquit,
2946 4884 2991 4940 Ι)
3020 4881 3259 4948 πωςιεῖς

2703 4895 2875 4965 inquit
2896 4934 2912 4960 ,
2946 4884 2991 4940 D
3020 4898 3159 4948 πως,
3186 4881 3270 4946 είς
3290 4899 3354 4951 γε
3377 4880 3437 4935 τὸ
3461 4880 3718 4936 δύνασθαι
3739 4880 4101 4950 καταυγάσαι,
4119 4882 4281 4953 φημὶ,
4307 4881 4403 4935 καὶ
4419 4880 4603 4933 πάντα

1346 4994 1508 5048 Astra
1535 4993 1657 5049 cmli
1688 5002 1742 5047 et
1769 4992 1959 5066 orion,
1993 4998 2047 5045 et
2079 4991 2254 5045 omnis
2281 4999 2502 5045 ornatus
2559 4988 2680 5043 coeli
2737 4988 2914 5042 lumen

1347 5100 1457 5140 non
1506 5083 1726 5152 dabunt,
1775 5093 1829 5138 et
1882 5085 2119 5138 tenebrz
2150 5081 2461 5153 Babyloniis
2486 5096 2577 5136 seu
2607 5079 2775 5134 menti
2817 5077 2919 5131 Ba-

1347 5174 1689 5247 byloniorum
1719 5174 2080 5239 oﬂ'undentur,
2106 5175 2269 5229 etiam
2300 5174 2411 5228 sole
2434 5172 2664 5237 oriente,
2695 5179 2748 5225 et
2792 5170 2917 5224 luna

1346 5268 1685 5338 splendente,
1720 5267 1935 5321 etiamsi
1959 5266 2224 5320 elementa
2258 5265 2437 5320 lumen
2473 5279 2626 5317 suum
2652 5277 2755 5316 non
2786 5276 2917 5315 con-

1347 5357 1638 5423 traxerint,
1660 5359 1754 5413 sed
1774 5361 1916 5428 quod
1939 5358 2013 5412 illi
2040 5357 2181 5412 velut
2205 5372 2313 5427 prae
2334 5370 2526 5424 magno
2550 5364 2693 5408 metu
2724 5353 2920 5407 divina:

1346 5450 1447 5506 irae
1474 5450 1696 5520 subjecti
1739 5460 1941 5513 essent,
1975 5459 2029 5505 et
2054 5451 2232 5504 animo
2283 5457 2497 5503 noctem
2535 5456 2590 5501 et
2671 5445 2921 5500 tenebras

1340 5538 1925 5596 haberent.||andabo
1982 5548 2184 5604 autem,
2244 5537 2436 5605 inquit,
2487 5535 2739 5589 universo
2799 5532 2917 5589 orbi

1340 5632 1516 5688 mala.
1564 5630 1847 5697 Mandabo,
1879 5630 1955 5686 ait
1996 5645 2117 5701 pro,
2147 5629 2411 5692 minabor,
2439 5626 2525 5681 vel
2559 5624 2743 5680 inferri
2777 5640 2916 5695 pra:—

1329 5722 1546 5792 cipiam
1587 5733 1645 5779 ut
1676 5724 1981 5794 superbiam
2015 5720 2320 5790 iniquorum
2351 5730 2612 5783 evertant,
2645 5726 2697 5770 et
2726 5730 2918 5786 super-

1331 5807 1451 5869 bos
1486 5813 1627 5882 illos,
1652 5813 1907 5870 nimirum
1939 5819 2256 5881 arrogantes
2283 5809 2599 5879 deprimam.
2643 5804 2911 5859 Fastuosa

3020 4972 3113 5026 τὸν
3147 4973 3352 5043 κόσμον
3372 4973 3465 5027 τοῦ
3498 4972 3750 5045 ούρανοῦ,
3783 4973 3879 5026 καὶ
3929 4972 4098 5044 αὐτῆς
4150 4971 4207 5025 δὲ
4233 4972 4330 5042 τῆς
4363 4971 4607 5042 σελήνης

3021 5065 3113 5119 τὸν
3146 5065 3379 5120 κύκλον’
3421 5065 3592 5138 ταύτῃ
3624 5066 3704 5119 τοί
3735 5079 3922 5135 φησιν·
3984 5065 4047 5118 Oi
4084 5063 4193 5136 γὰρ
4232 5064 4456 5133 ἀστέρες
4506 5064 4612 5117 τοῦ

3021 5155 3273 5228 ούρανοῦ,
3312 5159 3407 5210 καὶ
3434 5158 3463 5210 ὁ
3503 5156 3715 5228 Ὠρίων,
3747 5157 3842 5210 καὶ
3866 5157 3974 5221 πᾶς
4005 5158 4034 5210 ό
4068 5156 4271 5227 κόσμος
4298 5154 4394 5209 τοῦ
4429 5155 4610 5225 οὖρα-

3023 5247 3116 5302 νοῦ
3144 5248 3205 5301 τὸ
3230 5249 3346 5319 φῶς
3370 5248 3431 5302 οὐ
3469 5248 3719 5303 δὼσουσι”
3757 5246 4204 5319 σκοτισθήσεσθαι
4244 5246 4301 5299 δέ
4330 5246 4451 5309 τοὺς
4494 5244 4611 5298 Ba.-

3026 5337 3339 5404 ϐυλωνίους,
3365 5339 3483 5411 ἦτοι
3508 5337 3616 5392 τῶν
3662 5338 4020 5392 Βαϐυλωνίων
4069 5338 4161 5390 τὸν
4192 5335 4339 5390 νοῦν·
4371 5335 4461 5390 καὶ
4511 5337 4619 5389 ἀν-

3029 5431 3266 5502 ίσχοντος
3282 5429 3374 5485 τοῦ
3399 5431 3570 5503 ἡλίου,
3594 5431 3688 5484 καὶ
3708 5427 4135 5501 ἀναλαμπούσης
4157 5427 4497 5499 σελήνηςκκα
4507 5426 4618 5479 ίτοι

3023 5524 3131 5578 τῶν
3160 5523 3439 5595 στοιχείων
3464 5522 3525 5575 ού
3563 5520 4000 5577 συνεπαλκὸτων
4029 5520 4091 5574 τδ
4126 5519 4265 5590 φῶς,
4294 5518 4405 5572 ἀλλ’
4432 5516 4524 5581 ὡς
4550 5518 4619 5571 ἐκ

3025 5614 3218 5669 πολλοῦ
3239 5613 3491 5686 δείματος
3522 5614 3617 5668 καὶ
3638 5615 3757 5677 ταῖς
3784 5611 3956 5675 θείαις
3996 5612 4188 5683 ὀργαῖς
4227 5609 4621 5681 ὑπενηνεγμέο

3026 5724 3153 5767 νων,
3174 5705 3343 5760 νύκτα
3364 5721 3421 5757 τε
3446 5704 3542 5758 καὶ
3568 5703 3756 5767 σκότος
3780 5700 4012 5772 ἐχόντων
4043 5700 4123 5763 είς
4144 5698 4289 5754 νοῦν.
4330 5695 4623 5751 Ἐντελοῦ-

3024 5817 3123 5869 μαι
3143 5799 3221 5863 δέ,
3249 5798 3402 5869 φησὶ,
3426 5800 3491 5870 τῇ
3512 5794 3803 5866 οἰκουμένῃ
3832 5794 3928 5865 ὅλῃ
3953 5791 4120 5847 κακά.
4150 5791 4246 5856 Τὸ,
4276 5788 4617 5860 ἐπελοῦμιιι
