4840 6524
571 425 671 480 357
1558 477 1563 482 _
1682 426 1748 481 ΙΝ
1790 426 2028 484 lSAIAM
2067 427 2196 483 LIB.
2240 428 2305 483 ll.
2342 427 2583 487 TOMUS
2620 428 2684 484 ll.
3721 437 3827 492 558

567 544 752 613 φησιν,
778 541 899 596 ἀντὶ
914 542 1031 611 τοῦ,
1053 544 1358 612 ἀπειλήσω.
1386 544 1554 616 ἤγουν
1584 546 1946 619 ἐπενεχθῆναι
1975 564 2147 620 προσ·
2179 555 2226 611 Α
2252 549 2401 605 enim
2457 564 2478 605 ε

1918 565 1946 601 ιι
1975 564 2147 620 προσ·
2179 549 2401 611 Αεηίω
2457 564 2676 619 semper
2714 557 2767 604 et
2828 548 3240 607 dissolutissima
3321 551 3421 607 fuit
3483 552 3829 621 Assyriorum

566 632 731 698 τάξω,
771 632 915 685 ὥστε
946 634 1040 686 καὶ
1086 634 1246 706 ύόριν
1274 634 1493 706 ἀνόμων
1526 638 1795 705 καθελεῖν,
1825 639 2159 692 ταπεινῶσαι
2264 640 2431 703 natio,
2458 653 2477 691 ta

1923 639 2159 692 εεινῶσαι
2264 640 2431 703 natio,
2458 649 2512 694 et
2542 653 2704 708 porro
2739 638 2849 694 Deo
2889 639 3078 694 invisa.
3114 638 3387 710 Quidquid
3443 642 3587 697 enim
3632 644 3834 697 bonum

563 720 617 776 δὲ
648 722 779 785 τοὺς
835 722 1242 795 ὑπερηφάνους.
1303 724 1505 790 αὐτοὺς
1538 726 1780 797 δηλονότι
1809 729 1936 791 τοὺς
1963 729 2160 792 ἀλαζό-

564 828 681 874 νας.
734 810 1078 883 ’Υπέροπτον
1100 813 1208 884 γάρ
1264 828 1383 877 πως
1411 815 1500 869 άεὶ
1553 814 1647 870 καὶ
1694 816 2066 885 ἐξιτηλότατον
2097 816 2159 871 τὸ

575 902 878 973 Ἀσσυρίων
910 904 1134 972 γέγονεν
1161 904 1334 969 ἔθνος,
1365 906 1461 959 καὶ
1497 907 1636 977 πρός
1663 924 1727 976 γε
1761 907 1936 977 τούτῳ
1970 907 2156 979 θεομι-

566 996 677 1059 σὲς.
707 995 981 1067 Τετίμητο
1002 996 1113 1066 γάρ
1142 999 1271 1070 παρ’
1294 1000 1481 1063 αὐτοῖς
1506 1000 1617 1054 τῶν
1662 1001 1761 1071 μὲν
1794 1001 2035 1072 ἀρίστων
2064 1001 2157 1056 ού-

565 1085 673 1139 δένο
707 1086 856 1140 ἅπαν
884 1086 939 1139 δὲ
972 1087 1176 1156 μᾶλλον
1205 1087 1266 1140 τὸ
1300 1088 1639 1143 καταλυπεῖν
1665 1091 1909 1160 πεφυκὸς
1933 1092 2024 1146 τὸν
2052 1092 2163 1145 τῶν

563 1175 702 1229 ὅλων
724 1177 877 1232 Θεόν.
919 1179 1119 1232 ’ἰστέον
1146 1178 1204 1231 δὲ
1233 1180 1315 1232 ὅτι
1343 1180 1392 1232 oi
1423 1181 1522 1251 τὴν
1552 1180 1702 1235 θείαν
1733 1182 2162 1255 διερμηνεύσαν-

564 1282 653 1330 τες
685 1267 933 1339 Γραφὴν,
986 1268 1242 1339 Ὠρίωνος
1293 1270 1619 1341 πεποίηνται
1667 1274 1910 1345 μνήμην,
1946 1274 2005 1328 ἓν
2056 1275 2164 1329 τῶν

564 1360 819 1432 ἀστέρων
841 1361 902 1413 τὸ
930 1361 1338 1432 ἐπισημότατον
1362 1363 1431 1416 δι’
1463 1364 1629 1418 αὐτοῦ
1661 1366 2038 1437 σημαίνοντες,
2069 1368 2163 1422 καὶ

564 1450 619 1504 οὔ
657 1452 718 1505 τί
748 1469 850 1505 που
884 1452 1104 1516 πάντως
1129 1456 1251 1516 ταῖς
1283 1454 1558 1526 Ἑλλήνων
1589 1457 1901 1529 τερθρείαις
1928 1475 2160 1513 κατακο-

564 1539 930 1611 λουθήσαντες
950 1540 1019 1594 τὰ
1050 1540 1228 1595 τοιάδε
1261 1543 1446 1611 φασιν,
1478 1546 1888 1617 κατεχρήσαντο
1929 1547 1986 1601 δὲ
2023 1548 2160 1619 μᾶλ-

2258 736 2363 792 est,
2385 724 2530 780 nullo
2552 726 2692 795 apud
2719 740 2816 783 eos
2845 726 2899 781 in
2923 727 3123 782 honore
3153 729 3483 785 habebatur:
3518 732 3699 787 omnia
3729 746 3830 786 au-

2262 826 2366 872 tem
2393 815 2607 872 luerunt
2669 818 2737 871 ad
2799 818 3161 875 universitatis
3226 820 3390 875 Deum
3455 818 3829 877 oll'endendum

2260 914 2593 975 comparata.
2645 905 2932 960 Sciendum
2978 921 3109 961 vero
3161 908 3252 977 qni
3324 907 3659 977 interpretati
3707 917 3833 963 sunt

2260 996 2497 1052 divinam
2547 995 2905 1066 Scripturam,
2962 996 3179 1051 Orionis
3242 996 3433 1053 fecisse
3482 998 3829 1062 mentionem,

2264 1097 2320 1143 ut
2350 1104 2512 1143 unum
2539 1087 2752 1158 aliquod
2801 1104 2866 1142 ex
2926 1089 3089 1143 astris
3148 1088 3575 1157 insignissimum
3621 1088 3830 1159 signiﬁ-

2261 1192 2479 1250 carent;
2509 1197 2626 1248 nec,
2668 1183 2830 1252 222
2863 1184 2988 1238 dum
3037 1184 3137 1239 ista
3171 1183 3377 1244 dicunt.
3409 1182 3716 1241 Grecorum
3748 1186 3832 1241 ln-

2261 1284 2599 1330 cantamenta
2637 1276 2807 1330 secuti
2846 1282 2991 1341 sunt,
3025 1274 3119 1329 sed
3154 1276 3333 1344 potius
3379 1276 3531 1331 abusi
3568 1285 3694 1331 sunt
3733 1293 3831 1331 no-

2263 1367 2407 1421 mine
2442 1367 2640 1422 usitato
2660 1376 2715 1421 et
2747 1367 2895 1431 trito,
2923 1368 3372 1436 quemadmodum
3404 1369 3647 1438 profecto
3669 1372 3831 1426 etiam

2267 1460 2321 1514 in
2350 1458 2452 1514 Job
2478 1460 2736 1528 scriptum
2782 1470 2894 1514 est:
2931 1477 2952 1511 ι
3008 1459 3106 1526 Qui
3134 1460 3260 1515 facit
3314 1460 3558 1517 Pleiadas
3619 1471 3673 1517 et
3728 1461 3832 1516 Ve-

2264 1562 2505 1617 sperum,
2546 1556 2602 1602 et
2638 1548 2950 1613 Arcturum,
2982 1557 3040 1603 et
3071 1552 3437 1619 promptuaria
3466 1549 3586 1607 Noti
3614 1552 3678 1607 ”.
3723 1570 3745 1605 ι

563 1634 652 1686 λον
675 1635 762 1705 τῷ
789 1634 930 1688 κατὰ
955 1634 1243 1707 συνήθειαν
1263 1636 1509 1707 ὀνόματι,
1545 1638 1798 1711 καθάπερ
1841 1640 2032 1712 ἀμέλει
2068 1641 2163 1697 καὶ
2200 1641 2259 1695 ὲν
2294 1642 2374 1713 τῷ
2412 1641 2533 1695 Ἰὼϐ
2565 1640 2898 1714 γέγραπταιο
2939 1660 2960 1696 ι
2999 1642 3057 1697 '0
3088 1642 3260 1697 ποιῶν
3305 1644 3540 1701 Πλειάδα
3577 1648 3672 1701 καὶ
3711 1647 3835 1702 "Ea-

564 1746 739 1800 περον
767 1729 861 1783 καὶ
904 1730 1232 1801 Ἀρκτοῦρον
1259 1732 1357 1785 καὶ
1386 1735 1609 1804 ταμιεῖα
1646 1733 1873 1788 Νότου.»

632 1825 753 1879 Kal
784 1824 1028 1878 ἔσονται
1058 1828 1113 1879 al
1155 1828 1691 1897 καταλελειμμένοι
1747 1828 1972 1899 ἔντιμοι
2017 1830 2168 1900 μᾶλ-
2200 1838 2240 1892 Β
2342 1828 2509 1883 Vsus.
2542 1852 2543 1857 η

1921 1848 1972 1883 οι
2017 1830 2168 1900 μᾶλ-
2200 1838 2240 1892 Β
2342 1828 2509 1883 Vsus.
2542 1826 2630 1882 12.
2660 1824 2906 1882 Eterunl
2948 1830 3251 1898 superstites
3314 1828 3645 1898 pretiosiore:
3701 1850 3832 1889 aura

564 1920 682 1970 λον
738 1917 776 1984 ἢ
806 1916 873 1969 τὸ
902 1918 1163 1985 χρυσίον
1192 1917 1258 1970 τὸ
1308 1917 1563 1986 ἀπυρονσ
1604 1919 1702 1972 καὶ
1764 1922 1797 1973 ό
1851 1920 2160 1988 ἅνθρωπος

561 2007 814 2077 μᾶλλον
841 2006 1080 2076 ἔντιμος
1108 2006 1303 2070 ἔσται,
1335 2006 1374 2075 ἢ
1398 2010 1430 2061 ὀ
1453 2008 1625 2074 λίθος
1651 2010 1683 2061 ὀ
1710 2008 1778 2061 ἐκ
1805 2010 2084 2078 Σουφείρ.

635 2099 905 2169 Ἔντιμον
936 2098 1014 2170 (1)
1044 2100 1103 2152 ὲν
1129 2098 1342 2162 τούτοις
1364 2096 1427 2152 τὸ
1480 2099 1760 2171 ζητητέον.
1814 2100 2164 2173 Ὀλιγανδρή-

568 2205 683 2241 σειν
717 2187 899 2241 τοίνυν
936 2189 1104 2259 φησὶν
1128 2187 1271 2241 οὕτω
1293 2188 1393 2260 τὴν
1420 2187 1799 2256 Βαδυλωνίων,
1822 2190 1916 2243 καὶ
1944 2190 2163 2246 ἃπασαν

567 2282 620 2335 δὲ
648 2280 760 2350 τὴν
796 2279 1099 2349 Ἀσσυρίων
1130 2278 1335 2351 χώραν,
1391 2278 1466 2343 ὡς
1523 2281 1879 2365 δυσευρέτους
1912 2282 2164 2351 γενέσθαι

568 2370 701 2433 τοὺς
745 2367 953 2433 ζῶντας
978 2371 1035 2421 ὲν
1061 2367 1222 2439 αὑτῇ,
1254 2368 1350 2422 καὶ
1387 2368 1655 2440 τοσαύτην
1679 2369 1788 2422 τῶν
1817 2369 2165 2441 περιλελειμ-

572 2460 761 2531 μένων
786 2458 886 2531 τὴν
921 2459 1138 2525 σπάνιν,
1162 2461 1262 2530 ὅση
1290 2460 1383 2514 καὶ¹
1421 2459 1584 2514 λίθων
1617 2462 1875 2527 Ἰνδικῶν,
1903 2464 1997 2516 καὶ
2030 2481 2164 2534 χρυ-

572 2552 693 2604 σίου
758 2550 855 2603 τοῦ
903 2550 1297 2621 δοκιμωτάτου.
1355 2551 1516 2605 Δοκεῖ
1546 2551 1653 2623 γάρ
1712 2570 1833 2623 πως
1869 2554 1942 2607 τά
1986 2554 2165 2608 τοιάδε

570 2641 735 2711 παρά
763 2657 905 2694 τισιν
937 2637 1075 2695 εἶναι
1108 2642 1293 2711 τίμια,
1322 2642 1413 2694 διὰ
1442 2642 1503 2695 τὸ
1532 2622 1652 2697 λίαν
1681 2622 2168 2715 δυσπόριστονααὶ

576 2732 688 2802 μὴν
719 2731 805 2784 ὅτι
832 2731 1010 2799 ὀλίγα,
1042 2732 1133 2785 καὶ
1167 2731 1340 2801 μόλις.
1374 2731 1605 2798 Οὐκοῦν,
1654 2733 1731 2798 ὡς
1754 2732 1820 2788 ἂν
1848 2726 1976 2802 εἷεν,
2009 2736 2165 2807 φησι,

571 2823 918 2893 δυσπόριστα
967 2823 1037 2877 τὰ
1098 2823 1407 2896 ἀνθρώποις
1456 2812 1882 2897 τεθαυμασμένα
1939 2826 2075 2882 λίθοι
2107 2844 2168 2881 τε

574 2914 780 2986 τίμιοι,
809 2916 906 2969 καὶ
930 2915 993 2968 τὸ
1012 2914 1303 2989 ἀπύρωτον
1332 2917 1575 2988 χρυσίον,
1606 2902 1750 2971 τοῦτ’
1774 2916 1909 2981 ἔστι,
1937 2918 1999 2973 τὸ
2025 2918 2169 2975 δοκι-

2263 1921 2462 1984 obriza,
2498 1929 2545 1974 et
2596 1921 2749 1973 homo
2781 1919 3061 1988 pretiosior
3103 1920 3200 1974 erit
3243 1919 3416 1989 lapide
3463 1938 3527 1978 ea:
3586 1922 3834 1991 Saphira.

2336 2094 2634 2151 Pretiosum
2668 2093 2719 2148 in
2771 2094 2857 2148 bis
2887 2093 3017 2163 quid
3048 2096 3138 2158 sit,
3189 2097 3538 2165 quarendum
3573 2108 3674 2155 est.
3730 2098 3838 2155 lla-

2263 2206 2368 2262 que
2400 2190 2533 2245 dicit
2567 2200 2765 2243 terram
2799 2186 3239 2258 Babyloniorum,
3267 2198 3323 2242 et
3345 2198 3508 2242 totam
3565 2190 3837 2260 regionem

2264 2282 2606 2353 Assyriorum
2655 2295 2715 2335 ea
2742 2280 3013 2350 paucitate
3050 2280 3290 2334 virorum
3358 2279 3749 2349 laboraturam,
3778 2293 3839 2338 ut

2265 2375 2416 2429 vivos
2443 2375 2495 2427 in
2532 2388 2594 2427 ea
2625 2371 2865 2440 reperire
2900 2370 3137 2425 futurum
3162 2371 3233 2425 sit
3265 2370 3501 2435 dillicile,
3526 2382 3839 2443 tantamque

2266 2467 2543 2521 raritatem
2593 2461 2939 2531 superstitum
2984 2470 3180 2529 quanta
3234 2468 3319 2515 est
3354 2461 3591 2529 lapidum
3626 2460 3839 2516 Indico-

2268 2570 2385 2609 rnm
2409 2565 2463 2609 et
2491 2554 2606 2607 auri
2652 2552 3043 2622 probatissimi.
3099 2552 3326 2608 Videtur
3376 2555 3519 2609 enim
3572 2554 3835 2624 ejusmodi

2268 2646 2405 2713 apud
2434 2645 2692 2713 quosdam
2724 2643 2775 2697 in
2808 2644 3009 2697 honore
3067 2657 3189 2698 esse
3220 2654 3273 2697 et
3318 2645 3516 2713 pretio,
3580 2661 3645 2699 en
3697 2646 3837 2713 quod

2269 2734 2549 2791 dilIiCulter
2580 2713 2863 2787 admodum
2914 2732 3171 2802 parabilia
3226 2732 3357 2796 sint,
3405 2742 3457 2787 et
3490 2733 3629 2803 quod
3672 2747 3837 2803 pauca

2269 2828 2397 2892 sint,
2430 2835 2483 2879 et
2510 2840 2632 2879 raro
2653 2824 3014 2879 inveniantur.
3047 2820 3116 2877 Ut
3145 2824 3324 2892 igitur,
3364 2824 3840 2895 inquit.quacapud

2268 2918 2516 2974 homines
2547 2918 2599 2972 in
2629 2916 2985 2971 admiratione
3014 2926 3161 2981 sunt,
3198 2927 3387 2983 paratu
3414 2914 3650 2971 dilllcilia
3683 2928 3838 2982 sunt,

579 3005 858 3076 μώτσιςον,
890 3004 1062 3070 οὓτως
1082 3007 1298 3060 ἔσονται
1352 3006 1541 3077 ὀλίγοι,
1577 3009 1673 3063 καὶ
1712 3009 1865 3079 μόλις
1902 3010 1953 3062 οἱ
1981 3009 2046 3063 ἐκ
2072 3028 2166 3063 πο·
2271 3009 2488 3080 pretiosi

1927 3010 1953 3062 ›ἱ
1981 3009 2046 3063 ἐκ
2072 3028 2166 3063 πο·
2271 3009 2488 3080 pretiosi
2509 3007 2729 3077 lapides,
2760 3016 2814 3061 et
2867 3022 3056 3060 aurum
3086 3006 3351 3071 obrizum,
3379 3007 3430 3062 id
3468 3019 3573 3072 est,
3625 3018 3838 3077 speeta—

576 3096 754 3167 λέμου
799 3096 1296 3168 περιλελειμμένοι,
1356 3098 1448 3152 καὶ
1500 3097 1562 3151 τὸ
1605 3097 1713 3151 τῶν
1764 3099 2168 3170 μεμαχημένων
2273 3103 2479 3158 tissintu

1931 3099 2168 3170 (ημένων
2273 3103 2573 3158 tissimum:
2614 3099 2693 3155 sic
2722 3108 2882 3152 erunt
2925 3108 2980 3153 et
3005 3100 3156 3168 pauci
3185 3109 3241 3154 et
3304 3114 3446 3163 raro,
3503 3100 3591 3168 qui
3635 3115 3665 3155 e
3704 3100 3842 3155 bello

574 3185 944 3254 διαφυγόντες
974 3186 1195 3263 στίφος.κ
2196 3176 2239 3235 C
2272 3193 2485 3249 derelict

2196 3176 2239 3235 (ἶ
2272 3193 2511 3249 derelicti
2568 3201 2840 3247 catervam
2876 3190 3193 3244 bellatorum
3220 3189 3498 3261 effugient.

658 3278 720 3328 Ὀ
751 3279 863 3347 γὰρ
889 3276 1145 3344 οὐρανὸς
1177 3275 1613 3345 θυμωθήσεται,
1644 3280 1745 3333 καὶ
1767 3280 1806 3348 ἡ
1828 3279 1905 3351 γῆ
1927 3282 2170 3350 σεισθή-
2345 3281 2510 3337 Vens.
2548 3283 2569 3335 l

1930 3282 2170 3350 σεισθή-
2345 3281 2510 3337 Vens.
2548 3283 2637 3335 15.
2697 3280 2893 3335 Cretum
2949 3281 3083 3334 enim
3119 3282 3393 3342 irascetur,
3438 3290 3484 3335 et
3538 3290 3675 3335 terra
3722 3295 3841 3332 con-

576 3382 757 3421 σεται
788 3367 857 3420 ἐκ
895 3364 1015 3419 τῶν
1060 3368 1351 3436 θεμελίων
1388 3367 1600 3437 αὐτῆς,
1631 3369 1730 3424 διὰ
1758 3370 1951 3440 θυμὸν
1987 3373 2171 3443 ὀργῆς
2269 3377 2487 3431 eulielut

1931 3389 1951 3415 ν’
1987 3373 2171 3443 ὀργῆς
2269 3377 2555 3431 eulietura
2605 3373 2963 3443 fundamentis
3018 3372 3127 3425 suis
3190 3379 3401 3441 propter
3457 3372 3685 3438 furerent
3745 3372 3842 3424 ira:

578 3459 814 3527 Κυρίου
843 3456 1086 3513 Σαϐαὼθ
1113 3457 1189 3526 τῇ
1239 3456 1450 3528 ἡμέρῃ,
1483 3459 1629 3514 ὅταν
1660 3461 1883 3530 ἐπέλθῃ
1918 3464 1951 3516 ό
1984 3464 2171 3533 θυμὸς

578 3547 800 3606 αὐτοῦ.

656 3638 904 3693 Λαλοῦσι
946 3638 1045 3708 μὲν
1073 3637 1449 3707 ὑπερϐολικῶς
1485 3639 1535 3691 οί
1565 3640 1824 3710 μακάριοι
1856 3639 2167 3711 προφῆται,

581 3732 681 3783 καὶ
709 3728 814 3799 τὴν
844 3727 993 3781 θείαν
1025 3745 1082 3781 τε
1106 3728 1199 3782 καὶ
1232 3727 1508 3799 ἄφραστον
1538 3728 1765 3800 δύναμίν
1798 3747 1857 3784 τε
1898 3732 1992 3785 καὶ⁵
2016 3731 2171 3798 δόξαν

581 3822 876 3891 δεχόμενοι
902 3820 1045 3872 κατὰ
1071 3819 1216 3885 νοῦν,
1244 3819 1490 3890 αἴρουσιν
1528 3819 1662 3888 ὑψοῦ
1716 3820 1815 3884 τὰς
1848 3822 2047 3891 φωνὰς,
2079 3824 2174 3877 καὶ

584 3909 801 3979 μεγέθη
867 3912 977 3973 τοῖς
1048 3909 1381 3979 διηγήμασιν
1431 3910 1738 3964 ἐπινοοῦσιν
1783 3912 1852 3966 τά
1901 3912 2170 3986 ἐξαίρετα.

595 4001 715 4054 ’Δεὶ
753 4000 811 4054 δέ
839 4016 958 4062 πως
983 3998 1320 4071 ὀργιζομένῳ
1349 3999 1470 4070 Θεῷ
1530 4000 1999 4073 συγκαταθήγεται
2040 4004 2175 4076 πρὸς

582 4093 762 4164 ὀργὰς
789 4092 886 4146 καὶ
920 4094 956 4163 ἡ
984 4092 1143 4163 δούλη
1179 4093 1375 4156 κτίσις,
1405 4092 1777 4156 διανιστάντος
1827 4096 2044 4159 πάντως
2072 4113 2173 4149 που

584 4186 730 4255 πρὸς
759 4184 916 4237 τοῦτο
935 4183 1104 4254 αὐτὴν
1135 4181 1230 4236 τοῦ
1266 4184 1399 4237 πᾶσι
1429 4185 1874 4254 προστάττοντος.
1918 4186 2026 4239 Καὶ
2047 4186 2174 4255 γοῦν

587 4276 865 4348 ὠργίζετο
893 4276 990 4346 μὲν
1014 4274 1357 4345 Αίγυπτίοις,
1383 4277 1687 4348 ἀπρακτεῖν
1712 4278 1770 4330 δὲ
1810 4280 1843 4348 ή
1870 4279 2045 4341 κτίσις
2074 4280 2176 4333 ούκ

587 4368 876 4436 ἠνέσχετο.
927 4366 1235 4419 Μεθίστατο
1276 4366 1375 4436 μὲν
1419 4367 1528 4437 γὰρ
1570 4368 1651 4430 εἰς
1711 4361 1850 4438 αἷμα
1901 4366 1962 4421 τὸ
2009 4367 2172 4440 ὕδωρ,

591 4458 762 4529 ἐξῆρε
782 4457 841 4510 δὲ
873 4457 1025 4529 καὶὴ
1055 4458 1127 4529 γῆ
1157 4457 1480 4529 βατράχους,
1542 4458 1684 4512 καθά
1724 4460 2055 4530 γέγραπται,
2084 4478 2179 4515 κα-

592 4548 703 4602 θίει
731 4550 788 4603 δὲ
817 4548 1062 4619 χαλάζας
1095 4552 1124 4602 ὁ
1151 4549 1397 4620 ούρανός’
1433 4549 1527 4601 καὶ
1584 4550 1691 4620 μὴν
1721 4550 1815 4603 καὶ
1862 4549 2052 4621 βαθὺς,
2082 4550 2179 4603 καὶ

590 4641 898 4710 τριήμερος
924 4639 1144 4707 ἁπάσης
1185 4639 1366 4693 αὐτῶν
1421 4638 1521 4708 τῆς
1576 4639 1758 4710 χώρας
1790 4641 2181 4694 κατεσκίδνατο

595 4730 810 4792 σκότος.
835 4727 1045 4782 Οὐκοῦν
1075 4727 1480 4799 θυμωθήσεται,
1513 4728 1669 4798 φησὶ,
1704 4732 1799 4784 καὶ
1842 4730 2003 4794 αὐτὸς
2031 4733 2060 4783 ὁ
2088 4731 2179 4784 ού-

596 4820 781 4889 ρανὸς,
815 4820 913 4873 καὶ
962 4814 1074 4871 οἷον
1106 4819 1171 4871 ὲκ
1214 4817 1427 4889 βάθρων
1470 4820 1505 4890 η
1553 4819 1625 4890 γῆ
1675 4821 2018 4892 σεισθήσεται
2043 4864 2056 4888 ,
2092 4822 2180 4877 διὰ

597 4896 770 4980 θυ
792 4911 965 4983 ὀργῆς
990 4908 1222 4980 Κυρίου.
1255 4909 1661 4981 Συνεκπολεμεῖ
1691 4912 1800 4983 γὰρ
1832 4914 2060 4983 ήκτίσις
2086 4914 2178 4967 ἐπὶ

598 5002 731 5065 τοὺς
767 5003 1035 5072 ἄφρονας,
1081 5003 1178 5057 καὶ
1212 5000 1587 5070 λελυπημένου
1614 5001 1874 5055 δεσπότου
1908 5005 2192 5074 μονονουχὶ

602 5092 1038 5158 συγκαθίσταται
1075 5093 1172 5147 καὶ
1216 5093 1250 5163 ή
1281 5090 1418 5161 αὐτὴ
1461 5090 1599 5161 πρὸς
1645 5089 1821 5145 τοῦτο.
1856 5093 2042 5147 Πάντα
2083 5092 2193 5165 γὰρ

598 5182 677 5251 τῇ
727 5181 1007 5253 ὑπερτάτη
1056 5180 1339 5252 συντρέχει
1384 5179 1570 5251 βουλῇ,
1616 5181 1712 5234 καὶ
1752 5180 1902 5233 οὐδέν
1938 5182 2055 5234 ἐστι
2086 5181 2192 5235 τῶν

598 5270 796 5335 ὅντων,
837 5271 870 5325 δ
919 5271 996 5343 μὴ
1040 5273 1157 5334 τοῖς
1194 5268 1362 5332 θείοις
1408 5267 1675 5339 νεύμασι,
1726 5268 1820 5322 καὶ
1877 5267 2191 5339 ἀϐουλήτως

601 5373 914 5414 παραχωρῇ
924 5399 939 5414 .

683 5375 695 5410 ι
731 5376 763 5412 α
799 5378 845 5414 ω
924 5399 939 5414 .

683 5374 798 5503 tu
1071 5448 1597 5519 καταλελειμμένοι
1616 5449 1696 5514 ὡς
1718 5448 2035 5517 δορκάδων
2046 5447 2181 5518 φεῦ-

690 5606 737 5639 "
758 5604 855 5665 Job
885 5623 1115 5675 xxxrtn,
1146 5608 1241 5664 52.

2272 3468 2484 3523 Domini
2516 3466 2773 3530 Sabaoth,
2800 3479 2859 3518 eo
2905 3462 2988 3516 die
3022 3479 3124 3533 quo
3151 3464 3338 3517 venerit
3361 3461 3513 3530 furor
3539 3463 3674 3532 ejus.

2342 3640 2656 3710 Loquunlur
2696 3635 3040 3709 hyperbolice
3066 3635 3208 3689 beati
3262 3642 3556 3705 propnetat,
3592 3641 3648 3688 et
3705 3633 3844 3687 divi-

2274 3750 2398 3789 nam
2435 3747 2497 3786 ac
2523 3730 2953 3799 inexplicabilem
2985 3727 3277 3797 potentiam
3298 3741 3361 3780 ac
3401 3725 3628 3794 gloriam
3661 3725 3845 3778 animo

2275 3827 2574 3894 capientes,
2611 3822 2717 3877 alte
2749 3835 2914 3876 voces
2950 3826 3297 3885 exaggerant,
3339 3825 3393 3871 et
3425 3816 3844 3884 magnitudinem

2275 3916 2529 3971 eximiam
2562 3913 2614 3967 in
2640 3910 3045 3966 narrationibus
3078 3908 3189 3962 suis
3219 3905 3584 3970 considerant,
3613 3920 3675 3960 ac
3705 3919 3848 3960 sem.

2276 4022 2368 4077 per
2393 4007 2530 4060 irato
2564 4004 2690 4067 Deo,
2723 4001 3056 4058 simuletiam
3113 3998 3178 4053 ad
3216 3997 3349 4051 iram
3385 3997 3668 4051 exacuitur
3690 4010 3846 4051 serva

2285 4108 2561 4161 creatura,
2589 4097 2813 4151 omnino
2832 4110 2950 4150 eam
2971 4095 3073 4149 huc
3086 4092 3355 4148 excitante
3388 4091 3580 4171 eo,qui‘
3600 4093 3850 4146 omnibus

2280 4194 2526 4263 imperat.
2554 4188 2871 4246 Succensuit
2897 4188 3093 4257 quippe
3123 4185 3209 4240 ille
3236 4183 3506 4256 Egyptiis
3536 4202 3549 4238 :
3601 4194 3847 4237 creatura

2284 4294 2464 4339 autem
2496 4296 2715 4338 cessare
2785 4295 2890 4334 non
2941 4275 3507 4333 sustinuit.’l‘ransivit
3566 4275 3763 4345 quippe
3792 4273 3847 4328 in

2278 4373 2594 4443 sanguinem
2656 4385 2818 4440 aqua,
2864 4368 3143 4423 scaturivit
3214 4374 3356 4420 terra
3415 4379 3599 4427 ranas,
3653 4362 3845 4417 coelum

2280 4459 2492 4514 demisit
2520 4454 3152 4529 grandiuem,profundte
3178 4454 3414 4509 tenebrae
3449 4453 3608 4507 trium
3640 4453 3845 4506 dierum

2279 4550 2453 4618 spatio
2520 4563 2614 4617 per
2672 4556 2839 4601 totam
2856 4560 3043 4599 eorum
3082 4544 3359 4611 regionem
3385 4542 3656 4611 dissipatae
3695 4551 3841 4606 sunt,

2276 4645 2414 4698 sicut
2467 4640 2724 4710 scriptum
2757 4646 2860 4694 est.
2892 4637 3104 4707 Itaque,
3151 4635 3346 4704 inquit,
3384 4636 3648 4688 irascetur
3685 4633 3846 4686 etiam

2278 4733 2448 4801 ipsum
2496 4731 2717 4794 coelum,
2749 4738 2803 4783 et
2846 4727 2992 4782 velut
3030 4742 3059 4780 a
3087 4723 3454 4781 fundamentis
3480 4733 3619 4777 terra
3653 4737 3847 4777 concu-

2278 4821 2439 4871 tietur
2486 4827 2703 4886 propter
2732 4815 2966 4870 furorem
2997 4815 3091 4870 ira
3127 4807 3354 4869 Domini.
3410 4811 3675 4882 Pugnabit
3704 4811 3847 4866 enim

2276 4923 2380 4963 una
2434 4908 2690 4963 adversus
2729 4907 2919 4962 stultos
2961 4906 3074 4977 ipsa
3148 4912 3394 4959 creatura
3422 4941 3438 4967 ,
3484 4911 3540 4957 et
3606 4914 3882 4976 commo-l

2289 5008 2347 5051 to
2373 4996 2620 5062 Domino,
2654 4995 2817 5049 etiam
2850 4995 2964 5065 ipsa
2993 4996 3058 5049 ad
3086 4994 3188 5049 hoc
3223 4990 3609 5062 propemodum
3650 4988 3850 5043 instrn-

2287 5095 2372 5141 cta
2419 5094 2525 5141 est.
2556 5083 2749 5139 Omnia
2814 5082 3078 5152 siquidem
3141 5095 3265 5135 cum
3299 5091 3549 5151 suprema
3579 5075 3853 5131 voluntate

2284 5179 2597 5244 conspirant
2644 5184 2809 5243 atque
2857 5180 3208 5237 concurrunt,
3241 5180 3298 5226 et
3332 5169 3463 5224 nihil
3484 5177 3567 5225 est
3591 5168 3646 5223 in
3672 5181 3852 5223 rerum

2290 5278 2503 5333 natura,
2532 5266 2673 5337 quod
2692 5279 2796 5320 non
2829 5263 3011 5319 divino
3041 5262 3192 5317 nutui
3216 5262 3373 5317 cedat
3405 5260 3566 5316 etiam
3602 5258 3850 5315 inritum.

2357 5444 2517 5515 223
2537 5443 2697 5497 Vens.
2730 5439 2908 5495 ιιι-ιϐ.
2930 5440 2997 5493 Et
3012 5448 3162 5493 erunt
3190 5437 3354 5492 relicti
3370 5442 3521 5506 quasi
3535 5433 3748 5489 damula
3763 5431 3852 5500 fu-

695 5761 770 5840 (l_)
798 5762 1133 5840 Tractusltic
1160 5762 1462 5840 ἔντιμον-ἑν
1489 5760 1720 5825 τούτοις,
1763 5773 1931 5830 usque
1959 5758 2026 5813 ad
2058 5755 2215 5812 linem
2249 5754 2499 5812 versiculi
2540 5772 2606 5813 sel

1959 5758 2026 5813 ad
2058 5755 2215 5812 linem
2249 5754 2499 5812 versiculi
2540 5756 2814 5827 sequentis
2842 5759 2874 5810 ὁ
2904 5755 3089 5826 θυμὸς
3134 5755 3342 5820 αὑτοῦ,
3383 5755 3531 5811 deest
3573 5752 3630 5808 in
3674 5750 3859 5809 codice

613 5830 787 5900 Regio
810 5842 860 5886 et
885 5833 1157 5904 suppletur
1187 5848 1251 5887 ex
1285 5831 1560 5886 Vaticano.
