4134 6496
618 432 723 487 559

1632 412 1692 466 S.
1729 404 2002 466 CYBILLI
2042 394 2504 457 ALEXANDRlNI
2544 389 2859 447 ARCHIEP.

3778 372 3881 427 360

620 552 784 616 gieru,
805 542 1017 612 etquasi
1034 540 1141 594 ovis
1171 550 1376 599 errans,
1399 542 1561 587 etnon
1582 531 1679 584 erit
1706 529 1796 599 qui
1822 534 2116 595 congreget,
2133 522 2208 573 ita

2324 531 2437 582 πον,
2459 513 2561 566 καί
2588 512 2668 577 ὡς
2704 508 3002 577 πρόϐατον
3027 498 3443 569 πλανώμενον,
3460 494 3559 550 καί
3578 494 3693 548 οὐκ
3722 491 3885 545 ἔσται

2332 609 2345 616 -
2528 603 2538 616 ν
2727 599 2749 616 ον
2801 614 2805 616 -
2852 614 2859 616 ~
2931 596 3234 616 n--n--._----
3267 592 3350 616 Α-
3388 588 3495 616 ..λυ
3538 584 3678 616 amt...
3709 580 3885 616 ηδηητ

621 653 675 694 ut
702 639 855 691 homo
876 634 943 688 ad
967 631 1211 701 populum
1235 643 1385 682 suum
1402 631 1711 687 revertatur,
1729 621 1942 674 etltonto
1964 618 2016 669 in
2039 616 2207 683 regio-

622 745 737 782 nem
760 741 910 780 suam
934 723 1244 790 expellatur.
1280 719 1385 784 Qui
1406 717 1543 771 enim
1573 722 1756 783 captus
1798 710 1995 779 fuerit,
2029 705 2203 775 oppri-

625 828 821 882 metur,
845 826 891 869 et
914 810 1314 884 quicongregati
1341 807 1563 877 fuerint,
1586 802 1888 859 occumbent
1913 796 2111 870 gladio.
2138 795 2204 849 Et

629 908 769 975 ﬁlios
800 920 982 959 eorum
1014 919 1193 957 coram
1233 902 1307 956 eis
1349 899 1598 963 atlident,
1644 896 1825 950 domos
1848 890 2122 961 diripient,
2157 897 2204 942 et

623 1012 812 1051 uxores
837 995 1124 1050 habebunt.

695 1256 903 1311 Paucos
928 1254 1144 1309 relictos
1163 1251 1280 1306 fore
1302 1249 1452 1313 dicit,
1484 1254 1862 1302 verumtamen
1895 1258 1992 1299 eos
2012 1256 2201 1311 parum

630 1350 836 1410 viriles,
875 1355 929 1401 et
976 1346 1209 1400 maxime
1259 1339 1531 1403 imbelles,
1565 1350 1739 1405 eoque
1789 1333 2097 1388 timiditatis
2140 1344 2204 1385 ac

631 1440 893 1496 vecordiae
920 1438 1179 1507 deiectos,
1208 1443 1265 1488 ut
1296 1432 1425 1487 nihil
1457 1429 1599 1485 aliud
1648 1429 1699 1482 in
1745 1427 1887 1481 votis
1936 1425 2203 1487 habeant,

631 1548 789 1599 quam
816 1541 870 1583 ut
902 1529 1108 1595 fugiant
1138 1526 1332 1584 solum,
1365 1523 1535 1576 instar
1562 1520 1733 1573 damn:
1760 1535 1774 1571 :
1812 1526 1868 1570 et
1894 1523 1951 1568 ut
1981 1526 2205 1568 serven-

634 1634 752 1685 tur,
815 1623 826 1673 i
889 1622 1016 1688 l.tit,
1074 1634 1195 1673 cum
1246 1616 1540 1675 dedecore,
1599 1621 1927 1679 prorsusque
1974 1610 2207 1659 renuant

636 1714 883 1768 hostilem
920 1712 1284 1765 incursionem
1320 1704 1658 1775 propulsare.
1692 1700 1844 1768 Quod
1880 1706 2063 1751 autem
2090 1695 2208 1749 sine

634 1805 887 1874 praefecto
921 1812 975 1857 et
1002 1803 1116 1856 sine
1135 1798 1378 1870 principe
1403 1803 1677 1858 maneant,
1702 1790 1867 1847 etiam
1897 1789 1952 1843 hi
1982 1798 2208 1843 numero

2313 580 2345 660 ό
2379 603 2687 672 συνάγων,
2716 599 2872 653 ὥστε
2917 596 3234 663 ἄνθρωπον
3263 592 3351 654 εις
3388 588 3495 642 τόν
3520 584 3678 640 λαὸν
3706 580 3887 636 αὐτοῦ

2312 690 2774 762 ἀποστραφῆναι
2804 729 2819 754 ,
2879 687 2975 741 καὶ
3027 684 3342 751 ἄνθρωπον
3403 681 3491 742 είς
3544 674 3662 743 τὴν
3698 672 3891 742 χώραν

2313 785 2502 842 αὐτοῦ
2526 782 2753 848 διῶξαι.
2783 782 2890 845 ⁸ος
2919 776 3030 847 γὰρ
3059 774 3168 830 ἐὰν
3196 770 3323 836 ἁλῷ
3346 766 3773 838 ήττηθήσεται,
3800 763 3891 814 καὶ

2312 879 2530 944 οἵτινες
2575 871 2945 942 συνηγμένοι
2974 868 3092 922 εἰσί
3118 864 3383 935 μαχαίρᾳ
3413 857 3770 916 πεσοῦνται,
3799 854 3894 906 καὶ

2311 971 2385 1025 τὰ
2413 968 2595 1025 τέκνα
2612 966 2811 1020 αὐτῶν
2829 962 3085 1017 ἐνώπιον
3111 956 3311 1011 αὐτῶν
3343 952 3631 1022 ράξουσι,
3664 948 3764 1001 καί
3796 946 3896 1011 τὰς

2311 1059 2506 1122 οἰκίας
2556 1054 2755 1110 αὐτῶν
2796 1051 3279 1121 προνομεύσουσι
3344 1043 3443 1097 καὶ
3470 1040 3581 1105 τὰς
3603 1035 3897 1110 γυναῖκας

2324 1146 2523 1203 αὐτῶν
2547 1146 2815 1211 ἕξουσιν.
3442 1124 3457 1139 ”

2384 1235 2804 1307 Εὑαριθμήτους
2829 1228 3026 1299 κομιδῇ
3054 1226 3180 1289 τοὺς
3205 1218 3655 1294 περιλειφθέντας
3680 1212 3896 1268 ἔσεσθαί

2313 1344 2469 1399 φησι,
2505 1305 2645 1395 πλὴν
2679 1323 2774 1378 καὶ
2805 1320 3003 1381 αὐτοὺς
3048 1316 3340 1385 ἀνάνδρους
3396 1329 3457 1365 τε
3498 1309 3597 1363 καὶ
3635 1305 3899 1375 ἀφιλομα-

2312 1395 2608 1489 χωτάτους,
2635 1416 2728 1469 καὶ
2761 1412 2962 1474 δειλίας
2994 1410 3074 1472 είς
3103 1405 3260 1461 τοῦτο
3286 1398 3799 1474 κατερῤαγμένους,
3826 1395 3899 1458 ὡς

2318 1487 2471 1564 οὐδὲν
2490 1507 2677 1576 ἕτερον
2704 1502 2919 1557 ἑλέσθαι
2945 1500 3100 1571 δρᾷν,
3119 1496 3254 1567 πλὴν
3284 1496 3366 1548 ὅτι
3393 1492 3554 1564 μόνον
3571 1490 3636 1543 τὸ
3658 1487 3897 1557 φεύγειν,

2314 1603 2372 1654 ὲν
2399 1599 2499 1670 ἴσῳ
2534 1596 2775 1667 δορκάδι,
2799 1593 2894 1648 καὶ
2933 1592 2996 1645 τὸ
3037 1589 3245 1660 ἀτίμως
3286 1582 3555 1650 σώζεσθαί
3592 1597 3780 1649 φησιν,
3808 1577 3900 1630 κο).

2313 1669 2569 1745 ἀπειπεῖν
2602 1689 2682 1750 είς
2714 1686 2859 1741 ἀπαν
2903 1683 2965 1736 τὸ
2995 1681 3098 1735 κᾶν
3134 1677 3264 1747 γοῦν
3297 1674 3700 1743 ἀνταναστῆναι
3734 1669 3895 1739 μόνον

2313 1786 2432 1845 ταῖς
2475 1780 2582 1835 τῶν
2614 1778 2887 1849 πολεμίων
2927 1772 3254 1844 συμφοραῖς.
3301 1770 3424 1821 Ὅτι
3456 1767 3511 1819 δὲ
3541 1760 3901 1828 mmmam-

637 1850 883 1874 ι’·-ν-νννν
924 1850 974 1857 *ν
1002 1850 1112 1856 -τπν
1136 1850 1234 1870 r—~~
1269 1850 1282 1853 ε
1313 1850 1335 1867 τ
1358 1850 1368 1851 ί
1664 1850 1676 1858 ν

637 1895 813 1963 pauci,
856 1891 1182 1953 subiudicat,
1211 1903 1331 1943 cum
1379 1885 1530 1949 dicit,
1584 1883 1731 1937 velut
1757 1894 1912 1936 ovem
1945 1884 2216 1933 errantem

2324 1876 2402 1930 τοί
2430 1892 2490 1928 τε
2533 1874 2627 1928 καὶ⁸
2682 1873 2908 1940 ἄναρχοι
2951 1863 3192 1936 μενοῦσι,
3246 1861 3447 1930 καίπερ
3476 1860 3630 1920 ὄντες
3675 1850 3897 1924 ἀριθμῷ

641 1984 783 2049 fore,
808 1989 923 2038 sine
956 1983 1193 2052 pastoris
1229 1994 1395 2040 cura,
1438 1985 1494 2031 et
1545 1989 1577 2028 a
1617 1972 1830 2042 pascuis
1868 1967 2055 2038 procul
2119 1980 2215 2034 pa-

638 2076 856 2140 lantem,
905 2083 963 2128 ut
1002 2081 1056 2127 et
1094 2070 1204 2140 iam
1236 2086 1265 2124 a
1304 2068 1471 2138 septis
1523 2063 1802 2120 consuetis
1834 2059 2018 2131 procul
2054 2058 2215 2112 absit.

637 2166 754 2221 Non
784 2165 928 2220 enim
962 2166 1085 2229 eri-t,
1122 2161 1336 2230 inquit,
1382 2159 1472 2227 qui
1505 2164 1815 2225 congreget,
1848 2162 1911 2207 ut
1956 2152 2117 2205 homo
2150 2149 2216 2204 ad

640 2255 892 2324 pepultnn
945 2268 1100 2307 suum
1137 2258 1507 2312 convertatur,
1556 2258 1611 2302 et
1643 2245 1803 2299 homo
1830 2242 1895 2295 ad
1942 2242 2216 2311 regionem

639 2363 791 2403 suam
821 2344 1150 2414 impellatur.
1188 2342 1321 2395 lllud
1355 2348 1537 2394 autem
1564 2377 1581 2403 ,
1624 2334 1865 2405 impelli,
1925 2333 2063 2387 dixit
2120 2344 2221 2401 pro

641 2436 854 2499 abduci,
889 2433 1102 2488 etiamsi
1144 2440 1293 2499 grata
1344 2429 1415 2483 sit
1450 2442 1545 2483 sua
1594 2426 1791 2495 cuique
1820 2424 1990 2492 regio,
2026 2431 2076 2476 et
2125 2436 2221 2490 pa-

644 2533 749 2584 trio
780 2528 921 2582 victu
960 2524 1093 2580 nihil
1122 2521 1468 2592 praestantius
1497 2536 1512 2585 ;
1543 2532 1730 2571 verum
1750 2557 1766 2581 ,
1805 2515 2000 2584 inquit,
2040 2528 2219 2567 rerum

643 2617 1093 2674 charissimarum
1163 2610 1397 2681 privatio
1443 2606 1679 2677 jucunda
1748 2605 1888 2669 erit,
1932 2612 2219 2671 pr0pterea

644 2711 786 2779 quod
827 2707 1072 2777 quisquis
1122 2701 1491 2772 deprehensus
1537 2697 1732 2760 fuerit,
1769 2696 1952 2750 statim
1995 2702 2219 2762 pereat,

646 2802 845 2869 ﬁatque
866 2796 1092 2851 materia
1122 2794 1283 2865 gladii
1328 2792 1630 2847 Medorum.
1656 2788 1987 2843 Eventurum
2009 2798 2224 2859 quoque

645 2902 701 2945 et
751 2888 899 2943 aliud
951 2888 1107 2958 longe
1156 2882 1559 2946 tristissimum,
1597 2878 1909 2949 prophetica
1940 2875 2225 2930 conﬁrmat

646 2979 841 3035 oratio.
885 2976 1080 3041 Filios,
1130 2974 1340 3043 inquit,
1387 2985 1575 3026 eorum
1609 2983 1791 3023 coram
1824 2966 1955 3036 ipsis
1980 2965 2225 3028 allident,
2326 3009 2345 3027 ,
2421 3011 2437 3026 ,

648 3070 838 3124 domos
879 3066 1163 3135 diripient,
1203 3074 1257 3118 et
1283 3076 1482 3117 uxores
1533 3059 1828 3114 habebunt.
1871 3055 2009 3122 Quid
2043 3065 2222 3109 autem

650 3158 964 3230 parentibus
1007 3157 1299 3212 liberorum
1343 3153 1490 3209 cattle
1533 3150 1707 3221 possit
1740 3164 1864 3205 esse
1910 3145 2225 3202 molestius?

2324 1966 2570 2038 βραχεῖς.
2627 1959 2963 2031 ὑπεμφαίνει
3010 1956 3205 2024 λέγων,
3248 1954 3321 2015 ὡς
3358 1949 3630 2022 πρόϐατον
3683 1943 3901 1998 ἔσεσθαι

2319 2035 2698 2126 ⁸πλανώμενον,
2749 2051 2845 2104 καὶ
2892 2047 2993 2117 τῆς
3033 2044 3128 2100 τοῦ
3168 2042 3547 2113 ποιμαίνοντος
3598 2035 3903 2097 ἐπιεικείας

2318 2145 2703 2220 ἐστερημένον,
2735 2142 2830 2196 καὶ
2858 2140 2964 2206 ἔξω
2993 2154 3096 2193 που
3139 2135 3308 2206 νομῆς
3340 2133 3438 2196 ίδν,
3471 2131 3547 2194 ὡς
3576 2130 3673 2183 καὶ
3716 2126 3903 2197 σηκῶν

2321 2241 2435 2296 τῶν
2471 2234 2895 2305 κατειθισμένων
2940 2230 3155 2284 ἑλέσθαι
3185 2225 3419 2299 μακράν.
3469 2223 3545 2278 Οὐ
3577 2222 3686 2291 γὰρ
3724 2220 3901 2279 ἔσται,

2320 2335 2507 2406 φησὶν,
2540 2333 2568 2384 ὁ
2604 2329 2874 2395 συνάγων.
2912 2324 3054 2378 ὥστε
3085 2321 3369 2391 ἄνθρωπον
3417 2317 3497 2378 είς
3523 2314 3616 2367 τὸν
3656 2312 3787 2365 λαὸν
3813 2310 3905 2363 αὑ-

2319 2403 2417 2481 τοῦ
2449 2420 2889 2492 ἀποστραφῆναι,
2921 2417 3014 2470 καὶ
3044 2413 3328 2485 ἄνθρωπον
3360 2411 3442 2470 είς
3474 2406 3574 2477 τὴν
3596 2403 3781 2475 χώραν
3812 2403 3905 2454 air

2318 2516 2412 2570 τοῦ
2433 2514 2641 2579 διῶξαι.
2663 2509 2736 2563 Τὸ
2764 2509 2841 2571 δὲ,
2864 2504 3069 2571 διῶξαί,
3098 2502 3261 2573 φησὶν
3285 2499 3404 2553 ἀντὶ
3430 2495 3525 2550 τοῦ
3560 2493 3901 2563 ἐπειχθῆναι.

2321 2609 2501 2665 καίτοι
2532 2605 2684 2675 φίλον
2713 2602 2919 2657 ἆπασιν
2947 2602 2979 2670 ἠ
3004 2596 3177 2669 χώρα,
3218 2595 3312 2648 καὶ
3342 2590 3614 2661 πατρῴων
3644 2589 3908 2655 ἐνδιαιτηο

2325 2702 2510 2772 μάτων
2542 2697 2766 2768 ἄμεινον
2798 2692 2970 2747 οὐδέν.
3011 2688 3170 2742 Ἀλλὰ
3223 2686 3317 2739 καὶ
3359 2683 3467 2737 τῶν
3505 2680 3679 2743 οὕτως
3723 2679 3905 2741 αὐτοῖς

2323 2769 2656 2858 φιλαιτάτων
2688 2787 2721 2855 ἡ
2749 2782 3003 2855 στέρησις
3033 2778 3206 2849 ἡδεῖα,
3250 2776 3402 2847 φησὶ.
3431 2771 3601 2826 διάτοι
3637 2770 3700 2823 τὺ
3727 2769 3907 2822 πάντα

2323 2876 2802 2961 τὸνιάλισκόμενον
2842 2868 3183 2942 παραχρῆμά
3220 2883 3280 2919 τε
3320 2861 3623 2918 διόλλυσθαι
3699 2900 3715 2915 .
3798 2899 3814 2913 .
3888 2898 3901 2910 .

2516 3009 2531 3024 .
2609 2962 2984 3037 συμϐήσεσθαι
3020 2960 3154 3013 δέτι
3183 2957 3278 3013 καὶ
3329 2957 3515 3025 ἓτερον
3549 2951 3660 3005 τῶν
3697 2952 3783 3003 ὅτι
3814 2950 3905 3019 pa.

2323 3062 2481 3116 λιστα
2504 3059 2824 3129 πεφυκότων
2877 3055 3031 3124 ἀνιᾷν
3058 3052 3087 3105 ὁ
3130 3047 3464 3119 προφητικὸς
3514 3042 3905 3113 διισχυρίζεται

2326 3154 2501 3221 λόγος.
2531 3151 2612 3204 Τὰ
2666 3150 2776 3219 γάρ
2804 3147 2970 3201 τέκνα
3028 3138 3227 3205 αὐτῶν,
3255 3141 3441 3211 φησὶν,
3465 3136 3699 3190 ἐνώπιον
3728 3134 3905 3189 αὐτῶν

651 3252 761 3308 lino
790 3266 968 3305 nonne
994 3248 1138 3303 omni
1181 3244 1446 3315 supplicio
1470 3242 1689 3316 gravius
1718 3250 1772 3294 et
1802 3238 2222 3303 intolerabilius,

2328 3244 2570 3317 ῥάξουσι,
2596 3240 2690 3293 καὶ
2741 3237 2838 3301 τὰς
2884 3233 3059 3297 οἰκίας
3111 3230 3291 3286 αὐτῶν
3321 3225 3772 3298 προνομεύσουσι,
3813 3222 3904 3277 καὶ

650 3347 841 3401 domos
868 3340 1052 3395 videre
1080 3338 1341 3408 direptas,
1366 3345 1419 3390 et
1441 3348 1668 3389 uxorum
1698 3332 2008 3399 pudicitiam
2057 3330 2227 3382 victo-

657 3445 777 3483 rum
812 3424 1245 3495 intemperantite
1292 3420 1624 3476 obnoxiam?
1655 3419 1850 3473 Beatus
1884 3416 2226 3485 Psaltnogra-

656 3519 795 3586 phus
821 3513 1087 3581 ejusmodi
1115 3513 1370 3582 quiddam
1403 3508 1598 3564 alicubi
1638 3517 2049 3563 commemorat.
2092 3504 2225 3558 Nam

655 3608 722 3661 de
749 3604 1059 3675 Babyloniis
1083 3603 1242 3657 verba
1275 3600 1478 3655 faciens
1501 3617 1515 3654 :
1549 3617 1568 3652 ι
1592 3598 1843 3663 Beatus,»
1870 3597 2062 3666 inquit,
2093 3614 2111 3648 ι
2134 3596 2224 3665 qui

659 3697 863 3752 tenebit
913 3705 970 3751 et
1016 3694 1201 3749 allidet
1248 3690 1499 3762 parvulos
1554 3698 1677 3745 tuos
1707 3690 1773 3743 ad
1829 3689 2059 3759 lapidem
2095 3689 2163 3742 ’⁸.
2202 3706 2221 3740 υ

657 3790 920 3844 Caeterum
968 3787 1083 3842 haec
1138 3785 1358 3855 quidem
1416 3782 1673 3838 historice
1717 3780 1953 3851 Assyria:
2006 3780 2230 3849 ejusque

660 3880 883 3934 urbibus
908 3885 964 3933 et
987 3875 1292 3946 regionibus
1311 3872 1671 3941 contigerunt,
1696 3862 1820 3938 quia
1851 3881 2041 3922 omnes
2065 3867 2227 3921 etiam

660 3971 959 4027 idololatraa
1011 3977 1064 4022 et
1112 3966 1409 4021 insolentes
1460 3978 1567 4017 non
1626 3960 2002 4022 tolerabiliter,
2034 3968 2087 4013 et
2133 3956 2227 4011 Dei

660 4065 843 4119 hostes
874 4062 1070 4117 acerbe
1100 4069 1155 4114 et
1184 4057 1375 4128 magiae
1412 4056 1572 4126 periti
1608 4054 1850 4110 artiﬁces
1873 4053 2228 4109 exstiterunt.

669 4150 772 4220 Ipsi
810 4164 933 4204 vero
985 4157 1226 4203 sanctam
1290 4146 1564 4199 civitatem
1608 4143 1916 4212 depopulati
1972 4150 2139 4207 sunt,
2178 4149 2232 4195 et

665 4242 757 4295 Dei
793 4252 1015 4302 sortem,
1054 4239 1106 4293 id
1139 4237 1300 4309 224,
1331 4249 1435 4302 est,
1468 4236 1716 4291 lsraelem
1769 4243 2075 4299 vastarunt,
2133 4248 2230 4286 ca-

667 4335 936 4401 ptivorum
971 4331 1087 4384 loco
1108 4344 1167 4384 ac
1194 4342 1419 4383 numero
1435 4328 1713 4390 habentes,
1736 4340 1930 4380 novum
1960 4339 2022 4379 ac
2046 4326 2233 4379 incon-

663 4433 878 4477 suetum
920 4422 1025 4475 illis
1059 4420 1246 4489 jugum
1294 4418 1575 4472 servitutis
1628 4417 2027 4485 imposuerunt.
2081 4415 2227 4469 (.on-

666 4516 822 4570 sistet
862 4523 1040 4567 autem
1090 4514 1202 4567 haac
1232 4512 1300 4566 de
1332 4511 1436 4564 illis
1463 4509 1673 4573 oratio,
1705 4523 1812 4563 non
1844 4508 2015 4562 solum
2050 4508 2103 4562 in
2146 4509 2232 4562 his

2326 3335 2424 3399 τὰς
2471 3334 2737 3402 γυναῖκας
2789 3328 2969 3381 αὐτῶν
3020 3325 3223 3391 ἕξουσι.
3254 3321 3319 3375 Τί
3365 3320 3409 3373 δ’
3453 3318 3519 3372 ἂν
3551 3317 3766 3386 γένοιτο
3798 3318 3906 3377 τοῖς

2326 3424 2679 3496 γεγεννηκόσι
2702 3418 3127 3490 δυσαχθέστερον
3149 3415 3245 3484 τῆς
3273 3412 3380 3465 τῶν
3406 3410 3611 3464 τέκνων
3646 3407 3865 3477 σφαγῆς
3890 3426 3903 3471 ;

2327 3520 2360 3589 ἢ
2397 3517 2511 3581 πῶς
2549 3517 2647 3587 οὐχ
2679 3513 2895 3583 ἁπάσης
2928 3510 3107 3571 αἰκίας
3152 3505 3638 3577 δυσφορητότερον,
3676 3500 3739 3554 τὸ
3783 3500 3907 3552 ἰδεῖν

2331 3612 2429 3682 μὲν
2475 3609 2657 3671 οἴκους
2696 3601 3156 3676 διηρπασμένους,
3218 3597 3522 3667 σεμνότητα
3567 3593 3625 3647 δὲ
3671 3592 3907 3661 γυναίων

2327 3698 2709 3769 ἀδικουμένην,
2746 3696 2839 3750 καὶ
2861 3697 2983 3757 ταῖς
3001 3693 3109 3746 τῶν
3152 3687 3574 3761 κεκρατηκότων
3599 3684 3907 3752 ἀσελγείαις

2329 3788 2771 3861 ὑπενηνεγμένην
2792 3804 2807 3853 ;
2828 3783 3117 3855 Μέμνηται
3138 3798 3241 3833 που
3265 3778 3356 3833 καὶ
3378 3780 3407 3831 ό
3431 3776 3704 3848 μακάριος
3728 3774 3906 3843 ψαλμ-

2330 3883 2463 3955 ῳδὸς
2514 3880 2757 3935 τοιούτου
2812 3878 2977 3941 τινός.
3029 3872 3357 3944 Ποιούμενος
3389 3869 3497 3939 γὰρ
3536 3869 3666 3929 τοὺς
3721 3868 3906 3935 λόγους

2328 3974 2458 4045 περὶ
2506 3974 2607 4043 τῆς
2656 3969 3029 4025 Βαϐυλωνίων⁹
3085 3985 3104 4018 ι
3142 3965 3446 4034 Μακάριος,
3480 3980 3499 4013 ι
3552 3960 3740 4031 φησὶν,
3794 3978 3815 4009 ι
3852 3959 3904 4021 ὃς

2328 4067 2610 4137 κρατήσει,
2655 4062 2751 4115 καὶ
2799 4061 3010 4129 ὲδαφιεϊ
3036 4057 3106 4111 τὰ
3146 4055 3315 4127 νήπιά
3351 4071 3444 4107 σου
3487 4052 3624 4122 πρὸς
3670 4049 3769 4118 τὴν
3810 4048 3904 4102 πέ-

2329 4173 2481 4228 τραν.
2518 4174 2536 4205 ι
2569 4153 2730 4207 Ἀλλά
2754 4153 2912 4206 ταυτὶ
2937 4153 3035 4222 μὲν
3067 4149 3351 4221 ίστορικῶς
3381 4150 3447 4218 τῇ
3474 4146 3580 4200 τῶν
3610 4143 3903 4215 Ἀσσυρίων

2332 4245 2647 4318 συμϐέϐηκε
2693 4244 2868 4315 χώρα,
2921 4244 3016 4297 καὶ
3069 4243 3185 4304 ταῖς
3220 4242 3278 4293 ὲν
3325 4239 3460 4309 αὐτῇ
3508 4236 3695 4289 πόλεσι
3721 4252 3782 4288 τε
3822 4233 3905 4288 καὶ

2329 4336 2556 4409 χώραις,
2580 4336 2663 4389 ὅτι
2690 4335 2785 4389 καὶ
2811 4333 3013 4396 πάντες
3033 4330 3410 4400 είδωλολάτραι
3439 4330 3533 4382 καί
3564 4328 3823 4392 ἀλαζόνες
3846 4324 3901 4377 οὐ

2331 4427 2601 4501 φορητῶς,
2626 4426 2721 4479 καλ⁵
2740 4424 2996 4494 θεομάχοι
3018 4422 3224 4484 δεινῶς,
3255 4422 3347 4474 καὶ
3374 4420 3548 4490 μάγου
3567 4419 3763 4489 τέχνης
3790 4420 3901 4471 ἑπι-

2335 4519 2621 4589 στήμονες.
2644 4516 2806 4568 Αὐτοὶ
2826 4515 2884 4567 δὲ
2913 4514 3006 4566 καὶ
3021 4512 3119 4582 τὴν
3136 4512 3292 4579 ἁγίαν
3320 4509 3700 4581 πεπορθήκασι
3732 4509 3896 4569 πόλιν,

665 4620 783 4674 quae
811 4603 1070 4658 historice
1084 4610 1138 4655 et
1164 4600 1454 4668 conspicue
1482 4607 1629 4666 gesta
1658 4606 1803 4659 sunt,
1831 4596 1922 4650 sed
1948 4596 2111 4650 etiam
2137 4597 2222 4665 qui

2337 4609 2432 4662 καὶ
2462 4608 2552 4659 τὸν
2580 4605 2675 4674 toi}
2705 4605 2841 4658 Θεοῦ
2875 4604 3073 4675 κλῆρον
3108 4600 3574 4673 καταδηώσαντες.
3598 4600 3745 4653 τοῦτ’
3772 4598 3898 4660 ἔστι,

665 4694 850 4762 volunt
873 4733 890 4759 ,
939 4699 1193 4763 poterunt
1233 4690 1535 4760 intelligere
1562 4688 1934 4757 spiritualiter,
1966 4688 2011 4741 si
2048 4703 2228 4741 rerum

666 4795 937 4856 gestarum
981 4784 1088 4837 vim
1125 4783 1190 4836 ad
1228 4782 1399 4850 ipsum
1431 4780 1610 4834 omnis
1641 4778 1951 4833 vitiositatis
1984 4778 2230 4833 invento-

671 4891 807 4941 rem,
840 4874 927 4930 Dei
966 4874 1172 4928 hostem
1199 4872 1675 4935 immanissimum,
1697 4870 1957 4925 Satanam
1988 4870 2230 4936 inquam,

670 4967 965 5036 prudenter
1005 4967 1322 5028 traducant,
1354 4964 1587 5017 maxime
1633 4963 1885 5032 quoniam
1921 4960 2231 5031 prephetica

668 5056 870 5120 oratio,
896 5055 1095 5111 Christi
1118 5054 1375 5125 mysterio
1392 5055 1640 5124 prtescito
1658 5093 1675 5119 ,
1710 5064 1767 5109 et
1795 5053 2141 5123 praedictione
2169 5050 2235 5105 de

670 5164 737 5204 eo
760 5148 963 5216 Optime
983 5147 1095 5217 jam
1119 5147 1384 5213 adhibita,
1420 5146 1653 5201 vicinam
1681 5155 1869 5200 contra
1905 5142 2234 5214 Babylonem

674 5237 934 5293 visionem
968 5237 1289 5299 introduxit,
1323 5246 1529 5290 tantum
1554 5251 1658 5289 non
1690 5234 1996 5288 auditorum
2030 5242 2237 5286 mentes

671 5328 935 5391 excitans,
965 5337 1025 5383 ut
1050 5343 1168 5395 quae
1206 5328 1463 5381 historice
1491 5335 1546 5381 et
1591 5335 1776 5380 contra
1804 5323 2150 5392 Babylonem,
2182 5327 2238 5373 et

672 5428 858 5474 contra
909 5420 1213 5473 universam
1254 5429 1451 5472 terram
1488 5417 1833 5486 Assyriorum
1881 5413 2020 5467 facta
2074 5420 2233 5475 sunt,

674 5510 1026 5579 spiritualiter
1060 5509 1445 5578 intelligantur.
1485 5508 1668 5575 Itaque
1683 5508 1847 5559 draco
1873 5506 1970 5558 iste
1990 5511 2231 5571 apostata

676 5602 857 5657 multis
889 5600 1058 5656 modis
1101 5601 1190 5654 Dei
1242 5599 1536 5654 cultoribus
1577 5598 1801 5652 insidias
1847 5608 2057 5649 struere
2093 5610 2230 5647 nun-

755 5775 796 5808 ⁹⁴
821 5775 963 5829 Psal.
993 5788 1215 5836 CXXM‘I,
1250 5772 1304 5826 9.

2328 4699 2421 4752 τὸν
2450 4697 2686 4769 Ἰσραὴλ,
2729 4699 2785 4749 ὲν
2806 4699 2869 4766 τῇ
2898 4696 3007 4748 τῶν
3036 4694 3377 4765 δορυκτήτων
3409 4692 3573 4762 μοίρᾳ
3607 4688 3901 4759 πεποιημέ-

2329 4808 2432 4853 νοι,
2468 4790 2558 4842 τὸν
2598 4786 2841 4858 ἀσυνήθη
2875 4787 2975 4855 τῆς
3014 4784 3256 4847 δουλείας
3299 4783 3479 4844 αὐτοῖς
3510 4780 3789 4851 ἐπέθηκαν
3818 4780 3902 4844 ζυι

2331 4881 2447 4950 γόν.
2473 4880 2584 4934 Καὶ
2615 4883 2876 4950 στήσεται
2925 4878 3023 4949 μὲν
3051 4878 3080 4929 ό
3123 4878 3253 4946 περὶ
3288 4873 3491 4928 τούτων
3510 4872 3689 4940 λόγος,
3730 4872 3827 4925 οὐκ
3849 4872 3898 4923 ἐν

2331 4992 2397 5045 γε
2431 4977 2541 5037 τοῖς
2565 4974 2708 5027 κατά
2734 4972 2900 5042 μόνην
2927 4968 3024 5040 τὴν
3082 4966 3342 5037 ἱστορίαν,
3386 4967 3481 5018 καὶ
3504 4966 3619 5027 τοῖς
3649 4963 3897 5034 ἐμφανῶς

2332 5063 2633 5133 γεγονόσιν*
2679 5060 2855 5124 ἔξεστι
2898 5058 2955 5111 δὲ
2998 5056 3195 5126 μᾶλλον
3236 5057 3348 5117 τοῖς
3380 5052 3622 5106 ἐθέλουσι
3644 5055 3787 5105 νοεῖν
3818 5050 3901 5104 καὶ

2331 5152 2733 5224 πνευματικῶς.
2766 5152 2814 5202 εί
2839 5149 2903 5219 δὴ
2961 5147 3338 5217 μετατάττοιεν
3379 5143 3595 5213 εὐφυῶς
3622 5143 3731 5195 τῶν
3754 5158 3901 5209 γεγο-

2331 5246 2499 5299 νότων
2546 5241 2642 5313 τὴν
2696 5242 2944 5309 δύναμιν,
2990 5238 3080 5290 ἐπί
3134 5254 3192 5289 τε
3241 5236 3403 5288 αὑτὸν
3445 5234 3534 5287 τὸν
3562 5234 3785 5301 ἀπάσης
3814 5231 3900 5298 τῆς

2335 5336 2668 5404 φαυλότητος
2693 5332 2942 5402 εὑρέτην,
2971 5329 3063 5381 τὸν
3094 5327 3357 5397 θεοστυγῆ
3390 5344 3449 5379 τε
3484 5327 3576 5378 καὶ
3606 5326 3897 5393 ἀπηνέσταο

2341 5445 2451 5491 τον,
2486 5420 2628 5495 φημὶ
2673 5424 2737 5493 δὴ
2774 5418 2869 5475 τὸν
2908 5421 3168 5479 Σατανᾶν,
3215 5417 3427 5489 μάλισθ’
3455 5418 3535 5468 ὅτι
3567 5417 3666 5485 τῆς
3698 5428 3896 5484 προφη-

2341 5519 2487 5580 τείας
2514 5520 2543 5569 ό
2593 5516 2749 5582 λόγος
2781 5513 2842 5565 τὸ
2898 5509 3132 5580 Χριστοῦ
3165 5509 3458 5579 μυστήριον
3501 5503 3896 5576 προσενεγκὼν,

2342 5612 2433 5665 καὶ
2460 5611 2557 5663 τὴν
2582 5609 2664 5660 ἐπ’
2689 5605 2835 5675 αὐτῷ
2861 5605 3288 5674 προσαγόρευσιν
3338 5597 3394 5653 εὖ
3428 5600 3569 5672 μάλα
3622 5595 3898 5663 πεποιημέ-
