4134 6488
700 445 806 500 ’565

1704 441 1762 494 S.
1804 438 2078 495 CYRILLI
2119 435 2589 492 ALEXANDRINI
2625 433 2940 489 ARCIIIEP.

3868 435 3970 488 565i

703 569 864 612 erunt
894 558 1027 610 velut
1075 565 1398 625 Opportune,
1432 557 1686 612 omnibus
1725 558 1968 613 maximo
2000 557 2178 612 studio
2208 558 2275 608 ab

2393 553 2622 625 ιηκότες,
2648 554 2905 624 ἀμείνους
2934 552 3005 613 et!
3037 552 3236 623 μᾶλλον
3257 553 3332 616 ὡς
3357 555 3414 605 ὲν
3445 549 3626 621 καιρῷ
3665 553 3969 618 γεγονότες,

705 653 812 706 illis
841 661 893 704 et
917 649 1290 703 elaboratione
1325 649 1654 716 comparatis
1676 686 1694 712 ,
1732 661 1792 702 ιιι
1835 665 1995 703 arcus
2020 649 2281 718 iuvenum

705 751 1008 798 conterent.
1058 739 1116 795 Si
1164 741 1284 809 quis
1315 741 1459 795 enim
1511 740 1874 795 Barbarornm
1907 739 2284 794 infestationes

703 846 756 889 et
800 834 1172 902 expeditiones
1239 843 1428 889 contra
1488 833 1735 902 regiones
1789 843 1842 886 et
1895 833 2061 888 urbes
2115 832 2286 886 factas

707 927 1047 989 consideret,
1107 940 1211 979 non
1266 924 1426 978 aliam
1488 927 1555 978 ob
1595 939 1814 978 causam
1859 923 1972 976 fieri
2013 926 2280 993 reperiet,

708 1033 868 1086 quam
908 1026 964 1070 ιιι
992 1017 1222 1084 spolieut
1251 1027 1306 1069 et
1342 1017 1574 1083 rapiant,
1607 1027 1659 1071 et
1683 1031 1814 1085 opes
1840 1016 2081 1084 nudique
2114 1017 2283 1069 obve-

711 1109 924 1162 nienIes
991 1117 1336 1162 coacervent.
1395 1107 1696 1169 Caeterum,
1749 1108 1956 1175 inquit,
2005 1107 2140 1160 Medi
2181 1125 2282 1160 non

708 1202 990 1270 capientur
1037 1210 1269 1268 quaestu,
1301 1209 1354 1252 et
1385 1199 1588 1252 lucrum
1621 1199 1943 1266 despiciant,
1973 1211 2030 1250 ιιι
2055 1197 2284 1269 Babylo-

712 1293 892 1345 nicum
922 1291 1269 1358 supercilium
1303 1289 1626 1356 deprimant.
1654 1288 1788 1343 Nam
1824 1289 2112 1357 sagittandi
2147 1290 2280 1342 (lex-

709 1383 926 1436 teritate
952 1381 1240 1448 plurimum
1277 1381 1602 1446 gloriantur,
1637 1389 1686 1432 et
1722 1379 1854 1432 artis
1885 1375 2002 1444 ejus
2032 1379 2283 1449 peritiam

712 1474 930 1527 inanimi
981 1472 1203 1526 faciunt.
1260 1472 1548 1525 luferiores
1589 1480 1770 1524 tamen
1823 1480 1982 1524 erunt
2019 1470 2282 1524 hostibus.

709 1565 900 1631 Asperi
958 1573 1137 1616 autem
1173 1573 1226 1614 et
1281 1562 1512 1615 immites
1545 1562 1680 1617 adeo
1728 1571 1888 1616 erunt
1936 1563 2195 1624 victores,
2230 1571 2288 1615 ut

713 1655 1029 1710 miseranda:
1061 1654 1223 1707 etiam
1283 1652 1458 1706 mtatis
1509 1652 1653 1705 nulla
1701 1653 1818 1720 capi
1875 1652 2041 1706 velint
2079 1652 2285 1705 miseri.

710 1746 916 1805 cordia,
957 1758 1130 1810 neque
1163 1741 1514 1811 pereuntibus
1541 1741 1925 1795 miserabiliter
1968 1740 2283 1804 infantibus,

711 1837 872 1889 nllatu
913 1834 1265 1888 lmmauitatis
1311 1833 1604 1902 laerymam
1638 1831 1988 1902 profundere.
2025 1832 2131 1886 Sed
2185 1832 2288 1884 Ba-

711 1929 893 2001 bylon,
923 1943 1042 1997 qua:
1070 1925 1271 1996 Inclyta
1300 1937 1524 1978 vocatur
1560 1941 1586 1976 a
1626 1939 1749 1994 rege
1784 1925 2182 1986 Chaldaeorum,
2219 1926 2285 1978 ad
2319 1902 2358 1955 Β

711 2039 828 2075 eam
873 2022 1142 2089 redigetur
1195 2020 1539 2079 Vastitatem,
1590 2018 1799 2087 inquit,
1841 2026 1957 2072 uta
1987 2018 2287 2072 combustis

713 2112 962 2170 Sodomis
1002 2121 1056 2165 et
1101 2111 1421 2166 Gomorrhis
1451 2110 1599 2163 nullo
1633 2110 1790 2165 modo
1828 2110 2039 2164 differat
2069 2129 2081 2164 :
2114 2125 2289 2180 neque

713 2207 1014 2260 incolatur:
1057 2219 1218 2272 quam
1293 2201 1500 2270 fugient
1558 2202 1780 2271 perinde
1844 2202 2092 2267 finitimi,
2129 2213 2290 2272 atque

712 2297 878 2367 226
911 2296 998 2364 qui
1036 2311 1066 2347 e
1096 2293 1382 2363 longinqua
1436 2302 1595 2360 gente
1648 2309 1766 2347 eam
1802 2303 2110 2361 peragrant,
2142 2300 2290 2345 utne

714 2391 919 2442 Arabes
964 2387 1179 2454 quidem
1241 2394 1488 2450 pastores
1537 2384 1587 2436 in
1622 2398 1686 2436 ea
1734 2397 1927 2452 pecora
1989 2397 2084 2435 sua
2126 2381 2290 2434 velint

715 2493 955 2546 pascere,
989 2478 1129 2548 quod
1155 2477 1377 2530 omnino
1401 2475 1634 2529 desolata
1668 2476 1738 2529 sit
1765 2485 1819 2528 et
1847 2476 2081 2529 deserta.
2106 2475 2291 2528 Scien-

715 2576 838 2624 dum
877 2580 1079 2631 autem,
1115 2585 1237 2623 eum
1277 2580 1465 2636 gentes
1521 2567 1948 2630 Saracenorum,
1992 2575 2047 2618 et
2075 2581 2195 2634 qua!
2223 2567 2287 2616 ad

717 2665 885 2730 ipsam
944 2672 1140 2716 terram
1200 2659 1542 2730 Assyriorum
1577 2658 1918 2728 pertingant,
1949 2664 2003 2710 et
2045 2658 2287 2710 intimam

714 2771 957 2809 eremum
987 2752 1249 2814 incolunt,
1285 2752 1570 2804 nominare
1601 2749 1828 2802 Arabas.
1867 2749 2107 2803 Vicinam
2141 2765 2290 2801 nam-

715 2863 819 2916 que
854 2846 1054 2900 habent
1097 2855 1296 2898 terram
1330 2841 1587 2896 Arabum.
1624 2839 1689 2894 Et
1725 2838 2001 2910 probabile
2043 2849 2126 2893 est
2171 2839 2291 2892 illos

714 2954 780 2992 ex
843 2937 1037 2991 Arabia
1092 2935 1392 2990 Saracenos
1440 2933 1745 3003 promiscue
1807 2932 2156 3001 Assyriorum
2191 2932 2286 2986 de-

713 3036 861 3081 serta
896 3024 1269 3079 obambulare.

796 3293 951 3346 Vens.
986 3294 1078 3354 ει,
1111 3291 1203 3344 2:2.
1259 3289 1321 3342 Et
1350 3289 1666 3359 requiescant
1699 3285 1770 3340 ibi
1793 3287 1990 3350 bestia,
2034 3297 2080 3340 et
2111 3286 2294 3354 impla-

719 3389 912 3439 buntnr
957 3386 1141 3436 domus
1199 3383 1408 3444 sonitu;
1453 3381 1524 3434 ibi
1569 3379 1889 3449 requiescant
1941 3381 2174 3438 sirenas,
2222 3378 2296 3432 ibi

716 3476 983 3530 saltabant
1031 3474 1324 3534 daemonia,
1379 3482 1424 3524 at
1469 3471 1808 3525 onocentauri
1853 3469 1926 3522 ibi
1965 3469 2293 3534 habitabant,

721 3567 870 3619 nidos
909 3573 1206 3617 construant
1261 3565 1316 3616 in
1363 3563 1603 3616 domibus
1669 3576 1853 3617 eorum
1892 3561 2144 3614 arinacai.
2177 3560 2294 3614 Cito

719 3657 878 3718 venit,
902 3665 946 3707 at
973 3670 1075 3707 non
1109 3654 1358 3706 tardabit.

791 3830 940 3884 Ferte
987 3829 1038 3882 iu
1081 3829 1210 3884 locis
1251 3828 1482 3883 desertis
1509 3828 1703 3899 degere
1747 3837 1969 3891 amant,
2014 3837 2069 3882 et
2121 3841 2294 3881 vacua

718 3924 849 3978 urbs
895 3920 1200 3990 complures
1242 3920 1310 3974 iis
1356 3920 1643 3989 speluncas
1687 3934 1747 3974 se
1792 3927 2175 3988 contegentes,
2228 3933 2295 3973 ac

720 4014 881 4068 rudes
909 4021 964 4068 et
997 4012 1141 4066 velut
1176 4012 1403 4066 fortuitu
1435 4027 1500 4066 ac
1520 4021 1728 4066 temere
1764 4011 2011 4066 inventas
2038 4013 2296 4081 suppedi-

722 4116 824 4160 tat.
861 4105 914 4158 ln
955 4104 1186 4158 desertis
1205 4113 1381 4157 autem
1412 4113 1466 4157 et
1489 4104 1688 4172 quietis
1723 4103 1854 4158 locis
1889 4103 2064 4158 tenuis
2079 4103 2293 4172 quidam

719 4197 929 4251 sonitus
985 4210 1096 4264 pra:
1160 4210 1352 4264 magno
1411 4195 1646 4259 silentio,
1670 4196 1810 4249 haud
1853 4195 1968 4250 scio
2001 4197 2292 4265 quemodo,

718 4288 982 4360 exoritur,
1013 4297 1066 4342 et
1099 4287 1152 4340 in
1177 4301 1335 4339 aures
1361 4301 1546 4342 eorum
1573 4287 1716 4341 subit
1743 4288 1832 4356 qui
1870 4301 2112 4342 eremum
2142 4288 2294 4343 inco-

721 4379 854 4432 lunt.
889 4379 1107 4448 Itaque,
1155 4378 1363 4445 inquit,
1397 4378 1582 4432 bestia:
1613 4379 1984 4446 requiescent,
2017 4388 2074 4434 et
2115 4379 2294 4433 sonitu

719 4471 912 4526 doums
945 4469 1116 4539 plena:
1137 4474 1320 4535 erunt,
1352 4469 1402 4521 id
1427 4481 1543 4534 est,
1580 4470 1783 4522 nullum
1813 4470 2036 4526 omnino
2061 4469 2291 4525 incolam

2386 647 2608 699 καὶτῶν
2629 647 2712 698 ότι
2750 645 2983 716 μάλιστα
3010 643 3100 697 διὰ
3135 644 3373 714 σπουδῆς
3402 644 3589 706 αὐτοῖς
3617 644 3970 712 τεθειμένων,

2388 739 2476 791 ἵνα
2501 735 2810 806 τοξεύματα
2842 733 3140 789 νεανίσκων
3169 733 3570 804 συντρίψουσιν.
3609 733 3672 786 Εἰ
3715 731 3817 802 μὲν
3867 733 3971 804 γάρ

2385 843 2468 891 τις
2499 828 2773 896 λογίσαιτο
2802 826 2900 888 τὰς
2932 826 3040 878 τῶν
3063 826 3362 897 Βαρϐάρων
3417 824 3663 892 ἐφόδους,
3699 825 3865 892 αἴπερ
3907 824 3972 875 ἆν

2385 919 2626 985 γένοιντο
2678 917 2818 970 κατὰ
2867 915 3058 986 χωρῶν
3107 917 3140 984 ἢ
3177 916 3404 976 πόλεων.
3454 916 3552 984 οὐχ
3609 916 3802 986 ἑτέρου
3830 915 3971 979 τινὸς

2385 1012 2547 1064 ἕνεκα
2577 1010 2860 1082 δρωμένας
2915 1010 3160 1080 εὑρήσει,
3195 1007 3333 1078 πλὴν
3377 1010 3460 1061 ὅτι
3499 1008 3661 1078 μόνου
3693 1007 3789 1060 τοῦ
3833 1007 3974 1077 διαρ-

2387 1103 2557 1156 πάσαι
2597 1104 2778 1174 χάριν,
2827 1101 3074 1172 ἄθροισιν
3112 1101 3168 1153 δὲ
3209 1103 3504 1170 χρημάτων
3559 1097 3836 1151 ποιεῖσθαι
3879 1099 3973 1167 τὴν

2386 1195 2904 1266 παρεμπίπτουσαν.
2953 1193 3092 1245 Ἀλλ’
3127 1192 3365 1254 ἔσονται,
3398 1191 3551 1260 φησι,
3606 1190 3703 1244 καὶ
3754 1189 3974 1260 λημμά-

2385 1302 2494 1338 των
2539 1284 2795 1353 ἀμείνους
2846 1283 2895 1335 ol
2952 1282 3146 1352 Μῆδοι,
3177 1283 3272 1336 καὶ
3317 1281 3524 1350 κερδῶν
3570 1281 3972 1350 ἀφειδήσουσιν,

2387 1376 2475 1430 ἵνα
2497 1374 2594 1445 τὴν
2621 1373 2730 1425 τῶν
2758 1372 3112 1426 Βαϐυλωνίων
3141 1375 3315 1442 όφρῠν
3346 1373 3772 1425 κατασπάσωσι.
3813 1365 3970 1437 Μέγᾶ

2391 1465 2489 1534 μὲν
2514 1465 2623 1536 γὰρ
2652 1464 2739 1518 ἀεί
2781 1482 2896 1528 πως
2934 1465 3116 1527 αὐτοῖς
3146 1465 3238 1516 ἐπὶ
3267 1466 3388 1526 ταῖς
3422 1446 3654 1529 τᾌξείαις
3717 1462 3972 1533 φύσημα,

2388 1558 2482 1609 καὶ
2520 1556 2581 1608 τὸ
2613 1555 2837 1625 εὐτυχὲς
2883 1557 2941 1608 ὲν
2985 1555 3197 1618 τούτοις
3247 1554 3527 1606 ποιοῦνται
3578 1555 3708 1624 περὶ
3755 1552 3972 1605 πολλοῦ.

2401 1647 2538 1700 Ἀλλ’
2568 1647 2762 1717 ἥττους
2787 1645 3000 1700 ἔσονται
3043 1645 3153 1698 τῶν
3200 1645 3292 1715 ὲχθ
3305 1645 3431 1716 ρῶν.
3467 1644 3702 1714 Σκληροὶ
3739 1643 3800 1696 δὲ
3839 1643 3976 1695 οὕτω

2388 1739 2482 1792 καὶ
2505 1736 3011 1806 ἀφιλοικτείρμονες
3057 1737 3107 1787 οἱ
3146 1733 3510 1818 νενικῃκότες,
3555 1733 3631 1794 ὼς
3692 1731 3832 1802 μηδὲ
3883 1731 3976 1799 τῆς

2389 1831 2626 1900 ἐλεεινῆς
2684 1831 2896 1900 ἡλικίας
2943 1827 3108 1896 φειδῶ
3170 1805 3440 1879 ποιεῖσθαί
3479 1841 3619 1888 τινα,
3669 1824 3814 1894 μήτε
3881 1821 3977 1891 μὴν

2387 1921 2620 1994 οἰκτρῶς
2679 1920 3068 1989 ἀπολλυμένων
3122 1917 3351 1986 νηπίων,
3415 1915 3476 1969 τὸ
3528 1916 3586 1982 ἐξ
3641 1914 3977 1985 ἡμερότητος

2389 2013 2676 2078 ὲπιστάξαι
2720 2012 2974 2082 δάκρυον.
3039 2007 3295 2062 Βαϐυλὼν
3334 2007 3416 2073 δὲ,
3468 2007 3504 2076 ἢ
3551 2004 3806 2059 καλεῖται
3860 2005 3977 2056 Ἐν-

2387 2107 2535 2172 δοξος
2583 2106 2688 2160 ὑπὸ
2741 2104 3001 2174 βασιλέως
3046 2100 3351 2165 Χαλδαίων,
3392 2098 3529 2169 πρὸς
3574 2095 3756 2159 τοῦτο,
3794 2094 3973 2164 φησὶν,

2391 2198 2626 2270 ἐρημίας
2681 2197 3086 2266 κατοιχήσεται,
3119 2194 3196 2255 ὡς
3245 2193 3363 2245 κατ’
3413 2191 3607 2243 οὐδένα
3657 2188 3866 2258 τρόπον
3913 2187 3977 2240 δι·

2389 2293 2631 2358 ενεγκεῖν
2670 2288 2778 2341 τῶν
2821 2285 3304 2357 ἐμπεπρησμένων
3350 2281 3600 2351 Σοδόμων
3637 2298 3695 2333 τε
3738 2281 3840 2332 καὶ
3889 2279 3976 2332 Γο-

2394 2384 2596 2454 μόρῤας
2616 2399 2630 2414 ο
2656 2382 2806 2434 ἔσται
2830 2380 2886 2433 δὲ
2915 2380 3007 2432 καὶ
3038 2379 3291 2447 ἀοίκητος
3313 2393 3326 2406 ⁸
3366 2375 3578 2444 φευκτὴ
3604 2374 3662 2427 δὲ
3693 2372 3873 2436 οὕτως
3892 2373 3978 2424 καὶ

2389 2479 2501 2539 τοῖς
2551 2475 2790 2546 ὁμόροις,
2833 2472 2910 2533 ὡς
2937 2473 3125 2536 ἔθνους
3169 2468 3382 2541 μακροῦ
3423 2465 3846 2539 περινοστοῦσιν
3887 2466 3978 2517 αὐ-

2389 2569 2511 2636 τὴν,
2552 2567 2630 2629 ὡς
2665 2565 2798 2636 μηδὲ
2830 2564 3094 2634 ποιμένας
3122 2565 3248 2626 τοὺς
3291 2561 3351 2626 ἐξ
3395 2559 3644 2632 ’Ᾱράϐων
3665 2559 3978 2628 κατανεμῆο

2393 2660 2481 2714 σαί
2515 2678 2568 2712 τι
2616 2658 2724 2711 τῶν
2779 2658 2925 2712 ἰδίων
2978 2657 3308 2726 θρεμμάτων
3361 2655 3419 2706 ὲν
3479 2651 3652 2723 αὐτῇ·
3711 2649 3887 2702 aiam
3922 2647 3978 2700 τὸ

2390 2749 2717 2821 ἠρημῶσθαι
2748 2747 3050 2809 παντελῶς.
3111 2745 3306 2799 Ίστέον
3328 2744 3384 2796 δὲ
3417 2745 3500 2796 ὅτι
3534 2743 3607 2796 τὰ
3645 2739 3978 2811 Σαρακηνῶν

2389 2841 2537 2912 ἔθνη,
2575 2841 2670 2896 καὶ
2732 2840 2922 2911 μέχρις
2969 2839 3138 2908 αὐτῆς
3184 2837 3439 2907 διήκοντα
3488 2833 3598 2887 τῶν
3653 2832 3973 2904 Ἀσσυρίων,

2391 2937 2485 2987 καὶ
2524 2935 2623 3005 τὴν
2654 2935 2912 2988 ἐσωτάτω
2939 2931 3272 3001 νεμομένους
3307 2929 3533 3000 ἔρημον,
3576 2927 3830 2998 Ἀραὸας
3866 2925 3978 2976 ὀνο-

2393 3023 2574 3094 μάζει.
2613 3024 2831 3076 Γείτονα
2864 3023 2974 3092 γὰρ
3013 3023 3196 3090 ἔχουσι
3247 3019 3347 3090 τὴν
3409 3016 3675 3089 Ἀράϐων.
3730 3014 3891 3077 Εἰκὸς
3926 3015 3978 3066 ἃ

2389 3115 2452 3185 δὴ
2479 3116 2572 3168 καὶ
2601 3115 2798 3176 αὐτοὺς
2847 3097 2972 3175 τοῦς
2998 3111 3058 3175 ἐξ
3099 3109 3360 3181 Ἀραϐίας
3390 3107 3748 3178 Σαρακηνούς
3781 3107 3978 3177 ἀναμὶξ

2319 3242 2364 3300 c
2393 3209 2492 3271 τὰς
2533 3207 2830 3277 Ἀσσυρίων
2871 3208 3115 3279 ἐρήμους
3137 3206 3486 3276 περιφοιτᾷν.

2466 3295 2575 3350 Kal
2619 3294 3070 3349 ἀναπαύσονται
3093 3294 3219 3347 ἐκεῖ
3250 3294 3447 3363 θηρία,
3493 3291 3592 3347 καὶ
3629 3290 3979 3362 ἐμπλησθή-

2396 3398 2608 3438 σονται
2661 3387 2719 3438 al
2771 3384 2950 3437 οἰκίαι
3007 3383 3182 3452 ἤχου.
3217 3384 3326 3436 Kal
3358 3383 3820 3439 ἀνα-παύσονται
3863 3380 3981 3434 ἐκεῖ

2397 3475 2693 3544 σειρῆνες,
2713 3474 2810 3528 καὶ
2841 3473 3116 3544 δαιμόνια
3135 3473 3264 3527 ἐκεῖ
3289 3473 3678 3543 ὀρχυήσονται.
3711 3472 3825 3526 Kal
3854 3472 3979 3524 dro-

2397 3564 2709 3635 κένταυροι
2751 3563 2878 3620 ἐκεῖ
2918 3563 3411 3631 κατοικήσουσιν,
3471 3563 3570 3617 καί
3604 3560 3978 3629 νοσσοκοιήά

2398 3673 2619 3712 σουσιν
2644 3657 2832 3726 ἐχῖνοι
2859 3659 2930 3713 ἐν
2946 3658 3069 3722 τοῖς
3091 3657 3279 3719 οἴκοις
3296 3655 3512 3709 αὐτῶν.
3537 3653 3702 3722 Ταχὺ
3721 3654 3975 3723 ἔρχεται,

2397 3747 2498 3800 καὶ
2527 3751 2599 3800 οὐ
2631 3747 2876 3816 χρονιεῖ.

2466 3833 2620 3887 Φίλον
2668 3851 2786 3898 πως
2825 3836 2912 3888 ἀεὶ
2944 3839 3054 3897 τοῖς
3083 3833 3380 3905 ἀνημέροις
3431 3832 3540 3887 τῶν
3597 3832 3756 3898 ζώων
3785 3833 3977 3886 ἐνδιαί-

2397 3942 2544 3996 τημα
2590 3925 2858 3979 ποιεῖσθαι
2908 3926 2976 3978 τὰ
3027 3925 3134 3976 τῶν
3184 3925 3398 3994 χωρίων
3467 3923 3838 3995 ἠρημωμένα,
3891 3925 3977 3978 καὶ

2397 4017 2548 4079 πόλις
2595 4017 2923 4087 ἐρειπομένη
2959 4016 3214 4078 πλείστας
3236 4033 3296 4068 τε
3326 4017 3455 4079 ὅσας
3495 4017 3702 4080 αὐτοῖς,
3750 4018 3849 4070 καὶ
3879 4015 3975 4086 μὴν

2398 4110 2489 4160 καὶ
2521 4109 2697 4179 εὐρεῖς
2754 4109 2853 4170 τὰς
2887 4107 3208 4171 καταδύσεις
3237 4109 3492 4161 ἀποτελεῖ
3539 4109 3882 4180 αὐτορόφους
3921 4125 3975 4160 τε

2397 4202 2490 4252 καὶ
2523 4199 2969 4270 ἐσχεδιασμένας,
3007 4199 3100 4252 καὶ
3130 4199 3206 4262 ὡς
3237 4198 3346 4252 ἀπό
3373 4215 3436 4266 γε
3454 4198 3549 4253 τοῦ
3577 4200 3976 4270 συμϐεόηκότος

2396 4289 2719 4358 αὐτομάτως
2769 4285 3170 4357 ὲξηυρημέναςο
3229 4289 3287 4340 ὲν
3332 4290 3560 4358 ἐρήμοις
3603 4304 3662 4340 τε
3717 4289 3813 4342 καὶ
3871 4291 3974 4351 τοῖς

2398 4381 2642 4434 σιωπῶσι
2674 4380 2781 4433 τῶν
2812 4379 3012 4443 τόπων,
3061 4378 3180 4450 ὴχώ
3225 4397 3307 4444 τις
3362 4381 3537 4451 ἰσχνὴ,
3584 4384 3679 4434 καὶ
3719 4377 3834 4436 οἷον
3872 4381 3973 4436 ἀπὸ

2399 4473 2553 4544 σιγῆς
2574 4475 2672 4544 τῆς
2687 4473 2847 4541 ἄγαν,
2865 4472 2964 4525 οὐκ
2988 4467 3084 4524 οἷδ’
3100 4473 3270 4535 ὅπως,
3293 4472 3500 4542 ἀνίσχει
3531 4489 3588 4524 τε
3620 4473 3715 4525 καὶ
3739 4476 3859 4537 ταῖς
3874 4473 3974 4524 τῶν

718 4559 1021 4623 habentes,
1084 4575 1275 4614 sonum
1344 4559 1508 4613 edent.
1564 4560 1794 4616 desertis
1854 4562 2288 4617 convenientem.

2396 4564 2746 4635 ἠρεμούντων
2787 4565 2980 4628 ἀκοαῖς
3023 4564 3374 4633 εἰσκρίνεται.
3412 4564 3623 4616 Οὐκοῦν
3665 4565 3837 4636 θηρία
3884 4565 3974 4634 μὲν

720 4649 1050 4713 Saltabttttl,
1093 4649 1289 4717 inquit,
1341 4649 1449 4705 illic
1489 4660 1544 4704 et
1590 4651 1873 4704 tlmitionia.
1923 4650 2119 4707 Dicunt
2143 4653 2287 4708 enim

720 4740 825 4793 illis
858 4754 1071 4808 quoque
1103 4740 1377 4808 proprium
1406 4755 1526 4794 esse
1553 4741 1603 4794 in
1629 4739 1863 4797 desertis
1891 4742 2026 4797 locis
2060 4743 2292 4799 libenter

720 4829 1068 4892 commorari,
1101 4839 1153 4882 et
1199 4829 1352 4898 quasi
1405 4831 1765 4885 diversorium
1816 4831 2058 4901 quietum
2097 4834 2300 4889 consti-

723 4933 891 4977 tuere.
933 4921 1153 4976 Sirenes
1190 4932 1369 4976 autem
1397 4921 1528 4977 dicit
1558 4925 1803 4980 volucres
1833 4926 2075 4981 suaviter
2099 4941 2296 4982 canen-

723 5027 824 5080 tes,
859 5014 962 5078 vel,
992 5012 1286 5066 secundum
1347 5012 1696 5069 l-lehrzeorum
1747 5017 2162 5086 expositionem,
2195 5035 2292 5074 no-

720 5117 922 5176 ctuam.
963 5105 1218 5173 Agre-nes
1267 5106 1450 5160 asinos
1493 5117 1892 5164 ouocentauros
1945 5111 2208 5174 nominat,
2239 5121 2294 5165 et

719 5197 961 5258 echinos,
1000 5195 1050 5246 id
1079 5201 1180 5259 est,
1215 5195 1517 5258 eriuaceos,
1540 5211 1719 5268 mures
1741 5200 1915 5253 acutis
1942 5199 2114 5268 spinis
2148 5201 2296 5256 velut

722 5287 892 5341 hirtos
941 5297 995 5340 et
1027 5287 1333 5341 horrentes.
1386 5287 1510 5342 llznc
1570 5291 1751 5346 omnia
1793 5293 1986 5347 merito
2028 5295 2290 5357 vastatis,

721 5380 801 5434 vel
838 5379 1084 5443 urbibus,
1134 5379 1215 5434 vel
1265 5379 1515 5434 domibus
1559 5382 1850 5437 convenire
1901 5392 2140 5451 possent.
2198 5384 2292 5439 llis

718 5482 895 5527 autem
952 5473 1133 5525 subdit
1172 5491 1185 5527 :
1232 5472 1351 5526 Cito
1405 5472 1580 5535 venit,
1613 5481 1668 5526 et
1698 5487 1802 5526 non
1859 5474 2090 5530 tardabit
2135 5493 2148 5528 :
2201 5485 2294 5528 aut

718 5562 956 5633 Assyriis
989 5565 1251 5616 acriorem
1278 5579 1461 5616 curaui
1493 5567 1760 5626 excitans,
1795 5575 1886 5619 aut
1937 5565 2021 5620 his
2048 5569 2137 5636 qui
2166 5575 2294 5621 sunt

720 5672 785 5710 ex
814 5659 1018 5726 sentiae
1045 5655 1223 5724 Jst‘acl
1258 5655 1681 5710 consolationem
1732 5659 1871 5712 haud
1897 5661 2141 5729 exiguam
2194 5675 2287 5713 ea-

721 5749 841 5802 dem
869 5763 1029 5816 opera
1066 5748 1318 5801 efferens.
1352 5748 1484 5801 Cum
1524 5750 1666 5801 enim
1713 5751 1766 5802 in
1804 5752 2116 5817 captiiitate
2164 5766 2280 5803 ver-

719 5848 994 5904 sarentur,
1030 5850 1083 5892 et
1119 5838 1258 5910 Cyro
1286 5853 1407 5895 cum
1452 5837 1632 5895 Persis
1665 5851 1717 5895 et
1767 5840 1930 5899 Medis
1963 5839 2288 5911 Babylonio-

2393 4656 2782 4720 ἀναπαύσεται,
2820 4657 3004 4727 φησιν,
3039 4657 3171 4725 ἠχου
3197 4656 3251 4708 δὲ
3274 4657 3329 4708 αἱ
3359 4656 3525 4710 οἰκίαι
3554 4655 3970 4728 πλησθήσονται·

2392 4749 2536 4804 τοῦτ’
2563 4750 2729 4814 ἐστιν,
2761 4750 2952 4804 οὐδένα
2988 4751 3264 4813 παντελῶς
3305 4751 3394 4803 τὸν
3440 4750 3701 4804 οἰκοῦντα
3738 4750 3970 4822 ἔχουσαι,

2400 4845 2500 4912 τὴν
2529 4847 2648 4906 ταῖς
2699 4843 2957 4914 ἐρημίαις
3000 4844 3316 4913 πρέπουσαν
3359 4842 3475 4913 ἠχῶ
3517 4845 3969 4914 κατακτήσονται.

2407 4935 2754 5004 Ὀρχήσονται
2787 4933 2862 4996 δὲ,
2908 4935 3092 5001 φησιν,
3121 4934 3237 4985 ἐκεῖ
3277 4935 3372 4984 καὶ
3402 4932 3673 5000 δαιμόνια.
3708 4931 3849 4984 Φασὶ
3874 4930 3973 5000 γάρ

2399 5041 2516 5088 πως
2569 5026 2666 5077 καὶ
2695 5025 2837 5078 αὐτὰ
2862 5026 2976 5087 τοῖς
3015 5023 3283 5094 ἠρεμοῦσι
3314 5024 3421 5076 τῶν
3453 5024 3635 5076 τόπων
3658 5021 3792 5076 [διον
3819 5025 3971 5092 Epyt-

2400 5118 2680 5186 λοχωρεῖν,
2735 5118 2831 5168 καὶ
2881 5111 2993 5169 οἷον
3037 5115 3339 5185 ὲναύλισμα
3382 5114 3653 5168 ποιεῖσθαι
3712 5116 3970 5186 σχολαῖον.

2396 5206 2662 5276 Σειρῆνας
2680 5205 2759 5270 δὲ,
2799 5203 2973 5276 οἶμαι,
3011 5207 3144 5277 φησὶ
3167 5209 3236 5260 τὰ
3259 5207 3542 5276 εὐστομεῖν
3570 5206 3755 5260 εἰδότα
3783 5210 3969 5277 πτηνὰ,

2397 5296 2454 5366 ἢ,
2485 5295 2627 5348 κατά
2645 5311 2708 5363 γε
2735 5296 2833 5366 τὴν
2878 5296 3144 5365 Ἑϐραίων
3179 5295 3412 5364 ἔκδοσιν,
3447 5298 3546 5367 τὴν
3573 5296 3811 5365 γλαῦκα.
3846 5297 3971 5358 Τοὺς

2395 5387 2451 5441 δέ
2489 5404 2552 5453 γε
2590 5388 2697 5440 τῶν
2732 5389 2868 5440 ὄνων
2909 5389 3137 5459 ἀγρίους
3188 5389 3610 5462 όνοκενταύρους
3663 5391 3967 5462 ὠνόμασεν·

2398 5479 2493 5532 καὶ
2528 5478 2634 5549 μὴν
2679 5481 2772 5531 καὶ
2818 5479 3030 5548 ἐχίνους
3089 5482 3216 5544 τούς
3262 5481 3526 5545 ἀκάνθαις
3574 5483 3779 5548 ὀξείαις
3825 5481 3971 5535 οἱονεὶ

2401 5571 2720 5640 φρίττοντας
2742 5573 2853 5623 τῶν
2879 5571 3052 5641 μυῶν.
3087 5573 3258 5626 Ταυτὶ
3281 5574 3335 5627 δὲ
3367 5577 3660 5644 σύμπαντα
3686 5574 3884 5644 πρέποι
3908 5570 3972 5623 ἂν

2399 5661 2622 5723 εἰκότως
2646 5665 2764 5724 ταῖς
2797 5663 3030 5716 είσάπαν
3069 5665 3522 5736 ἠρημωμέναιςῆ
3571 5665 3790 5718 πόλεσιν
3830 5665 3861 5734 ἢ
3896 5665 3967 5714 οξ-

2398 5749 2563 5812 κίαις.
2615 5752 2889 5822 Ἐπιλέγει
2915 5753 2972 5806 δὲ
3001 5753 3227 5819 τούτοις,
3281 5756 3362 5808 ὅτι
3407 5757 3543 5824 ταχύ
3593 5755 3836 5826 ἔρχεται,
3882 5754 3967 5806 καὶ

2394 5840 2456 5893 οὺ
2488 5846 2711 5914 Χρονιεῖ.
2793 5845 2863 5899 Ἢ
2915 5846 3028 5909 τοῖς
3083 5847 3386 5915 Ἀσσυρίοις
3440 5845 3772 5913 πικροτέραν
3819 5842 3967 5907 ἐνιεὶς
