4110 6492
644 395 749 451 5³11

1638 402 1694 460 S.
1737 404 2013 464 ςῐιιιιιι
2054 405 2523 463 ΑιΕΧΑΝυιιιΜ
2563 409 2879 467 ARCHlEl'.

3808 404 3917 461 ὅτε

656 516 871 569 modum
900 515 1185 588 intelliget.
1212 518 1449 577 Libanus
1487 538 1645 579 mons
1672 525 1861 593 ingens
1884 538 1969 582 est
1999 529 2049 582 in
2080 537 2222 582 terra

2332 528 2387 594 ἐξ
2432 533 2666 604 Ἰσραὴλ,
2696 537 3010 606 περινοήσει
3067 534 3308 587 τοιῶσδε.
3346 533 3577 595 Λίϐανος
3623 531 3749 601 ὅρος
3800 529 3923 584 ἐστὶ

655 605 997 669 Ριιωηίουηι,
1037 610 1216 665 cedris
1269 621 1326 667 et
1380 614 1632 671 tlturibus
1679 619 1834 685 quasi
1900 631 2145 674 comatus
2181 630 2233 674 et

655 693 958 758 decoratus,
1007 704 1062 750 et.
1122 698 1324 754 densus
1370 717 1435 756 ac
1487 703 1694 772 spissus
1743 706 2047 762 arboribus.
2080 709 2234 778 Stepe

655 783 835 852 itaque
852 785 1288 858 illnmScriptura
1310 792 1831 867 divinitusinSpirata
1851 808 2007 853 terra:
2022 800 2234 856 ,1υάωο-

656 888 772 926 rum
814 888 1115 946 comparat,
1152 894 1443 952 propterea
1498 890 1640 957 quod
1681 890 1990 959 complures
2044 904 2232 949 eSscnt

654 964 707 1018 in
746 980 808 1019 ea
859 976 913 1021 et
964 974 1205 1041 potentia
1259 986 1312 1030 et
1345 979 1514 1047 gloria
1564 983 1873 1047 clarissimi,
1946 996 2233 1055 essentque

654 1056 815 1111 etiam
863 1059 952 1113 alii
1007 1066 1296 1121 sacerdotii
1348 1068 1650 1140 insignibus
1703 1075 1809 1129 alte
1859 1076 2124 1140 subvecti,
2180 1086 2235 1131 et

653 1148 801 1203 velut
845 1152 1009 1207 odore
1042 1153 1479 1227 fragrantissitni.
1513 1164 1578 1218 Et
1618 1181 1751 1220 sane
1788 1165 2077 1222 Zacharias
2108 1184 2234 1237 pro-

657 1241 816 1308 νιιειιι
866 1259 987 1299 cum
1050 1245 1261 1309 Libano
1321 1254 1533 1309 confert
1589 1256 1829 1312 Judaemn
1879 1277 1891 1313 :
1936 1262 2027 1330 qui
2079 1262 2129 1314 in
2170 1276 2234 1314 ea

658 1343 836 1401 erant,
871 1337 1046 1392 cedris
1076 1350 1128 1393 et
1158 1346 1470 1409 quercubus
1507 1357 1561 1401 et
1601 1349 1837 1417 pinubns
1861 1370 1881 1405 :-
1904 1352 2010 1421 igni
2053 1361 2231 1407 autem

655 1427 971 1482 cunctivoro
998 1429 1303 1496 Romanum
1342 1439 1639 1493 exercitum
1662 1479 1681 1503 ,
1713 1444 1803 1509 qni
1862 1453 1980 1508 βυθι
2030 1444 2231 1499 Christi

654 1530 869 1571 crucem
938 1520 1094 1591 231
1153 1532 1316 1578 totam
1380 1541 1565 1583 eorum
1632 1532 1907 1601 regionem
1958 1536 2235 1603 incendit;-

654 1606 841 1676 sicque
870 1609 945 1663 ait
980 1629 995 1664 :
1043 1630 1060 1663 ι
1092 1612 1275 1681 Aperi,
1310 1615 1529 1679 Libane.
1576 1632 1758 1690 portas
1790 1634 1927 1689 tnas,
1960 1636 2012 1679 et
2040 1630 2234 1681 exedat

656 1698 1173 1766 igniscedrostnas:
1211 1713 1381 1773 ploret
1402 1711 1583 1778 pinus,
1617 1714 1743 1783 quia
1774 1716 1972 1771 cecidit
2011 1719 2225 1784 cedrus,

656 1791 1146 1862 plorate,,qnercus
1206 1798 1400 1867 Busan,
1453 1805 1576 1872 quia
1638 1807 1858 1861 evulsus
1920 1818 2005 1863 est
2056 1809 2226 1864 saltus

2335 624 2689 693 παμμεγεθὲς
2717 626 2859 679 κατὰ
2885 627 2983 695 τὴν
3012 626 3272 681 Φοινίκων
3302 626 3430 694 γῆν,
3460 624 3671 695 κέδροις
3708 639 3769 676 τε
3821 623 3923 675 καὶ

2336 711 2570 777 λιϐάνοις
2615 717 2945 786 κατάκομον,
2972 716 3104 769 δασύ
3134 733 3194 769 τε
3236 717 3329 769 καὶ
3364 714 3676 785 εὔδενδρον·
3722 729 3922 783 διιιαρει⁸

2336 803 2492 867 κάζει
2525 806 2705 859 τοίνυν
2746 807 2879 861 αὐτὸ
2903 807 3222 868 πλειστάκις
3256 809 3289 876 ἠ
3340 806 3692 867 θεόπνευστος
3725 803 3923 874 Γραφὴ

2333 897 2400 965 τῇ
2441 895 2552 948 τῶν
2592 897 2858 951 Ἰουδαίων
2892 899 3067 969 χώρᾳ,
3093 898 3265 952 διάτοι
3287 897 3349 949 τὸ
3383 897 3668 958 πλείστους
3692 900 3749 950 ὲν
3778 897 3924 964 αὐτῇ

2333 983 2834 1056 διαπρεπεστάτους
2864 985 3003 1042 εἶναι
3029 989 3174 1042 κατά
3198 1006 3258 1041 τε
3278 988 3596 1041 δυναστείαν
3620 987 3712 1039 καὶ
3736 986 3920 1053 δόξαν,
3952 981 3958 1001 τ

2335 1071 2474 1128 εἷναί
2498 1093 2562 1144 γε
2591 1078 2700 1148 μὴν
2729 1080 2820 1133 καὶ
2853 1081 3072 1152 ἑτέρους
3098 1083 3211 1143 τοῖς
3234 1082 3333 1149 τῆς
3367 1079 3651 1150 ἱεροσύνης
3673 1079 3923 1148 αὐχήμα·

2336 1184 2419 1221 σιν
2472 1169 2608 1237 ὑψοῦ
2657 1187 2715 1223 τε
2762 1172 3034 1241 ἡρμὲνους
3073 1171 3165 1223 καὶ
3206 1165 3318 1222 οἷον
3350 1170 3767 1239 εὐοσμοτάτους.
3809 1169 3920 1223 Καὶ

2334 1258 2466 1327 γοῦν
2496 1263 2525 1313 6
2562 1263 2844 1332 προφήτης
2872 1264 3166 1334 Ζαχαρίας,
3197 1262 3414 1332 Λιϐάνῳ
3442 1262 3541 1332 μὲν
3569 1261 3920 1331 παρεικάζων

2334 1352 2433 1422 τὴν
2470 1352 2755 1406 Ἰουδαίανκ
2778 1354 2987 1424 κὲδροις
3031 1371 3087 1406 τε
3137 1353 3293 1425 δρυσί
3332 1370 3389 1405 τε
3442 1352 3538 1403 καὶ
3586 1352 3766 1403 πίτυσι
3793 1352 3919 1413 τοὺς

2335 1442 2392 1498 ὲν
2419 1443 2577 1514 αὐτῇ.
2603 1443 2741 1514 [lupi
2765 1444 2821 1496 δὲ
2851 1444 3131 1513 παμφάγῳ
3161 1444 3261 1514 τὴν
3288 1442 3576 1511 Ῥωμαίων
3605 1441 3918 1511 στρατείαν,

2335 1533 2433 1603 τὴν
2464 1533 2601 1602 μετὰ
2638 1533 2729 1587 τὸν
2757 1534 2850 1587 τοῦ
2880 1536 3130 1606 Σωτῆρος
3156 1534 3388 1605 σταυρὶν
3422 1534 3551 1596 ὃλην
3574 1533 3752 1586 αὐτῶν
3784 1550 3918 1585 κατ-

2336 1626 2698 1695 εμπρήσασαν
2712 1626 2809 1696 τὴν
2830 1626 3039 1698 χώραν.
3060 1625 3215 1679 Οὕτω
3240 1626 3403 1696 φησί·
3429 1645 3447 1676 ι
3467 1624 3758 1688 Διάνοιξον,
3777 1626 3806 1675 6
3827 1624 3922 1676 Δί-

2337 1718 2520 1784 ϐανος,
2549 1718 2647 1780 τὰς
2668 1717 2839 1789 Θύρας
2873 1736 2987 1772 σου.
3023 1720 3130 1773 Καὶ
3159 1717 3525 1786 καταφαγέτω
3554 1715 3667 1787 πῦρ
3698 1715 3797 1777 τὰς
3826 1715 3921 1766 κέ-

2337 1809 2496 1880 δρους
2532 1809 2996 1877 σου.’ολολυξάτω
3033 1810 3212 1872 πίτυς,
3251 1809 3383 1861 διότι
3414 1808 3669 1860 πέπτωκε
3704 1807 3917 1875 κέδρος.

656 1885 1002 1940 ‹·οιιείιυε⁹⁶·.
1034 1908 1053 1941 ι
1093 1889 1173 1945 Sit
1206 1894 1366 1960 igitur
1387 1894 1691 1951 Judazornm
1726 1900 1838 1955 haec
1866 1902 2071 1964 oratio,
2090 1902 2230 1958 velut

2351 1877 2689 1964 Ὄλολύξατε,
2712 1899 2870 1971 δρύες
2895 1900 2993 1969 τῆς
3022 1898 3389 1960 Βασανίτιδος,
3412 1899 3492 1950 ὅτι
3514 1895 3867 1963 κατεσπάσθη
3891 1897 3921 1946 6

657 1991 686 2026 a
730 1973 889 2043 lignis
918 1974 1106 2032 Libani
1153 1995 1386 2051 sumpta,
1419 1999 1538 2054 qna:
1574 1988 1805 2055 gaudent
1842 1999 1896 2041 et
1929 1990 2107 2043 dicunt
2137 1989 2235 2044 Ba-

663 2070 897 2140 bylonio,
936 2073 1211 2144 ipsiusque
1255 2080 1474 2134 servis:
1517 2080 1595 2134 Ex
1647 2097 1754 2149 quo
1804 2092 1856 2135 tu
1909 2084 2230 2147 dortnivisti,

657 2177 763 2216 non
794 2166 1034 2219 ascendit
1062 2167 1153 2235 qui
1202 2170 1441 2225 succidat
1499 2187 1616 2228 nos.
1673 2173 2082 2239 Elegantissime
2105 2190 2235 2228 vero

659 2248 712 2302 in
741 2250 839 2305 hac
868 2254 1133 2309 sermonis
1170 2257 1529 2315 translatione
1582 2262 1899 2317 immoratus
1946 2274 2048 2317 est.
2099 2263 2232 2318 Nam

665 2347 791 2413 quia
827 2342 969 2405 velut
1008 2360 1049 2405 tt
1085 2346 1242 2421 lignis
1299 2349 1488 2406 Libani
1539 2352 1677 2407 facta
1710 2364 1791 2421 est
1816 2370 1940 2421 vox,
1983 2356 2102 2410 ideo
2149 2358 2233 2411 in-

656 2439 847 2507 quiunt
890 2458 903 2495 :
950 2440 1065 2497 Non
1116 2444 1359 2497 ascendit
1387 2444 1477 2513 qui
1510 2446 1755 2500 succidat
1792 2464 1909 2503 nos.
1944 2447 2077 2501 Nam
2109 2460 2229 2517 post

657 2530 887 2585 reditum
976 2531 1341 2588 lsraelitarum
1410 2550 1477 2589 ex
1530 2537 1821 2607 Babylone,
1892 2555 2228 2609 nequaquam

658 2628 845 2675 contra
884 2620 999 2676 illos
1026 2623 1222 2681 bellum
1253 2640 1319 2681 ex
1366 2634 1510 2681 terra
1542 2627 1886 2699 Assyriorum
1934 2632 2228 2686 excitatum

659 2720 763 2769 est.
815 2711 1073 2770 Dicemus
1114 2725 1167 2769 et
1228 2731 1326 2770 nos
1364 2718 1554 2773 merito
1595 2718 1828 2786 Satante,
1881 2724 1967 2790 qui
1996 2724 2123 2779 olim
2162 2726 2230 2779 ab

660 2799 751 2853 illo
784 2802 979 2865 eversi,
1010 2803 1257 2859 stabilem
1300 2806 1553 2877 deinceps
1611 2818 1845 2864 mentem
1892 2812 1944 2864 in
2011 2813 2229 2868 Christo

663 2891 947 2958 habemus,
986 2895 1334 2964 animumque
1360 2898 1411 2950 in
1446 2899 1642 2966 pietate
1689 2900 1901 2955 firmum
1928 2912 1983 2956 et
2019 2904 2229 2959 radices

658 2994 925 3051 agentem,
967 2997 1019 3039 et
1082 2996 1269 3054 pectus
1338 2988 1773 3045 ﬂorentissimum
1818 3012 1831 3047 :
1888 2994 1963 3048 Ex
2010 3011 2117 3064 quo
2171 3006 2227 3049 tu

657 3076 1185 3143 obdormivistiLnon
1216 3081 1464 3137 ascendit
1497 3082 1589 3152 qui
1618 3099 1717 3145 nos
1746 3086 2012 3142 succidat.

737 3364 893 3419 Vens.
928 3366 1081 3420 9-ll.
1144 3368 1393 3435 mfermts
1426 3367 1607 3421 subtus
1648 3368 1985 3422 exacerbatus
2017 3378 2092 3421 est
2130 3370 2228 3421 tibi

661 3474 969 3519 occurrens;
994 3460 1209 3511 excitati
1236 3469 1352 3511 sunt
1378 3459 1535 3511 simul
1562 3459 1655 3511 tibi
1677 3476 1851 3513 omnes
1874 3461 2107 3529 gigantes
2137 3463 2228 3528 qui

661 3549 1073 3601 dominabantur.
1113 3560 1285 3613 terrm,
1332 3550 1421 3617 qui
1451 3549 1742 3601 excitabant
1779 3550 1843 3603 de
1888 3551 2087 3603 tltrom's
2123 3550 2229 3602 suis

664 3656 840 3692 omnes
882 3657 1024 3708 reges
1060 3644 1308 3708 gentium.
1347 3639 1539 3693 Omnes
1589 3640 1985 3706 respondebunt,
2037 3640 2230 3707 tibique

667 3730 839 3784 dicent
874 3749 892 3784 .·
929 3730 995 3784 Ει
1028 3744 1081 3784 tu
1114 3743 1295 3797 captus
1318 3748 1371 3783 es
1399 3730 1828 3794 quenmdmodum
1854 3739 1902 3783 et
1934 3748 2046 3785 nos.
2081 3730 2230 3783 Inter

663 3838 755 3874 nos
800 3835 973 3875 autent
1006 3833 1273 3890 reputatns
1302 3839 1376 3877 es.
1430 3822 1702 3899 Descendit
1737 3826 1805 3875 ad
1840 3824 2036 3890 inferos
2059 3825 2229 3893 gloria

662 3914 1304 3977 tua,multala'titiatua.
1356 3913 1469 3967 Tibi
1516 3915 1838 3969 substernent
1879 3915 2226 3983 putredinem,

663 4014 707 4059 et
737 4003 1018 4071 hospitium
1048 4013 1191 4059 tuum
1216 4004 1424 4056 vermis.

732 4175 790 4229 In
822 4193 973 4231 more
1004 4186 1086 4231 est
1118 4176 1410 4246 Scriptura?
1428 4178 1610 4232 divino
1628 4178 1805 4233 afflatu
1828 4182 2082 4247 przeditzc,
2101 4198 2226 4248 per-

663 4285 830 4325 sonas
854 4274 1054 4339 tingere
1098 4270 1406 4339 aliquando,
1434 4282 1488 4324 et
1514 4273 1674 4326 veluti
1721 4274 1847 4341 ipsis
1882 4275 2040 4329 rebus
2072 4292 2231 4333 voces

662 4364 1107 4416 accommodare:
1138 4363 1297 4430 quale
1340 4363 1466 4417 illud
1500 4374 1619 4417 est:
1657 4382 1675 4413 ι
1713 4365 2007 4429 Erubesce,
2041 4368 2227 4435 Sidon,

662 4453 799 4507 dixit
827 4468 1004 4519 mare;
1024 4464 1076 4507 et
1096 4452 1354 4508 fortitudo
1378 4456 1543 4509 maris
1567 4454 1676 4507 ait:
1700 4455 1816 4509 Non
1838 4458 2117 4523 parturivi,
2134 4474 2229 4512 ne-

2336 1991 2539 2062 δρυμὸς
2560 1993 2595 2044 6
2610 1990 2909 2062 σύμφυτος.
2935 2011 2953 2042 ι
2982 1992 3161 2044 Ἔστω
3178 1990 3464 2061 τοιγαροῦν
3501 1988 3764 2041 Ἰουδαίων
3784 1990 3811 2039 6
3832 1987 3919 2038 λό-

2335 2100 2430 2153 γος
2455 2084 2530 2148 ὡς
2555 2084 2662 2137 ἀπὸ
2702 2083 2872 2149 ξύλων
2894 2083 2989 2137 τοῦ
3012 2082 3243 2137 Λιϐάνου
3272 2080 3717 2151 εὐφραινομένων
3740 2095 3798 2129 τε
3824 2079 3917 2130 καὶ

2335 2178 2602 2246 λεγόντων
2629 2178 2706 2250 τῷ
2735 2178 3060 2247 Βαϐυλωνίῳ
3087 2178 3180 2231 καὶ
3207 2181 3320 2241 τοῖς
3346 2179 3482 2248 ἀμφ’
3517 2174 3700 2229 αὐτόν’
3718 2174 3835 2240 Ἀφ’
3854 2165 3916 2224 οὗ

2336 2272 2400 2324 σὺ
2435 2272 2786 2343 κεκοίμησαι,
2816 2273 2915 2325 οὐκ
2955 2271 3121 2342 ἀνέϐη
3160 2273 3188 2323 6
3226 2270 3443 2323 κόπτων
3487 2265 3915 2339 ἡμᾶςιἋστειό-

2332 2377 2469 2413 τατα
2516 2361 2573 2413 δὲ
2626 2361 2831 2431 σφόδρα
2894 2360 3168 2431 μεμένηκε
3234 2361 3299 2429 τῇ
3351 2357 3446 2410 τοῦ
3502 2357 3665 2423 λόγου
3714 2356 3914 2425 τροπῇ.

2346 2448 2563 2503 Ἐπειδῆ
2611 2449 2719 2519 γὰρ
2762 2448 2837 2511 ὡς
2882 2448 2989 2502 ἀπὸ
3038 2446 3207 2511 ξύλων
3238 2444 3332 2498 τοῦ
3364 2444 3598 2497 Λιϐάνου
3624 2442 3851 2510 γέγονεν
3879 2444 3913 2510 ἡ

2332 2538 2503 2608 φωνὴ,
2538 2538 2794 2611 ταύτῃτοί
2822 2557 2953 2609 φασι
2977 2538 3061 2601 τὸ,
3094 2538 3207 2591 Οὐκ
3242 2536 3413 2605 ἀνέϐη
3439 2537 3467 2587 6
3498 2537 3713 2589 κόπτων
3744 2536 3913 2604 ἡμᾶς.

2330 2629 2483 2682 Μετὰ
2534 2629 2640 2697 γάρ
2688 2646 2769 2680 τοι
2807 2629 2905 2698 τὴν
2948 2629 3011 2679 ὲκ
3043 2625 3360 2689 Βαϐυλῶνος
3403 2624 3663 2677 ἐπάνοδον
3719 2623 3829 2675 τῶν
3855 2622 3916 2687 ἐξ

2344 2718 2575 2788 Ἰσραὴλ,
2602 2719 2783 2771 οὐκέτι
2824 2718 2960 2788 πρὸς
2994 2717 3186 2779 αὐτοὺς
3211 2719 3238 2769 6
3262 2718 3325 2768 ὲκ
3356 2716 3452 2784 τῆς
3494 2713 3795 2784 Ἀσσυρίων
3825 2731 3916 2766 κεη

2330 2810 2546 2880 κίνηται
2593 2810 2847 2879 πόλεμος.
2867 2808 3127 2879 Ἑροῦμεν
3172 2808 3228 2860 δὲ
3272 2808 3365 2860 καὶ
3391 2809 3552 2876 ἡμεῖς
3583 2806 3811 2867 εἰκότως
3838 2805 3921 2873 τῷ

2330 2900 2563 2969 Σατανᾷ,
2606 2902 2653 2953 οἱ
2706 2899 2871 2953 πάλαι
2918 2899 3018 2969 μὲν
3064 2899 3192 2969 παρ’
3219 2898 3427 2950 ἐκείνου
3480 2895 3923 2967 πεπορθημένοι,

2328 2995 2537 3065 ἑδραῖον
2565 2995 2621 3049 δὲ
2648 2994 2831 3047 λοιπὸν
2860 2995 3153 3065 ἐσχηκότες
3184 2996 3240 3047 ὲν
3270 2993 3490 3065 Χριστῷ
3531 2993 3594 3045 τὸ
3633 2992 3914 3061 φρόνημα,

2328 3088 2422 3140 καὶ
2448 3086 2573 3141 νοῦν
2598 3090 2675 3150 εἱς
2705 3086 2984 3141 εὐσέϐειαν
3011 3086 3248 3154 ἀσφαλῆ,
3281 3085 3375 3138 καὶ
3401 3082 3794 3156 ἐρριζωμένον,
3822 3082 3916 3133 καὶ

2332 3180 2556 3249 καρδίαν
2596 3179 3011 3249 εὑθαλεστάτην·
3047 3177 3163 3246 Ἀφ’
3193 3172 3256 3232 ob
3295 3177 3357 3229 σὺ
3403 3174 3758 3244 κεκοίμησαι,
3814 3173 3915 3225 οὐκ

2331 3273 2500 3343 ἀνέϐη
2529 3274 2557 3325 6
2592 3274 2807 3326 κόπτων
2837 3274 3004 3341 ἡμᾶς.

2412 3367 2473 3418 '0
2511 3365 2661 3432 ᾅδης
2692 3364 2957 3417 κάτωθεν
2983 3363 3309 3430 ἐπικράνθη
3350 3358 3748 3428 συναντήσας
3777 3374 3875 3412 σοι
3897 3376 3912 3387 ο

2329 3453 2795 3525 συνηγέρθησάν
2821 3471 2919 3508 σοι
2941 3455 3162 3519 πάντες
3182 3457 3234 3507 οἱ
3257 3455 3526 3523 γίγαντες
3549 3454 3603 3505 οἱ
3624 3451 3917 3518 ἄρξαντες

2328 3549 2439 3617 τῆς
2463 3547 2592 3619 γῆς,
2612 3550 2665 3600 οἱ
2693 3547 3027 3615 ἐγείραντες
3047 3546 3115 3599 ἐκ
3134 3546 3251 3599 τῶν
3285 3547 3514 3613 θρόνων
3533 3544 3734 3597 αὐτῶν
3761 3542 3915 3595 πάγ-

2328 3656 2435 3705 τας
2454 3636 2737 3702 βασιλεῖς
2759 3635 2966 3689 ἐθνῶν.
2992 3635 3220 3701 Πάντες
3250 3634 3785 3702 ἀποκριθήσονται,
3817 3632 3916 3685 καὶ

2329 3730 2539 3798 ἐροῦσί
2575 3746 2709 3783 σοι·
2742 3728 2851 3782 Καὶ
2882 3727 2963 3781 σὺ
3007 3726 3197 3793 ἑάλως
3229 3727 3429 3793 ὥσπερ
3458 3726 3557 3779 καὶ
3597 3724 3771 3793 ἡμεῖς
3792 3741 3805 3754 ·
3849 3724 3915 3776 ἐν

2328 3819 2473 3889 ἡμῖν
2507 3819 2575 3872 δὲ
2603 3819 3068 3889 κατελυγίσθης·
3116 3817 3331 3883 κατέϐη
3372 3819 3459 3882 εὶς
3496 3816 3645 3882 ᾅδου
3692 3817 3730 3883 ὴ
3767 3814 3915 3878 δόξα

2330 3928 2485 3975 σου,
2534 3912 2572 3979 ὴ
2614 3908 2814 3978 πολλὴ
2856 3910 3202 3978 εὐφροσύνη
3260 3923 3410 3961 σουο
3457 3906 3741 3961 ὑποκάτω
3801 3922 3913 3959 σου

2330 4003 2671 4073 στρώσουσι
2704 4002 2922 4071 σῆψιν,
2950 4000 3044 4054 καὶ
3070 4000 3134 4055 τὸ
3168 3998 3599 4068 κατακάλυμμά
3619 4014 3738 4052 σου
3762 3995 3914 4051 σκῶρ

2330 4096 2473 4162 ληξ.

2404 4187 2565 4250 Ἔθος
2611 4190 2675 4257 τῇ
2714 4183 3055 4254 θεοπνεύστῳ
3088 4184 3279 4253 Γραφῇ
3330 4181 3770 4253 προσωποποιεὴ
3802 4177 3913 4230 ἔσθ’

2330 4282 2440 4343 ὅτε,
2474 4280 2567 4335 καὶ
2600 4274 2708 4332 οἷον
2733 4279 2915 4340 αὐτοῖς
2942 4280 3052 4339 τοῖς
3082 4276 3400 4346 πράγμασιν
3432 4272 3773 4345 ἐφαρμόζειν
3798 4289 3912 4342 φω-

2332 4370 2448 4434 νὰς,
2482 4368 2663 4421 ὁποῖόν
2702 4368 2817 4419 ἐστι
2858 4367 2917 4418 τὸ
2945 4407 2961 4430 ,
2997 4384 3015 4415 t
3058 4363 3386 4434 Αίσχύνθητι
3436 4361 3625 4425 Σιδὼν,
3678 4358 3832 4413 εἶπεν
3879 4361 3912 4428 ἡ

2332 4461 2645 4531 θάλασσαιή
2674 4458 2729 4511 δὲ
2759 4458 2910 4526 ἰσχὺς
2932 4458 3028 4526 τῆς
3058 4456 3333 4524 Θαλάσσης
3356 4451 3528 4507 εἶπεν
3557 4454 3674 4506 Οὐκ
3703 4453 3915 4514 ὣδινον,

663 4558 768 4611 que
802 4543 1004 4611 peperi,
1059 4559 1229 4612 neque
1277 4544 1509 4599 enutrivi
1557 4546 2007 4611 adolescentulos,
2046 4566 2220 4619 neque

2332 4554 2443 4606 οὐδὲ
2491 4552 2696 4613 ἔτεκον,
2743 4550 2863 4602 οὐδὲ
2914 4546 3115 4619 ἔθρεψα
3159 4544 3509 4609 νεανίσκους,
3558 4542 3681 4595 οὐδὲ
3723 4541 3917 4610 ὖψωσα

661 4634 814 4689 avexi
848 4633 1083 4702 virgines
1105 4636 1173 4689 ".
1204 4636 1483 4703 )Applicat
1514 4652 1641 4691 vero
1675 4642 1816 4691 hunc
1847 4653 2148 4695 sermonem
2176 4644 2226 4696 in

664 4729 765 4781 hoc
819 4726 1105 4797 Tyriorum
1148 4728 1375 4791 civitati,
1407 4744 1524 4796 qua:
1551 4729 1676 4781 olim
1726 4746 1752 4781 a
1785 4729 2093 4800 Babyloniis
2126 4750 2223 4787 ex-

662 4819 771 4874 cisa
807 4829 923 4883 est;
957 4819 1291 4886 dit-imusque
1315 4820 1453 4875 hanc
1479 4820 1779 4876 orationem
1812 4832 2017 4876 natura)
2050 4840 2226 4877 rerum

660 4910 955 4977 quadrare.
991 4910 1081 4964 Sic
1101 4920 1155 4964 et
1179 4910 1429 4965 Micbteas
1466 4913 1726 4981 propheta
1768 4913 1979 4968 induxit
2014 4914 2259 4990 Jerusa-I

664 5001 788 5066 lem,
830 5001 1157 5072 Babylonem
1190 5004 1544 5072 alloquentem
1578 5023 1590 5057 :
1622 5025 1640 5057 ι
1684 5004 1762 5060 Ne
1798 5007 2021 5061 insultes
2069 5009 2225 5071 mihi,

664 5093 879 5146 inimica
911 5108 1050 5155 mea,
1085 5095 1224 5161 quod
1255 5098 1623 5152 ceciderim.et
1649 5112 1947 5165 resurgam.
1972 5098 2227 5166 Propter-

661 5198 723 5235 ea
788 5184 829 5236 si
872 5185 1067 5239 Sedere
1096 5184 1147 5238 in
1184 5184 1437 5250 tenebris,
1470 5187 1725 5240 Dominus
1769 5187 2042 5242 illucescct
2066 5188 2228 5254 mihi;

665 5273 796 5325 iram
827 5274 1034 5327 Domini
1066 5277 1365 5341 sustinebo,
1400 5278 1523 5345 quia
1561 5280 1773 5346 peccavi
1808 5280 1903 5343 illi,
1936 5280 2107 5333 donec
2146 5279 2233 5345 jn-

662 5375 797 5417 stam
828 5369 1256 5436 pronuntietipsc
1269 5384 1483 5423 causam
1504 5385 1675 5422 meam
1700 5388 1713 5433 ;
1737 5368 2232 5435 ctl‘acietjudiciuzn

666 5473 873 5521 meum,
902 5469 955 5511 et
991 5461 1180 5514 educet
1237 5477 1321 5514 me
1363 5461 1414 5513 in
1471 5462 1662 5515 lucem.
1705 5461 1905 5514 Videbo
1965 5461 2230 5530 justitiam

664 5548 803 5617 ejus,
831 5560 885 5603 et
924 5552 1123 5604 videbit
1171 5553 1385 5605 inimica
1431 5568 1569 5616 mea,
1602 5561 1656 5605 et
1691 5552 1951 5607 vestietur
2006 5554 2234 5625 ignomi-

665 5641 773 5703 nia,
805 5656 922 5708 qua:
942 5642 1074 5695 dicit
1108 5641 1264 5711 232
1298 5642 1424 5696 mihi
1447 5642 1581 5698 :.Ubi
1618 5644 1875 5699 Dominus
1901 5646 2039 5700 Deus
2082 5649 2235 5701 tuus?

739 5798 999 5854 ""Znt‘h.
1037 5815 1108 5865 xi,
1145 5800 1192 5865 Ι,
1233 5799 1281 5852 2.
1364 5802 1405 5833 9’
1450 5801 1548 5854 lsa.
1604 5816 1757 5865 xxm,
1814 5805 1863 5855 4.

2329 4642 2646 4713 παρθένους.
2682 4660 2699 4692 ι
2760 4639 3078 4710 Περιτίθησι
3120 4638 3219 4707 μὲν
3253 4636 3363 4707 γὰρ
3405 4635 3492 4687 τὸν
3527 4635 3620 4686 ἐπὶ
3653 4634 3797 4702 τῷδε
3827 4632 3916 4684 λό-

2332 4751 2422 4803 γον
2472 4736 2537 4804 τῇ
2594 4732 2806 4804 Τυρίων
2856 4731 3006 4783 πόλει
3057 4727 3447 4799 πεπορθημένῃ
3496 4725 3638 4777 κατὰ
3691 4724 3919 4795 καιροὺς

2330 4826 2480 4895 παρὰ
2523 4823 2630 4877 τῶν
2680 4821 3064 4875 Βαϐυλωνίων·
3114 4820 3293 4889 φαμὲν
3326 4818 3381 4871 δὲ
3416 4817 3649 4889 πρέπειν
3689 4818 3758 4885 τῇ
3808 4814 3921 4868 τῶν

2328 4915 2665 4985 πραγμάτων
2697 4913 2854 4982 φύσει
2890 4913 2980 4965 τὸν
3014 4912 3189 4979 λόγον.
3221 4910 3379 4964 Οὕτω
3413 4911 3509 4963 καὶ
3553 4910 3582 4961 ὁ
3626 4910 3923 4979 προφήτης

2328 5004 2573 5074 Μιχαίας
2599 5003 2947 5073 είσκεκόμικέ
2984 5020 3086 5057 που
3125 5003 3222 5072 τὴν
3261 5000 3619 5071 Ἰερουσαλὴμ
3648 4999 3793 5069 πρὸς
3822 4998 3925 5066 τὴν

2330 5096 2621 5151 Βαϐυλῶνα
2650 5094 2912 5163 λέγουσαν
2938 5110 2951 5125 υ
2989 5112 3006 5143 ι
3043 5093 3133 5163 Μὴ
3161 5091 3410 5160 ἐπίκαιρέ
3441 5107 3551 5159 μοι,
3584 5088 3756 5158 ἐχθρά
3791 5104 3920 5156 μου,

2329 5192 2411 5242 ὅτι
2442 5190 2701 5242 πέπτωκα
2730 5188 2823 5241 καὶ
2852 5187 3247 5254 ἁναστήσομαι.
3288 5184 3434 5236 Διότι
3469 5182 3567 5234 ἐὰν
3612 5181 3828 5233 καθίσω
3865 5180 3923 5228 ἐν

2331 5278 2408 5348 τῷ
2432 5279 2634 5341 σκότει,
2671 5280 2697 5329 6
2728 5276 2929 5346 Κύριος
2982 5274 3177 5342 φωτιεί
3226 5287 3342 5340 μοι’
3378 5270 3546 5339 ὀργὴν
3580 5266 3789 5335 Κυρίου
3819 5264 3921 5316 οπο

2334 5373 2484 5436 οίσω,
2511 5372 2590 5422 ὅτι
2623 5370 2865 5439 ἥμαρτον
2895 5366 3065 5435 αὐτῷ,
3088 5365 3191 5426 ἕως
3213 5364 3303 5415 τοῦ
3328 5360 3611 5413 δικαιῶσαι
3630 5356 3794 5409 αὑτὸν
3819 5355 3917 5422 τὴν

2330 5465 2483 5535 δίκην
2516 5481 2641 5534 μου⁸
2676 5464 2769 5515 καὶ
2795 5464 3010 5531 ποιήσει
3050 5459 3111 5512 τὸ
3142 5458 3313 5528 κρίμα
3350 5474 3474 5526 μου,
3506 5454 3598 5506 καὶ
3633 5446 3816 5515 ἐξάξει
3845 5464 3913 5516 με

2330 5556 2408 5617 εἰς
2424 5555 2483 5607 τδ
2502 5551 2888 5623 φῶς.”οᾲομαι
2910 5550 3005 5620 τὴν
3026 5548 3374 5615 δικαιοσύνην
3396 5543 3582 5605 αὐτοῦ,
3604 5541 3696 5593 καὶ
3718 5539 3913 5606 ὀξεῖαι

2334 5647 2565 5717 ἠὲχθρά
2600 5664 2720 5715 μου,
2766 5644 2859 5697 καὶ
2908 5642 3277 5713 περιϐαλεῖται
3324 5637 3547 5706 αἰσχύνη
3590 5635 3623 5700 ὴ
3673 5631 3914 5697 λέγουσα
