4840 6498
545 381 659 436 373

1693 397 1760 452 ΙΝ
1802 399 2039 454 lSAlAM
2080 400 2204 456 LIB.
2250 402 2314 459 ll.
2358 403 2598 463 TOMUS
2637 407 2696 465 ll.

3713 413 3820 467 574

728 499 826 571 μέο
855 502 966 600 Ποῦ
1001 504 1207 600 Κύριος
1233 509 1422 600 Θεός
1463 529 1590 579 eos;
1624 518 1688 569 0i
1732 519 2000 591 ὀφθαλμοί
2036 541 2139 593 μου
2168 529 2213 585 Α
2243 525 2396 582 Oculi
2423 544 2454 581 ιι

1911 521 2000 591 poi
2036 541 2139 593 μου
2168 529 2213 585 Α
2243 525 2396 582 Oculi
2423 529 2525 583 mei
2549 529 2807 584 videbunt
2849 529 3047 599 ipsam,
3073 544 3218 586 nunc
3247 532 3351 588 erit
3403 533 3816 600 conculcatiuni,

547 588 854 658 ἑπόψονται
884 595 1054 666 αὐτὴν
1077 611 1090 624 ·
1123 596 1218 650 νῦν
1248 598 1400 653 ἔσται
1425 603 1503 667 εἰς
1531 608 1908 680 καταπάτημα
1936 611 2013 675 ὡς
2039 631 2141 681 πη-

547 681 640 744 λὸς
670 686 729 736 ἑν
755 687 875 750 ταῖς
900 686 1037 750 όδοῖς
1066 689 1282 759 ἡμέρας
1316 693 1545 767 ἀλοιιρῆς
1583 697 1808 753 πλίνθου
1829 718 1844 734 ο
1870 701 2142 774 ἑξάλειψίς

551 789 648 826 σου
675 777 707 845 ἡ
747 777 930 848 ἡμέρα
972 781 1176 851 ἐκείνη.
1213 803 1234 836 ι
1267 786 1403 839 Καθ’
1429 789 1495 858 ἣν
1524 789 1768 861 δηλονότι
1809 795 1838 846 6
1869 793 2050 866 Κύρος
2084 814 2140 849 τε

551 867 648 919 καὶ
669 869 846 938 Μῆδοι
872 872 1109 944 Πέρσαις
1156 877 1361 947 ἀναμὶξ
1382 881 1622 950 ᾑρήκασι
1646 882 1744 953 τὴν
1766 884 2137 939 Βαϐυλωνίων.

554 956 976 1027 Προσωποποιεῖ
1005 968 1293 1037 τοιγαροῦν
1322 971 1415 1023 καὶ
1455 972 1550 1025 νῦν
1583 974 1735 1027 οὐδὲν
1762 970 1923 1047 ἧττον
1963 978 1992 1027 6
2034 995 2140 1046 μαι

553 1049 747 1118 κάριος
774 1056 1076 1125 προφήτης·
1110 1059 1461 1127 παρωξύνθαι
1489 1063 1548 1117 τέ
1574 1083 1758 1134 φησιν,
1782 1068 1952 1138 ἦγουν
1976 1086 2141 1122 πεπι-

553 1141 790 1211 κράνθαι
837 1145 925 1198 τὸν
967 1146 1098 1220 ᾅδην
1136 1151 1516 1208 καταϐαίνοντι
1557 1159 1988 1228 συναντήσαντα.
2032 1161 2142 1212 Καί

555 1251 649 1302 μοι
697 1234 794 1288 τοῦ
835 1237 993 1306 λόγου
1034 1241 1323 1313 περιάθρει
1363 1245 1464 1315 τὴν
1508 1249 1841 1318 οἰκονομίαν.
1888 1251 2143 1304 Καταδεί-

555 1340 718 1378 κνυσι
761 1326 872 1398 γὰρ
912 1329 1000 1383 διὰ
1036 1332 1227 1386 τούτου
1279 1337 1561 1406 μιαιφόνον
1604 1339 1732 1394 ὄντα
1767 1343 1860 1395 καὶ
1892 1344 2141 1413 αἱμάτων

555 1417 769 1489 πλήρη,
797 1418 938 1474 ὥστε
967 1422 1063 1476 καὶ
1087 1424 1247 1494 ἔργον
1273 1427 1377 1497 τῆς
1418 1429 1647 1501 ἐνούσης
1679 1433 1962 1504 ὠμότητος
1997 1436 2159 1506 αὐτῷ’

555 1513 742 1564 πάντα
776 1512 960 1582 σχεδὸν
990 1517 1245 1582 γενέσθαι
1275 1519 1365 1572 τὸν
1402 1520 1558 1592 ᾅδην,
1589 1523 1706 1593 ἦτοι
1738 1524 1866 1588 τοὺς
1891 1526 2053 1591 ὄντας
2086 1530 2144 1582 ἑν

552 1600 706 1670 ᾅδου.
740 1603 815 1656 Οὐ
840 1605 947 1676 γὰρ
969 1605 1303 1663 διαλέλοιπεν
1338 1613 1367 1664 6
1397 1611 1612 1677 ἀλαζὼν
1631 1612 1758 1685 ἔθνη
1775 1632 1832 1668 τε
1861 1618 1955 1670 καὶ
1984 1618 2141 1688 βασι-

558 1693 678 1758 λεῖς
711 1696 882 1766 ἄρδην
911 1699 1241 1772 ἀποκείρων,
1268 1703 1364 1756 καὶ
1409 1702 1596 1775 ψυχῶν
1642 1707 1842 1761 ἀθλίων
1884 1709 1976 1762 τὸν
2011 1710 2145 1780 ᾅδην

550 1788 937 1858 ἀναπιμπλάς.
989 1791 1197 1857 Πάντες
1241 1791 1334 1847 οὖν
1379 1798 1426 1848 οἱ
1473 1797 1748 1866 γίγαντες,
1797 1802 1953 1870 φησὶ,
1997 1802 2143 1855 τοῦτ’

548 1871 732 1935 εστιν,
761 1877 812 1928 oi
855 1879 973 1930 κατ’
1006 1879 1160 1948 ίσχὺν
1189 1882 1450 1952 ἐπίσημοι
1477 1889 1783 1954 γεγονότες,
1809 1866 1904 1943 καὶ
1932 1890 2144 1944 πολλῶν
2179 1866 2218 1920 Β

547 1963 824 2034 ἄρξαντες
875 1968 1062 2032 ἐθνῶν,
1096 1972 1429 2046 ἀνῃρημένοι
1471 1977 1526 2029 δὲ
1567 1977 1654 2030 διὰ
1690 1979 1808 2041 σοῦ,
1845 1981 2144 2053 ἀποκριθή-

551 2069 767 2142 σονται,
802 2057 896 2110 καὶ
935 2059 1140 2132 ἑροῦσι,
1176 2065 1283 2117 Καὶ
1310 2069 1374 2120 σὺ
1413 2068 1587 2131 ἑάλως
1615 2067 1804 2142 ὥσπερ
1834 2077 1926 2124 καὶ
1959 2074 2140 2142 ἡμεῖς.

549 2140 743 2200 *Πσθα
787 2149 885 2217 μὲν
931 2151 1038 2222 γάρ
1087 2153 1390 2225 ἄνθρωπος,
1429 2175 1612 2227 φασιν,
1661 2140 1907 2216 ἀλλὀὐκ
1961 2140 2146 2234 ἦξίους

548 2234 718 2291 τοῦτο
749 2239 946 2296 εἰδέναι
992 2244 1084 2297 καὶ
1128 2250 1346 2316 φρονεῖν
1367 2265 1380 2280 ο
1413 2250 1528 2303 ἀλλ’
1561 2251 1670 2306 οὐδ’
1697 2253 1764 2307 ἂν
1816 2254 2024 2326 ᾠήθης,
2057 2257 2144 2312 ὅτι

552 2331 652 2384 καὶ
679 2332 952 2398 κρείσσων
983 2335 1136 2392 ἔσται
1159 2356 1241 2403 τις
1269 2343 1369 2411 τῆς
1396 2342 1494 2413 σῆς
1521 2343 1741 2414 ὀφρύος,
1771 2347 1986 2418 καὶτῆς
2015 2348 2144 2402 δυσ-

550 2425 793 2493 αντήτου
829 2427 1029 2498 χειρὸς,
1063 2430 1170 2484 εἰσὶ
1211 2431 1268 2485 δὲ
1310 2434 1395 2487 ὅτι
1443 2435 1538 2488 καὶ
1595 2435 1826 2491 θανάτου
1859 2440 2142 2511 κρείττων,

548 2514 657 2566 οὐκ
682 2514 791 2578 ἔξω
819 2533 922 2570 που
952 2520 1093 2590 τάχα
1116 2522 1371 2589 τέθεικας
1401 2527 1498 2597 τῆς
1527 2527 1764 2594 ἐλπίδος,
1792 2532 1945 2600 μόλις
1970 2533 2026 2586 δὲ
2049 2535 2143 2587 κα)⁸

547 2607 655 2674 οὐχ
701 2609 897 2662 ἑκόντα
948 2629 1003 2663 σε
1047 2613 1296 2686 μάχαιρα
1323 2619 1549 2673 πέπεικε
1576 2621 1789 2692 Μηδικὴ
1816 2623 1904 2678 διὰ
1950 2625 2144 2696 πείρας

547 2698 732 2768 αὐτῆς
757 2701 1040 2770 ἐκμαθεῖν,
1072 2706 1154 2759 ὅτι
1182 2709 1302 2762 καθ’
1330 2712 1474 2780 ἡμᾶς
1506 2709 1648 2783 ἦσθα
1683 2715 1776 2769 καὶ
1804 2717 1984 2780 αὑτός.
2034 2718 2144 2772 Καὶ

547 2789 691 2856 γοῦν
721 2791 915 2858 ἑάλως,
950 2794 1140 2869 ὥσπερ
1166 2799 1259 2852 καὶ
1289 2803 1472 2870 ἡμεῖς.
1504 2803 1726 2875 Κατέὸη
1757 2806 1812 2859 δὲ
1839 2808 1918 2870 εἰς
1949 2807 2074 2878 ᾅδου
2106 2812 2140 2879 ἡ

546 2880 688 2946 δόξα
720 2899 837 2948 σου,
873 2887 996 2940 ἀντὶ
1029 2890 1144 2954 τοῦ,
1178 2891 1408 2964 ἐσϐέσθη
1441 2894 1688 2966 θανάτῳο
1712 2897 1806 2950 καὶ
1837 2899 1898 2952 τὸ
1923 2900 2144 2969 ἀμειδὲς

545 2977 658 3044 τῆς
686 2974 896 3047 φθορᾶς
916 2979 1273 3053 ἑπενήνεκται
1305 2987 1526 3052 κράτος.
1544 2988 1654 3058 Τὴν
1681 2989 1778 3060 σὴν
1802 2990 2142 3062 εὐφροσύνην

543 3066 753 3134 ὄψεται
788 3070 884 3123 καὶ
921 3072 1072 3142 μόλις
1094 3076 1338 3140 τεθεικὸς
1368 3078 1432 3131 ἑκ
1465 3079 1654 3149 μέσου.
1686 3083 2063 3154 Στρωθήσεται
2085 3085 2142 3138 δὲ

2247 629 2305 672 ιιι
2333 619 2504 673 lutum
2529 620 2582 674 iu
2608 619 2730 682 viis,
2761 621 2953 676 dielms
2988 622 3165 678 litura:
3187 623 3372 678 lateris
3389 624 3586 679 delebit
3621 635 3671 679 te
3704 626 3822 681 dies

2243 710 2418 764 ille".
2455 728 2475 762 ι
2512 711 2628 776 Quo
2662 711 2871 766 scilicet
2895 712 3069 781 Cyrus
3100 722 3154 768 et
3186 713 3320 768 Medi
3341 730 3462 769 eum
3481 714 3660 769 Persis
3688 729 3820 769 con-

2239 801 2473 870 junetim
2504 812 2702 856 terram
2755 803 3176 875 Babyloniorum
3228 809 3579 863 sustulerunt.
3637 810 3824 877 Itaque

2246 893 2662 948 nibilomiuuset
2682 896 2768 949 hic
2789 911 2882 965 per
2895 899 3324 966 prosopopaziam
3352 901 3541 954 beatus
3560 903 3821 970 propheta

2243 984 2554 1038 exacerbari
2585 986 2717 1041 dicit
2762 996 2816 1040 et
2843 987 3158 1054 exasperari
3206 988 3427 1054 inferos,
3474 1002 3823 1046 accursantes

2248 1077 2356 1143 regi
2415 1075 2834 1147 Babyloniorum
2871 1079 3246 1135 descendenti.
3309 1082 3372 1134 Et
3421 1083 3552 1136 mihi
3613 1084 3822 1138 intuere

2243 1167 2506 1222 orationis
2548 1170 2910 1224 αιεοιιοιιιὶιιιιι
2975 1186 3039 1224 ac
3092 1171 3523 1239 dispositionem.
3574 1173 3825 1227 Ostendit

2243 1259 2388 1310 enim
2413 1259 2737 1313 homicidam
2773 1274 2895 1311 eum
2950 1275 3072 1313 esse
3094 1268 3149 1313 et
3177 1261 3457 1329 sanguinis
3484 1259 3724 1328 plenum.
3758 1270 3818 1312 nt

2243 1355 2391 1402 t0Ius
2433 1350 2548 1404 fere
2601 1349 2861 1413 infernus,
2895 1351 3149 1404 nimirum
3209 1352 3258 1404 hi
3307 1351 3398 1420 qni
3446 1353 3584 1420 apud
3623 1352 3825 1405 inferos

2243 1450 2392 1500 sunt,
2420 1455 2556 1509 opus
2585 1450 2641 1494 et
2673 1443 2897 1494 materia
2931 1442 3128 1495 literint
3157 1443 3300 1510 ejus,
3329 1443 3517 1511 quaein
3549 1443 3665 1509 ipso
3683 1453 3821 1504 erat,

2245 1530 2600 1585 crudelitatis.
2657 1530 2770 1585 Non
2823 1533 2964 1585 enim
2999 1533 3205 1586 destitit
3245 1534 3511 1600 superbus
3543 1543 3598 1586 et
3636 1542 3824 1602 gentes

2245 1628 2300 1674 et
2328 1634 2481 1692 reges
2512 1622 2759 1689 stirpitus
2780 1623 3030 1687 evellere,
3058 1631 3113 1675 et
3137 1623 3350 1677 miseris
3379 1623 3661 1676 animabus
3684 1621 3826 1677 inle-

2246 1726 2336 1766 ros
2368 1711 2598 1784 replere.
2631 1712 2833 1768 Omnes
2866 1713 3030 1783 igitur
3064 1714 3332 1780 gigantes,
3390 1715 3589 1783 inquit,
3623 1714 3673 1768 id
3717 1724 3822 1773 est.

2249 1801 2451 1856 viribus
2485 1803 2744 1872 insignes,
2775 1815 2830 1858 et
2863 1805 3046 1858 multis
3084 1805 3456 1872 imperitantes
3479 1805 3750 1872 gentibus,
3773 1815 3827 1858 et

2249 1909 2343 1963 per
2368 1903 2419 1948 te
2442 1894 2639 1950 sublati
2685 1896 3104 1963 respondebunt,
3137 1905 3189 1950 et
3219 1896 3418 1957 dicent,
3447 1896 3509 1948 Et
3550 1909 3600 1948 ιιι
3639 1907 3825 1962 captus

2247 2000 2327 2049 cs,
2373 1987 2820 2053 quemadmodum
2868 1997 2926 2040 et
2981 2002 3099 2044 nos.
3151 1988 3283 2042 Eras
3332 1990 3500 2049 enim,
3554 1989 3823 2057 inquiunt,

2249 2076 2430 2140 homo,
2460 2077 2551 2131 sed
2589 2092 2693 2130 non
2722 2078 2971 2146 dignatus
2989 2095 3049 2134 es
3085 2081 3185 2134 hoc
3204 2095 3364 2133 nosse
3394 2094 3565 2148 neque
3586 2080 3822 2132 sentire:

2247 2169 2342 2223 sed
2373 2184 2472 2224 nec
2490 2169 2810 2224 existimasti
2838 2186 3159 2240 quemquam
3191 2171 3304 2225 fore
3328 2172 3418 2240 qui
3480 2169 3824 2239 supercilium

2249 2270 2420 2326 tuum,
2454 2269 2510 2316 et
2537 2277 2755 2314 manum
2814 2262 3108 2317 immanem
3157 2277 3222 2317 ac
3275 2262 3601 2316 horrendam
3645 2270 3828 2330 posset

2245 2368 2522 2422 superare,
2557 2355 2666 2408 imo
2705 2354 2846 2409 forte
2901 2366 2951 2409 te
2993 2365 3222 2409 mortem
3267 2370 3426 2425 posse
3453 2357 3669 2408 vincere
3718 2371 3823 2408 non

2247 2443 2608 2513 desperabas;
2646 2445 2730 2498 vix
2765 2454 2940 2500 autem
2971 2447 3134 2501 etiam
3166 2445 3367 2500 nolenti
3414 2447 3625 2515 gladius
3656 2445 3826 2501 Medim

2247 2550 2342 2589 cus
2371 2537 2660 2605 persuasit,
2685 2546 2748 2590 ,ιιι
2779 2537 2881 2592 hoc
2906 2537 3277 2607 experimento
3319 2537 3580 2600 disceres,
3613 2548 3663 2594 te
3725 2554 3825 2591 uo-

2248 2635 2378 2680 strae
2399 2640 2613 2695 quoque
2630 2627 2960 2683 conditionis
2992 2643 3056 2682 ac
3073 2629 3241 2683 sortis
3262 2627 3522 2683 luisse.Et
3555 2639 3609 2684 tu
3637 2640 3824 2698 captus

2245 2731 2304 2770 es
2334 2717 2474 2770 sicut
2497 2727 2552 2771 et
2579 2731 2680 2771 nos
2715 2735 2729 2770 :
2768 2719 3153 2787 descenditque
3182 2720 3248 2773 ad
3286 2719 3487 2774 iul'erus
3513 2720 3682 2790 gloria
3709 2729 3821 2783 tua,

2247 2827 2366 2880 pro.
2397 2811 2662 2865 exstincta
2685 2821 2768 2866 est
2789 2819 2995 2875 morte;
3021 2821 3076 2866 et
3106 2814 3258 2866 triste
3283 2814 3626 2868 mortalitatis
3655 2815 3826 2882 impe-

2248 2901 2803 2966 riuminvectumest,
2838 2911 3092 2972 tuamque
3131 2903 3372 2958 laetitiam
3422 2918 3584 2973 quam
3641 2915 3818 2958 sustu.

2246 2991 2326 3053 lit,
2373 2991 2460 3044 vix
2501 2993 2743 3062 aspiciet.
2781 2991 3176 3048 Substernetur
3219 2995 3383 3049 etiam
3429 2996 3522 3049 tibi
3569 3003 3823 3064 putredo,

2246 3082 2444 3151 lietque
2475 3084 2568 3137 tibi
2598 3085 2796 3138 vermis
2822 3084 3265 3154 proindumento.
3285 3087 3459 3154 Atque
3483 3088 3584 3141 hoc
3607 3087 3824 3156 quidem

549 3158 727 3228 σῆψις
751 3161 850 3230 μὲν
876 3163 1133 3219 ὑποκάτω
1167 3172 1588 3238 σου,γενήσεται
1618 3172 1675 3226 δέ
1700 3190 1780 3225 σοι
1812 3175 1906 3227 καὶ
1938 3175 2142 3245 ἄμφιον
2169 3196 2211 3254 C
2245 3183 2328 3228 est
2371 3190 2460 3227 con

1938 3175 2142 3245 ἄμφιον
2169 3196 2211 3254 C
2245 3183 2328 3228 est
2371 3189 2654 3229 commune
2683 3197 2694 3230 :
2735 3191 2858 3230 nam
2899 3193 3019 3232 cum
3055 3177 3220 3231 semel
3255 3192 3410 3246 passa
3439 3187 3564 3231 sunt
3596 3187 3823 3232 mortem

540 3249 631 3312 ὡς
672 3251 911 3323 σκώληξ.
949 3256 1057 3309 Καὶ
1108 3261 1283 3312 κοινὸν
1339 3261 1438 3331 μὲν
1487 3262 1664 3320 τοῦτο.
1695 3265 1994 3320 Πεπονθόσι
2035 3269 2144 3339 γὰρ

544 3341 711 3407 ἅπαξ
743 3347 858 3408 τοῖς
889 3346 1249 3418 ἀνθρωπίνοις
1279 3352 1491 3423 σώμασι
1509 3355 1570 3407 τὸ
1597 3356 1906 3421 ἀποθανεῖν,
1937 3358 2144 3429 συμϐή-

545 3453 716 3491 σεται
750 3439 968 3504 πάντως
1005 3441 1171 3512 σῆψις
1205 3445 1300 3496 καὶ
1345 3444 1580 3516 σκώληξ.
1635 3447 1780 3517 Πλὴν
1822 3448 1907 3501 ἐπ’
1933 3449 2143 3503 ἐκείνου

545 3525 778 3594 λέγεται
827 3531 1026 3596 καλῶς,
1050 3533 1127 3596 ὡς
1157 3536 1214 3586 ἐν
1247 3536 1397 3602 τάξει
1448 3538 1661 3608 πικρῶν
1709 3539 2048 3609 ὀνειδισμῶν.
2079 3543 2142 3595 Ol

545 3619 664 3688 γὰρ
715 3621 793 3682 εἰς
839 3621 1006 3695 λήθην
1059 3626 1313 3689 πεσόντες
1343 3630 1438 3698 τῆς
1469 3629 1677 3682 ἑαυτῶν
1705 3631 2012 3698 ἀσθενείας,
2046 3634 2142 3688 καὶ

550 3711 618 3762 ἑκ
672 3711 882 3779 πολλῆς
935 3716 1076 3782 ἄγαν
1130 3717 1450 3789 ὑπεροψίας,
1480 3721 1601 3773 ούδὲ
1634 3722 1716 3775 ὅτι
1751 3723 2028 3778 πείσονται
2075 3725 2143 3780 τὰ

548 3799 878 3870 ἀνθρώπινα
907 3805 1397 3878 προσδοκήσαντες,
1424 3812 1868 3876 κατονειδίζοιντο
1903 3815 1967 3869 ἂν
2000 3817 2143 3870 εἰκό-

548 3905 664 3954 τως
691 3907 706 3923 ο
753 3892 833 3954 ὡς
874 3893 932 3945 ἑν
970 3911 1034 3962 γε
1077 3895 1156 3966 τῷ
1206 3899 1398 3952 παθεῖν
1426 3902 1566 3955 αὐτά
1596 3903 1858 3973 μαθόντες
1905 3907 2077 3976 μόλις,
2105 3908 2142 3962 ἃ.

547 3982 698 4052 χρῆν
729 3984 939 4048 εἰδότας
969 3987 1186 4042 ἑλέσθαι
1217 3993 1436 4060 φρονεῖν
1466 3993 1828 4068 μετριώτερα.
1849 3997 1906 4050 '0
1934 3998 2137 4064 τοίνυν,

549 4073 745 4141 φησὶν,
773 4074 1042 4146 ἐξιτήλοις
1075 4079 1171 4132 καὶ
1215 4078 1522 4148 βασιλικαῖς
1564 4084 1980 4158 ἑνσπαταλήσας
2019 4106 2142 4162 τρυ-

549 4166 709 4231 φαξ,
739 4165 877 4234 ὁμοῦ
908 4171 1022 4230 τοῖς
1049 4169 1228 4234 ἄλλοις
1258 4172 1498 4228 κείσεται
1527 4178 1854 4248 περιστολῆς
1880 4179 2024 4251 δίχα,
2047 4184 2140 4236 καὶ

542 4252 860 4325 ἠξιωμένος
903 4257 1114 4324 οὐδενὸς
1143 4261 1250 4314 τῶν
1284 4265 1396 4325 τοῖς
1424 4264 1680 4320 τεθνεῶσι
1713 4271 2136 4339 νενομισμένων.

625 4344 761 4412 Πῶς
791 4347 1089 4410 ἐξέπεσεν
1130 4349 1198 4404 ἐκ
1243 4353 1348 4406 τοῦ
1384 4355 1645 4422 οἰφανοῦ
1675 4359 1707 4410 d
1745 4357 2079 4428 Ἑωσφόρος
2106 4365 2140 4416 ό

546 4438 708 4505 πρωῒ
751 4439 1142 4505 ἀνατέλλων;
1173 4446 1496 4514 συνετρίϐη
1524 4449 1612 4513 εὶς
1646 4447 1760 4516 τὴν
1783 4449 1899 4519 γῆν
1933 4456 1965 4506 ὀ
1988 4453 2140 4508 ἀπο-

543 4529 839 4584 στέλλων
870 4533 1023 4600 πρὸς
1055 4533 1254 4590 πάντα
1286 4538 1359 4591 τὰ
1389 4538 1532 4605 ἔθνη
1555 4556 1572 4602 ;

639 4623 842 4694 Ἀστὴρ
873 4625 982 4678 τῶν
1010 4627 1092 4680 ὅτι
1133 4627 1366 4697 μάλιστα
1390 4634 1872 4702 περιφανεστάτων
1911 4639 1939 4691 6
1975 4638 2140 4693 Ἑωσ-

541 4715 722 4786 φόρος
770 4715 918 4768 ἐστίν
939 4732 951 4746 ·
995 4717 1204 4787 ἀνίσχει
1229 4719 1284 4770 δὲ
1311 4719 1484 4791 βραχὺ
1511 4723 1616 4792 πρὸ
1645 4725 1839 4796 αὐγῆς,
1861 4729 1955 4781 καὶ
1976 4730 2137 4783 οἱονεί

539 4823 636 4870 τις
675 4807 1016 4878 προάγγελος
1042 4809 1141 4877 τῆς
1169 4808 1320 4880 ἡλίου
1353 4815 1875 4886 μαρμαρυγῆς.”οτι
1895 4819 1951 4873 δὲ
1971 4821 2136 4874 πλον-

541 4895 658 4967 σίῳ
682 4900 821 4965 φωτὶ
850 4899 1291 4969 καταλάμπεται,
1326 4903 1641 4969 διαδείξειεν
1662 4907 1728 4960 ἂν
1753 4910 1886 4963 αὐτὸ
1908 4914 2058 4966 τουτὶ
2078 4914 2137 4966 τὸ

538 4989 732 5060 βραχὺ
782 4992 1068 5058 φαίνεσθαι
1118 4994 1225 5065 πρὸ
1276 4996 1470 5065 αὐγῆς.
1511 4997 1658 5060 Ἕως
1703 4999 1802 5070 μὲν
1840 5001 1947 5073 γὰρ
1973 5003 2054 5056 ἔτι
2081 5004 2142 5058 τὸ

532 5079 794 5149 αἰθέριον
827 5084 1286 5154 καταμελαξνεται
1321 5087 1502 5158 σῶμα,
1535 5094 1820 5162 μονονουχὶ
1855 5093 2139 5167 φριγώσης

531 5169 771 5234 νυκτὸς,
804 5173 898 5226 καὶ
951 5176 1009 5226 ἑν
1051 5177 1258 5245 ἀκμαῖς
1317 5177 1471 5241 ὄντος
1512 5180 1606 5232 τοῦ
1643 5181 1887 5247 σκότους,
1917 5175 2158 5253 ὲκιρανε.ο

532 5263 755 5334 στέραν
786 5265 968 5334 ἔχουσι
1013 5269 1112 5338 τὴν
1161 5268 1431 5340 ἔκλαμψιν
1478 5273 1527 5324 οἱ
1579 5275 1698 5326 κατ’
1723 5274 1953 5346 οὐρανὸν
1988 5278 2139 5342 ὄντες

527 5357 782 5425 ἀστέρες
799 5375 812 5387 ·
838 5359 1049 5430 ἡμέρας
1070 5360 1127 5414 δὲ
1148 5360 1316 5433 οῦσης
1343 5365 1530 5432 ἐγγὺς,
1553 5366 1648 5419 καὶ
1675 5361 1785 5420 οἷον
1811 5369 1868 5421 ἑν
1891 5369 2135 5440 πρώταις

527 5449 830 5518 ἐσχατιαῖς
859 5452 951 5505 τοῦ
981 5452 1208 5524 ἡλιακοῦ
1233 5456 1518 5522 γεγονότος
1539 5457 1762 5523 κύκλου,
1785 5462 2133 5516 συστέλλεταί

527 5558 666 5603 πως
705 5540 769 5592 τὸ
802 5543 1026 5599 ἑκάστου
1055 5545 1172 5614 φῶς
1198 5548 1560 5619 παραχωροῦν
1592 5548 1670 5620 τῷ
1699 5551 2003 5623 προῦχοντι,
2038 5556 2133 5609 καὶ

527 5632 868 5703 ἡττώμενον
914 5636 992 5707 τῷ
1037 5638 1244 5708 μείζονι
1298 5641 1804 5713 σέλᾳ.Ἀμφιλαφὲς
1851 5646 1908 5699 δὲ
1958 5647 2132 5711 οὕτως

605 5792 660 5823 ⁸³
720 5789 878 5847 Mich.
933 5810 1026 5859 vn,
1067 5797 1209 5852 8-H.

2249 3265 2481 3319 lmmana
2508 3281 2756 3335 corpora,
2789 3283 3005 3338 semper
3043 3279 3099 3322 et
3155 3269 3475 3338 putrefactio
3523 3278 3578 3323 et
3627 3269 3824 3324 vermis

2246 3358 2512 3411 accident.
2547 3359 2653 3412 Sed
2684 3361 2748 3413 de
2779 3360 2870 3413 illo
2902 3360 3122 3430 pulchre
3170 3361 3367 3415 dicitur
3397 3362 3608 3416 acerba:
3634 3371 3824 3414 contn-

2247 3445 2418 3498 melite
2454 3447 2571 3502 loco
2606 3465 2620 3500 :
2657 3449 2744 3516 qui
2775 3452 2922 3502 enim
2962 3449 3013 3503 in
3063 3450 3390 3504 oblivionem
3423 3457 3689 3503 venerunt
3712 3465 3824 3504 suze

2246 3535 2482 3604 ipsorum
2516 3539 2865 3603 inﬁrmitatis,
2897 3551 2950 3594 et
2993 3552 3214 3610 propter
3242 3543 3505 3612 insignem
3535 3544 3821 3610 quamdam

2245 3628 2608 3697 insolentiam,
2643 3646 2701 3685 se
2752 3633 2886 3686 nihil
2933 3649 3186 3702 passuros
3256 3636 3564 3689 humanitus
3624 3650 3823 3701 exspe-

2244 3730 2410 3789 ctant,
2447 3723 2640 3776 merito
2675 3725 2885 3793 probris
2910 3728 3250 3794 exagitantur
3269 3737 3320 3780 et
3349 3728 3606 3792 dicteriis,
3640 3737 3694 3781 ut
3721 3731 3822 3780 ista

2245 3813 2498 3881 patiendo
2527 3831 2669 3886 aegre
2709 3817 2830 3870 licet
2859 3817 3070 3871 discant
3091 3819 3546 3885 quemadmodum
3579 3827 3822 3886 oporteat

2244 3907 2449 3960 sentire
2476 3907 2544 3962 de
2565 3924 2626 3964 se
2655 3909 2967 3964 modestius.
2998 3911 3098 3977 Qui
3128 3912 3313 3981 igitur,
3348 3911 3544 3979 inquit,
3574 3910 3821 3964 mollibus

2245 4011 2308 4052 ac
2346 3999 2612 4068 regalibus
2649 4000 2876 4055 dillluxit
2905 4013 2958 4057 et
2997 4004 3288 4058 luxuriavit
3315 4003 3543 4067 deliciis,
3577 4005 3624 4059 is
3659 4003 3820 4058 simul

2243 4100 2366 4140 cum
2400 4089 2522 4144 aliis
2555 4090 2748 4158 jacebit
2775 4094 2891 4147 sine
2916 4094 3139 4159 amictu,
3173 4109 3271 4148 nec
3302 4094 3386 4148 bis
3413 4109 3531 4163 qua:
3575 4105 3700 4150 sunt
3725 4095 3819 4150 de-

2242 4191 2388 4233 creta
2405 4190 2460 4234 et
2484 4182 2688 4236 saucita
2720 4185 2950 4240 mortuis
3000 4187 3194 4256 dignus
3226 4185 3532 4240 habebitur.

2316 4361 2481 4416 Vens.
2512 4363 2601 4416 12.
2637 4363 2911 4428 Quomodo
2956 4366 3140 4419 cecidit
3199 4367 3262 4419 de
3315 4366 3440 4418 cmlo
3493 4365 3701 4433 Lucifer
3728 4368 3818 4434 qui

2241 4471 2394 4507 mane
2423 4457 2690 4509 oriebatur
2714 4459 2740 4511 7
2763 4460 2980 4513 attritus
3015 4470 3090 4513 eu
3137 4463 3201 4514 in»
3222 4473 3424 4514 terram
3443 4462 3533 4530 qui
3580 4464 3815 4514 mittebat

2172 4553 2213 4607 ι)
2240 4546 2307 4598 ad
2337 4563 2512 4600 omnes
2536 4561 2708 4616 gentes
2736 4552 2765 4604 i‘

2304 4637 2465 4708 233
2523 4638 2688 4694 Stella
2751 4641 3081 4696 lucidissima
3155 4654 3240 4697 est
3302 4643 3539 4706 Lucifer,
3591 4653 3645 4697 et
3691 4654 3816 4696 ante

2235 4728 2572 4798 splendorem
2606 4746 2815 4788 aurora:
2837 4733 3125 4802 paululum
3142 4735 3335 4802 oritur,
3397 4744 3452 4789 et
3479 4735 3816 4790 coruscatio-

2238 4822 2321 4873 nis
2348 4821 2508 4875 veluti
2534 4821 2666 4877 solis
2694 4823 2914 4893 quidam
2957 4835 3039 4878 est
3068 4825 3422 4892 praenuntius.
3455 4826 3607 4892 Quod
3633 4835 3814 4879 autem

2235 4913 2550 4980 abundanti,
2576 4923 2631 4968 et
2661 4916 2815 4984 quasi
2847 4916 3012 4971 divite
3045 4918 3163 4972 luce
3184 4917 3515 4987 eilulgescat,
3562 4917 3689 4972 illud
3733 4917 3816 4971 iu-

2237 5005 2381 5060 dicio
2398 5021 2519 5060 esse
2540 5009 2912 5077 poterit,quod
2933 5008 3091 5078 paulo
3115 5017 3238 5063 ante
3258 5009 3549 5064 diluculum
3579 5008 3811 5063 eluceat.
3864 5025 3877 5068 g-

2237 5095 2484 5162 Qnandiu
2529 5099 2672 5153 cnim
2716 5102 2997 5156 aetherium
3051 5117 3250 5170 corpus
3291 5112 3468 5154 atrum
3520 5112 3606 5155 est
3657 5111 3812 5154 nocte

2236 5189 2389 5256 quasi
2423 5191 2773 5257 condensata,
2799 5201 2854 5246 et
2901 5194 3357 5250 invalescentibus
3389 5193 3647 5260 tenebris,
3681 5195 3813 5249 luci-

2236 5281 2441 5335 diorem
2475 5281 2676 5337 habent
2701 5283 3001 5340 claritatem
3028 5287 3275 5342 cmlestes
3301 5287 3473 5342 stella:
3507 5302 3519 5337 :
3551 5301 3674 5341 cum
3711 5301 3809 5339 au-

2245 5382 2350 5426 tem
2387 5373 2643 5430 adventat
2689 5375 2827 5440 dies,
2876 5386 2930 5432 et
2965 5378 3128 5433 veluti
3165 5378 3296 5434 solis
3330 5388 3572 5434 extremo
3601 5378 3813 5433 circulo

2247 5465 2873 5528 imminet.contrahitur
2899 5469 3298 5538 quodammodo
3337 5485 3521 5525 earum
3568 5470 3809 5525 omnium

2240 5557 2352 5622 Ιιιί,
2382 5561 2578 5613 cedens
2607 5561 2992 5629 prtestantiori,
3033 5573 3089 5618 et
3117 5577 3149 5617 a
3182 5562 3371 5633 majori
3416 5563 3618 5617 lumine
3660 5576 3815 5630 supe-

2241 5660 2378 5706 rata.
2404 5651 2472 5706 At
2500 5651 2734 5708 Luciferi
2774 5655 2952 5711 iumen
2981 5657 3117 5714 adeo
3151 5655 3426 5725 copiosum
3449 5662 3554 5718 est,
3591 5661 3649 5706 ut
3683 5649 3790 5704 dilu
