4840 6534
908 392 1017 452 379

915 608 1034 675 ejus
1062 605 1427 662 calamitatem
1458 608 1695 664 ostendit
1721 626 1736 674 ;
1764 619 1818 665 et
1853 623 2038 664 verum
2063 621 2147 665 est
2169 612 2310 681 quod
2334 612 2443 665 dixi
2474 628 2488 665 :

916 700 1184 768 siquidem
1243 715 1358 753 non.
1397 700 1518 769 pari
1554 709 1702 756 sorte
1757 716 1879 756 cum
1926 703 2147 771 reliquis
2180 705 2338 773 potiri
2369 719 2491 759 eum

918 790 1166 858 contigit,
1201 790 1291 858 qui
1334 789 1413 845 sic
1466 791 1741 844 fastuosus
1778 800 1861 845 est
1885 799 1940 846 et
1969 793 2298 861 cervicosus,
2330 804 2383 848 et
2410 796 2493 850 in-

915 880 1266 949 comparabili
1321 880 1580 949 dignitate
1627 890 1877 946 evectus,
1930 892 1988 936 ut
2030 884 2082 937 in
2105 883 2214 938 alto
2260 886 2496 942 culmine

914 968 1122 1025 locatus
1174 971 1441 1025 videatur.
1481 969 1558 1023 llli
1598 971 1743 1025 enim
1776 1014 1791 1038 ,
1837 972 2048 1041 inquit,
2087 974 2498 1031 obdormierunt

912 1075 1020 1115 non
1045 1061 1253 1130 absque
1284 1062 1509 1127 honore,
1540 1077 1714 1131 neque
1740 1063 1856 1117 sine
1885 1063 2225 1120 charissimis
2259 1067 2359 1121 sibi
2394 1067 2491 1120 ho—

914 1153 1114 1223 spitiis.
1147 1154 1216 1207 At
1257 1163 1311 1207 tu
1355 1154 1547 1207 hormn
1584 1168 1778 1208 exsors
1822 1155 2066 1221 omnino,
2118 1156 2168 1209 in
2225 1157 2497 1213 montibus

909 1244 1120 1307 iacebis
1142 1245 1515 1299 exsecrandus
1538 1254 1592 1299 et
1614 1244 1907 1313 projectus,
1932 1244 2098 1316 236
2132 1245 2181 1299 id
2205 1258 2311 1311 est,
2331 1248 2495 1303 olitus

915 1345 970 1389 et
994 1346 1218 1404 aspectu
1244 1335 1583 1392 invenustus.
1610 1334 1750 1402 Quid
1774 1337 1918 1389 enim
1952 1352 2178 1406 corpore
2209 1350 2421 1395 mortuo
2443 1350 2497 1394 et

914 1429 1169 1481 vestitum
1216 1444 1320 1481 non
1364 1428 1597 1503 habente
1637 1444 1757 1484 esse
1810 1431 2011 1495 poterit
2064 1435 2499 1488 exsecrabilius?

915 1516 1225 1573 Occumbes
1282 1520 1446 1589 igitur
1492 1536 1617 1574 cum
1671 1522 1895 1593 reliquis
1940 1524 2029 1593 qui
2079 1524 2271 1580 Medici
2331 1527 2494 1596 gladii

916 1626 1082 1679 opera
1110 1611 1456 1677 interierunt,
1483 1612 1629 1668 nullo
1655 1622 1708 1669 te
1730 1618 1974 1684 lugente,
2004 1631 2179 1685 neque
2200 1618 2496 1689 lacrymam

917 1712 1263 1759 mortuorum
1299 1707 1555 1760 comitem
1608 1707 1927 1775 distillante,
1963 1724 2065 1762 nou
2108 1712 2497 1779 parentationis

916 1795 1122 1849 honore
1168 1797 1603 1853 cohonestante:
1645 1800 1736 1854 sed
1790 1802 1863 1854 ita
1894 1802 2237 1867 miserabilis,
2271 1804 2341 1857 ita
2374 1818 2499 1872 pro-

915 1886 1159 1944 calcatus
1187 1889 1320 1957 eris,
1361 1898 1420 1944 ut
1452 1906 1482 1944 a
1516 1891 1747 1947 subditis
1784 1893 1908 1958 tuis,
1942 1893 2118 1963 iisque
2153 1867 2499 1963 despectissi-
2532 1867 2571 1925 Β

916 1981 1040 2044 mis,
1074 1982 1217 2036 nulla
1248 1982 1300 2035 in
1340 1998 1399 2038 re
1424 1983 1661 2039 diﬂeras.
1694 1983 1800 2040 Sed
1827 1995 1881 2040 et
1906 1986 2185 2041 sciendum
2212 1995 2293 2041 est
2324 2002 2497 2059 usque

917 2073 985 2127 ad
1011 2072 1100 2127 illa
1136 2088 1522 2143 processuram
1562 2077 2028 2132 lamentationem.

991 2251 1156 2307 Vens.
1179 2251 1272 2309 20.
1298 2252 1753 2318 Quemadmodum
1775 2255 1930 2311 vestis
1949 2258 2205 2327 sanguine
2220 2275 2499 2325 conspersa

919 2362 1022 2399 non
1053 2356 1126 2399 est
1158 2348 1376 2412 munda,
1413 2348 1491 2401 sic
1524 2363 1686 2414 neque
1718 2357 1774 2400 tu
1797 2349 1901 2402 eris
1927 2351 2152 2404 mundus
2179 2365 2198 2403 :
2227 2362 2500 2421 propterea

918 2438 1058 2504 quod
1085 2447 1278 2491 terram
1308 2454 1475 2491 nteant
1519 2439 1817 2506 perdidisti,
1850 2449 1897 2493 et
1938 2440 2186 2510 populant
2214 2458 2385 2495 meum
2417 2444 2498 2497 in—

920 2528 1196 2596 terfecisti,
1250 2546 1573 2598 nequaquam
1607 2530 1937 2598 permanebis
1989 2531 2044 2583 in
2098 2536 2503 2600 perpetuitatem

919 2623 1188 2689 temporis.

990 2712 1122 2778 Quae
1172 2716 1356 2783 gravia
1394 2715 1683 2770 admodum
1725 2716 1924 2786 ﬂagitia
1972 2726 2118 2782 sunt,
2163 2732 2391 2787 quisque
2434 2719 2503 2771 ah

922 2806 1237 2861 auctoribus
1277 2808 1392 2862 suis
1432 2807 1716 2864 diﬂlculter
1746 2809 1851 2863 elui
1887 2820 2132 2879 possunt,
2163 2826 2223 2865 ea
2255 2811 2504 2865 tinctura:

936 2896 1218 2964 cujusdam
1251 2897 1421 2952 instar
1449 2899 1688 2954 colorata
1719 2900 1904 2955 videre
1928 2901 2075 2956 licet.
2100 2903 2348 2958 Ostendit
2378 2918 2504 2958 vero

923 3000 1017 3042 eos
1053 2989 1389 3044 commisisse
1429 2991 1587 3060 digna
1633 3002 1871 3046 extrema
1916 2993 2018 3057 ira,
2055 3005 2109 3047 et
2144 2995 2335 3063 dignos
2381 3010 2505 3065 sup-

925 3078 1086 3145 plicio
1113 3080 1262 3134 vitiis
1305 3096 1370 3135 ex
1403 3096 1558 3150 :cquo
1591 3084 1965 3151 respondente.
1997 3081 2162 3150 Igitur
2191 3099 2297 3138 non
2324 3083 2504 3137 absol-

926 3169 1092 3235 veris,
1121 3170 1315 3238 inquit,
1348 3187 1377 3223 a
1413 3172 1650 3240 peccatis
1710 3188 1886 3243 neque
1916 3176 2147 3228 mundus
2168 3175 2297 3242 eris,
2332 3191 2503 3246 neque

930 3257 1305 3313 misericordia
1358 3262 1570 3332 dignus.
1628 3263 1748 3318 Eris
1785 3274 1965 3318 autem
1995 3267 2416 3333 contaminatus,
2454 3279 2509 3323 et

932 3350 1202 3405 indelebili
1236 3354 1398 3407 caadis
1424 3354 1657 3409 crimine
1688 3356 2135 3422 commaculatos,
2162 3361 2508 3429 quemadmo-

930 3441 1057 3495 dum
1105 3458 1236 3498 sane
1283 3446 1666 3502 vestimentum
1713 3450 1975 3520 sanguine
2022 3452 2262 3506 mistum.
2325 3452 2509 3508 Perdi-

930 3534 1057 3588 disti
1102 3537 1248 3589 enim
1294 3546 1491 3591 terram
1541 3550 1803 3605 sanctam,
1850 3550 1905 3595 et
1948 3541 2194 3597 occidisti
2253 3544 2505 3613 populum

929 3626 1062 3680 mihi
1107 3629 1439 3696 deputatum.
1496 3651 1514 3682 ι
1558 3631 1786 3698 Quando
1820 3654 1839 3685 ι
1887 3636 2054 3702 enim,
2091 3636 2286 3704 inquit,
2318 3657 2336 3689 ι
2378 3638 2511 3692 divi-

929 3718 1085 3772 debat
1112 3719 1430 3776 Altissimus
1456 3731 1669 3792 gentes,
1704 3725 1843 3779 lilios
1867 3726 2041 3779 Adam
2068 3713 2204 3796 quos
2228 3728 2505 3796 dispersit,

927 3813 1206 3865 constituit
1250 3812 1383 3868 lines
1408 3814 1646 3883 gentium
1681 3818 1979 3871 secundum
2018 3834 2304 3872 numerum
2348 3833 2509 3889 ange-

926 3898 1100 3955 lorum
1133 3904 1265 3971 Dei;
1294 3916 1348 3959 et
1382 3904 1557 3959 factus
1588 3918 1671 3960 est
1707 3922 1834 3976 pars
1862 3909 2073 3963 Domini
2108 3911 2336 3980 populus
2368 3913 2505 3981 ejus,

923 3991 1136 4055 Iacob;
1184 3997 1458 4052 funiculus
1520 4000 1857 4057 haereditatis
1915 4002 2031 4071 ejus
2080 4004 2241 4058 Israel
2275 4004 2316 4058 ³.
2350 4024 2369 4056 ι
2415 4006 2511 4062 Est

926 4084 1092 4153 igitur
1119 4089 1499 4156 gravissimum
1532 4104 1805 4146 se-contra
1841 4104 2041 4149 terram
2078 4096 2311 4159 Doiuini,
2338 4097 2389 4150 id
2427 4106 2511 4152 est

927 4177 1247 4247 Ecclesiam,
1305 4182 1577 4249 attollere,
1631 4194 1686 4239 et
1724 4187 1986 4242 adversus
2011 4188 2265 4257 populum
2294 4188 2511 4245 Christo

930 4271 1246 4339 deputatum
1272 4274 1475 4329 audere
1500 4277 1779 4332 homicidii
1828 4280 2003 4334 scelus
2027 4281 2332 4336 admittere.
2353 4280 2511 4337 Nullo

925 4364 1071 4415 enim
1111 4366 1267 4418 modo
1305 4366 1410 4420 erit
1444 4370 1699 4434 mundus,
1745 4372 1837 4441 qui
1882 4381 1989 4425 tam
2028 4372 2353 4441 prodigiosis
2393 4388 2512 4427 sce-

930 4455 1132 4511 leribus
1192 4458 1453 4514 irretitur.
1516 4460 1724 4515 Dixerit
1780 4471 1958 4516 autem
2004 4464 2505 4532 quiSpiam,credo,

1903 398 1962 452 S.
2012 396 2290 453 CYRILLI
2327 355 2796 459 ALEXANDRINII
2834 405 3150 463 ARCHIEP.

904 521 908 525 ’
984 516 1063 571 Ex
1101 517 1259 571 rebus
1289 516 1581 593 prtteritis
1607 516 1916 588 aliquando,
1948 520 2146 588 inquit,
2188 519 2491 590 graviorem
2519 525 2570 584 Α

4067 416 4166 473 380

2681 526 2774 580 Ἐκ
2814 527 2923 583 τῶν
2958 529 3346 601 ὑπαρχθέντων
3380 530 3490 584 ἔσθ’
3527 532 3638 597 ὅτε,
3668 532 3821 603 φησὶ,
3848 539 4157 605 φορτικωτέ-

2597 631 2696 686 ραν
2733 617 2898 671 αὑτοῦ
2941 620 3041 691 τὴν
3092 620 3378 691 συμφορὰν
3425 621 3790 676 διαδείκνυσιο
3837 626 3931 677 καὶ
3978 625 4168 696 ἀληθὲς

2591 710 2729 781 ὅπερ
2757 710 2894 781 ἔφην
2919 729 2933 742 ·
2981 714 3029 766 εἰ
3063 715 3137 783 μὴ
3182 713 3239 766 δὲ
3284 713 3391 767 τῶν
3440 716 3569 767 ἴσων
3604 715 3801 787 συνέϐη
3840 719 4024 785 τυχεῖν
4064 721 4167 781 τοῖς

2592 803 2792 867 ἄλλοις,
2815 804 2905 857 τὸν
2924 804 3067 859 οὕτω
3091 807 3361 878 περιφανῆ
3386 808 3480 859 καὶ
3502 806 3779 877 ὑψαυχένα
3798 809 3892 861 κα)⁸
3920 810 4167 881 ἁσυγκρί-

2592 912 2707 959 τοις
2736 897 3051 967 ὑπεροχαῖς,
3083 900 3161 961 εἰς
3200 899 3261 951 τὸ
3295 899 3428 969 ὑψοῦ
3478 900 3752 953 τεθεῖσθαι
3779 901 3957 955 δοκεῖν
4001 904 4161 972 ἠρμέ-

2594 1003 2700 1039 νον.
2731 988 2793 1040 Ol
2832 989 2931 1058 μὲν
2960 988 3067 1061 γὰρ
3103 991 3482 1062 κεκοίμηνται,
3514 993 3701 1063 φησὶν,
3741 993 3804 1045 οὐ
3842 992 3967 1062 δίχα
3990 993 4165 1064 τιμῆς,

2594 1075 2715 1129 οὔτε
2754 1077 2858 1147 μὴν
2893 1078 2998 1143 ἔξω
3035 1096 3138 1132 που
3184 1079 3292 1132 τῶν
3332 1080 3413 1133 ὅτι
3450 1080 3688 1151 μάλιστα
3718 1082 4053 1150 φιλαιτάτων
4081 1085 4171 1135 αὑ-

2594 1169 2706 1229 τοῖς
2738 1167 3190 1239 ὲνδιαιτημάτων.
3244 1171 3316 1224 Σὺ
3367 1171 3424 1223 δὲ
3473 1172 3566 1224 καὶ
3622 1171 3829 1224 τούτων
3873 1173 4172 1244 ἀμοιρήσας

2596 1260 2894 1324 παντελῶς,
2927 1262 2985 1313 ὲν
3014 1262 3163 1332 ὄρεσι
3194 1262 3349 1333 κείσῃ
3381 1263 3654 1334 βδελυρὸς,
3703 1265 3797 1317 καὶ
3828 1265 4171 1336 ὲρῤιμμένος,

2595 1350 2737 1405 τοῦτ’
2765 1351 2929 1419 ἔστιν,
2960 1351 3169 1416 ὢωδὼς
3198 1370 3254 1405 τε
3282 1354 3375 1406 καὶ
3407 1354 3650 1426 ἀτερπὴς
3680 1355 3760 1419 είς
3799 1354 3953 1407 θέαν.
3986 1354 4049 1407 Τί
4078 1355 4177 1425 γὰρ

2596 1442 2661 1496 ἂν
2708 1443 2918 1509 γένοιτο
2962 1443 3360 1515 βδελυρώτερον
3411 1444 3662 1515 σώματος
3707 1443 3906 1516 νεκροῦ
3943 1446 4039 1499 καὶ
4085 1462 4176 1498 πε-

2602 1531 2848 1603 ριστολὴν
2877 1533 2978 1586 οὐκ
3026 1532 3272 1602 ἕχοντος;
3306 1532 3477 1604 Κείσῃ
3521 1532 3585 1605 δὴ
3640 1530 3732 1588 οὗν
3766 1535 3904 1605 ὁμοῦ
3950 1538 4062 1599 τοῖς
4094 1536 4174 1588 ἄλ-

2598 1624 2727 1687 λοις.
2756 1624 2805 1676 οἳ
2840 1624 3116 1695 μαχαίρας
3145 1624 3306 1694 ἔργον
3358 1626 3614 1693 γεγόνασι
3656 1627 3933 1697 Μηδικῆς,
3979 1627 4179 1689 οὐδενὸς

2600 1717 2692 1769 ἐπὶ
2721 1717 2803 1769 σοὶ
2837 1716 3225 1787 θρηνήσαντος,
3252 1716 3312 1770 οὐ
3342 1717 3403 1770 τὸ
3430 1719 3545 1781 τοῖς
3574 1717 3827 1771 τεθνεῶσι
3858 1718 4179 1773 ἀκολουθοῦν

2598 1808 2989 1873 ὲπιστάξαντος
3031 1809 3288 1880 δάκρυον,
3345 1810 3447 1863 οὐκ
3494 1810 3768 1879 ἐνταφίοις
3819 1812 4177 1881 τιμήσαντος·

2604 1899 2816 1969 οἰκτρὸς
2856 1899 2913 1951 δὲ
2945 1899 3115 1963 οὕτως
3168 1900 3260 1952 καὶ
3301 1898 3657 1970 ἐρριμμένος,
3703 1899 3777 1961 ὡς
3809 1900 4042 1970 μηδενὸς
4082 1900 4179 1952 τῶν

2604 1990 2778 2044 ἄλλων
2823 1991 3142 2059 διενεγκεῖν,
3176 1991 3227 2045 οῖ
3278 1991 3371 2044 καλ⁹
3398 1991 3686 2060 γεγόνασιν
3720 1993 3824 2044 ὑπὸ
3870 1994 4035 2062 χεῖρα
4072 1993 4183 2062 σὴν,

2605 2084 2699 2135 καὶ
2727 2084 3063 2153 ἁσημότατοι
3091 2083 3388 2147 παντελῶς.
3422 2084 3635 2138 Είδέναι
3675 2084 3732 2137 δὲ
3765 2085 4084 2153 ἀναγκαῖον,
4110 2084 4183 2137 ὅτι

2609 2173 2773 2244 μέχρι
2811 2174 3015 2228 τούτων
3042 2177 3070 2228 ό
3098 2174 3293 2246 θρῆνος
3323 2176 3598 2244 στήσεται.

2683 2268 2793 2321 Ὃν
2846 2268 3066 2335 τρόπον
3120 2266 3351 2337 ἱμάτιον
3404 2267 3789 2337 πεφυρμένον
3834 2268 3907 2322 ἐν
3970 2270 4185 2337 αἵματι,

2607 2355 2807 2408 οὐκέτι
2862 2356 3140 2423 καθαρόν,
3196 2355 3385 2422 οὕτως
3430 2355 3573 2411 οὐδὲ
3610 2358 3692 2410 σὺ
3739 2356 3854 2426 ἔσῃ
3899 2358 4183 2425 καθαρόςο

2608 2445 2757 2499 διότι
2787 2445 2902 2514 τὴν
2929 2446 3045 2516 γῆν
3073 2465 3192 2516 μου
3231 2446 3570 2513 ἀπώλεσας,
3604 2446 3702 2499 καί
3731 2447 3839 2500 τὸν
3870 2448 4035 2500 λαόν
4078 2463 4185 2513 μου

2608 2538 2981 2606 ἀπέκτεινας,
3015 2542 3086 2595 οὐ
3120 2540 3205 2610 μὴ
3234 2540 3451 2609 μείνῃς
3476 2541 3563 2606 εἰς
3595 2538 3700 2593 τὸν
3725 2539 3913 2593 ala-ira
3947 2541 4181 2609 χρόνον.

2675 2719 2755 2771 Τὰ
2787 2718 3111 2789 παγχάλεπα
3142 2717 3249 2771 τῶν
3295 2718 3527 2787 δυσσεϐη
3539 2716 3721 2786 μάτων
3749 2715 4099 2770 δυσέκπλυτά
4130 2715 4185 2767 τι

2611 2813 2748 2873 ἐστι,
2788 2811 2882 2863 καὶ
2925 2814 3035 2873 τοῖς
3081 2809 3397 2880 δεδρακόσιν
3440 2808 3577 2861 αὐτὰ
3628 2807 3809 2877 βαφῆς
3850 2822 4002 2871 τινος
4043 2807 4188 2873 δίκην

2612 2899 3036 2970 ἐγκεχρωσμὲνα
3080 2897 3394 2968 καταθεῷτό
3449 2915 3532 2961 τις
3571 2896 3658 2951 ἄν.
3699 2896 4079 2950 Ἀποδεῦινυσι
4107 2909 4190 2961 γε·

2615 2992 2722 3063 μὴν
2774 2992 2971 3053 αὐτοὺς
3018 2990 3117 3059 τῆς
3163 2992 3243 3052 είς
3289 2988 3442 3059 λῆξιν
3484 2988 3723 3059 ἡκούσης
3767 2987 4188 3058 ἀγανακτήσεως

2612 3083 2966 3153 πεπραχότας
3017 3082 3165 3146 ἄξια,
3212 3082 3305 3134 καὶ
3350 3080 3506 3151 δίκης
3540 3080 3723 3144 ἀξίους
3767 3079 3868 3149 τῆς
3905 3079 4187 3151 ἰσορρόπου

2613 3180 2724 3240 τοῖς
2747 3176 3083 3245 αἰτιάμασιν.
3110 3172 3318 3226 Οὐκοῦν
3346 3173 3446 3226 οὑκ
3466 3171 3884 3243 ἀπαλλαχθήσῃ,
3911 3172 4069 3243 φησι,
4092 3171 4189 3223 τῶν

2618 3266 3124 3337 πλημμελημάτων,
3165 3263 3272 3317 οὐδ’
3302 3263 3367 3317 ἂν
3412 3266 3589 3331 γένοιο
3636 3263 3898 3333 καθαρὸς,
3932 3264 4029 3316 καὶ
4067 3278 4190 3315 κατ-

2621 3356 2982 3425 οικτείρεσθαι
3032 3353 3278 3425 πρέπων.
3312 3354 3451 3423 Ἕση
3490 3352 3545 3404 δὲ
3580 3352 3721 3405 οὕτω
3763 3352 4190 3423 μεμολυσμένος,

2616 3448 2711 3501 καὶ
2737 3445 3108 3517 ἀναπόϐλητον
3143 3443 3282 3514 ἔχων
3312 3443 3413 3513 τῆς
3458 3444 3769 3515 μιαιφονίας
3817 3443 3877 3496 τὺ
3925 3443 4188 3514 ἔγκλημα,

2617 3540 2867 3610 καθάπερ
2926 3538 3118 3608 ἀμέλει
3174 3538 3268 3591 καὶ
3317 3538 3531 3606 ἱμάτιον
3582 3537 3773 3607 αἵματι
3827 3537 4188 3607 πεφυρμένον.

2632 3632 2943 3694 Ἀπώλεσας
2977 3630 3086 3700 γὰρ
3127 3630 3229 3701 τὴν
3256 3629 3363 3699 γῆν
3403 3629 3503 3699 τὴν
3542 3629 3721 3695 ἁγίαν,
3779 3628 4107 3689 ἀπέκτεινας
4142 3626 4195 3679 δὲ

2618 3724 2712 3778 καὶ
2738 3724 2827 3776 τὸν
2857 3722 3227 3793 ἐκνεμηθέντα
3253 3720 3505 3791 μοιλαόν·
3542 3741 3558 3770 ι
3588 3722 3713 3772 ’Ὀτε
3738 3718 4188 3790 γὰρζδιεμέριζε,ι

2619 3818 2802 3889 φησὶν,
2837 3836 2854 3867 ι
2876 3820 2901 3870 ὀ
2919 3815 3181 3883 ’Ύψιστος
3212 3814 3360 3884 ἔθνη,
3393 3812 3808 3883 οῦςδιέσπειρεν
3837 3812 3990 3875 υἱοὺς
4008 3811 4192 3879 Ἀδὰμ,

2618 3913 2843 3980 ἔστησεν
2883 3911 3007 3980 ὅρια
3039 3906 3230 3969 ἐθνῶν,
3266 3906 3407 3959 κατὰ
3453 3905 3683 3977 ἀριθμὸν
3728 3904 3981 3973 ἀγγέλων
4029 3901 4192 3956 Θεοῦ·

2619 4004 2713 4057 καὶ
2744 4000 2974 4071 ἐγενήθη
3008 4000 3166 4069 μερὶς
3206 3998 3412 4068 Κυρίου
3452 3997 3576 4059 λαὸς
3606 3996 3771 4049 αὐτοῦ
3806 3995 4029 4060 Ἰακὼϐ,
4062 3994 4197 4064 σχοί-

2621 4112 2785 4165 νισμα
2818 4092 3181 4162 κληρονομίας
3220 4090 3385 4143 αὐτοῦ
3432 4088 3672 4158 Ἰσραήλ.
3715 4107 3733 4139 ι
3791 4088 4086 4141 Πάνδεινον
4113 4084 4199 4140 οὖν

2618 4189 2726 4259 ἄρα
2746 4186 2807 4239 τὸ
2829 4181 3260 4254 κατεπαίρεσθαι
3282 4184 3379 4252 τῆς
3405 4180 3497 4233 τοῦ
3521 4179 3728 4251 Κυρίου
3749 4180 3875 4250 γῆς,
3898 4179 4050 4233 τοῦτ’
4068 4179 4196 4243 ἐστι,

2616 4280 2716 4349 τῆς
2766 4275 3112 4345 Ἐκκλησεας,
3159 4272 3254 4325 καὶ
3294 4271 3364 4324 τὰ
3390 4274 3490 4341 τῆς
3534 4271 3846 4339 μιαιφονίας
3880 4270 4197 4340 τολμήματα

2620 4368 2879 4441 πληροῦν,
2923 4365 3066 4419 κατὰ
3102 4364 3197 4417 τοῦ
3236 4362 3629 4433 ὲκνεμηθέντος
3671 4362 3804 4414 λαοῦ
3854 4361 3932 4432 τῷ
3961 4359 4194 4432 Χριστῷ.

2623 4464 2816 4516 Ἔσται
2846 4460 2957 4529 γὰρ
2989 4457 3107 4510 κατ’
3137 4454 3325 4508 ούδένα
3358 4454 3556 4524 τρόπον
3595 4452 3855 4524 καθαρὸς,
3906 4455 3935 4506 ὁ
3975 4457 4089 4516 τοῖς
4115 4450 4198 4504 οῦ-

929 4544 1124 4602 ιιιιιαξιιε
1160 4558 1216 4603 et
1257 4550 1495 4619 ipsorum
1530 4549 1993 4623 Jerosolymorum
2027 4554 2368 4611 calamitates
2396 4557 2514 4610 ani-
2548 4586 2593 4639 ο
2621 4574 2729 4619 τως
2760 4557 2840 4607 ἐκτ

2288 4566 2368 4611 tes
2396 4557 2514 4610 ani-
2548 4586 2593 4639 Β
2621 4574 2729 4619 τως
2760 4553 3011 4614 ἐκτόποις
3042 4547 3264 4610 ὲναλοὺς
3302 4547 3663 4616 ἐγκλήμασιν.
3694 4546 3831 4617 Φαίη
3872 4546 3922 4639 ,δ’
3957 4546 4027 4600 ἂν
4056 4542 4198 4616 οἶμαί

931 4652 1021 4690 mo
1069 4648 1123 4693 et
1159 4642 1490 4711 cogitatione
1532 4659 1760 4700 versans
1794 4663 1807 4700 :
1838 4646 2050 4715 Ergone
2083 4660 2179 4699 sua
2205 4657 2397 4716 sponte
2426 4662 2510 4702 ve-

931 4730 1011 4784 nit
1060 4729 1481 4803 Babyloniorum
1538 4747 1798 4807 tyrannus
1828 4778 1842 4803 ,
1879 4746 1934 4791 et
1977 4737 2261 4792 Judaicatn
2307 4747 2509 4793 terram

931 4825 1280 4891 oppugnavit,
1333 4828 1586 4896 cepitque
1642 4840 1888 4882 sanctam
1928 4829 2227 4892 civitatem,
2260 4846 2365 4884 non
2392 4846 2515 4899 per-

933 4915 1183 4969 mittente
1226 4915 1300 4971 illi
1344 4916 1454 4973 Deo
1506 4921 1609 4974 hoc
1651 4920 1871 4983 facere,
1922 4920 2031 4974 imo
2068 4935 2171 4974 non
2221 4922 2516 4977 tradente?

935 5006 1195 5075 Equidem
1227 5009 1401 5079 inquit
1430 5012 1546 5081 ipse
1575 5013 1834 5082 propheta
1864 5014 2030 5068 Isaias
2069 5015 2223 5071 nobis
2257 5034 2269 5069 :
2306 5033 2324 5067 ι
2347 5014 2517 5071 Sibilo

936 5099 1152 5153 vocabit
1193 5098 1451 5157 Dominus
1493 5120 1707 5159 muscas
1728 5120 1846 5173 qua:
1872 5106 2220 5160 dominantur
2245 5108 2383 5175 parti
2408 5107 2511 5161 ilu-

936 5187 1008 5241 vii
1049 5188 1293 5260 IEgypti,
1341 5202 1397 5245 et
1436 5196 1518 5262 api
1554 5211 1673 5264 qua:
1698 5204 1782 5249 est
1816 5198 1868 5249 in
1895 5198 2114 5263 regione
2138 5198 2512 5268 Assyriorum,

934 5290 990 5334 et
1016 5285 1466 5350 venientonmes,
1505 5295 1559 5340 et
1596 5289 1936 5356 requiesceut
1960 5289 2016 5343 in
2052 5289 2211 5345 fossis
2236 5290 2398 5360 237
2432 5307 2515 5344 Γο-

937 5378 1116 5449 gionis
1140 5384 1266 5441 tua),
1292 5386 1346 5430 et
1375 5377 1427 5429 in
1453 5379 1720 5443 specubus
1740 5389 2038 5447 petrarum,
2062 5391 2114 5434 et
2140 5381 2190 5434 in
2220 5382 2512 5449 speluncis,

938 5482 994 5527 et
1023 5472 1077 5525 in
1105 5471 1253 5526 omni
1284 5471 1541 5535 scissura,
1572 5472 1698 5524 etin
1732 5473 1878 5525 omni
1905 5472 2047 5539 ligno
2083 5473 2123 5527 ⁸.
2172 5490 2190 5524 ι
2225 5472 2324 5537 Qui
2352 5474 2517 5542 igitur

941 5564 1143 5621 factum
1176 5573 1259 5618 est
1296 5572 1355 5616 ut
1398 5578 1465 5617 ex
1503 5563 1683 5617 divino
1718 5574 1848 5617 nutu
1878 5565 2120 5631 pendens
2168 5563 2515 5633 Babylonius,

943 5654 1227 5713 insanabili
1251 5652 1458 5711 scelere
1474 5655 1716 5724 perditus
1752 5655 1843 5720 sit,
1878 5655 2124 5723 adeoque
2155 5654 2395 5724 graviter
2428 5672 2519 5724 pur

1018 5806 1040 5840 ⁸
1071 5809 1225 5865 Deut.
1261 5825 1433 5877 χχχιι,
1467 5810 1517 5879 8,
1543 5813 1593 5866 9.
1671 5812 1691 5842 ³
1720 5810 1823 5867 lsa.
1857 5825 1951 5880 vn,
1980 5810 2161 5866 l8-l9.

2609 4670 2712 4715 τιςν
2743 4647 2841 4709 τὰς
2869 4644 2961 4698 ἐπί
3000 4660 3061 4711 γε
3090 4644 3157 4711 τῇ
3216 4639 3472 4711 Ἰουδαίᾳ,
3502 4639 3596 4692 καὶ
3640 4640 3823 4700 αὐτοῖς
3862 4638 3919 4691 δὲ
3958 4642 4073 4702 τοῖς
4112 4639 4199 4690 Ἱε-

2613 4740 2933 4816 ροσολύμοις
2976 4731 3261 4803 συμφορὰς
3295 4730 3633 4801 ὲκνενοηκώς
3662 4748 3675 4762 ·
3702 4725 3850 4800 Ἀρα
3897 4730 4009 4802 γὰρ
4056 4728 4197 4782 αὑτό.

2616 4834 2775 4907 μολος
2815 4826 2951 4901 ἧκεν
2993 4828 3020 4879 ὁ
3050 4822 3411 4877 Βαϐυλωνίων
3438 4821 3725 4892 τύραννος,
3761 4822 3855 4874 καὶ
3899 4820 4199 4891 κατεστρά-

2611 4942 2770 4978 τευσε
2795 4924 2895 4991 τῆς
2930 4916 3195 4972 Ἰουδαίων
3220 4914 3346 4985 γῆς,
3379 4910 3492 4965 εἷλε
3541 4914 3598 4965 δὲ
3634 4913 3732 4966 καὶ
3769 4913 3867 4982 τὴν
3899 4913 4064 4980 ἁγίαν
4104 4911 4196 4964 πό-

2614 5018 2716 5080 λιν,
2750 5014 2850 5067 οὐκ
2880 5010 3112 5079 ἀφέντος
3136 5006 3287 5077 αὐτῷ
3311 5005 3470 5059 τοῦτο
3496 5004 3691 5075 δράσαι
3732 5003 3888 5067 Θεοῦ,
3930 5001 4128 5073 μᾶλλον
4146 5001 4198 5054 δὲ

2620 5110 2720 5161 οὐκ
2757 5102 2905 5174 αύτῷ
2941 5100 3254 5166 δεδωκότος,
3302 5099 3485 5153 καίτοι
3531 5097 3695 5167 φησιν
3734 5096 3899 5159 αὐτὸς
3935 5099 3972 5150 ὁ
3995 5095 4199 5165 προφηο

2621 5217 2721 5270 της
2767 5200 2900 5269 ἡμῖν
2963 5194 3213 5257 Ἡσαΐας,
3264 5193 3346 5244 ὅτι
3396 5210 3412 5241 ι
3462 5191 3647 5261 Συριεῖ
3708 5188 3912 5259 Κύριος
3957 5184 4199 5258 μυῖας,δ

2624 5290 2875 5362 κυριεύει
2926 5289 3125 5358 μέρους
3172 5282 3420 5352 ποταμοῦ
3475 5280 3784 5349 Αἰγύπτου,
3840 5281 3935 5332 καὶ
3988 5280 4055 5349 τῇ
4112 5292 4197 5345 με·

2624 5382 2805 5452 λίσσῃ,
2852 5380 2886 5451 ἦ
2939 5381 3089 5432 ἐστιν
3122 5380 3180 5430 ἐν
3226 5375 3380 5446 χώρᾳ
3422 5374 3531 5426 τῶν
3579 5372 3903 5442 Ἀσσυρίων,
3937 5372 4031 5423 καὶ
4061 5366 4197 5421 ἑλεύ·

2629 5489 2811 5525 σονται
2843 5471 3066 5533 πάντες,
3121 5468 3217 5523 καὶ
3263 5465 3668 5519 ἀναπαύσονται
3702 5464 3760 5514 ὲν
3805 5465 3928 5525 ταῖς
3969 5458 4197 5533 φάραγξι

2626 5566 2725 5633 τῆς
2754 5564 2957 5635 χώρας,
2994 5562 3085 5615 καὶ
3134 5563 3192 5614 ὲν
3228 5562 3348 5621 ταῖς
3387 5556 3657 5629 τρώγλαις
3690 5554 3799 5608 τῶν
3833 5555 4065 5624 πετρῶν,
4111 5549 4198 5603 καὶ

2628 5660 2707 5720 εἰς
2740 5657 2808 5709 τὰ
2845 5655 3103 5727 σπήλαια,
3135 5655 3227 5707 καὶ
3258 5655 3337 5717 εἰς
3372 5652 3551 5705 πᾶσαν
3576 5648 3805 5721 ραγὰὃα,
3836 5647 3926 5700 καὶ
3956 5648 4016 5699 ὲν
4048 5641 4199 5698 παντὶ
