4110 6488
275 368 370 429 531

1400 371 1464 427 ΙΝ
1504 371 1738 431 lSAlA.“
1781 376 1911 433 LlB.
1955 380 2019 436 ll.
2065 380 2305 442 TOMUS
2344 386 2407 444 ll.

3422 394 3532 448 583

275 490 428 560 ξύλῳ.
465 506 484 541 t
529 488 654 552 Πῶς
691 484 782 571 οὖν
826 490 934 561 ἄρα
974 493 1086 555 τοῖς
1119 491 1381 564 νεύμασιν
1421 495 1774 567 ὑπηρετήσας
1820 502 1848 552 6

1951 504 2150 568 niatur,
2181 516 2240 560 ut
2267 508 2499 576 amplius
2537 524 2643 565 non
2678 513 3070 583 conspiciatur,
3105 513 3184 569 ira
3217 514 3266 569 ei
3297 514 3528 569 inﬂicta?

275 581 613 646 Βαϐυλώνιος
645 568 958 653 ἀνεξίτητον
991 584 1102 655 ἔχει
1145 585 1208 638 τὸ
1250 586 1533 658 ἔγκλημα,
1580 593 1672 644 καὶ
1703 590 1847 645 οὕτω

274 671 593 728 κεκόλασται
631 673 838 738 δεινῶς,
871 675 946 738 ὡς
975 676 1232 732 ἐπέκεινα
1275 679 1442 748 μηδὲν
1478 679 1706 750 ὁρᾶσθαι
1750 683 1848 753 τῆς

273 761 652 834 ἐπενεχθείσης
682 763 862 835 ¹ὀργῆς
895 766 1075 837 αὐτῷς
1124 767 1232 820 Ναὶ
1265 770 1358 822 καὶ
1409 771 1556 840 μάλα
1598 774 1842 838 εἰκότως.

283 852 539 923 Ἠθέλησε
588 854 687 924 μὲν
719 855 828 926 γὰρ
860 856 888 908 6
933 857 1044 909 τῶν
1089 857 1224 911 ὅλων
1270 859 1403 924 Θεὸς
1447 861 1846 920 ἁπονενευκότα

269 943 402 1014 πρὸς
430 944 733 999 ἀπόστασιν
752 946 968 1016 ἐλέγξαι
997 949 1085 1002 τὸν
1128 951 1363 1022 Ἰσραὴλ,
1396 955 1491 1008 καὶ
1514 957 1848 1029 συμμέτροις

267 1037 468 1100 αἰκίαις
506 1037 795 1092 ἀναπεῖσαι
845 1039 1228 1112 παλινδρομεῖν
1279 1047 1360 1108 είς
1402 1044 1501 1117 τὴν
1539 1048 1690 1118 αὐτῷ
1725 1067 1846 1104 συν-

268 1127 371 1199 ήθη
400 1127 680 1200 λατρείαν,
714 1129 857 1200 φημὶ
904 1129 966 1201 δὴ
1015 1130 1112 1202 τὴν
1145 1135 1395 1205 νομικὴν.
1435 1135 1491 1188 ’0
1537 1136 1617 1204 δὲ,
1667 1140 1846 1192 καίτοι

267 1218 399 1290 πρὸς
428 1219 586 1271 τοῦτο
617 1219 875 1289 ὴγμένος,
896 1220 1084 1293 θηρίου
1109 1222 1264 1294 δίκην
1289 1225 1602 1296 ἀμείλικτος
1633 1225 1722 1301 ὴν,
1752 1235 1846 1286 καὶ

264 1309 537 1381 ἀχαλίνοις
562 1311 832 1383 ἐχρήσατο
865 1315 975 1377 τοῖς
1003 1315 1213 1385 θυμοῖς,
1253 1319 1346 1372 καὶ
1378 1319 1506 1388 γοῦν
1535 1323 1846 1391 ἐγκαλεῖται

263 1401 397 1456 Θεοῦ
425 1401 674 1470 λέγοντος
699 1404 942 1476 ἐναργῶς
965 1421 980 1437 ⁶
1011 1426 1029 1458 ι
1052 1407 1334 1479 Ἑζήλωκα
1355 1411 1453 1483 τὴν
1469 1413 1842 1488 Ἰερουσαλὴμ,

263 1495 352 1547 καὶ
379 1493 479 1565 τὴν
511 1493 651 1548 Σιὼν
682 1493 845 1564 ζῆλον
890 1497 1082 1567 μέγαν,
1129 1501 1225 1554 κα)⁸
1273 1501 1429 1574 θυμῷ
1465 1507 1686 1578 μεγάλῳ
1734 1509 1846 1578 ἐγὼ

261 1586 552 1658 ὀργίζομαι
573 1589 663 1640 ἐπὶ
685 1587 753 1642 τὰ
776 1589 901 1659 ἔθνη
920 1589 988 1643 τὰ
1003 1592 1456 1665 συνεπιτιθέμενα
1476 1613 1487 1624 ·
1507 1598 1623 1651 ἀνθ’
1643 1593 1717 1653 ὧν
1734 1601 1844 1670 ἐγὼ

263 1677 361 1746 μὲν
383 1678 666 1750 ὠργίσθην
686 1679 863 1749 ὀλίγα·
890 1680 1042 1734 αὐτοὶ
1066 1681 1122 1735 δὲ
1143 1684 1500 1740 συνεπέθεντο
1525 1689 1606 1752 είς
1627 1690 1792 1745 κακά.
1820 1709 1839 1743 t

262 1771 479 1842 Ὠσπερ
506 1771 562 1825 δὲ
598 1771 793 1836 σκεῦος
826 1773 955 1828 ὄντα
985 1772 1162 1843 θυμοῦ
1195 1778 1290 1831 καὶ
1323 1778 1493 1849 ὀργῆς
1523 1780 1614 1832 τὸν
1643 1781 1846 1853 Φαραὼ

1951 594 2108 652 Certe
2148 598 2272 667 jure
2321 601 2543 670 optimo.
2590 600 2770 658 Voluit
2800 605 2942 660 enim
2974 606 3345 662 universitatis
3386 608 3531 666 Deus

1948 688 2303 744 declinantem
2347 695 2414 746 ad
2464 693 2819 751 defectionem
2869 699 3116 754 lsraelem
3165 715 3432 770 arguere,
3473 712 3530 758 et

1949 782 2163 837 modico
2206 787 2472 855 supplicio
2503 791 2850 858 persuadere,
2887 803 2946 848 ut
2975 794 3152 849 denuo
3191 796 3259 849 ad
3299 809 3529 850 consuec

1949 880 2063 926 tnnt
2117 875 2342 937 cultum.
2375 878 2620 948 legalem,
2665 883 2909 952 inquam,
2952 895 3276 940 recurreret.
3309 884 3413 939 Iste
3440 900 3530 938 au-

1949 974 2056 1020 tent
2113 966 2239 1022 licet
2285 969 2351 1022 ad
2409 972 2510 1024 ltnc
2533 973 2745 1039 ductus,
2782 973 2911 1028 fera:
2943 991 3094 1030 more
3128 977 3354 1030 immitis
3382 983 3524 1036 erat,

1949 1067 2002 1110 et
2025 1057 2288 1114 effrenato
2311 1060 2492 1116 furore
2522 1065 2799 1130 agebatur.
2845 1065 3126 1133 Siquidem
3165 1075 3456 1122 accusatur
3495 1081 3526 1120 a

1953 1148 2062 1204 Deo
2085 1151 2370 1207 ntanil'eSIe
2400 1154 2616 1209 dicente
2643 1173 2657 1210 :
2695 1175 2714 1207 ι
2741 1155 3050 1212 Entulatus
3075 1172 3194 1211 sum
3221 1155 3526 1212 Jerusalem

1947 1251 2001 1295 et
2043 1243 2173 1299 Sion
2219 1246 2563 1302 aemulatione
2619 1262 2832 1315 magna,
2880 1259 2935 1300 et
2975 1246 3159 1300 lurore
3201 1261 3397 1315 magno
3426 1259 3530 1314 ego

1947 1335 2155 1390 irascor
2207 1338 2457 1404 gentibus
2508 1337 2967 1407 conspirantibus,
3024 1352 3122 1406 pro
3150 1352 3216 1392 eo
3250 1336 3394 1406 quod
3428 1350 3528 1405 ego

1946 1427 2963 1499 sttcceusuiparunt,illiconspirarent
3001 1427 3053 1482 in
3093 1427 3231 1481 mala
3251 1427 3350 1480 δ’.»
3390 1427 3529 1480 Pita-

1949 1529 2172 1570 raonem
2217 1517 2343 1570 item
2396 1527 2652 1587 tauquam
2698 1534 2794 1574 vas
2842 1519 3041 1574 furoris
3081 1533 3144 1572 ac
3173 1521 3290 1584 irae,
3316 1527 3371 1571 et
3397 1529 3529 1585 pro-

1948 1616 2067 1676 pter
2092 1623 2189 1662 sua
2224 1619 2443 1677 peccata
2474 1611 2942 1666 animadversione
2967 1611 3079 1679 jam
3104 1609 3348 1678 dignum,
3380 1607 3529 1662 exci-

1951 1698 2102 1762 tavit,
2154 1699 2314 1752 sicuti
2355 1701 2466 1768 ipse
2499 1701 2596 1766 ait,
2633 1711 2692 1754 ut
2731 1703 2785 1755 itt
2817 1701 2934 1770 ipso
2961 1711 3016 1754 et
3048 1713 3202 1754 suam
3233 1696 3526 1768 potentiam

1948 1800 2002 1844 et
2031 1789 2161 1858 justi
2207 1790 2396 1857 judicii
2429 1793 2778 1847 severitatem
2834 1793 3169 1847 ostenderet.
3204 1790 3279 1843 lta
3315 1800 3529 1855 quoque

259 1864 350 1918 καὶ
400 1865 763 1935 ὑποκείμενον
804 1866 906 1938 ἤδη
941 1867 1161 1922 κολάσει
1208 1868 1276 1922 δι’
1308 1871 1484 1924 οίκεῖα
1532 1873 1848 1944 πταίσματα

1953 1881 2020 1936 de
2038 1881 2347 1953 Babyloniis
2371 1883 2661 1954 intelliges.
2697 1883 2834 1938 Cum
2855 1883 2998 1936 enint
3026 1891 3206 1936 essent
3244 1895 3369 1933 vasa
3408 1877 3524 1940 ira.

258 1955 532 2028 ἐξήγειρε,
567 1955 710 2011 καθά
731 1975 896 2030 φησιν
937 1959 1119 2026 αὐτὸς,
1155 1959 1219 2014 ἵν’
1252 1960 1549 2034 ἐνδείξηται
1585 1966 1643 2019 ὲν
1670 1965 1842 2038 αὐτῷ,

256 2046 353 2117 τήν
393 2063 454 2099 τε
485 2047 620 2101 ίδίαν
643 2046 892 2118 δύναμιν,
927 2050 1021 2102 καὶ
1048 2050 1146 2120 τῆς
1170 2050 1571 2122 δικαιοκρισίας
1600 2054 1659 2108 τὸ
1680 2056 1844 2128 ἀκρι-

258 2139 345 2202 σές
365 2156 380 2169 ·
425 2138 568 2192 οὕτω
598 2140 810 2209 νοήσεις
841 2142 938 2194 καὶ
972 2141 1064 2194 ἐπὶ
1091 2144 1202 2204 τοῖς
1239 2141 1622 2209 Βαϐυλωνίοις.
1665 2148 1843 2221 Σκεύη

1952 1982 2008 2027 et
2030 1972 2178 2040 juste
2198 1971 2489 2043 plectendi.
2518 1973 2833 2027 invaserunt
2865 1968 3222 2040 Jerosolyma,
3249 1975 3307 2020 ut
3329 1962 3529 2020 lsraele

1951 2062 2238 2130 castigato,
2287 2075 2340 2116 et
2389 2063 2492 2134 ipsi
2531 2078 2653 2117 cum
2689 2061 2781 2116 illo
2809 2062 2877 2116 ad
2921 2075 3134 2131 poenam
3177 2074 3237 2114 se
3269 2055 3527 2128 dignissi-

1955 2170 2096 2206 mam
2123 2153 2574 2222 deposceretttur.

257 2232 361 2302 γὰρ
407 2232 562 2295 ὄντες
605 2231 794 2303 ὀργῆς,
871 2235 966 2286 καὶ
1029 2233 1360 2306 κολασθῆναι
1407 2237 1634 2304 δικαίως
1702 2243 2030 2312 ὀφείλοντες,
2072 2247 2451 2319 ἐπηνέχθησαν
2519 2249 2631 2311 τοῖς
2690 2243 3120 2316 Ἰεροσολύμοιςο
3175 2243 3266 2295 ἵνα
3311 2235 3533 2293 παιδεύ-

259 2342 454 2388 σαντες
509 2327 598 2382 τὸν
662 2325 905 2398 Ἰσραὴλ,
963 2327 1295 2397 ὲξαιτηθεῖεν
1374 2332 1514 2402 μετὰ
1570 2332 1728 2388 τοῦτο
1778 2337 1874 2389 καὶ
1947 2341 2102 2393 αὐτοὶ
2159 2341 2256 2412 τὴν
2309 2343 2493 2406 αὐτοῖς
2533 2343 2617 2396 ὅτι
2673 2341 2912 2412 μάλιστα
2963 2336 3279 2413 πρέπουσάν
3324 2352 3386 2388 τε
3436 2338 3532 2389 καὶ

256 2416 674 2490 ἁρμοδιωτάτην
707 2415 950 2473 κόλασιν.

325 2515 574 2582 Σπέρμα
623 2509 926 2580 πονηρὸν,
978 2511 1303 2582 ἐτοίμασον
1353 2515 1426 2569 τὰ
1489 2518 1675 2573 τέκνα
1724 2537 1844 2575 σου

257 2602 570 2674 σφαγῆναι
625 2605 753 2669 ταῖς
789 2605 1101 2674 ἁμαρτίαις
1149 2608 1257 2663 τοῦ
1309 2613 1538 2679 πατρός
1573 2631 1714 2680 σου,
1741 2616 1843 2668 ἵνα

251 2700 334 2770 μὴ
383 2698 758 2764 ἀναστῶσιν,
797 2701 895 2753 καὶ
933 2699 1332 2769 ἐμπλήσωσιν
1352 2701 1469 2770 τὴν
1505 2702 1624 2772 γῆν
1678 2705 1850 2760 πολέ-

251 2807 403 2859 μων.
454 2791 561 2844 Kal
609 2790 1108 2860 ἐπαναστήσομαι
1150 2791 1378 2859 αὐτοῖς,
1413 2793 1576 2863 λέγει
1633 2797 1850 2864 Κύριος

257 2877 526 2941 Σαϐαὼθ,
563 2877 664 2932 καί
691 2878 898 2932 ἀπολῶ
925 2877 1125 2934 αὐτῶν
1161 2880 1370 2952 ὄνομα,
1412 2883 1512 2937 καί
1544 2884 1852 2956 κατάλειμ·

251 2987 353 3042 μα,
389 2969 493 3023 καὶ
517 2973 774 3039 σπέρμα.

324 3060 604 3115 Πάνδεινα
639 3062 739 3132 μὲν
768 3063 992 3134 δέδρακε
1034 3064 1176 3118 κατὰ
1206 3065 1408 3130 παντὸς
1439 3067 1627 3131 ἔθνους
1672 3069 1700 3120 6
1732 3070 1849 3124 Να-

2025 2521 2186 2578 Vtztts.
2227 2525 2320 2589 9-1,
2358 2524 2450 2580 2‘2.
2486 2524 2672 2580 Semen
2725 2525 3040 2593 improbum,
3075 2539 3316 2592 pra’para
3340 2522 3531 2592 liberos

1952 2627 2069 2670 tuos
2114 2628 2168 2670 ut
2214 2617 2524 2670 occidantur
2548 2616 2608 2669 ob
2637 2617 2818 2684 culpas
2843 2617 3008 2683 patris
3037 2615 3138 2677 tui,
3167 2630 3230 2667 ne
3257 2625 3530 2684 resurgant

1952 2716 2000 2759 et
2053 2717 2206 2760 terra
2251 2707 2612 2761 Itwreditatem
2651 2707 2843 2758 adeant
2873 2743 2888 2766 ,
2939 2702 3288 2771 impleantquc
3336 2713 3532 2757 terram

1955 2793 2122 2848 bellis.
2155 2794 2220 2848 Et
2276 2811 2593 2864 consurgant
2621 2809 2774 2859 super
2818 2808 2927 2857 eos,
2957 2791 3088 2845 dicit
3135 2790 3390 2844 Dominus
3426 2789 3533 2845 Sa-

1921 2885 2135 2948 ~baotft,
2170 2894 2216 2938 et
2267 2887 2481 2953 perdam
2529 2900 2712 2937 nomen
2759 2899 2938 2936 eorum
2965 2919 2981 2946 ,
3033 2889 3083 2934 et
3141 2879 3392 2949 reliquias
3419 2919 3436 2944 ,
3480 2888 3536 2932 ω

1951 2993 2146 3033 semen.

2024 3069 2359 3124 GraviSsime
2396 3068 2588 3122 alllixit
2634 3083 2824 3122 omnes
2865 3076 3050 3137 gentes
3099 3063 3530 3119 Nabuchodono-

256 3152 671 3222 ϐουχοδονόσορ,
699 3156 792 3206 καὶ
837 3156 886 3207 οἱ
920 3156 1037 3226 μετ’
1065 3155 1227 3210 αὑτὸν
1259 3157 1314 3210 δὲ
1340 3159 1432 3211 καὶ
1468 3159 1526 3227 ἐξ
1559 3160 1724 3214 αὑτοῦ
1758 3178 1848 3229 γε·

1954 3175 2133 3225 sorus,
2169 3168 2224 3213 ct
2274 3169 2395 3228 post
2429 3175 2550 3213 euttt
2596 3168 2648 3213 et
2678 3173 2742 3211 ex
2779 3172 2845 3212 eo
2872 3157 3006 3220 uati,
3051 3170 3219 3225 usque
3250 3155 3316 3207 ad
3349 3151 3534 3206 Balta-

255 3246 502 3314 γονότες.
532 3245 694 3316 μέχρι
718 3245 1028 3318 Βαλτάσαρ,
1076 3251 1193 3310 ταῖς
1224 3248 1319 3301 τοῦ
1352 3251 1559 3321 πατρὸς
1598 3252 1851 3323 ἑπόμενοι

255 3338 637 3410 δυστροπίαις,
695 3339 1034 3409 ὑπερήλαντο
1094 3341 1162 3394 τὰ
1209 3342 1441 3406 ἐκείνου,
1505 3343 1646 3414 ὠμοί
1675 3345 1853 3398 τεκαὶ

256 3429 494 3491 ἀπηνεῖς
524 3429 666 3482 κατὰ
691 3429 886 3493 παντὸς
910 3431 1194 3499 γεγόνασιν
1213 3432 1418 3499 ἔθνους,
1447 3434 1853 3505 κατεπεφύοντὸ

256 3536 312 3576 τε
350 3519 456 3572 τοῦ
495 3520 736 3590 Ἰσραὴλ,
766 3521 944 3574 καίτοι
975 3523 1265 3590 γεγόνασιν
1289 3525 1346 3576 ἐν
1375 3525 1725 3597 αἰχμαλωσίᾳ
1757 3529 1852 3581 καὶ

257 3611 414 3682 ζυγῷ
441 3611 684 3676 δουλείας
711 3615 1092 3684 ὲνησχημένοι.
1125 3617 1508 3687 Πεφρονὴκασι
1543 3618 1601 3671 δὲ
1631 3619 1773 3672 οὕτω
1798 3637 1851 3672 τι

259 3703 434 3773 μέγα,
463 3705 556 3758 καὶ
581 3705 701 3758 κατ’
727 3706 895 3776 αὐτῆς
921 3709 1020 3777 τῆς
1047 3707 1140 3760 τοῦ
1169 3707 1306 3760 Θεοῦ
1357 3709 1536 3781 δόξης,
1579 3709 1719 3765 ὥστε
1757 3711 1852 3764 καὶ

254 3795 345 3850 τὸν
378 3795 666 3866 ἀλιτήριον
715 3797 1022 3869 Βαλτάσαρ,
1069 3799 1325 3854 ποιοῦντα
1356 3803 1518 3855 πότον
1560 3806 1672 3866 τοῖς
1697 3821 1852 3874 μεγι-

258 3887 660 3953 στᾶσιναύτοῦ,
719 3893 1081 3960 παρενεγκεῖν
1128 3893 1210 3954 εἰς
1263 3892 1426 3961 μέσον
1481 3893 1550 3946 τὰ
1585 3895 1749 3965 σκεύη
1783 3895 1853 3947 τὰ

256 3980 416 4048 ἅγια.
451 3981 547 4033 κα)⁸
585 3985 728 4034 πιεῖν
755 3982 812 4033 ἐν
849 3983 1032 4045 αὐτοῖς
1061 3987 1181 4044 ταῖς
1219 3984 1544 4039 παλλακίσιν
1583 3986 1717 4058 ὁμοῦ
1760 3988 1852 4040 καὶ

253 4075 374 4135 ταῖς
407 4073 771 4142 παρακοίταις
791 4072 979 4136 αὐτοῦ,
1011 4075 1100 4128 ὅτε
1119 4074 1214 4127 καὶ
1244 4074 1463 4147 ἐξῆλθεν
1508 4079 1851 4149 ἀστράγαλος

256 4162 468 4234 χειρὸς,
489 4161 633 4214 καθά
665 4179 828 4232 φησιν
852 4165 880 4216 6
901 4162 1116 4232 Δανιὴλ,
1143 4165 1236 4216 καὶ
1260 4164 1474 4235 γραφὴν
1499 4167 1557 4218 ἐν
1584 4167 1661 4236 τῷ
1689 4167 1852 4238 τοίχῳ

257 4254 578 4324 πεποίηται’
613 4254 806 4321 Μάνη,
862 4254 1070 4323 Θεκὲλ,
1103 4256 1314 4323 Φαρές·
1347 4257 1374 4309 ὂ
1416 4257 1479 4328 δὴ
1507 4259 1600 4310 καὶ
1626 4259 1852 4330 διερμη-

254 4346 438 4401 νεύων
474 4348 502 4400 6
529 4347 812 4410 θεσπέσιος
859 4348 1076 4418 Δανιὴλ,
1117 4347 1444 4419 μεμερίσθαι
1491 4350 1589 4418 μὲν
1619 4349 1720 4420 ἔφη
1753 4351 1851 4420 τὴν

1954 3265 2160 3315 Saruut,
2197 3249 2476 3319 patt'isttue
2532 3250 2614 3302 sui
2653 3247 3065 3318 perversitatem
3098 3255 3369 3302 sectantes
3407 3261 3538 3300 eum

1957 3343 2118 3394 etiam
2156 3351 2507 3409 superarunt,
2544 3338 2900 3407 crudelesque
2939 3349 2993 3394 et
3041 3337 3305 3391 immanes
3335 3339 3389 3390 itt
3421 3353 3532 3390 ont-

1955 3449 2053 3488 nes
2113 3442 2300 3503 gentes
2349 3434 2712 3497 exstiterunt,
2763 3437 2818 3484 et
2868 3428 3126 3483 lsraelitis
3182 3427 3532 3490 insultarunt,

1957 3528 2170 3582 tametsi
2207 3528 2257 3580 iu
2294 3525 2605 3594 captivitate
2635 3525 2852 3579 luerunt
2883 3535 2933 3577 et
2957 3523 3088 3592 jugo
3117 3523 3396 3578 servitutis
3430 3537 3531 3591 op-

1956 3621 2148 3690 pressi.
2182 3621 2438 3688 Adeoque
2475 3634 2535 3672 se
2561 3619 2727 3672 etiam
2766 3627 2953 3672 contra
2990 3617 3229 3669 divinam
3273 3614 3530 3682 majesta-

1953 3721 2060 3766 teut
2100 3709 2416 3775 elTereltant,
2468 3719 2526 3762 ut
2577 3709 2875 3762 sceleratus
2931 3705 3246 3759 Baltasarus
3277 3704 3532 3759 convivio

1956 3801 2297 3872 ntagnatibus
2343 3799 2458 3853 suis
2507 3799 2770 3852 adornata
2815 3812 2969 3851 sacra
3018 3811 3146 3849 vasa
3203 3793 3420 3848 aﬁerret
3474 3793 3527 3846 itt

1955 3895 2226 3957 tttedittut,
2282 3904 2336 3947 et
2375 3907 2443 3946 ex
2494 3890 2598 3944 illis
2647 3905 2768 3943 cum
2820 3889 3102 3959 pellicibus
3134 3898 3188 3941 et
3218 3884 3531 3941 concubinis

1955 3987 2202 4041 biberet:
2235 3985 2448 4054 quando
2498 3984 2660 4038 etiam
2707 3996 2959 4052 egressus
3000 3979 3262 4034 articulus
3311 3994 3526 4040 manus,

1953 4079 2113 4134 sicuti
2161 4079 2236 4132 ait
2288 4075 2498 4139 Daniel,
2539 4075 2868 4144 scripturam
2920 4073 2972 4127 in
3017 4072 3224 4143 pariete
3271 4071 3524 4126 lecisset:

1955 4171 2132 4228 ΜΑΝΕ.
2170 4169 2405 4232 Tuscae,
2437 4168 2648 4222 l'tutttss
2680 4169 2700 4199 '
2733 4183 2749 4220 :
2777 4167 2919 4238 quod
2977 4166 3342 4234 interpretans
3389 4165 3528 4218 divi-

1954 4279 2057 4320 nus
2100 4263 2286 4316 Daniel
2327 4262 2511 4332 238.
2559 4261 2789 4315 divisum
2823 4273 2944 4314 esse
2978 4257 3111 4312 dixit
3139 4272 3361 4326 regnum
3388 4257 3529 4325 ejus,

1952 4368 2004 4409 et
2042 4353 2212 4408 Medis
2245 4370 2308 4409 ac
2333 4351 2518 4406 Persis
2562 4351 2840 4405 traditum.
2872 4349 3039 4402 Aiunt
3074 4349 3238 4420 igitur
3273 4359 3400 4402 tunc
3431 4361 3528 4417 ge-

256 4439 542 4512 βασιλείαν
573 4440 763 4505 αὐτοῦ,
799 4441 1042 4495 δεδόσθαι
1102 4442 1160 4495 δὲ
1205 4441 1410 4513 Μήδοις
1446 4443 1538 4496 καὶ
1584 4443 1844 4513 Πέρσαις.

1955 4462 2054 4501 nus
2083 4444 2598 4501 Nabuchodonosori
2630 4453 2684 4496 et
2713 4441 2975 4495 Baltasari
3007 4441 3245 4495 funditus
3275 4440 3526 4510 periisse,
3579 4433 3596 4448 ‘

254 4531 395 4585 Φασὶ
453 4532 743 4604 τοιγαροῦν
794 4531 1074 4604 ὀλόρῤιζον
1118 4533 1414 4588 ἀπολέσθαι
1459 4533 1583 4587 τότε
1636 4534 1698 4586 τὸ
1752 4533 1847 4586 τοῦ

259 4624 738 4697 Νασουχοδονόσορ
791 4625 965 4694 γένος,
1007 4625 1102 4679 καὶ
1156 4627 1256 4696 μέν
1307 4643 1389 4679 τοι
1443 4627 1504 4679 τὸ
1542 4627 1852 4697 Βαλτάσαρ,

260 4717 418 4772 ὥστε.
437 4718 640 4788 μηδένα
667 4719 728 4771 τὸ
754 4719 1018 4790 παράπαν
1043 4718 1104 4782 ἐξ
1134 4719 1365 4790 αἵματος
1392 4718 1569 4774 αὐτῶν
1600 4718 1853 4789 ἐπιϐῆναι

263 4810 383 4878 μετ’
419 4810 615 4873 αὐτοὺς
634 4813 747 4872 τοῖς
771 4812 900 4880 παρ’
929 4811 1110 4872 αὐτοῖς
1132 4809 1410 4880 βασιλείας
1431 4809 1638 4873 θάκοις.
1659 4810 1851 4875 Τοῦτο,

255 4899 445 4970 οἶμαι,
475 4900 564 4953 διὰ
585 4901 693 4953 τῶν
720 4901 1099 4971 προκειμένων
1127 4902 1260 4972 ἡμῖν
1305 4903 1334 4954 6
1367 4901 1706 4972 προφητικὸς
1733 4900 1856 4953 δια-

255 4992 505 5046 δείκνυσι
565 4993 741 5062 λόγος.
776 4993 970 5064 Ἀθρει
1029 4992 1136 5064 γὰρ
1164 4994 1312 5056 ὅπως
1346 4991 1486 5047 κατὰ
1529 4992 1731 5055 παντὸς
1758 4991 1852 5045 τοῦ

257 5084 507 5153 πονηροῦ
545 5084 861 5155 σπέρματος
895 5085 928 5154 ὴ
959 5083 1078 5136 θεία
1120 5083 1435 5155 κεχώρηκεν
1467 5085 1630 5156 ὀργή.
1680 5085 1855 5138 Ἑτοίι

261 5191 441 5243 μασον
463 5175 592 5246 γὰρ,
620 5176 776 5247 φησὶ,
801 5176 868 5229 τὰ
908 5175 1076 5228 τέκνα
1102 5193 1194 5228 σου
1229 5177 1502 5246 σφαγῆναι
1528 5181 1646 5241 ταῖς
1676 5178 1856 5247 ἁμαρ⁴

261 5265 410 5329 τίαις
440 5267 532 5319 τοῦ
565 5267 770 5338 πατρός
801 5285 916 5322 σου.
957 5267 1174 5338 Ἐπειδὴ
1216 5267 1325 5338 γὰρ
1349 5270 1397 5320 οἱ
1437 5269 1670 5338 πατέρες
1691 5269 1853 5337 γεγό-

261 5373 424 5410 νασιν
456 5358 692 5421 ὰσεὸεῖς,
727 5360 1002 5413 πέπαυται
1030 5359 1089 5412 τὸ
1110 5360 1168 5424 ἐξ
1197 5360 1375 5414 αὐτῶν
1408 5361 1628 5429 σύμπαν
1653 5361 1845 5431 ὲσὸμε·

261 5463 355 5501 νον
382 5449 554 5517 γένος.
572 5449 671 5502 Διὰ
691 5451 850 5502 ποίαν
873 5451 1052 5504 αἰτίαν
1073 5467 1087 5516 ;
1120 5453 1236 5504 Ἵνα
1264 5451 1338 5521 μὴ
1361 5451 1656 5516 ἁναστῶσι,
1685 5453 1838 5522 φησὶ,

263 5540 361 5594 καὶ
400 5540 496 5610 τὴν
525 5542 626 5611 γῆν
660 5541 1128 5613 κληρονομήσωσι,
1159 5543 1252 5595 καὶ
1275 5543 1593 5613 ἐμπλήσωσι
1621 5543 1718 5615 τὴν
1739 5544 1842 5613 γῆυ

264 5628 540 5698 πολέμιον’
599 5633 741 5684 τοῦτ’
794 5632 958 5695 ἔστιν,
993 5633 1081 5686 ἵνα
1141 5631 1216 5702 μὴ
1271 5635 1387 5696 ταῖς
1431 5634 1538 5685 τῶν
1594 5633 1842 5704 πατέρων

342 5790 386 5820 ’δ’
419 5789 576 5846 Zaclt.
611 5807 647 5851 ι.
685 5791 766 5850 14.
806 5793 886 5845 15.
965 5792 986 5824 ⁸
1028 5792 1158 5845 Dan.
1199 5790 1350 5851 ι’,Ξῦ

1954 4549 2012 4592 ιιι
2060 4553 2220 4592 nemo
2259 4550 2483 4606 prorsus
2527 4546 2648 4604 post
2685 4533 2806 4588 illos
2844 4532 3105 4599 sanguine
3128 4547 3313 4584 eorum
3349 4529 3528 4584 oriun-

1951 4629 2052 4682 dus
2105 4627 2306 4696 regiam
2365 4626 2510 4680 illaut
2573 4624 2756 4679 sedem
2816 4621 3210 4677 conscenderit.
3271 4619 3420 4684 lloc,
3471 4629 3529 4672 ut

1950 4718 2164 4786 Opinor,
2207 4715 2293 4770 ltis
2334 4714 2515 4768 verbis
2561 4727 2682 4781 qua:
2724 4712 2994 4782 proposita
3035 4709 3195 4764 nobis
3233 4720 3381 4771 sunt,
3410 4723 3528 4777 pro-

1951 4807 2200 4877 pheticus
2237 4820 2418 4860 sermo
2449 4804 2713 4859 declarat.
2749 4803 2962 4858 latuere
3012 4802 3156 4856 enim
3213 4817 3319 4871 quo
3372 4811 3529 4871 pacto

1954 4901 2007 4954 in
2055 4898 2366 4952 universum
2401 4911 2586 4952 semen
2635 4895 2938 4966 improbum
2984 4893 3163 4948 divina
3209 4895 3286 4946 ira
3321 4908 3528 4962 grasse-

1954 5001 2060 5045 tur.
2093 4987 2344 5056 Prmpara
2377 4988 2546 5053 enim,
2583 4987 2777 5056 inquit,
2813 4985 3014 5040 liberos
3037 4993 3156 5039 tuos
3196 4993 3252 5038 ut
3281 4984 3529 5039 occidan-

1952 5094 2038 5139 tur
2081 5092 2299 5153 propter
2346 5081 2534 5150 culpas
2579 5081 2748 5150 patris
2805 5078 2903 5134 tui.
2959 5078 3091 5133 Cum
3147 5077 3291 5131 enim
3349 5089 3529 5145 patres

1950 5184 2136 5233 essent
2191 5175 2361 5245 impii,
2413 5173 2592 5228 omnis
2638 5185 2823 5226 eorum
2871 5171 3164 5240 posteritas
3214 5167 3389 5222 deleta
3420 5177 3523 5220 est.

1952 5270 2123 5336 Quarti
2175 5267 2244 5320 ob
2304 5263 2571 5320 causam?
2618 5261 2687 5317 Ut
2745 5278 2851 5316 non
2897 5269 3202 5330 resurgant,
3235 5257 3436 5327 inquit,
3471 5263 3526 5308 et

1953 5371 2110 5414 terra:
2135 5358 2497 5413 ltrcreditatem
2523 5356 2742 5417 adeant,
2764 5365 2818 5408 et
2847 5363 3044 5406 terram
3067 5351 3221 5404 bellis
3245 5347 3528 5418 impleant.

1953 5452 2003 5505 id
2036 5461 2138 5514 est,
2165 5466 2232 5502 ne
2261 5457 2537 5517 paternam
2567 5445 2910 5500 insolentiam
2948 5451 3243 5506 sectantes,
3280 5447 3334 5492 et
3367 5437 3531 5491 avitae

1952 5542 2243 5611 impietatis
2289 5538 2492 5603 aemuli,
2527 5537 2678 5592 bellis
2712 5546 2908 5590 terram
2945 5533 3221 5604 impleant,
3254 5528 3413 5584 sicuti
3448 5526 3524 5580 illi

1953 5634 2224 5701 videlicet,
2266 5634 2504 5703 ﬁantque
2534 5632 2648 5702 ejus
2681 5629 2904 5686 domini.
2940 5627 2999 5681 Et
3030 5627 3300 5693 insurgunt
3333 5629 3520 5674 contra
