4110 6500
620 437 729 495 387

1621 438 1678 491 S.
1716 436 1993 494 CYRILLI
2034 435 2497 492 ALEXANDRlNl
2538 436 2858 494 ARlllllEP.

3782 437 3883 494 333

624 555 1073 625 praeuuntiautur.
1136 554 1269 609 Cum
1329 554 1491 623 igitur
1539 573 1695 612 nemo
1740 560 1953 613 vincula
2001 558 2191 620 solvat,

2301 559 2379 611 ὅτι
2413 577 2471 610 τε
2522 560 2699 631 πάντη
2726 574 2783 612 τε
2817 561 2910 613 καὶ
2939 557 3155 623 πάντως
3184 558 3261 623 εἰς
3288 559 3464 630 πέρας
3495 556 3791 628 ἐκϐήσεται
3822 561 3884 610 τὰ

627 658 719 701 aut
751 657 896 702 certe
940 650 1109 715 possit
1150 649 1342 703 divinae
1387 649 1478 702 ira:
1510 651 1757 705 obnoxiis
1790 668 1944 721 opem
1979 652 2191 714 afferre,

623 741 795 809 pergit
845 754 1004 806 porro
1055 742 1410 796 sermocinari
1469 759 1533 796 ac
1582 744 1758 795 dicere
1805 763 1818 797 :
1863 742 1994 797 Nam
2052 746 2193 810 quod

622 830 762 885 Deus
783 840 1005 885 sanctus
1054 832 1315 896 decrevit,
1358 834 1481 903 quis
1520 836 1822 889 rescindel?
1868 847 1921 889 et
1975 855 2190 892 manum

624 922 892 975 excelsam
946 924 1068 992 Quis
1129 925 1367 980 avertet?
1416 927 1734 981 Pra-scindit
1788 930 1928 981 enim
1977 945 2190 982 omnem

626 1013 919 1084 Babylonio
958 1032 1129 1085 spem,
1165 1032 1227 1072 ac
1268 1028 1568 1087 opportune
1620 1020 1976 1074 corroborare
2024 1022 2195 1089 pergit

624 1105 914 1169 lsraelitas.
945 1106 1101 1178 2A],
1141 1121 1246 1175 quo
1286 1109 1467 1163 animo
1497 1108 1605 1161 sint
1643 1109 1934 1172 constanti,
1976 1120 2030 1164 et
2079 1127 2194 1163 om-

623 1197 1109 1265 nipotentissimam
1155 1213 1369 1249 manum
1400 1197 1578 1250 omnia
1632 1197 1958 1264 domantem,
1990 1210 2190 1253 rectam

624 1298 786 1356 alque
816 1304 1116 1357 supremam
1141 1288 1400 1356 promissa
1434 1300 1769 1344 servaturam
1795 1307 1918 1345 vere
1936 1294 2189 1345 sentiant.

628 1379 763 1434 Cum
800 1381 942 1434 enim
982 1381 1273 1435 terribilem
1317 1390 1477 1448 atque
1510 1381 1898 1437 formidabilem
1944 1383 2194 1455 Assyrio-

626 1488 744 1526 rum
780 1473 1072 1540 potentiam
1123 1473 1516 1537 existimarent,
1560 1488 1679 1543 qua:
1722 1475 1919 1528 nemini
1979 1478 2193 1530 cederet

622 1577 687 1616 ac
717 1562 856 1616 vinci
889 1577 947 1616 sc
997 1579 1101 1617 non
1155 1572 1447 1631 pateretur,
1482 1579 1545 1617 ac
1582 1575 1863 1633 propterea
1908 1580 2193 1620 consenta-

625 1669 786 1706 neum
821 1662 969 1707 esset
997 1654 1325 1722 pr0pheticis
1365 1656 1706 1709 sermonibus
1741 1655 1975 1710 diliidere
2010 1674 2023 1710 :
2070 1658 2194 1711 hinc

629 1745 751 1814 jure
778 1745 979 1813 optimo
1022 1744 1124 1798 hoc
1170 1743 1270 1796 illis
1301 1744 1546 1798 accidere
1586 1760 1687 1797 non
1718 1744 1865 1807 sinit,
1901 1759 1963 1797 ac
1988 1755 2190 1798 tantum

630 1850 735 1888 non
773 1834 1104 1888 contrarimn
1154 1835 1359 1894 suadet.
1407 1846 1461 1888 ct
1516 1834 1903 1889 incredulitatis
1949 1837 2192 1891 morbum

2302 651 2742 720 προηγγελμένα,
2778 651 3149 722 παραλύοντος
3180 653 3238 705 δὲ
3297 652 3508 715 οὐδενὸς
3539 654 3638 724 τὴν
3666 654 3882 718 ἐπαγω-

2301 737 2423 809 γὴν,
2460 738 2625 809 ἤγουν
2655 740 2958 809 ἐπαμύνειν
2988 742 3101 803 τοῖς
3144 739 3249 793 ὑπὸ
3282 740 3431 792 θείαν
3460 739 3630 811 ὀργὴν
3678 738 3882 807 ἰσχύονο

2299 847 2411 892 τος,
2445 833 2877 901 προσαποφαίνει
2936 832 3132 899 λέγων’
3172 833 3237 884 "A
3290 832 3398 901 γὰρ
3464 831 3492 883 ό
3531 830 3663 892 Θεὸς
3729 828 3882 894 ἅγιος

2303 917 2673 987 βεϐούλευται,
2722 922 2805 985 τίς
2868 923 3239 988 διασκεδάσει;
3309 922 3405 975 καὶ
3438 922 3536 992 τὴν
3592 922 3751 990 χεῖρα
3784 921 3879 988 τὴν

2302 1010 2512 1079 ὑψηλὴν
2544 1013 2629 1075 τίς
2652 1014 2981 1084 ἀποστρέψει
3003 1031 3016 1079 ;
3040 1016 3351 1085 Ἀποκείρει
3385 1014 3483 1085 μὲν
3512 1013 3622 1084 γὰρ
3649 1014 3879 1065 είσάπαν

2298 1102 2397 1172 τὴν
2426 1102 2535 1154 τῶν
2558 1104 2914 1158 Βαϐυλωνίων
2958 1106 3166 1159 ἐλπίδα·
3212 1105 3581 1175 προσεμπεδοῖ
3602 1104 3659 1156 δὲ
3692 1101 3881 1173 χρεησί⁴⁵

2304 1212 2419 1263 μως
2444 1194 2570 1257 τοὺς
2593 1197 2652 1259 ἐξ
2684 1196 2917 1267 Ἰσραὴλ,
2950 1200 3030 1260 εἰς
3058 1199 3118 1250 τὸ
3150 1197 3431 1269 ἀραρότως
3453 1194 3760 1249 διακεῖσθαι
3788 1193 3879 1248 καὶ

2301 1287 2536 1353 φρονεῖν,
2571 1286 2653 1337 ὅτι
2708 1286 2881 1356 πάντη
2918 1303 2975 1338 τε
3036 1286 3129 1339 καὶ
3175 1286 3391 1347 πάντως
3452 1284 3791 1352 ἀποπερανεῖ
3814 1282 3879 1336 τὶ

2300 1376 2684 1447 ἐπηγγελμένα
2713 1378 3152 1447 πανσθενεστάτη
3177 1396 3237 1430 τε
3269 1378 3606 1448 ὑπάρχουσα,
3651 1376 3745 1427 κού⁸
3778 1391 3877 1428 κα-

2300 1468 2643 1537 τακρατοῦσα
2676 1469 2783 1521 τῶν
2804 1468 2961 1530 ὅλων,
2999 1470 3175 1541 ἡθεία
3201 1486 3260 1521 τε
3295 1470 3388 1521 καὶ
3423 1467 3703 1537 ὑπερτάτη
3736 1467 3876 1536 χείρ.

2313 1558 2525 1630 Ἐπειδὴ
2556 1560 2662 1628 γὰρ
2688 1560 2855 1635 ᾤοντο
2912 1562 3086 1633 δεινὴν
3117 1563 3209 1615 καὶ
3262 1562 3590 1632 δυσάντητον
3627 1561 3726 1631 τὴν
3774 1559 3881 1611 τῶν

2311 1653 2610 1723 Ἀσσυρίων
2639 1654 2904 1725 ὑπάρχειν
2932 1656 3082 1725 ἰσχὺν
3111 1657 3203 1708 καὶ
3224 1655 3663 1727 παραχωροῦσαν
3682 1654 3878 1713 οὐδενὶ,

2299 1743 2391 1795 καὶ
2417 1744 2478 1796 τὸ
2504 1745 2766 1813 ἡττᾶσθαι
2791 1744 3220 1817 παραιτουμένη,
3248 1746 3554 1814 ἀπιστῆσαι
3581 1743 3635 1796 δὲ
3676 1738 3745 1813 ἦν
3793 1740 3880 1793 διὰ

2298 1834 2455 1887 τοῦτο
2492 1836 2637 1899 είκδς
2683 1838 2796 1898 τοῖς
2844 1838 2941 1907 τῆς
2984 1836 3320 1908 προφητείας
3384 1834 3583 1903 λόγοις
3625 1832 3878 1901 ταὲτῃτοι

627 1935 856 1991 resecat,
899 1941 1020 1981 cum
1060 1926 1191 1981 dicit
1245 1942 1259 1977 :
1310 1925 1520 1979 Manum
1568 1927 1836 1982 excelsam
1886 1930 2007 1998 quis
2043 1945 2191 1983 aver-

2300 1926 2394 1979 καὶ
2446 1927 2588 1997 μάλα
2653 1928 2875 1990 εἰκότως
2919 1928 3077 1980 τοῦτο
3134 1927 3325 1980 παθεῖν
3368 1926 3467 1978 οὐκ
3508 1926 3591 1994 ἐᾷ’
3641 1923 3803 1991 μόνον
3823 1922 3877 1974 δὲ

619 2017 735 2071 tet?

692 2282 854 2335 Vens.
907 2282 999 2347 28,
1052 2282 1144 2337 29.
1201 2284 1349 2335 Anno
1396 2298 1496 2351 quo
1544 2292 1779 2335 mortuus
1829 2294 1902 2336 est
1953 2285 2190 2340 Achazus

622 2391 733 2437 rex,
772 2375 968 2443 factum
1013 2385 1086 2428 est
1128 2375 1333 2427 verbum
1370 2374 1465 2425 hoc
1519 2390 1536 2427 :
1577 2373 1656 2428 Ne
1698 2376 1974 2440 Imtamini,
2016 2394 2190 2432 omnes

621 2468 949 2534 alienigena'.
987 2465 1281 2520 Contritum
1310 2474 1383 2518 est
1428 2467 1563 2517 enim
1612 2467 1800 2534 jugunt
1857 2472 2189 2535 percutientis

624 2575 729 2613 vos.
776 2558 916 2612 Nam
961 2575 1024 2611 ea:
1055 2559 1247 2611 semine
1292 2568 1583 2621 serpentum
1623 2559 1952 2627 egredientur
2002 2579 2188 2633 proge-

623 2652 732 2705 nies
758 2651 1020 2717 aspidum,
1047 2661 1091 2703 et
1114 2650 1381 2719 progenies
1415 2666 1591 2703 eorum
1623 2651 1949 2719 egrediantur
1981 2670 2191 2721 serpen-

618 2751 695 2793 tes
726 2742 955 2808 pennati.

698 2834 947 2887 Diversas
986 2834 1252 2889 habebant
1283 2833 1513 2888 diversis
1541 2835 1874 2903 temporibus
1907 2837 2191 2893 revelatioo

621 2940 723 2980 nes
760 2924 931 2979 sancti
979 2927 1269 2995 pmphetze,
1319 2940 1496 2977 rerum
1551 2935 1758 2978 natura:
1805 2940 2187 2995 congruentes,

621 3018 687 3069 ad
717 3031 902 3070 eorum
928 3016 1019 3085 qui
1048 3027 1156 3070 tum
1180 3000 1762 3071 vixerunt'utilitatcm.
1791 3018 1998 3072 Etenim
2022 3020 2191 3077 Israe-

621 3107 747 3170 lem,
774 3106 863 3175 qui
909 3115 1216 3166 exaruerat.
1253 3115 1308 3160 et
1331 3106 1633 3161 divinarum
1676 3107 1849 3177 legum
1878 3125 2062 3164 curam
2095 3118 2191 3168 ab-

616 3198 843 3267 iecerat,
899 3198 1267 3252 universitatis
1328 3198 1466 3252 Deus
1512 3201 1576 3253 ad
1632 3201 1905 3255 meliorem
1955 3215 2188 3259 mentem

622 3291 910 3346 traducere
939 3290 1106 3345 voluit
1136 3307 1150 3345 :
1189 3289 1374 3344 multis
1397 3290 1673 3345 beneﬁciis
1704 3291 2007 3359 alliciendo,
2036 3304 2091 3348 et
2134 3295 2186 3350 in
2216 3266 2261 3326 Ο

622 3383 741 3437 illos
762 3383 853 3452 qui
901 3383 948 3438 ei
993 3383 1418 3437 adversabantur
1454 3384 1591 3439 iram
1623 3386 1988 3454 accendendo,
2031 3398 2194 3459 atque

620 3490 714 3529 eos
743 3474 834 3543 qui
859 3484 1099 3529 sanctam
1136 3473 1435 3537 civitatem,
1469 3475 1768 3531 Jerusalem
1802 3478 1943 3544 dico,
1981 3480 2191 3535 habita-

623 3568 774 3632 bant,
807 3567 873 3620 ad
906 3566 1098 3619 bonam
1138 3580 1285 3634 spem
1338 3568 1658 3634 revocando,
1705 3583 1812 3637 quo
1867 3586 2033 3625 unum
2083 3573 2192 3627 sci-

622 3664 745 3713 rent
791 3672 855 3711 ac
908 3657 1079 3711 solum
1131 3657 1499 3714 universitatis
1547 3659 1856 3726 Dominum,
1923 3671 1976 3717 et
2029 3663 2190 3717 alium

623 3760 883 3820 praeterea
920 3749 1209 3805 neminem.
1238 3750 1308 3803 At
1356 3765 1483 3806 vero
1530 3751 1605 3806 illi
1649 3763 1952 3807 creaturam
1998 3766 2193 3823 praeter

620 3845 934 3900 Creatorem
991 3844 1192 3898 honore
1249 3859 1313 3896 ac
1377 3845 1725 3900 veneratione
1782 3858 2188 3915 prosequentes,

623 3948 786 4007 atque
819 3936 954 3990 falso
994 3936 1286 3991 nominatis
1321 3937 1423 3992 diis
1455 3938 1560 3992 liba
1609 3937 1919 4005 nll'erentes,
1957 3939 2191 3995 oﬂ'ensa-

623 4039 748 4084 runt
779 4045 883 4084 non
917 4028 1279 4083 mediocriter.
1316 4027 1502 4084 Talem
1551 4029 1716 4098 igitur
1769 4045 1911 4084 nunc
1944 4032 2188 4085 ordinem

621 4139 687 4176 ac
714 4121 1001 4175 artilicinm
1037 4130 1190 4177 tenor
1218 4121 1546 4191 prophetica:
1589 4122 1834 4177 lectionis
1877 4122 2031 4177 nobis
2070 4139 2189 4192 pro-

623 4215 808 4282 positae
833 4213 1154 4267 subindicat.
1182 4212 1446 4267 Cmterum
1482 4214 1710 4283 primum
1761 4214 1974 4282 aperire
2013 4229 2189 4281 operae

623 4307 852 4376 pretium
882 4314 967 4359 est
986 4304 1262 4369 historica,
1289 4314 1342 4359 et
1375 4304 1580 4373 singula
1608 4321 1878 4375 exponere
1907 4306 2135 4361 dilucide
2172 4325 2184 4360 :

624 4398 741 4451 Erit
770 4397 969 4466 quippe
992 4395 1072 4449 sic
1096 4394 1318 4449 lecturis
1348 4394 1688 4463 perspicuum
1715 4396 1947 4449 maxime
1969 4395 2019 4449 id
2044 4401 2187 4467 quod

619 4488 961 4554 explanatur.
989 4485 1254 4555 Regnavit
1291 4485 1451 4555 igitur
1483 4484 1867 4555 Hierosolymis
1896 4486 1950 4540 in
1992 4485 2188 4543 lsraele

2294 2017 2416 2085 οὐχὶ
2479 2019 2572 2070 καὶ
2629 2018 2953 2080 ὲκδυσωπεῖ,
2998 2020 3093 2071 καὶ
3137 2018 3235 2087 τῆς
3285 2017 3545 2078 ἀπιστίας
3580 2016 3681 2085 τὴν
3726 2014 3878 2066 νόσον

2294 2109 2686 2179 προαποκείρει
2716 2109 2907 2178 λέγων·
2943 2110 3052 2181 Τὴν
3086 2113 3242 2181 χεῖρα
3282 2110 3380 2180 τὴν
3408 2108 3617 2179 ὑψηλὴν
3641 2107 3723 2170 τίς
3745 2107 3879 2159 ἀπο-

2296 2200 2514 2271 στρέψει
2533 2220 2548 2268 ;

2371 2294 2478 2348 Τοῦ
2503 2294 2680 2360 ἔτους
2701 2290 2771 2349 οὗ
2797 2295 3097 2349 ἀπέθανεν
3120 2292 3308 2363 Ἅχαζζ
3340 2293 3595 2364 ἐγενήθη
3619 2291 3685 2343 τὸ
3709 2290 3874 2357 ῥῆμα

2294 2386 2469 2438 τοῦτο
2495 2403 2507 2416 ⁸
2540 2386 2639 2454 Μὴ
2674 2387 3122 2455 εὐφρανθείητε,
3160 2385 3383 2450 πάντες
3407 2388 3459 2438 οἱ
3492 2384 3830 2450 ἀλλόφυλοι
3852 2394 3867 2409 ο

2292 2479 2610 2544 συνετρίϐη
2647 2477 2757 2547 γὰρ
2795 2482 2829 2531 ὁ
2871 2477 3043 2546 (prec
3074 2476 3180 2530 τοῦ
3226 2478 3505 2540 πταίοντος
3540 2473 3713 2543 ὑμᾶς.
3773 2473 3869 2525 Ἐκ

2294 2570 2402 2639 γὰρ
2480 2572 2823 2639 σπέρματος
2895 2572 3088 2639 ὄφεων
3155 2570 3581 2633 ἐξελεύσονται
3654 2566 3873 2632 ἔκγονα

2291 2659 2592 2724 ἀσπίδων,
2652 2663 2750 2714 καὶ
2807 2660 2880 2714 τὰ
2933 2659 3152 2731 ἔκγονα
3204 2657 3401 2712 αὐτῶν
3449 2655 3871 2720 ἐξελεύσονται

2292 2751 2455 2820 δέρεις
2488 2755 2821 2822 πετόμενοι.

2360 2844 2616 2915 Διάφοροι
2645 2845 2786 2898 κατά
2820 2842 3044 2913 καιροὺς
3076 2840 3444 2910 ἀποκαλύψεις
3489 2838 3737 2907 ἐγένοντο
3758 2836 3866 2899 τοῖς

2291 2935 2467 3003 ἁγίοις
2520 2938 2846 3006 προφήταις,
2898 2934 2994 2988 καὶ¹
3048 2934 3113 3002 τῇ
3168 2930 3325 2999 φύσει
3372 2928 3481 2981 τῶν
3528 2926 3865 2998 πραγμάτων

2292 3027 2686 3097 συμϐαίνουσαι
2719 3028 2854 3097 πρὸς
2884 3026 3069 3095 ὄνησιν
3096 3021 3205 3074 τῶν
3245 3020 3517 3091 τηνικάδε.
3548 3018 3743 3070 Καίτοι
3763 3016 3865 3085 γὰρ

2291 3119 2677 3189 ἀπεσκληκότα
2734 3120 2823 3172 τὸν
2888 3115 3105 3188 Ἰσραὴλ
3168 3114 3257 3166 καὶ
3318 3113 3425 3164 τῶν
3476 3111 3634 3164 θείων
3691 3110 3866 3179 νόμων

2292 3211 2626 3280 ὰφειδηκότα
2677 3209 3076 3281 μεταπλάττειν
3125 3205 3314 3275 ἢθελεν
3356 3205 3435 3267 εἷς
3477 3219 3538 3270 γε
3572 3202 3635 3253 τὸ
3675 3200 3867 3270 χρῆναι

2293 3303 2361 3356 τὰ
2409 3303 2614 3373 ἀμείνω
2665 3304 2881 3372 φρονεῖν
2924 3302 2953 3353 ὁ
2999 3298 3107 3353 τῶν
3144 3299 3280 3351 ὅλων
3320 3296 3473 3357 θεὸς,
3520 3293 3868 3361 πολυτρόπως

2294 3392 2616 3463 εὐεργετῶν,
2665 3392 2757 3444 καὶ
2804 3394 2915 3454 τοῖς
2956 3392 3054 3462 μὲν
3102 3386 3494 3456 ἀνθεστηκόσιν
3537 3383 3690 3453 αὐτῷ
3741 3399 3869 3436 κατ-

2294 3484 2577 3551 εξανιστάς
2606 3483 2702 3555 τὴν
2731 3485 2922 3556 ὀργὴν,
2952 3480 3300 3553 ἀνακομίζων
3342 3480 3399 3533 δὲ
3429 3479 3555 3541 τούς
3588 3478 3688 3547 τὴν
3715 3476 3868 3543 ἁγίαν

2295 3575 2574 3639 οἰκοῦντας
2607 3577 2781 3641 πόλιν,
2816 3575 2959 3647 φημὶ
2981 3575 3044 3645 δὴ
3076 3576 3172 3647 τὴν
3208 3571 3582 3645 Ἰερουσαλὴμ,
3611 3571 3696 3635 είς
3721 3568 3869 3626 ὲλπί⁵

2293 3666 2390 3731 δας
2430 3667 2660 3735 ἀγαθὰς,
2704 3667 2769 3719 ἵν’
2800 3668 2987 3720 εἰδεῖεν
3029 3667 3104 3729 ὡς
3134 3658 3214 3729 εἷς
3243 3682 3301 3717 τε
3334 3665 3429 3717 καὶ
3476 3664 3635 3733 μόνος
3668 3665 3814 3716 ἐστὶν
3839 3663 3865 3716 ό

2291 3760 2400 3812 τῶν
2425 3758 2560 3812 ὅλων
2591 3759 2813 3829 Κύριος,
2848 3759 2940 3812 καὶ
2970 3758 3157 3829 ἕτερος
3190 3756 3289 3825 μὲν
3317 3757 3445 3825 παρ’
3476 3754 3639 3807 αὐτὸν
3676 3753 3863 3816 οὐδείς.

2292 3852 2454 3905 Αὐτοὶ
2483 3852 2540 3905 δὲ
2573 3854 2640 3922 τῇ
2673 3851 2926 3904 κτίσειτδ
2961 3850 3126 3914 σέϐας
3170 3850 3321 3921 παρὰ
3364 3848 3454 3901 τὸν
3489 3848 3734 3916 Κτίστην
3774 3849 3863 3900 ἀνι·

2287 3942 2571 4014 ἀπτοντες,
2587 3940 2681 3993 καὶ
2701 3940 2935 4003 σπουδὰς
2957 3943 3067 4004 τοῖς
3078 3938 3318 4009 ψευδωνύ
3328 3955 3446 4008 μοις
3467 3937 3862 4009 προσκομίζον-

2290 4047 2380 4096 τες
2415 4032 2577 4096 Θεοῖς,
2623 4034 3128 4105 προσκεκρούκασιν
3178 4032 3240 4083 οὐ
3291 4030 3546 4100 μετρίως.
3602 4029 3864 4099 Τοιαύτην

2291 4124 2413 4177 τινὰ
2445 4124 2540 4177 καὶ
2593 4124 2687 4177 νῦν
2734 4125 3044 4194 οἰκονομίαν
3092 4126 3125 4195 ἡ
3171 4123 3282 4176 τῶν
3319 4121 3698 4193 προκειμένων
3738 4123 3862 4192 ἡμῖν

2291 4217 2647 4288 προφητικῶν
2725 4217 3165 4286 ἀναγνωσμάτων
3228 4216 3559 4285 ὐπεμφαίνει
3616 4213 3860 4278 δύναμις.

2290 4309 2383 4361 Δεῖ
2426 4308 2505 4374 δὲ,
2536 4304 2710 4379 οἶμαι,
2745 4307 2813 4360 τὰ
2858 4307 3144 4378 ίστορικῶς
3174 4304 3434 4375 γεγονότα
3469 4304 3863 4374 προαφηγήσαο

2292 4399 2436 4463 σθαι,
2473 4401 2568 4452 καὶ
2604 4399 2829 4452 διειπεῐν
2875 4398 3081 4451 ἕκαστα
3130 4399 3349 4466 σαφῶς·
3386 4397 3539 4450 ἔσται
3585 4400 3699 4467 γάρ
3730 4396 3864 4449 οὓτω

2289 4494 2399 4554 τοῖς
2424 4490 2825 4558 ἐντευξομένοις
2859 4490 3089 4561 ἐναργὲς
3115 4490 3199 4542 ὅτι
3244 4490 3480 4559 μάλιστα
3514 4489 3577 4543 τὸ
3604 4488 3862 4561 δηλούμε·

618 4579 777 4633 Ozias
803 4578 893 4647 qui
922 4586 977 4631 et
1006 4577 1252 4631 Azarias.
1286 4575 1384 4630 llic
1415 4575 1629 4644 quidem
1676 4576 1776 4629 fuit
1816 4576 1993 4632 cultor
2019 4578 2187 4647 pieta-

2294 4599 2400 4635 νον.
2445 4579 2805 4635 Βεϐασίλευκε
2849 4582 3029 4634 τοίνυν
3069 4582 3127 4633 ὲν
3170 4583 3283 4643 τοῖς
3340 4580 3735 4651 Ἰεροσολύμοις
3778 4578 3866 4632 ἐπὶ

619 4671 690 4727 tis
724 4669 890 4725 :lecit
916 4670 1062 4722 enim
1097 4678 1299 4722 rectum
1342 4668 1393 4720 in
1428 4667 1597 4721 oculis
1643 4666 1876 4732 Domini,
1923 4679 1983 4723 ut
2025 4672 2089 4723 de
2123 4684 2189 4723 eo

618 4761 881 4828 scriptum
914 4770 996 4812 est
1023 4759 1087 4810 ⁹¹.
1116 4757 1533 4814 Potentissimus
1566 4769 1744 4813 autem
1769 4768 1885 4812 erat
1924 4769 1977 4813 et
2005 4758 2188 4813 formi-

619 4850 815 4904 dabilis
855 4848 1142 4903 admodum
1175 4849 1441 4913 hostibus,
1484 4849 1738 4903 nimirum
1766 4850 1819 4902 in
1867 4849 2190 4920 alienigenas

622 4940 996 4995 fortitudinem
1025 4940 1272 4995 bellicam
1301 4955 1548 4995 exerens.
1580 4940 1713 4994 Cum
1754 4941 1916 5008 igitur
1962 4943 2188 5006 obsedit,

619 5033 781 5099 repit,
835 5041 997 5100 atque
1046 5030 1274 5085 vastavit
1317 5031 1511 5084 multas
1553 5034 1713 5084 urbes
1759 5031 2185 5097 Philistinorum,

618 5122 827 5177 scilicet
858 5123 1297 5190 alienigenarum,
1324 5121 1377 5174 id
1408 5131 1515 5187 est,
1549 5120 1951 5176 Palmstinorum
1979 5137 2193 5177 eorum-

620 5231 724 5283 que
762 5215 852 5285 qui
886 5229 949 5268 ex
990 5213 1136 5270 Cale
1168 5212 1346 5284 Syria.
1380 5213 1653 5290 Scriptum
1698 5212 1859 5285 242
1887 5224 1971 5269 est
2008 5224 2186 5270 autem

618 5308 699 5361 sic
728 5306 795 5360 de
826 5305 918 5360 illo
948 5305 999 5358 in
1039 5305 1273 5360 secundo
1305 5303 1753 5371 Paralipomenon
1780 5319 1795 5357 :
1836 5323 1854 5353 ι
1904 5303 1970 5358 Ει
1999 5306 2188 5367 exivit,

618 5409 673 5452 et
706 5397 1039 5466 belligeravit
1093 5397 1353 5450 adversus
1402 5395 1756 5463 alienigenas,
1804 5403 1856 5447 et
1907 5394 2191 5449 debellavit

617 5506 803 5545 muros
831 5489 990 5555 Geth,
1024 5498 1075 5543 et
1111 5503 1293 5543 muros
1314 5485 1561 5549 Jamuia',
1599 5494 1653 5539 et
1690 5501 1873 5540 muros
1904 5485 2079 5550 Azoti,
2133 5494 2186 5539 et

616 5580 1170 5637 aadnlicavitcivitates
1196 5579 1370 5641 Azoti,
1408 5589 1463 5631 et
1505 5578 1555 5630 in
1601 5576 1928 5646 alienigenas
1960 5579 2187 5632 robora-

616 5685 694 5725 vn
722 5687 840 5727 enm
871 5669 1144 5733 Dominus,
1174 5679 1227 5723 et
1252 5668 1306 5723 in
1339 5668 1544 5724 Arabas
1585 5669 1888 5727 habitantes
1918 5671 1969 5725 in
2002 5669 2184 5738 Petra,

689 5835 708 5865 ’
737 5831 777 5885 ll
808 5828 979 5885 Paral.
1011 5846 1154 5898 xxvu,
1194 5830 1245 5887 4.

2290 4671 2380 4725 τὸν
2439 4673 2656 4743 Ἰσραὴλ
2699 4671 2898 4736 Ὀζίας,
2939 4674 2969 4725 ὁ
3014 4672 3105 4724 καὶ
3148 4671 3425 4742 Ἀζαρίας.
3472 4665 3643 4735 Οὗτος
3676 4671 3867 4739 γέγονε

2292 4766 2391 4836 μὲν
2437 4765 2718 4828 εὐσεϐείας
2757 4764 3113 4836 ἐπιμελητής.
3177 4764 3431 4836 Ἐποίησε
3471 4763 3579 4833 γὰρ
3620 4765 3683 4816 τὸ
3717 4763 3867 4824 εὐθὲς

2290 4859 2347 4909 ἐν
2378 4856 2677 4927 ὀφθαλμοῖς
2726 4856 2955 4927 Κυρίου,
2987 4854 3132 4908 καθὰ
3171 4857 3475 4926 γέγραπται
3521 4855 3650 4925 περὶ
3680 4856 3864 4909 αὐτοῦ.

2290 4945 2670 5017 Δυνατωτατος
2699 4946 2754 4998 δὲ
2779 4948 2874 5000 καὶ
2904 4946 3226 5014 δυσάντητος
3249 4946 3445 5015 κομιδῇ
3483 4945 3597 5008 τοῖς
3629 4945 3867 4998 δι’ἑνανο

2292 5039 2434 5101 τίας,
2489 5020 2656 5107 ἤγουν
2684 5038 2793 5099 τοῖς
2823 5035 3157 5103 άλλογενέσι,
3207 5035 3305 5105 τὴν
3350 5036 3408 5086 ὲν
3450 5037 3561 5097 τοῖς
3610 5035 3870 5106 πολέμοις

2289 5127 2599 5195 ἀντεξάγων
2630 5126 2800 5196 ἰσχύν.
2859 5125 3067 5188 Πολλὰς
3099 5124 3229 5193 γοῦν
3276 5123 3709 5195 ἐκπολιορκήσας
3758 5119 3869 5177 εἷλέ

2287 5238 2344 5272 τε
2380 5222 2473 5273 καὶ
2509 5218 2821 5290 πεπόρθηκε
2857 5218 3041 5282 πόλεις
3069 5218 3176 5271 τῶν
3220 5215 3555 5286 Φυλιστιεὶμ,
3598 5216 3721 5285 ἦτοι
3761 5215 3872 5269 τῶν

2287 5310 2617 5379 ἀλλοφύλων,
2668 5310 2812 5364 τοῦτ’
2860 5310 2998 5376 ἔστι,
3052 5311 3158 5364 τῶν
3211 5308 3613 5375 Παλαιστινῶν,
3660 5309 3758 5362 καὶ
3808 5309 3871 5359 ἐκ

2287 5402 2395 5455 τῶν
2444 5403 2540 5473 τῆς
2575 5402 2915 5473 καλουμένης
2945 5400 3149 5472 Κοίλης
3197 5402 3417 5471 Συρίας.
3451 5400 3770 5469 Γέγραπται
3810 5396 3868 5449 δὲ

2292 5492 2432 5548 οὕτω
2464 5496 2590 5564 περὶ
2620 5495 2804 5554 αὐτοῦ,
2849 5495 2909 5547 ἐν
2941 5497 3004 5565 τῇ
3038 5493 3267 5565 δευτέρᾳ
3299 5493 3408 5547 τῶν
3447 5490 3869 5562 Παραλειπομέ·

2293 5603 2397 5637 νων
2418 5602 2431 5614 ·
2479 5604 2496 5636 ι
2524 5586 2633 5638 Καὶ
2659 5584 2846 5654 ἐξῆλθε
2871 5586 2964 5638 καὶ
2989 5585 3295 5654 ἐπολέμησε
3319 5583 3454 5654 πρὸς
3478 5583 3601 5644 τοὺς
3634 5577 3866 5647 ἀλλοφύ⁸

2294 5674 2415 5737 λους
2480 5676 2573 5728 καὶ
2612 5676 2904 5741 κατίσχυσε
2962 5675 3030 5731 τὰ
3085 5676 3237 5747 τείχη
3290 5674 3414 5744 Γὲθ,
3465 5676 3560 5728 καὶ
3591 5673 3661 5727 τὰ
3709 5670 3859 5740 τείχη
