4840 6494
650 413 752 468 589

1781 416 1847 472 ΙΝ
1892 417 2124 473 lSAlAM
2168 413 2294 472 LIB.
2340 416 2403 470 ll.
2448 415 2680 471 TOMUS
2719 413 2782 470 ιῖ.

3806 423 3912 479 δυο

663 527 926 592 Ἀζώτου,
980 531 1070 584 καὶ
1104 529 1423 604 ᾠκοδόμησε
1481 530 1665 594 πόλεις
1731 531 1990 596 Ἀζώτου,
2036 532 2130 584 καὶ
2176 533 2234 584 ἐν
2264 535 2306 590 Α
2336 529 2463 583 etin
2487 528 2574 582 Mit

2036 532 2130 584 καὶ
2176 533 2234 584 ἐν
2264 535 2306 590 Α
2336 529 2463 583 etin
2487 528 2725 583 Mimos.
2765 529 2830 582 Et
2859 528 3123 582 dederunt
3160 528 3334 585 Minzei
3373 531 3517 588 θεῖτε
3559 535 3724 599 dona.
3753 549 3806 592 et
3829 540 3910 593 in-

648 623 763 683 τοῑς
790 621 1130 690 ἀλλοφύλοις.
1157 625 1500 694 Κατίσχυσεν
1535 624 1697 677 αὐτὸν
1723 623 1948 694 Κύριος,
1981 624 2074 675 ἐπὶ
2109 624 2235 684 τοὺς

648 711 984 780 ἀλλοφύλους
1017 715 1110 767 καὶ
1141 714 1404 782 Ἄραϐας,
1429 720 1554 779 τοὺς
1591 714 1975 778 κατοικοῦντας
2003 715 2093 767 ἐπὶ
2139 714 2237 783 τῆς

649 801 887 872 Πέτρας,
923 804 1018 856 καὶ
1048 805 1142 856 ἐπὶ
1172 803 1297 868 τοὺς
1333 805 1614 868 Μιναίους.
1657 805 1764 857 Καὶ
1810 805 2015 858 ἔδωκαν
2041 805 2091 857 οἱ
2133 806 2237 858 Μι-

648 896 792 944 ναῖοι
820 893 898 964 τῷ
943 893 1095 965 Ὀζία
1127 895 1299 966 δῶρα,
1337 897 1431 951 καὶ
1476 893 1544 967 ἦν
1601 895 1662 948 τὸ
1705 896 1874 966 ὄνομα
1915 895 2081 950 αὑτοῦ
2131 896 2236 960 ἕως

647 986 862 1038 εἰσόδου
892 986 1188 1054 Αἰγύπτου,
1221 989 1303 1040 ὅτι
1335 988 1659 1058 κατίσχυσεν
1693 988 1797 1051 ἕως
1824 989 1954 1042 ἄνω.
2016 989 2233 1060 Ἐπειδὴ

645 1076 707 1128 δέ
757 1077 992 1143 ἀπεϐίω,
1045 1080 1344 1149 διαδέχεται
1399 1081 1497 1150 τὴν
1556 1079 1830 1149 βασιλείαν
1882 1081 2048 1134 αὑτοῦ
2099 1083 2128 1135 ὁ
2174 1082 2234 1144 ἐξ

645 1167 816 1220 αὑτοῦ
852 1168 1090 1236 γεγονὼς
1153 1171 1412 1239 Ἰωάοαμ.
1470 1167 1602 1225 Εἶτα
1652 1172 1791 1242 μετὰ
1819 1173 2005 1226 τοῦτον
2037 1173 2232 1241 Ἀχαζ,

645 1260 888 1331 πονηρός
914 1279 973 1314 τε
1006 1262 1096 1314 καὶ
1137 1263 1447 1332 ἀποστάτης
1491 1264 1797 1335 ἄνθρωπος,
1830 1265 1924 1318 καὶ
1973 1268 2086 1328 τοῖς
2133 1265 2234 1334 τῆς

643 1352 867 1419 ἀπάτης
892 1353 1150 1422 τέλμασιν
1185 1354 1532 1426 ἐμϐεϐηκὼς.
1555 1357 1896 1428 Λελάτρευκε
1923 1359 2031 1429 γὰρ
2055 1358 2231 1423 ξύλοις

639 1460 706 1497 τε
741 1445 836 1496 καὶ
863 1444 1049 1508 λίθοις,
1088 1447 1179 1498 καὶ
1221 1447 1406 1518 ἁπάσῃ
1447 1451 1512 1518 τῇ
1559 1452 1789 1520 στρατιᾷ
1827 1450 1920 1502 τοῦ
1964 1452 2226 1519 ούρανοῦο

639 1533 876 1604 διήγαγε
915 1536 972 1589 δὲ
1000 1537 1214 1590 καὶτὸν
1263 1537 1377 1592 υἱὸν
1410 1539 1575 1593 αὐτοῦ
1612 1543 1669 1592 ἐν
1707 1543 1860 1612 πυρὶ,
1890 1542 2080 1595 τέθυκε
2121 1542 2230 1613 γὰρ

640 1628 756 1688 τοῖς
818 1626 1110 1697 δαιμονίοις
1154 1629 1335 1683 αὐτόν.
1400 1649 1418 1683 ι
1480 1631 1792 1702 Γέγραπται
1835 1633 1890 1686 δὲ
1937 1633 2079 1686 οὕτω
2133 1635 2227 1687 καὶ

641 1719 778 1788 περὶ
825 1718 990 1772 αὐτοῦ
1039 1722 1096 1772 ἐν
1141 1723 1205 1790 τῇ
1251 1721 1485 1792 τετάρτῃ
1530 1722 1639 1776 τῶν
1688 1723 2016 1778 Βασιλειῶν·
2056 1744 2074 1776 ι
2114 1726 2226 1779 Kal

635 1811 746 1864 οὐκ
793 1809 1044 1880 ἐποίησεν
1083 1812 1235 1875 εύθὲς
1267 1815 1325 1865 ἐν
1364 1813 1661 1884 ὀφθαλμοῖς
1709 1815 1912 1886 Κυρίου
1945 1815 2039 1868 τοῦ
2086 1816 2221 1870 Θεοῦ

2339 619 2534 673 claruit
2570 635 2770 674 nomen
2806 619 2921 688 ejus
2973 635 3140 688 usque
3203 621 3267 675 ad
3328 622 3625 692 ingressum
3668 625 3908 699 Egypti,

2336 711 2458 778 quia
2488 710 2721 765 obtinuit
2751 713 2914 767 etiam
2952 727 3136 780 supra.
3188 712 3320 766 Cum
3355 724 3534 768 autem
3569 732 3598 770 e
3636 718 3771 772 vivis
3801 721 3911 776 dis-

2335 800 2539 865 cessit,
2615 802 2849 869 capessit
2910 816 3131 869 regnum
3185 801 3302 871 ejus
3359 815 3522 860 natus
3567 804 3907 864 Joathamus.

2339 889 2472 945 Dein
2500 903 2618 958 post
2655 906 2778 944 eum
2816 890 3087 957 Achazus,
3133 907 3360 960 nequam
3389 905 3444 947 et
3471 905 3737 963 apostata,
3769 908 3822 952 et
3853 899 3907 953 in

2334 979 2539 1034 erroris
2568 993 2727 1033 caeno
2761 979 3052 1032 volutatus.
3089 979 3266 1034 Coluit
3311 983 3453 1035 enim
3496 982 3635 1054 ligna
3684 998 3738 1040 et
3773 987 3909 1053 lapi—

2335 1068 2451 1130 des,
2485 1077 2541 1122 et
2572 1083 2786 1121 omnem
2832 1067 3076 1121 militiam
3121 1071 3242 1123 caeli
3281 1089 3294 1124 :
3337 1075 3678 1142 traduxitque
3739 1077 3906 1131 lilium

2334 1176 2488 1214 suum
2515 1176 2609 1229 per
2634 1160 2831 1228 ignem,
2852 1160 3116 1228 siquidem
3144 1176 3264 1214 cum
3286 1160 3564 1216 daemoniis
3585 1164 3774 1218 obtulit
3794 1166 3858 1218 “.
3881 1184 3902 1219 ι

2331 1251 2601 1318 Scriptum
2631 1263 2713 1306 est
2741 1255 2882 1306 enim
2920 1253 2986 1306 de
3013 1268 3077 1305 eo
3107 1253 3184 1306 sic
3209 1261 3407 1322 quarto
3436 1253 3637 1321 Regum
3683 1271 3696 1307 :
3740 1272 3758 1306 ι
3799 1255 3906 1310 Νε-

2332 1358 2436 1413 que
2467 1345 2592 1399 fecit
2627 1356 2828 1397 rectum
2866 1345 2917 1398 in
2943 1344 3112 1398 oculis
3141 1343 3351 1398 Domini
3389 1343 3481 1398 Dei
3531 1345 3611 1398 sui
3654 1343 3906 1412 ﬁdeliter,

2330 1434 2781 1502 quemadmodum
2807 1432 2973 1486 David
3012 1443 3163 1501 pater
3199 1432 3386 1502 ipsius,
3420 1433 3821 1502 amlmlavitque
3853 1435 3906 1488 in

2329 1521 2414 1574 via
2443 1535 2624 1591 regum
2657 1519 2842 1584 Israel,
2865 1529 2920 1576 et
2947 1521 3108 1574 lilium
3130 1537 3284 1575 suum
3313 1522 3551 1577 traduxit
3579 1538 3673 1592 per
3706 1525 3904 1593 ignem,

2309 1613 2627 1697 .sccnndum
2658 1613 3086 1668 abominationes
3119 1617 3382 1684 gentium,
3421 1631 3555 1686 quas
3584 1617 3906 1672 evertitDo-

2330 1703 2510 1756 minus
2545 1711 2669 1757 ante
2695 1702 2886 1756 faciem
2933 1703 3162 1758 ﬁliorum
3213 1705 3400 1759 Israel.
3455 1706 3518 1759 Et
3569 1706 3803 1760 adolevit
3849 1708 3903 1761 in

2328 1793 2558 1848 excelsis
2588 1803 2640 1847 et
2677 1794 2728 1846 in
2759 1793 3007 1857 collibus,
3039 1805 3092 1848 et
3134 1797 3233 1850 sub
3271 1796 3415 1850 omni
3453 1797 3596 1866 ligno
3644 1799 3901 1853 silvestri.

635 1900 811 1953 αὑτοῦ
845 1901 1048 1964 πιστῶς
1075 1901 1148 1965 ὡς
1182 1903 1382 1956 Δαϐὶδὸ
1407 1904 1587 1975 πατὴρ
1613 1903 1776 1958 αὐτοῦ
1797 1923 1810 1935 ·
1835 1904 1926 1958 καὶ
1954 1905 2220 1979 ἐπορεύθη
2256 1883 2296 1937 Β
2327 1881 2481 1979 Time
2501 1902 2546 1979 _‘

1993 1905 2220 1979 πορεύοη
2256 1881 2481 1937 BTunc
2541 1885 2783 1939 ascendit
2842 1884 3123 1939 thaasson
3177 1902 3268 1940 rex
3325 1888 3517 1959 Syrias,
3585 1897 3640 1943 et
3697 1888 3904 1943 Phaeca

635 1993 702 2043 ἐν
729 1990 833 2060 ὁδῷ
860 1991 1120 2060 βασιλέων
1179 1993 1415 2064 Ἰσραὴλ,
1451 1993 1543 2047 καί
1573 2011 1634 2061 γε
1679 1994 1769 2047 τὸν
1800 1996 1914 2049 υἱὸν
1945 1997 2110 2050 αὑτοῦ
2143 1997 2224 2050 δι-

635 2084 856 2152 ήγαγεν
899 2085 954 2135 ὲν
986 2085 1139 2157 πυρὶ,
1171 2085 1312 2138 κατὰ
1339 2086 1407 2139 τά
1437 2085 1783 2156 βδελύγματα
1813 2088 1920 2140 τῶν
1953 2087 2121 2140 ἐθνῶν
2149 2081 2224 2142 ὧν

633 2178 840 2246 ἐξῆρεν
893 2176 1094 2247 Κύριος
1147 2178 1256 2231 ἀπὸ
1299 2178 1593 2249 προσώπου
1641 2179 1750 2232 τῶν
1793 2180 1925 2233 υἱῶν
1986 2181 2219 2253 Ἰσραήλ.

634 2267 753 2319 Καὶ
783 2266 1074 2336 ἐθυμίασεν
1101 2269 1160 2320 ἐν
1185 2269 1300 2332 τοῖς
1331 2267 1576 2337 ὑψηλοῖς,
1607 2269 1701 2320 καὶ
1735 2270 1827 2322 ἐπὶ
1857 2269 1964 2321 τῶν
1996 2269 2220 2339 βουνῶν,

632 2359 738 2410 καὶ
792 2358 1048 2412 ὑποκάτω
1097 2360 1296 2420 παντὸς
1331 2359 1489 2424 ξύλου
1534 2359 1823 2423 ἀλσώδους.
1875 2361 2007 2413 Τότε
2054 2360 2221 2432 ἀνέϐη

643 2447 935 2502 Ῥαασσὼν
969 2448 1217 2517 βασιλεὺς
1254 2449 1482 2520 Συρίας⁶
1514 2449 1607 2502 καὶ
1650 2449 1821 2503 Φακεὲ
1862 2451 1972 2514 υίὸς
2015 2451 2222 2522 Ῥωμε-

630 2537 759 2592 λίου
794 2541 888 2593 καὶ
932 2540 1182 2610 βασιλεὺς
1223 2540 1436 2610 Ἰσραὴλ
1478 2541 1573 2594 ἐπὶ
1619 2541 1976 2612 Ἰερουσαλὴμ
2009 2543 2088 2606 είς
2117 2543 2215 2596 πό·

629 2630 808 2700 λεμον
829 2649 842 2662 ·
878 2631 972 2684 καὶ
999 2631 1348 2702 ἐπολιόρκουν
1377 2633 1470 2686 ἐπὶ
1493 2632 1687 2702 Ἄχας,
1715 2633 1807 2686 καὶ
1839 2633 1940 2686 οὐκ
1961 2632 2221 2702 ἠδύναντο

629 2722 901 2791 πολεμεῖν
927 2739 938 2751 ·
967 2741 987 2772 ι
1019 2722 1114 2776 καὶ
1140 2723 1258 2791 μεθ’
1287 2723 1468 2794 ἕτερα·
1510 2741 1528 2774 ι
1558 2723 1668 2776 Kal
1699 2723 2016 2776 ἀπέστειλεν
2045 2723 2220 2794 Ἀχαζ

625 2813 906 2880 ἀγγέλους
949 2812 1083 2884 πρὸς
1136 2812 1608 2885 Θεγλαφαλαασάρ
1658 2812 1880 2883 βασιλέα
1907 2814 2221 2884 ’Δσσυρίων

627 2909 847 2975 λέγων’
895 2906 1086 2969 Δοῦλος
1134 2923 1248 2970 σου,
1304 2906 1396 2959 καὶ
1437 2907 1551 2970 υίός
1601 2923 1694 2959 σου
1750 2903 1882 2974 ἐγώ.
1933 2903 2216 2976 Ἀνάϐηθι,

628 2999 817 3051 σῶσόν
851 3014 917 3068 με
953 3001 1017 3050 ἐκ
1045 2997 1228 3068 χειρὸς
1269 2996 1532 3066 βασιλέως
1563 2998 1783 3070 Συρίας,
1817 2998 1910 3052 καὶ
1939 3000 2003 3050 ἐκ
2038 2996 2220 3067 χειρὸς

639 3087 913 3156 βασιλέως
953 3085 1167 3156 Ἰσραὴλ
1208 3085 1318 3139 τῶν
1351 3088 1801 3158 ἐπανισταμένων
1838 3087 1925 3141 ἐπ’
1951 3087 2074 3158 ἐμέ.
2111 3087 2220 3141 Καὶ

624 3178 834 3230 ἐλαϐεν
867 3176 1038 3247 ’Δχαζ
1083 3175 1344 3248 ἀργύριον
1387 3177 1480 3229 καὶ
1528 3177 1749 3248 χρυσίον
1779 3178 1840 3231 τὸ
1889 3177 2110 3249 εὑρεθὲν
2159 3178 2218 3230 ἐν

626 3268 940 3340 θησαυροῖς
975 3268 1126 3322 οἴκου
1179 3267 1410 3339 Κυρίου,
1445 3269 1541 3321 καὶ
1585 3269 1734 3322 οῐκου
1785 3267 1879 3322 τοῦ
1934 3269 2216 3340 βασιλέως.

626 3362 737 3415 καὶ
764 3360 1048 3414 ἀπέστειλε
1075 3360 1152 3431 τῷ
1201 3358 1411 3429 βασιλεῖ
1439 3359 1610 3432 δῶρα.
1654 3361 1762 3414 Καὶ
1787 3361 2018 3432 ἢκουσεν
2052 3361 2217 3415 αὐτοῦ

629 3453 898 3522 βασιλεὺς
947 3451 1268 3523 Ἀσσυρίων,
1301 3453 1395 3505 καὶ
1434 3454 1764 3524 παρεγένετο
1786 3455 1864 3516 εἰς
1907 3452 2216 3524 Δαμασκὸν,

627 3545 736 3600 καὶ
767 3543 1057 3596 συνέλαϐεν
1093 3543 1264 3614 αὐτὴν
1297 3543 1391 3597 καὶ
1426 3543 1720 3614 ἀπῴκησεν
1758 3545 1948 3615 αὐτὴν,
1994 3545 2088 3598 καὶ
2126 3543 2219 3597 τὸν

642 3634 934 3690 Ῥαασσὼν
971 3634 1331 3688 ἐθανάτωσεν.
1365 3633 1576 3688 Οὐκοῦν
1603 3635 1818 3706 πρῶτον
1849 3636 1948 3706 μὲν
1983 3634 2166 3700 Ὀζίας
2190 3637 2219 3689 6

629 3728 735 3781 καὶ
767 3724 1027 3797 ’Δζαρίας
1065 3725 1446 3798 ἐκπεπόρθηκε
1484 3725 1609 3789 τοὺς
1641 3725 1991 3795 ἀλλοφύλους,
2038 3726 2218 3780 πᾶσάν

627 3835 700 3872 τε
724 3816 904 3872 αὐτῶν
948 3817 1306 3890 καταδῃώσας
1347 3819 1444 3888 τὴν
1473 3816 1599 3886 γῆν,
1644 3817 1884 3887 δασμοὺς
1931 3816 2218 3887 ἐκομίζετο

631 3911 734 3964 καὶ
771 3909 923 3980 τέλη.
970 3907 1227 3979 Δεύτερος
1272 3909 1329 3963 δὲ
1383 3910 1520 3980 μετὰ
1571 3907 1758 3961 τοῦτον
1793 3907 1822 3960 ὁ
1864 3907 2038 3978 Ἀχαζ
2085 3923 2216 3962 κατ-

631 4000 934 4072 εμισθοῦτο
971 4001 1063 4053 τὸν
1109 4001 1414 4071 Ἀσσινριον,
1444 3999 1539 4053 καὶ
1585 3998 1866 4068 ἐπαφῆκεν
1894 3999 2108 4062 αὐτοῖς·
2157 3997 2216 4062 ὃς

634 4094 735 4146 καὶ
794 4094 976 4144 πᾶσαν
1024 4091 1396 4159 ἐξαναστήσας
1449 4088 1547 4157 τὴν
1596 4086 1965 4140 Παλαιστινῶν
2011 4087 2215 4158 χώραν,

633 4184 837 4247 αὐτοὺς
863 4183 974 4252 γὰρ
1007 4177 1146 4235 εἷναί
1175 4197 1309 4250 φησι
1336 4179 1462 4242 τοὺς
1501 4178 1848 4248 ἀλλοφύλους,
1880 4179 2216 4248 ἀπεκόμισεν

634 4273 1020 4345 αἰχμαλώτους
1057 4275 1136 4337 εἰς
1163 4272 1260 4344 τὴν
1308 4271 1524 4336 ἑαυτοῦ,
1558 4271 1685 4333 τοὺς
1730 4273 1796 4324 ἐκ
1836 4269 1930 4324 τοῦ
1977 4271 2214 4341 πολέμου

635 4363 1176 4437 περιλελειμμένους.
1266 4361 1488 4431 Ἐπειδὴ
1566 4361 1625 4414 δέ
1710 4359 2095 4431 τετελεύτηκεν
2186 4361 2215 4412 ὁ

640 4444 842 4527 Ἄχας,
885 4454 1286 4524 ἀνεσκίρτησαν
1335 4452 1427 4505 ἐτιί
1461 4450 1634 4520 τούτῳ
1658 4449 1767 4504 τῶν
1802 4449 2114 4519 ἀλλοφύλων
2156 4451 2214 4504 αἱ

2331 1973 2472 2027 lilius
2501 1970 2796 2027 Rhomelia:
2825 1989 2913 2027 rex
2947 1974 3111 2028 Israel
3161 1975 3211 2027 in
3256 1973 3554 2030 Jerusalem
3584 1977 3649 2030 ad
3679 1977 3900 2044 bellum,

2325 2064 2717 2118 etobsederunt
2741 2064 3038 2122 Αιιιίιῑυιιι,
3065 2075 3117 2117 et
3136 2079 3240 2117 non
3258 2073 3546 2131 potuerunt
3568 2080 3898 2135 expugnare,

2325 2167 2430 2210 etc.
2476 2155 2542 2208 Et
2579 2155 2756 2209 emisit
2786 2155 3032 2209 Aeliazus
3059 2156 3276 2210 nuntios
3310 2156 3376 2208 ad
3419 2156 3901 2225 Thcglaphalassa-

2326 2261 2443 2299 rum
2479 2261 2657 2315 regem
2695 2247 3066 2315 ASsyriorum,
3113 2245 3298 2300 dicens
3345 2263 3358 2299 :
3421 2245 3619 2301 Servus
3673 2256 3795 2302 tuus
3847 2257 3902 2301 et

2327 2337 2467 2391 (ilius
2513 2348 2634 2391 tuus
2660 2352 2779 2406 ego,
2812 2337 3062 2400 ascende,
3113 2352 3268 2390 serva
3318 2353 3404 2391 mc
3449 2353 3512 2390 ex
3557 2354 3715 2391 manu
3760 2339 3903 2410 regis

2325 2425 2518 2498 Syriae,
2545 2436 2598 2480 et
2628 2441 2692 2480 ex
2741 2442 2898 2480 manu
2931 2426 3072 2491 regis
3112 2424 3296 2489 Israel,
3330 2427 3418 2492 qui
3459 2427 3742 2495 insurgunt
3768 2439 3899 2482 con-

2323 2525 2407 2569 tra
2439 2530 2544 2570 me.
2577 2515 2640 2568 Et
2674 2515 2814 2583 cepit
2853 2514 3103 2566 Aeliazus
3137 2525 3419 2580 argentum
3467 2521 3522 2568 et
3571 2529 3762 2568 aurum
3813 2515 3900 2569 in-

2325 2612 2538 2657 ventum
2565 2603 2614 2655 in
2649 2603 2920 2656 thesauris
2949 2602 3138 2655 domus
3171 2602 3402 2666 Domini,
3433 2609 3487 2656 et
3517 2605 3705 2656 domus
3737 2605 3898 2670 regis,

2326 2704 2383 2748 et
2415 2694 2560 2746 misit
2591 2694 2702 2760 regi
2741 2708 2988 2747 munera.
3031 2695 3093 2746 Et
3135 2694 3338 2747 audivit
3368 2708 3489 2748 eum
3529 2709 3618 2748 rex
3650 2695 3903 2765 Assyrio.

2326 2801 2464 2852 rum,
2498 2800 2562 2840 ac
2611 2785 2754 2839 venit
2812 2784 3170 2847 Damascum,
3210 2795 3264 2838 et
3321 2799 3440 2838 eam
3469 2797 3680 2854 captam
3728 2796 3902 2844 trans.

2325 2878 2474 2941 tulit,
2511 2883 2564 2930 et
2602 2873 2884 2930 Rhaasson
2918 2874 3206 2929 interfecit.
3237 2873 3402 2944 Igitur
3424 2875 3653 2944 primum
3681 2877 3899 2946 quidem

2327 2968 2491 3024 Ozias
2511 2969 2602 3039 qui
2635 2979 2688 3021 et
2714 2968 2940 3021 Azarias
2961 2977 3064 3022 est.
3095 2966 3336 3033 captivos
3369 2966 3520 3020 duxit
3543 2967 3898 3038 alienigenas,

2329 3062 2585 3131 omnique
2619 3076 2806 3114 eorum
2864 3069 3005 3112 terra
3052 3069 3284 3120 vastata,
3342 3059 3538 3113 tributa
3590 3060 3797 3132 accepit
3845 3071 3901 3116 et

2323 3151 2628 3221 vectigalia.
2656 3149 2936 3204 Secundus
2962 3163 3088 3203 vero
3123 3157 3243 3218 post
3275 3147 3449 3216 ipsum
3475 3149 3725 3205 Achazus
3754 3167 3900 3205 mer-

2324 3243 2455 3297 cede
2480 3242 2735 3297 conduxit
2766 3242 3069 3312 Assyrium,
3099 3248 3152 3294 et
3191 3240 3388 3295 invasit
3412 3255 3528 3307 eos,
3566 3243 3654 3312 qui
3687 3251 3742 3299 et
3780 3244 3901 3298 uui-

2324 3348 2536 3388 versam
2559 3335 2750 3389 evertit
2791 3334 3065 3404 regionem
3122 3330 3532 3388 Palaestinorum
3583 3335 3700 3407 (eos
3751 3336 3896 3392 enim

2321 3429 2452 3484 dicit
2477 3442 2598 3482 esse
2620 3425 2974 3496 alienigenas)
3021 3426 3352 3497 abduxitque
3385 3427 3628 3496 captivos
3664 3426 3716 3482 in
3743 3443 3895 3482 suam

2323 3530 2543 3581 terram,
2569 3533 2662 3572 eos
2685 3518 2773 3586 qui
2809 3532 2839 3570 e
2883 3517 3021 3572 bello
3047 3528 3204 3573 erant
3240 3518 3434 3574 relicti.
3467 3517 3679 3575 Mortuo
3715 3529 3895 3575 autem

2318 3611 2556 3671 Achazo,
2589 3610 2656 3663 ob
2707 3609 2758 3662 id
2800 3608 3109 3664 resilierunt
3139 3609 3561 3681 alienigenarum
3625 3611 3891 3679 civitates,

2319 3699 2479 3772 243
2503 3699 2644 3754 velut
2680 3711 2710 3752 e
2750 3700 2929 3753 medio
2961 3699 3169 3754 sublato
3200 3715 3265 3754 eo
3287 3701 3376 3769 qui
3409 3711 3776 3771 percusserat,
3819 3718 3884 3758 ac

2321 3792 2658 3848 intolerabile
2695 3790 2840 3845 velut
2890 3791 3078 3861 jugum
3121 3793 3424 3862 tyrannidis
3455 3793 3758 3851 induxerat.
3794 3794 3896 3851 De-

2320 3884 2510 3940 bilitati
2544 3884 2688 3938 enim
2729 3883 2896 3937 semel
2927 3891 2980 3937 et
3003 3882 3169 3937 excisi
3219 3899 3380 3937 manu
3421 3884 3788 3957 Assyriorum,
3816 3889 3893 3942 ira

2319 3974 2783 4030 cxacerbabantur
2820 3974 3034 4044 quidem
3095 3974 3147 4026 in
3201 3974 3500 4041 Achazum,
3527 3986 3583 4030 at
3608 3977 3793 4034 ulcisci
3823 3992 3886 4035 se

2320 4083 2423 4122 non
2447 4067 2698 4123 valebant
2723 4068 2786 4122 “.
2820 4086 2838 4119 ι
2877 4064 2921 4122 Ο
2956 4066 3117 4136 igitur
3142 4081 3261 4128 vos,
3301 4067 3509 4135 inquit;
3538 4068 3892 4139 alienigenae:

2319 4161 2754 4230 cuandoquidem
2802 4161 2944 4213 sicut
3006 4157 3186 4212 dicitis
3234 4167 3288 4212 et
3338 4159 3582 4225 creditis,
3641 4161 3896 4218 defuncto

2317 4253 2551 4316 Aeliazo,
2588 4253 2878 4306 contritum
2929 4260 3011 4306 est
3067 4252 3415 4319 imposterum
3448 4249 3635 4324 jugum
3694 4269 3891 4323 percu-

2319 4343 2500 4398 tientis
2526 4357 2640 4408 vos,
2691 4343 2745 4397 id
2779 4353 2885 4408 eSI,
2908 4343 3260 4405 conterentis,
3295 4351 3580 4410 propterea
3645 4359 3711 4398 ne
3761 4361 3891 4415 gau-

2319 4438 2458 4490 dete.
2487 4437 2804 4505 Quanquam
2847 4436 3046 4490 dixerit
3082 4436 3374 4506 quispiam,
3414 4437 3686 4490 Achazum
3723 4437 3892 4491 idolo-

635 4549 846 4612 πόλεις,
898 4546 973 4608 ὡς
1021 4547 1085 4598 ἐκ
1131 4543 1308 4596 ποδῶν
1350 4543 1630 4611 γεγονότος
1679 4541 1774 4595 τοῦ
1817 4541 2211 4605 καταπαίοντος
2244 4535 2291 4594 D
2319 4542 2435 4581 Tum
2462 4526 2543 4579 ευῖ

1974 4541 2211 4605 πταίοντος
2244 4535 2291 4594 ι)
2319 4542 2435 4581 rum
2462 4526 2718 4579 cultorem
2759 4524 2943 4591 fuisse,
2979 4535 3031 4579 et
3061 4525 3370 4596 profanum,
3399 4535 3453 4580 et
3490 4527 3578 4580 Dei
3615 4528 3823 4580 hostem
3858 4544 3885 4585 τ

637 4639 836 4701 αὐτοὺς
858 4674 877 4699 ,
924 4636 1019 4689 καὶ
1057 4634 1393 4704 δυσφόρητον
1424 4633 1611 4705 ῶσπερ
1636 4634 1728 4686 τὸν
1761 4633 1859 4704 τῆς
1905 4632 2216 4702 πλεονεξίας
2313 4619 2404 4688 qui
2435 4620 2492 4672 m
2538 4634 2548 4669 ⁴

1975 4632 2216 4702 ,εονεξιας
2313 4619 2404 4688 qui
2435 4620 2492 4672 lit
2538 4632 2666 4686 ergo
2702 4625 2760 4672 ut
2807 4627 3024 4687 propter
3068 4612 3207 4672 hunc
3245 4617 3504 4686 impediat
3532 4615 3672 4671 Deus
3716 4617 3886 4673 risum

637 4729 976 4791 ἐπιτιθέντος
1038 4727 1221 4795 ζυγόν.
1285 4725 1670 4795 Ἠσθενηκότες
1731 4724 1840 4798 γὰρ
1895 4725 2072 4790 ἅπαξ,
2123 4728 2216 4780 καὶ
2315 4709 2548 4765 adversai

1980 4725 2072 4790 αξ,
2123 4728 2216 4780 καὶ
2315 4708 2790 4765 adversariorum?
2819 4707 2934 4762 Non
2971 4715 3158 4762 contra
3195 4707 3338 4760 illum
3369 4707 3590 4762 omnino
3631 4707 3717 4762 liic
3749 4709 3891 4764 risus

639 4819 1047 4891 πεπορθημένοι
1103 4818 1192 4871 διὰ
1231 4817 1332 4886 τῆς
1390 4817 1688 4887 ’Δσσυρίων
1746 4817 1948 4887 χειρὸς,
1996 4834 2219 4870 κατεπι-
2313 4811 2453 4865 em,
2481 4816 2550 4856 Set

1996 4834 2219 4870 “eam-
2313 4811 2453 4865 erat,
2481 4801 2574 4856 sed
2599 4801 2644 4855 si
2672 4801 2800 4870 quid
2829 4800 3037 4852 adversi
3071 4799 3268 4852 ludam
3290 4801 3624 4870 contigisset,
3648 4815 3752 4854 non
3778 4809 3887 4855 tam

639 4889 926 4980 κραίνοντο
973 4905 1070 4976 μὲν
1133 4905 1224 4957 ἐπὶ
1275 4903 1354 4975 τῷ
1399 4903 1594 4973 Ἄχας,
1649 4903 1954 4973 ἀμύνασθαί
2003 4919 2062 4954 τε
2111 4902 2217 4971 μὴν
2315 4894 2550 4962 patiente

2003 4919 2062 4954 τε
2111 4902 2217 4971 μὴν
2315 4894 2603 4962 patientes,
2660 4909 2820 4961 quam
2873 4890 2963 4945 Dei
3003 4905 3217 4943 manum
3247 4904 3367 4958 qua
3417 4889 3670 4946 lsraelem
3728 4893 3884 4963 quasi

638 5003 740 5053 οὐκ
767 4995 914 5069 ἦσαν
943 4996 1173 5050 ἱκανοί.»
1194 4991 1267 5046 Ὦ
1294 4993 1794 5062 τοίπνζάλλόφυλοι,
1821 4994 2006 5062 φησιν,
2029 4991 2215 5062 ἐπειδὴ

643 5092 783 5146 καθά
814 5105 954 5158 φατε
986 5087 1081 5140 καὶ
1106 5084 1377 5156 νομίζετε,
1404 5083 1849 5154 τετελευτηκότος
1871 5083 1966 5136 τοῦ
2015 5080 2210 5152 Ἀχαζ,

644 5180 932 5253 συνετρίϐη
965 5179 1153 5233 λοιπὸν
1184 5179 1212 5230 ὁ
1245 5175 1406 5244 ζυγὸς
1448 5175 1540 5230 τοῦ
1584 5175 1834 5238 παίοντος
1859 5176 2024 5246 ὑμᾶς,
2067 5175 2212 5229 τοῦτ’

642 5273 777 5338 ἐστι,
808 5271 904 5326 τοῦ
934 5268 1328 5341 συντρίϐοντος,
1360 5268 1454 5320 ἐπί
1475 5267 1650 5337 τούτῳ
1683 5267 1759 5337 μὴ
1793 5264 2206 5337 εύφρανθείητε.

641 5366 834 5418 Καίτοι
872 5363 1005 5434 φαίη
1051 5379 1136 5426 τις
1181 5361 1277 5426 ἂν,
1329 5359 1404 5423 ὡς
1449 5358 1838 5428 εἰδωλολάτρης
1883 5360 1911 5412 ὁ
1939 5357 2114 5428 ’Δχαζ
2143 5354 2211 5428 ἦν

647 5457 871 5529 βέϐηλος
898 5474 958 5510 τε
984 5455 1080 5509 καὶ
1123 5452 1383 5522 Θεομισής
1403 5468 1418 5482 ο
1460 5445 1581 5504 εἶτα
1613 5451 1728 5514 πῶς
1756 5449 2046 5504 ἀνακόπτει
2079 5449 2213 5513 Θεὸς

643 5544 737 5597 τὸν
764 5546 849 5598 ἐπ’
891 5542 1036 5613 αὐτῷ
1067 5541 1282 5611 γέλωτα
1320 5539 1426 5593 τῶν
1470 5539 1534 5593 δι’
1582 5540 1862 5605 ἐναντίαςς
1898 5539 2107 5593 Οὐκοῦν
2151 5539 2211 5592 ού

646 5637 765 5688 κατ’
797 5635 1002 5689 ἐκείνου
1031 5650 1133 5687 που
1164 5631 1381 5694 πάντως
1407 5626 1474 5702 ἦν
1499 5633 1528 5684 ὁ
1559 5631 1732 5700 γέλως
1754 5645 1771 5662 ⁶
1812 5630 1926 5684 ἀλλ’
1970 5632 2124 5683 εἵπου
2158 5648 2212 5684 τι

2321 4994 2475 5038 scuto
2498 4983 2759 5045 defendit,
2795 4981 2980 5035 sannis
3013 4979 3379 5049 conviciisque
3437 4985 3772 5036 conabantur
3802 4983 3904 5037 in;

2318 5081 2511 5134 sectari
2564 5079 2878 5134 adversarii.
2932 5077 3199 5131 Putabant
3247 5075 3512 5140 siquidem
3555 5082 3887 5127 attenuatam

2318 5181 2372 5225 et
2411 5171 2739 5224 inﬁrmatam
2763 5184 2884 5223 esse
2901 5166 3329 5237 potentissimam
3371 5165 3742 5228 dexteram,et
3766 5180 3891 5219 suos

2321 5267 2453 5321 deos
2477 5267 2700 5321 custode
2733 5264 2946 5320 lsraells
2969 5263 3136 5318 luisse
3160 5261 3430 5315 meliores.
3453 5256 3690 5316 Proinde
3723 5273 3870 5328 quan

2321 5372 2481 5426 quam
2518 5355 2777 5427 profanus
2821 5355 2983 5408 fuerit
3023 5353 3291 5416 Achazus,
3328 5351 3658 5418 tamenquia
3705 5348 3894 5402 alieni-

2321 5465 2490 5518 genae,
2521 5459 2579 5503 ut
2613 5449 2722 5520 jam
2755 5448 3022 5513 dicebam,
3060 5445 3292 5500 ludibrio
3331 5443 3634 5499 habuerunt
3675 5437 3888 5492 Isracli-o

2323 5550 2427 5606 tas,
2466 5541 2770 5610 comprimit
2802 5540 3066 5605 laetitiam,
3086 5547 3142 5592 et
3174 5536 3325 5606 quasi
3357 5525 3588 5590 retrahit
3621 5546 3684 5585 ac
3719 5529 3888 5584 refre-

2323 5641 2413 5684 nat
2465 5630 2741 5697 gaudium,
2782 5630 2966 5686 dicens
2999 5650 3012 5686 :
3048 5647 3152 5685 non
3198 5629 3456 5684 liberatos
3486 5640 3603 5682 esse
3636 5640 3732 5680 eos
3759 5624 3890 5695 iugo

725 5792 766 5823 ³⁸
793 5789 834 5845 ιι
870 5790 1041 5844 Paral.
1077 5804 1224 5855 xxvi,
1253 5787 1379 5854 6-8;
1410 5801 1581 5853 xxvu,
1615 5786 1673 5849 l;
1712 5799 1896 5850 xxvnt,
1929 5784 2054 5857 ιοι,
2107 5785 2164 5866 ,ιι
2190 5781 2254 5836 1V
2288 5784 2420 5854 Reg.
2447 5799 2559 5848 xvi,
2594 5783 2614 5835 ι
2655 5797 2808 5852 seqq.

4443 2063 4445 2076 l

4443 2091 4445 2114 l

4444 2145 4445 2162 l
