4840 6552
1424 377 1527 433 395
2407 371 2465 428 S.
2508 372 2782 429 CYRILLI
2820 374 3291 434 ALEXANDRINI
3332 377 3653 435 ARCHIEP.
4558 381 4648 435 396

1423 493 1689 561 laerymas
1712 489 1883 557 captis
1926 486 2144 543 excitat.
2179 485 2492 542 Elieitenim
2535 502 2747 557 semper
2776 504 2840 545 ex
2868 504 2993 546 oeu-
3026 501 3071 557 Α
3100 495 3250 548 ἐστιν
3288 497 3319 565 ἠ

2736 504 2747 520 ·
2776 504 2840 545 ex
2868 504 2993 546 ocu-
3026 501 3071 557 Α
3100 495 3250 548 ἐστιν
3288 497 3319 565 ἡ
3355 495 3463 547 τῶν
3513 492 3779 547 Ἰουδαίων
3824 492 3993 564 χώρα,
4030 493 4351 565 βορειωτέρα
4398 494 4454 548 δέ
4495 501 4647 570 πωςὴ

1423 584 1491 637 lis
1534 581 1709 636 fumus
1738 579 2052 649 lacrymam.
2093 576 2206 631 Non
2254 586 2340 633 est
2372 588 2550 634 autem
2586 580 2993 636 dissentaneum
3090 584 3201 637 τῶν
3256 585 3334 636 Ἀ‹

2740 590 2993 636 nuneum
3090 584 3201 637 τῶν
3256 582 3576 654 Ἀσσυρίων.
3623 584 3833 653 Καπνῷ
3891 601 3953 650 γε
4002 584 4109 653 μὴν
4155 583 4253 653 τὴν
4308 583 4651 656 φιλοπόλεμον

1424 674 1569 739 ﬁdei,
1604 673 1657 727 in
1696 672 1780 728 his
1818 671 1994 726 verbis
2042 670 2145 725 alia
2179 669 2247 726 de
2273 684 2435 725 causa
2493 670 2631 726 bella
2690 673 2992 742 comparari
3090 676 3333 747 παρεικά

2749 673 2992 742 imparari
3090 676 3415 747 παρεικάζει
3446 674 3725 745 στρατιὰν,
3762 676 3837 739 ὡς
3887 676 4136 746 δακρύων
4178 679 4288 738 τοῖς
4327 675 4545 730 ἁλοῦσιν
4572 681 4654 749 ἐμ-

1422 765 1588 819 t‘umo.
1629 762 2091 828 Quemadmodum
2116 762 2257 817 enim
2289 762 2473 816 t‘umus
2515 761 2757 817 incidens
2788 763 2841 817 in
2872 778 2993 818 cor-
3092 769 3333 838 ποιητικί

2743 778 2757 817 5
2788 763 2841 817 itt
2872 778 2993 818 cor—
3092 769 3400 838 ποιητικήν.
3460 766 3701 833 Ἐξέλκει
3730 766 3841 837 γὰρ
3892 768 3979 820 ἀεί
4024 784 4138 830 πως
4167 767 4274 819 τῶν
4318 767 4575 838 ὀμμάτων
4603 771 4654 822 τὸ

1423 856 1567 926 poris
1590 855 1797 919 oculos,
1816 854 1965 909 visus
1994 854 2164 909 aciem
2194 853 2301 908 illis
2323 854 2546 909 adimit:
2578 853 2659 908 sic
2678 863 2734 908 et
2761 852 2994 909 formido
3090 858 3323 929 δάκρυον

2761 852 2994 909 formido
3090 858 3323 929 δάκρυον
3347 860 3375 911 6
3408 858 3635 922 καπνός.
3678 858 3793 912 Ούκ
3847 857 4105 911 ἀπίθανον
4135 858 4190 911 δὲ
4226 859 4318 912 καὶ
4347 860 4547 928 ἑτέρως
4565 873 4652 912 κα-

1422 947 1613 1002 mortis
1637 953 1843 1000 tantum
1876 961 1979 1000 non
2017 944 2251 1001 inebriat
2292 954 2554 1008 mentem,
2595 960 2692 1000 cor
2715 945 2988 1000 turbidum
3099 949 3217 1020 πνῷ
3267 968 3333 1003 πο

2745 945 2988 1000 urbidum
3099 949 3217 1020 πνῷ
3267 949 3695 1021 παρεικάζεσθαι
3739 950 3865 1012 τοὺς
3914 948 4195 1019 πολέμους.
4237 951 4445 1020 Ὥσπερ
4492 950 4596 1019 γὰρ
4632 955 4656 1003 6

1423 1038 1616 1104 reddit,
1645 1046 1700 1093 et
1726 1036 1983 1108 gravibus
2014 1051 2077 1092 ae
2109 1037 2462 1091 intolerandis
2496 1037 2793 1092 terroribus
2823 1051 2993 1106 prope
3099 1039 3334 1101 καπνὸςλ

2748 1052 2793 1092 IS
2823 1051 2993 1106 prope
3099 1039 3305 1101 καπνὸς
3330 1040 3443 1102 τοῖς
3474 1038 3569 1092 τοῦ
3613 1036 3864 1109 σώματος
3886 1039 4172 1108 ἐμπίπτων
4200 1039 4499 1110 ὀφθαλμοῖς
4527 1059 4658 1110 παρ-

1422 1129 1667 1200 deuigrat
1697 1138 1753 1184 et
1780 1127 2025 1184 olIuscat.
2066 1127 2257 1183 Veniet
2300 1129 2464 1198 igitur
2504 1127 2684 1182 {unius
2711 1131 2779 1183 ab
2817 1128 2992 1197 Aqui-
3095 1128 3330 1197 αιρεῖται

2747 1131 2779 1183 ι)
2817 1128 2992 1197 Aqui-
3095 1128 3330 1197 αιρεῖται
3357 1125 3575 1190 πάντως
3603 1127 3796 1191 αὐτοὺς
3824 1128 3884 1181 τὸ
3917 1130 4015 1199 τῆς
4038 1128 4210 1197 ὅψεως
4240 1130 4487 1200 ἀκριϐὲς,
4530 1130 4658 1183 οὕτω

1423 1221 1565 1276 Ione.
1602 1220 1672 1273 At
1693 1219 1813 1290 quis
1834 1220 1937 1275 erit
1967 1218 2125 1289 hujus
2167 1220 2490 1275 incursionis
2518 1219 2740 1274 exitus?
2763 1218 2879 1273 Non
2911 1227 2997 1273 est
3098 1220 3191 1272 καὶ
3244 1218 3334 1273 θαι

2763 1218 2879 1273 Non
2911 1227 2997 1273 est
3098 1220 3191 1272 καὶ
3244 1218 3477 1273 θανάτου
3537 1219 3702 1287 φόϐος
3764 1222 4043 1290 μονονουχὶ
4123 1221 4531 1292 καταμεθύσκει
4578 1224 4658 1275 τὸν

1424 1320 1482 1365 ut
1537 1312 1629 1375 sit,
1675 1311 1868 1381 inquit,
1899 1311 1951 1365 id
2004 1319 2108 1375 est,
2142 1320 2385 1365 extrema
2422 1309 2722 1365 internecio
2755 1310 2917 1364 urbes
2942 1318 2998 1363 et
3100 1309 3247 1373 νοῦν,
3316 1327 3335 1363 δ

2755 1310 2917 1364 urbes
2942 1318 2998 1363 et
3100 1309 3247 1373 νοῦν,
3316 1310 3411 1363 καὶ
3461 1310 3752 1364 καταθολοῖ
3806 1311 3906 1379 τὴν
3957 1310 4195 1382 καρδίαν,
4238 1312 4430 1375 δεινοῖς
4466 1329 4526 1365 τε
4576 1315 4658 1365 καὶ

1423 1402 1630 1468 domos,
1654 1410 1709 1455 et
1743 1402 1832 1470 qui
1876 1401 1930 1455 in
1957 1400 2061 1456 illis
2089 1411 2215 1455 sunt
2240 1400 2624 1470 pessumdabit.
3102 1400 3334 1470 ἀφορήτι

3102 1400 3398 1470 ἀφορήτοις
3432 1400 3680 1471 δείμασιν
3716 1400 3997 1471 μονονουχὶ
4028 1400 4443 1471 καταμελαίνων
4474 1401 4654 1468 αὐτήν.

1427 1492 1583 1558 Ἥξει
1605 1496 1783 1548 τοίνυν
1816 1494 2021 1556 καπνὸς
2042 1494 2149 1547 ἀπὸ
2184 1494 2374 1565 βορρᾶ.
2415 1490 2547 1548 Εἶτα
2576 1494 2729 1548 ποῖόν
2752 1497 2867 1547 ἐστι
2927 1495 3027 1564 τῆς
3057 1495 3249 1560 ὲφόδου
3312 1496 3373 1549 τὸ
3409 1496 3599 1564 τὲλος;
3638 1498 3823 1551 οὐκέτι
3866 1495 3959 1548 τοῦ
4004 1492 4139 1552 εἷναί
4169 1515 4322 1568 φησι,
4352 1498 4501 1551 τοῦτ’
4536 1499 4658 1563 ἐστι,

147 181 158 228 :

151 271 162 310 ί

151 313 162 360 ί
785 373 800 470 ι

167 517 174 582 ί
785 475 798 570 ε

165 611 170 638 ,
789 611 794 620 .

129 861 172 1000 ι

137 1093 152 1170 ἐ
265 1087 352 1172 ε”ἔ

129 1175 144 1248 Ξ
259 1177 342 1240 -ἑ

131 1249 136 1264 ¹
321 1259 332 1276 ιι

117 1273 176 1364 ί·

163 1433 168 1436 _
239 1397 248 1414 ⁸
311 1419 316 1424 .

231 1435 320 1496 ἐξ

95 1515 114 1652 ι

57 1567 104 1702 ίι
289 1633 306 1696 ἐ
475 1675 480 1678 -

211 1783 302 1882 ει

207 1883 298 1974 ξι

47 1991 92 2080 :3-
207 1977 298 2054 i3-

43 2083 90 2184 ji
205 2073 222 2150 ί

45 2175 88 2208 ;;
205 2157 224 2200 ε

45 2205 88 2290 ἓξ
205 2207 226 2274 ε

47 2291 86 2334 :3
209 2291 222 2310 τ

43 2335 88 2402 εξ
209 2353 222 2406 :

45 2405 90 2486 é‘:
207 2409 224 2482 τ

295 2673 298 2676 -

45 2717 88 2752 αἱ
217 2727 292 2732 --

37 2935 82 3058 ἓξ
201 2977 294 3062 -ξ

37 3061 78 3124 li
191 3055 286 3134 ξε
591 3083 600 3090 ’

35 3131 76 3188 ει
189 3139 278 3188 ;ς

33 3179 76 3266 ις

31 3267 72 3326 τι
179 3265 272 3328 ξε

183 3333 266 3358 ,1

31 3377 70 3416 ιε
181 3403 192 3408 -

31 3527 68 3550 υἱ
173 3505 260 3554 ἔ,

31 3549 68 3600 u
175 3581 260 3600 ..

169 3773 176 3792 1

1422 1592 1798 1663 πανωλεθρεία
1842 1590 2175 1661 καταφθερεῖ
2218 1591 2399 1655 πόλεις
2432 1608 2489 1645 τε
2524 1593 2619 1644 καὶ
2666 1592 2869 1655 οἴκους,
2920 1592 3016 1645 καὶ
3052 1593 3179 1656 τοὺς
3204 1593 3261 1645 ὲν
3291 1593 3503 1657 αὐταῖς.

1496 1688 1656 1742 Vens.
1690 1688 1776 1741 52.
1845 1687 1911 1740 Et
1946 1688 2071 1757 quid
2104 1687 2479 1753 respondebunt
2539 1702 2679 1755 reges
2714 1688 2992 1756 gentium?

1422 1779 1563 1844 Quia
1594 1777 1844 1831 Dominus
1874 1777 2115 1845 fundavit
2138 1776 2289 1843 Sion,
2323 1787 2368 1831 et
2392 1794 2483 1846 per
2520 1777 2670 1830 illum
2702 1778 2991 1831 servulum.

1421 1880 1509 1922 tur
1536 1868 1757 1923 humiles
1782 1869 1987 1938 populi.

1492 1960 1852 2030 lmpressione
1891 1960 2236 2031 Assyriorum
2271 1960 2429 2026 facta,
2459 1972 2630 2034 captae
2657 1975 2783 2019 sunt
2808 1963 2996 2019 alieni-

1421 2066 1681 2122 genarum
1730 2051 1913 2114 urbes,
1946 2052 2239 2106 devastatze
2278 2054 2628 2110 nihilominus
2681 2057 2842 2111 etiam
2897 2055 2997 2111 Sa-

1425 2144 1819 2197 maritanorum
1858 2142 2104 2197 civitates
2143 2162 2158 2198 :
2200 2152 2414 2199 servata
2452 2156 2535 2200 est
2567 2157 2748 2202 autem
2784 2149 2997 2219 egregie

1422 2248 1535 2302 prae
1559 2233 1769 2289 czeteris
1797 2246 1860 2288 ac
1886 2234 2207 2289 mirabiliter
2239 2236 2349 2290 sola
2390 2235 2711 2304 Jerusalem,
2742 2238 2994 2310 Assyrio-

1421 2341 1543 2381 rum
1572 2325 1744 2395 c0piis
1771 2342 1786 2387 ;
1820 2340 2036 2379 manum
2069 2326 2397 2381 admoliente
2419 2328 2811 2398 eo,quiomnia
2842 2328 2998 2386 facile

1433 2432 1498 2472 ac
1531 2426 1678 2472 recte
1706 2424 1883 2485 potest
1910 2415 2142 2471 elIicere.
2174 2415 2365 2472 Mortui
2395 2429 2517 2473 sunt
2548 2420 2813 2476 enimuna
2840 2428 2999 2478 nocte

1424 2507 1845 2576 alienigenarum
1891 2513 2105 2561 centum
2168 2510 2446 2577 octoginta
2496 2511 2733 2580 quinque
2804 2513 2993 2569 millia.

1424 2598 1651 2666 Quando
1676 2598 1838 2667 igitur
1859 2598 2216 2668 Aquilonares
2249 2598 2337 2654 isti
2379 2601 2717 2657 incenderint
2741 2604 2999 2675 alienige-

1425 2704 1615 2744 narum
1647 2691 1832 2751 urbes,
1859 2690 2099 2759 pOpulati
2130 2690 2326 2745 fuerint
2359 2694 2521 2746 etiam
2546 2693 2742 2749 Judazaz
2764 2697 2996 2751 vicinam

1425 2782 1755 2848 Samariam,
1781 2782 1975 2837 deinde
1995 2784 2271 2853 cingenles
2306 2784 2542 2855 undique
2587 2786 2752 2856 ipsam
2780 2786 2997 2844 Jerusa-

1390 2890 1393 2891 '
1434 2877 1558 2939 Iern,
1588 2874 1734 2929 nullo
1774 2874 2077 2938 resistente,
2123 2890 2227 2928 uua
2271 2884 2424 2929 nocte
2458 2879 2762 2931 corruerint
2800 2897 2813 2932 :
2848 2888 2995 2947 tunc,

1421 2976 1571 3033 tunc,
1624 2966 1815 3035 inquit,
1861 2965 2030 3019 velint
2065 2966 2257 3030 nolint,
2292 2966 2698 3022 confitebuntur
2756 2970 2996 3039 gentium

1421 3042 1598 3126 reges,
1618 3058 1760 3125 quod
1783 3056 2042 3110 Dominus
2065 3055 2308 3110 finidavit
2336 3057 2489 3122 Sion,
2514 3068 2566 3111 et
2588 3061 2730 3128 quod
2755 3076 2851 3129 per
2873 3077 2995 3117 eum

1420 3149 1781 3203 servabuntur
1834 3147 2065 3201 humiles
2101 3148 2300 3217 pepuli.
2354 3148 2596 3204 llumiles
2622 3152 2800 3221 populi
2840 3165 2997 3208 vocat

1420 3256 1536 3302 eos,
1574 3239 1664 3307 qui
1697 3239 1748 3292 in
1787 3238 1877 3291 illo
1907 3236 2021 3291 solo
2076 3250 2227 3306 spem
2276 3237 2465 3292 salutis
2520 3254 2630 3294 sua:
2690 3242 2993 3310 collocant;

1422 3334 1599 3404 qualis
1628 3342 1746 3386 erat
1807 3329 1922 3399 ipse
1974 3344 2065 3383 rex
2127 3328 2411 3392 Ezechias,
2444 3341 2498 3384 et
2526 3333 2617 3401 qui
2657 3335 2801 3389 circa
2851 3337 2997 3392 illum

1422 3432 1582 3479 erant
1631 3420 1976 3490 procidentes
2004 3428 2070 3473 et
2103 3420 2382 3474 dicentes:
2422 3439 2439 3471 ι
2466 3422 2696 3491 Exaudi,
2750 3426 2996 3496 Domine,

1427 3513 1655 3581 respice,
1686 3508 1929 3571 Domine,
1971 3517 2024 3561 et
2058 3508 2176 3561 vide
2205 3522 2483 3562 sermones
2504 3508 2820 3579 Rhapsaem,
2862 3528 3000 3582 quos

1422 3603 1604 3658 emisit
1630 3616 1726 3655 rex
1750 3601 2120 3671 Assyriorum,
2164 3598 2359 3666 probra
2392 3600 2603 3669 jaciens
2633 3603 2684 3656 in
2719 3603 2886 3658 Deum
2915 3607 2999 3661 vi-

1422 3712 1549 3750 vum
1584 3695 1647 3748 ³³.
1682 3713 1701 3746 ι
1747 3691 1945 3746 Verum
1989 3704 2019 3745 e
2051 3690 2265 3745 diverso
2307 3692 2423 3761 ipse
2469 3693 2672 3749 audivit
2716 3693 2883 3750 Deum
2918 3697 3000 3754 lo-

1422 3795 1679 3857 quentem
1714 3795 1899 3855 aperte
1935 3803 1947 3838 :
1986 3802 2003 3835 ι
2034 3783 2159 3838 llaec
2196 3784 2270 3837 ait
2302 3784 2558 3839 Dominus
2593 3802 2608 3841 :
2642 3786 2998 3858 Propuguabo

1421 3877 1698 3931 civitatem
1742 3876 1882 3929 hanc
1915 3882 2132 3944 propter
2172 3886 2278 3938 me,
2310 3881 2363 3929 et
2396 3886 2614 3945 prepter
2663 3877 2830 3932 David
2862 3893 2996 3947 pue-

1426 3984 1545 4021 rum
1582 3965 1842 4021 meum“.
1876 3985 1893 4018 ι
1930 3985 1947 4017 ι
1979 3965 2181 4019 Bonum
2196 3974 2278 4020 est
2297 3965 2456 4034 igitur
2471 3968 2741 4024 conﬁdere
2760 3968 2948 4026 Deo".
2971 3988 2992 4022 ι

1423 4059 1578 4126 Quod
1618 4059 1780 4111 etiam
1828 4057 1971 4111 beati
2006 4056 2278 4126 prOphetze
2327 4073 2431 4111 non
2488 4058 2823 4126 ignorarunt.
2848 4060 2998 4117 Jere-

1423 4148 1563 4201 mias
1590 4148 1787 4215 quippe
1821 4146 1951 4200 dicit
1995 4163 2008 4198 :
2053 4164 2071 4196 ι
2098 4144 2295 4200 Beatus
2341 4148 2503 4200 homo
2530 4148 2619 4215 qui
2679 4150 2900 4206 conﬁdit
2943 4153 2995 4207 iu

1422 4236 1671 4300 Domino,
1709 4246 1760 4290 et
1791 4236 1894 4289 erit
1925 4234 2180 4291 Dominus
2220 4252 2345 4306 spes
2393 4237 2509 4307 ejus
2541 4239 2605 4292 ¹⁶.
2638 4258 2655 4290 ›
2699 4239 2998 4310 Sapientis-

1423 4328 1595 4381 simus
1616 4325 1776 4397 247
1795 4327 1957 4380 etiam
1994 4325 2201 4379 David:
2241 4344 2259 4377 ι
2295 4326 2519 4381 Domine
2552 4329 2689 4383 Deus
2716 4330 2991 4396 virtutum,

1420 4418 1617 4471 beatus
1643 4417 1804 4470 homo
1823 4414 1913 4484 qui
1944 4425 2129 4484 sperat
2166 4415 2218 4469 in
2244 4423 2295 4469 te
2318 4416 2417 4469 η.»
2440 4414 2605 4470 Nemo
2634 4418 2775 4472 enim
2807 4419 2997 4488 perdet

3172 1688 3281 1742 Kal
3307 1689 3365 1741 τί
3397 1689 3908 1758 ἀποκριθήσονται
3946 1688 4229 1755 ,ϐασαιεῖς
4265 1688 4497 1750 ἐθνῶν;
4546 1688 4660 1742 Ὅτι

3098 1778 3318 1846 Κύριος
3347 1778 3705 1848 ἐθεμελίωσε
3743 1779 3913 1843 Σιὼν,
3938 1780 4033 1833 καί
4057 1777 4129 1832 δι’
4151 1778 4337 1831 αὐτοῦ
4368 1776 4663 1841 σωθήσον-

3028 1848 3072 1903 B
3098 1882 3194 1920 ται
3220 1869 3275 1920 οἱ
3300 1866 3569 1920 ταπεινοί
3592 1867 3698 1921 τοῦ
3730 1867 3905 1922 λαοῦ.

3168 1958 3281 2028 Τῆς
3312 1959 3501 2028 ἐφόδου
3530 1959 3640 2012 τῶν
3705 1959 3998 2032 Ἀσσυρίων
4044 1959 4418 2029 γεγενημένης
4462 1958 4661 2028 ἥλωσαν

3106 2051 3204 2122 μὲν
3236 2052 3294 2105 αἱ
3320 2051 3427 2105 τῶν
3476 2050 3791 2119 ἀλλοφύλων
3843 2051 4045 2115 πόλεις.
4109 2050 4573 2122 Ἐκπεπόρθηνται
4612 2050 4662 2103 δὲ

3098 2142 3256 2195 οὐδὲν
3291 2137 3455 2214 ἦττον
3480 2144 3576 2197 κα)⁸
3630 2144 3686 2197 αἱ
3722 2143 3830 2197 τῶν
3867 2142 4218 2215 Σαμαρειτῶν
4245 2158 4261 2174 ⁸
4318 2142 4588 2194 σέσωσται
4614 2141 4665 2194 δὲ

3109 2232 3469 2305 Ἰερουσαλὴμ
3526 2234 3846 2305 παραδόξως
3907 2234 4041 2305 μόνη
4104 2233 4253 2304 παρά
4312 2232 4519 2296 πάσας,
4558 2234 4664 2295 ταῖς

3096 2323 3205 2376 τῶν
3269 2323 3569 2395 Ἀσσυρίων
3634 2327 3911 2397 στρατιαῖς
3951 2326 4316 2392 ὲνενεγκόντος
4359 2324 4460 2394 τὴν
4523 2326 4665 2394 χεῖρα

3097 2414 3193 2467 τοῦ
3228 2414 3405 2468 πάντα
3443 2415 3679 2478 εὐκόλως
3703 2413 4000 2485 κατορθοῦν
4029 2412 4321 2483 ἰσχύοντος.
4385 2414 4666 2467 Ἀπέθανον

3098 2508 3207 2577 γὰρ
3252 2507 3310 2560 ὲν
3336 2508 3493 2561 νυκτὶ
3533 2510 3632 2579 μιᾷ
3675 2508 3784 2560 τῶν
3823 2507 4133 2577 ἀλλοφύλων
4183 2505 4379 2560 ἑκατὸν
4435 2505 4530 2560 καὶ
4582 2504 4666 2573 ότ-

3097 2598 3360 2669 δοήκοντα
3397 2598 3556 2651 πέντε
3586 2598 3843 2668 χιλιάδες.
3877 2599 4046 2653 Ὅταν
4075 2598 4251 2650 τοίνυν
4280 2597 4667 2667 καταπρήσωσι

3103 2690 3200 2759 μὲν
3227 2688 3327 2754 τάς
3351 2689 3459 2744 τῶν
3495 2689 3808 2759 ἀλλοφύλων
3832 2688 4012 2753 πόλεις
4062 2690 4109 2742 οἱ
4143 2689 4248 2741 ἀπὸ
4289 2687 4490 2757 βορρᾶ,
4518 2702 4668 2738 κατα-

3098 2779 3349 2852 δῃὼσωσι
3401 2782 3494 2834 καὶ
3528 2781 3627 2851 τὴν
3665 2779 3764 2849 τῆς
3826 2778 4079 2842 Ἰουδαίας
4124 2777 4341 2847 γείτονα
4369 2776 4471 2846 τὴν
4501 2775 4669 2844 Σαμι-

3104 2871 3318 2941 ρειτῶν,
3384 2868 3502 2925 εἶτα
3561 2871 3913 2943 περισχόντες
3977 2870 4160 2941 κύκλῳ
4210 2870 4305 2923 καὶ
4358 2869 4531 2939 αὐτὴν
4580 2868 4670 2937 τὴν

3113 2961 3489 3033 Ἰερουσαλὴμ,
3518 2961 3731 3024 οὐδενὸς
3777 2960 4161 3029 ἀντεξάγοντος
4218 2963 4278 3013 ὲν
4324 2962 4425 3031 μιᾷ
4472 2960 4669 3012 πέσωσι

3099 3055 3255 3108 νυκτί
3281 3070 3295 3084 ·
3327 3055 3449 3106 τότε
3483 3054 3568 3125 δὴ,
3598 3054 3721 3108 τότε
3756 3055 3853 3107 καὶ
3882 3055 3979 3123 ούχ
4008 3053 4240 3116 ἑκόντες,
4265 3052 4454 3121 φησὶν,
4487 3050 4671 3122 ὁμολο⁴

3100 3148 3343 3217 γήσωσιν
3380 3147 3431 3199 οί
3460 3147 3567 3199 τῶν
3603 3146 3771 3201 ἐθνῶν
3803 3146 4061 3215 βασιλεῖς,
4114 3146 4195 3199 ὅτι
4239 3144 4449 3216 Κύριος
4486 3144 4670 3215 ἐθεμε-

3103 3238 3266 3293 λίωσε
3302 3237 3441 3292 Σιών
3467 3255 3481 3268 ·
3516 3238 3611 3292 καὶ
3644 3238 3726 3290 ὅτι
3756 3238 3825 3291 δι’
3843 3236 4007 3291 αὑτοῦ
4039 3236 4374 3308 σωθήσονται
4415 3237 4466 3288 οἱ
4495 3251 4673 3288 ταπει-

3100 3330 3182 3383 νοὶ
3211 3330 3306 3383 τοῦ
3344 3329 3496 3386 λαοῦ.
3542 3329 3846 3393 Ταπεινοὺς
3874 3329 3930 3382 δέ
3970 3346 4099 3399 φησι
4131 3327 4225 3382 τοῦ
4255 3327 4410 3393 λαοῦ,
4441 3330 4568 3391 τοὺς
4594 3328 4672 3379 ἐπ’

3098 3421 3246 3493 αὐτῷ
3274 3422 3339 3494 δὴ
3398 3422 3495 3477 καὶ¹
3531 3423 3677 3494 μόνῳ
3707 3422 3806 3493 τὴν
3839 3423 3947 3477 τῶν
3974 3421 4241 3486 σώζεσθαι
4293 3420 4559 3490 θεμένους
4593 3419 4673 3472 ἑλ-

3099 3514 3249 3579 πίδα,
3305 3515 3486 3579 ὁποῖός
3510 3515 3569 3568 τὲ
3602 3533 3686 3579 τις
3713 3511 3783 3586 ἦν
3815 3514 3975 3579 αὐτὸς
3996 3516 4024 3568 6
4055 3512 4351 3584 βασιλεύων
4413 3512 4672 3582 Ἐζεκίας,

3098 3608 3191 3660 καὶ
3218 3608 3266 3660 οἱ
3322 3608 3459 3678 ἀμφ’
3492 3607 3653 3661 αὑτὸν
3702 3607 3822 3679 Θεῷ
3864 3607 4316 3679 προσπίπτοντες,
4377 3605 4476 3658 καὶ
4501 3605 4675 3673 λέγον-

3096 3715 3224 3763 τεςο
3265 3719 3284 3751 ι
3319 3699 3672 3764 Εἰσάκουσον,
3728 3700 3923 3773 Κύριε,
3985 3699 4286 3769 εἴσϐλεψον,
4338 3696 4539 3769 Κύριε,
4590 3698 4673 3749 καὶ

3098 3791 3175 3844 ῐδε
3198 3791 3325 3854 τοὺς
3358 3791 3548 3861 λόγους
3586 3791 3681 3846 τοῦ
3742 3792 4032 3863 Ῥαψάκου,
4091 3789 4184 3853 οὓς
4225 3788 4615 3854 ἐξαπέστειλεν
4651 3790 4675 3840 6

3100 3881 3353 3950 βασιλεὺς
3388 3883 3709 3956 Ἀσσυρίων,
3739 3885 4019 3950 ὀνειδίζειν
4041 3883 4172 3936 Θεὸν
4199 3882 4401 3963 ζῶντα.
4447 3902 4467 3935 ι
4524 3880 4674 3935 Ἀλλὰ

3097 3972 3190 4024 καὶ
3222 3971 3386 4036 αὐτὸς
3429 3973 3724 4045 ἀντήκουεν
3753 3973 3887 4028 Θεοῦ
3915 3974 4162 4043 λέγοντος
4203 3971 4481 4043 ἐναργῶςο
4524 3989 4546 4023 ‹
4579 3971 4677 4024 Τά-

3096 4063 3152 4116 δε
3176 4063 3328 4129 λέγει
3355 4063 3559 4135 Κύριος
3580 4081 3593 4095 ·
3636 4064 3987 4137 Ὠπερασπιῷ
4009 4066 4146 4135 ὑπὲρ
4179 4065 4277 4135 τῆς
4306 4065 4524 4128 πόλεως
4550 4063 4671 4118 ταύι

3096 4172 3196 4225 της
3222 4155 3288 4209 δι’
3318 4157 3441 4228 ἐμὲ,
3481 4158 3573 4211 καὶ
3602 4158 3689 4211 διά
3719 4158 3883 4212 Δαϐὶδ
3910 4158 3998 4212 τὸν
4044 4158 4208 4211 παῖδά
4236 4176 4360 4229 μου.
4396 4176 4415 4208 ι
4454 4176 4476 4210 ι
4528 4159 4677 4226 Ἀγα-

3098 4245 3190 4300 θὸν
3215 4243 3308 4301 οῦν
3337 4248 3444 4319 ἀρα
3475 4250 3536 4303 τὸ
3570 4252 3661 4304 ἐπὶ
3691 4250 3809 4321 Θεῷ
3861 4251 4199 4305 πεποιθέναι.
4267 4270 4286 4303 ι
4352 4250 4467 4303 Καὶ
4528 4250 4677 4303 τοῦτο

3096 4340 3293 4405 εἰδότες
3319 4344 3370 4395 οἱ
3419 4346 3679 4415 μακάριοι
3722 4345 3997 4416 προφῆταί
4018 4360 4199 4413 φασιν,
4247 4343 4528 4415 Ἱερεμίας
4564 4343 4673 4414 μὲν,

3098 4430 3203 4497 ὅτι,
3232 4454 3251 4486 ι
3278 4435 3566 4508 Μακάριος
3587 4436 3874 4509 ἄνθρωπος
3894 4439 3923 4490 6
3946 4438 4218 4501 πεποιθὼς
4238 4438 4332 4491 ἐπὶ
4353 4438 4434 4508 τῷ
4467 4440 4673 4509 Κυρίῳ.

1419 4523 1543 4563 eum
1572 4508 1663 4578 qui
1697 4507 1878 4563 divino
1910 4506 2025 4574 ejus
2044 4516 2174 4561 nutu
2208 4506 2422 4576 adjutus
2443 4518 2545 4576 est,
2573 4517 2627 4564 et
2653 4524 2888 4580 superno
2918 4513 2993 4569 fa-
3024 4536 3075 4596 Ι)
3102 4524 3195 4576 καὶ
3226 4524 3330 4577 ἔστι

2763 4526 2888 4565 eruo
2918 4513 2993 4569 ῆι-
3024 4536 3075 4596 D
3102 4524 3195 4576 καὶ
3226 4524 3375 4578 ἔσται
3414 4506 3619 4597 Κύριος
3659 4506 3815 4591 ἐλπὶς
3858 4525 4044 4580 αὑτοῦ.
4093 4546 4113 4579 ι
4159 4528 4217 4579 '0
4264 4527 4319 4581 δὲ
4365 4506 4674 4597 σοφώτατος

1419 4614 1551 4655 vore
1581 4613 1647 4654 ac
1677 4599 2049 4655 benevolentia
2098 4600 2250 4669 quasi
2294 4616 2451 4655 muro
2478 4603 2643 4671 probe
2672 4605 2989 4662 obvallatus.

1422 4690 1682 4760 Dignatur
1707 4691 1848 4744 enim
1883 4705 2011 4744 cura
2045 4705 2139 4745 sua
2187 4701 2431 4746 amantes
2465 4707 2545 4759 se,
2567 4703 2622 4747 et
2644 4695 2735 4763 qui
2760 4694 2994 4766 diligen-

1420 4790 1501 4835 ter
1524 4796 1644 4849 qua:
1669 4782 1767 4850 ipsi
1802 4784 2019 4852 placent
2052 4784 2292 4849 cogitare
2322 4793 2374 4839 et
2398 4800 2559 4851 agere
2582 4788 2818 4856 Student,
2854 4790 2906 4844 hi
2937 4801 2995 4846 ut

1421 4868 1592 4924 ﬁrmis
1627 4880 1681 4924 et
1713 4871 1983 4926 diuturnis
2009 4873 2164 4927 bouis
2194 4874 2474 4940 potiantur
2503 4873 2660 4930 facile
2691 4890 2918 4936 annuet.

3098 4614 3290 4669 Δαϐίδο
3326 4635 3344 4667 ι
3377 4616 3551 4688 Κύριε
3572 4620 3600 4671 6
3622 4618 3756 4681 Θεὸς
3788 4616 3895 4672 τῶν
3926 4618 4229 4689 δυνάμεων,
4273 4620 4555 4689 μακάριος
4590 4620 4675 4674 ἄν·

3094 4704 3313 4775 θρωπος
3333 4708 3361 4760 6
3384 4707 3619 4773 ἐλπίζων
3640 4709 3733 4762 ἐπὶ
3756 4710 3857 4773 es;
3874 4730 3893 4763 ι
3944 4709 4218 4763 Ἀπολέσει
4246 4710 4354 4781 γὰρ
4388 4711 4571 4774 οὐδεὶς
4592 4712 4674 4764 τὸν

3089 4800 3202 4861 τοῖς
3232 4799 3397 4863 θείοις
3428 4800 3593 4854 αὑτοῦ
3630 4802 3897 4873 νεύμασιν
3925 4802 4403 4874 ὲπικουρούμενον,
4440 4804 4544 4856 καὶ
4562 4806 4674 4865 ταῖς

3088 4887 3294 4943 ἀνωθεν
3342 4892 3653 4961 εύμενείαις
3708 4890 3767 4948 εῦ
3821 4894 3968 4965 μάλα
4026 4894 4449 4965 τετειχισμένον.
4520 4894 4676 4958 Ἀξιοῖ

1419 4960 1526 5059 γὰρ
1552 4962 1827 5059 φροντίδος
1854 4966 1979 5059 τοῖις
2039 4965 2370 5059 ἀγαπῷντας
2422 4968 2604 5033 αὐτὸν»
2657 4972 2896 5037 καὶτοῖς
2950 4975 3018 5030 τὰ
3094 4981 3244 5052 αὐτῷ
3295 4960 3556 5039 δοκοῦντα
3621 4960 3839 5059 φρονεῖν
3892 5005 3951 5041 τε
3985 4988 4075 5041 καὶ
4130 4960 4380 5059 δρᾷννὸτι
4442 4989 4672 5059 μάλιστα

1419 5054 1849 5122 διεσπουδακόσι,
1900 5058 1961 5109 τὸ
2012 5059 2070 5110 ὲν
2130 5057 2334 5129 βεϐαίῳ
2384 5061 2595 5115 κεῖσθαι
2631 5063 2741 5117 τῶν
2769 5066 2989 5134 ἀγαθῶν
3028 5075 3315 5131 κατανεύει
3346 5054 3670 5152 προχείρωςξ

2029 5187 2264 5246 TOMUS
2301 5191 2384 5247 ill.

1489 5296 1618 5349 CAP.
1647 5293 1757 5348 XV.
1787 5295 2081 5351 VERBUM
2108 5300 2401 5357 CONTRA
2426 5305 2926 5373 ΜΟΑΒΙΤΙΒΕΜ.

1484 5406 1747 5461 Confecto
1784 5420 2037 5462 sermone
2075 5410 2143 5464 de
2182 5411 2489 5483 Babyloniis
2529 5418 2757 5491 aliisque
2800 5429 2995 5485 rectis-

1416 5498 1571 5560 sime,
1604 5512 1789 5553 rursus
1821 5498 1889 5552 ad
1920 5497 2286 5570 Moabitidem,
2346 5506 2397 5560 id
2432 5516 2533 5575 est,
2567 5524 2754 5570 contra
2791 5516 2996 5575 Moabi-

1419 5599 1596 5645 tarum
1633 5590 1972 5661 metropolim
2012 5593 2393 5665 regionemque
2433 5600 2741 5660 universam
2791 5609 2993 5679 ipsum-

3700 5219 3930 5272 ΤΟΜΟΣ
3975 5219 4013 5271 Γ
4016 5225 4048 5274 ’.

3208 5324 3296 5379 T0
3320 5330 3520 5383 ΡΗΜΛ
3565 5333 3649 5383 T0
3698 5334 3886 5385 ΚΑΤΑ
3926 5333 4060 5384 ΤΗΣ
4101 5330 4577 5386 ΜΩΑΒῘΤΙΔΟΣ.

3165 5440 3511 5511 Διαπεράνας
3543 5437 3602 5495 εὖ
3636 5440 3780 5512 μάλα
3808 5441 3898 5495 τὸν
3932 5442 4025 5495 ἐπί
4060 5457 4123 5510 γε
4160 5441 4274 5504 τοῖς
4311 5439 4676 5502 Βαϐυλωνίοις

3095 5529 3190 5581 καὶ
3250 5533 3363 5594 τοῖς
3405 5532 3726 5602 ἀλλοφύλοις
3771 5534 3949 5603 λόγον,
4012 5532 4294 5605 μεθίστησι
4355 5532 4525 5587 πάλιν
4583 5532 4676 5602 τὴν

3095 5620 3494 5690 προαγόρευσιν
3547 5624 3640 5677 ἐπὶ
3688 5627 3755 5696 τῇ
3803 5623 4137 5679 Μωαϐίτιδυ
4174 5623 4320 5679 τοῦτ’
4354 5625 4473 5679 ἐστι
4538 5627 4675 5681 κατά

1493 5747 1536 5780 ⁸³
1567 5747 1631 5804 IV
1659 5746 1791 5819 Reg.
1832 5748 2057 5829 nx,l(i.
2138 5749 2179 5779 ”
2206 5749 2333 5805 ibid.
2366 5753 2453 5809 δι.
2535 5760 2575 5789 ¹⁸
2616 5759 2752 5819 Psal.
2786 5778 2949 5835 cxvn,
2975 5770 3028 5823 8.
3110 5773 3153 5805 "
3178 5772 3379 5831 Jerem.
3410 5793 3545 5847 xvn,
3575 5781 3626 5833 7.
3710 5780 3747 5811 "
3780 5779 3917 5836 Psal.
3952 5795 4183 5847 Lxxxnt,
4229 5782 4313 5838 l3.

1481 5858 1519 5866 ρ.
