4110 6510
264 369 360 435 ss?
1377 360 1447 418 IN
1480 359 1711 417 ISAIAM
1752 358 1857 413 Lm

1962 402 1974 415 .
2019 359 2254 418 sonus
2291 359 2382 418 ιιι.
3395 358 3497 438 sos

263 492 354 559 τῆς
378 486 481 540 τῶν
501 479 812 541 Ιωαϐιτῶν
847 478 1229 551 μητροπόλεως
1268 476 1449 549 χώρας
1501 496 1561 533 τε
1604 477 1822 547 ἀπάσης
1852 524 1857 536 ⁴

1966 492 2032 531 ue
2076 477 2213 533 adeo
2256 492 2476 549 regnum
2522 476 2778 534 transl‘ert
2814 477 3148 532 vaticinium.
3183 476 3328 532 Gens
3376 494 3500 532 rem

265 582 353 633 καὶ
395 576 555 643 αὐτῆς
599 572 705 643 τῆς
730 570 1027 643 βασιλείας.
1073 569 1266 633 Ἔθνος
1296 570 1392 623 καὶ
1432 570 1586 624 αὐτοὶ
1620 567 1826 639 βάρϐα-

1961 569 2210 625 arbarica
2242 570 2462 625 fuerunt
2488 570 2652 625 etiam
2688 570 2764 636 bi,
2798 570 2906 625 Deo
2938 578 3124 634 exosa,
3154 571 3295 639 quod
3329 568 3501 627 idolo-

264 687 370 741 ρον,
422 662 802 734 ἀπηχθημένον
840 662 991 735 παρὰ
1052 660 1193 732 Θεῷ,
1242 660 1413 716 διάτοι
1452 660 1515 713 τὸ
1550 656 1828 727 ἐγκεῖσθαι

1963 677 2050 716 um
2105 645 2273 717 cultui
2338 663 2431 717 toti
2487 662 2954 726 adherescereut,
3016 662 3341 733 magicaeque
3400 664 3505 719 arti

267 759 357 828 μὲν
379 752 681 824 όλοτρότοως
706 754 825 815 ταῖς
847 751 958 805 τῶν
980 750 1216 807 εἰδώλων
1262 750 1561 821 λατρείαις,
1604 749 1831 819 ἐπιθαρο

1961 751 2166 806 maxime
2194 751 2554 816 conﬁderent,
2586 767 2647 807 ac
2672 751 2869 807 divinae
2898 752 3165 821 majestati
3192 767 3314 809 sese
3340 768 3509 823 oppo-

266 850 370 901 σεῖν
395 846 450 899 δέ
480 843 714 916 μάλιστα
754 846 822 915 τῇ
856 843 1018 914 μάγῳ
1065 842 1257 915 τέχνῃ,
1298 844 1394 897 καὶ
1422 843 1520 914 τῆς
1564 840 1659 895 τοῦ
1693 840 1829 893 Θεοῦ

1961 849 2145 905 ιοιιοιιῑ,
2174 852 2228 895 et
2254 841 2516 898 lsraelitis
2544 852 2731 898 essent
2757 858 2917 913 quant
2953 842 3312 898 infestissimi.
3341 843 3509 900 Cum-

268 930 680 1003 κατεπαίρεσθαι
742 916 923 1003 δόξης,
994 926 1135 985 εἷναί
1194 948 1254 985 τε
1302 931 1410 986 τῶν
1470 932 1552 984 δτι
1602 930 1834 1000 μάλιστα

1961 944 2037 998 [ue
2063 929 2383 1001 Egyptiacs
2412 932 2698 1001 tyrannide
2728 931 2973 997 liberati,
3003 933 3071 986 ad
3103 942 3303 987 terram
3333 935 3511 989 venis-

269 1023 676 1095 πολεμιωτάτων
702 1026 815 1087 τοῖς
865 1022 927 1088 ἐξ
988 1022 1227 1096 Ἰσραήλ.
1263 1022 1375 1076 Kal.
1408 1021 1540 1091 γοῦν
1584 1021 1673 1074 ὅτε
1724 1018 1834 1071 τῶν

1965 1031 2058 1076 ent
2079 1022 2477 1091 promissionis,
2519 1039 2708 1093 parum
2736 1024 2927 1078 aberat
2960 1024 3089 1092 quin
3120 1039 3308 1080 omnes
3335 1026 3510 1095 perie~

267 1114 567 1182 Αἰγυπτίων
610 1114 1024 1185 ἀπηλλαγμένοι.
1076 1112 1410 1178 πλεονεξίας,
1466 1112 1561 1165 ἐπὶ
1605 1111 1705 1182 τὴν
1738 1110 1836 1179 τῆς

1961 1112 2073 1178 ’ἰιιί,
2105 1123 2365 1181 quantum
2409 1113 2626 1183 quidem
2673 1125 2897 1169 conatus
2936 1115 3155 1171 Balaclii
3200 1128 3329 1172 tunc
3371 1120 3513 1188 regis

267 1204 584 1274 ἐπαγγελίας
618 1205 865 1276 ἀπῄεσαν
910 1204 1036 1275 γῆν,
1090 1203 1288 1276 μικροῦ
1327 1204 1437 1258 δεῖν
1479 1203 1716 1267 ἅπαντες
1762 1200 1838 1252 δι-

1961 1202 2298 1260 ιιοοιιίιπιιιη
2328 1205 2505 1275 potuit
2532 1205 2768 1261 eﬁicere.
2799 1205 3077 1274 Scriptum
3110 1208 3197 1261 est
3225 1216 3402 1263 autem
3435 1200 3516 1263 sic

267 1295 510 1359 ολώλασι,
536 1295 597 1348 τό
634 1312 699 1365 γε
720 1289 856 1366 ἦκον
890 1298 970 1358 είς
1002 1295 1062 1349 τὸ
1090 1294 1398 1366 ἐγχείρημα
1440 1286 1647 1357 Βαλὰκ,
1683 1292 1741 1356 ὃς
1768 1287 1836 1362 ἢν

1961 1297 1993 1349 'n
2026 1292 2274 1349 Numeris
2309 1296 2324 1348 ':
2370 1313 2389 1346 ‹
2431 1297 2496 1349 Et
2529 1294 2920 1351 descendentes
2962 1296 3055 1350 ﬁlii
3104 1294 3264 1352 Israel
3305 1306 3515 1352 castra-

268 1385 509 1454 βασιλεὺς
535 1385 596 1438 τὸ
616 1385 869 1456 τηνικάδε
898 1384 1005 1438 τῶν
1051 1378 1380 1440 Μωαϐιτῶν.
1432 1384 1749 1454 Γέγραπται
1776 1381 1835 1437 δὲ

1961 1382 2125 1436 uetati
2166 1393 2294 1437 sunt
2335 1384 2400 1437 ad
2447 1383 2780 1439 occidentem
2824 1384 3009 1450 Moab,
3043 1385 3184 1455 apud
3222 1376 3513 1441 Iordanem

266 1471 428 1534 οὕτως
456 1473 516 1525 ἐν
542 1475 655 1536 τοῖς
693 1472 995 1543 ’Δριθμοῖςο
1025 1489 1043 1523 ι
1074 1474 1184 1527 Καὶ
1206 1472 1445 1535 ἅπαντες
1479 1472 1584 1524 υἱοὶ
1622 1469 1839 1541 Ἰσραὴλ

1962 1480 2088 1527 ‘uxta
2136 1472 2377 1539 Iericho,
2412 1483 2467 1529 et
2516 1474 2705 1530 videns
2752 1472 3017 1531 Balaehus
3063 1474 3204 1531 lilius
3251 1476 3511 1545 Seph'ori,

265 1564 629 1636 παρενέϐαλον
656 1566 750 1618 ἐπὶ
778 1564 998 1635 δυσμῶν
1028 1564 1224 1630 Μωὰϐ,
1248 1564 1400 1637 παρὰ
1427 1565 1516 1618 τὸν
1562 1556 1839 1634 Ἰορδάνην

1961 1576 2278 1636 |u1ecunque
2335 1565 2460 1621 fecit
2516 1561 2679 1621 Israel
2730 1567 3084 1628 Amorrhazo.
3137 1580 3191 1624 et
3240 1570 3517 1639 pertimuit

266 1656 398 1711 κατά
432 1655 665 1727 Ἰεριχώ.
703 1652 814 1710 Καὶ
850 1656 973 1710 ἰδὼν
1008 1656 1192 1710 Βαλὰκ
1224 1650 1339 1721 υίδς
1375 1654 1633 1727 Σεπφὼρ,
1662 1655 1841 1709 πάντα

1961 1655 2099 1710 lloab
2137 1656 2392 1727 populum
2431 1654 2614 1723 valde,
2646 1650 2771 1727 quia
2807 1657 2957 1713 nmlti
3001 1668 3157 1714 erant
3196 1677 3209 1712 :
3252 1668 3303 1712 et
3339 1659 3518 1713 timuit

265 1749 358 1801 ὅσα
393 1748 651 1818 ἐποίησεν
688 1747 906 1818 Ἰσραὴλ
930 1747 1008 1819 τῷ
1059 1747 1373 1820 ⁹Αμοῤῥαίῳ
1395 1766 1406 1780 ·
1468 1748 1560 1801 καὶ
1601 1745 1838 1817 ἐφοϐήθη

1961 1744 2100 1802 lloab
2134 1761 2164 1801 a
2199 1742 2336 1801 facie
2370 1747 2606 1802 ﬁliorum
2641 1742 2805 1801 Israel
2834 1738 2899 1800 “.
2940 1767 2959 1800 ι
3001 1748 3206 1805 Deinde
3240 1761 3358 1819 qua:
3396 1758 3515 1803 tan-

266 1834 430 1891 Μωὰϐ
461 1839 556 1890 τὸν
572 1838 697 1890 λαὸν
729 1837 955 1908 σφόδρα,
986 1840 1068 1892 ὅτι
1090 1838 1274 1891 πολλοὶ
1303 1833 1464 1908 ἦσαν.
1519 1837 1631 1892 Καὶ
1673 1853 1841 1907 προσ-

1961 1837 2068 1891 lem
2096 1837 2213 1905 ejus
2238 1837 2338 1892 fuit
2364 1836 2724 1894 machinatio?
2751 1839 3087 1894 Conductum
3114 1832 3424 1895 Balaamum
3450 1854 3517 1915 ex

264 1928 457 1999 ώχθισε
512 1929 687 1983 Μωὰϐ
734 1930 800 1983 ἐκ
840 1927 1135 2001 προσώπου
1196 1931 1327 1984 υίῶν
1378 1929 1611 2001 Ἰσραήλ.
1650 1949 1667 1981 ι
1708 1926 1840 1982 Εἶτα

1961 1925 2333 1999 llesopotamia
2368 1930 2520 2000 (erat
2559 1940 2741 1987 autem
2774 1931 2819 1987 is
2850 1928 3017 1986 l‘alsus
3047 1941 3195 1989 vates
3227 1943 3281 1987 et
3312 1934 3519 2002 augur)

265 2024 410 2076 ποῖον
452 2022 606 2092 αύτῷ
652 2021 845 2090 γέγονε
875 2020 937 2074 τὺ
985 2021 1382 2093 κακούργημα;
1427 2020 1841 2093 Κατεμισθοῦτο

1961 2021 2156 2090 rogavit
2178 2020 2359 2077 dicens
2390 2039 2404 2076 :
2434 2020 2733 2078 Exsecrare
2760 2023 2890 2078 mihi
2918 2022 3192 2080 lsraelem.
3214 2023 3348 2080 Novi
3374 2025 3518 2080 enim

264 2112 351 2165 τὸν
404 2110 639 2181 Βαλαάμ
670 2112 734 2163 ἐκ
763 2112 861 2181 τῆς
894 2111 1356 2181 Μεσοποταμίας’
1391 2110 1749 2181 ψευδόμαντις
1785 2109 1841 2162 δὲ

265 2198 410 2267 οὗτος
458 2204 559 2256 καὶ
612 2202 1007 2265 οίωνοσκόπος·
1052 2197 1174 2254 εἶτα
1236 2202 1565 2273 παρακαλεῖ,
1617 2202 1791 2272 λέγων
1822 2217 1838 2232 ·

277 2292 579 2366 Ἐπάρασαί
621 2306 711 2364 μοι
736 2293 829 2347 τὸν
871 2286 1108 2363 Ἰσραήλ.
1167 2287 1299 2345 Οἶδα
1330 2292 1462 2364 γάρ,
1519 2293 1706 2363 φησιν,
1761 2293 1841 2346 ὃτι

264 2382 353 2449 οὒς
398 2386 463 2440 ἂν
507 2387 574 2439 σὺ
626 2380 946 2457 εύλογιίῑςικεηςι
1005 2383 1355 2455 ηύλόγηνται,
1398 2385 1492 2437 καὶ
1526 2383 1618 2448 οὒς
1672 2384 1739 2437 ἂν
1779 2386 1842 2437 σὺ

267 2477 573 2550 καταράσῃ.
614 2478 1041 2549 κεκατήρανται.
1089 2474 1200 2535 Καὶ
1228 2478 1278 2529 οἱ
1311 2477 1411 2548 μὲν
1448 2477 1549 2548 τῆς
1593 2478 1844 2547 γοητείας

267 2568 595 2641 ἐπράττοντο
632 2569 760 2640 παρ’
807 2569 1016 2622 ἐκείνου
1054 2568 1268 2641 τρόποι,
1299 2568 1500 2640 βωμῶν
1526 2586 1587 2623 τε
1622 2571 1847 2641 ἐγηγερ-

268 2662 457 2732 μένων,
486 2662 589 2715 καὶ
630 2656 831 2715 θυσιῶν
884 2662 1468 2732 προσκεκομισμένων.
1521 2661 1847 2731 Ἐσφάλλετο

264 2755 319 2810 δὲ
341 2757 436 2825 τῆς
453 2752 680 2815 ἐλπίδος
707 2753 735 2804 6
758 2752 964 2817 Βαλὰκ,
988 2751 1085 2805 καὶ
1114 2751 1224 2805 τῶν
1256 2752 1396 2805 κατὰ
1414 2750 1637 2823 γνώμην
1668 2751 1848 2824 ἡμάρ-

264 2861 445 2916 τηκεν,
478 2842 833 2912 εὐλογοῦντος
863 2844 1138 2913 ἀδοκήτως
1175 2838 1266 2895 τὸν
1296 2844 1510 2914 Ἰσραὴλ
1533 2844 1626 2897 τοῦ
1673 2861 1848 2915 παρα-

271 2935 583 3004 λειφθέντος
614 2937 691 2998 είς
716 2927 776 2987 τὸ
815 2929 1238 3004 παραράσασθαι
1268 2933 1399 2986 δεῖν.
1445 2934 1663 3006 Ἐπειδὴ
1690 2934 1746 2987 δὲ
1768 2936 1848 2997 είς

270 3027 327 3080 τὸ
358 3029 489 3098 παρ’
550 3026 769 3089 ἐλπίδας
827 3025 1129 3095 ἐκϐέϐηκεν
1200 3024 1349 3093 αύτῷ
1402 3025 1462 3077 τὸ
1518 3024 1846 3097 ἐγχείρημα,

268 3117 422 3169 πάλιν
456 3114 640 3185 ἑτέρῳ
677 3114 886 3183 μέτεισι
918 3111 1105 3182 τρόπῳ
1140 3112 1237 3181 τῆς
1266 3113 1382 3164 κατ’
1406 3112 1585 3166 αύτῶν
1622 3113 1848 3183 δυστροο

268 3206 392 3271 πίας
420 3206 481 3259 τὸ
534 3207 743 3276 χρῆμα.
795 3204 1172 3273 Σεσαγήνευκε
1202 3204 1308 3273 γὰρ
1349 3203 1474 3266 τοὺς
1518 3202 1579 3267 ἐξ
1612 3203 1850 3275 Ἰσραὴλ,

266 3300 380 3362 ταῖς
405 3296 527 3350 τῶν
564 3293 837 3365 γυναικῶν
867 3290 1039 3365 ὥραις
1065 3293 1553 3367 συνηρπασμένους
1583 3294 1675 3346 ἐπί
1704 3311 1768 3363 γε
1796 3296 1855 3348 τὸ

268 3387 582 3459 κρῆναιτῆς
600 3386 736 3457 πρὸς
762 3384 895 3439 Θεὸν
910 3384 1130 3455 ἀγάπης
1162 3385 1485 3456 ἀποφοιτᾷν,
1515 3384 1610 3439 καὶ
1626 3402 1859 3457 προσκυ.

268 3486 371 3539 νεῖν
392 3482 617 3537 ἑλέσθαι
632 3481 710 3552 τῷ
722 3479 1064 3552 Βεελφεγώρ·
1080 3479 1296 3533 εἴδωλον
1326 3479 1384 3532 δὲ
1400 3479 1558 3533 τοῦτο
1577 3478 1685 3533 τῶν
1696 3480 1856 3533 Μωα-

266 3574 449 3629 ϐιτῶν.
466 3571 861 3642 Γέγραπταιδέ
872 3568 1015 3624 οὕτω
1029 3570 1188 3623 πάλιν
1204 3571 1262 3623 ἐν
1278 3572 1387 3632 τοῖς
1404 3560 1697 3641 Ἆριθμοῖςο
1717 3588 1735 3620 ‹
1749 3571 1859 3625 Καὶ

270 3663 567 3718 κατέλυσεν
587 3664 616 3715 6
642 3661 857 3733 Ἰσραὴλ
870 3662 929 3714 ἐν
944 3660 1202 3731 Σαττεὶμ,
1222 3660 1317 3713 καὶ
1332 3651 1641 3730 ἐϐεϐηλώθη
1661 3662 1688 3712 6
1707 3654 1854 3726 λαὸς,

269 3752 643 3827 ἐκπορνεῦσαι
673 3754 766 3805 ἐπὶ
785 3752 884 3815 τάς
913 3749 1220 3820 θυγατέρας
1242 3747 1439 3811 Μωάϐ,
1467 3746 1562 3802 καὶ
1594 3749 1859 3803 ἐκάλεσαν

270 3844 461 3910 αὐτοὺς
480 3844 583 3898 ἐπὶ
604 3846 727 3906 ταῖς
756 3842 970 3905 θυσίαις
988 3841 1095 3895 τῶν
1117 3839 1351 3893 εἰδώλων
1382 3838 1581 3903 αὐτῶν,
1612 3840 1707 3893 καὶ
1728 3840 1859 3910 ἐφα-

269 3955 361 4008 γεν
388 3936 571 3999 όλαδς
596 3935 705 3988 τῶν
719 3932 920 3987 θυσιῶν
940 3931 1121 3986 αὐτῶν
1139 3948 1153 3963 ⁸
1182 3930 1275 3985 καὶ
1295 3930 1717 4002 προσεκύνησαν
1746 3934 1860 3995 τοῖς

268 4030 509 4093 είδωλοις
533 4026 733 4081 αὐτῶν·
759 4027 854 4080 καὶ
877 4026 1133 4096 ἐτελέσθη
1170 4026 1387 4097 Ἰσραὴλ
1415 4026 1493 4097 τῷ
1516 4025 1858 4096 Βεελφεγὼρ,

272 4112 635 4192 καὶὼργίσθη
658 4117 816 4188 θυμῷ
838 4116 1042 4188 Κύριος
1060 4115 1138 4185 τῷ
1183 4116 1417 4187 Ἰσραήλ.
1451 4136 1470 4169 ι
1508 4116 1725 4186 Ἐπειδὴ
1752 4116 1861 4187 γὰρ

273 4213 657 4285 ἐπαμύνοντος
698 4209 869 4273 δεινὸς
912 4209 1009 4262 καὶ
1060 4208 1390 4279 δυσάντητος
1445 4204 1514 4279 ἦν
1553 4211 1583 4262 6
1624 4209 1858 4281 Ἰσραὴλ,

270 4306 440 4377 ταύτῃ
460 4321 554 4358 τοι
578 4303 674 4356 καὶ
702 4301 850 4371 μάλα
874 4300 1086 4373 πικρῶς
1112 4301 1204 4353 καὶ
1233 4299 1698 4372 φιλοκακούργως,
1731 4304 1861 4370 ἀφι-

274 4404 499 4461 σταντες
535 4392 700 4449 αὑτοῦ
725 4392 821 4463 τὴν
846 4392 1188 4463 ἐπικουρίαν,
1218 4391 1579 4463 προσκρούειν
1610 4391 1863 4445 ἀνέπιθον

1947 2111 2094 2181 quod
2132 2111 2333 2182 quibus
2370 2122 2423 2168 tu
2459 2113 2825 2179 benedixeris,
2856 2114 3273 2182 benedicuntur,
3301 2125 3355 2171 et
3385 2130 3523 2185 quos

1952 2212 2007 2257 tu
2072 2212 2391 2259 exsecratus
2452 2201 2661 2268 fueris,
2716 2205 3078 2260 exsecrationi
3137 2206 3521 2275 subjiciuntur.

1948 2291 2342 2349 Incantationis
2372 2304 2550 2349 autem
2580 2294 2771 2351 modus
2802 2295 2892 2350 hic
2915 2296 2982 2349 ab
3007 2306 3072 2349 eo
3102 2294 3376 2351 adhibitus
3402 2295 3521 2357 fuit.

1950 2386 2060 2441 aris
2094 2386 2373 2453 excitatis,
2404 2388 2704 2457 hostiisque
2735 2386 2954 2443 oblatis.
2987 2380 3254 2443 Caeterum
3291 2403 3386 2458 spe
3420 2386 3525 2442 lal-

1951 2494 2044 2534 sus
2077 2488 2161 2533 est
2194 2472 2376 2545 Balac,
2401 2487 2456 2534 et
2488 2470 2657 2533 animi
2692 2479 2959 2534 sententia
2994 2479 3217 2546 excidit,
3255 2481 3521 2550 henepre-

1952 2576 2109 2622 caute
2146 2578 2343 2637 praeter
2373 2567 2681 2636 Opinionem
2726 2566 2910 2623 lsraeli
2954 2583 3020 2625 eo
3063 2569 3153 2639 qui
3199 2570 3401 2624 ascitus
3443 2579 3527 2624 est

1954 2652 2120 2729 248
2159 2658 2227 2712 ad
2267 2658 2697 2728 imprecandum.
2730 2657 2863 2714 Cum
2907 2668 3086 2716 autem
3129 2660 3231 2716 hoc
3272 2662 3526 2716 molimen

1958 2750 2007 2803 ei
2065 2758 2263 2818 praeter
2295 2762 2445 2820 spem
2481 2750 2786 2817 evenisset,
2831 2766 3020 2807 rursus
3054 2752 3160 2807 alio
3195 2753 3351 2809 modo
3392 2755 3531 2809 hanc

1960 2853 2072 2894 rem
2103 2838 2363 2894 nefariam
2389 2850 2579 2895 contra
2611 2856 2705 2897 eos
2732 2842 3057 2913 aggreditur.
3085 2843 3354 2900 lsraelitas
3384 2846 3528 2901 enim

1958 2930 2271 3001 illaqueavit
2324 2940 2383 2986 ut
2414 2932 2664 2988 muliebri
2698 2931 2871 2988 forma
2906 2934 3161 3005 correpti,
3196 2950 3223 2988 a
3266 2936 3355 2991 Dei
3391 2938 3531 2991 dile-

1956 3024 2133 3078 ctione
2165 3023 2562 3089 exorbitarent,
2594 3032 2649 3079 et
2680 3023 2981 3096 Beelpltego
2996 3041 3039 3088 r,
3088 3025 3285 3079 idolum
3322 3027 3533 3082 scilicet

1960 3112 2337 3179 Moabitarum,
2368 3114 2673 3170 adorarent.
2708 3113 2980 3187 Scriptum
3016 3127 3098 3171 est
3132 3118 3325 3172 iterum
3362 3120 3441 3174 sic
3478 3120 3531 3173 in

1955 3198 2247 3254 Numeris:
2295 3216 2314 3251 ι
2363 3198 2740 3257 Commoratus
2769 3211 2853 3257 est
2904 3203 3067 3260 Israel
3128 3207 3178 3259 in
3233 3207 3441 3271 Sattin,
3482 3218 3534 3263 et

1956 3290 2355 3346 contaminatus
2387 3300 2471 3345 est
2501 3292 2728 3362 populus
2761 3301 2818 3348 ut
2848 3294 3208 3351 I'ornicaretur
3236 3312 3359 3352 cum
3390 3298 3531 3353 ﬁlla-

1956 3382 2058 3438 bus
2098 3381 2276 3448 Moab,
2310 3392 2674 3455 vocaruntque
2716 3400 2811 3441 eos
2851 3388 2917 3441 ad
2956 3389 3222 3443 sacriﬁcia
3269 3390 3531 3447 idolorum

1958 3486 2209 3541 suorum,
2237 3486 2301 3529 ac
2341 3475 2576 3530 comedit
2616 3475 2844 3547 populus
2883 3480 2949 3533 de
2992 3481 3274 3539 sacriﬁciis
3313 3496 3529 3549 eorum,

1957 3576 2013 3621 et
2048 3567 2413 3621 adoraverunt
2447 3568 2587 3624 idola
2630 3584 2852 3636 eorum,
2886 3580 2940 3626 et
2975 3573 3215 3629 initiatus
3258 3586 3340 3632 est
3372 3572 3537 3632 Israel

1958 3658 2311 3730 Beelpltegor,
2335 3669 2389 3714 et
2417 3661 2586 3716 iratus
2613 3670 2696 3716 est
2723 3663 2905 3719 animo
2932 3658 3192 3721 Dominus
3220 3667 3390 3724 Israel
3415 3670 3477 3723 ".
3512 3690 3529 3721 ο

1962 3749 2093 3803 Nam
2140 3765 2263 3806 cum
2314 3749 2423 3804 Deo
2466 3749 2723 3818 juvante,
2754 3762 2944 3821 potens
2994 3764 3049 3808 et
3093 3756 3348 3811 terribilis
3391 3768 3540 3813 essrt

1960 3841 2145 3908 Israel,
2177 3843 2303 3897 hinc
2338 3840 2706 3897 fraudulenter
2737 3852 2793 3899 et
2828 3844 3096 3900 malitiose
3128 3847 3247 3915 ejus
3286 3850 3539 3904 submoto

1961 3932 2229 4001 praesidio,
2254 3931 2420 3988 Deum
2446 3932 2815 3989 universitatis
2835 3933 3108 3991 oll‘eudere
3132 3950 3535 4006 persuaserunt,

1961 4033 2016 4079 et
2042 4039 2252 4094 semper
2281 4024 2333 4079 in
2365 4034 2616 4095 suscepto
2654 4022 2880 4080 consilio
2913 4029 3282 4096 perstiterunt.
3309 4029 3459 4096 Quod
3490 4033 3537 4086 si

1964 4117 2016 4171 in
2067 4115 2433 4172 calamitatum
2470 4116 2787 4173 societatem
2822 4119 3005 4175 venire
3037 4117 3288 4176 lsraelem
3324 4124 3537 4177 contin-

1961 4217 2133 4277 geret,
2148 4211 2288 4278 quod
2319 4211 2483 4265 Deum
2514 4210 2869 4266 oﬂ'eudissent
2900 4229 2913 4264 :
2946 4225 3007 4267 se
3031 4223 3219 4268 contra
3246 4212 3541 4270 efferebant

1965 4294 2061 4364 illi,
2090 4313 2153 4353 ac
2186 4299 2624 4355 convitiabantur
2646 4312 2936 4357 cattsantes
2974 4304 3163 4368 Deum,
3197 4306 3285 4375 qui
3321 4321 3542 4361 servare

1965 4390 2204 4445 cultores
2251 4404 2379 4446 suos
2423 4392 2779 4461 promiserat,
2834 4394 2965 4448 nihil
3011 4395 3232 4450 omnino
3278 4399 3537 4465 potuisse.

272 4491 348 4561 τῷ
380 4492 475 4545 ἐπὶ
538 4488 749 4550 πάντας
788 4485 930 4556 Θεῷ.
978 4484 1396 4539 Διατετελέκασι
1456 4483 1513 4536 δὲ
1554 4484 1649 4536 καὶ
1702 4481 1857 4553 μέχρι

1971 4477 2243 4549 Hujusque
2284 4480 2436 4535 testis
2470 4491 2555 4536 est
2592 4472 2780 4538 beatus
2809 4476 3075 4539 Jcrcmias
3114 4485 3167 4539 in
3210 4502 3305 4539 sua
3347 4488 3413 4540 de
3452 4487 3543 4541 illo

276 4583 479 4645 παντὸς
522 4577 784 4648 τοιαύτην
849 4577 1064 4647 ἔχοντες
1124 4574 1371 4646 γνώμην,
1430 4574 1532 4629 κᾶν
1572 4576 1622 4627 εί
1672 4574 1869 4644 συνέϐη

276 4676 367 4729 τὸν
410 4670 639 4745 Ἰσραὴλ
668 4668 995 4739 κοινωνῆσαι
1026 4668 1339 4738 συμφοραῖς
1388 4665 1872 4737 προσκεκρουκότα

274 4766 417 4836 Θεῷ,
475 4758 978 4833 κατηλαζονεύοντο
1019 4761 1114 4813 καὶ
1160 4760 1598 4830 κατεκερτόμουν
1650 4761 1870 4825 ἐκεῖνοι,

278 4862 340 4916 τὸ
379 4859 553 4933 μηδὲν
589 4856 726 4920 ὅλως
775 4850 1038 4908 δύνασθαι
1096 4849 1531 4923 κατηγοροῦντες
1578 4851 1736 4913 Θεοῦ,
1777 4850 1872 4903 τοῦ

282 4953 477 5018 σώζειν
531 4946 963 5018 ὑπισχνουμένου
1020 4946 1149 5008 τοὺς
1202 4942 1645 5013 προσκυνοῦντας
1698 4942 1869 5011 αύτῷ.

279 5045 392 5100 Καὶ
409 5042 609 5098 τούτου
641 5042 850 5111 μάρτυς
879 5041 908 5093 6
938 5038 1209 5110 μακάριος
1265 5036 1534 5107 Ἱερεμίας
1554 5036 1611 5088 ἐν
1638 5037 1705 5107 τῇ
1744 5036 1870 5089 κατ’

280 5135 465 5189 αὐτῶν
494 5135 687 5204 ὁράσει
719 5132 895 5200 λέγων
925 5147 935 5159 ·
967 5149 986 5182 ι
1020 5128 1315 5199 Κατεάχθη
1358 5127 1530 5200 κέρας
1556 5127 1755 5191 Μωὰϐ,
1777 5127 1871 5182 καὶ

280 5227 342 5282 τέ
382 5226 694 5298 ἐπιχείριον
727 5222 892 5278 αὑτοῦ
926 5221 1236 5293 συνετρίϐη.
1268 5219 1557 5275 Μεθύσατε
1586 5218 1748 5274 αὑτὸν
1788 5220 1870 5272 ὅτι

283 5320 379 5373 ἐπὶ
400 5319 613 5389 Κύριον
646 5316 1011 5390 ἐμεγαλύνθη.
1050 5332 1068 5367 ι
1109 5313 1216 5368 Καὶ
1247 5313 1410 5367 πάλιν
1437 5326 1452 5344 ·
1489 5330 1509 5364 ι
1549 5313 1669 5365 Ὅτι
1694 5310 1868 5372 οὕτως

283 5405 459 5464 εῐπεό
505 5408 734 5479 Κύριος,
802 5405 1043 5477 Ἐλὴφθη
1109 5402 1339 5476 ’Δριώθο
1375 5402 1473 5458 καὶ
1532 5402 1867 5474 ὀχυρώματα

282 5499 624 5571 συνελήφθη.
655 5500 767 5554 Καὶ
794 5498 1081 5554 ἀπολεῖται
1117 5494 1291 5549 Μωάϐ
1317 5495 1427 5548 ἀπὸ
1450 5493 1605 5562 λαοῦ,
1654 5494 1736 5547 ὅτι
1775 5493 1868 5545 ἐπὶ

284 5589 498 5661 Κύριον
530 5588 890 5661 ἐμεγαλύνθη.
936 5606 954 5641 ι
979 5578 1123 5641 Ἧκε
1151 5585 1252 5658 μὲν
1283 5584 1393 5657 γάρ
1421 5582 1562 5639 κατὰ
1588 5583 1811 5655 καιροὺς
1839 5583 1869 5636 6

360 5744 407 5777 “
436 5742 601 5805 Num.
634 5759 764 5810 xxu,
808 5746 919 5801 1-5.

1969 4566 2201 4631 visione,
2236 4569 2423 4624 dicens
2462 4588 2476 4622 :
2516 4587 2534 4620 ι
2578 4570 2932 4628 Confractum
2965 4584 3049 4628 est
3082 4590 3247 4627 cornu
3283 4575 3456 4639 Moab,
3488 4586 3546 4629 et

1970 4659 2249 4727 praemium
2290 4661 2408 4730 ejus
2453 4660 2767 4715 contritum.
2802 4661 3068 4717 lnehriate
3114 4664 3283 4729 illum,
3318 4666 3442 4734 quia
3489 4666 3541 4719 in

1972 4741 2257 4806 Dominum
2296 4767 2524 4822 magnus
2555 4753 2729 4808 lactus
2756 4755 2927 4809 est".
2967 4775 2986 4807 ι
3024 4756 3089 4810 Ει
3118 4772 3304 4811 rursus
3337 4774 3349 4810 :
3391 4776 3409 4809 ι
3451 4755 3545 4812 Sic

1974 4843 2105 4898 dicit
2158 4834 2464 4899 Dominus:
2510 4842 2677 4913 Capta
2739 4855 2819 4899 est
2862 4846 3085 4911 Ariotb,
3116 4857 3171 4903 et
3220 4850 3543 4905 munitiones

1974 4937 2135 4992 simul
2164 4948 2334 5007 capta:
2360 4946 2508 4993 sunt.
2536 4936 2600 4992 Et
2626 4938 2824 5007 peribit
2849 4936 3004 4994 Moab
3031 4956 3061 4994 a
3092 4941 3306 5010 populo,
3329 4942 3453 5011 quia
3487 4943 3541 4997 in

1971 5028 2257 5085 Dominum
2306 5030 2687 5101 magniﬁcatus
2733 5041 2819 5087 est
2840 5032 2907 5087 “‘.
2951 5052 2970 5083 ι
3021 5026 3179 5088 Venit
3222 5035 3365 5088 enim
3411 5035 3539 5088 olim

1970 5121 2320 5193 Assyriorum
2352 5131 2407 5178 et
2439 5120 2855 5193 Babyloniorum
2894 5135 3173 5196 tyrannus,
3204 5126 3269 5179 ad
3302 5124 3542 5180 Judzeam

1969 5214 2295 5286 perdendam
2352 5232 2367 5267 :
2420 5214 2670 5285 cepitque
2715 5217 2876 5272 urbes
2927 5216 3187 5271 Samaria:
3234 5234 3248 5272 :
3300 5216 3545 5271 Moabilte

1972 5315 2151 5363 autem
2181 5305 2251 5361 de
2278 5305 2488 5374 integro
2520 5305 2747 5360 irrident
2774 5321 2867 5361 eos
2899 5306 2991 5376 qui
3018 5307 3307 5377 perierant,
3334 5308 3546 5362 sannis-

1973 5412 2077 5467 que
2110 5412 2175 5452 ac
2207 5394 2454 5451 ludibriis
2484 5405 2769 5460 vexarunt,
2796 5407 2853 5452 et
2884 5411 2989 5454 nou
3028 5397 3371 5453 mediocriter
3404 5398 3544 5452 divi-

1975 5505 2098 5546 nam
2132 5488 2468 5560 ntajestatem
2502 5487 2717 5559 probris
2748 5487 2966 5543 assidue
2996 5496 3363 5559 asperserunt.
3396 5485 3547 5542 llane

1974 5582 2043 5637 ob
2072 5596 2291 5637 causam
2323 5580 2509 5637 traditi
2540 5588 2668 5637 sunt
2710 5587 2765 5635 et
2793 5578 2892 5649 ipsi
2927 5578 3303 5645 internecioni,
3334 5588 3390 5633 ct
3414 5592 3545 5632 rum

998 5744 1038 5776 "
1076 5742 1231 5797 Num.
1278 5755 1404 5807 xxv,
1457 5740 1559 5794 1-5.
1639 5738 1684 5770 ”
1712 5734 1913 5793 Jerem.
1946 5752 2134 5805 xsvm,
2167 5736 2374 5805 25,26.
2449 5736 2491 5771 ¹¹
2524 5736 2651 5794 ibid.
2679 5738 2766 5806 ll,
2808 5735 2897 5790 Β.
