4110 6508
213 456 318 511 601

1350 468 1419 524 IN
1459 468 1695 526 iSAlAM
1734 470 1863 529 LIB.
1904 473 1968 532 ll.
2012 476 2245 535 TOMUS
2284 479 2368 538 Ill.

3378 489 3484 544 40‘!

212 570 561 671 καταγράφει
591 576 775 671 σχῆμα
796 579 894 651 τῆς
924 585 1260 654 προφητείας
1289 588 1322 657 ἠ
1352 588 1602 661 δύναμις.
1632 591 1780 645 Πολέ-

1904 594 2067 662 tium,
2118 599 2272 657 nobis
2318 601 2631 671 prophetica
2686 607 2956 662 sententia
3004 608 3283 664 describit.
3336 610 3482 667 Bello

213 678 322 755 μου
366 663 477 735 γὰρ
528 670 901 739 περισχόντος,
962 676 1057 729 καὶ
1095 682 1379 749 συμφορᾶς
1422 681 1522 752 τῆς
1565 684 1800 755 ἐσχάτης

208 753 656 830 ἐπενηνεγμένης
685 762 871 816 πόλεσί
896 782 955 818 τε
975 767 1071 821 καὶ
1099 770 1290 835 οἴκοις,
1315 774 1364 826 oi
1395 774 1492 842 μὲν
1518 753 1799 841 πλατείαις

209 1030 392 1123 καὶτὸ
417 1034 624 1103 νηπίων
662 1038 749 1092 ἐπ’
777 1040 959 1094 αὐτῶν
997 1045 1303 1118 ἀνεπήδησε
1338 1048 1623 1119 δωμάτων,
1659 1069 1796 1123 κομ-

208 1120 319 1214 μὸν
354 1127 592 1179 ποιεῖται
640 1130 735 1183 καὶ
790 1132 1073 1207 ὀλολυγὴν,
1108 1140 1227 1202 ταῖς
1268 1139 1377 1194 τῶν
1404 1143 1676 1214 πολεμίων
1705 1120 1794 1198 ἐν·

205 1212 359 1307 ορῶν
398 1216 657 1287 φάλαγξι,
711 1222 805 1275 καὶ¹
839 1225 940 1297 τὴν
982 1227 1106 1281 ὅσον
1154 1229 1365 1286 οὐδέπω
1418 1212 1794 1307 παρεσομένην

206 1304 568 1401 ἐννοήᾂσαντες
601 1313 834 1384 σφαγήν.
867 1315 1171 1382 Ὁλολύξετε
1201 1322 1398 1377 τοίνυν·
1424 1304 1663 1397 κέκραγε
1687 1304 1792 1401 γάρ

222 1396 485 1493 Ἐσεϐὼνῌ,
518 1403 610 1454 καὶ
640 1402 901 1476 ἐλάλησεν
932 1410 1036 1472 ἕως
1070 1413 1313 1486 ἠκούσθη
1341 1419 1374 1487 ἡ
1409 1394 1559 1491 φωνή

208 1487 403 1555 Πόλεις
452 1491 510 1545 δὲ
559 1494 764 1560 ταύτας
795 1495 932 1553 εἶναί
980 1519 1116 1574 φησι
1178 1505 1276 1570 τάς
1319 1487 1661 1576 Μωαϐίτιδος
1694 1487 1792 1578 τάς

208 1583 628 1675 μαχιμωτάτας.
694 1586 833 1640 Ἀλλ’
888 1591 938 1643 εί
987 1593 1081 1645 καὶ
1135 1594 1309 1660 οὕτως
1355 1598 1549 1669 ἔχοιεν,
1623 1604 1789 1675 φησὶ,

209 1671 488 1765 τοσαύτην
518 1676 837 1747 ποιήσονται
852 1681 950 1753 τὴν
969 1683 1250 1759 ὀλολυγὴν,
1271 1689 1346 1753 ὡς
1371 1692 1445 1763 μὴ
1467 1671 1788 1765 λεληθότως,

206 1760 350 1830 μηδὲ
407 1764 468 1817 ἐν
528 1768 862 1842 παραϐύστῳ
909 1774 1136 1845 κλαίειν,
1180 1760 1451 1853 ἀκουστὴν
1490 1784 1545 1838 δὲ
1580 1760 1790 1856 *μᾶλλον

201 1855 464 1950 γενέσθαι
516 1860 617 1932 τὴν
661 1864 865 1936 φωνὴν,
914 1870 1008 1923 καὶ
1048 1870 1351 1941 ἀναφανδὸν
1403 1855 1784 1950 ὀλοφύρεσθαι,

202 1948 672 2040 κατημεληκότων
712 1955 822 2009 τῶν
873 1958 931 2012 ἐν
981 1961 1173 2028 αὑταῖς
1200 1963 1299 2035 τῆς
1323 1968 1493 2037 αὐτῆς
1524 1948 1785 2040 συνήθους

200 2037 477 2108 ἀνδρείας,
518 2043 1036 2120 συντεθραυσμένων
1071 2052 1127 2106 δὲ
1156 2053 1351 2120 οὕτως,
1383 2058 1458 2123 ὡς
1485 2037 1787 2132 ἀμοιρῆσαι

199 2132 489 2198 παντελῶς
542 2137 856 2206 εύσθενείας
890 2162 949 2198 τε
984 2146 1078 2200 καὶ
1128 2147 1384 2218 θράσους,
1419 2153 1514 2205 καὶ
1545 2154 1654 2207 τῶν
1703 2156 1782 2219 εἰς

198 2223 378 2297 ἀλκήν
405 2228 629 2285 ἐννοιῶν
655 2236 751 2288 καὶ
783 2237 1223 2310 ἐγχειρημάτων.

283 2358 358 2413 Ἢ
378 2361 577 2431 ὀσφὺς
610 2365 721 2435 τῆς
744 2370 1110 2437 Μωαϐίτιδος
1124 2373 1247 2441 ,βοᾷ
1273 2389 1287 2404 ⁸
1317 2377 1356 2444 ἡ
1396 2377 1567 2447 ψυχὴ
1596 2380 1788 2448 αὐτῆς

198 2453 515 2519 γνώσεται,
560 2460 659 2512 καὶ
709 2462 922 2530 καρδία
988 2464 1099 2533 τῆς
1146 2470 1515 2536 Μωαϐίτιδος
1553 2471 1678 2539 ,βοᾷ
1719 2474 1787 2527 ἐν

194 2542 379 2635 αὐτῇ,
444 2546 557 2614 ἕως
607 2552 841 2621 Σηγὼρ·
891 2555 1145 2626 δάμαλις
1188 2561 1299 2630 γάρ
1361 2563 1491 2619 ἐστι
1533 2570 1781 2635 τριέτης,

210 2634 343 2729 ξεττ)
374 2636 445 2690 δὲ
472 2639 581 2708 τῆς
601 2642 951 2714 ἀναϐάσεως
983 2650 1093 2719 τῆς
1128 2653 1279 2721 πρὸς
1318 2656 1413 2720 σὲ,
1468 2634 1786 2729 κλαίοντες

192 2728 609 2825 ἀναϐήσονται
646 2735 721 2807 τῇ
748 2738 868 2804 ὀδῷ
915 2742 1215 2815 Ἀρωνιείμ
1235 2763 1247 2776 ·
1279 2748 1401 2815 ,βοᾷ
1443 2755 1785 2825 σύντριμμα

195 2818 295 2871 καὶ
331 2826 607 2891 σεισμός.

268 2934 707 3031 ίῖροσϐἀλλουσιν
735 2940 824 2993 ἀεὶ
854 2941 964 2998 τῶν
990 2945 1311 3017 ἀνηκέστων
1336 2957 1631 3027 συμφορῶν
1668 2959 1782 3031 δρι-

201 3024 436 3119 μεῖαιίτε
463 3025 649 3119 λύπαι,
691 3033 783 3084 καὶ
800 3032 1028 3105 ἀθυμίαι
1064 3041 1426 3110 παγχάλεποι,
1464 3024 1561 3100 καὶ
1591 3024 1779 3119 δειμά-

195 3132 331 3209 των,
358 3115 578 3185 ἔφοδος,
632 3122 731 3175 οὐκ
783 3123 1054 3191 ἀνικάνως
1103 3128 1303 3199 ἔχουσα
1355 3136 1447 3188 καὶ
1496 3138 1593 3209 τὴν
1639 3115 1779 3209 ἄγαν

1902 684 2045 739 enim
2093 687 2554 757 circnmsistente,
2590 700 2644 747 et
2689 692 2875 748 ultima
2924 693 3089 765 250
3131 695 3479 765 calamitate,

1904 786 2013 831 tam
2043 775 2266 835 urbibus
2294 794 2454 849 quam
2480 782 2727 840 domibus
2756 786 2990 853 invecta,
3016 786 3091 842 illi
3124 787 3177 842 in
3208 790 3398 858 plateis
3423 800 3482 846 et

1900 870 2196 941 angiportis
2234 872 2503 942 sjulantes
2538 875 2877 945 discurrunt,
2911 879 3271 950 quodcunque
3303 881 3470 936 nimi-

1754 979 1795 1025 ;,
1900 975 2018 1016 rum
2040 962 2365 1019 imbecillum
2387 974 2469 1020 est
2496 980 2559 1022 ac
2588 966 2822 1033 imbelle,
2856 969 3019 1023 veluti
3053 970 3395 1037 feminarum,
3426 980 3481 1027 et

1899 1051 2180 1108 infantium
2209 1069 2399 1126 genus,
2426 1057 2567 1112 domi
2599 1058 2877 1123 exsiliens,
2906 1060 3109 1115 luctum
3139 1062 3250 1115 edit
3274 1071 3329 1116 et
3362 1062 3480 1131 eju-

1898 1143 2089 1211 latum,
2116 1160 2238 1201 cum
2272 1148 2493 1204 hostiles
2528 1149 2823 1221 phalanges
2856 1152 3067 1220 aspicit,
3095 1168 3221 1207 cum
3252 1154 3477 1224 jamjam

1896 1236 2063 1292 aﬂ'ore
2116 1238 2317 1293 caedem
2375 1240 2633 1311 cogitant.
2687 1240 2934 1308 Plorate,
2981 1242 3176 1313 igitur,
3221 1244 3482 1299 clamavit

1896 1329 2037 1383 enim
2071 1329 2305 1397 Esebon,
2330 1340 2385 1386 et
2414 1331 2589 1387 locuta
2623 1342 2727 1398 est,
2755 1335 2924 1389 donec
2959 1333 3217 1388 exaudita
3252 1342 3338 1389 est
3374 1348 3475 1389 vox

1895 1420 2033 1489 ejus.
2059 1421 2230 1478 Urbes
2260 1424 2357 1480 has
2384 1435 2609 1480 narrant
2634 1440 2753 1482 esse
2782 1426 3134 1482 Moabitarum
3164 1425 3470 1481 bellicosis-

1894 1514 2083 1569 simas.
2113 1515 2184 1569 At
2217 1516 2455 1581 tametsi,
2490 1517 2685 1589 inquit,
2718 1518 2791 1573 ita
2826 1519 2953 1584 sint,
2987 1527 3195 1573 tantum
3233 1528 3475 1574 attamen

1895 1603 2096 1659 luctum
2131 1605 2468 1672 excitabunt,
2504 1616 2692 1662 utnon
2721 1607 2972 1673 obscure,
3011 1622 3116 1662 non
3154 1608 3205 1661 in
3242 1606 3471 1661 abscon-

1891 1692 2005 1748 dito
2034 1693 2266 1763 plorent,
2297 1697 2404 1752 imo
2440 1697 2513 1751 ita
2549 1708 2608 1751 ut
2639 1698 2840 1768 percipi
2876 1698 3100 1754 auribus
3133 1713 3236 1754 vox
3274 1699 3471 1768 possit,

1892 1789 1947 1836 ct
1980 1782 2125 1840 clare
2158 1783 2391 1853 ejulent,
2424 1786 2617 1844 incolis
2651 1801 2806 1843 suam
2843 1788 3215 1845 fortitudinem
3256 1789 3472 1846 solitam

1893 1875 2315 1947 negligentibus,
2350 1888 2404 1934 et
2437 1879 2508 1934 ita
2543 1881 2785 1936 contusis
2818 1889 2873 1935 et
2902 1882 3127 1945 accisis,
3163 1891 3219 1936 ut
3252 1897 3474 1950 prorsus

1893 1965 2030 2019 nihil
2058 1965 2273 2034 virium,
2296 1968 2427 2022 nihil
2454 1983 2736 2024 nervorum
2772 1971 3021 2036 habeant,
3050 1971 3290 2041 nihilque
3321 1971 3474 2026 forti-

1892 2066 1974 2111 ter
1999 2069 2093 2111 aut
2125 2059 2366 2117 cocitent
2395 2068 2486 2115 aut
2511 2061 2833 2129 suscipiant.

1959 2381 2123 2439 Vens.
2158 2382 2210 2438 5.
2243 2383 2473 2439 Lumbus
2520 2387 2829 2443 Moabitidis
2863 2389 3053 2443 clamat
3086 2406 3104 2443 :
3138 2391 3316 2445 atiima
3354 2392 3469 2461 ejus

1888 2486 2182 2543 cognoscet,
2206 2486 2253 2528 et
2284 2490 2373 2529 cor
2400 2476 2705 2533 Moabitidis
2742 2480 2934 2533 clamat
2967 2482 3019 2534 in
3052 2482 3163 2549 ipsa
3204 2499 3363 2552 usque
3396 2484 3466 2536 ad

1887 2565 2051 2635 Segor
2072 2583 2090 2619 :
2109 2567 2271 2620 vitula
2298 2568 2433 2620 enim
2453 2579 2524 2620 est
2544 2570 2783 2625 triennis.
2806 2571 2975 2640 Super
2995 2583 3167 2626 autem
3193 2590 3467 2630 ascensum

1885 2657 1954 2708 ad
1984 2667 2032 2709 te
2056 2658 2238 2725 ﬂentes
2264 2658 2539 2714 ascendens
2568 2661 2650 2714 via
2672 2661 2909 2716 Aroniim
2934 2679 2951 2716 :
2979 2662 3174 2717 clamat
3196 2666 3463 2733 contritio,

1884 2758 1930 2802 et
1962 2750 2250 2804 concussio.

1957 2950 2257 3007 lmmittunt
2287 2967 2344 3007 sc
2371 2962 2425 3007 et
2452 2952 2703 3025 ingerunt
2735 2968 2947 3025 semper
2980 2965 3105 3009 ante
3138 2956 3463 3013 incurabiles

1882 3043 2248 3108 calamitates,
2277 3044 2377 3099 diri
2423 3045 2695 3099 cruciatus
2737 3054 2792 3100 et
2830 3046 3261 3101 exanimationes
3305 3062 3462 3103 acer-

1883 3137 2066 3203 rimae,
2091 3151 2458 3206 pavorumque
2492 3136 2729 3191 incursio
2750 3178 2765 3199 ,
2791 3152 2909 3207 qua:
2948 3138 3083 3191 satis
3122 3148 3205 3193 est
3239 3139 3304 3194 ad
3340 3139 3459 3193 ani-

194 3206 595 3327 εὐτολμῖτάτην
627 3213 1002 3287 καταθραῦσαι
1033 3221 1280 3291 καρδίαν.
1326 3206 1603 3283 Ἐντεῦθεν
1626 3206 1779 3303 οἶμαί

1884 3242 2029 3281 mum
2072 3227 2482 3283 tidentissimum
2524 3226 2982 3284 labefactandum.
3022 3228 3155 3283 ilinc
3192 3229 3275 3296 iit,
3310 3230 3460 3285 arbi-

192 3313 304 3392 τισι
331 3299 600 3392 πρόσωπα
629 3303 729 3373 μὲν
783 3307 1036 3374 γενέσθαι
1079 3312 1399 3383 σκυθρωπὰ,
1436 3319 1530 3371 καὶ
1577 3299 1693 3375 οἷον
1715 3324 1779 3376 ἐκ

1885 3328 2023 3383 tror,
2059 3328 2117 3373 ut
2149 3320 2469 3388 quibusdam
2507 3319 2676 3376 facies
2718 3322 2923 3376 tetrica
2957 3322 3099 3387 sint,
3131 3331 3187 3376 et
3222 3322 3457 3392 suspiria

195 3386 397 3482 βάθους
428 3391 818 3464 ἀναπηδῶντας
845 3402 1203 3471 στεναγμοὺς,
1224 3406 1436 3478 καὶτῆς
1457 3409 1565 3463 ἔσω
1583 3412 1779 3482 φλογὸς

190 3480 292 3575 την
345 3479 493 3575 ςέσιν
523 3484 965 3559 διερμηνεύοντα.
1025 3492 1090 3547 Ἦ
1135 3494 1308 3565 ὀσφὺς
1346 3479 1636 3572 τοιγαροῦν
1676 3479 1778 3575 τῆς

192 3570 536 3639 Μωαϐίτιδος
576 3576 674 3649 βοᾷ
700 3597 714 3609 ·
755 3580 901 3635 τοῦτ’
936 3582 1103 3651 ἐστιν,
1150 3588 1210 3641 ἐν
1246 3589 1431 3645 ὡδῖσίν
1466 3570 1632 3661 ἐστιν,
1681 3570 1777 3653 καὶ

193 3666 610 3761 κεκρυμμένους
652 3668 765 3741 ἔχει
806 3674 932 3737 τοὺς
972 3677 1187 3743 πόνους,
1222 3688 1774 3761 προκαταπτοουμένη

189 3751 432 3847 δηλονότι
460 3760 582 3822 ταῖς
607 3762 841 3831 φήμαις,
890 3767 985 3818 καὶ
1028 3767 1119 3823 τὸν
1146 3770 1359 3826 οὐδέπω
1404 3751 1775 3847 παρεσόμενον

191 3844 452 3940 ἐννοοῦσα
473 3849 727 3921 πόλεμον.
767 3855 948 3925 Ἔγνω
985 3859 1093 3929 γάρ
1137 3860 1295 3915 τοῦτο
1326 3865 1358 3933 ἠ
1404 3844 1550 3937 ψυχὴ
1581 3844 1769 3940 αύτῆς.

190 3935 414 4006 Ταύτης
476 3956 537 3992 τε
587 3940 748 3996 ἕνεκα
808 3946 909 4016 τῆς
949 3948 1151 4013 αἰτίας,
1196 3935 1631 4024 όλοφύρεταίντε
1679 3935 1775 4012 καὶ

191 4027 468 4100 κέκραγεν
507 4032 566 4086 ἐν
601 4034 739 4107 αὐτῇ
769 4037 874 4101 ἕως
908 4038 1125 4112 Σηγὼρ,
1156 4041 1300 4095 τοῦτ’
1329 4044 1464 4111 ἐστι,
1495 4048 1776 4114 Μωαϐῖτις

187 4117 379 4173 ἅπασα
405 4121 579 4192 χώρα,
615 4124 775 4196 μέχρι
806 4128 900 4180 καὶ
926 4130 1105 4183 αὐτῶν
1128 4133 1435 4202 τερμάτων.
1481 4136 1617 4189 Φασὶ
1665 4141 1772 4210 γάρ

187 4213 277 4265 ἐπ’
318 4214 501 4278 αὐτοῖς
539 4218 651 4280 τοῖς
673 4219 822 4288 ὅροις
866 4221 976 4274 τῶν
1022 4224 1334 4279 Μωαϐιτῶν
1364 4227 1637 4283 τεθεῖσθαι
1674 4230 1773 4301 τὴν

185 4302 409 4372 Σηγώρ.
464 4303 621 4369 Τίνος
670 4303 761 4360 οῦν
795 4309 956 4363 ἕνεκα
1003 4311 1177 4366 ταῦτα
1208 4312 1551 4385 συμϐήσεται
1580 4316 1773 4370 παθεῖν

183 4393 361 4464 αὑτήν
384 4410 400 4458 ;
432 4394 670 4464 Δάμαλίς
694 4397 810 4449 ἐστι
831 4399 1070 4471 τριέτης.
1105 4401 1163 4454 '0
1188 4403 1369 4474 τρίτος
1392 4404 1635 4467 ἐνιαυτὸς
1662 4408 1773 4471 τοῖς

183 4483 409 4551 ἀλόγοις
456 4483 564 4539 τῶν
612 4486 767 4551 ζώων
805 4489 968 4559 ἀρκεῖ
1006 4490 1143 4563 πρὸς
1188 4493 1391 4563 ἀκμὴν,
1454 4494 1547 4547 καὶ
1589 4496 1669 4559 είς
1709 4496 1772 4549 τὸ

1879 3408 2043 3463 veluti
2076 3423 2141 3463 ex
2178 3408 2447 3478 profundo
2482 3410 2787 3475 trahantur,
2822 3409 3048 3464 internze
3081 3408 3314 3464 llatnma:
3346 3410 3456 3465 fer-

1876 3514 2059 3553 vorem
2084 3500 2459 3568 esprimentia.
2481 3497 2691 3554 Clamat
2713 3499 2873 3570 igitur
2895 3498 3107 3553 lumbus
3129 3497 3457 3564 Moabitidis,

1877 3592 1928 3646 id
1962 3602 2064 3654 est,
2099 3593 2151 3647 in
2184 3591 2463 3647 doloribus
2494 3600 2596 3655 est,
2626 3589 2840 3646 labores
2874 3604 3213 3660 auguresque
3247 3590 3453 3645 habens

1878 3680 2160 3735 intestinos
2220 3680 2525 3735 rumoribus
2583 3689 2710 3735 ante
2774 3679 3088 3750 perculsus,
3147 3680 3454 3750 bellumque

1878 3772 2113 3826 nondum
2162 3770 2483 3827 intentatum
2535 3770 2956 3841 persentiscens.
2990 3771 3254 3841 Cognovit
3308 3772 3451 3826 enim

1876 3862 1979 3915 hoc
2013 3863 2193 3916 anima
2227 3860 2365 3931 ejus.
2404 3861 2553 3916 lianc
2602 3862 2671 3917 ob
2710 3876 2929 3917 causam
2967 3862 3368 3917 lamentabatur
3398 3874 3453 3916 et

1875 3952 2144 4007 clamabat
2172 3953 2224 4006 in
2256 3966 2315 4007 se
2343 3966 2512 4021 usque
2541 3951 2610 4006 ad
2642 3950 2834 4022 Segor,
2864 3950 3116 4005 nimirum
3154 3959 3261 4005 tota
3299 3951 3450 4020 regio

1876 4042 2182 4109 Moabitica,
2204 4052 2259 4097 et
2284 4056 2454 4113 usque
2478 4044 2545 4097 ad
2573 4042 2716 4111 ipsos
2743 4042 3020 4097 terminos.
3046 4039 3281 4096 Narrant
3302 4040 3449 4096 vidc-

1876 4135 2001 4190 licet
2034 4135 2086 4189 in
2120 4135 2252 4205 ipsis
2284 4133 2483 4189 ﬁnibus
2511 4132 2868 4188 Moabitarum
2903 4132 3061 4188 sitam
3100 4146 3222 4187 esse
3256 4132 3450 4203 Segor.

1874 4224 2039 4292 Cujus
2070 4225 2234 4295 igitur
2273 4226 2349 4280 rei
2388 4225 2559 4296 gratia
2595 4224 2710 4280 haec
2743 4225 2791 4279 ei
2827 4224 3110 4280 accident?
3148 4223 3324 4279 Vitula
3364 4233 3448 4279 est

1875 4312 2120 4367 triennis.
2144 4311 2360 4368 Tertius
2388 4328 2561 4369 annus
2585 4314 2951 4368 animantibus
2979 4314 3188 4370 ratione
3217 4315 3447 4369 carenti-

1873 4403 2079 4468 bus,ad
2107 4404 2283 4458 aetatis
2305 4403 2513 4469 ﬂorem,
2536 4413 2589 4459 et
2613 4405 2678 4458 ad
2706 4416 2945 4459 maturas
2974 4405 3115 4460 vires
3141 4404 3445 4460 eiliciendas

1874 4493 2087 4549 sutIicit.
2120 4491 2305 4563 Itaque
2343 4502 2397 4547 et
2422 4509 2487 4548 eo
2521 4504 2761 4562 tempore
2793 4496 2997 4549 domari
3026 4495 3239 4551 debent.
3263 4494 3441 4561 Quan-

185 4572 510 4645 σφριγῶσαν
531 4576 713 4640 αὐτοῖς
735 4579 1131 4650 ἐνεργήσασθαι
1176 4581 1426 4652 δύναμιν.
1479 4583 1768 4652 Τοιγάρτοι

1882 4584 1967 4637 diu
2014 4597 2145 4653 ergo
2193 4581 2360 4637 vitula
2414 4592 2498 4636 est
2541 4582 2653 4653 jugi
2698 4582 3014 4652 inexperta,
3059 4581 3346 4638 lasciviens
3392 4592 3441 4635 et

183 4668 279 4720 καὶ
329 4667 426 4721 τοῦ
461 4669 656 4740 χρῆναι
681 4668 1018 4741 δαμάζεσθαι
1070 4674 1260 4744 καιρὸς
1310 4676 1495 4740 αὐτοῖς
1559 4678 1767 4741 ἐκεῖνός

1882 4670 2188 4740 iuvencula,
2219 4680 2274 4726 et
2309 4680 2552 4725 tenerum
2592 4686 2656 4725 ac
2691 4686 2889 4725 novum
2924 4686 3093 4726 cornu
3131 4671 3442 4739 proferens,

181 4760 360 4813 ἐστιν.
411 4760 558 4823 Ἕως
609 4762 789 4815 τοίνυν
839 4764 987 4816 ἐστὶν
1040 4764 1073 4835 ἡ
1113 4764 1346 4835 δάμαλις
1384 4766 1765 4839 ἀπειρόζυγος,

184 4850 483 4921 σφριγῶσά
546 4868 603 4905 τε
654 4854 749 4906 καὶ
803 4853 919 4919 νέα,
972 4855 1067 4908 καὶ
1124 4856 1389 4927 ἀρτιφυές
1436 4858 1763 4929 ἐκφέρουσα,

178 4944 380 5014 κέρας,
420 4944 840 5014 κατασκιρτῶσα
859 4946 968 4998 τῶν
1000 4946 1179 5000 αὐλῶν
1207 4949 1299 5001 καὶ
1327 4950 1437 5002 τῶν
1484 4951 1767 5005 ἐπαύλεων

175 5036 535 5103 κατορχεῖται
564 5034 914 5100 πλειστάκιςο
942 5036 1163 5109 τοιαύτη
1192 5056 1275 5102 τις
1295 5039 1520 5109 γέγονεν
1542 5043 1575 5111 ἡ
1604 5043 1769 5095 Μωα-

1867 4762 2144 4818 exsultans
2174 4776 2239 4816 ex
2265 4761 2433 4830 septis
2460 4771 2513 4816 et
2544 4760 2824 4817 vestibulis
2854 4777 2917 4817 ac
2956 4761 3207 4827 stabulis,
3240 4760 3441 4817 saltitat

1867 4852 2025 4924 251
2074 4853 2387 4909 identidem.
2423 4852 2570 4909 Talis
2614 4852 2820 4909 exstitit
2864 4852 3145 4919 Moabitis,
3179 4853 3440 4910 insultans

1870 4943 2083 5010 vicinis,
2108 4951 2163 4997 et
2197 4944 2248 4997 in
2285 4942 2614 4998 inﬁrmiores
2648 4943 2909 5003 insiliens.
2949 4943 3226 4999 Excelsam
3262 4952 3439 4998 autem

1868 5034 2054 5088 dicunt
2082 5049 2221 5101 esse,
2248 5040 2303 5088 et
2330 5034 2646 5104 popularem
2672 5035 2915 5089 Aroniim
2947 5044 3007 5089 ut
3036 5044 3280 5102 vocatur,
3307 5035 3437 5090 reci-

175 5123 376 5186 ϐιτῶν,
425 5123 747 5195 ἐπιπηδῶσα
784 5128 899 5189 τοῖς
950 5127 1139 5191 πέλας,
1199 5129 1291 5181 καὶ
1343 5131 1765 5201 κατασκιρτῶσα

1882 5140 2099 5194 »ετείιυο
2130 5132 2390 5195 quotquot
2424 5125 2489 5179 ad
2524 5140 2643 5179 eam
2678 5140 2745 5181 ex
2781 5127 2905 5182 aliis
2940 5141 3035 5181 seu
3071 5126 3314 5193 urbibus,
3343 5140 3436 5180 seu

170 5216 285 5269 τῶν
320 5215 747 5288 ἀσθενεστέρων.
792 5217 1032 5291 ’Υψηλὴν
1077 5219 1133 5273 δὲ
1180 5215 1320 5276 εἷναί
1366 5240 1532 5292 φασιν
1571 5224 1762 5294 αὐτὴν,

172 5309 272 5361 καὶ
296 5308 575 5381 λεωφόρον
600 5309 721 5363 τινά
745 5309 842 5381 τὴν
882 5310 1171 5383 ’Δρωνιεὶμ
1203 5312 1346 5367 οὕτω
1398 5314 1762 5385 κεκλημένην,

1862 5217 2173 5287 regionibus
2198 5217 2481 5272 ventitant.
2508 5218 2694 5289 Igitur,
2720 5218 2817 5283 ait,
2842 5233 2911 5273 ex
2936 5232 3166 5272 ascensu
3190 5216 3436 5271 Aroniim

1859 5308 2051 5364 ﬂentes
2076 5308 2387 5365 ascenderit.
2424 5310 2540 5365 Vox
2566 5320 2742 5364 autem
2765 5307 3009 5363 ﬂentium
3033 5318 3136 5374 est,
3182 5306 3434 5363 contritio

171 5398 538 5470 ἀνακομίζειν
564 5416 623 5453 τε
658 5403 737 5464 είς
765 5401 935 5472 αὐτὴν
967 5403 1094 5467 τοὺς
1116 5402 1176 5468 ἐξ
1206 5404 1409 5475 ἐτέρων
1457 5406 1690 5475 ἥκοντας
1726 5406 1760 5476 ἢ

1882 5410 1915 5455 :t
1961 5401 2264 5456 concussio.
2316 5399 2591 5471 Siquidem
2635 5402 2942 5457 clamarunt
2991 5400 3061 5455 ob
3111 5399 3432 5455 acerbitates

172 5491 391 5544 πόλεων
421 5491 683 5563 ἢχωρῶν.
716 5493 832 5546 Ἐπ’
858 5493 1027 5564 αὐτῆς
1050 5495 1261 5560 τοίνυν,.
1279 5495 1433 5566 φησὶ,
1453 5497 1550 5568 τῆς
1570 5496 1766 5550 ἀναϐά-

1862 5504 2150 5549 eventuras
2180 5507 2247 5547 ex
2278 5492 2438 5557 bello,
2466 5493 2606 5561 quod
2640 5491 2847 5547 scilicet
2877 5506 3066 5546 omnes
3101 5500 3209 5546 tam
3246 5491 3431 5552 urbes,

175 5599 316 5646 σεως
360 5582 461 5653 τῆς
507 5584 823 5654 Ἀρωνιεὶμ,
862 5584 1144 5649 κλαίοντες
1190 5587 1571 5659 ἀναϐήσονται.
1605 5587 1762 5658 Φωνὴ

1882 5601 2024 5655 luam
2054 5586 2244 5640 domos
2274 5583 2536 5648 concutit,
2564 5592 2619 5639 et
2646 5583 2735 5654 qui
2766 5584 2819 5637 in
2851 5583 2918 5638 iis
2943 5594 3067 5637 sunt
3098 5582 3347 5637 conterit.

173 5675 369 5741 ἂτοίς
400 5678 668 5742 κλαίουσι,
721 5678 1038 5752 σύντριμμα
1092 5681 1186 5736 καὶ
1253 5683 1601 5753 συσσεισμός.
1635 5682 2159 5754 Προανακεκράγασι
2216 5679 2323 5753 γάρ
2369 5680 2440 5735 τά
2499 5682 2564 5734 ἐκ
2608 5678 2703 5734 τοῦ
2757 5679 2993 5752 πολέμου
3044 5676 3427 5748 συμϐησόμενα

176 5767 351 5838 πάθη,
383 5769 665 5839 μονονουχὶ
694 5769 1035 5833 συσσείοντος
1064 5768 1301 5840 ἅπαντα,
1344 5772 1527 5838 πόλεις
1561 5790 1622 5827 τε
1664 5774 1755 5827 καὶ
1793 5772 1996 5837 οἴκους,
2037 5772 2132 5826 καὶ
2169 5773 2294 5835 τοὺς
2319 5774 2376 5824 ἐν
2406 5772 2588 5836 αὐτοῖς
2618 5771 3011 5844 συντρίϐοντος.

248 5880 326 5937 Τὸ
370 5880 523 5952 ὕδωρ
556 5880 664 5951 τῆς
695 5882 940 5955 Νεσρείμ
964 5884 1186 5955 ἔρημον
1219 5885 1411 5954 ἔσται,
1435 5888 1532 5947 καί
1558 5891 1590 5943 ό
1628 5891 1766 5958 χόρ-

1948 5888 2109 5946 Vsus.
2148 5888 2202 5944 ί).
2235 5886 2383 5959 Aqua
2418 5885 2655 5943 Nemrim
2688 5887 2894 5943 deserta
2923 5885 3041 5954 erit,
3065 5894 3113 5939 et
3137 5882 3293 5938 herba
3317 5881 3423 5951 ejut
