4110 6500
210 417 321 473 465

1346 425 1411 481 ΙΝ
1453 426 1689 483 ISAIAM
1719 427 1847 485 LIB.
1888 428 1949 487 ll.
1987 430 2221 488 'I'OMUS
2259 432 2345 490 lli.

3356 408 3471 485 ωδ·

206 534 353 587 τοῦτ’
401 533 565 603 ἐστιν,
599 540 895 599 ἀπολέσθαι
927 563 985 599 τε
1018 546 1113 600 καὶ
1164 546 1558 619 δαπανηθῆναι.
1608 549 1684 602 Τό
1724 564 1787 617 γε

1901 564 2105 621 semper
2143 551 2302 606 ibunt
2330 551 2383 605 in
2416 549 2803 621 captivitatem,
2844 548 2987 605 velut
3032 554 3310 619 serpentes
3341 550 3461 616 qui-

210 622 320 693 μὴν
352 625 811 700 ὑπολελειμμένον
860 635 1162 704 ἀποστελῶ,
1218 638 1422 709 φησὶν,
1470 639 1548 701 ὼς
1585 636 1789 707 ἑρπετὰ

206 717 302 769 ἐπὶ
347 717 449 788 τῆς
477 721 598 792 γῆς.
628 724 822 797 Πικροὶ
849 728 957 800 γὰρ
986 730 1137 794 ὄντες
1167 731 1254 785 ἀεὶ
1301 731 1605 802 βαδιοῦνται
1652 730 1791 804 πρὸς

207 808 611 878 αἰχμαλωσίαν,
659 817 908 892 καθάπερ
948 822 1093 885 τινὲς
1125 824 1280 893 ὄφεις
1324 826 1445 889 ταῖς
1485 826 1647 880 τινῶν
1686 828 1789 879 ἐπ-

204 899 374 967 ῳδαῖς
401 907 844 975 γεγοητευμένοι,
875 911 966 962 καὶ
987 906 1097 965 οἷον
1117 913 1609 979 ἀπονυστάξαντες,
1636 915 1714 975 εἰς
1730 915 1790 968 τὸ

208 992 498 1063 ἀσυνήθως
524 996 749 1068 ἥμερον.
790 999 863 1053 Τὸ
906 1002 1101 1072 γάρτοι
1130 1005 1304 1073 λέγειν
1346 1006 1674 1071 Ἀποστελῶ,
1728 1006 1790 1060 τὸ

208 1082 493 1154 ἐκπέμψαι
519 1087 687 1158 δηλοῖ.
715 1090 876 1156 Ἔθος
896 1093 1007 1165 γὰρ
1022 1096 1131 1158 τοῖς
1147 1096 1326 1150 ἐλοῦσι
1352 1095 1583 1167 χώρανῆ
1615 1098 1787 1165 πόλιν,

207 1174 329 1244 οὐχὶ
360 1178 567 1241 πάντας
594 1180 763 1251 ἄρδην
792 1185 1055 1241 ἀπολύειν
1084 1187 1197 1241 ἐσθ’
1216 1191 1324 1254 ὅτε,
1346 1189 1791 1261 δεδαπανημένης

206 1263 375 1336 δέτῆς
394 1271 791 1343 μαχιμωτάτης
807 1274 1066 1345 πληθύος,
1081 1278 1138 1330 ἐν
1152 1277 1345 1350 δορυλή
1354 1298 1501 1333 πτων
1522 1281 1789 1336 ποιεῖσθαι

205 1356 362 1421 τάξει
387 1362 516 1423 τοὺς
542 1362 1075 1435 περιλελειμμένους.
1106 1368 1170 1421 Εἰ
1196 1369 1253 1422 δὲ
1276 1372 1379 1442 χρή
1402 1388 1524 1425 τινα
1549 1372 1641 1426 καὶ
1672 1375 1791 1438 ταῖς

212 1448 479 1519 ἱστορίαις
532 1453 837 1523 ἐφαρμόσαι
891 1455 1045 1524 λόγον
1095 1458 1410 1529 ἀναγκαῖον,
1459 1463 1655 1527 ἰστέον,
1709 1465 1792 1518 ὅτι

207 1535 358 1607 ψυχὴ
396 1539 498 1608 μὲν
550 1540 629 1611 τῷ
666 1540 797 1608 θείῳ
843 1544 993 1616 φόϐῳ
1038 1551 1438 1622 τετειχισμένη,
1484 1552 1678 1625 ἰσχυρά
1730 1553 1791 1606 τέ

208 1628 328 1680 ἐστι
363 1630 460 1682 καὶ
488 1630 815 1698 δυσάλωτος,
870 1636 967 1688 καὶ
1015 1637 1113 1708 τῆς
1145 1639 1255 1693 τῶν
1301 1642 1622 1712 μαχομένων
1654 1643 1790 1714 αὐτῇ

208 1723 697 1791 κατευμεγεθοῦσα
727 1727 927 1796 χειρός.
954 1728 1098 1801 Νικᾷ
1114 1729 1224 1802 γάρ
1252 1731 1425 1803 ἀρχάς
1448 1750 1508 1786 τε
1531 1733 1623 1787 καὶ
1646 1734 1793 1799 ἐξου-

210 1814 336 1876 σίας
370 1815 469 1867 καὶ
494 1817 619 1879 τοὺς
649 1820 1098 1892 κοσμοκράτορας
1119 1822 1213 1875 τοῦ
1247 1824 1473 1889 σκότους
1493 1825 1701 1889 τούτου,
1725 1825 1794 1880 τὰ

205 1908 570 1977 πνευματικά
602 1909 701 1980 τῆς
748 1914 1015 1983 πονηρίας
1057 1914 1116 1967 ἐν
1166 1916 1278 1979 τοῖς
1317 1915 1677 1988 ἐπουρανίοις.
1729 1920 1793 1972 Εἰ

205 1996 265 2050 δὲ
290 1997 359 2068 δὴ
386 2000 796 2069 παρατρέποιτο
818 2004 955 2074 πρὸς
983 2004 1018 2058 ἃ
1037 2004 1110 2076 μὴ
1139 2006 1435 2078 προσῆκεν,
1462 2009 1567 2074 ἔξω
1612 2026 1670 2063 τε
1694 2012 1794 2080 τῆς

208 2090 431 2155 εὐθείας
459 2091 679 2161 φέροιτο
706 2094 917 2165 τρίδου,
950 2097 1045 2150 καὶ
1059 2097 1121 2150 τὸ
1149 2097 1267 2169 Θεῷ
1290 2099 1481 2154 δοκοῦν
1520 2103 1795 2175 παρατρέ-

208 2198 404 2249 χουσα,
429 2182 567 2253 πρὸς
589 2183 657 2236 τά
681 2184 739 2237 ἐν
763 2184 896 2255 τῷδε
915 2185 993 2255 τῷ
1023 2186 1213 2258 κόσμῳ
1232 2189 1592 2261 καταφέροιτο
1622 2190 1790 2262 πάθη,

208 2270 307 2323 καὶ
340 2270 433 2324 τὸν
458 2272 556 2342 τῆς
590 2273 900 2339 εὐπειθείας
932 2277 1284 2332 ἀποσείσαιτο
1334 2278 1515 2349 ζυγὸν,
1560 2281 1795 2355 ἀγυμνοῖ

209 2362 398 2433 πάσης
431 2364 599 2437 αὐτὴν
621 2365 963 2437 ἐπικουρίας,
991 2367 1084 2422 καὶ
1112 2365 1223 2422 οἷον
1268 2369 1574 2441 ἀτείχιστον
1620 2373 1791 2444 αὐτὴν

209 2453 531 2521 ἀποφαίνει,
588 2460 681 2508 καὶ
712 2457 1017 2526 ἀνασφαλεί
1047 2460 1159 2522 τοῖς
1194 2458 1524 2531 πολεμοῦσιν
1561 2463 1791 2533 ἐργάζε-

206 2562 323 2609 ται,
350 2545 718 2600 καταλειαίνει
748 2565 806 2601 τε
837 2548 936 2614 τάς
975 2550 1200 2619 ἐφόδους
1244 2553 1343 2616 τάς
1378 2553 1465 2607 ἐπ’
1502 2554 1639 2625 αὐτῇ
1682 2557 1795 2619 τοῖς

207 2640 467 2705 πάθεσιν,
499 2639 573 2704 ὡς
598 2640 739 2694 κατά
768 2642 972 2713 μηδένα
1006 2644 1209 2715 τρόπον
1237 2643 1452 2716 ἰσχῦσαι
1491 2645 1791 2715 διαφυγεῖν.

209 2732 372 2784 Οὕτω
400 2731 781 2802 παραδίδονται
811 2732 909 2803 μὲν
942 2734 1024 2797 εἰς
1051 2733 1310 2806 ἀδόκιμον
1342 2734 1487 2801 νοῦν,
1515 2736 1608 2788 καὶ
1638 2735 1795 2803 γεγό-

207 2842 370 2878 νασιν
410 2825 670 2879 εὐάλωτοι
716 2827 835 2888 ταῖς
881 2825 1134 2891 ἐκτόποις
1161 2826 1502 2898 ἐπιθυμίαις,
1540 2828 1702 2891 σώζει
1738 2828 1795 2881 δὲ

208 2915 385 2978 αὐτάς
409 2915 582 2981 οὐδὲν,
609 2916 724 2970 ἀλλ’
758 2917 895 2971 εἰσὶν
924 2916 1031 2972 ὑπὸ
1064 2918 1232 2983 πόδας
1257 2918 1488 2990 ἐχθρῶν,
1519 2919 1795 2991 ἀνάνδρως

206 3006 615 3078 διερῤῖμμέναι.
655 3008 780 3061 Ἐὰν
802 3009 901 3079 μὲν
922 3010 1031 3080 γάρ
1052 3010 1242 3081 κλείσῃ
1267 3009 1409 3065 κατά
1436 3011 1562 3075 τοὺς
1586 3011 1795 3082 ἀνθρώ-

209 3117 372 3164 πους,
407 3104 594 3171 φησὶν,
617 3102 647 3155 ό
682 3099 791 3155 τῶν
820 3102 959 3156 ὅλων
987 3102 1141 3167 Θεὸς,
1170 3105 1255 3167 τίς
1297 3104 1496 3172 ἀνοίξει
1516 3144 1533 3171 ,
1580 3105 1674 3158 καὶ
1698 3104 1797 3175 τὴν

1890 642 2010 696 dam
2042 640 2344 711 aliquorum
2389 640 2853 697 incantationibus
2877 640 3269 710 praestigiisque
3300 636 3461 692 fasci-

1889 732 2031 796 nati,
2081 741 2137 787 et
2200 741 2399 802 ιιι-αξιοι·
2449 732 2669 788 solitum
2730 730 3038 796 mansueti,
3087 728 3458 785 conniventes.

1890 820 2127 877 Dicendo
2154 823 2322 888 enim,
2355 822 2582 890 Mittam,
2621 821 2915 876 amandare
2947 822 3184 875 denotat.
3220 816 3278 872 ln
3311 832 3462 872 more

1890 913 2033 967 enim
2068 922 2153 967 est
2187 913 2270 968 liis
2298 914 2388 983 qui
2423 923 2684 983 ceperunt
2716 912 3015 984 regionem,
3044 911 3129 965 vel
3161 910 3458 973 civitatem,

1891 1005 2220 1074 quandoque
2247 1019 2437 1059 omnes
2464 1003 2642 1059 delere
2690 1004 2949 1068 funditus,
2993 1004 3089 1056 sed
3121 1000 3461 1054 multitudine

1891 1098 2295 1169 pugnacissima
2326 1108 2666 1167 consumpta,
2701 1098 2935 1167 reliquos
2977 1099 3029 1152 in
3066 1096 3242 1152 classe
3273 1110 3461 1149 numec

1892 1204 2059 1258 roque
2107 1190 2441 1258 captivorum
2478 1205 2698 1259 ponere.
2746 1188 2805 1244 Si
2837 1204 2963 1244 vero
3007 1187 3253 1243 historiis
3298 1185 3462 1239 alium

1892 1281 2198 1351 quempiam
2227 1282 2932 1337 sermonemnecessarium
2970 1282 3213 1336 inserere
3257 1279 3462 1333 liceat:
3502 1267 3519 1283 ⁸

1894 1368 2182 1422 tenendum
2234 1378 2353 1433 est,
2406 1370 2639 1423 animam
2694 1369 2807 1424 Dei
2838 1372 3054 1436 timore,
3109 1369 3255 1423 velut
3310 1382 3466 1421 muro

1892 1459 2191 1527 obseptum,
2242 1459 2436 1514 fortem
2488 1474 2609 1514 esse
2651 1469 2706 1515 et
2745 1460 3140 1530 quodammodo
3187 1459 3464 1523 invictam,

1892 1558 1946 1603 et
1978 1566 2196 1603 manum
2225 1566 2434 1615 eorum,
2463 1552 2555 1619 qui
2591 1566 2711 1606 cum
2742 1551 2856 1621 ipsa
2889 1560 3150 1622 pugnant,
3181 1563 3462 1621 superare.

1896 1640 2072 1695 \‘incit
2112 1641 2253 1695 enim
2297 1640 2669 1712 principatus,
2700 1652 2753 1695 et
2790 1650 3101 1712 potestates,
3147 1642 3334 1696 mundi
3372 1642 3467 1696 do—

1900 1732 2096 1795 minos,
2138 1741 2377 1787 rectores
2406 1733 2596 1786 barum
2634 1733 3005 1800 tenebrarum,
3038 1733 3339 1801 spiritualia
3372 1746 3468 1785 ne-

1896 1822 2081 1891 quitia:
2118 1822 2168 1876 in
2220 1822 2715 1892 superctnlestibus.
2759 1823 2851 1878 Sin
2900 1823 3129 1879 divertat
3162 1824 3229 1877 ad
3259 1838 3321 1878 ea
3348 1838 3469 1892 quae

1900 1930 2003 1968 non
2041 1914 2312 1979 convenit,
2347 1921 2399 1968 ct
2444 1908 2598 1969 extra
2650 1923 2857 1969 rectum
2908 1914 3101 1969 callem
3151 1913 3383 1977 feratur,
3415 1922 3469 1967 et

1895 2006 1989 2059 Dei
2020 2004 2216 2075 placita
2248 2004 2571 2075 praeteriens
2603 2018 2667 2060 ac
2702 2014 3146 2075 prmtercurrens,
3188 2004 3254 2057 ad
3307 2018 3467 2056 mun-

1894 2096 2064 2151 danas
2118 2096 2446 2166 cupiditates
2500 2095 2839 2160 devolvatur,
2898 2106 3064 2165 atque
3102 2094 3290 2164 jugunt
3334 2092 3465 2148 obe-

1893 2190 2108 2245 dientize
2131 2201 2351 2260 respuat
2381 2191 2564 2246 :omni
2590 2206 2711 2246 eam
2746 2189 2982 2246 denudat
3014 2186 3174 2258 253
3204 2185 3463 2247 subsidio.

1894 2290 1947 2336 et
1981 2282 2128 2337 velut
2160 2282 2279 2337 sine
2314 2283 2554 2339 maceria
2592 2292 2865 2352 patentem
2899 2278 3079 2342 efﬁcit,
3109 2278 3469 2344 hosﬁbusque

1894 2373 2071 2429 reddit
2121 2375 2528 2441 incustoditam,
2568 2375 2712 2429 viam
2763 2373 3038 2443 praestruit
3074 2380 3128 2425 et
3160 2368 3471 2437 complanat

1898 2464 2198 2520 assultibus
2248 2465 2605 2535 cupiditatum
2653 2474 2845 2519 contra
2894 2478 3051 2527 eam,
3097 2461 3169 2516 ita
3214 2469 3275 2514 ut
3323 2458 3469 2514 nullo

1896 2556 2053 2609 modo
2100 2556 2275 2625 possit
2304 2555 2564 2625 ell'ugere.
2599 2555 2691 2610 Sic
2722 2555 3013 2609 traduntur
3036 2552 3258 2623 quidam
3292 2552 3343 2603 in
3378 2562 3465 2602 re-

1896 2648 2122 2717 probam
2145 2657 2410 2713 mentem,
2434 2648 2676 2717 ﬁuntque
2700 2645 3109 2717 cxpugnabiles,
3130 2642 3468 2713 expositique

1896 2741 2220 2797 monstrosis
2264 2740 2687 2810 cupiditatibus,
2736 2752 2836 2793 nec
2881 2736 3172 2807 quidquam
3229 2732 3469 2788 defendit

1895 2847 2010 2897 eos,
2028 2832 2123 2887 sed
2147 2831 2374 2901 pedibus
2400 2829 2741 2885 inimicorum
2764 2828 2991 2899 projecti
3022 2838 3149 2882 sunt
3178 2824 3464 2895 ignaviter.

1897 2924 1955 2980 Si
1984 2924 2153 2987 enim,
2180 2922 2377 2993 inquit,
2409 2923 2668 2978 clauserit
2696 2930 2887 2976 contra
2913 2919 3188 2974 hominem
3244 2915 3467 2972 univer-

1895 3016 2071 3071 sitatis
2110 3014 2282 3080 Deus,
2322 3014 2444 3084 quis
2484 3013 2692 3084 aperiet
2715 3012 2801 3066 “7
2828 3022 2884 3067 et
2919 3020 3304 3081 praepotentem
3361 3017 3471 3063 tra-

1896 3106 2071 3161 dentis
2099 3106 2376 3161 dexteram
2404 3104 2527 3175 quis
2574 3104 2890 3174 superabit?
2919 3100 3334 3157 Permaneamus
3370 3100 3471 3152 ita-

210 3192 471 3263 παναλκῆ
512 3192 609 3247 τοῦ
660 3194 1107 3265 παραδεδωκότος
1147 3195 1534 3268 πλεονεκτήσει
1576 3197 1791 3265 δεξιάνς

1901 3210 2002 3265 que
2027 3197 2081 3249 in
2116 3196 2310 3250 timore
2342 3194 2457 3249 Dei.
2502 3193 2593 3251 Sic
2626 3194 2774 3250 enim
2806 3206 3055 3263 supernae
3084 3189 3473 3246 misericordia:

211 3282 485 3353 Μένωμεν
512 3283 691 3336 τοίνυν
716 3286 774 3337 ἐν
802 3284 882 3355 τῷ
908 3284 1041 3356 θείῳ
1075 3286 1249 3357 φόϐῳ.
1285 3286 1665 3359 Κερδανοῦμεν
1688 3288 1796 3360 γὰρ

1901 3287 2134 3358 gratiam
2195 3286 2633 3349 lucrifaciemus,
2691 3294 2971 3355 peccatum
3025 3296 3089 3337 ac
3152 3280 3475 3357 cupiditates

210 3372 361 3427 εὐτω
390 3374 492 3445 τῆς
525 3374 733 3430 ἀνωθεν
756 3375 1044 3447 εὐμενείας
1069 3379 1169 3449 τὴν
1201 3378 1361 3450 χάριν
1380 3394 1395 3411 ·
1419 3380 1513 3433 καὶ
1537 3396 1800 3433 κατανεα-

213 3465 549 3537 νιευσόμεθα
573 3467 983 3538 πνευματικῶς,
1007 3468 1104 3523 καὶ
1135 3470 1431 3540 ἁμαρτίας,
1465 3473 1559 3525 καὶ
1589 3470 1797 3537 παθῶν,

214 3558 435 3628 καὶτῆς
464 3556 558 3611 τοῦ
581 3558 831 3613 διαϐόλου
856 3560 1169 3627 πλεονεξίας
1196 3561 1349 3631 ὀλίγα
1372 3562 1569 3634 κομιδῆ
1592 3562 1804 3633 φροντί-

216 3647 427 3713 ζοντες,
450 3650 586 3721 πρὸς
604 3650 933 3722 τδβραὸεἷον
964 3652 1064 3723 τῆς
1098 3653 1212 3707 ἀνω
1244 3652 1491 3725 κλήσεως
1526 3656 1802 3727 καταντή-

219 3755 427 3809 σομεν,
461 3738 561 3812 τὴν
604 3740 803 3795 εὐκλεᾶ
853 3742 948 3797 καὶ
994 3742 1373 3815 δοκιμωτάτην
1414 3743 1803 3816 κατορθοῦντες

218 3833 389 3904 ζωήν.

293 3927 394 3993 Μὴ
437 3928 624 3997 πέτρα
646 3928 865 4000 ἔρημός
888 3930 1019 3985 ἐστι
1044 3931 1111 3985 τὸ
1135 3932 1270 4001 ὄρος
1296 3932 1448 3987 Σιών
1472 3952 1489 3999 ;
1514 3936 1670 4005 Ἕσῃ
1696 3936 1807 4007 γὰρ

218 4021 305 4086 ὠς
356 4021 589 4089 πτηνοῦ
639 4021 1047 4094 ἁνιπταμένου
1097 4022 1355 4088 νεοσσὸς
1399 4024 1802 4096 ἀφῃρημένος,

221 4112 491 4183 θυγάτηρ
518 4114 713 4170 Μωάϐ.

296 4206 751 4277 Κατεστράτευσε
776 4207 875 4277 τῆς
894 4208 1217 4280 Σαμαρείας
1240 4208 1384 4264 κατά
1421 4209 1644 4280 καιροὺς
1669 4210 1806 4263 2a).-

225 4297 487 4369 μανασάρ
530 4299 558 4351 ὁ
594 4297 898 4370 Ἀσσύριος,
940 4296 1088 4353 εἷλέν
1116 4317 1179 4353 τε
1207 4298 1309 4364 τὰς
1339 4301 1397 4353 ἐν
1429 4300 1567 4371 αὐτῇ
1599 4300 1805 4363 πόλεις’

223 4390 325 4442 καὶ
366 4389 590 4460 προσέτι
627 4389 735 4443 τῶν
762 4391 860 4460 τῆς
893 4390 1152 4455 Ἰουδαίας
1180 4390 1549 4462 προσηδίκησε
1584 4390 1805 4456 πολλὰς,

220 4482 323 4535 καὶ
363 4481 703 4553 δορύληπτον
740 4481 1044 4552 ἀπεκόμισε
1084 4482 1295 4553 πληθὺν
1332 4485 1412 4547 εἰς
1453 4483 1553 4554 τὴν
1590 4482 1805 4536 ἐαυτοῦ.

1901 3379 2261 3449 spiritualiter
2308 3388 2561 3449 tanquam
2590 3377 2820 3448 juvenes
2852 3376 3155 3441 vincemus,
3191 3381 3245 3428 et
3278 3370 3479 3426 diaboli

1904 3471 2245 3542 tyrannidem
2278 3471 2433 3541 parvi
2479 3469 2767 3525 admodum
2805 3464 3391 3532 ducentes,laudatam
3423 3469 3479 3517 et

1903 3561 2338 3632 probatissimam
2362 3558 2527 3614 vitam
2553 3565 2698 3613 recte
2721 3555 3089 3618 instituentes,
3112 3550 3176 3606 ad
3199 3546 3493 3621 praemium.

1904 3666 2152 3723 superna:
2185 3651 2490 3715 vocationis
2521 3648 2920 3729 perveniemus.

1976 3938 2105 3993 CAP.
2156 3935 2293 3990 XVI.
2334 3933 2493 3989 Vsus.
2540 3934 2589 3997 l,
2638 3932 2693 3987 2.
2755 3930 2903 3985 Num
2956 3939 3105 3992 petra
3150 3928 3354 3981 deserta
3404 3932 3503 3977 est

1906 4044 2055 4081 mons
2113 4025 2287 4081 Sion?
2342 4025 2464 4079 Eri:
2500 4025 2637 4079 enim
2683 4022 2838 4078 veluti
2886 4020 2999 4074 avis
3046 4016 3265 4073 volantis
3309 4015 3482 4085 pullus

1913 4121 2142 4186 ablatus,
2174 4119 2289 4187 ﬁlia
2318 4117 2496 4172 Moab.

1983 4209 2325 4281 Oppugnavit
2343 4206 2646 4263 Samariam
2669 4214 2827 4275 capta
2848 4201 3253 4274 opportunitate
3278 4198 3483 4255 Salma-

1909 4317 2134 4358 nasarus
2178 4301 2431 4371 Assyrius
2459 4339 2474 4364 ,
2529 4300 2780 4369 cepitque
2829 4298 2949 4365 ejus
2995 4296 3273 4361 civitates,
3322 4305 3486 4363 porro

1908 4394 2071 4451 etiam
2125 4391 2324 4447 Iudaea:
2372 4391 2567 4447 multas
2621 4390 2762 4446 male
2806 4389 3077 4455 tractavit,
3119 4396 3175 4442 et
3215 4386 3483 4457 captivam

1910 4487 2310 4541 multitudinem
2356 4484 2423 4540 in'
2454 4500 2605 4541 suam
2638 4485 2912 4555 regionem
2944 4482 3189 4537 abduxit.
3230 4480 3382 4535 llanc
3415 4478 3488 4533 ob

223 4573 450 4643 Ταύτης
492 4590 550 4626 τε
600 4573 764 4627 ἕνεκα
804 4573 901 4644 τῆς
936 4574 1145 4641 αἰτίας,
1188 4573 1528 4641 ἐπετώθαζον
1564 4578 1629 4647 τῇ
1670 4574 1798 4630 Σιὼν

1913 4593 2132 4632 causam
2198 4577 2486 4631 illuserunt
2550 4575 2701 4632 Sioni
2774 4590 2868 4631 seu
2935 4572 3233 4629 Jerusalem
3297 4580 3487 4641 gentes

222 4665 351 4735 ἦτοι
381 4667 446 4736 τῇ
479 4665 851 4738 Ἰερουσαλὴμ,
877 4666 946 4720 τὰ
968 4666 1273 4721 Μωαϐιτῶν
1306 4666 1454 4737 ἔθνη,
1480 4668 1571 4722 καὶ
1601 4667 1810 4739 πέτραν

223 4756 404 4827 αὐτὴν
442 4756 818 4828 ἠρημωμένην
858 4756 1158 4827 ὠνόμαζον,
1189 4757 1289 4809 οὐκ
1318 4756 1488 4827 αὐτῆς
1524 4774 1628 4810 που
1669 4756 1813 4827 τάχα

221 4850 696 4921 καταμειδιῶντες
747 4850 799 4902 οἱ
849 4848 1096 4914 τάλανες,
1147 4848 1283 4903 ἀλλά
1323 4849 1418 4902 τοῦ
1466 4850 1559 4902 ἐπὶ
1606 4850 1814 4914 πάντας

1911 4670 2301 4735 Moabitarum,
2331 4677 2385 4723 et
2418 4676 2624 4738 petram
2662 4667 2931 4722 desertam
2963 4679 3080 4718 eam
3111 4661 3481 4732 appellarunt:

1910 4778 2017 4819 non
2047 4773 2154 4817 tam
2188 4761 2480 4817 irridentes
2508 4774 2626 4813 eam
2662 4758 2844 4814 miseri
2874 4757 3143 4822 homines,
3170 4769 3332 4825 quam
3360 4768 3481 4809 eum

1911 4853 2001 4924 qui
2039 4860 2123 4907 est
2158 4865 2319 4921 super
2348 4862 2539 4904 omnes
2583 4848 2747 4913 Deus,
2778 4846 2975 4917 quippe
3025 4844 3335 4899 dictitantes
3371 4844 3489 4911 ejus

220 4939 389 4993 Θεοῦ·
442 4938 536 4992 καὶ
585 4936 717 5006 γοῦν
757 4936 853 4991 καὶ
897 4935 1133 5007 ἔφασκον
1168 4935 1268 5007 τὴν
1299 4934 1576 4999 σώζουσαν
1618 4935 1798 4996 αὐτοὺς

1913 4958 2131 4999 manum
2156 4941 2556 5013 opitulatricem
2582 4939 2989 5008 elanguescere,
3020 4944 3077 4990 et
3112 4934 3253 4989 hanc
3273 4934 3343 4988 ob
3370 4949 3481 4987 rem

222 5027 491 5097 ἀτονῆσαι
519 5028 697 5097 χεῖρα,
724 5025 929 5097 ταύτης
955 5043 1016 5078 τε
1046 5024 1208 5079 ἕνεκα
1236 5025 1339 5096 τῆς
1369 5025 1548 5089 αἰτίας
1578 5026 1684 5078 ὑπὸ
1715 5024 1813 5078 πό-

218 5118 324 5183 δας
374 5118 547 5171 ἐλθεῖν
588 5117 697 5170 τῶν
735 5116 968 5188 ἐχθρῶν.
1003 5112 1073 5169 Ὦ
1120 5116 1299 5170 τοίνυν
1338 5116 1586 5189 θυγάτηρ
1615 5116 1809 5183 Μωάσ,

220 5212 421 5281 φησὶν,
451 5209 629 5280 ἐνήθει
664 5209 721 5263 δὲ
764 5209 982 5272 πάντως
1015 5210 1044 5262 ὁ
1075 5208 1252 5277 λόγος,
1287 5208 1362 5280 μὴ
1400 5208 1575 5281 πέτρα
1608 5209 1812 5281 ἔρημός

220 5304 347 5355 ἐστι
393 5299 455 5353 τὸ
494 5300 619 5371 δρος
659 5299 833 5366 Σιών;
862 5295 1011 5371 τΔρα
1052 5299 1212 5370 μόνη,
1248 5299 1406 5369 φησὶ,
1446 5299 1727 5369 κέκμηκεν
1775 5302 1810 5371 ἠ

219 5391 411 5458 Σιών;
450 5385 561 5462 ἆρα
596 5390 734 5461 μόνη
772 5390 1060 5444 πέπτωκεν
1095 5388 1199 5443 ὐπὸ
1231 5390 1397 5452 πόδας
1429 5388 1677 5462 ἐχθρῶν;
1712 5391 1809 5443 καὶ

216 5482 327 5554 τὴν
367 5482 477 5536 τῶν
514 5482 867 5537 ἐνοικούντων
916 5481 1087 5555 αὐτὴν
1128 5482 1415 5554 νενόσηκεν
1453 5482 1724 5554 ἐρημίαν;
1774 5484 1807 5554 ἢ

216 5576 343 5637 τοῖς
391 5574 471 5629 ἔτι
518 5576 755 5647 χείροσιν
799 5576 973 5647 αὐτῆς
1018 5576 1484 5649 περιπέπτωκαςς
1544 5574 1808 5648 Ληφθήσῃ

212 5666 338 5737 γὰρ
371 5670 500 5737 παρ’
531 5668 761 5739 ἐχθρῶν,
794 5670 885 5723 καὶ
909 5663 1021 5723 οἷον
1046 5669 1105 5723 ἐκ
1133 5668 1326 5734 καλιᾶς
1347 5667 1562 5734 νεοσσὸς
1594 5669 1809 5742 ἀφῃρη-

296 5825 348 5858 ’⁶
372 5821 472 5881 ἔοι)
496 5839 592 5890 xu,
630 5825 711 5879 Η.

1917 5034 2081 5088 etiam
2106 5032 2207 5087 sub
2232 5031 2397 5102 pedes
2422 5030 2606 5085 venire
2633 5027 2889 5084 hostium.
2913 5025 2956 5081 Ο
2982 5026 3145 5096 igitur
3170 5023 3278 5078 illia
3308 5021 3485 5086 Moab,

1920 5124 2096 5193 inquit
2121 5139 2136 5178 :
2166 5123 2364 5178 usitata
2392 5122 2609 5192 quidem
2632 5130 2715 5175 est
2743 5133 2957 5188 semper
2979 5119 3093 5173 lucc
3117 5115 3292 5170 oratio
3320 5132 3335 5170 :
3364 5130 3489 5169 num

1918 5225 2075 5288 petra
2137 5215 2352 5270 deserta
2399 5222 2484 5269 est
2542 5226 2697 5267 mons
2757 5208 2925 5265 Sion?
2959 5208 3074 5273 An,
3124 5207 3330 5274 inquit,
3376 5205 3488 5260 sola
3547 5276 3550 5280 Δ

1916 5307 2185 5363 laboravit
2229 5321 2295 5362 ac
2334 5304 2621 5361 succubuit
2672 5301 2844 5369 Sion;
2881 5314 2949 5355 an
2985 5299 3099 5355 sola
3139 5298 3347 5354 corruit
3392 5297 3493 5353 sub

1916 5398 2143 5470 pedibus
2185 5396 2568 5453 inimicorum?
2608 5395 2673 5450 Et
2709 5394 2889 5465 inopia
2928 5392 3229 5450 incolarum
3265 5389 3490 5444 aﬂlicta-

1919 5489 2039 5544 tur?
2072 5488 2166 5545 Vel
2220 5498 2275 5544 tu
2319 5489 2373 5544 in
2424 5487 2693 5545 deteriora
2720 5503 2886 5559 quam
2936 5502 2998 5542 ea
3046 5485 3157 5551 sit,
3214 5477 3490 5538 incidisti’

1919 5580 2152 5650 capieris
2176 5580 2323 5638 enim
2355 5581 2425 5639 ab
2448 5579 2713 5648 hostibus,
2734 5588 2789 5635 et
2818 5588 3074 5650 tanquam
3100 5590 3131 5633 e
3164 5574 3290 5630 nido
3315 5570 3492 5642 pullus

1920 5682 2138 5743 ereptus
2183 5672 2236 5730 in
2274 5672 2504 5730 alienam
2537 5670 2796 5743 migrabis
2830 5669 3125 5741 regionem,
3164 5674 3213 5721 ct
3253 5660 3492 5720 inimicis
