4840 6494
641 397 747 456 609
1777 400 1847 458 IN
1883 402 2118 461 lSAlAM
2156 405 2286 464 LIB.
2326 409 2394 466 ll.
2435 409 2552 467 T03

1999 403 2118 461 IAM
2156 405 2286 464 LIB.
2326 409 2394 466 ll.
2435 409 2671 467 TOMUS
2696 411 2784 466 lll.
3803 428 3906 484 illi

637 521 743 592 τῆς
775 520 1104 585 Μωαϐιτῶν,
1140 522 1556 594 προσδοκήσασα
1582 524 1724 597 τάχα
1749 544 1875 593 που,
1909 530 1992 583 ὅτι
2017 531 2111 585 καὶ
2136 533 2234 586 αύ-
2261 539 2310 597 Α
2339 534 2548 592 Sublatt

2017 531 2111 585 καὶ
2136 533 2234 586 αύ-
2261 539 2310 597 Α
2339 534 2620 592 Sublatum
2641 527 2726 593 est
2745 538 2888 592 enim
2915 539 3176 595 auxilium
3203 549 3372 612 tuum,
3401 551 3454 599 et
3474 543 3727 616 princeps
3751 550 3909 618 periit

639 614 729 666 τοὶ
753 615 898 667 κατά
929 613 1156 684 καιροὺς
1183 615 1398 670 ἔσονται
1434 615 1611 690 σκέπη
1640 618 1767 690 ὑμῖν
1800 619 1909 672 ἀπὸ
1939 621 2235 691 προσώπου
2334 629 2550 684 concnlc

1993 621 2235 690 ροσώπου
2334 629 2662 684 conculcans
2687 645 2852 700 super
2891 641 3114 686 terram.
3145 633 3246 701 Qui
3275 635 3440 702 enim,
3472 613 3681 708 inquit,
3704 613 3904 708 suppe-

634 702 953 768 διώκοντος.
991 706 1183 759 Ἔσται
1218 707 1274 760 δὲ
1304 707 1425 779 οὐχὶ
1450 709 1630 764 τοῦτο.
1662 710 1866 778 Πόθεν;
1905 714 2083 786 Ἦρθη
2127 717 2238 790 γὰρ
2337 721 2439 775 tias
2483 720 2545 775 til

1988 714 2083 786 ρθη
2127 717 2238 790 γὰρ
2337 721 2439 775 tias
2483 720 2576 775 tibi
2611 735 2828 790 semper
2867 722 3009 788 tulit,
3043 722 3342 782 Moabiticaz
3387 702 3564 783 terra:-
3589 702 3899 798 praal'eetus,

634 797 670 865 ἡ
715 796 1002 866 συμμαχία
1037 813 1150 850 σουο
1185 799 1278 852 καὶ
1303 800 1331 851 6
1355 800 1540 872 ἄρχων
1573 803 1822 858 ἀπώλετο
1852 807 1881 859 6
1904 810 2239 864 καταπατῶν
2337 827 2465 868 acer
2486 823 2541 868 et

1997 810 2239 864 ταπατῶν
2337 827 2465 868 acer
2486 823 2541 868 et
2561 813 2756 879 elatus,
2776 815 2868 884 qui
2895 824 3147 884 tanquam
3173 819 3447 887 pulverem
3478 796 3691 877 calcare
3715 796 3908 878 solitus

637 888 736 940 ἐπὶ
770 887 869 958 τῆς
900 889 1026 958 γῆς.
1056 887 1115 942 '0
1152 891 1260 962 γὰρ
1303 891 1388 943 ἀεί
1435 909 1516 945 σοι
1557 896 1912 964 συνασπίσας,
1949 899 2105 968 φησὶ,
2137 903 2236 971 τῆς
2333 916 2416 959 est
2437 919 2532 961 eos

1994 899 2105 968 ησὶ,
2137 903 2236 971 τῆς
2333 916 2416 959 est
2437 919 2532 961 eos
2563 905 2654 975 qui
2702 905 3056 973 rebellarunt,
3089 909 3250 977 periit
3276 920 3330 965 et
3362 911 3592 966 interiit.
3630 913 3905 968 Extermi-

640 977 956 1031 Μωαϐιτῶν
1003 979 1323 1051 ἡγούμενος,
1357 983 1384 1036 6
1425 983 1599 1048 δεινὸς
1643 987 1736 1040 καὶ
1765 988 2088 1060 ὑπέροπτος,
2133 994 2228 1047 καὶ
2336 1007 2495 1052 natus
2527 1013 2551 1052 ε

1993 1007 2088 1055 τος,
2133 994 2228 1047 καὶ
2336 1007 2495 1052 natus
2527 1007 2612 1053 est
2639 998 2784 1052 enim
2834 1009 2890 1053 et
2938 999 3181 1054 sublatus
3219 1015 3249 1055 c
3298 1002 3497 1056 medio.
3551 1003 3716 1059 Docet
3761 1005 3904 1059 enim

640 1069 837 1139 ὥσπερ
880 1069 1005 1124 τινὰ
1045 1070 1173 1140 χοῦν
1206 1077 1541 1127 καταπατεῖν
1573 1076 1778 1141 εἰωθὼς
1805 1080 1931 1142 τοὺς
1963 1080 2226 1153 ἀνθεστη-

641 1162 832 1226 κότας,
864 1160 1038 1233 ᾤχετο
1079 1165 1172 1217 καὶ
1199 1165 1498 1221 ἀπόλωλεν.
1529 1167 1707 1242 Ἥρθη
1743 1169 1872 1241 γάρ,
1903 1173 1996 1226 καὶ
2034 1176 2099 1227 ὲκ
2131 1175 2223 1246 μέο

644 1271 743 1307 σου
775 1255 1017 1324 γέγονεν.
1045 1257 1296 1310 Διδάσκει
1323 1259 1379 1312 δὲ
1407 1259 1494 1313 διὰ
1517 1260 1739 1328 τούτων,
1767 1265 1848 1317 ὅτι
1880 1267 2226 1338 προσανῄρη-

637 1363 736 1399 ται
801 1351 914 1411 τοῖς
976 1350 1331 1418 Μωαϐίταις,
1385 1355 1480 1407 καὶ
1542 1356 1574 1426 ή
1632 1355 1726 1409 τοῦ
1784 1357 2044 1414 δύνασθαί
2099 1379 2230 1416 ποτε

640 1441 923 1511 κρατῆσαι
951 1441 1114 1496 πάλιν
1144 1445 1340 1508 αὐτοὺς
1365 1445 1538 1510 ἐλπίς.
1569 1448 1629 1500 Oi
1655 1447 1762 1521 γὰρ
1793 1451 2010 1517 ἀσεϐεῖς
2038 1455 2100 1507 ὲκ
2127 1457 2231 1527 γῆς

637 1529 950 1602 summa,
1004 1533 1198 1604 φησὶν,
1255 1535 1534 1592 όλοῦνται⁶
1597 1537 1740 1593 θείου
1799 1542 1856 1596 δὲ
1912 1545 2050 1609 ὅλως
2102 1549 2226 1600 ἐπι-

2335 1087 2516 1157 hisce,
2559 1089 2700 1159 quod
2742 1091 2906 1144 etiam
2955 1091 3026 1145 sit
3071 1090 3250 1145 ablata
3295 1100 3350 1146 et
3390 1093 3615 1161 praecisa
3658 1092 3910 1150 Moabitis

2332 1168 2459 1250 Vspes
2496 1195 2655 1250 posse
2698 1180 2987 1251 aliquando
3041 1197 3229 1238 rursus
3275 1185 3581 1252 superiores
3627 1187 3894 1241 obtinere.

2332 1270 2489 1342 lmpii
2530 1273 2700 1340 enim,
2745 1274 2941 1343 inquit,
2981 1276 3239 1330 radicitus
3280 1276 3347 1330 de
3387 1284 3530 1330 terra
3575 1277 3906 1346 perdentur;

2338 1365 2518 1420 divina
2543 1374 2721 1419 autem
2746 1365 2823 1419 ira
2846 1366 3068 1421 omnino
3092 1367 3385 1432 insiliente,
3404 1368 3702 1437 cuiusmodi
3725 1380 3912 1436 erunt,

2337 1471 2525 1512 eorum
2548 1457 2639 1526 qui
2664 1455 2845 1512 amicti
2875 1467 3004 1511 sunt
3031 1458 3308 1529 reliquias?
3336 1459 3430 1515 Vel
3455 1461 3580 1531 quis
3603 1470 3912 1517 restaurare

2337 1559 2537 1618 potest,
2567 1548 2914 1605 subvertente
2944 1550 3086 1605 Deo?

640 1624 925 1695 πηδῶντος
954 1625 1150 1697 θυμοῦ,
1203 1630 1353 1683 ποῖον
1384 1628 1537 1685 ἔσται
1595 1631 1705 1687 τῶν
1766 1637 2108 1693 πεπονθότων
2171 1640 2457 1712 λείψανονς
2497 1641 2568 1694 Ἢ
2621 1641 2703 1705 τίς
2753 1643 2782 1694 6
2828 1641 3131 1714 ἀναστῆσαι
3184 1642 3500 1714 δυνάμενος,
3551 1643 3686 1698 Θεοῦ
3745 1662 3916 1700 κατα-

641 1721 971 1792 στρέφοντος
985 1739 1000 1788 ;

715 1813 828 1867 Kal
897 1813 1355 1883 διορθωθήσεται
1402 1819 1533 1888 μετ’
1574 1820 1786 1890 ἐλέους
1830 1826 2064 1894 θρόνος.
2131 1827 2228 1882 καί
2259 1836 2303 1893 Β
2402 1825 2567 1882 Vsus.
2592 1826 2626 1881 5

1997 1845 2064 1894 νς,
2131 1827 2228 1882 καί
2259 1836 2303 1893 Β
2402 1825 2646 1882 Vsus.5.
2678 1823 2746 1881 Et
2802 1827 3064 1896 dirigetur
3118 1844 3238 1880 eum
3302 1828 3669 1882 misericordia
3697 1831 3908 1894 solium,

638 1903 933 1959 κιλθιεῗται
980 1905 1074 1958 ἐπ’
1113 1907 1302 1963 αὑτοῦ
1361 1911 1512 1982 μετὰ
1560 1913 1847 1983 ἀληθείας
1905 1917 1975 1971 ἐν
2024 1919 2227 1989 σκηνῇ

638 1996 846 2061 Δαϐίδ,
885 1998 1106 2066 κρίνων
1146 2000 1243 2054 καί
1279 1999 1537 2071 ἐκζητῶν
1578 2005 1774 2076 κρῖμα,
1808 2008 1907 2062 καί
1947 2011 2230 2066 σπεύδων

639 2087 1066 2159 δικαιοσύνην.

729 2179 821 2234 Ἐν
859 2181 1070 2246 τούτοις
1111 2182 1300 2254 σαφῶς
1340 2185 1736 2255 ἐπαγγέλλεται
1790 2190 1853 2244 τὸ
1882 2191 2230 2266 ἀπαλλαχθή-

643 2269 841 2324 σεσθαι
893 2271 1033 2324 κατά
1083 2276 1305 2345 καιροὺς
1361 2276 1451 2330 τὸν
1503 2277 1736 2350 Ἰσραὴλ,
1800 2282 1899 2353 τῆς
1954 2284 2227 2356 ἀφορήτου

639 2363 1041 2436 ταλαιπωρίας,
1091 2365 1187 2419 καὶ
1229 2367 1336 2423 τῶν
1379 2370 1443 2421 ὲκ
1469 2368 1568 2438 τῆς
1611 2371 1986 2442 αἰχμαλωσίας
2020 2375 2226 2431 κακῶν.

641 2455 836 2528 Κύρου
891 2456 999 2528 γὰρ
1045 2457 1255 2522 ἑλόντος
1306 2458 1404 2531 τὴν
1454 2461 1806 2516 Βαϐυλωνίων
1848 2466 2013 2536 ἀνέθη
2057 2467 2157 2537 μὲν
2202 2471 2231 2522 ὁ

655 2548 897 2620 Ἰσραὴλ,
925 2550 1257 2621 ἀνεκομίσθη
1283 2551 1339 2604 δὲ
1361 2552 1828 2624 κατοικτείροντος
1863 2554 1997 2608 Θεοῦ
2025 2560 2104 2620 είς
2131 2559 2230 2629 τὴν

643 2638 813 2706 ἁγίαν
841 2640 1012 2704 πόλιν,
1043 2642 1361 2710 ἡγουμένων
1395 2643 1714 2713 Ζωροϐάϐελ
1741 2645 1834 2698 τοῦ
1856 2646 2148 2718 Σαλαθιὴλ,
2173 2649 2230 2714 ὃς

639 2726 715 2802 ἦν
741 2734 808 2784 ὲκ
836 2731 1006 2802 φυλῆς
1037 2732 1207 2786 Ἰούδα
1235 2733 1328 2785 καὶ
1353 2733 1535 2800 Δαϐὶδ,
1568 2736 1662 2789 καὶ
1689 2737 1786 2807 μέν
1814 2729 1895 2790 τοι
1921 2738 2016 2792 καὶ
2057 2739 2231 2811 Ἰησοῦ

637 2823 740 2876 τοῦ
768 2823 1014 2876 Ἰωσεδὲκ
1046 2824 1140 2876 τοῦ
1177 2825 1366 2895 ἱερέως
1398 2825 1490 2879 τοῦ
1525 2826 1785 2896 μεγάλου.
1816 2829 1873 2883 Ὀ
1903 2831 2082 2885 τοίνυν
2105 2832 2232 2902 θρό-

639 2931 758 2976 νος,
800 2916 950 2985 φησὶ,
980 2914 1123 2968 τοῦτ’
1153 2915 1320 2982 ἔστιν,
1351 2918 1384 2988 ή
1417 2919 1567 2989 παρά
1604 2923 1717 2983 τοῖς
1761 2921 2033 2986 Ἰουδαίοις
2079 2923 2234 2993 βασι-

637 3006 790 3070 λεία,
816 3005 1238 3078 διορθωθήσεται
1271 3008 1411 3079 μετά
1431 3009 1632 3074 ἐλέους,
1656 3013 1802 3065 τοῦτ’
1831 3013 2000 3079 ἔστιν,
2030 3018 2108 3078 είς
2135 3015 2233 3087 τὴν

639 3099 858 3151 οἰκείαν
890 3099 1145 3172 ἐπανήξει
1185 3100 1358 3168 τάξιν,
1400 3103 1866 3175 κατοικτείροντος
1896 3105 2054 3159 Θεοῦ.
2086 3107 2234 3162 Καθο

2329 1928 2376 1973 et
2435 1917 2631 1973 sedebit
2677 1919 2732 1973 in
2755 1935 2815 1974 eo
2849 1934 2966 1972 cum
3004 1921 3219 1973 ueritate
3257 1921 3310 1972 in
3355 1920 3700 1974 tabernaculo
3744 1919 3910 1974 Davi-

2330 2011 2411 2064 dis
2456 2010 2706 2080 judicans
2763 2022 2812 2066 et
2871 2011 3148 2082 exquirens
3193 2011 3484 2081 judicium,
3518 2021 3566 2065 et
3613 2011 3910 2066 accelerans

2321 2103 2592 2173 justitiam

2400 2193 2456 2248 lu
2489 2193 2609 2248 istis
2649 2193 2831 2248 verbis
2875 2201 3061 2262 aperte
3102 2192 3462 2262 promittitur,
3490 2194 3744 2250 lsraclem
3795 2195 3910 2250 suis

2333 2283 2665 2350 temporibus
2713 2299 2744 2336 a
2810 2299 2914 2336 non
2968 2281 3188 2338 l'erenda
3258 2281 3573 2338 infelicitate
3647 2283 3912 2352 malisque

2331 2375 2529 2444 quibus
2587 2377 2640 2428 in
2693 2375 3009 2445 captivitate
3069 2390 3360 2443 oppressus
3408 2387 3548 2440 erat,
3608 2390 3728 2431 esse
3775 2375 3912 2432 libe-

2334 2468 2583 2522 randum.
2613 2467 2747 2522 Cum
2819 2467 2963 2522 enim
3016 2466 3190 2538 Cyrus
3243 2467 3593 2538 Babyloniam
3653 2469 3910 2539 cepisset,

2330 2558 2592 2615 liberatus
2647 2569 2731 2614 est
2786 2559 2947 2614 Israel
2989 2559 3352 2628 reductusque
3399 2570 3482 2614 est
3526 2561 3634 2615 Deo
3685 2563 3912 2616 commi-

2333 2661 2551 2710 serante
2601 2653 2653 2706 in
2699 2662 2940 2706 sanctam
2974 2652 3273 2718 civitatem,
3313 2653 3538 2708 ducibus
3577 2653 3912 2710 Zorobabelo

2335 2745 2446 2799 lilio
2496 2742 2779 2806 Salatbiel,
2816 2744 2906 2812 qui
2946 2753 3063 2798 erat
3100 2759 3166 2798 ex
3241 2743 3380 2798 tribu
3415 2741 3555 2797 Juda
3606 2753 3660 2800 et
3716 2745 3906 2811 David,

2334 2845 2389 2891 et
2441 2835 2567 2891 Jesu
2623 2835 2732 2890 lilio
2789 2834 3057 2890 Josedech
3113 2851 3304 2904 magno
3350 2836 3654 2891 sacerdote.
3699 2836 3906 2891 Solium

2337 2928 2522 2997 igitur,
2547 2927 2819 2996 inquit.id
2864 2936 2968 2994 est,
3001 2925 3286 2982 Judaicum
3355 2941 3578 2996 regnum
3647 2928 3915 2984 instaura-

2335 3016 2484 3072 bitur
2507 3033 2629 3072 cum
2671 3016 3062 3081 misericordia,
3093 3015 3146 3071 id
3175 3026 3278 3082 est,
3315 3016 3371 3072 in
3400 3032 3555 3073 suum
3591 3020 3744 3088 quasi
3785 3033 3912 3089 pru-

2337 3107 2512 3176 prium
2563 3115 2762 3161 statum
2803 3122 2868 3162 ac
2899 3105 3214 3176 dignitatem
3256 3107 3568 3163 restituetur
3621 3108 3916 3166 miserante

643 3193 812 3244 ιείται
833 3190 891 3245 δὲ
914 3192 1076 3245 πάλιν
1103 3193 1188 3246 ἐπ’
1217 3191 1383 3246 αὐτοῦ
1414 3195 1532 3263 μετ’
1556 3173 1815 3267 ἀληθείας
1846 3200 1904 3251 ὲν
1933 3201 2104 3271 σκηνῇ
2136 3201 2238 3253 Δα-
2262 3173 2305 3230 C
2337 3173 2448 3254 Deo
2477 3216 2490 3253 :
2521 3214 2552 3254 e

2004 3201 2104 3271 ηνῇ
2136 3201 2238 3253 Δα-
2262 3173 2305 3230 C
2337 3173 2448 3254 Deo
2477 3216 2490 3253 :
2521 3208 2576 3254 et
2603 3199 2858 3253 resitlebit
2894 3173 3073 3255 denuo
3105 3198 3160 3253 in
3207 3213 3272 3254 eo
3315 3213 3437 3252 cum
3487 3200 3738 3264 veritate,
3779 3211 3835 3256 et
3860 3202 3915 3256 in

641 3285 766 3352 ϐὶδ,
809 3285 1010 3358 κρίνων
1058 3286 1151 3338 καὶ
1191 3284 1467 3356 ἐπιζητῶν
1501 3289 1694 3357 κρῖμα.
1739 3289 1849 3341 Καὶ
1896 3289 2120 3362 σκηνὴν,
2159 3291 2236 3355 ὠς

643 3376 848 3441 ἔοικεν,
881 3375 1133 3447 ὀνομάζει
1166 3375 1236 3430 τὰ
1269 3375 1537 3446 βασίλεια,
1574 3379 1630 3430 ὲν
1662 3372 1745 3440 οἷς
1785 3378 2100 3449 ποιούμενοι
2135 3379 2236 3445 τὰς

642 3467 934 3540 διατριϐὰς
948 3467 1212 3532 ἐδίκαζον,
1233 3467 1469 3537 ἐννόμως
1488 3467 1684 3531 αὐτοὺς
1703 3468 1828 3532 τοὺς
1848 3469 1945 3538 τῆς
1962 3468 2238 3537 βασιλείας

643 3559 934 3623 διέποντας
962 3559 1181 3622 θάκους.
1209 3559 1320 3612 Καὶ
1349 3559 1409 3612 τό
1441 3575 1502 3627 γε
1532 3553 1667 3631 ἧκον
1690 3561 1770 3622 εἰς
1790 3559 1852 3611 τὸ
1877 3559 1995 3630 Θεῷ
2021 3559 2233 3624 δοκοῦν,

645 3650 982 3721 ἐπιμεληταὶ
1011 3649 1357 3722 δικαιοσύνης
1385 3650 1693 3719 γεγόνασιν,
1722 3651 1768 3704 εί
1798 3651 1892 3704 καὶ
1912 3650 2012 3720 τῆς
2036 3651 2237 3722 ἀρετῆς

644 3741 1059 3814 διημαρτήκασι
1099 3757 1262 3804 τινες,
1318 3741 1740 3804 ἀπονενευκότες
1795 3742 1886 3795 ἐπὶ
1925 3743 1992 3796 τὰ
2050 3744 2234 3814 χείρω.

660 3833 860 3888 Ἰστέον
900 3833 955 3886 δὲ
994 3833 1077 3886 ὅτι
1108 3833 1244 3904 μετά
1275 3832 1373 3903 τὴν
1404 3834 1468 3885 ἐκ
1494 3833 1590 3903 τῆς
1613 3832 1930 3895 Βαϐυλῶνος
1958 3834 2234 3898 ἐπάνοδον,

648 3925 840 3978 οὐκέτι
869 3925 1216 3996 διῃρημένως
1263 3925 1647 3995 κατῳκήκασιν
1697 3925 1747 3978 oi
1786 3923 1845 3989 ἐξ
1889 3924 2127 3995 Ἰσραὴλ,
2163 3925 2238 3988 ὡς

648 4014 794 4072 εἶναι
836 4018 936 4089 μὲν
981 4019 1040 4070 ἐν
1084 4020 1150 4088 τῇ
1189 4016 1474 4088 Σαμαρείᾳ
1514 4016 1612 4080 τὰς
1651 4016 1784 4070 δέκα
1816 4015 2006 4086 φυλὰς,
2048 4016 2143 4069 καὶ
2178 4015 2239 4068 τὸ

646 4111 826 4181 ἣμισυ
856 4109 1031 4178 φυλῆς
1063 4107 1324 4180 Ἑςρραῒμ,
1352 4107 1726 4180 βασιλεύοντος
1755 4109 1840 4160 ἐπ’
1863 4107 2049 4172 αὐτοῖς
2071 4125 2235 4173 τινος,

649 4205 710 4256 ἒν
763 4201 822 4256 δὲ
874 4203 988 4265 τοῖς
1032 4200 1422 4273 Ἰεροσολύμοις
1456 4201 1555 4272 τὴν
1600 4200 1770 4255 Ἰούδα
1814 4199 2005 4271 φυλὴν,
2052 4200 2239 4253 καὶτὸ

647 4296 829 4366 ἥμισυ
855 4294 1028 4364 φυλῆς
1063 4294 1353 4364 Μανασσῆ,
1381 4293 1542 4352 πάλιν
1575 4293 1764 4364 ἐτέρου
1796 4293 1889 4346 καὶ
1919 4291 2100 4354 ἰδικῶς
2141 4292 2238 4363 βα·

653 4385 964 4450 σιλεύοντός
991 4402 1134 4449 τινος
1160 4387 1248 4438 ἐπ’
1269 4387 1471 4450 αὐτῶν,
1501 4385 1614 4438 ἀλλ’
1636 4387 1717 4450 είς
1743 4386 1870 4455 μίαν
1903 4383 2240 4454 συνενεχθέν-

649 4493 744 4541 τες
773 4477 1034 4542 διάνοιαν,
1061 4476 1447 4547 κατῳκήκασιν
1480 4474 1614 4545 ὁμοῦ
1640 4474 1710 4528 τά
1739 4474 2104 4545 Ἰεροσόλυμα,
2141 4473 2238 4526 ἕνα

650 4530 844 4621 λοίπὺν
886 4530 1131 4638 χρίοντες
1178 4530 1421 4637 θασιλέα.
1463 4530 1569 4619 καὶ
1605 4565 1763 4619 τοῦτο
1800 4530 1867 4637 ήν
1908 4530 2019 4636 ἀρα
2059 4530 2120 4618 ab
2153 4564 2242 4618 διὰ
2269 4530 2314 4586 D

654 4657 848 4728 φωνῆς
889 4657 1169 4726 προφήτου
1193 4655 1322 4725 περὶ
1349 4655 1528 4710 αὐτῶν
1555 4655 1861 4727 είρημὲνον’
1900 4654 2012 4708 Καὶ
2043 4652 2246 4724 ἀναϐήν

657 4766 843 4806 σονται
875 4749 941 4801 ὲκ
980 4748 1078 4818 τῆς
1102 4748 1228 4818 γῆς,
1260 4747 1352 4800 καὶ
1381 4748 1678 4801 κοπάσουσι
1714 4746 1910 4818 μικρὸν
1951 4745 2044 4798 τοῦ
2073 4746 2247 4817 χρίειν

658 4841 888 4912 βασιλέα
943 4839 1038 4893 καὶ
1090 4837 1346 4908 ἄρχοντα.
1393 4837 1539 4908 Πλὴν
1593 4839 1933 4908 ὑπισχνεῖται
1971 4837 2103 4900 Θεὸς
2151 4833 2246 4889 τοῦ

659 4934 816 5007 παρά
847 4936 963 4996 τοῖς
993 4932 1265 4994 Ἰουδαίοις
1289 4930 1481 5003 θρόνου
1505 4932 1602 5003 τήν
1629 4930 2024 5003 ἐπανόρθωσιν,
2063 4946 2249 5001 μονον-

657 5025 780 5094 ουχὶ
802 5022 1183 5089 κατονειδίξων
1203 5024 1303 5093 τὴν
1328 5021 1522 5077 Μωάϐ.
1553 5022 1912 5092 Πεφλυάρηκε
1939 5022 2036 5093 μὲν
2058 5021 2248 5091 λέγου-

587 5183 590 5188 ,
661 5131 754 5181 σα,
783 5116 870 5170 ὃτι
909 5115 1092 5187 Πέτρα
1119 5114 1324 5186 ἔρημός
1352 5115 1469 5167 ἐστι
1506 5113 1566 5167 τὸ
1609 5113 1735 5184 ὅρος
1766 5112 1924 5168 Σιών.
1964 5113 2125 5166 Ἀλλά
2168 5130 2248 5166 σοι

664 5207 785 5276 μὲν,
818 5207 978 5276 φησὶ,
1013 5205 1174 5258 τοῦτο
1201 5207 1426 5259 κάκεῖνο
1459 5205 1798 5276 συμϐήσεται
1832 5204 2006 5260 πλατὺ
2033 5203 2248 5276 γελώσῃ

663 5298 808 5355 κατὰ
844 5298 956 5351 τῶν
995 5297 1056 5364 ἐξ
1097 5297 1333 5369 Ἰσραήλ.
1367 5296 1504 5362 Τοὺς
1531 5297 1587 5352 δὲ
1612 5298 1789 5370 πάντη
1819 5314 1878 5350 τε
1908 5298 2004 5351 καὶ
2035 5297 2250 5360 πάντως

665 5389 882 5460 ἐλεήσει
929 5388 1082 5456 Θεὸς,
1125 5390 1221 5443 καὶ
1263 5389 1454 5461 ἀνήσει
1502 5387 1602 5460 μὲν
1641 5387 1750 5442 τῶν
1802 5386 2247 5459 συμϐεϐηκότων

664 5481 1109 5552 ἀποκαταστήσει
1137 5480 1194 5535 δὲ
1215 5479 1352 5554 πρὸς
1381 5481 1442 5534 τὸ
1475 5481 1534 5538 ὲν
1555 5481 1754 5552 ἀρχαῖς
1784 5479 1882 5552 τὴν
1909 5479 2038 5553 παρ’
2069 5481 2253 5543 αὐτοῖς

668 5571 944 5642 βασιλείαν
985 5572 1389 5645 ἐπανορθῶσαι.

747 5666 1122 5738 Ἡκούσαμεν
1161 5667 1276 5734 τὴν
1316 5667 1487 5735 ὕϐριν
1533 5666 1728 5732 arma,
1782 5664 2070 5735 ὑϐριστὴς
2101 5667 2254 5734 σφό-

671 5759 798 5825 δια.

738 5851 1218 5923 Προαναφωνήσας
1248 5846 1306 5905 εῦ
1339 5850 1481 5922 μάλα
1522 5849 1616 5920 τὴν
1648 5849 1710 5902 ἐκ
1741 5847 1841 5918 τῆς
1879 5841 2254 5919 αἰχμαλωσίας

2337 3290 2683 3345 tabernaculo
2731 3289 3189 3360 David,judicans
3215 3299 3272 3346 et
3317 3291 3594 3358 vestigans
3625 3291 3912 3361 judicium.

2337 3381 2402 3437 Et
2451 3381 2860 3438 tabernaculum
2888 3390 2946 3436 ut
2978 3381 3190 3436 videtur
3241 3383 3488 3437 nominat
3529 3383 3789 3437 basilicas
3818 3397 3914 3436 seu

2337 3474 2536 3544 regias.
2578 3472 2632 3527 in
2670 3472 2866 3542 quibus
2905 3473 3383 3528 commorabantur
3428 3471 3729 3544 iudicantes
3783 3472 3918 3544 legi-

2337 3565 2464 3620 time
2509 3577 2602 3618 eos
2627 3564 2718 3633 qui
2756 3563 2937 3618 sedem
2971 3564 3119 3633 regni
3151 3563 3622 3620 administrabant.
3656 3563 3722 3618 Et
3773 3565 3917 3635 quod

2336 3658 2402 3712 ad
2439 3657 2531 3712 Dei
2574 3657 2904 3711 voluntatem
2953 3656 3168 3722 attinet,
3203 3653 3430 3722 justitiie
3469 3656 3706 3712 cultores
3752 3656 3920 3711 exsti-

2339 3757 2519 3803 terunt
2572 3747 2785 3802 etiamsi
2827 3762 2857 3801 a
2899 3747 3098 3800 virtute
3139 3747 3515 3801 aberraveriut
3573 3747 3818 3816 quidam,
3850 3746 3919 3800 ad

2339 3838 2611 3893 deteriora
2685 3837 3041 3892 declinantes.
3087 3835 3379 3891 Sciendum
3428 3848 3608 3891 autem
3649 3846 3734 3893 est
3801 3843 3922 3905 post

2341 3928 2572 3983 reditum
2614 3941 2646 3982 e
2696 3927 2988 3998 Babylone,
3041 3941 3146 3980 non
3203 3927 3314 3995 jam
3374 3925 3586 3981 divisim
3651 3927 3922 3982 habitasse

2341 4018 2633 4084 lsraelitas,
2677 4027 2737 4070 ut
2785 4015 3046 4072 Samaria:
3111 4016 3299 4070 decem
3359 4018 3535 4070 tribus
3595 4027 3651 4072 et
3699 4017 3921 4072 dimidia

2341 4112 2512 4166 tribus
2595 4109 2852 4180 Ephraim
2932 4118 3136 4174 essent,
3201 4108 3546 4178 imperitante
3618 4108 3725 4162 illis
3789 4123 3919 4170 uno.

2339 4200 2730 4272 Hierosolymis
2762 4207 2944 4255 autent
2973 4200 3149 4255 tribus
3173 4198 3404 4268 Juda,et
3431 4199 3714 4254 dimidium
3747 4199 3924 4253 tribus

2338 4293 2816 4359 Manassis,rursus
2827 4293 2906 4362 pri
2916 4293 3077 4347 vatim
3097 4302 3352 4362 regnante
3365 4291 3534 4346 altero
3554 4310 3568 4346 :
3586 4293 3678 4346 sed
3693 4292 3746 4346 in
3760 4308 3920 4346 uuam

2339 4394 2570 4440 mentem
2614 4385 2826 4440 conﬂati
2871 4401 2935 4440 ac
2979 4386 3374 4454 c0nspirantes,
3408 4383 3711 4439 incolebant
3763 4383 3926 4438 simul

2344 4476 2733 4546 Hierosolyma,
2754 4491 2916 4530 unuut
2936 4491 3094 4546 porro
3119 4489 3298 4546 regem
3319 4476 3658 4546 inungentes.
3677 4474 3787 4530 lloc
3806 4485 3925 4530 erat

2355 4567 2606 4621 videlicet
2658 4566 2824 4637 256
2875 4580 3004 4619 voce
3062 4566 3334 4634 propheta:
3389 4565 3457 4618 de
3522 4564 3628 4619 illis
3683 4565 3921 4618 dictum:

2351 4655 2417 4708 Et
2477 4657 2773 4709 ascendant
2835 4654 2900 4707 de
2953 4664 3117 4717 terra,
3148 4661 3203 4706 et
3243 4651 3566 4706 laborabunt
3624 4650 3924 4720 paululum,

2351 4751 2600 4815 augendo
2643 4759 2823 4816 regem
2856 4752 2910 4798 et
2938 4743 3259 4814 principem.
3286 4741 3798 4813 Verum'pollicitus
3840 4753 3928 4800 est

2352 4839 2497 4894 Deus
2555 4835 2764 4893 Iudaici
2815 4835 2998 4891 throni
3046 4835 3512 4902 instaurationem,
3552 4843 3760 4889 tantum
3819 4849 3926 4888 non

2350 4931 2547 5002 probra
2576 4931 2628 4985 in
2662 4929 2820 4984 Moab
2841 4927 3070 5000 jaciens.
3117 4927 3427 4982 Scommata
3456 4927 3600 4981 enim
3633 4926 3721 4980 illa
3745 4928 3928 4994 torsit,

2351 5026 2569 5080 dicens:
2618 5023 2776 5079 Petra
2835 5023 3048 5077 deserta
3088 5031 3176 5076 est
3235 5034 3389 5074 mons
3453 5019 3606 5075 Sion.
3663 5019 3775 5075 lmo
3807 5021 3930 5088 tibi,

2352 5118 2530 5188 inquit
2555 5116 2666 5180 ille,
2729 5115 2870 5170 istud
2923 5114 3218 5184 continget,
3263 5127 3382 5182 quae
3419 5113 3589 5167 hianti
3639 5128 3705 5168 ac
3776 5111 3932 5182 largo

2350 5225 2445 5266 ore
2505 5209 2650 5265 rides
2683 5208 2956 5264 lsraelitas
2987 5223 3002 5262 :
3037 5206 3228 5261 borum
3271 5220 3401 5260 vero
3433 5220 3656 5276 prorsus
3691 5205 3933 5276 penitus-

2351 5317 2459 5374 que
2492 5300 2835 5356 miserebitur
2889 5299 3050 5365 Deus,
3072 5305 3128 5352 et
3171 5311 3239 5354 ex
3288 5297 3376 5353 his
3427 5313 3548 5369 quae
3611 5297 3932 5352 acciderunt

2352 5393 2622 5450 recreabit
2661 5408 2726 5448 ac
2751 5390 3037 5458 relaxabit,
3077 5397 3134 5446 ct
3173 5390 3224 5444 in
3257 5390 3536 5459 antiquam
3564 5387 3932 5444 conditionem

2353 5485 2580 5556 rediget,
2622 5499 2844 5556 regnum
2892 5498 3082 5538 eorum
3132 5480 3501 5538 reformando.

2438 5661 2601 5716 Vsus.
2662 5660 2716 5717 6.
2777 5659 3090 5714 Audiuimus
3163 5657 3460 5728 superbiam
3551 5651 3737 5720 Moab,
3780 5649 3933 5707 sald.)

2355 5750 2759 5808 contumeliosus
2797 5761 2893 5805 est.

2425 5845 2560 5902 Cum
2601 5841 2955 5899 dcclaraverit
2994 5840 3244 5910 superius
3287 5837 3516 5894 reditum
3567 5833 3933 5892 lsraelitarutu
