  <div class='ocr_page' id='page_1' title='image "/cluster/home/n/w/nwhite01/storage/ocr_20150623/70/hvd.32044019207901/213.png"; bbox 0 0 4110 6496; ppageno 0'>
   <div class='ocr_carea' id='block_1_1' title="bbox 574 371 668 428">
    <p class='ocr_par' dir='ltr' id='par_1_1' title="bbox 574 371 668 428">
     <span class='ocr_line' id='line_1_1' title="bbox 574 371 668 428; baseline 0.011 -1"><span class='ocrx_word' id='word_1_1' title='bbox 574 371 668 428; x_wconf 73' lang='grc' dir='ltr'><strong>ιιι</strong></span> 
     </span>
    </p>
   </div>
   <div class='ocr_carea' id='block_1_2' title="bbox 1571 359 2820 425">
    <p class='ocr_par' dir='ltr' id='par_1_2' title="bbox 1571 359 2820 425">
     <span class='ocr_line' id='line_1_2' title="bbox 1571 359 2820 425; baseline -0.009 1"><span class='ocrx_word' id='word_1_2' title='bbox 1571 369 1630 425; x_wconf 87' lang='lat' dir='ltr'><strong>S.</strong></span> <span class='ocrx_word' id='word_1_3' title='bbox 1676 365 1954 425; x_wconf 76' lang='lat' dir='ltr'><strong>CYRILLI</strong></span> <span class='ocrx_word' id='word_1_4' title='bbox 1990 362 2461 423; x_wconf 78' lang='lat' dir='ltr'><strong>ALEXANDRINI</strong></span> <span class='ocrx_word' id='word_1_5' title='bbox 2501 359 2820 419; x_wconf 74' lang='lat' dir='ltr'><strong>ARCHIEP.</strong></span> 
     </span>
    </p>
   </div>
   <div class='ocr_carea' id='block_1_3' title="bbox 3732 356 3830 412">
    <p class='ocr_par' dir='ltr' id='par_1_3' title="bbox 3732 356 3830 412">
     <span class='ocr_line' id='line_1_3' title="bbox 3732 356 3830 412; baseline -0.02 0"><span class='ocrx_word' id='word_1_6' title='bbox 3732 356 3830 412; x_wconf 71' lang='grc' dir='ltr'>ιη</span> 
     </span>
    </p>
   </div>
   <div class='ocr_carea' id='block_1_4' title="bbox 510 473 2161 556">
    <p class='ocr_par' dir='ltr' id='par_1_4' title="bbox 510 481 2148 556">
     <span class='ocr_line' id='line_1_4' title="bbox 510 481 2148 556; baseline -0.001 -17"><span class='ocrx_word' id='word_1_7' title='bbox 510 516 530 548; x_wconf 61' lang='grc' dir='ltr'>ι,</span> <span class='ocrx_word' id='word_1_8' title='bbox 574 499 606 539; x_wconf 92' lang='lat' dir='ltr'><strong>e</strong></span> <span class='ocrx_word' id='word_1_9' title='bbox 654 482 1154 556; x_wconf 86' lang='lat' dir='ltr'><strong>captivitate,juxta</strong></span> <span class='ocrx_word' id='word_1_10' title='bbox 1212 481 1361 554; x_wconf 89' lang='lat' dir='ltr'><strong>prius</strong></span> <span class='ocrx_word' id='word_1_11' title='bbox 1418 483 1719 553; x_wconf 74' lang='lat' dir='ltr'><strong>expositam</strong></span> <span class='ocrx_word' id='word_1_12' title='bbox 1773 484 2062 550; x_wconf 89' lang='lat' dir='ltr'><strong>rationem,</strong></span> <span class='ocrx_word' id='word_1_13' title='bbox 2094 492 2148 538; x_wconf 89' lang='lat' dir='ltr'><strong>et</strong></span> 
     </span>
    </p>
   </div>
   <div class='ocr_carea' id='block_1_5' title="bbox 2264 473 3830 556">
    <p class='ocr_par' dir='ltr' id='par_1_5' title="bbox 2264 473 3830 550">
     <span class='ocr_line' id='line_1_5' title="bbox 2264 473 3830 550; baseline -0.005 -17"><span class='ocrx_word' id='word_1_14' title='bbox 2264 479 2508 534; x_wconf 67' lang='grc' dir='ltr'>ιπάνοδον</span> <span class='ocrx_word' id='word_1_15' title='bbox 2543 478 2652 534; x_wconf 89' lang='grc' dir='ltr'><strong>τῶν</strong></span> <span class='ocrx_word' id='word_1_16' title='bbox 2690 478 2749 545; x_wconf 80' lang='grc' dir='ltr'>ἐξ</span> <span class='ocrx_word' id='word_1_17' title='bbox 2779 473 3019 550; x_wconf 75' lang='grc' dir='ltr'>Ἰσραὴλ,</span> <span class='ocrx_word' id='word_1_18' title='bbox 3056 476 3152 530; x_wconf 77' lang='grc' dir='ltr'>καὶ</span> <span class='ocrx_word' id='word_1_19' title='bbox 3183 475 3266 530; x_wconf 77' lang='grc' dir='ltr'>ὅτι</span> <span class='ocrx_word' id='word_1_20' title='bbox 3293 475 3454 539; x_wconf 84' lang='grc' dir='ltr'>πάλιν</span> <span class='ocrx_word' id='word_1_21' title='bbox 3478 473 3830 545; x_wconf 84' lang='grc' dir='ltr'>ἀναφοίτησις</span> 
     </span>
    </p>
   </div>
   <div class='ocr_carea' id='block_1_6' title="bbox 576 574 2146 646">
    <p class='ocr_par' dir='ltr' id='par_1_6' title="bbox 576 574 2146 646">
     <span class='ocr_line' id='line_1_6' title="bbox 576 574 2146 646; baseline -0.002 -15"><span class='ocrx_word' id='word_1_22' title='bbox 576 579 717 646; x_wconf 82' lang='lat' dir='ltr'><strong>quod</strong></span> <span class='ocrx_word' id='word_1_23' title='bbox 796 577 990 632; x_wconf 90' lang='lat' dir='ltr'><strong>iterum</strong></span> <span class='ocrx_word' id='word_1_24' title='bbox 1059 576 1127 630; x_wconf 91' lang='lat' dir='ltr'><strong>ad</strong></span> <span class='ocrx_word' id='word_1_25' title='bbox 1182 583 1419 630; x_wconf 90' lang='lat' dir='ltr'><strong>veterem</strong></span> <span class='ocrx_word' id='word_1_26' title='bbox 1494 574 1724 630; x_wconf 88' lang='lat' dir='ltr'><strong>formam</strong></span> <span class='ocrx_word' id='word_1_27' title='bbox 1794 574 2146 646; x_wconf 78' lang='lat' dir='ltr'><strong>principatus,</strong></span> 
     </span>
    </p>
   </div>
   <div class='ocr_carea' id='block_1_7' title="bbox 577 664 2148 736">
    <p class='ocr_par' dir='ltr' id='par_1_7' title="bbox 577 664 2148 736">
     <span class='ocr_line' id='line_1_7' title="bbox 577 664 2148 736; baseline -0.001 -15"><span class='ocrx_word' id='word_1_28' title='bbox 577 668 830 722; x_wconf 89' lang='lat' dir='ltr'><strong>nimirum</strong></span> <span class='ocrx_word' id='word_1_29' title='bbox 879 667 1028 734; x_wconf 89' lang='lat' dir='ltr'><strong>regni</strong></span> <span class='ocrx_word' id='word_1_30' title='bbox 1080 665 1344 736; x_wconf 87' lang='lat' dir='ltr'><strong>ipsorum,</strong></span> <span class='ocrx_word' id='word_1_31' title='bbox 1395 664 1579 722; x_wconf 78' lang='lat' dir='ltr'><strong>futura</strong></span> <span class='ocrx_word' id='word_1_32' title='bbox 1638 666 1711 722; x_wconf 88' lang='lat' dir='ltr'><strong>sit</strong></span> <span class='ocrx_word' id='word_1_33' title='bbox 1759 666 1975 734; x_wconf 85' lang='lat' dir='ltr'><strong>reditio,</strong></span> <span class='ocrx_word' id='word_1_34' title='bbox 2008 666 2148 721; x_wconf 89' lang='lat' dir='ltr'><strong>reci-</strong></span> 
     </span>
    </p>
   </div>
   <div class='ocr_carea' id='block_1_8' title="bbox 577 757 2149 829">
    <p class='ocr_par' dir='ltr' id='par_1_8' title="bbox 577 757 2149 829">
     <span class='ocr_line' id='line_1_8' title="bbox 577 757 2149 829; baseline 0.002 -21"><span class='ocrx_word' id='word_1_35' title='bbox 577 759 653 826; x_wconf 82' lang='lat' dir='ltr'><strong>pit</strong></span> <span class='ocrx_word' id='word_1_36' title='bbox 714 771 773 813; x_wconf 90' lang='lat' dir='ltr'><strong>se</strong></span> <span class='ocrx_word' id='word_1_37' title='bbox 817 757 883 812; x_wconf 91' lang='lat' dir='ltr'><strong>de</strong></span> <span class='ocrx_word' id='word_1_38' title='bbox 926 758 1134 829; x_wconf 84' lang='lat' dir='ltr'><strong>integro</strong></span> <span class='ocrx_word' id='word_1_39' title='bbox 1187 759 1253 812; x_wconf 90' lang='lat' dir='ltr'><strong>ad</strong></span> <span class='ocrx_word' id='word_1_40' title='bbox 1296 757 1473 826; x_wconf 82' lang='lat' dir='ltr'><strong>Moab,</strong></span> <span class='ocrx_word' id='word_1_41' title='bbox 1501 758 1568 813; x_wconf 91' lang='lat' dir='ltr'><strong>ad</strong></span> <span class='ocrx_word' id='word_1_42' title='bbox 1613 772 1815 828; x_wconf 90' lang='lat' dir='ltr'><strong>eosque</strong></span> <span class='ocrx_word' id='word_1_43' title='bbox 1846 772 2149 814; x_wconf 87' lang='lat' dir='ltr'><strong>sermonem</strong></span> 
     </span>
    </p>
   </div>
   <div class='ocr_carea' id='block_1_9' title="bbox 577 848 2149 918">
    <p class='ocr_par' dir='ltr' id='par_1_9' title="bbox 577 848 2149 918">
     <span class='ocr_line' id='line_1_9' title="bbox 577 848 2149 918; baseline 0.002 -19"><span class='ocrx_word' id='word_1_44' title='bbox 577 848 858 902; x_wconf 81' lang='lat' dir='ltr'><strong>transfert.</strong></span> <span class='ocrx_word' id='word_1_45' title='bbox 903 848 1115 903; x_wconf 90' lang='lat' dir='ltr'><strong>Dictum</strong></span> <span class='ocrx_word' id='word_1_46' title='bbox 1188 856 1272 904; x_wconf 90' lang='lat' dir='ltr'><strong>est</strong></span> <span class='ocrx_word' id='word_1_47' title='bbox 1324 859 1503 904; x_wconf 90' lang='lat' dir='ltr'><strong>autem</strong></span> <span class='ocrx_word' id='word_1_48' title='bbox 1567 848 1713 904; x_wconf 92' lang='lat' dir='ltr'><strong>velut</strong></span> <span class='ocrx_word' id='word_1_49' title='bbox 1793 864 1859 904; x_wconf 82' lang='lat' dir='ltr'><strong>ex</strong></span> <span class='ocrx_word' id='word_1_50' title='bbox 1918 863 2149 918; x_wconf 89' lang='lat' dir='ltr'><strong>persona</strong></span> 
     </span>
    </p>
   </div>
   <div class='ocr_carea' id='block_1_10' title="bbox 548 926 2152 1008">
    <p class='ocr_par' dir='ltr' id='par_1_10' title="bbox 548 926 2152 1008">
     <span class='ocr_line' id='line_1_10' title="bbox 548 926 2152 1008; baseline 0.002 -19"><span class='ocrx_word' id='word_1_51' title='bbox 548 926 888 991; x_wconf 35' lang='lat' dir='ltr'><strong>isanctorum</strong></span> <span class='ocrx_word' id='word_1_52' title='bbox 958 938 1341 1008; x_wconf 87' lang='lat' dir='ltr'><strong>prophetarum</strong></span> <span class='ocrx_word' id='word_1_53' title='bbox 1397 938 1567 994; x_wconf 91' lang='lat' dir='ltr'><strong>illud:</strong></span> <span class='ocrx_word' id='word_1_54' title='bbox 1624 939 1941 995; x_wconf 80' lang='lat' dir='ltr'><strong>Audivimus</strong></span> <span class='ocrx_word' id='word_1_55' title='bbox 2006 939 2152 993; x_wconf 84' lang='lat' dir='ltr'><strong>inso-</strong></span> 
     </span>
    </p>
   </div>
   <div class='ocr_carea' id='block_1_11' title="bbox 540 1028 2151 1093">
    <p class='ocr_par' dir='ltr' id='par_1_11' title="bbox 540 1028 2151 1093">
     <span class='ocr_line' id='line_1_11' title="bbox 540 1028 2151 1093; baseline 0.001 -11"><span class='ocrx_word' id='word_1_56' title='bbox 540 1028 541 1031; x_wconf 62' lang='grc'><em>“</em></span> <span class='ocrx_word' id='word_1_57' title='bbox 580 1028 797 1083; x_wconf 87' lang='lat' dir='ltr'><strong>lentiam</strong></span> <span class='ocrx_word' id='word_1_58' title='bbox 852 1028 1030 1093; x_wconf 83' lang='lat' dir='ltr'><strong>Moab,</strong></span> <span class='ocrx_word' id='word_1_59' title='bbox 1070 1031 1224 1086; x_wconf 84' lang='lat' dir='ltr'><strong>valde</strong></span> <span class='ocrx_word' id='word_1_60' title='bbox 1264 1030 1501 1087; x_wconf 88' lang='lat' dir='ltr'><strong>insolens</strong></span> <span class='ocrx_word' id='word_1_61' title='bbox 1528 1040 1628 1087; x_wconf 90' lang='lat' dir='ltr'><strong>est.</strong></span> <span class='ocrx_word' id='word_1_62' title='bbox 1658 1031 1979 1086; x_wconf 85' lang='lat' dir='ltr'><strong>Collaudant</strong></span> <span class='ocrx_word' id='word_1_63' title='bbox 2006 1031 2151 1085; x_wconf 82' lang='lat' dir='ltr'><strong>enim</strong></span> 
     </span>
    </p>
   </div>
   <div class='ocr_carea' id='block_1_12' title="bbox 580 1120 2154 1192">
    <p class='ocr_par' dir='ltr' id='par_1_12' title="bbox 580 1120 2154 1192">
     <span class='ocr_line' id='line_1_12' title="bbox 580 1120 2154 1192; baseline 0.002 -20"><span class='ocrx_word' id='word_1_64' title='bbox 580 1134 678 1189; x_wconf 89' lang='lat' dir='ltr'><strong>per</strong></span> <span class='ocrx_word' id='word_1_65' title='bbox 709 1120 824 1174; x_wconf 66' lang='lat' dir='ltr'><strong>haec</strong></span> <span class='ocrx_word' id='word_1_66' title='bbox 855 1120 1018 1175; x_wconf 89' lang='lat' dir='ltr'><strong>veluti</strong></span> <span class='ocrx_word' id='word_1_67' title='bbox 1064 1120 1117 1176; x_wconf 91' lang='lat' dir='ltr'><strong>in</strong></span> <span class='ocrx_word' id='word_1_68' title='bbox 1167 1121 1372 1189; x_wconf 89' lang='lat' dir='ltr'><strong>judicio</strong></span> <span class='ocrx_word' id='word_1_69' title='bbox 1425 1123 1733 1192; x_wconf 86' lang='lat' dir='ltr'><strong>punientem</strong></span> <span class='ocrx_word' id='word_1_70' title='bbox 1787 1120 1977 1185; x_wconf 90' lang='lat' dir='ltr'><strong>Deum,</strong></span> <span class='ocrx_word' id='word_1_71' title='bbox 2000 1122 2154 1176; x_wconf 88' lang='lat' dir='ltr'><strong>debi—</strong></span> 
     </span>
    </p>
   </div>
   <div class='ocr_carea' id='block_1_13' title="bbox 583 1212 2150 1283">
    <p class='ocr_par' dir='ltr' id='par_1_13' title="bbox 583 1212 2150 1283">
     <span class='ocr_line' id='line_1_13' title="bbox 583 1212 2150 1283; baseline 0 -17"><span class='ocrx_word' id='word_1_72' title='bbox 583 1221 805 1282; x_wconf 91' lang='lat' dir='ltr'><strong>tumque</strong></span> <span class='ocrx_word' id='word_1_73' title='bbox 872 1228 935 1268; x_wconf 85' lang='lat' dir='ltr'><strong>ac</strong></span> <span class='ocrx_word' id='word_1_74' title='bbox 970 1212 1190 1283; x_wconf 84' lang='lat' dir='ltr'><strong>dignum</strong></span> <span class='ocrx_word' id='word_1_75' title='bbox 1266 1213 1375 1268; x_wconf 86' lang='lat' dir='ltr'><strong>illis</strong></span> <span class='ocrx_word' id='word_1_76' title='bbox 1431 1212 1749 1268; x_wconf 83' lang='lat' dir='ltr'><strong>inferentem</strong></span> <span class='ocrx_word' id='word_1_77' title='bbox 1809 1212 2150 1281; x_wconf 85' lang='lat' dir='ltr'><strong>supplicium.</strong></span> 
     </span>
    </p>
   </div>
   <div class='ocr_carea' id='block_1_14' title="bbox 579 1289 2154 1373">
    <p class='ocr_par' dir='ltr' id='par_1_14' title="bbox 579 1289 2154 1373">
     <span class='ocr_line' id='line_1_14' title="bbox 579 1289 2154 1373; baseline 0.004 -20"><span class='ocrx_word' id='word_1_78' title='bbox 579 1289 813 1357; x_wconf 75' lang='lat' dir='ltr'><strong>Audisse</strong></span> <span class='ocrx_word' id='word_1_79' title='bbox 837 1316 897 1357; x_wconf 92' lang='lat' dir='ltr'><strong>se</strong></span> <span class='ocrx_word' id='word_1_80' title='bbox 930 1303 1116 1358; x_wconf 89' lang='lat' dir='ltr'><strong>dicunt</strong></span> <span class='ocrx_word' id='word_1_81' title='bbox 1151 1304 1488 1359; x_wconf 87' lang='lat' dir='ltr'><strong>insolentiam</strong></span> <span class='ocrx_word' id='word_1_82' title='bbox 1527 1304 1702 1370; x_wconf 86' lang='lat' dir='ltr'><strong>Moab,</strong></span> <span class='ocrx_word' id='word_1_83' title='bbox 1734 1306 1965 1373; x_wconf 86' lang='lat' dir='ltr'><strong>primum</strong></span> <span class='ocrx_word' id='word_1_84' title='bbox 2010 1306 2154 1360; x_wconf 87' lang='lat' dir='ltr'><strong>illam</strong></span> 
     </span>
    </p>
   </div>
   <div class='ocr_carea' id='block_1_15' title="bbox 582 1392 2149 1466">
    <p class='ocr_par' dir='ltr' id='par_1_15' title="bbox 582 1392 2149 1466">
     <span class='ocr_line' id='line_1_15' title="bbox 582 1392 2149 1466; baseline 0.004 -22"><span class='ocrx_word' id='word_1_85' title='bbox 582 1392 1006 1448; x_wconf 82' lang='lat' dir='ltr'><strong>vetustissimam</strong></span> <span class='ocrx_word' id='word_1_86' title='bbox 1090 1393 1368 1449; x_wconf 82' lang='lat' dir='ltr'><strong>historiam</strong></span> <span class='ocrx_word' id='word_1_87' title='bbox 1434 1409 1539 1449; x_wconf 91' lang='lat' dir='ltr'><strong>non</strong></span> <span class='ocrx_word' id='word_1_88' title='bbox 1602 1394 1936 1464; x_wconf 81' lang='lat' dir='ltr'><strong>ignorantes,</strong></span> <span class='ocrx_word' id='word_1_89' title='bbox 1987 1411 2149 1466; x_wconf 89' lang='lat' dir='ltr'><strong>quam</strong></span> 
     </span>
    </p>
   </div>
   <div class='ocr_carea' id='block_1_16' title="bbox 584 1483 2153 1555">
    <p class='ocr_par' dir='ltr' id='par_1_16' title="bbox 584 1483 2153 1555">
     <span class='ocr_line' id='line_1_16' title="bbox 584 1483 2153 1555; baseline 0.003 -18"><span class='ocrx_word' id='word_1_90' title='bbox 584 1484 800 1539; x_wconf 89' lang='lat' dir='ltr'><strong>divinus</strong></span> <span class='ocrx_word' id='word_1_91' title='bbox 868 1483 1041 1539; x_wconf 89' lang='lat' dir='ltr'><strong>Moses</strong></span> <span class='ocrx_word' id='word_1_92' title='bbox 1098 1487 1338 1555; x_wconf 85' lang='lat' dir='ltr'><strong>exponit.</strong></span> <span class='ocrx_word' id='word_1_93' title='bbox 1388 1486 1462 1541; x_wconf 89' lang='lat' dir='ltr'><strong>Ut</strong></span> <span class='ocrx_word' id='word_1_94' title='bbox 1501 1486 1644 1541; x_wconf 89' lang='lat' dir='ltr'><strong>enim</strong></span> <span class='ocrx_word' id='word_1_95' title='bbox 1688 1502 1847 1555; x_wconf 86' lang='lat' dir='ltr'><strong>supra</strong></span> <span class='ocrx_word' id='word_1_96' title='bbox 1898 1488 2153 1555; x_wconf 79' lang='lat' dir='ltr'><strong>diximus,</strong></span> 
     </span>
    </p>
   </div>
   <div class='ocr_carea' id='block_1_17' title="bbox 583 1574 2157 1649">
    <p class='ocr_par' dir='ltr' id='par_1_17' title="bbox 583 1574 2157 1649">
     <span class='ocr_line' id='line_1_17' title="bbox 583 1574 2157 1649; baseline 0.002 -20"><span class='ocrx_word' id='word_1_97' title='bbox 583 1576 840 1630; x_wconf 83' lang='lat' dir='ltr'><strong>conduxit</strong></span> <span class='ocrx_word' id='word_1_98' title='bbox 878 1576 1183 1630; x_wconf 87' lang='lat' dir='ltr'><strong>Balaamum</strong></span> <span class='ocrx_word' id='word_1_99' title='bbox 1232 1574 1520 1641; x_wconf 89' lang='lat' dir='ltr'><strong>Balachus,</strong></span> <span class='ocrx_word' id='word_1_100' title='bbox 1560 1577 1727 1643; x_wconf 81' lang='lat' dir='ltr'><strong>Ades,</strong></span> <span class='ocrx_word' id='word_1_101' title='bbox 1754 1579 2026 1649; x_wconf 84' lang='lat' dir='ltr'><strong>inquiens,</strong></span> <span class='ocrx_word' id='word_1_102' title='bbox 2056 1595 2157 1634; x_wconf 87' lang='lat' dir='ltr'><strong>ex-</strong></span> 
     </span>
    </p>
   </div>
   <div class='ocr_carea' id='block_1_18' title="bbox 568 1664 2157 1741">
    <p class='ocr_par' dir='ltr' id='par_1_18' title="bbox 568 1664 2157 1741">
     <span class='ocr_line' id='line_1_18' title="bbox 568 1664 2157 1741; baseline 0.003 -21"><span class='ocrx_word' id='word_1_103' title='bbox 568 1664 799 1722; x_wconf 68' lang='lat' dir='ltr'><strong>secrere</strong></span> <span class='ocrx_word' id='word_1_104' title='bbox 852 1668 981 1723; x_wconf 86' lang='lat' dir='ltr'><strong>mihi</strong></span> <span class='ocrx_word' id='word_1_105' title='bbox 1034 1666 1311 1734; x_wconf 86' lang='lat' dir='ltr'><strong>lsraelem,</strong></span> <span class='ocrx_word' id='word_1_106' title='bbox 1342 1678 1398 1725; x_wconf 92' lang='lat' dir='ltr'><strong>et</strong></span> <span class='ocrx_word' id='word_1_107' title='bbox 1442 1680 1702 1739; x_wconf 67' lang='lat' dir='ltr'><strong>praeterea</strong></span> <span class='ocrx_word' id='word_1_108' title='bbox 1761 1672 2157 1741; x_wconf 87' lang='lat' dir='ltr'><strong>quamplurima</strong></span> 
     </span>
    </p>
   </div>
   <div class='ocr_carea' id='block_1_19' title="bbox 584 1758 2155 1830">
    <p class='ocr_par' dir='ltr' id='par_1_19' title="bbox 584 1758 2155 1830">
     <span class='ocr_line' id='line_1_19' title="bbox 584 1758 2155 1830; baseline 0.003 -18"><span class='ocrx_word' id='word_1_109' title='bbox 584 1758 725 1815; x_wconf 86' lang='lat' dir='ltr'><strong>facta</strong></span> <span class='ocrx_word' id='word_1_110' title='bbox 780 1770 922 1825; x_wconf 89' lang='lat' dir='ltr'><strong>sunt,</strong></span> <span class='ocrx_word' id='word_1_111' title='bbox 958 1759 1081 1815; x_wconf 90' lang='lat' dir='ltr'><strong>olim</strong></span> <span class='ocrx_word' id='word_1_112' title='bbox 1122 1774 1189 1815; x_wconf 82' lang='lat' dir='ltr'><strong>ex</strong></span> <span class='ocrx_word' id='word_1_113' title='bbox 1216 1760 1357 1816; x_wconf 89' lang='lat' dir='ltr'><strong>fastu</strong></span> <span class='ocrx_word' id='word_1_114' title='bbox 1395 1776 1457 1817; x_wconf 89' lang='lat' dir='ltr'><strong>ac</strong></span> <span class='ocrx_word' id='word_1_115' title='bbox 1487 1763 1739 1830; x_wconf 85' lang='lat' dir='ltr'><strong>superbia</strong></span> <span class='ocrx_word' id='word_1_116' title='bbox 1770 1762 2155 1830; x_wconf 85' lang='lat' dir='ltr'><strong>Moabitarum,</strong></span> 
     </span>
    </p>
   </div>
   <div class='ocr_carea' id='block_1_20' title="bbox 585 1852 1605 1924">
    <p class='ocr_par' dir='ltr' id='par_1_20' title="bbox 585 1852 1605 1924">
     <span class='ocr_line' id='line_1_20' title="bbox 585 1852 1605 1924; baseline 0.002 -16"><span class='ocrx_word' id='word_1_117' title='bbox 585 1867 705 1908; x_wconf 91' lang='lat' dir='ltr'><strong>cum</strong></span> <span class='ocrx_word' id='word_1_118' title='bbox 758 1852 936 1908; x_wconf 86' lang='lat' dir='ltr'><strong>divina</strong></span> <span class='ocrx_word' id='word_1_119' title='bbox 973 1853 1250 1920; x_wconf 74' lang='lat' dir='ltr'><strong>majestate</strong></span> <span class='ocrx_word' id='word_1_120' title='bbox 1294 1855 1605 1924; x_wconf 83' lang='lat' dir='ltr'><strong>pugnantia.</strong></span> 
     </span>
    </p>
   </div>
   <div class='ocr_carea' id='block_1_21' title="bbox 655 1939 1234 2006">
    <p class='ocr_par' dir='ltr' id='par_1_21' title="bbox 655 1939 1234 2006">
     <span class='ocr_line' id='line_1_21' title="bbox 655 1939 1234 2006; baseline 0 -11"><span class='ocrx_word' id='word_1_121' title='bbox 655 1939 967 2006; x_wconf 79' lang='lat' dir='ltr'><strong>Superbiam</strong></span> <span class='ocrx_word' id='word_1_122' title='bbox 1021 1941 1234 1995; x_wconf 80' lang='lat' dir='ltr'><strong>sustuli.</strong></span> 
     </span>
    </p>
   </div>
   <div class='ocr_carea' id='block_1_22' title="bbox 576 2029 2162 2103">
    <p class='ocr_par' dir='ltr' id='par_1_22' title="bbox 576 2029 2162 2103">
     <span class='ocr_line' id='line_1_22' title="bbox 576 2029 2162 2103; baseline 0.004 -19"><span class='ocrx_word' id='word_1_123' title='bbox 576 2046 577 2049; x_wconf 68' lang='lat'>‘</span> <span class='ocrx_word' id='word_1_124' title='bbox 687 2029 900 2088; x_wconf 82' lang='lat' dir='ltr'><strong>Sanctis</strong></span> <span class='ocrx_word' id='word_1_125' title='bbox 995 2033 1272 2103; x_wconf 88' lang='lat' dir='ltr'><strong>prophetis</strong></span> <span class='ocrx_word' id='word_1_126' title='bbox 1354 2031 1709 2089; x_wconf 85' lang='lat' dir='ltr'><strong>disertissime</strong></span> <span class='ocrx_word' id='word_1_127' title='bbox 1783 2033 2162 2092; x_wconf 84' lang='lat' dir='ltr'><strong>conﬁtentibus</strong></span> 
     </span>
    </p>
   </div>
   <div class='ocr_carea' id='block_1_23' title="bbox 570 2109 2160 2188">
    <p class='ocr_par' dir='ltr' id='par_1_23' title="bbox 570 2109 2160 2188">
     <span class='ocr_line' id='line_1_23' title="bbox 570 2109 2160 2188; baseline 0.005 -16"><span class='ocrx_word' id='word_1_128' title='bbox 570 2109 856 2176; x_wconf 74' lang='lat' dir='ltr'><strong>audivisse</strong></span> <span class='ocrx_word' id='word_1_129' title='bbox 908 2135 967 2176; x_wconf 92' lang='lat' dir='ltr'><strong>se</strong></span> <span class='ocrx_word' id='word_1_130' title='bbox 1015 2121 1358 2176; x_wconf 87' lang='lat' dir='ltr'><strong>insolentiam</strong></span> <span class='ocrx_word' id='word_1_131' title='bbox 1414 2121 1736 2188; x_wconf 84' lang='lat' dir='ltr'><strong>Moabitidis,</strong></span> <span class='ocrx_word' id='word_1_132' title='bbox 1785 2132 1841 2179; x_wconf 91' lang='lat' dir='ltr'><strong>et</strong></span> <span class='ocrx_word' id='word_1_133' title='bbox 1910 2124 2052 2179; x_wconf 83' lang='lat' dir='ltr'><strong>scire</strong></span> <span class='ocrx_word' id='word_1_134' title='bbox 2101 2140 2160 2181; x_wconf 88' lang='lat' dir='ltr'><strong>se</strong></span> 
     </span>
    </p>
   </div>
   <div class='ocr_carea' id='block_1_24' title="bbox 587 2210 2159 2286">
    <p class='ocr_par' dir='ltr' id='par_1_24' title="bbox 587 2210 2159 2286">
     <span class='ocr_line' id='line_1_24' title="bbox 587 2210 2159 2286; baseline 0.004 -23"><span class='ocrx_word' id='word_1_135' title='bbox 587 2211 745 2266; x_wconf 85' lang='lat' dir='ltr'><strong>valde</strong></span> <span class='ocrx_word' id='word_1_136' title='bbox 800 2210 1115 2267; x_wconf 88' lang='lat' dir='ltr'><strong>insolentem</strong></span> <span class='ocrx_word' id='word_1_137' title='bbox 1166 2213 1338 2282; x_wconf 87' lang='lat' dir='ltr'><strong>ipsum</strong></span> <span class='ocrx_word' id='word_1_138' title='bbox 1392 2229 1533 2278; x_wconf 82' lang='lat' dir='ltr'><strong>esse,</strong></span> <span class='ocrx_word' id='word_1_139' title='bbox 1567 2229 1634 2269; x_wconf 82' lang='lat' dir='ltr'><strong>ex</strong></span> <span class='ocrx_word' id='word_1_140' title='bbox 1664 2215 1893 2272; x_wconf 91' lang='lat' dir='ltr'><strong>adverso</strong></span> <span class='ocrx_word' id='word_1_141' title='bbox 1928 2231 2159 2286; x_wconf 88' lang='lat' dir='ltr'><strong>respon-</strong></span> 
     </span>
    </p>
   </div>
   <div class='ocr_carea' id='block_1_25' title="bbox 590 2300 2160 2374">
    <p class='ocr_par' dir='ltr' id='par_1_25' title="bbox 590 2300 2160 2374">
     <span class='ocr_line' id='line_1_25' title="bbox 590 2300 2160 2374; baseline 0.005 -19"><span class='ocrx_word' id='word_1_142' title='bbox 590 2300 680 2355; x_wconf 89' lang='lat' dir='ltr'><strong>det</strong></span> <span class='ocrx_word' id='word_1_143' title='bbox 730 2300 889 2366; x_wconf 90' lang='lat' dir='ltr'><strong>Dens,</strong></span> <span class='ocrx_word' id='word_1_144' title='bbox 922 2310 978 2356; x_wconf 94' lang='lat' dir='ltr'><strong>et</strong></span> <span class='ocrx_word' id='word_1_145' title='bbox 1017 2302 1129 2356; x_wconf 89' lang='lat' dir='ltr'><strong>ait:</strong></span> <span class='ocrx_word' id='word_1_146' title='bbox 1172 2301 1488 2372; x_wconf 87' lang='lat' dir='ltr'><strong>Superbiam</strong></span> <span class='ocrx_word' id='word_1_147' title='bbox 1527 2305 1741 2372; x_wconf 85' lang='lat' dir='ltr'><strong>sustuli,</strong></span> <span class='ocrx_word' id='word_1_148' title='bbox 1775 2308 1878 2362; x_wconf 87' lang='lat' dir='ltr'><strong>hoc</strong></span> <span class='ocrx_word' id='word_1_149' title='bbox 1909 2317 2012 2374; x_wconf 88' lang='lat' dir='ltr'><strong>est,</strong></span> <span class='ocrx_word' id='word_1_150' title='bbox 2054 2323 2160 2363; x_wconf 92' lang='lat' dir='ltr'><strong>non</strong></span> 
     </span>
    </p>
   </div>
   <div class='ocr_carea' id='block_1_26' title="bbox 592 2393 2161 2464">
    <p class='ocr_par' dir='ltr' id='par_1_26' title="bbox 592 2393 2161 2464">
     <span class='ocr_line' id='line_1_26' title="bbox 592 2393 2161 2464; baseline 0.004 -17"><span class='ocrx_word' id='word_1_151' title='bbox 592 2393 809 2462; x_wconf 90' lang='lat' dir='ltr'><strong>quidem</strong></span> <span class='ocrx_word' id='word_1_152' title='bbox 869 2393 1183 2464; x_wconf 86' lang='lat' dir='ltr'><strong>simpliciter</strong></span> <span class='ocrx_word' id='word_1_153' title='bbox 1245 2395 1534 2451; x_wconf 90' lang='lat' dir='ltr'><strong>fastuosatn</strong></span> <span class='ocrx_word' id='word_1_154' title='bbox 1597 2396 1783 2464; x_wconf 91' lang='lat' dir='ltr'><strong>Moab,</strong></span> <span class='ocrx_word' id='word_1_155' title='bbox 1836 2398 1931 2453; x_wconf 91' lang='lat' dir='ltr'><strong>sed</strong></span> <span class='ocrx_word' id='word_1_156' title='bbox 1996 2398 2161 2453; x_wconf 86' lang='lat' dir='ltr'><strong>veluti</strong></span> 
     </span>
    </p>
   </div>
   <div class='ocr_carea' id='block_1_27' title="bbox 592 2483 2163 2555">
    <p class='ocr_par' dir='ltr' id='par_1_27' title="bbox 592 2483 2163 2555">
     <span class='ocr_line' id='line_1_27' title="bbox 592 2483 2163 2555; baseline 0.003 -18"><span class='ocrx_word' id='word_1_157' title='bbox 592 2483 767 2553; x_wconf 82' lang='lat' dir='ltr'><strong>reipsa</strong></span> <span class='ocrx_word' id='word_1_158' title='bbox 824 2484 1019 2539; x_wconf 81' lang='lat' dir='ltr'><strong>fastum</strong></span> <span class='ocrx_word' id='word_1_159' title='bbox 1077 2493 1132 2540; x_wconf 93' lang='lat' dir='ltr'><strong>et</strong></span> <span class='ocrx_word' id='word_1_160' title='bbox 1165 2486 1335 2555; x_wconf 88' lang='lat' dir='ltr'><strong>ipsam</strong></span> <span class='ocrx_word' id='word_1_161' title='bbox 1386 2486 1728 2542; x_wconf 83' lang='lat' dir='ltr'><strong>insolentiam</strong></span> <span class='ocrx_word' id='word_1_162' title='bbox 1768 2487 2002 2543; x_wconf 89' lang='lat' dir='ltr'><strong>emedio</strong></span> <span class='ocrx_word' id='word_1_163' title='bbox 2054 2488 2163 2543; x_wconf 84' lang='lat' dir='ltr'><strong>tol-</strong></span> 
     </span>
    </p>
   </div>
   <div class='ocr_carea' id='block_1_28' title="bbox 591 2575 2161 2649">
    <p class='ocr_par' dir='ltr' id='par_1_28' title="bbox 591 2575 2161 2649">
     <span class='ocr_line' id='line_1_28' title="bbox 591 2575 2161 2649; baseline 0.003 -20"><span class='ocrx_word' id='word_1_164' title='bbox 591 2575 801 2631; x_wconf 89' lang='lat' dir='ltr'><strong>lendam</strong></span> <span class='ocrx_word' id='word_1_165' title='bbox 844 2579 1047 2632; x_wconf 83' lang='lat' dir='ltr'><strong>curavi.</strong></span> <span class='ocrx_word' id='word_1_166' title='bbox 1089 2576 1291 2631; x_wconf 90' lang='lat' dir='ltr'><strong>Bellum</strong></span> <span class='ocrx_word' id='word_1_167' title='bbox 1329 2578 1473 2633; x_wconf 92' lang='lat' dir='ltr'><strong>enim</strong></span> <span class='ocrx_word' id='word_1_168' title='bbox 1525 2593 1654 2649; x_wconf 88' lang='lat' dir='ltr'><strong>gero</strong></span> <span class='ocrx_word' id='word_1_169' title='bbox 1709 2593 1831 2634; x_wconf 87' lang='lat' dir='ltr'><strong>cum</strong></span> <span class='ocrx_word' id='word_1_170' title='bbox 1891 2579 2161 2648; x_wconf 86' lang='lat' dir='ltr'><strong>superbis,</strong></span> 
     </span>
    </p>
   </div>
   <div class='ocr_carea' id='block_1_29' title="bbox 590 2669 2165 2739">
    <p class='ocr_par' dir='ltr' id='par_1_29' title="bbox 590 2669 2165 2739">
     <span class='ocr_line' id='line_1_29' title="bbox 590 2669 2165 2739; baseline 0.003 -18"><span class='ocrx_word' id='word_1_171' title='bbox 590 2676 645 2721; x_wconf 91' lang='lat' dir='ltr'><strong>et</strong></span> <span class='ocrx_word' id='word_1_172' title='bbox 684 2684 859 2738; x_wconf 84' lang='lat' dir='ltr'><strong>pugno</strong></span> <span class='ocrx_word' id='word_1_173' title='bbox 915 2685 1036 2724; x_wconf 90' lang='lat' dir='ltr'><strong>cum</strong></span> <span class='ocrx_word' id='word_1_174' title='bbox 1080 2669 1164 2725; x_wconf 90' lang='lat' dir='ltr'><strong>his</strong></span> <span class='ocrx_word' id='word_1_175' title='bbox 1198 2670 1288 2739; x_wconf 91' lang='lat' dir='ltr'><strong>qui</strong></span> <span class='ocrx_word' id='word_1_176' title='bbox 1342 2670 1408 2725; x_wconf 91' lang='lat' dir='ltr'><strong>de</strong></span> <span class='ocrx_word' id='word_1_177' title='bbox 1438 2684 1496 2725; x_wconf 89' lang='lat' dir='ltr'><strong>se</strong></span> <span class='ocrx_word' id='word_1_178' title='bbox 1548 2670 1791 2727; x_wconf 88' lang='lat' dir='ltr'><strong>modeste</strong></span> <span class='ocrx_word' id='word_1_179' title='bbox 1825 2671 2029 2726; x_wconf 92' lang='lat' dir='ltr'><strong>sentire</strong></span> <span class='ocrx_word' id='word_1_180' title='bbox 2074 2686 2165 2725; x_wconf 82' lang='lat' dir='ltr'><strong>no-</strong></span> 
     </span>
    </p>
   </div>
   <div class='ocr_carea' id='block_1_30' title="bbox 592 2758 2164 2833">
    <p class='ocr_par' dir='ltr' id='par_1_30' title="bbox 592 2758 2164 2833">
     <span class='ocr_line' id='line_1_30' title="bbox 592 2758 2164 2833; baseline 0.001 -20"><span class='ocrx_word' id='word_1_181' title='bbox 592 2758 729 2822; x_wconf 89' lang='lat' dir='ltr'><strong>lunt,</strong></span> <span class='ocrx_word' id='word_1_182' title='bbox 757 2761 864 2815; x_wconf 89' lang='lat' dir='ltr'><strong>imo</strong></span> <span class='ocrx_word' id='word_1_183' title='bbox 896 2760 1096 2815; x_wconf 81' lang='lat' dir='ltr'><strong>frustra</strong></span> <span class='ocrx_word' id='word_1_184' title='bbox 1129 2761 1513 2826; x_wconf 88' lang='lat' dir='ltr'><strong>intumescunt,</strong></span> <span class='ocrx_word' id='word_1_185' title='bbox 1544 2774 1598 2817; x_wconf 89' lang='lat' dir='ltr'><strong>et</strong></span> <span class='ocrx_word' id='word_1_186' title='bbox 1622 2761 1731 2818; x_wconf 87' lang='lat' dir='ltr'><strong>alte</strong></span> <span class='ocrx_word' id='word_1_187' title='bbox 1761 2762 1952 2816; x_wconf 90' lang='lat' dir='ltr'><strong>tollunt</strong></span> <span class='ocrx_word' id='word_1_188' title='bbox 1974 2776 2164 2833; x_wconf 87' lang='lat' dir='ltr'><strong>snper-</strong></span> 
     </span>
    </p>
   </div>
   <div class='ocr_carea' id='block_1_31' title="bbox 593 2848 2162 2923">
    <p class='ocr_par' dir='ltr' id='par_1_31' title="bbox 593 2848 2162 2923">
     <span class='ocr_line' id='line_1_31' title="bbox 593 2848 2162 2923; baseline 0.003 -20"><span class='ocrx_word' id='word_1_189' title='bbox 593 2848 799 2914; x_wconf 89' lang='lat' dir='ltr'><strong>cilium,</strong></span> <span class='ocrx_word' id='word_1_190' title='bbox 854 2866 1070 2920; x_wconf 64' lang='lat' dir='ltr'><strong>suaeque</strong></span> <span class='ocrx_word' id='word_1_191' title='bbox 1144 2861 1351 2907; x_wconf 71' lang='lat' dir='ltr'><strong>natura:</strong></span> <span class='ocrx_word' id='word_1_192' title='bbox 1417 2853 1664 2923; x_wconf 85' lang='lat' dir='ltr'><strong>ignorant</strong></span> <span class='ocrx_word' id='word_1_193' title='bbox 1719 2851 2162 2909; x_wconf 88' lang='lat' dir='ltr'><strong>imbecillitatem.</strong></span> 
     </span>
    </p>
   </div>
   <div class='ocr_carea' id='block_1_32' title="bbox 594 2940 2165 3016">
    <p class='ocr_par' dir='ltr' id='par_1_32' title="bbox 594 2940 2165 3016">
     <span class='ocr_line' id='line_1_32' title="bbox 594 2940 2165 3016; baseline 0.004 -21"><span class='ocrx_word' id='word_1_194' title='bbox 594 2940 866 3008; x_wconf 83' lang='lat' dir='ltr'><strong>Scriptum</strong></span> <span class='ocrx_word' id='word_1_195' title='bbox 915 2952 998 2996; x_wconf 90' lang='lat' dir='ltr'><strong>est</strong></span> <span class='ocrx_word' id='word_1_196' title='bbox 1032 2951 1209 2999; x_wconf 90' lang='lat' dir='ltr'><strong>autem</strong></span> <span class='ocrx_word' id='word_1_197' title='bbox 1241 2944 1384 3011; x_wconf 63' lang='grc' dir='ltr'><strong>ηδ’,</strong></span> <span class='ocrx_word' id='word_1_198' title='bbox 1426 2945 1567 3015; x_wconf 90' lang='lat' dir='ltr'><strong>quod</strong></span> <span class='ocrx_word' id='word_1_199' title='bbox 1614 2945 1873 3001; x_wconf 87' lang='lat' dir='ltr'><strong>Dominus</strong></span> <span class='ocrx_word' id='word_1_200' title='bbox 1915 2946 2165 3016; x_wconf 88' lang='lat' dir='ltr'><strong>superbis</strong></span> 
     </span>
    </p>
   </div>
   <div class='ocr_carea' id='block_1_33' title="bbox 591 3029 2166 3105">
    <p class='ocr_par' dir='ltr' id='par_1_33' title="bbox 591 3029 2166 3105">
     <span class='ocr_line' id='line_1_33' title="bbox 591 3029 2166 3105; baseline 0.005 -22"><span class='ocrx_word' id='word_1_201' title='bbox 591 3029 819 3085; x_wconf 88' lang='lat' dir='ltr'><strong>resistit.</strong></span> <span class='ocrx_word' id='word_1_202' title='bbox 866 3032 1070 3087; x_wconf 91' lang='lat' dir='ltr'><strong>Deinde</strong></span> <span class='ocrx_word' id='word_1_203' title='bbox 1114 3033 1315 3089; x_wconf 87' lang='lat' dir='ltr'><strong>docens</strong></span> <span class='ocrx_word' id='word_1_204' title='bbox 1344 3035 1486 3104; x_wconf 91' lang='lat' dir='ltr'><strong>quod</strong></span> <span class='ocrx_word' id='word_1_205' title='bbox 1524 3033 1669 3102; x_wconf 84' lang='lat' dir='ltr'><strong>juste</strong></span> <span class='ocrx_word' id='word_1_206' title='bbox 1700 3036 1906 3105; x_wconf 88' lang='lat' dir='ltr'><strong>puniat,</strong></span> <span class='ocrx_word' id='word_1_207' title='bbox 1945 3047 2001 3091; x_wconf 91' lang='lat' dir='ltr'><strong>et</strong></span> <span class='ocrx_word' id='word_1_208' title='bbox 2036 3035 2166 3091; x_wconf 83' lang='lat' dir='ltr'><strong>sim-</strong></span> 
     </span>
    </p>
   </div>
   <div class='ocr_carea' id='block_1_34' title="bbox 2249 569 3832 648">
    <p class='ocr_par' dir='ltr' id='par_1_34' title="bbox 2249 569 3832 648">
     <span class='ocr_line' id='line_1_34' title="bbox 2249 569 3832 648; baseline -0.006 -17"><span class='ocrx_word' id='word_1_209' title='bbox 2249 577 2403 631; x_wconf 81' lang='grc' dir='ltr'>εσται</span> <span class='ocrx_word' id='word_1_210' title='bbox 2435 576 2573 648; x_wconf 82' lang='grc' dir='ltr'>πρὸς</span> <span class='ocrx_word' id='word_1_211' title='bbox 2604 574 2665 629; x_wconf 80' lang='grc' dir='ltr'>τὸ</span> <span class='ocrx_word' id='word_1_212' title='bbox 2688 574 2913 645; x_wconf 86' lang='grc' dir='ltr'>ἀρχαῖον</span> <span class='ocrx_word' id='word_1_213' title='bbox 2941 570 3042 640; x_wconf 80' lang='grc' dir='ltr'>τῆς</span> <span class='ocrx_word' id='word_1_214' title='bbox 3076 572 3206 642; x_wconf 79' lang='grc' dir='ltr'>παρ’</span> <span class='ocrx_word' id='word_1_215' title='bbox 3235 571 3416 635; x_wconf 89' lang='grc' dir='ltr'>αὑτοῖς</span> <span class='ocrx_word' id='word_1_216' title='bbox 3446 570 3645 641; x_wconf 80' lang='grc' dir='ltr'>ἀρχῆς,</span> <span class='ocrx_word' id='word_1_217' title='bbox 3672 569 3832 640; x_wconf 67' lang='grc' dir='ltr'>ἤγουν</span> 
     </span>
    </p>
   </div>
   <div class='ocr_carea' id='block_1_35' title="bbox 2254 658 3834 739">
    <p class='ocr_par' dir='ltr' id='par_1_35' title="bbox 2254 658 3834 739">
     <span class='ocr_line' id='line_1_35' title="bbox 2254 658 3834 739; baseline -0.006 -17"><span class='ocrx_word' id='word_1_218' title='bbox 2254 668 2553 739; x_wconf 81' lang='grc' dir='ltr'><strong>βασιλείας,</strong></span> <span class='ocrx_word' id='word_1_219' title='bbox 2593 668 2841 720; x_wconf 87' lang='grc' dir='ltr'>ἐπάνεισι</span> <span class='ocrx_word' id='word_1_220' title='bbox 2873 663 3033 718; x_wconf 86' lang='grc' dir='ltr'>πάλιν</span> <span class='ocrx_word' id='word_1_221' title='bbox 3078 664 3171 717; x_wconf 78' lang='grc' dir='ltr'>ἐπὶ</span> <span class='ocrx_word' id='word_1_222' title='bbox 3209 664 3308 735; x_wconf 76' lang='grc' dir='ltr'>τὴν</span> <span class='ocrx_word' id='word_1_223' title='bbox 3338 661 3536 727; x_wconf 81' lang='grc' dir='ltr'>Μωάϐ,</span> <span class='ocrx_word' id='word_1_224' title='bbox 3580 660 3677 714; x_wconf 66' lang='grc' dir='ltr'><strong>καί⁵</strong></span> <span class='ocrx_word' id='word_1_225' title='bbox 3712 658 3834 730; x_wconf 83' lang='grc' dir='ltr'>μεθ-</span> 
     </span>
    </p>
   </div>
   <div class='ocr_carea' id='block_1_36' title="bbox 2256 750 3833 831">
    <p class='ocr_par' dir='ltr' id='par_1_36' title="bbox 2256 750 3833 831">
     <span class='ocr_line' id='line_1_36' title="bbox 2256 750 3833 831; baseline -0.008 -17"><span class='ocrx_word' id='word_1_226' title='bbox 2256 760 2465 831; x_wconf 89' lang='grc' dir='ltr'>ίστησιν</span> <span class='ocrx_word' id='word_1_227' title='bbox 2503 759 2589 812; x_wconf 84' lang='grc' dir='ltr'><strong>ἐπ’</strong></span> <span class='ocrx_word' id='word_1_228' title='bbox 2622 758 2819 820; x_wconf 78' lang='grc' dir='ltr'>αὑτοὺς</span> <span class='ocrx_word' id='word_1_229' title='bbox 2843 755 2934 809; x_wconf 86' lang='grc' dir='ltr'>τὸν</span> <span class='ocrx_word' id='word_1_230' title='bbox 2963 755 3140 824; x_wconf 85' lang='grc' dir='ltr'>λόγον.</span> <span class='ocrx_word' id='word_1_231' title='bbox 3169 753 3397 825; x_wconf 80' lang='grc' dir='ltr'><strong>Εἴρηται</strong></span> <span class='ocrx_word' id='word_1_232' title='bbox 3445 752 3502 806; x_wconf 84' lang='grc' dir='ltr'>δὲ</span> <span class='ocrx_word' id='word_1_233' title='bbox 3551 750 3741 820; x_wconf 83' lang='grc' dir='ltr'>ὥσπερ</span> <span class='ocrx_word' id='word_1_234' title='bbox 3772 751 3833 802; x_wconf 84' lang='grc' dir='ltr'><strong>ἐκ</strong></span> 
     </span>
    </p>
   </div>
   <div class='ocr_carea' id='block_1_37' title="bbox 2252 841 3835 921">
    <p class='ocr_par' dir='ltr' id='par_1_37' title="bbox 2252 841 3835 921">
     <span class='ocr_line' id='line_1_37' title="bbox 2252 841 3835 921; baseline -0.008 -16"><span class='ocrx_word' id='word_1_235' title='bbox 2252 850 2543 921; x_wconf 83' lang='grc' dir='ltr'><strong>προσώπου</strong></span> <span class='ocrx_word' id='word_1_236' title='bbox 2569 850 2677 902; x_wconf 84' lang='grc' dir='ltr'><strong>τῶν</strong></span> <span class='ocrx_word' id='word_1_237' title='bbox 2712 846 2879 916; x_wconf 89' lang='grc' dir='ltr'>ά.γίων</span> <span class='ocrx_word' id='word_1_238' title='bbox 2907 845 3221 919; x_wconf 78' lang='grc' dir='ltr'><strong>προφητῶν,</strong></span> <span class='ocrx_word' id='word_1_239' title='bbox 3262 844 3344 905; x_wconf 82' lang='grc' dir='ltr'>τὸ,</span> <span class='ocrx_word' id='word_1_240' title='bbox 3380 842 3721 912; x_wconf 81' lang='grc' dir='ltr'>Ἦκούσαμεν</span> <span class='ocrx_word' id='word_1_241' title='bbox 3739 841 3835 911; x_wconf 80' lang='grc' dir='ltr'>τὴν</span> 
     </span>
    </p>
   </div>
   <div class='ocr_carea' id='block_1_38' title="bbox 2255 933 3837 1014">
    <p class='ocr_par' dir='ltr' id='par_1_38' title="bbox 2255 933 3837 1014">
     <span class='ocr_line' id='line_1_38' title="bbox 2255 933 3837 1014; baseline -0.006 -17"><span class='ocrx_word' id='word_1_242' title='bbox 2255 944 2411 1014; x_wconf 80' lang='grc' dir='ltr'>ὓϐριν</span> <span class='ocrx_word' id='word_1_243' title='bbox 2455 940 2651 1005; x_wconf 84' lang='grc' dir='ltr'>Μωάϐ,</span> <span class='ocrx_word' id='word_1_244' title='bbox 2695 938 2952 1011; x_wconf 78' lang='grc' dir='ltr'>ὑϐριστὴς</span> <span class='ocrx_word' id='word_1_245' title='bbox 2996 938 3200 1008; x_wconf 86' lang='grc' dir='ltr'>σφόδρα</span> <span class='ocrx_word' id='word_1_246' title='bbox 3250 935 3566 989; x_wconf 82' lang='grc' dir='ltr'>Συναινοῦσι</span> <span class='ocrx_word' id='word_1_247' title='bbox 3610 933 3718 1003; x_wconf 85' lang='grc' dir='ltr'><strong>γάρ</strong></span> <span class='ocrx_word' id='word_1_248' title='bbox 3752 933 3837 987; x_wconf 75' lang='grc' dir='ltr'><strong>διά</strong></span> 
     </span>
    </p>
   </div>
   <div class='ocr_carea' id='block_1_39' title="bbox 2252 1024 3837 1102">
    <p class='ocr_par' dir='ltr' id='par_1_39' title="bbox 2252 1024 3837 1102">
     <span class='ocr_line' id='line_1_39' title="bbox 2252 1024 3837 1102; baseline -0.008 -13"><span class='ocrx_word' id='word_1_249' title='bbox 2252 1036 2477 1096; x_wconf 81' lang='grc' dir='ltr'>τούτων,</span> <span class='ocrx_word' id='word_1_250' title='bbox 2508 1034 2583 1096; x_wconf 84' lang='grc' dir='ltr'>ὡς</span> <span class='ocrx_word' id='word_1_251' title='bbox 2623 1033 2681 1084; x_wconf 87' lang='grc' dir='ltr'><strong>ἐν</strong></span> <span class='ocrx_word' id='word_1_252' title='bbox 2726 1031 2850 1102; x_wconf 81' lang='grc' dir='ltr'>δίκῃ</span> <span class='ocrx_word' id='word_1_253' title='bbox 2894 1029 3178 1093; x_wconf 78' lang='grc' dir='ltr'>κολάζοντι</span> <span class='ocrx_word' id='word_1_254' title='bbox 3212 1028 3290 1099; x_wconf 82' lang='grc' dir='ltr'><strong>τῷ</strong></span> <span class='ocrx_word' id='word_1_255' title='bbox 3320 1025 3460 1098; x_wconf 77' lang='grc' dir='ltr'>Θεῷ,</span> <span class='ocrx_word' id='word_1_256' title='bbox 3484 1024 3837 1095; x_wconf 75' lang='grc' dir='ltr'>ὀφειλομένην</span> 
     </span>
    </p>
   </div>
   <div class='ocr_carea' id='block_1_40' title="bbox 2253 1113 3835 1192">
    <p class='ocr_par' dir='ltr' id='par_1_40' title="bbox 2253 1113 3835 1192">
     <span class='ocr_line' id='line_1_40' title="bbox 2253 1113 3835 1192; baseline -0.007 -13"><span class='ocrx_word' id='word_1_257' title='bbox 2253 1143 2314 1179; x_wconf 90' lang='grc' dir='ltr'><strong>τε</strong></span> <span class='ocrx_word' id='word_1_258' title='bbox 2344 1125 2437 1178; x_wconf 73' lang='grc' dir='ltr'>καὶ</span> <span class='ocrx_word' id='word_1_259' title='bbox 2477 1123 2792 1192; x_wconf 89' lang='grc' dir='ltr'>πρέπουσαν</span> <span class='ocrx_word' id='word_1_260' title='bbox 2828 1120 3010 1183; x_wconf 80' lang='grc' dir='ltr'>αὑτοῖς</span> <span class='ocrx_word' id='word_1_261' title='bbox 3043 1118 3389 1187; x_wconf 80' lang='grc' dir='ltr'><strong>ἐπενεγκόντι</strong></span> <span class='ocrx_word' id='word_1_262' title='bbox 3415 1115 3512 1186; x_wconf 79' lang='grc' dir='ltr'>τὴν</span> <span class='ocrx_word' id='word_1_263' title='bbox 3548 1113 3835 1184; x_wconf 88' lang='grc' dir='ltr'>τιμωρίαν.</span> 
     </span>
    </p>
   </div>
   <div class='ocr_carea' id='block_1_41' title="bbox 2272 1203 3839 1285">
    <p class='ocr_par' dir='ltr' id='par_1_41' title="bbox 2272 1203 3839 1285">
     <span class='ocr_line' id='line_1_41' title="bbox 2272 1203 3839 1285; baseline -0.01 -15"><span class='ocrx_word' id='word_1_264' title='bbox 2272 1213 2597 1285; x_wconf 82' lang='grc' dir='ltr'>Ἀκηκοέναι</span> <span class='ocrx_word' id='word_1_265' title='bbox 2642 1212 2699 1266; x_wconf 90' lang='grc' dir='ltr'><strong>δέ</strong></span> <span class='ocrx_word' id='word_1_266' title='bbox 2736 1228 2867 1281; x_wconf 90' lang='grc' dir='ltr'>φασι</span> <span class='ocrx_word' id='word_1_267' title='bbox 2910 1210 3009 1282; x_wconf 85' lang='grc' dir='ltr'>τὴν</span> <span class='ocrx_word' id='word_1_268' title='bbox 3054 1209 3210 1279; x_wconf 75' lang='grc' dir='ltr'>ὓϐριν</span> <span class='ocrx_word' id='word_1_269' title='bbox 3243 1205 3440 1270; x_wconf 85' lang='grc' dir='ltr'>Μωὰϐ,</span> <span class='ocrx_word' id='word_1_270' title='bbox 3486 1205 3701 1277; x_wconf 88' lang='grc' dir='ltr'>πρῶτον</span> <span class='ocrx_word' id='word_1_271' title='bbox 3744 1203 3839 1273; x_wconf 81' lang='grc' dir='ltr'>μὲν</span> 
     </span>
    </p>
   </div>
   <div class='ocr_carea' id='block_1_42' title="bbox 2256 1296 3836 1377">
    <p class='ocr_par' dir='ltr' id='par_1_42' title="bbox 2256 1296 3836 1377">
     <span class='ocr_line' id='line_1_42' title="bbox 2256 1296 3836 1377; baseline -0.009 -18"><span class='ocrx_word' id='word_1_272' title='bbox 2256 1306 2355 1377; x_wconf 82' lang='grc' dir='ltr'>τὴν</span> <span class='ocrx_word' id='word_1_273' title='bbox 2391 1303 2759 1376; x_wconf 84' lang='grc' dir='ltr'>ἀρχαιοτάτην</span> <span class='ocrx_word' id='word_1_274' title='bbox 2809 1302 3023 1369; x_wconf 82' lang='grc' dir='ltr'>ἐκείνην</span> <span class='ocrx_word' id='word_1_275' title='bbox 3067 1300 3306 1369; x_wconf 77' lang='grc' dir='ltr'>ἱστορίαν</span> <span class='ocrx_word' id='word_1_276' title='bbox 3354 1297 3453 1350; x_wconf 84' lang='grc' dir='ltr'>οὐκ</span> <span class='ocrx_word' id='word_1_277' title='bbox 3489 1296 3836 1365; x_wconf 75' lang='grc' dir='ltr'>ἠγνοηκότες,</span> 
     </span>
    </p>
   </div>
   <div class='ocr_carea' id='block_1_43' title="bbox 2258 1384 3837 1468">
    <p class='ocr_par' dir='ltr' id='par_1_43' title="bbox 2258 1384 3837 1468">
     <span class='ocr_line' id='line_1_43' title="bbox 2258 1384 3837 1468; baseline -0.009 -18"><span class='ocrx_word' id='word_1_278' title='bbox 2258 1400 2325 1468; x_wconf 77' lang='grc' dir='ltr'>ἣν</span> <span class='ocrx_word' id='word_1_279' title='bbox 2372 1399 2400 1450; x_wconf 89' lang='grc' dir='ltr'>ὁ</span> <span class='ocrx_word' id='word_1_280' title='bbox 2432 1394 2721 1457; x_wconf 83' lang='grc' dir='ltr'>θεσπέσιος</span> <span class='ocrx_word' id='word_1_281' title='bbox 2753 1394 3046 1463; x_wconf 87' lang='grc' dir='ltr'>ἀφηγεῖται</span> <span class='ocrx_word' id='word_1_282' title='bbox 3069 1391 3294 1461; x_wconf 80' lang='grc' dir='ltr'><strong>Μωσῆς.</strong></span> <span class='ocrx_word' id='word_1_283' title='bbox 3337 1389 3425 1451; x_wconf 81' lang='grc' dir='ltr'>Ὠς</span> <span class='ocrx_word' id='word_1_284' title='bbox 3457 1386 3567 1457; x_wconf 83' lang='grc' dir='ltr'><strong>γάρ</strong></span> <span class='ocrx_word' id='word_1_285' title='bbox 3604 1384 3837 1453; x_wconf 85' lang='grc' dir='ltr'>φθάσαν-</span> 
     </span>
    </p>
   </div>
   <div class='ocr_carea' id='block_1_44' title="bbox 2257 1475 3839 1557">
    <p class='ocr_par' dir='ltr' id='par_1_44' title="bbox 2257 1475 3839 1557">
     <span class='ocr_line' id='line_1_44' title="bbox 2257 1475 3839 1557; baseline -0.009 -16"><span class='ocrx_word' id='word_1_286' title='bbox 2257 1505 2349 1551; x_wconf 86' lang='grc' dir='ltr'><strong>τες</strong></span> <span class='ocrx_word' id='word_1_287' title='bbox 2393 1487 2640 1557; x_wconf 77' lang='grc' dir='ltr'>εἴπομεν,</span> <span class='ocrx_word' id='word_1_288' title='bbox 2683 1482 3079 1555; x_wconf 84' lang='grc' dir='ltr'>κατεμισθοῦτο</span> <span class='ocrx_word' id='word_1_289' title='bbox 3124 1481 3215 1534; x_wconf 76' lang='grc' dir='ltr'>τὸν</span> <span class='ocrx_word' id='word_1_290' title='bbox 3264 1477 3495 1548; x_wconf 82' lang='grc' dir='ltr'>Βαλαὰμ.</span> <span class='ocrx_word' id='word_1_291' title='bbox 3547 1479 3576 1530; x_wconf 86' lang='grc' dir='ltr'><strong>ό</strong></span> <span class='ocrx_word' id='word_1_292' title='bbox 3617 1475 3839 1528; x_wconf 72' lang='grc' dir='ltr'>Βαλάκο</span> 
     </span>
    </p>
   </div>
   <div class='ocr_carea' id='block_1_45' title="bbox 2259 1567 3843 1651">
    <p class='ocr_par' dir='ltr' id='par_1_45' title="bbox 2259 1567 3843 1651">
     <span class='ocr_line' id='line_1_45' title="bbox 2259 1567 3843 1651; baseline -0.01 -17"><span class='ocrx_word' id='word_1_293' title='bbox 2259 1580 2453 1651; x_wconf 79' lang='grc' dir='ltr'>Δεῦρο,</span> <span class='ocrx_word' id='word_1_294' title='bbox 2497 1579 2693 1647; x_wconf 89' lang='grc' dir='ltr'>λέγων,</span> <span class='ocrx_word' id='word_1_295' title='bbox 2736 1574 3011 1648; x_wconf 75' lang='grc' dir='ltr'>ἐπάρασαι</span> <span class='ocrx_word' id='word_1_296' title='bbox 3060 1591 3150 1644; x_wconf 90' lang='grc' dir='ltr'><strong>μοι</strong></span> <span class='ocrx_word' id='word_1_297' title='bbox 3188 1571 3279 1626; x_wconf 81' lang='grc' dir='ltr'>τὸν</span> <span class='ocrx_word' id='word_1_298' title='bbox 3333 1568 3569 1642; x_wconf 80' lang='grc' dir='ltr'>Ἰσραήλ.</span> <span class='ocrx_word' id='word_1_299' title='bbox 3614 1567 3843 1623; x_wconf 79' lang='grc' dir='ltr'>Πλεῖστα</span> 
     </span>
    </p>
   </div>
   <div class='ocr_carea' id='block_1_46' title="bbox 2260 1654 3845 1739">
    <p class='ocr_par' dir='ltr' id='par_1_46' title="bbox 2260 1654 3845 1739">
     <span class='ocr_line' id='line_1_46' title="bbox 2260 1654 3845 1739; baseline -0.011 -15"><span class='ocrx_word' id='word_1_300' title='bbox 2260 1671 2317 1724; x_wconf 81' lang='grc' dir='ltr'>δὲ</span> <span class='ocrx_word' id='word_1_301' title='bbox 2360 1672 2460 1723; x_wconf 83' lang='grc' dir='ltr'>ὅσα</span> <span class='ocrx_word' id='word_1_302' title='bbox 2498 1667 2634 1739; x_wconf 79' lang='grc' dir='ltr'>πρὸς</span> <span class='ocrx_word' id='word_1_303' title='bbox 2684 1664 2842 1719; x_wconf 80' lang='grc' dir='ltr'>τοῦτο</span> <span class='ocrx_word' id='word_1_304' title='bbox 2881 1664 3195 1733; x_wconf 87' lang='grc' dir='ltr'>πέπρακται</span> <span class='ocrx_word' id='word_1_305' title='bbox 3243 1659 3385 1713; x_wconf 85' lang='grc' dir='ltr'><strong>κατά</strong></span> <span class='ocrx_word' id='word_1_306' title='bbox 3429 1657 3653 1729; x_wconf 76' lang='grc' dir='ltr'>καιροὺς</span> <span class='ocrx_word' id='word_1_307' title='bbox 3697 1654 3845 1727; x_wconf 77' lang='grc' dir='ltr'>παρὰ</span> 
     </span>
    </p>
   </div>
   <div class='ocr_carea' id='block_1_47' title="bbox 2261 1745 3843 1832">
    <p class='ocr_par' dir='ltr' id='par_1_47' title="bbox 2261 1745 3843 1832">
     <span class='ocr_line' id='line_1_47' title="bbox 2261 1745 3843 1832; baseline -0.012 -15"><span class='ocrx_word' id='word_1_308' title='bbox 2261 1762 2361 1832; x_wconf 79' lang='grc' dir='ltr'>τῆς</span> <span class='ocrx_word' id='word_1_309' title='bbox 2411 1757 2720 1815; x_wconf 80' lang='grc' dir='ltr'>Μωαϐιτῶν</span> <span class='ocrx_word' id='word_1_310' title='bbox 2778 1754 3083 1827; x_wconf 80' lang='grc' dir='ltr'>ὑπεροψίας</span> <span class='ocrx_word' id='word_1_311' title='bbox 3128 1754 3194 1823; x_wconf 79' lang='grc' dir='ltr'>τῇ</span> <span class='ocrx_word' id='word_1_312' title='bbox 3247 1750 3341 1804; x_wconf 77' lang='grc' dir='ltr'>τοῦ</span> <span class='ocrx_word' id='word_1_313' title='bbox 3386 1749 3519 1803; x_wconf 88' lang='grc' dir='ltr'><strong>Θεοῦ</strong></span> <span class='ocrx_word' id='word_1_314' title='bbox 3564 1745 3843 1819; x_wconf 75' lang='grc' dir='ltr'>μαχόμενα</span> 
     </span>
    </p>
   </div>
   <div class='ocr_carea' id='block_1_48' title="bbox 2188 1819 2405 1921">
    <p class='ocr_par' dir='ltr' id='par_1_48' title="bbox 2188 1819 2405 1921">
     <span class='ocr_line' id='line_1_48' title="bbox 2188 1819 2405 1921; baseline -0.009 -15"><span class='ocrx_word' id='word_1_315' title='bbox 2188 1819 2233 1875; x_wconf 80' lang='grc' dir='ltr'>Β</span> <span class='ocrx_word' id='word_1_316' title='bbox 2260 1819 2405 1921; x_wconf 60' lang='grc' dir='ltr'>δόξῃ.</span> 
     </span>
    </p>
   </div>
   <div class='ocr_carea' id='block_1_49' title="bbox 2337 1936 3138 2011">
    <p class='ocr_par' dir='ltr' id='par_1_49' title="bbox 2337 1936 3138 2011">
     <span class='ocr_line' id='line_1_49' title="bbox 2337 1936 3138 2011; baseline -0.006 -14"><span class='ocrx_word' id='word_1_317' title='bbox 2337 1942 2459 2008; x_wconf 79' lang='grc' dir='ltr'><strong>Τὴν</strong></span> <span class='ocrx_word' id='word_1_318' title='bbox 2485 1938 2905 2011; x_wconf 71' lang='grc' dir='ltr'>ὑπερηφανίαν</span> <span class='ocrx_word' id='word_1_319' title='bbox 2929 1936 3138 2006; x_wconf 80' lang='grc' dir='ltr'>ἐξῆρα.</span> 
     </span>
    </p>
   </div>
   <div class='ocr_carea' id='block_1_50' title="bbox 2331 2020 3849 2104">
    <p class='ocr_par' dir='ltr' id='par_1_50' title="bbox 2331 2020 3849 2104">
     <span class='ocr_line' id='line_1_50' title="bbox 2331 2020 3849 2104; baseline -0.011 -16"><span class='ocrx_word' id='word_1_320' title='bbox 2331 2034 2453 2088; x_wconf 88' lang='grc' dir='ltr'><strong>Τῶν</strong></span> <span class='ocrx_word' id='word_1_321' title='bbox 2496 2033 2667 2103; x_wconf 85' lang='grc' dir='ltr'>ἁγίων</span> <span class='ocrx_word' id='word_1_322' title='bbox 2700 2030 2995 2104; x_wconf 79' lang='grc' dir='ltr'>προφητῶν</span> <span class='ocrx_word' id='word_1_323' title='bbox 3032 2027 3409 2099; x_wconf 72' lang='grc' dir='ltr'>ἐναργέστατα</span> <span class='ocrx_word' id='word_1_324' title='bbox 3446 2020 3849 2093; x_wconf 69' lang='grc' dir='ltr'>διωμολογηκῶ</span> 
     </span>
    </p>
   </div>
   <div class='ocr_carea' id='block_1_51' title="bbox 2260 2115 3849 2196">
    <p class='ocr_par' dir='ltr' id='par_1_51' title="bbox 2260 2115 3849 2196">
     <span class='ocr_line' id='line_1_51' title="bbox 2260 2115 3849 2196; baseline -0.01 -16"><span class='ocrx_word' id='word_1_325' title='bbox 2260 2142 2390 2190; x_wconf 89' lang='grc' dir='ltr'>των,</span> <span class='ocrx_word' id='word_1_326' title='bbox 2431 2124 2728 2196; x_wconf 82' lang='grc' dir='ltr'>ἀκηκοέναι</span> <span class='ocrx_word' id='word_1_327' title='bbox 2766 2139 2826 2175; x_wconf 88' lang='grc' dir='ltr'><strong>τε</strong></span> <span class='ocrx_word' id='word_1_328' title='bbox 2871 2122 2971 2193; x_wconf 83' lang='grc' dir='ltr'>τὴν</span> <span class='ocrx_word' id='word_1_329' title='bbox 3008 2120 3166 2191; x_wconf 78' lang='grc' dir='ltr'>ὓϐριν</span> <span class='ocrx_word' id='word_1_330' title='bbox 3209 2117 3413 2181; x_wconf 82' lang='grc' dir='ltr'>Μωάϐ,</span> <span class='ocrx_word' id='word_1_331' title='bbox 3447 2115 3649 2169; x_wconf 76' lang='grc' dir='ltr'>εἰδέναι</span> <span class='ocrx_word' id='word_1_332' title='bbox 3681 2131 3736 2167; x_wconf 87' lang='grc' dir='ltr'><strong>τε</strong></span> <span class='ocrx_word' id='word_1_333' title='bbox 3766 2115 3849 2166; x_wconf 80' lang='grc' dir='ltr'>ὅτι</span> 
     </span>
    </p>
   </div>
   <div class='ocr_carea' id='block_1_52' title="bbox 2264 2203 3850 2287">
    <p class='ocr_par' dir='ltr' id='par_1_52' title="bbox 2264 2203 3850 2287">
     <span class='ocr_line' id='line_1_52' title="bbox 2264 2203 3850 2287; baseline -0.009 -16"><span class='ocrx_word' id='word_1_334' title='bbox 2264 2218 2357 2271; x_wconf 80' lang='grc' dir='ltr'>καὶ</span> <span class='ocrx_word' id='word_1_335' title='bbox 2389 2216 2594 2287; x_wconf 84' lang='grc' dir='ltr'>σφόδρα</span> <span class='ocrx_word' id='word_1_336' title='bbox 2620 2215 2768 2268; x_wconf 69' lang='grc' dir='ltr'>ἐστὶν</span> <span class='ocrx_word' id='word_1_337' title='bbox 2792 2212 3077 2286; x_wconf 81' lang='grc' dir='ltr'>ὑϐριστὴς,</span> <span class='ocrx_word' id='word_1_338' title='bbox 3106 2209 3562 2281; x_wconf 86' lang='grc' dir='ltr'>ἀνταποκρίνεται</span> <span class='ocrx_word' id='word_1_339' title='bbox 3594 2206 3728 2269; x_wconf 79' lang='grc' dir='ltr'>Θεὸς</span> <span class='ocrx_word' id='word_1_340' title='bbox 3757 2203 3850 2257; x_wconf 80' lang='grc' dir='ltr'><strong>καί</strong></span> 
     </span>
    </p>
   </div>
   <div class='ocr_carea' id='block_1_53' title="bbox 2264 2298 3856 2379">
    <p class='ocr_par' dir='ltr' id='par_1_53' title="bbox 2264 2298 3856 2379">
     <span class='ocr_line' id='line_1_53' title="bbox 2264 2298 3856 2379; baseline -0.008 -18"><span class='ocrx_word' id='word_1_341' title='bbox 2264 2324 2417 2379; x_wconf 76' lang='grc' dir='ltr'>φησιο</span> <span class='ocrx_word' id='word_1_342' title='bbox 2446 2307 2556 2378; x_wconf 84' lang='grc' dir='ltr'>Τὴν</span> <span class='ocrx_word' id='word_1_343' title='bbox 2579 2305 2960 2377; x_wconf 86' lang='grc' dir='ltr'>ὑπερηφανίαν</span> <span class='ocrx_word' id='word_1_344' title='bbox 2986 2304 3176 2375; x_wconf 73' lang='grc' dir='ltr'>ἐξῆραο</span> <span class='ocrx_word' id='word_1_345' title='bbox 3202 2301 3345 2356; x_wconf 81' lang='grc' dir='ltr'>τοῦτ’</span> <span class='ocrx_word' id='word_1_346' title='bbox 3375 2300 3541 2365; x_wconf 76' lang='grc' dir='ltr'>ἔστιν,</span> <span class='ocrx_word' id='word_1_347' title='bbox 3570 2298 3670 2369; x_wconf 88' lang='grc' dir='ltr'><strong>οὑχ</strong></span> <span class='ocrx_word' id='word_1_348' title='bbox 3694 2298 3856 2366; x_wconf 71' lang='grc' dir='ltr'>ὑπέρ-</span> 
     </span>
    </p>
   </div>
   <div class='ocr_carea' id='block_1_54' title="bbox 2263 2385 3854 2467">
    <p class='ocr_par' dir='ltr' id='par_1_54' title="bbox 2263 2385 3854 2467">
     <span class='ocr_line' id='line_1_54' title="bbox 2263 2385 3854 2467; baseline -0.008 -14"><span class='ocrx_word' id='word_1_349' title='bbox 2263 2416 2424 2453; x_wconf 87' lang='grc' dir='ltr'>οπτον</span> <span class='ocrx_word' id='word_1_350' title='bbox 2480 2396 2668 2462; x_wconf 84' lang='grc' dir='ltr'>ἁπλῶς</span> <span class='ocrx_word' id='word_1_351' title='bbox 2725 2393 2891 2450; x_wconf 79' lang='grc' dir='ltr'>οὖσαν</span> <span class='ocrx_word' id='word_1_352' title='bbox 2948 2395 3048 2467; x_wconf 80' lang='grc' dir='ltr'>τὴν</span> <span class='ocrx_word' id='word_1_353' title='bbox 3117 2393 3312 2457; x_wconf 66' lang='grc' dir='ltr'>Ἀῖωάϐ,</span> <span class='ocrx_word' id='word_1_354' title='bbox 3375 2391 3489 2445; x_wconf 83' lang='grc' dir='ltr'>ἀλλ’</span> <span class='ocrx_word' id='word_1_355' title='bbox 3553 2385 3665 2444; x_wconf 72' lang='grc' dir='ltr'>οἷον</span> <span class='ocrx_word' id='word_1_356' title='bbox 3719 2388 3854 2443; x_wconf 74' lang='grc' dir='ltr'>αὑτὸ</span> 
     </span>
    </p>
   </div>
   <div class='ocr_carea' id='block_1_55' title="bbox 2265 2481 3855 2564">
    <p class='ocr_par' dir='ltr' id='par_1_55' title="bbox 2265 2481 3855 2564">
     <span class='ocr_line' id='line_1_55' title="bbox 2265 2481 3855 2564; baseline -0.013 -13"><span class='ocrx_word' id='word_1_357' title='bbox 2265 2494 2457 2564; x_wconf 81' lang='grc' dir='ltr'>χρῆμα</span> <span class='ocrx_word' id='word_1_358' title='bbox 2490 2488 2790 2561; x_wconf 81' lang='grc' dir='ltr'>γενομένην</span> <span class='ocrx_word' id='word_1_359' title='bbox 2815 2486 3112 2560; x_wconf 74' lang='grc' dir='ltr'>ὑπεροψίαν</span> <span class='ocrx_word' id='word_1_360' title='bbox 3138 2488 3202 2540; x_wconf 90' lang='grc' dir='ltr'><strong>ἐκ</strong></span> <span class='ocrx_word' id='word_1_361' title='bbox 3229 2485 3393 2556; x_wconf 83' lang='grc' dir='ltr'>μέσου</span> <span class='ocrx_word' id='word_1_362' title='bbox 3424 2481 3681 2552; x_wconf 87' lang='grc' dir='ltr'>γενέσθαι</span> <span class='ocrx_word' id='word_1_363' title='bbox 3712 2497 3855 2553; x_wconf 83' lang='grc' dir='ltr'>παρ-</span> 
     </span>
    </p>
   </div>
   <div class='ocr_carea' id='block_1_56' title="bbox 2264 2573 3856 2653">
    <p class='ocr_par' dir='ltr' id='par_1_56' title="bbox 2264 2573 3856 2653">
     <span class='ocr_line' id='line_1_56' title="bbox 2264 2573 3856 2653; baseline -0.008 -17"><span class='ocrx_word' id='word_1_364' title='bbox 2264 2583 2558 2637; x_wconf 84' lang='grc' dir='ltr'>εσκεύασα.</span> <span class='ocrx_word' id='word_1_365' title='bbox 2604 2579 2833 2652; x_wconf 88' lang='grc' dir='ltr'>Πολεμῶ</span> <span class='ocrx_word' id='word_1_366' title='bbox 2864 2580 2971 2653; x_wconf 81' lang='grc' dir='ltr'>γὰρ</span> <span class='ocrx_word' id='word_1_367' title='bbox 3017 2579 3402 2650; x_wconf 69' lang='grc' dir='ltr'>ὑπερηφάνοις,</span> <span class='ocrx_word' id='word_1_368' title='bbox 3454 2577 3548 2629; x_wconf 76' lang='grc' dir='ltr'>καὶ</span> <span class='ocrx_word' id='word_1_369' title='bbox 3610 2573 3856 2644; x_wconf 80' lang='grc' dir='ltr'>μάχομαι</span> 
     </span>
    </p>
   </div>
   <div class='ocr_carea' id='block_1_57' title="bbox 2265 2664 3857 2747">
    <p class='ocr_par' dir='ltr' id='par_1_57' title="bbox 2265 2664 3857 2747">
     <span class='ocr_line' id='line_1_57' title="bbox 2265 2664 3857 2747; baseline -0.008 -18"><span class='ocrx_word' id='word_1_370' title='bbox 2265 2678 2378 2739; x_wconf 87' lang='grc' dir='ltr'>τοῖς</span> <span class='ocrx_word' id='word_1_371' title='bbox 2402 2676 2461 2729; x_wconf 86' lang='grc' dir='ltr'><strong>οὑ</strong></span> <span class='ocrx_word' id='word_1_372' title='bbox 2497 2674 2693 2747; x_wconf 86' lang='grc' dir='ltr'>μέτρια</span> <span class='ocrx_word' id='word_1_373' title='bbox 2719 2675 2934 2745; x_wconf 82' lang='grc' dir='ltr'>φρονεῖν</span> <span class='ocrx_word' id='word_1_374' title='bbox 2960 2671 3275 2744; x_wconf 78' lang='grc' dir='ltr'>ᾑρημένοις,</span> <span class='ocrx_word' id='word_1_375' title='bbox 3304 2669 3424 2737; x_wconf 83' lang='grc' dir='ltr'>είκῆ</span> <span class='ocrx_word' id='word_1_376' title='bbox 3453 2667 3511 2721; x_wconf 81' lang='grc' dir='ltr'><strong>δέ</strong></span> <span class='ocrx_word' id='word_1_377' title='bbox 3541 2666 3745 2738; x_wconf 75' lang='grc' dir='ltr'>μᾶλλον</span> <span class='ocrx_word' id='word_1_378' title='bbox 3771 2664 3857 2730; x_wconf 78' lang='grc' dir='ltr'><strong>ἐξ·</strong></span> 
     </span>
    </p>
   </div>
   <div class='ocr_carea' id='block_1_58' title="bbox 2267 2755 3861 2835">
    <p class='ocr_par' dir='ltr' id='par_1_58' title="bbox 2267 2755 3861 2835">
     <span class='ocr_line' id='line_1_58' title="bbox 2267 2755 3861 2835; baseline -0.008 -16"><span class='ocrx_word' id='word_1_379' title='bbox 2267 2768 2643 2835; x_wconf 83' lang='grc' dir='ltr'>ογκουμὲνοις,</span> <span class='ocrx_word' id='word_1_380' title='bbox 2675 2764 2771 2818; x_wconf 69' lang='grc' dir='ltr'>καὶ</span> <span class='ocrx_word' id='word_1_381' title='bbox 2817 2762 2952 2833; x_wconf 76' lang='grc' dir='ltr'>ὑψοῦ</span> <span class='ocrx_word' id='word_1_382' title='bbox 3006 2762 3103 2833; x_wconf 86' lang='grc' dir='ltr'>τὴν</span> <span class='ocrx_word' id='word_1_383' title='bbox 3144 2760 3315 2831; x_wconf 68' lang='grc' dir='ltr'>ὀφρὺν</span> <span class='ocrx_word' id='word_1_384' title='bbox 3354 2758 3711 2823; x_wconf 76' lang='grc' dir='ltr'>ἀνατείνουσι,</span> <span class='ocrx_word' id='word_1_385' title='bbox 3764 2755 3861 2807; x_wconf 74' lang='grc' dir='ltr'>καὶ</span> 
     </span>
    </p>
   </div>
   <div class='ocr_carea' id='block_1_59' title="bbox 2264 2846 3853 2926">
    <p class='ocr_par' dir='ltr' id='par_1_59' title="bbox 2264 2846 3853 2926">
     <span class='ocr_line' id='line_1_59' title="bbox 2264 2846 3853 2926; baseline -0.007 -17"><span class='ocrx_word' id='word_1_386' title='bbox 2264 2855 2367 2926; x_wconf 84' lang='grc' dir='ltr'>τῆς</span> <span class='ocrx_word' id='word_1_387' title='bbox 2402 2856 2608 2911; x_wconf 79' lang='grc' dir='ltr'>ἑαυτῶν</span> <span class='ocrx_word' id='word_1_388' title='bbox 2660 2855 2875 2925; x_wconf 86' lang='grc' dir='ltr'>φύσεως</span> <span class='ocrx_word' id='word_1_389' title='bbox 2932 2853 3225 2923; x_wconf 75' lang='grc' dir='ltr'>ἠγνοηκόσι</span> <span class='ocrx_word' id='word_1_390' title='bbox 3266 2851 3363 2923; x_wconf 84' lang='grc' dir='ltr'>τὴν</span> <span class='ocrx_word' id='word_1_391' title='bbox 3404 2849 3707 2905; x_wconf 83' lang='grc' dir='ltr'>ἀσθένειαν.</span> <span class='ocrx_word' id='word_1_392' title='bbox 3758 2846 3853 2899; x_wconf 82' lang='grc' dir='ltr'><strong>Γέ-</strong></span> 
     </span>
    </p>
   </div>
   <div class='ocr_carea' id='block_1_60' title="bbox 2274 2940 3856 3019">
    <p class='ocr_par' dir='ltr' id='par_1_60' title="bbox 2274 2940 3856 3019">
     <span class='ocr_line' id='line_1_60' title="bbox 2274 2940 3856 3019; baseline -0.008 -16"><span class='ocrx_word' id='word_1_393' title='bbox 2274 2965 2517 3019; x_wconf 89' lang='grc' dir='ltr'>γραπται</span> <span class='ocrx_word' id='word_1_394' title='bbox 2566 2948 2654 3013; x_wconf 60' lang='lat' dir='ltr'><strong>at,</strong></span> <span class='ocrx_word' id='word_1_395' title='bbox 2694 2949 2776 3002; x_wconf 82' lang='grc' dir='ltr'>ὅτι</span> <span class='ocrx_word' id='word_1_396' title='bbox 2840 2947 3043 3018; x_wconf 85' lang='grc' dir='ltr'>Κύριος</span> <span class='ocrx_word' id='word_1_397' title='bbox 3099 2942 3475 3015; x_wconf 84' lang='grc' dir='ltr'>ὑπερηφάνοις</span> <span class='ocrx_word' id='word_1_398' title='bbox 3534 2940 3856 2993; x_wconf 82' lang='grc' dir='ltr'>ἀντιτάσσε-</span> 
     </span>
    </p>
   </div>
   <div class='ocr_carea' id='block_1_61' title="bbox 2266 3028 3855 3098">
    <p class='ocr_par' dir='ltr' id='par_1_61' title="bbox 2266 3028 3855 3098">
     <span class='ocr_line' id='line_1_61' title="bbox 2266 3028 3855 3098; baseline -0.008 -5"><span class='ocrx_word' id='word_1_399' title='bbox 2266 3056 2379 3096; x_wconf 86' lang='grc' dir='ltr'>ται.</span> <span class='ocrx_word' id='word_1_400' title='bbox 2439 3040 2716 3094; x_wconf 86' lang='grc' dir='ltr'>Διδάσκων</span> <span class='ocrx_word' id='word_1_401' title='bbox 2779 3038 2836 3092; x_wconf 86' lang='grc' dir='ltr'><strong>δέ</strong></span> <span class='ocrx_word' id='word_1_402' title='bbox 2890 3038 2972 3091; x_wconf 83' lang='grc' dir='ltr'>ὅτι</span> <span class='ocrx_word' id='word_1_403' title='bbox 3034 3034 3252 3098; x_wconf 80' lang='grc' dir='ltr'>κολάζει</span> <span class='ocrx_word' id='word_1_404' title='bbox 3313 3032 3558 3096; x_wconf 84' lang='grc' dir='ltr'>δικαίως,</span> <span class='ocrx_word' id='word_1_405' title='bbox 3630 3029 3728 3084; x_wconf 73' lang='grc' dir='ltr'>καὶ</span> <span class='ocrx_word' id='word_1_406' title='bbox 3794 3028 3855 3081; x_wconf 86' lang='grc' dir='ltr'><strong>οὑ</strong></span> 
     </span>
    </p>
   </div>
   <div class='ocr_carea' id='block_1_62' title="bbox 591 3120 2161 3206">
    <p class='ocr_par' dir='ltr' id='par_1_62' title="bbox 591 3120 2161 3193">
     <span class='ocr_line' id='line_1_62' title="bbox 591 3120 2161 3193; baseline 0.004 -18"><span class='ocrx_word' id='word_1_407' title='bbox 591 3120 807 3190; x_wconf 85' lang='lat' dir='ltr'><strong>pliciter</strong></span> <span class='ocrx_word' id='word_1_408' title='bbox 842 3137 1029 3193; x_wconf 87' lang='lat' dir='ltr'><strong>poenas</strong></span> <span class='ocrx_word' id='word_1_409' title='bbox 1076 3139 1182 3178; x_wconf 92' lang='lat' dir='ltr'><strong>non</strong></span> <span class='ocrx_word' id='word_1_410' title='bbox 1226 3125 1325 3180; x_wconf 91' lang='lat' dir='ltr'><strong>abs</strong></span> <span class='ocrx_word' id='word_1_411' title='bbox 1373 3140 1431 3180; x_wconf 93' lang='lat' dir='ltr'><strong>re</strong></span> <span class='ocrx_word' id='word_1_412' title='bbox 1482 3125 1720 3190; x_wconf 85' lang='lat' dir='ltr'><strong>inducat,</strong></span> <span class='ocrx_word' id='word_1_413' title='bbox 1768 3127 2161 3182; x_wconf 89' lang='lat' dir='ltr'><strong>accusationem</strong></span> 
     </span>
    </p>
   </div>
   <div class='ocr_carea' id='block_1_63' title="bbox 2264 3120 3861 3206">
    <p class='ocr_par' dir='ltr' id='par_1_63' title="bbox 2272 3121 3861 3201">
     <span class='ocr_line' id='line_1_63' title="bbox 2272 3121 3861 3201; baseline -0.007 -17"><span class='ocrx_word' id='word_1_414' title='bbox 2272 3130 2449 3201; x_wconf 86' lang='grc' dir='ltr'>μάτην</span> <span class='ocrx_word' id='word_1_415' title='bbox 2500 3130 2689 3195; x_wconf 87' lang='grc' dir='ltr'>ἁπλῶς</span> <span class='ocrx_word' id='word_1_416' title='bbox 2745 3128 2939 3198; x_wconf 87' lang='grc' dir='ltr'>ἐπάγει</span> <span class='ocrx_word' id='word_1_417' title='bbox 2986 3125 3086 3190; x_wconf 83' lang='grc' dir='ltr'>τὰς</span> <span class='ocrx_word' id='word_1_418' title='bbox 3129 3124 3306 3188; x_wconf 86' lang='grc' dir='ltr'>δίκας,</span> <span class='ocrx_word' id='word_1_419' title='bbox 3355 3121 3721 3193; x_wconf 77' lang='grc' dir='ltr'>καταγορεύει</span> <span class='ocrx_word' id='word_1_420' title='bbox 3760 3122 3861 3191; x_wconf 67' lang='grc' dir='ltr'>τῆς</span> 
     </span>
    </p>
   </div>
   <div class='ocr_carea' id='block_1_64' title="bbox 594 3212 2166 3286">
    <p class='ocr_par' dir='ltr' id='par_1_64' title="bbox 594 3212 2166 3286">
     <span class='ocr_line' id='line_1_64' title="bbox 594 3212 2166 3286; baseline 0.005 -21"><span class='ocrx_word' id='word_1_421' title='bbox 594 3212 822 3266; x_wconf 88' lang='lat' dir='ltr'><strong>intendit</strong></span> <span class='ocrx_word' id='word_1_422' title='bbox 882 3223 1068 3268; x_wconf 89' lang='lat' dir='ltr'><strong>contra</strong></span> <span class='ocrx_word' id='word_1_423' title='bbox 1124 3212 1297 3280; x_wconf 86' lang='lat' dir='ltr'><strong>Moab,</strong></span> <span class='ocrx_word' id='word_1_424' title='bbox 1333 3216 1585 3286; x_wconf 84' lang='lat' dir='ltr'><strong>superbia</strong></span> <span class='ocrx_word' id='word_1_425' title='bbox 1629 3215 1796 3271; x_wconf 90' lang='lat' dir='ltr'><strong>veluti</strong></span> <span class='ocrx_word' id='word_1_426' title='bbox 1842 3217 2033 3273; x_wconf 88' lang='lat' dir='ltr'><strong>morbo</strong></span> <span class='ocrx_word' id='word_1_427' title='bbox 2078 3217 2166 3273; x_wconf 90' lang='lat' dir='ltr'><strong>in-</strong></span> 
     </span>
    </p>
   </div>
   <div class='ocr_carea' id='block_1_65' title="bbox 595 3299 1330 3362">
    <p class='ocr_par' dir='ltr' id='par_1_65' title="bbox 595 3299 1330 3362">
     <span class='ocr_line' id='line_1_65' title="bbox 595 3299 1330 3362; baseline 0.011 -8"><span class='ocrx_word' id='word_1_428' title='bbox 595 3299 944 3358; x_wconf 85' lang='lat' dir='ltr'><strong>tolerabiliter</strong></span> <span class='ocrx_word' id='word_1_429' title='bbox 973 3303 1330 3362; x_wconf 86' lang='lat' dir='ltr'><strong>laborantem.</strong></span> 
     </span>
    </p>
   </div>
   <div class='ocr_carea' id='block_1_66' title="bbox 664 3391 1798 3462">
    <p class='ocr_par' dir='ltr' id='par_1_66' title="bbox 664 3391 1798 3462">
     <span class='ocr_line' id='line_1_66' title="bbox 664 3391 1798 3462; baseline 0.003 -13"><span class='ocrx_word' id='word_1_430' title='bbox 664 3391 827 3462; x_wconf 77' lang='lat'><strong>257</strong></span> <span class='ocrx_word' id='word_1_431' title='bbox 869 3391 993 3447; x_wconf 85' lang='lat' dir='ltr'><strong>Non</strong></span> <span class='ocrx_word' id='word_1_432' title='bbox 1026 3396 1103 3448; x_wconf 76' lang='lat' dir='ltr'><strong>sic</strong></span> <span class='ocrx_word' id='word_1_433' title='bbox 1137 3394 1390 3450; x_wconf 72' lang='lat' dir='ltr'><strong>divinatio</strong></span> <span class='ocrx_word' id='word_1_434' title='bbox 1422 3406 1531 3462; x_wconf 84' lang='lat' dir='ltr'><strong>tua,</strong></span> <span class='ocrx_word' id='word_1_435' title='bbox 1560 3414 1663 3452; x_wconf 82' lang='lat' dir='ltr'><strong>non</strong></span> <span class='ocrx_word' id='word_1_436' title='bbox 1701 3413 1798 3452; x_wconf 72' lang='lat' dir='ltr'><strong>sic.</strong></span> 
     </span>
    </p>
   </div>
   <div class='ocr_carea' id='block_1_67' title="bbox 668 3481 2168 3556">
    <p class='ocr_par' dir='ltr' id='par_1_67' title="bbox 668 3481 2168 3556">
     <span class='ocr_line' id='line_1_67' title="bbox 668 3481 2168 3556; baseline 0.004 -21"><span class='ocrx_word' id='word_1_437' title='bbox 668 3481 894 3546; x_wconf 88' lang='lat' dir='ltr'><strong>Sustuli,</strong></span> <span class='ocrx_word' id='word_1_438' title='bbox 926 3482 1119 3553; x_wconf 89' lang='lat' dir='ltr'><strong>inquit,</strong></span> <span class='ocrx_word' id='word_1_439' title='bbox 1156 3484 1321 3554; x_wconf 83' lang='lat' dir='ltr'><strong>igitur</strong></span> <span class='ocrx_word' id='word_1_440' title='bbox 1364 3501 1463 3556; x_wconf 82' lang='lat' dir='ltr'><strong>ego</strong></span> <span class='ocrx_word' id='word_1_441' title='bbox 1528 3487 1856 3555; x_wconf 89' lang='lat' dir='ltr'><strong>superbiam,</strong></span> <span class='ocrx_word' id='word_1_442' title='bbox 1885 3485 1989 3541; x_wconf 86' lang='lat' dir='ltr'><strong>hoc</strong></span> <span class='ocrx_word' id='word_1_443' title='bbox 2044 3493 2168 3551; x_wconf 88' lang='lat' dir='ltr'><strong>est,</strong></span> 
     </span>
    </p>
   </div>
   <div class='ocr_carea' id='block_1_68' title="bbox 594 3571 2171 3650">
    <p class='ocr_par' dir='ltr' id='par_1_68' title="bbox 594 3571 2171 3650">
     <span class='ocr_line' id='line_1_68' title="bbox 594 3571 2171 3650; baseline 0.004 -24"><span class='ocrx_word' id='word_1_444' title='bbox 594 3571 771 3627; x_wconf 84' lang='lat' dir='ltr'><strong>excidi</strong></span> <span class='ocrx_word' id='word_1_445' title='bbox 826 3572 1005 3639; x_wconf 82' lang='lat' dir='ltr'><strong>Moab,</strong></span> <span class='ocrx_word' id='word_1_446' title='bbox 1043 3576 1137 3630; x_wconf 89' lang='lat' dir='ltr'><strong>sed</strong></span> <span class='ocrx_word' id='word_1_447' title='bbox 1214 3577 1327 3632; x_wconf 69' lang='lat' dir='ltr'><strong>haec</strong></span> <span class='ocrx_word' id='word_1_448' title='bbox 1400 3578 1494 3634; x_wconf 88' lang='lat' dir='ltr'><strong>tibi</strong></span> <span class='ocrx_word' id='word_1_449' title='bbox 1566 3594 1674 3633; x_wconf 89' lang='lat' dir='ltr'><strong>non</strong></span> <span class='ocrx_word' id='word_1_450' title='bbox 1743 3579 2171 3650; x_wconf 67' lang='lat' dir='ltr'><strong>praenuntiarunt</strong></span> 
     </span>
    </p>
   </div>
   <div class='ocr_carea' id='block_1_69' title="bbox 594 3662 2165 3737">
    <p class='ocr_par' dir='ltr' id='par_1_69' title="bbox 594 3662 2165 3737">
     <span class='ocr_line' id='line_1_69' title="bbox 594 3662 2165 3737; baseline 0.007 -23"><span class='ocrx_word' id='word_1_451' title='bbox 594 3662 843 3717; x_wconf 85' lang='lat' dir='ltr'><strong>vaticinia</strong></span> <span class='ocrx_word' id='word_1_452' title='bbox 877 3672 986 3717; x_wconf 90' lang='lat' dir='ltr'><strong>tua.</strong></span> <span class='ocrx_word' id='word_1_453' title='bbox 1022 3665 1425 3723; x_wconf 80' lang='lat' dir='ltr'><strong>Annuntiarunt</strong></span> <span class='ocrx_word' id='word_1_454' title='bbox 1475 3669 1619 3725; x_wconf 90' lang='lat' dir='ltr'><strong>enim</strong></span> <span class='ocrx_word' id='word_1_455' title='bbox 1693 3670 1926 3725; x_wconf 87' lang='lat' dir='ltr'><strong>falsidici</strong></span> <span class='ocrx_word' id='word_1_456' title='bbox 1993 3679 2165 3737; x_wconf 89' lang='lat' dir='ltr'><strong>vates,</strong></span> 
     </span>
    </p>
   </div>
   <div class='ocr_carea' id='block_1_70' title="bbox 596 3756 2171 3829">
    <p class='ocr_par' dir='ltr' id='par_1_70' title="bbox 596 3756 2171 3829">
     <span class='ocr_line' id='line_1_70' title="bbox 596 3756 2171 3829; baseline 0.006 -21"><span class='ocrx_word' id='word_1_457' title='bbox 596 3756 738 3823; x_wconf 90' lang='lat' dir='ltr'><strong>quod</strong></span> <span class='ocrx_word' id='word_1_458' title='bbox 765 3756 988 3813; x_wconf 90' lang='lat' dir='ltr'><strong>bellicas</strong></span> <span class='ocrx_word' id='word_1_459' title='bbox 1017 3758 1350 3815; x_wconf 85' lang='lat' dir='ltr'><strong>incursiones</strong></span> <span class='ocrx_word' id='word_1_460' title='bbox 1373 3761 1675 3829; x_wconf 87' lang='lat' dir='ltr'><strong>superabis,</strong></span> <span class='ocrx_word' id='word_1_461' title='bbox 1696 3776 1760 3817; x_wconf 88' lang='lat' dir='ltr'><strong>ac</strong></span> <span class='ocrx_word' id='word_1_462' title='bbox 1792 3761 1949 3817; x_wconf 81' lang='lat' dir='ltr'><strong>facile</strong></span> <span class='ocrx_word' id='word_1_463' title='bbox 1982 3763 2171 3817; x_wconf 92' lang='lat' dir='ltr'><strong>vinces</strong></span> 
     </span>
    </p>
   </div>
   <div class='ocr_carea' id='block_1_71' title="bbox 596 3845 2169 3919">
    <p class='ocr_par' dir='ltr' id='par_1_71' title="bbox 596 3845 2169 3919">
     <span class='ocr_line' id='line_1_71' title="bbox 596 3845 2169 3919; baseline 0.006 -21"><span class='ocrx_word' id='word_1_464' title='bbox 596 3845 956 3912; x_wconf 82' lang='lat' dir='ltr'><strong>adversarios,</strong></span> <span class='ocrx_word' id='word_1_465' title='bbox 993 3862 1165 3917; x_wconf 85' lang='lat' dir='ltr'><strong>neque</strong></span> <span class='ocrx_word' id='word_1_466' title='bbox 1189 3852 1304 3918; x_wconf 89' lang='lat' dir='ltr'><strong>capi</strong></span> <span class='ocrx_word' id='word_1_467' title='bbox 1346 3851 1547 3919; x_wconf 87' lang='lat' dir='ltr'><strong>poteris</strong></span> <span class='ocrx_word' id='word_1_468' title='bbox 1576 3853 1643 3906; x_wconf 89' lang='lat' dir='ltr'><strong>ab</strong></span> <span class='ocrx_word' id='word_1_469' title='bbox 1673 3851 1945 3917; x_wconf 84' lang='lat' dir='ltr'><strong>hostibus,</strong></span> <span class='ocrx_word' id='word_1_470' title='bbox 1980 3852 2169 3907; x_wconf 89' lang='lat' dir='ltr'><strong>victis-</strong></span> 
     </span>
    </p>
   </div>
   <div class='ocr_carea' id='block_1_72' title="bbox 596 3938 2172 4008">
    <p class='ocr_par' dir='ltr' id='par_1_72' title="bbox 596 3938 2172 4008">
     <span class='ocr_line' id='line_1_72' title="bbox 596 3938 2172 4008; baseline 0.004 -17"><span class='ocrx_word' id='word_1_471' title='bbox 596 3953 702 4008; x_wconf 87' lang='lat' dir='ltr'><strong>que</strong></span> <span class='ocrx_word' id='word_1_472' title='bbox 772 3938 980 3994; x_wconf 88' lang='lat' dir='ltr'><strong>illudes.</strong></span> <span class='ocrx_word' id='word_1_473' title='bbox 1018 3940 1214 3996; x_wconf 83' lang='lat' dir='ltr'><strong>Verum</strong></span> <span class='ocrx_word' id='word_1_474' title='bbox 1291 3943 1405 3999; x_wconf 64' lang='lat' dir='ltr'><strong>haec</strong></span> <span class='ocrx_word' id='word_1_475' title='bbox 1452 3943 1528 3997; x_wconf 88' lang='lat' dir='ltr'><strong>ita</strong></span> <span class='ocrx_word' id='word_1_476' title='bbox 1587 3959 1647 3999; x_wconf 91' lang='lat' dir='ltr'><strong>se</strong></span> <span class='ocrx_word' id='word_1_477' title='bbox 1688 3959 1793 4006; x_wconf 85' lang='lat' dir='ltr'><strong>non</strong></span> <span class='ocrx_word' id='word_1_478' title='bbox 1855 3943 2072 4007; x_wconf 90' lang='lat' dir='ltr'><strong>habent,</strong></span> <span class='ocrx_word' id='word_1_479' title='bbox 2117 3952 2172 3997; x_wconf 90' lang='lat' dir='ltr'><strong>at</strong></span> 
     </span>
    </p>
   </div>
   <div class='ocr_carea' id='block_1_73' title="bbox 596 4029 2167 4100">
    <p class='ocr_par' dir='ltr' id='par_1_73' title="bbox 596 4029 2167 4100">
     <span class='ocr_line' id='line_1_73' title="bbox 596 4029 2167 4100; baseline 0.003 -18"><span class='ocrx_word' id='word_1_480' title='bbox 596 4029 884 4100; x_wconf 90' lang='lat' dir='ltr'><strong>plurimum</strong></span> <span class='ocrx_word' id='word_1_481' title='bbox 929 4032 1101 4095; x_wconf 89' lang='lat' dir='ltr'><strong>abest,</strong></span> <span class='ocrx_word' id='word_1_482' title='bbox 1134 4032 1242 4087; x_wconf 90' lang='lat' dir='ltr'><strong>imo</strong></span> <span class='ocrx_word' id='word_1_483' title='bbox 1291 4032 1344 4087; x_wconf 81' lang='lat' dir='ltr'><strong>in</strong></span> <span class='ocrx_word' id='word_1_484' title='bbox 1405 4034 1675 4090; x_wconf 87' lang='lat' dir='ltr'><strong>diversum</strong></span> <span class='ocrx_word' id='word_1_485' title='bbox 1730 4035 1927 4095; x_wconf 84' lang='lat' dir='ltr'><strong>evenit,</strong></span> <span class='ocrx_word' id='word_1_486' title='bbox 1959 4044 2013 4088; x_wconf 90' lang='lat' dir='ltr'><strong>et</strong></span> <span class='ocrx_word' id='word_1_487' title='bbox 2064 4050 2167 4089; x_wconf 92' lang='lat' dir='ltr'><strong>non</strong></span> 
     </span>
    </p>
   </div>
   <div class='ocr_carea' id='block_1_74' title="bbox 597 4123 2172 4192">
    <p class='ocr_par' dir='ltr' id='par_1_74' title="bbox 597 4123 2172 4192">
     <span class='ocr_line' id='line_1_74' title="bbox 597 4123 2172 4192; baseline 0.003 -17"><span class='ocrx_word' id='word_1_488' title='bbox 597 4136 694 4191; x_wconf 89' lang='lat' dir='ltr'><strong>pro</strong></span> <span class='ocrx_word' id='word_1_489' title='bbox 736 4130 860 4178; x_wconf 86' lang='lat' dir='ltr'><strong>voto</strong></span> <span class='ocrx_word' id='word_1_490' title='bbox 901 4137 963 4177; x_wconf 91' lang='lat' dir='ltr'><strong>ac</strong></span> <span class='ocrx_word' id='word_1_491' title='bbox 1006 4137 1123 4192; x_wconf 87' lang='lat' dir='ltr'><strong>spe,</strong></span> <span class='ocrx_word' id='word_1_492' title='bbox 1157 4140 1335 4179; x_wconf 89' lang='lat' dir='ltr'><strong>rerum</strong></span> <span class='ocrx_word' id='word_1_493' title='bbox 1382 4125 1488 4180; x_wconf 88' lang='lat' dir='ltr'><strong>erit</strong></span> <span class='ocrx_word' id='word_1_494' title='bbox 1533 4126 1731 4180; x_wconf 79' lang='lat' dir='ltr'><strong>exitus.</strong></span> <span class='ocrx_word' id='word_1_495' title='bbox 1760 4123 1986 4180; x_wconf 83' lang='lat' dir='ltr'><strong>Dilllcile</strong></span> <span class='ocrx_word' id='word_1_496' title='bbox 2010 4124 2172 4190; x_wconf 76' lang='lat' dir='ltr'><strong>igitur</strong></span> 
     </span>
    </p>
   </div>
   <div class='ocr_carea' id='block_1_75' title="bbox 595 4214 2168 4280">
    <p class='ocr_par' dir='ltr' id='par_1_75' title="bbox 595 4214 2168 4280">
     <span class='ocr_line' id='line_1_75' title="bbox 595 4214 2168 4280; baseline 0.001 -13"><span class='ocrx_word' id='word_1_497' title='bbox 595 4221 652 4267; x_wconf 92' lang='lat' dir='ltr'><strong>et</strong></span> <span class='ocrx_word' id='word_1_498' title='bbox 702 4227 828 4269; x_wconf 90' lang='lat' dir='ltr'><strong>vere</strong></span> <span class='ocrx_word' id='word_1_499' title='bbox 886 4214 1102 4268; x_wconf 88' lang='lat' dir='ltr'><strong>noxium</strong></span> <span class='ocrx_word' id='word_1_500' title='bbox 1138 4214 1475 4270; x_wconf 89' lang='lat' dir='ltr'><strong>irridentium</strong></span> <span class='ocrx_word' id='word_1_501' title='bbox 1522 4231 1800 4272; x_wconf 86' lang='lat' dir='ltr'><strong>sermones</strong></span> <span class='ocrx_word' id='word_1_502' title='bbox 1863 4215 2168 4280; x_wconf 87' lang='lat' dir='ltr'><strong>attendere,</strong></span> 
     </span>
    </p>
   </div>
   <div class='ocr_carea' id='block_1_76' title="bbox 595 4304 2169 4377">
    <p class='ocr_par' dir='ltr' id='par_1_76' title="bbox 595 4304 2169 4377">
     <span class='ocr_line' id='line_1_76' title="bbox 595 4304 2169 4377; baseline 0.001 -19"><span class='ocrx_word' id='word_1_503' title='bbox 595 4314 650 4358; x_wconf 91' lang='lat' dir='ltr'><strong>et</strong></span> <span class='ocrx_word' id='word_1_504' title='bbox 692 4304 1138 4375; x_wconf 68' lang='lat' dir='ltr'><strong>praestigiatorum</strong></span> <span class='ocrx_word' id='word_1_505' title='bbox 1167 4305 1390 4362; x_wconf 89' lang='lat' dir='ltr'><strong>vocibus</strong></span> <span class='ocrx_word' id='word_1_506' title='bbox 1438 4305 1631 4377; x_wconf 83' lang='lat' dir='ltr'><strong>abripi,</strong></span> <span class='ocrx_word' id='word_1_507' title='bbox 1659 4321 1780 4377; x_wconf 74' lang='lat' dir='ltr'><strong>quze</strong></span> <span class='ocrx_word' id='word_1_508' title='bbox 1819 4305 1975 4376; x_wconf 86' lang='lat' dir='ltr'><strong>juxta</strong></span> <span class='ocrx_word' id='word_1_509' title='bbox 2021 4321 2169 4376; x_wconf 91' lang='lat' dir='ltr'><strong>spem</strong></span> 
     </span>
    </p>
   </div>
   <div class='ocr_carea' id='block_1_77' title="bbox 596 4395 1185 4465">
    <p class='ocr_par' dir='ltr' id='par_1_77' title="bbox 596 4395 1185 4465">
     <span class='ocr_line' id='line_1_77' title="bbox 596 4395 1185 4465; baseline 0.003 -16"><span class='ocrx_word' id='word_1_510' title='bbox 596 4409 867 4465; x_wconf 81' lang='lat' dir='ltr'><strong>nunquam</strong></span> <span class='ocrx_word' id='word_1_511' title='bbox 916 4395 1185 4451; x_wconf 83' lang='lat' dir='ltr'><strong>evenient.</strong></span> 
     </span>
    </p>
   </div>
   <div class='ocr_carea' id='block_1_78' title="bbox 669 4658 2171 4719">
    <p class='ocr_par' dir='ltr' id='par_1_78' title="bbox 669 4658 2171 4719">
     <span class='ocr_line' id='line_1_78' title="bbox 669 4658 2171 4719; baseline 0.003 -5"><span class='ocrx_word' id='word_1_512' title='bbox 669 4662 831 4717; x_wconf 70' lang='lat' dir='ltr'><strong>Vens.</strong></span> <span class='ocrx_word' id='word_1_513' title='bbox 876 4660 932 4713; x_wconf 90' lang='lat'><strong>7.</strong></span> <span class='ocrx_word' id='word_1_514' title='bbox 1004 4658 1239 4714; x_wconf 81' lang='lat' dir='ltr'><strong>Ululabit</strong></span> <span class='ocrx_word' id='word_1_515' title='bbox 1302 4659 1507 4717; x_wconf 82' lang='lat' dir='ltr'><strong>Moab:</strong></span> <span class='ocrx_word' id='word_1_516' title='bbox 1541 4662 1593 4717; x_wconf 88' lang='lat' dir='ltr'><strong>in</strong></span> <span class='ocrx_word' id='word_1_517' title='bbox 1664 4661 1954 4718; x_wconf 76' lang='lat' dir='ltr'><strong>Moabitide</strong></span> <span class='ocrx_word' id='word_1_518' title='bbox 2031 4664 2171 4719; x_wconf 85' lang='lat' dir='ltr'><strong>enim</strong></span> 
     </span>
    </p>
   </div>
   <div class='ocr_carea' id='block_1_79' title="bbox 600 4751 2168 4820">
    <p class='ocr_par' dir='ltr' id='par_1_79' title="bbox 600 4751 2168 4820">
     <span class='ocr_line' id='line_1_79' title="bbox 600 4751 2168 4820; baseline 0.003 -14"><span class='ocrx_word' id='word_1_519' title='bbox 600 4769 778 4807; x_wconf 75' lang='lat' dir='ltr'><strong>omnes</strong></span> <span class='ocrx_word' id='word_1_520' title='bbox 864 4753 1167 4820; x_wconf 78' lang='lat' dir='ltr'><strong>plorabant,</strong></span> <span class='ocrx_word' id='word_1_521' title='bbox 1226 4751 1637 4808; x_wconf 71' lang='lat' dir='ltr'><strong>inhabitantibus</strong></span> <span class='ocrx_word' id='word_1_522' title='bbox 1698 4753 1888 4810; x_wconf 67' lang='lat' dir='ltr'><strong>Decet/1</strong></span> <span class='ocrx_word' id='word_1_523' title='bbox 1944 4756 2168 4811; x_wconf 83' lang='lat' dir='ltr'><strong>medita-</strong></span> 
     </span>
    </p>
   </div>
   <div class='ocr_carea' id='block_1_80' title="bbox 599 4845 785 4897">
    <p class='ocr_par' dir='ltr' id='par_1_80' title="bbox 599 4845 785 4897">
     <span class='ocr_line' id='line_1_80' title="bbox 599 4845 785 4897; baseline 0 0"><span class='ocrx_word' id='word_1_524' title='bbox 599 4845 785 4897; x_wconf 75' lang='lat' dir='ltr'><strong>tiones.</strong></span> 
     </span>
    </p>
   </div>
   <div class='ocr_carea' id='block_1_81' title="bbox 668 4932 2171 5007">
    <p class='ocr_par' dir='ltr' id='par_1_81' title="bbox 668 4932 2171 5007">
     <span class='ocr_line' id='line_1_81' title="bbox 668 4932 2171 5007; baseline 0.005 -20"><span class='ocrx_word' id='word_1_525' title='bbox 668 4934 821 5001; x_wconf 83' lang='lat' dir='ltr'><strong>Quod</strong></span> <span class='ocrx_word' id='word_1_526' title='bbox 874 4947 981 4989; x_wconf 89' lang='lat' dir='ltr'><strong>non</strong></span> <span class='ocrx_word' id='word_1_527' title='bbox 1022 4932 1095 4988; x_wconf 89' lang='lat' dir='ltr'><strong>ita</strong></span> <span class='ocrx_word' id='word_1_528' title='bbox 1146 4941 1205 4988; x_wconf 92' lang='lat' dir='ltr'><strong>ut</strong></span> <span class='ocrx_word' id='word_1_529' title='bbox 1230 4943 1608 5004; x_wconf 71' lang='lat' dir='ltr'><strong>exspecmrant</strong></span> <span class='ocrx_word' id='word_1_530' title='bbox 1645 4935 1841 4991; x_wconf 89' lang='lat' dir='ltr'><strong>cecidit</strong></span> <span class='ocrx_word' id='word_1_531' title='bbox 1884 4937 2171 5007; x_wconf 86' lang='lat' dir='ltr'><strong>divinatio,</strong></span> 
     </span>
    </p>
   </div>
   <div class='ocr_carea' id='block_1_82' title="bbox 598 5026 2168 5100">
    <p class='ocr_par' dir='ltr' id='par_1_82' title="bbox 598 5026 2168 5100">
     <span class='ocr_line' id='line_1_82' title="bbox 598 5026 2168 5100; baseline 0.002 -17"><span class='ocrx_word' id='word_1_532' title='bbox 598 5028 692 5083; x_wconf 81' lang='lat' dir='ltr'><strong>sed</strong></span> <span class='ocrx_word' id='word_1_533' title='bbox 744 5026 902 5083; x_wconf 89' lang='lat' dir='ltr'><strong>aliter</strong></span> <span class='ocrx_word' id='word_1_534' title='bbox 948 5028 1276 5097; x_wconf 89' lang='lat' dir='ltr'><strong>omninoque</strong></span> <span class='ocrx_word' id='word_1_535' title='bbox 1300 5027 1534 5095; x_wconf 77' lang='lat' dir='ltr'><strong>diverse,</strong></span> <span class='ocrx_word' id='word_1_536' title='bbox 1571 5027 1908 5085; x_wconf 89' lang='lat' dir='ltr'><strong>demonstrat</strong></span> <span class='ocrx_word' id='word_1_537' title='bbox 1945 5029 2168 5100; x_wconf 92' lang='lat' dir='ltr'><strong>liquido,</strong></span> 
     </span>
    </p>
   </div>
   <div class='ocr_carea' id='block_1_83' title="bbox 2271 3212 3635 3292">
    <p class='ocr_par' dir='ltr' id='par_1_83' title="bbox 2271 3212 3635 3292">
     <span class='ocr_line' id='line_1_83' title="bbox 2271 3212 3635 3292; baseline -0.007 -16"><span class='ocrx_word' id='word_1_538' title='bbox 2271 3219 2447 3276; x_wconf 84' lang='grc' dir='ltr'>Μωάϐ</span> <span class='ocrx_word' id='word_1_539' title='bbox 2478 3220 2554 3284; x_wconf 83' lang='grc' dir='ltr'><strong>ὡς</strong></span> <span class='ocrx_word' id='word_1_540' title='bbox 2581 3220 2869 3292; x_wconf 82' lang='grc' dir='ltr'>ἀφορήτως</span> <span class='ocrx_word' id='word_1_541' title='bbox 2902 3214 3165 3287; x_wconf 82' lang='grc' dir='ltr'>νοσούσης</span> <span class='ocrx_word' id='word_1_542' title='bbox 3190 3213 3289 3286; x_wconf 77' lang='grc' dir='ltr'><strong>τὴν</strong></span> <span class='ocrx_word' id='word_1_543' title='bbox 3313 3212 3635 3285; x_wconf 71' lang='grc' dir='ltr'>ὑπεροψίαν.</span> 
     </span>
    </p>
   </div>
   <div class='ocr_carea' id='block_1_84' title="bbox 2347 3393 3555 3467">
    <p class='ocr_par' dir='ltr' id='par_1_84' title="bbox 2347 3393 3555 3467">
     <span class='ocr_line' id='line_1_84' title="bbox 2347 3393 3555 3467; baseline -0.007 -13"><span class='ocrx_word' id='word_1_544' title='bbox 2347 3400 2470 3467; x_wconf 79' lang='grc' dir='ltr'><strong>Οὐχ</strong></span> <span class='ocrx_word' id='word_1_545' title='bbox 2497 3398 2684 3465; x_wconf 84' lang='grc' dir='ltr'>οὕτως</span> <span class='ocrx_word' id='word_1_546' title='bbox 2716 3398 2754 3466; x_wconf 80' lang='grc' dir='ltr'>ἡ</span> <span class='ocrx_word' id='word_1_547' title='bbox 2777 3396 3028 3466; x_wconf 80' lang='grc' dir='ltr'>μαντεία</span> <span class='ocrx_word' id='word_1_548' title='bbox 3050 3410 3188 3462; x_wconf 82' lang='grc' dir='ltr'>σου,</span> <span class='ocrx_word' id='word_1_549' title='bbox 3215 3395 3328 3463; x_wconf 83' lang='grc' dir='ltr'>οὐχ</span> <span class='ocrx_word' id='word_1_550' title='bbox 3350 3393 3555 3457; x_wconf 82' lang='grc' dir='ltr'>οὕτως.</span> 
     </span>
    </p>
   </div>
   <div class='ocr_carea' id='block_1_85' title="bbox 2355 3472 3861 3560">
    <p class='ocr_par' dir='ltr' id='par_1_85' title="bbox 2355 3472 3861 3560">
     <span class='ocr_line' id='line_1_85' title="bbox 2355 3472 3861 3560; baseline -0.007 -17"><span class='ocrx_word' id='word_1_551' title='bbox 2355 3489 2556 3559; x_wconf 77' lang='grc' dir='ltr'>Ἐξῆρα</span> <span class='ocrx_word' id='word_1_552' title='bbox 2586 3488 2687 3560; x_wconf 79' lang='grc' dir='ltr'>μὲν</span> <span class='ocrx_word' id='word_1_553' title='bbox 2725 3488 2825 3541; x_wconf 87' lang='grc' dir='ltr'><strong>οὑκ</strong></span> <span class='ocrx_word' id='word_1_554' title='bbox 2858 3486 2968 3556; x_wconf 81' lang='grc' dir='ltr'>ἐγὼ</span> <span class='ocrx_word' id='word_1_555' title='bbox 2998 3486 3097 3557; x_wconf 79' lang='grc' dir='ltr'>τὴν</span> <span class='ocrx_word' id='word_1_556' title='bbox 3125 3482 3505 3556; x_wconf 82' lang='grc' dir='ltr'>ὑπερηφανίαν</span> <span class='ocrx_word' id='word_1_557' title='bbox 3547 3498 3664 3545; x_wconf 87' lang='grc' dir='ltr'>σου,</span> <span class='ocrx_word' id='word_1_558' title='bbox 3700 3472 3861 3551; x_wconf 78' lang='grc' dir='ltr'>φησὶ,</span> 
     </span>
    </p>
   </div>
   <div class='ocr_carea' id='block_1_86' title="bbox 2276 3569 3864 3649">
    <p class='ocr_par' dir='ltr' id='par_1_86' title="bbox 2276 3569 3864 3649">
     <span class='ocr_line' id='line_1_86' title="bbox 2276 3569 3864 3649; baseline -0.007 -15"><span class='ocrx_word' id='word_1_559' title='bbox 2276 3579 2422 3635; x_wconf 80' lang='grc' dir='ltr'>τοῦτ’</span> <span class='ocrx_word' id='word_1_560' title='bbox 2454 3580 2621 3645; x_wconf 80' lang='grc' dir='ltr'>ἐστιν,</span> <span class='ocrx_word' id='word_1_561' title='bbox 2673 3577 2907 3649; x_wconf 74' lang='grc' dir='ltr'>ἐξέκοψα</span> <span class='ocrx_word' id='word_1_562' title='bbox 2942 3578 3041 3648; x_wconf 82' lang='grc' dir='ltr'>τὴν</span> <span class='ocrx_word' id='word_1_563' title='bbox 3080 3575 3257 3631; x_wconf 81' lang='grc' dir='ltr'>Μωάϐ</span> <span class='ocrx_word' id='word_1_564' title='bbox 3281 3618 3296 3642; x_wconf 92' lang='grc'><strong>,</strong></span> <span class='ocrx_word' id='word_1_565' title='bbox 3324 3572 3436 3628; x_wconf 85' lang='grc' dir='ltr'>ἀλλ’</span> <span class='ocrx_word' id='word_1_566' title='bbox 3473 3572 3535 3627; x_wconf 90' lang='grc' dir='ltr'><strong>οὑ</strong></span> <span class='ocrx_word' id='word_1_567' title='bbox 3581 3569 3760 3626; x_wconf 78' lang='grc' dir='ltr'>ταῦτά</span> <span class='ocrx_word' id='word_1_568' title='bbox 3781 3587 3864 3624; x_wconf 88' lang='grc' dir='ltr'><strong>σοι</strong></span> 
     </span>
    </p>
   </div>
   <div class='ocr_carea' id='block_1_87' title="bbox 2276 3662 3866 3744">
    <p class='ocr_par' dir='ltr' id='par_1_87' title="bbox 2276 3662 3866 3744">
     <span class='ocr_line' id='line_1_87' title="bbox 2276 3662 3866 3744; baseline -0.004 -20"><span class='ocrx_word' id='word_1_569' title='bbox 2276 3670 2645 3744; x_wconf 77' lang='grc' dir='ltr'>προήγγελ).ον</span> <span class='ocrx_word' id='word_1_570' title='bbox 2672 3672 2727 3724; x_wconf 84' lang='grc' dir='ltr'>αἱ</span> <span class='ocrx_word' id='word_1_571' title='bbox 2754 3669 2903 3741; x_wconf 87' lang='grc' dir='ltr'><strong>παρά</strong></span> <span class='ocrx_word' id='word_1_572' title='bbox 2924 3668 3017 3722; x_wconf 83' lang='grc' dir='ltr'>σοῦ</span> <span class='ocrx_word' id='word_1_573' title='bbox 3041 3672 3059 3691; x_wconf 81' lang='lat'><strong><em>‘</em></strong></span> <span class='ocrx_word' id='word_1_574' title='bbox 3093 3667 3387 3739; x_wconf 83' lang='grc' dir='ltr'>ἁμαρτίαι.</span> <span class='ocrx_word' id='word_1_575' title='bbox 3433 3662 3866 3734; x_wconf 81' lang='grc' dir='ltr'>Ἐπηγγέλλοντο</span> 
     </span>
    </p>
   </div>
   <div class='ocr_carea' id='block_1_88' title="bbox 2275 3752 3863 3833">
    <p class='ocr_par' dir='ltr' id='par_1_88' title="bbox 2275 3752 3863 3833">
     <span class='ocr_line' id='line_1_88' title="bbox 2275 3752 3863 3833; baseline -0.006 -18"><span class='ocrx_word' id='word_1_576' title='bbox 2275 3762 2385 3833; x_wconf 78' lang='grc' dir='ltr'><strong>γὰρ</strong></span> <span class='ocrx_word' id='word_1_577' title='bbox 2413 3759 2839 3831; x_wconf 77' lang='grc' dir='ltr'>ψευδοεποῦντες</span> <span class='ocrx_word' id='word_1_578' title='bbox 2863 3759 2912 3812; x_wconf 90' lang='grc' dir='ltr'><strong>οί</strong></span> <span class='ocrx_word' id='word_1_579' title='bbox 2940 3759 3181 3829; x_wconf 89' lang='grc' dir='ltr'>μάντεις,</span> <span class='ocrx_word' id='word_1_580' title='bbox 3208 3759 3291 3811; x_wconf 77' lang='grc' dir='ltr'>ὅτι</span> <span class='ocrx_word' id='word_1_581' title='bbox 3326 3756 3420 3811; x_wconf 60' lang='grc' dir='ltr'><strong>καὶ¹</strong></span> <span class='ocrx_word' id='word_1_582' title='bbox 3456 3756 3725 3827; x_wconf 86' lang='grc' dir='ltr'>κρείττων</span> <span class='ocrx_word' id='word_1_583' title='bbox 3759 3752 3863 3825; x_wconf 77' lang='grc' dir='ltr'><strong>ἔσῃ</strong></span> 
     </span>
    </p>
   </div>
   <div class='ocr_carea' id='block_1_89' title="bbox 2274 3845 3866 3925">
    <p class='ocr_par' dir='ltr' id='par_1_89' title="bbox 2274 3845 3866 3925">
     <span class='ocr_line' id='line_1_89' title="bbox 2274 3845 3866 3925; baseline -0.006 -18"><span class='ocrx_word' id='word_1_584' title='bbox 2274 3855 2374 3925; x_wconf 81' lang='grc' dir='ltr'>τῆς</span> <span class='ocrx_word' id='word_1_585' title='bbox 2406 3852 2500 3907; x_wconf 80' lang='grc' dir='ltr'>τοῦ</span> <span class='ocrx_word' id='word_1_586' title='bbox 2532 3851 2770 3922; x_wconf 82' lang='grc' dir='ltr'>πολέμου</span> <span class='ocrx_word' id='word_1_587' title='bbox 2816 3850 3144 3922; x_wconf 77' lang='grc' dir='ltr'>προσϐολῆς,</span> <span class='ocrx_word' id='word_1_588' title='bbox 3185 3849 3282 3903; x_wconf 75' lang='grc' dir='ltr'>καὶ</span> <span class='ocrx_word' id='word_1_589' title='bbox 3313 3849 3556 3920; x_wconf 84' lang='grc' dir='ltr'>νικήσεις</span> <span class='ocrx_word' id='word_1_590' title='bbox 3616 3845 3866 3909; x_wconf 75' lang='grc' dir='ltr'>εὐπετῶς</span> 
     </span>
    </p>
   </div>
   <div class='ocr_carea' id='block_1_90' title="bbox 2275 3937 3865 4015">
    <p class='ocr_par' dir='ltr' id='par_1_90' title="bbox 2275 3937 3865 4015">
     <span class='ocr_line' id='line_1_90' title="bbox 2275 3937 3865 4015; baseline -0.006 -16"><span class='ocrx_word' id='word_1_591' title='bbox 2275 3946 2400 4008; x_wconf 81' lang='grc' dir='ltr'>τοὺς</span> <span class='ocrx_word' id='word_1_592' title='bbox 2453 3943 2872 4015; x_wconf 88' lang='grc' dir='ltr'>ἀνθεστηκότας,</span> <span class='ocrx_word' id='word_1_593' title='bbox 2908 3943 3002 3996; x_wconf 78' lang='grc' dir='ltr'>καὶ</span> <span class='ocrx_word' id='word_1_594' title='bbox 3039 3941 3312 4004; x_wconf 84' lang='grc' dir='ltr'>ἀνάλωτος</span> <span class='ocrx_word' id='word_1_595' title='bbox 3344 3939 3441 4012; x_wconf 73' lang='grc' dir='ltr'><strong>ἔσῃ</strong></span> <span class='ocrx_word' id='word_1_596' title='bbox 3480 3941 3594 4002; x_wconf 90' lang='grc' dir='ltr'>τοῖς</span> <span class='ocrx_word' id='word_1_597' title='bbox 3624 3937 3865 4009; x_wconf 86' lang='grc' dir='ltr'>ἐχθροῖς,</span> 
     </span>
    </p>
   </div>
   <div class='ocr_carea' id='block_1_91' title="bbox 2278 4030 3868 4109">
    <p class='ocr_par' dir='ltr' id='par_1_91' title="bbox 2278 4030 3868 4109">
     <span class='ocr_line' id='line_1_91' title="bbox 2278 4030 3868 4109; baseline -0.004 -19"><span class='ocrx_word' id='word_1_598' title='bbox 2278 4038 2370 4091; x_wconf 73' lang='grc' dir='ltr'>καὶ</span> <span class='ocrx_word' id='word_1_599' title='bbox 2408 4036 2745 4109; x_wconf 78' lang='grc' dir='ltr'>ἡττωμένοις</span> <span class='ocrx_word' id='word_1_600' title='bbox 2784 4035 3163 4098; x_wconf 86' lang='grc' dir='ltr'>ἐπιτωθάσεις.</span> <span class='ocrx_word' id='word_1_601' title='bbox 3223 4033 3361 4086; x_wconf 85' lang='grc' dir='ltr'>Ἀλλ’</span> <span class='ocrx_word' id='word_1_602' title='bbox 3400 4033 3497 4102; x_wconf 90' lang='grc' dir='ltr'><strong>οὑχ</strong></span> <span class='ocrx_word' id='word_1_603' title='bbox 3532 4031 3708 4094; x_wconf 79' lang='grc' dir='ltr'>οὑτως</span> <span class='ocrx_word' id='word_1_604' title='bbox 3744 4030 3868 4084; x_wconf 79' lang='grc' dir='ltr'>αὖτ’</span> 
     </span>
    </p>
   </div>
   <div class='ocr_carea' id='block_1_92' title="bbox 2277 4121 3868 4201">
    <p class='ocr_par' dir='ltr' id='par_1_92' title="bbox 2277 4121 3868 4201">
     <span class='ocr_line' id='line_1_92' title="bbox 2277 4121 3868 4201; baseline -0.005 -19"><span class='ocrx_word' id='word_1_605' title='bbox 2277 4130 2409 4201; x_wconf 79' lang='grc' dir='ltr'>ἔχει,</span> <span class='ocrx_word' id='word_1_606' title='bbox 2444 4127 2641 4182; x_wconf 77' lang='grc' dir='ltr'>πολλοῦ</span> <span class='ocrx_word' id='word_1_607' title='bbox 2680 4145 2744 4195; x_wconf 92' lang='grc' dir='ltr'><strong>γε</strong></span> <span class='ocrx_word' id='word_1_608' title='bbox 2771 4128 2868 4181; x_wconf 77' lang='grc' dir='ltr'>καὶ</span> <span class='ocrx_word' id='word_1_609' title='bbox 2898 4127 2995 4181; x_wconf 88' lang='grc' dir='ltr'>δεῖ.</span> <span class='ocrx_word' id='word_1_610' title='bbox 3045 4126 3263 4181; x_wconf 80' lang='grc' dir='ltr'>Μᾶλλον</span> <span class='ocrx_word' id='word_1_611' title='bbox 3297 4124 3404 4197; x_wconf 83' lang='grc' dir='ltr'><strong>γὰρ</strong></span> <span class='ocrx_word' id='word_1_612' title='bbox 3436 4122 3596 4194; x_wconf 79' lang='grc' dir='ltr'>ἐξέϐη</span> <span class='ocrx_word' id='word_1_613' title='bbox 3629 4121 3769 4192; x_wconf 84' lang='grc' dir='ltr'>πρὸς</span> <span class='ocrx_word' id='word_1_614' title='bbox 3805 4122 3868 4175; x_wconf 84' lang='grc' dir='ltr'>τὸ</span> 
     </span>
    </p>
   </div>
   <div class='ocr_carea' id='block_1_93' title="bbox 2277 4214 3868 4290">
    <p class='ocr_par' dir='ltr' id='par_1_93' title="bbox 2277 4214 3868 4290">
     <span class='ocr_line' id='line_1_93' title="bbox 2277 4214 3868 4290; baseline -0.004 -15"><span class='ocrx_word' id='word_1_615' title='bbox 2277 4220 2537 4284; x_wconf 87' lang='grc' dir='ltr'>ἐναντίον,</span> <span class='ocrx_word' id='word_1_616' title='bbox 2572 4220 2665 4273; x_wconf 78' lang='grc' dir='ltr'>καὶ</span> <span class='ocrx_word' id='word_1_617' title='bbox 2682 4220 2740 4274; x_wconf 90' lang='grc' dir='ltr'><strong>οὑ</strong></span> <span class='ocrx_word' id='word_1_618' title='bbox 2765 4220 2885 4273; x_wconf 84' lang='grc' dir='ltr'>κατ’</span> <span class='ocrx_word' id='word_1_619' title='bbox 2908 4219 3099 4273; x_wconf 89' lang='grc' dir='ltr'>ἐλπίδα</span> <span class='ocrx_word' id='word_1_620' title='bbox 3117 4218 3237 4290; x_wconf 78' lang='grc' dir='ltr'>σὴν,</span> <span class='ocrx_word' id='word_1_621' title='bbox 3266 4217 3375 4270; x_wconf 88' lang='grc' dir='ltr'><strong>τῶν</strong></span> <span class='ocrx_word' id='word_1_622' title='bbox 3424 4215 3772 4289; x_wconf 88' lang='grc' dir='ltr'>πραγμάτων</span> <span class='ocrx_word' id='word_1_623' title='bbox 3806 4214 3868 4268; x_wconf 80' lang='grc' dir='ltr'>τὸ</span> 
     </span>
    </p>
   </div>
   <div class='ocr_carea' id='block_1_94' title="bbox 2280 4306 3866 4385">
    <p class='ocr_par' dir='ltr' id='par_1_94' title="bbox 2280 4306 3866 4385">
     <span class='ocr_line' id='line_1_94' title="bbox 2280 4306 3866 4385; baseline -0.004 -20"><span class='ocrx_word' id='word_1_624' title='bbox 2280 4312 2473 4385; x_wconf 82' lang='grc' dir='ltr'>πέρας.</span> <span class='ocrx_word' id='word_1_625' title='bbox 2516 4312 2876 4381; x_wconf 85' lang='grc' dir='ltr'>Παγχάλεπον</span> <span class='ocrx_word' id='word_1_626' title='bbox 2914 4306 3007 4366; x_wconf 79' lang='grc' dir='ltr'>οὖν</span> <span class='ocrx_word' id='word_1_627' title='bbox 3060 4310 3154 4365; x_wconf 76' lang='grc' dir='ltr'>καὶ</span> <span class='ocrx_word' id='word_1_628' title='bbox 3179 4308 3469 4379; x_wconf 80' lang='grc' dir='ltr'>ἐπιζήμιον</span> <span class='ocrx_word' id='word_1_629' title='bbox 3520 4306 3758 4376; x_wconf 86' lang='grc' dir='ltr'>ἀληθῶς,</span> <span class='ocrx_word' id='word_1_630' title='bbox 3804 4306 3866 4360; x_wconf 82' lang='grc' dir='ltr'>τὸ</span> 
     </span>
    </p>
   </div>
   <div class='ocr_carea' id='block_1_95' title="bbox 2277 4396 3865 4473">
    <p class='ocr_par' dir='ltr' id='par_1_95' title="bbox 2277 4396 3865 4473">
     <span class='ocr_line' id='line_1_95' title="bbox 2277 4396 3865 4473; baseline -0.004 -18"><span class='ocrx_word' id='word_1_631' title='bbox 2277 4407 2388 4466; x_wconf 90' lang='grc' dir='ltr'>τοῖς</span> <span class='ocrx_word' id='word_1_632' title='bbox 2412 4402 2519 4456; x_wconf 89' lang='grc' dir='ltr'><strong>τῶν</strong></span> <span class='ocrx_word' id='word_1_633' title='bbox 2542 4402 2936 4466; x_wconf 79' lang='grc' dir='ltr'>διαπαιζόντων</span> <span class='ocrx_word' id='word_1_634' title='bbox 2955 4402 3242 4473; x_wconf 84' lang='grc' dir='ltr'>προσέχειν</span> <span class='ocrx_word' id='word_1_635' title='bbox 3277 4400 3479 4468; x_wconf 88' lang='grc' dir='ltr'>λόγοις,</span> <span class='ocrx_word' id='word_1_636' title='bbox 3503 4398 3599 4452; x_wconf 70' lang='lat' dir='ltr'><strong>xui.</strong></span> <span class='ocrx_word' id='word_1_637' title='bbox 3616 4399 3736 4461; x_wconf 88' lang='grc' dir='ltr'>ταῖς</span> <span class='ocrx_word' id='word_1_638' title='bbox 3754 4396 3865 4450; x_wconf 84' lang='grc' dir='ltr'><strong>τῶν</strong></span> 
     </span>
    </p>
   </div>
   <div class='ocr_carea' id='block_1_96' title="bbox 2205 4487 3864 4565">
    <p class='ocr_par' dir='ltr' id='par_1_96' title="bbox 2205 4487 3864 4565">
     <span class='ocr_line' id='line_1_96' title="bbox 2205 4487 3864 4565; baseline -0.006 -14"><span class='ocrx_word' id='word_1_639' title='bbox 2205 4494 2251 4551; x_wconf 87' lang='lat' dir='ltr'><strong>D</strong></span> <span class='ocrx_word' id='word_1_640' title='bbox 2278 4493 2491 4565; x_wconf 88' lang='grc' dir='ltr'>γοητῶν</span> <span class='ocrx_word' id='word_1_641' title='bbox 2519 4493 2950 4564; x_wconf 80' lang='grc' dir='ltr'>ἀποκομίζεσθαι</span> <span class='ocrx_word' id='word_1_642' title='bbox 2970 4494 3192 4563; x_wconf 81' lang='grc' dir='ltr'>φωναῖς,</span> <span class='ocrx_word' id='word_1_643' title='bbox 3218 4493 3299 4556; x_wconf 89' lang='grc' dir='ltr'><strong>είς</strong></span> <span class='ocrx_word' id='word_1_644' title='bbox 3327 4490 3546 4554; x_wconf 84' lang='grc' dir='ltr'>ἐλπίδας</span> <span class='ocrx_word' id='word_1_645' title='bbox 3571 4490 3673 4543; x_wconf 89' lang='grc' dir='ltr'><strong>οὑκ</strong></span> <span class='ocrx_word' id='word_1_646' title='bbox 3701 4487 3864 4559; x_wconf 79' lang='grc' dir='ltr'>ἐκϐη-</span> 
     </span>
    </p>
   </div>
   <div class='ocr_carea' id='block_1_97' title="bbox 2271 4583 3863 4743">
    <p class='ocr_par' dir='ltr' id='par_1_97' title="bbox 2271 4583 3863 4743">
     <span class='ocr_line' id='line_1_97' title="bbox 2271 4583 3863 4743; baseline 0.053 -46"><span class='ocrx_word' id='word_1_647' title='bbox 2271 4583 2661 4741; x_wconf 49' lang='grc' dir='ltr'><strong>σοῗῧᾜέύξει</strong></span> <span class='ocrx_word' id='word_1_648' title='bbox 2683 4674 2882 4730; x_wconf 79' lang='grc' dir='ltr'>Μωὰϐ.</span> <span class='ocrx_word' id='word_1_649' title='bbox 2920 4673 3017 4726; x_wconf 81' lang='grc' dir='ltr'><strong>Ἐν</strong></span> <span class='ocrx_word' id='word_1_650' title='bbox 3051 4672 3161 4743; x_wconf 71' lang='grc' dir='ltr'>γὰρ</span> <span class='ocrx_word' id='word_1_651' title='bbox 3180 4670 3255 4741; x_wconf 75' lang='grc' dir='ltr'>τῆ</span> <span class='ocrx_word' id='word_1_652' title='bbox 3288 4669 3601 4726; x_wconf 66' lang='grc' dir='ltr'>Μωαθίτίδί</span> <span class='ocrx_word' id='word_1_653' title='bbox 3636 4668 3863 4735; x_wconf 60' lang='grc' dir='ltr'><strong>πάντες</strong></span> 
     </span>
    </p>
   </div>
   <div class='ocr_carea' id='block_1_98' title="bbox 2270 4760 3877 4842">
    <p class='ocr_par' dir='ltr' id='par_1_98' title="bbox 2270 4760 3877 4842">
     <span class='ocr_line' id='line_1_98' title="bbox 2270 4760 3877 4842; baseline -0.006 -19"><span class='ocrx_word' id='word_1_654' title='bbox 2270 4767 2645 4833; x_wconf 75' lang='grc' dir='ltr'><strong>ὀλολύξαυσι</strong></span> <span class='ocrx_word' id='word_1_655' title='bbox 2664 4783 2679 4797; x_wconf 76' lang='grc' dir='ltr'><strong>ο</strong></span> <span class='ocrx_word' id='word_1_656' title='bbox 2712 4765 2835 4833; x_wconf 86' lang='grc' dir='ltr'>τοῖς</span> <span class='ocrx_word' id='word_1_657' title='bbox 2865 4763 3213 4819; x_wconf 81' lang='grc' dir='ltr'>κατοικοῦσι</span> <span class='ocrx_word' id='word_1_658' title='bbox 3241 4760 3425 4817; x_wconf 76' lang='grc' dir='ltr'>Δεσὲθ</span> <span class='ocrx_word' id='word_1_659' title='bbox 3443 4760 3829 4832; x_wconf 61' lang='grc' dir='ltr'>μελετήσας.</span> <span class='ocrx_word' id='word_1_660' title='bbox 3870 4830 3877 4842; x_wconf 36' lang='grc'>.</span> 
     </span>
    </p>
   </div>
   <div class='ocr_carea' id='block_1_99' title="bbox 2358 4936 3861 5014">
    <p class='ocr_par' dir='ltr' id='par_1_99' title="bbox 2358 4936 3861 5014">
     <span class='ocr_line' id='line_1_99' title="bbox 2358 4936 3861 5014; baseline -0.006 -16"><span class='ocrx_word' id='word_1_661' title='bbox 2358 4945 2480 4999; x_wconf 87' lang='grc' dir='ltr'>Ὅτι</span> <span class='ocrx_word' id='word_1_662' title='bbox 2512 4943 2589 5014; x_wconf 82' lang='grc' dir='ltr'>μὴ</span> <span class='ocrx_word' id='word_1_663' title='bbox 2618 4941 2791 5006; x_wconf 83' lang='grc' dir='ltr'>οὑτως</span> <span class='ocrx_word' id='word_1_664' title='bbox 2821 4940 3119 5012; x_wconf 77' lang='grc' dir='ltr'>ἐκϐέϐηκεν</span> <span class='ocrx_word' id='word_1_665' title='bbox 3148 4940 3182 5012; x_wconf 83' lang='grc' dir='ltr'>ἡ</span> <span class='ocrx_word' id='word_1_666' title='bbox 3215 4937 3444 5011; x_wconf 87' lang='grc' dir='ltr'>μαντεία</span> <span class='ocrx_word' id='word_1_667' title='bbox 3465 4976 3481 5000; x_wconf 88' lang='grc'><strong>,</strong></span> <span class='ocrx_word' id='word_1_668' title='bbox 3517 4936 3664 4992; x_wconf 85' lang='grc' dir='ltr'><strong>καθά</strong></span> <span class='ocrx_word' id='word_1_669' title='bbox 3688 4952 3861 5007; x_wconf 78' lang='grc' dir='ltr'>προσ-</span> 
     </span>
    </p>
   </div>
   <div class='ocr_carea' id='block_1_100' title="bbox 2269 5026 3863 5104">
    <p class='ocr_par' dir='ltr' id='par_1_100' title="bbox 2269 5026 3863 5104">
     <span class='ocr_line' id='line_1_100' title="bbox 2269 5026 3863 5104; baseline -0.006 -17"><span class='ocrx_word' id='word_1_670' title='bbox 2269 5034 2558 5104; x_wconf 88' lang='grc' dir='ltr'>εδόκησαν,</span> <span class='ocrx_word' id='word_1_671' title='bbox 2588 5032 2703 5086; x_wconf 86' lang='grc' dir='ltr'>ἀλλ’</span> <span class='ocrx_word' id='word_1_672' title='bbox 2734 5032 3128 5104; x_wconf 89' lang='grc' dir='ltr'>ἐτεροτρόπως,</span> <span class='ocrx_word' id='word_1_673' title='bbox 3177 5030 3271 5084; x_wconf 77' lang='grc' dir='ltr'>καὶ</span> <span class='ocrx_word' id='word_1_674' title='bbox 3306 5030 3386 5093; x_wconf 86' lang='grc' dir='ltr'><strong>είς</strong></span> <span class='ocrx_word' id='word_1_675' title='bbox 3410 5030 3519 5082; x_wconf 83' lang='grc' dir='ltr'><strong>πᾶν</strong></span> <span class='ocrx_word' id='word_1_676' title='bbox 3545 5026 3863 5082; x_wconf 81' lang='grc' dir='ltr'>τούναντίον</span> 
     </span>
    </p>
   </div>
   <div class='ocr_carea' id='block_1_101' title="bbox 597 5116 2161 5195">
    <p class='ocr_par' dir='ltr' id='par_1_101' title="bbox 597 5117 2161 5190">
     <span class='ocr_line' id='line_1_101' title="bbox 597 5117 2161 5190; baseline 0.003 -17"><span class='ocrx_word' id='word_1_677' title='bbox 597 5133 718 5173; x_wconf 88' lang='lat' dir='ltr'><strong>cum</strong></span> <span class='ocrx_word' id='word_1_678' title='bbox 755 5118 866 5172; x_wconf 89' lang='lat' dir='ltr'><strong>ait:</strong></span> <span class='ocrx_word' id='word_1_679' title='bbox 907 5117 1147 5174; x_wconf 87' lang='lat' dir='ltr'><strong>Plorahit</strong></span> <span class='ocrx_word' id='word_1_680' title='bbox 1200 5118 1383 5183; x_wconf 85' lang='lat' dir='ltr'><strong>Moab,</strong></span> <span class='ocrx_word' id='word_1_681' title='bbox 1414 5121 1513 5175; x_wconf 87' lang='lat' dir='ltr'><strong>etsi</strong></span> <span class='ocrx_word' id='word_1_682' title='bbox 1548 5122 1641 5190; x_wconf 90' lang='lat' dir='ltr'><strong>qui</strong></span> <span class='ocrx_word' id='word_1_683' title='bbox 1693 5123 2083 5179; x_wconf 85' lang='lat' dir='ltr'><strong>divinationem</strong></span> <span class='ocrx_word' id='word_1_684' title='bbox 2119 5134 2161 5177; x_wconf 87' lang='lat' dir='ltr'><strong>et</strong></span> 
     </span>
    </p>
   </div>
   <div class='ocr_carea' id='block_1_102' title="bbox 2264 5116 3863 5195">
    <p class='ocr_par' dir='ltr' id='par_1_102' title="bbox 2269 5116 3863 5195">
     <span class='ocr_line' id='line_1_102' title="bbox 2269 5116 3863 5195; baseline -0.006 -16"><span class='ocrx_word' id='word_1_685' title='bbox 2269 5124 2597 5179; x_wconf 87' lang='grc' dir='ltr'>διαδείκνυσι</span> <span class='ocrx_word' id='word_1_686' title='bbox 2630 5123 2839 5195; x_wconf 85' lang='grc' dir='ltr'>σαφῶς,</span> <span class='ocrx_word' id='word_1_687' title='bbox 2889 5122 3061 5192; x_wconf 88' lang='grc' dir='ltr'>λέγων</span> <span class='ocrx_word' id='word_1_688' title='bbox 3081 5140 3095 5155; x_wconf 89' lang='grc'><strong>·</strong></span> <span class='ocrx_word' id='word_1_689' title='bbox 3151 5119 3419 5189; x_wconf 79' lang='grc' dir='ltr'>Ὀλολὺξει</span> <span class='ocrx_word' id='word_1_690' title='bbox 3448 5117 3649 5183; x_wconf 83' lang='grc' dir='ltr'>Μωάϐ,</span> <span class='ocrx_word' id='word_1_691' title='bbox 3678 5116 3863 5171; x_wconf 88' lang='grc' dir='ltr'>καίτοι</span> 
     </span>
    </p>
   </div>
   <div class='ocr_carea' id='block_1_103' title="bbox 600 5208 2176 5283">
    <p class='ocr_par' dir='ltr' id='par_1_103' title="bbox 600 5208 2176 5283">
     <span class='ocr_line' id='line_1_103' title="bbox 600 5208 2176 5283; baseline 0.004 -19"><span class='ocrx_word' id='word_1_692' title='bbox 600 5208 861 5279; x_wconf 84' lang='lat' dir='ltr'><strong>magicam</strong></span> <span class='ocrx_word' id='word_1_693' title='bbox 915 5218 1085 5265; x_wconf 89' lang='lat' dir='ltr'><strong>artem</strong></span> <span class='ocrx_word' id='word_1_694' title='bbox 1138 5213 1484 5278; x_wconf 88' lang='lat' dir='ltr'><strong>exercebant,</strong></span> <span class='ocrx_word' id='word_1_695' title='bbox 1512 5214 1842 5283; x_wconf 81' lang='lat' dir='ltr'><strong>ploraturam</strong></span> <span class='ocrx_word' id='word_1_696' title='bbox 1896 5230 2019 5270; x_wconf 89' lang='lat' dir='ltr'><strong>eam</strong></span> <span class='ocrx_word' id='word_1_697' title='bbox 2075 5216 2176 5271; x_wconf 89' lang='lat' dir='ltr'><strong>mi-</strong></span> 
     </span>
    </p>
   </div>
   <div class='ocr_carea' id='block_1_104' title="bbox 601 5299 2173 5376">
    <p class='ocr_par' dir='ltr' id='par_1_104' title="bbox 601 5299 2173 5376">
     <span class='ocr_line' id='line_1_104' title="bbox 601 5299 2173 5376; baseline 0.004 -22"><span class='ocrx_word' id='word_1_698' title='bbox 601 5301 745 5355; x_wconf 89' lang='lat' dir='ltr'><strong>nime</strong></span> <span class='ocrx_word' id='word_1_699' title='bbox 788 5299 1184 5371; x_wconf 70' lang='lat' dir='ltr'><strong>pmdicebant,</strong></span> <span class='ocrx_word' id='word_1_700' title='bbox 1235 5302 1345 5359; x_wconf 91' lang='lat' dir='ltr'><strong>imo</strong></span> <span class='ocrx_word' id='word_1_701' title='bbox 1407 5303 1597 5360; x_wconf 89' lang='lat' dir='ltr'><strong>deletis</strong></span> <span class='ocrx_word' id='word_1_702' title='bbox 1650 5304 1916 5370; x_wconf 85' lang='lat' dir='ltr'><strong>hostibus,</strong></span> <span class='ocrx_word' id='word_1_703' title='bbox 1948 5305 2173 5376; x_wconf 88' lang='lat' dir='ltr'><strong>applau-</strong></span> 
     </span>
    </p>
   </div>
   <div class='ocr_carea' id='block_1_105' title="bbox 564 5394 2166 5466">
    <p class='ocr_par' dir='ltr' id='par_1_105' title="bbox 564 5394 2166 5466">
     <span class='ocr_line' id='line_1_105' title="bbox 564 5394 2166 5466; baseline 0.002 -17"><span class='ocrx_word' id='word_1_704' title='bbox 564 5408 757 5449; x_wconf 20' lang='lat' dir='ltr'><strong>‘suros</strong></span> <span class='ocrx_word' id='word_1_705' title='bbox 810 5402 864 5449; x_wconf 92' lang='lat' dir='ltr'><strong>et</strong></span> <span class='ocrx_word' id='word_1_706' title='bbox 918 5394 1277 5451; x_wconf 88' lang='lat' dir='ltr'><strong>insultaturos</strong></span> <span class='ocrx_word' id='word_1_707' title='bbox 1345 5397 1674 5464; x_wconf 87' lang='lat' dir='ltr'><strong>jacentibus.</strong></span> <span class='ocrx_word' id='word_1_708' title='bbox 1717 5395 1884 5466; x_wconf 84' lang='lat' dir='ltr'><strong>Igitur</strong></span> <span class='ocrx_word' id='word_1_709' title='bbox 1951 5412 2166 5464; x_wconf 88' lang='lat' dir='ltr'><strong>omnes,</strong></span> 
     </span>
    </p>
   </div>
   <div class='ocr_carea' id='block_1_106' title="bbox 491 5483 2172 5553">
    <p class='ocr_par' dir='ltr' id='par_1_106' title="bbox 491 5483 2172 5553">
     <span class='ocr_line' id='line_1_106' title="bbox 491 5483 2172 5553; baseline 0.005 -15"><span class='ocrx_word' id='word_1_710' title='bbox 491 5518 495 5521; x_wconf 97' lang='lat'><strong><em>-</em></strong></span> <span class='ocrx_word' id='word_1_711' title='bbox 601 5484 797 5553; x_wconf 85' lang='lat' dir='ltr'><strong>inquit,</strong></span> <span class='ocrx_word' id='word_1_712' title='bbox 826 5484 881 5539; x_wconf 91' lang='lat' dir='ltr'><strong>in</strong></span> <span class='ocrx_word' id='word_1_713' title='bbox 940 5483 1227 5542; x_wconf 89' lang='lat' dir='ltr'><strong>Moabitide</strong></span> <span class='ocrx_word' id='word_1_714' title='bbox 1276 5486 1734 5545; x_wconf 87' lang='lat' dir='ltr'><strong>lamentabuntur.</strong></span> <span class='ocrx_word' id='word_1_715' title='bbox 1792 5488 1861 5543; x_wconf 84' lang='lat' dir='ltr'><strong>Et</strong></span> <span class='ocrx_word' id='word_1_716' title='bbox 1892 5489 2172 5547; x_wconf 89' lang='lat' dir='ltr'><strong>meditatio</strong></span> 
     </span>
    </p>
   </div>
   <div class='ocr_carea' id='block_1_107' title="bbox 598 5573 2168 5649">
    <p class='ocr_par' dir='ltr' id='par_1_107' title="bbox 598 5573 2168 5649">
     <span class='ocr_line' id='line_1_107' title="bbox 598 5573 2168 5649; baseline 0.006 -20"><span class='ocrx_word' id='word_1_717' title='bbox 598 5574 700 5629; x_wconf 84' lang='lat' dir='ltr'><strong>erit</strong></span> <span class='ocrx_word' id='word_1_718' title='bbox 742 5573 1108 5632; x_wconf 73' lang='lat' dir='ltr'><strong>habitantibus</strong></span> <span class='ocrx_word' id='word_1_719' title='bbox 1139 5575 1359 5632; x_wconf 87' lang='lat' dir='ltr'><strong>Deseth.</strong></span> <span class='ocrx_word' id='word_1_720' title='bbox 1390 5575 1594 5634; x_wconf 86' lang='lat' dir='ltr'><strong>Civitas</strong></span> <span class='ocrx_word' id='word_1_721' title='bbox 1626 5585 1808 5637; x_wconf 87' lang='lat' dir='ltr'><strong>autem</strong></span> <span class='ocrx_word' id='word_1_722' title='bbox 1837 5578 1956 5637; x_wconf 64' lang='lat' dir='ltr'><strong>haec</strong></span> <span class='ocrx_word' id='word_1_723' title='bbox 1992 5577 2168 5649; x_wconf 85' lang='lat' dir='ltr'><strong>Moab,</strong></span> 
     </span>
    </p>
   </div>
   <div class='ocr_carea' id='block_1_108' title="bbox 673 5730 1138 5798">
    <p class='ocr_par' dir='ltr' id='par_1_108' title="bbox 673 5730 1138 5798">
     <span class='ocr_line' id='line_1_108' title="bbox 673 5730 1138 5798; baseline -0.004 -12"><span class='ocrx_word' id='word_1_724' title='bbox 673 5730 794 5764; x_wconf 72' lang='grc' dir='ltr'><strong>’Μ’</strong></span> <span class='ocrx_word' id='word_1_725' title='bbox 826 5730 940 5787; x_wconf 82' lang='lat' dir='ltr'><strong>Jac.</strong></span> <span class='ocrx_word' id='word_1_726' title='bbox 982 5747 1055 5798; x_wconf 85' lang='lat' dir='ltr'><strong>tv,</strong></span> <span class='ocrx_word' id='word_1_727' title='bbox 1085 5731 1138 5787; x_wconf 87' lang='lat'><strong>6.</strong></span> 
     </span>
    </p>
   </div>
   <div class='ocr_carea' id='block_1_109' title="bbox 2266 5205 3862 5286">
    <p class='ocr_par' dir='ltr' id='par_1_109' title="bbox 2266 5205 3862 5286">
     <span class='ocr_line' id='line_1_109' title="bbox 2266 5205 3862 5286; baseline -0.008 -16"><span class='ocrx_word' id='word_1_728' title='bbox 2266 5215 2367 5286; x_wconf 84' lang='grc' dir='ltr'>τῆς</span> <span class='ocrx_word' id='word_1_729' title='bbox 2401 5213 2678 5286; x_wconf 89' lang='grc' dir='ltr'>μαντείας,</span> <span class='ocrx_word' id='word_1_730' title='bbox 2709 5214 2879 5284; x_wconf 73' lang='grc' dir='ltr'>ἢγουν</span> <span class='ocrx_word' id='word_1_731' title='bbox 2906 5213 2972 5283; x_wconf 78' lang='grc' dir='ltr'><strong>τῇ</strong></span> <span class='ocrx_word' id='word_1_732' title='bbox 3011 5210 3119 5264; x_wconf 86' lang='grc' dir='ltr'><strong>τῶν</strong></span> <span class='ocrx_word' id='word_1_733' title='bbox 3156 5208 3347 5281; x_wconf 86' lang='grc' dir='ltr'>μάγων</span> <span class='ocrx_word' id='word_1_734' title='bbox 3369 5208 3536 5281; x_wconf 80' lang='grc' dir='ltr'>τέχνῃ</span> <span class='ocrx_word' id='word_1_735' title='bbox 3556 5205 3862 5278; x_wconf 80' lang='grc' dir='ltr'>κεχρῆσθαι</span> 
     </span>
    </p>
   </div>
   <div class='ocr_carea' id='block_1_110' title="bbox 2272 5300 3860 5378">
    <p class='ocr_par' dir='ltr' id='par_1_110' title="bbox 2272 5300 3860 5378">
     <span class='ocr_line' id='line_1_110' title="bbox 2272 5300 3860 5378; baseline -0.006 -18"><span class='ocrx_word' id='word_1_736' title='bbox 2272 5305 2727 5378; x_wconf 85' lang='grc' dir='ltr'>μεμελετηκότων</span> <span class='ocrx_word' id='word_1_737' title='bbox 2743 5305 2845 5359; x_wconf 88' lang='grc' dir='ltr'><strong>οὑκ</strong></span> <span class='ocrx_word' id='word_1_738' title='bbox 2865 5302 3133 5369; x_wconf 79' lang='grc' dir='ltr'>όλολὺξειν</span> <span class='ocrx_word' id='word_1_739' title='bbox 3159 5301 3330 5372; x_wconf 80' lang='grc' dir='ltr'>αὑτὴν</span> <span class='ocrx_word' id='word_1_740' title='bbox 3352 5300 3860 5372; x_wconf 83' lang='grc' dir='ltr'>προηγορευκότων,</span> 
     </span>
    </p>
   </div>
   <div class='ocr_carea' id='block_1_111' title="bbox 2274 5389 3864 5469">
    <p class='ocr_par' dir='ltr' id='par_1_111' title="bbox 2274 5389 3864 5469">
     <span class='ocr_line' id='line_1_111' title="bbox 2274 5389 3864 5469; baseline -0.008 -16"><span class='ocrx_word' id='word_1_741' title='bbox 2274 5398 2412 5453; x_wconf 89' lang='grc' dir='ltr'><strong>ἀλλά</strong></span> <span class='ocrx_word' id='word_1_742' title='bbox 2430 5399 2538 5469; x_wconf 82' lang='grc' dir='ltr'><strong>γὰρ</strong></span> <span class='ocrx_word' id='word_1_743' title='bbox 2572 5397 2931 5463; x_wconf 83' lang='grc' dir='ltr'>ἐπαλαλάξειν</span> <span class='ocrx_word' id='word_1_744' title='bbox 2958 5394 3293 5451; x_wconf 87' lang='grc' dir='ltr'>ἀπολωλόσιν</span> <span class='ocrx_word' id='word_1_745' title='bbox 3321 5392 3536 5465; x_wconf 82' lang='grc' dir='ltr'>ἐχθροῖς</span> <span class='ocrx_word' id='word_1_746' title='bbox 3575 5389 3671 5444; x_wconf 74' lang='grc' dir='ltr'>καὶ</span> <span class='ocrx_word' id='word_1_747' title='bbox 3698 5391 3864 5459; x_wconf 60' lang='grc' dir='ltr'>ἔπορε</span> 
     </span>
    </p>
   </div>
   <div class='ocr_carea' id='block_1_112' title="bbox 2274 5475 3859 5560">
    <p class='ocr_par' dir='ltr' id='par_1_112' title="bbox 2274 5475 3859 5560">
     <span class='ocr_line' id='line_1_112' title="bbox 2274 5475 3859 5560; baseline -0.01 -17"><span class='ocrx_word' id='word_1_748' title='bbox 2274 5488 2549 5560; x_wconf 82' lang='grc' dir='ltr'>χήσασθαι</span> <span class='ocrx_word' id='word_1_749' title='bbox 2573 5488 2869 5559; x_wconf 83' lang='grc' dir='ltr'>κειμένοις.</span> <span class='ocrx_word' id='word_1_750' title='bbox 2897 5483 3106 5541; x_wconf 79' lang='grc' dir='ltr'>Οὐκοῦν</span> <span class='ocrx_word' id='word_1_751' title='bbox 3131 5483 3387 5545; x_wconf 76' lang='grc' dir='ltr'>ἅπαντες,</span> <span class='ocrx_word' id='word_1_752' title='bbox 3420 5477 3607 5551; x_wconf 72' lang='grc' dir='ltr'>φησιν,</span> <span class='ocrx_word' id='word_1_753' title='bbox 3636 5476 3688 5529; x_wconf 80' lang='lat' dir='ltr'><strong>el</strong></span> <span class='ocrx_word' id='word_1_754' title='bbox 3715 5476 3772 5529; x_wconf 83' lang='grc' dir='ltr'><strong>ἐν</strong></span> <span class='ocrx_word' id='word_1_755' title='bbox 3794 5475 3859 5542; x_wconf 82' lang='grc' dir='ltr'>τῆ</span> 
     </span>
    </p>
   </div>
   <div class='ocr_carea' id='block_1_113' title="bbox 2277 5566 3859 5648">
    <p class='ocr_par' dir='ltr' id='par_1_113' title="bbox 2277 5566 3859 5648">
     <span class='ocr_line' id='line_1_113' title="bbox 2277 5566 3859 5648; baseline -0.008 -9"><span class='ocrx_word' id='word_1_756' title='bbox 2277 5579 2584 5639; x_wconf 86' lang='grc' dir='ltr'>Μωαϐίτιδι</span> <span class='ocrx_word' id='word_1_757' title='bbox 2610 5577 3023 5648; x_wconf 81' lang='grc' dir='ltr'>κατολολὺξουσι</span> <span class='ocrx_word' id='word_1_758' title='bbox 3042 5593 3058 5611; x_wconf 78' lang='grc'><em>’</em></span> <span class='ocrx_word' id='word_1_759' title='bbox 3096 5574 3191 5633; x_wconf 71' lang='grc' dir='ltr'>καὶ</span> <span class='ocrx_word' id='word_1_760' title='bbox 3230 5572 3520 5647; x_wconf 77' lang='grc' dir='ltr'>μελέτησις</span> <span class='ocrx_word' id='word_1_761' title='bbox 3565 5568 3718 5625; x_wconf 65' lang='grc' dir='ltr'>ἕσται</span> <span class='ocrx_word' id='word_1_762' title='bbox 3744 5566 3859 5627; x_wconf 78' lang='grc' dir='ltr'><strong>τοις</strong></span> 
     </span>
    </p>
   </div>
  </div>
