4110 6528
345 432 452 492 M3

1482 437 1551 492 ΙΝ
1590 438 1823 497 ISAIAM
1863 443 1990 501 LIB.
2031 445 2097 501 ΙΙ.
2131 445 2370 505 TOMUS
2399 447 2486 505 Ill.

3514 438 3637 513 ιη’

343 542 667 602 κατοικοῦσι
706 544 893 601 Δεσέθ.
944 545 1104 610 Πόλις
1127 546 1183 601 δὲ
1219 547 1311 601 καὶ
1341 547 1479 621 αὕτη
1508 551 1610 622 τῆς
1646 553 1844 622 Μωάϐ,
1884 554 1934 609 οἳ

2040 562 2129 629 qui
2170 560 2426 632 lugubres
2471 562 2755 618 cantiones
2781 572 2835 617 et
2857 562 3271 620 lamentationes
3309 581 3625 626 numerosas

343 636 563 706 κόμμον
587 637 728 708 τάχα
757 655 857 692 που
884 640 977 692 καὶ
1012 638 1205 711 θρῆνον
1236 639 1507 713 εὔρυθμόν
1533 661 1591 697 τε
1611 645 1705 698 καὶ
1730 647 1935 718 εὐμελῆ

342 726 473 780 καθ’
503 728 709 781 ἑαυτῶν
741 728 1136 801 μελετήσαντες
1162 771 1176 796 ,
1210 730 1297 785 διὰ
1328 732 1517 787 τούτου
1552 734 1927 806 σημαίνονται.

416 819 529 877 Καὶ
551 822 662 874 οὐκ
687 820 1166 891 ἐντραπήσονται
1191 823 1343 892 πρὸς
1362 825 1434 879 τὰ
1453 826 1629 880 πεδία
1660 827 1934 882 Ἐσεϐῶνο

343 910 642 980 πενθήσει
708 911 976 986 ἄμπελος
1046 915 1301 984 Σεϐαμά.
1364 919 1810 984 Καταπίνοντες
1863 917 1938 972 τὰ

344 1002 518 1070 ἔθνη,
570 1002 1031 1071 καταπατήσατε
1069 1005 1176 1071 τὰς
1218 1004 1527 1075 ἀμπέλους
1577 1004 1768 1075 αὐτῆς
1825 1005 1937 1075 ἕως

359 1094 567 1163 Ἰαζιὶρ.

430 1208 489 1260 '0
511 1206 669 1275 λόγος
690 1209 837 1261 ἐστὶν
868 1208 924 1260 ἐν
955 1211 1070 1272 τοῖς
1092 1208 1229 1281 πρὸς
1266 1210 1463 1273 αὐτοὺς
1495 1209 1637 1281 τάχα
1670 1226 1773 1263 που
1806 1208 1936 1272 τοὺς

340 1299 445 1370 τὴν
468 1299 644 1354 Μωάϐ
672 1301 968 1371 ᾑρηκότας,
1010 1302 1325 1373 Ἀσσυρίους
1364 1302 1424 1359 τέ
1460 1321 1602 1374 φημι
1633 1302 1730 1356 καὶ
1756 1300 1935 1357 Βαϐυ-

342 1387 599 1454 λωνίους,
631 1385 712 1453 οἷς
739 1391 1075 1462 προστέταχε
1111 1392 1181 1445 τὰ
1213 1393 1312 1463 τῆς
1369 1393 1605 1447 Ἐσεϐὼν
1655 1394 1815 1449 πεδία
1858 1393 1934 1466 μὴ

340 1482 703 1553 ἐντρέπεσθαι
724 1482 803 1537 έτι
825 1484 919 1537 καὶ
944 1482 1112 1555 αὐτὴν
1128 1484 1515 1557 κατεμπρῆσαι
1544 1485 1642 1557 τὴν
1672 1484 1936 1540 Ἐσεϐῶν·

342 1573 613 1631 διαθεῖναι
637 1575 694 1628 δὲ
723 1575 866 1630 οὕτω
900 1577 994 1629 καὶ
1021 1578 1119 1649 τὴν
1152 1578 1406 1649 Σαυαμὰ,
1433 1578 1508 1643 ὡς
1538 1578 1805 1650 πενθῆσαι
1838 1577 1935 1632 καὶ

342 1664 448 1727 τὰς
468 1664 635 1728 οὔσας
661 1665 939 1735 ἀμπέλους
965 1667 1022 1719 ὲν
1056 1666 1216 1738 αὐτῇ.
1252 1666 1397 1735 Πρός
1436 1667 1632 1730 αὐτοὺς
1658 1666 1715 1721 δέ
1738 1666 1802 1737 δὴ
1838 1663 1934 1719 καί

344 1772 515 1825 emut-
548 1756 949 1821 Καταπίνοντες
994 1756 1065 1810 τὰ
1097 1756 1246 1829 ἔθνη.
1290 1756 1453 1829 Ὑμῖν
1481 1757 1590 1829 γὰρ
1637 1758 1932 1822 ἐπιτάττω,

344 1847 534 1918 φησὶν,
565 1841 610 1901 ὧ
642 1847 748 1901 τῶν
780 1847 949 1904 ἐθνῶν
976 1848 1251 1920 όλετῆρες,
1284 1848 1377 1903 καὶ
1401 1847 1681 1903 ἀπλειστοί
1712 1865 1803 1919 μοι
1837 1848 1932 1903 καὶ

2040 661 2228 706 contra
2265 666 2324 707 se
2345 653 2740 724 excogitarunt,
2770 655 2894 711 hinc
2928 655 3318 725 significantur.

2110 832 2272 889 Vens.
2305 832 2360 889 8.
2402 833 2466 887 Et
2513 849 2614 888 non
2676 832 3043 888 reverebantur
3107 850 3317 905 campos
3375 834 3620 905 Escbon,

2034 926 2242 996 planget
2281 927 2397 980 vitis
2448 928 2697 981 Sebama.
2727 926 2834 994 Qui
2863 925 3150 982 absorbetis
3173 937 3367 997 gentes,
3408 930 3624 984 concul-

2036 1028 2151 1073 cate
2182 1019 2307 1074 cites
2333 1035 2493 1090 usque
2521 1022 2589 1072 ad
2613 1018 2789 1074 Jaser.
3606 1016 3609 1019 ’

2042 1260 2043 1263 η
2107 1218 2168 1275 In
2216 1219 2367 1276 bisce
2416 1233 2598 1275 sermo
2632 1217 2845 1272 videtur
2874 1231 2998 1273 esse
3038 1217 3105 1272 ad
3166 1231 3259 1271 eos
3312 1218 3404 1287 qui
3466 1217 3620 1273 Moab

2036 1312 2387 1376 sustulerunt,
2436 1312 2502 1365 ad
2552 1310 2806 1380 Assyrios
2871 1308 3111 1377 inquam,
3154 1317 3208 1361 et
3275 1307 3617 1379 Babylonios,

2035 1405 2238 1475 quibus
2287 1403 2545 1473 praecepit
2600 1416 2821 1472 campos
2869 1402 3083 1457 Esebon
3130 1418 3238 1457 non
3274 1404 3533 1470 revereri,
3564 1406 3615 1459 id

2034 1509 2141 1563 est,
2174 1507 2230 1552 et
2275 1497 2445 1566 ipsam
2502 1494 2715 1549 Esebon
2780 1495 3092 1561 incendere,
3124 1506 3178 1550 et
3213 1495 3292 1550 sic
3332 1494 3620 1564 disponere

2036 1586 2290 1652 Sebama,
2326 1596 2384 1641 ut
2416 1586 2670 1655 plangant
2727 1586 2863 1640 vites
2906 1601 3026 1655 quae
3089 1596 3216 1641 sunt
3253 1586 3306 1639 in
3354 1600 3439 1640 ea.
3490 1586 3621 1651 Qui-

2031 1676 2136 1732 bus
2184 1677 2347 1731 etiam
2403 1674 2571 1731 dicit:
2600 1672 2966 1729 Absorbentes
3019 1683 3226 1745 gentes.
3263 1674 3428 1730 Vobis
3473 1674 3615 1729 enim

2032 1769 2222 1833 edico,
2288 1767 2505 1835 inquit,
2565 1781 2600 1821 ο
2670 1767 2909 1835 gentium
3000 1766 3267 1837 pernicies
3331 1774 3387 1819 et
3464 1766 3620 1820 inex-

2030 1860 2256 1930 plebiles
2311 1858 2710 1925 interfectores,
2743 1859 2833 1928 qui
2869 1867 3122 1927 tanquam
3168 1857 3412 1913 crudeles
3434 1866 3487 1913 et
3517 1859 3618 1911 int-

344 1938 716 2010 ἀπηνέστατοι
731 1938 913 2012 θῆρες,
929 1939 1054 2012 έθνη
1074 1939 1482 2003 καταπίνοντες,
1506 1940 1930 2011 καταπατήσατε

2035 1952 2363 2009 manissimte
2401 1951 2529 2007 ferae
2558 1960 2747 2023 gentes
2798 1950 3452 2017 absorbetis,conculcale
3479 1950 3619 2004 vites

342 2031 446 2095 τὰς
480 2031 755 2102 ἀμπέλους
794 2033 964 2103 αὐτῆς
988 2033 1092 2097 ἓως
1128 2032 1333 2104 Ἰαζήρ.
1376 2030 1538 2096 Πόλις
1563 2031 1620 2085 δὲ
1652 2033 1747 2089 καὶ
1790 2032 1928 2103 α’ύτη

341 2122 457 2178 τῶν
482 2124 810 2181 Μωαϐιτῶν.
856 2124 1162 2195 ’Δμπέλους
1181 2125 1238 2178 δὲ
1261 2124 1423 2179 πάλιν
1455 2123 1512 2177 ἐν
1545 2122 1777 2189 τούτοις,
1804 2124 1931 2182 τοὺς

339 2214 456 2267 τῶν
489 2215 793 2269 Μωαϐιτῶν
822 2217 1115 2288 οἰκήτορας
1161 2215 1438 2286 ὀνομάζει.
1502 2214 1663 2279 Ἔθος
1712 2214 1822 2286 γὰρ
1861 2217 1927 2286 τῇ

343 2303 696 2376 Θεοπνεύστῳ
729 2307 942 2379 Γραφῇ,
970 2309 1066 2360 καὶ
1086 2307 1313 2379 δρυμοῖς
1352 2308 1448 2363 καὶ
1479 2308 1655 2373 ξύλοις
1694 2307 1791 2360 καὶ
1824 2306 1930 2379 μὴν

342 2398 444 2453 καὶ
498 2397 764 2468 ἀμπέλοις
801 2399 1157 2471 παρεικάζειν
1187 2400 1312 2463 τοὺς
1352 2401 1409 2453 ἐν
1454 2400 1657 2470 ἑκάστῃ
1688 2397 1843 2451 πόλει
1869 2414 1931 2450 τε

341 2492 444 2545 καὶ
480 2490 655 2562 χώρᾳ.
685 2491 797 2546 Καὶ
823 2490 951 2560 γοῦν
974 2493 1103 2563 περὶ
1125 2491 1220 2545 τοῦ
1257 2491 1475 2562 Ἰσραήλ
1504 2508 1694 2561 φησιν’
1739 2491 1796 2544 Ὀ
1820 2490 1930 2562 γάρ

342 2579 612 2651 ἀμπελὼν
658 2579 858 2652 Κυρίου
911 2578 1141 2635 Σαϐαὼθ
1188 2582 1218 2633 ό
1256 2580 1543 2651 ἄνθρωπος
1585 2580 1681 2634 τοῦ
1738 2580 1928 2644 Ἰούδα,

342 2668 606 2738 νεόφυτον
634 2669 1015 2738 ἠγαπημένον.
1046 2667 1233 2737 Λέγων
1261 2667 1338 2735 δὲ,
1381 2668 1461 2721 ὅτι
1488 2668 1931 2738 Καταπατήσατε

341 2760 446 2822 τάς
477 2758 756 2829 ἀμπέλους
782 2758 974 2829 αὐτῆς,
994 2758 1233 2813 δείκνυσι
1264 2759 1448 2825 πάλιν,
1486 2760 1568 2813 ὅτι
1604 2759 1679 2833 μὴ
1706 2761 1803 2830 τῆς
1824 2758 1932 2812 τῶν

358 2849 665 2921 ’Δσσυρίων
712 2849 893 2919 χειρὸς
938 2850 1098 2919 ἔργον
1141 2844 1211 2920 ἦν
1254 2847 1315 2901 τὸ
1340 2848 1564 2918 νικῆσαι
1600 2849 1701 2918 τὴν
1732 2847 1929 2914 Μωὰϐ,

342 2940 463 2995 ἀλλ’
487 2936 555 3010 ἦν
591 2942 619 2993 ό
650 2939 825 2993 πάντα
879 2939 1076 3010 ἰσχύων
1125 2939 1258 3003 Θεὸς
1289 2939 1578 3010 ὑποφέρων
1609 2941 1723 3003 τοῖς
1768 2938 1930 2992 αὐτοῦ

343 3034 479 3088 ποσὶ
502 3034 628 3097 τοὺς
655 3032 1081 3103 ἀνθεστηκότας,
1108 3032 1283 3087 καὶτὸ
1305 3031 1563 3087 δύνασθαι
1592 3034 1812 3105 κρατεῖν
1832 3030 1932 3100 τῆς

342 3123 574 3183 ἐκείνων
602 3123 784 3195 χειρὸς
816 3123 1179 3194 δωρούμενος.

2030 2041 2148 2111 ejus
2215 2057 2387 2112 usque
2452 2041 2520 2096 ad
2580 2040 2754 2096 laser.
2817 2040 2911 2095 Est
2967 2050 3147 2094 autem
3199 2041 3312 2095 Itan:
3368 2050 3423 2094 et
3487 2041 3618 2096 urbs

2035 2131 2417 2188 Moabitarum.
2452 2127 2605 2186 Vites
2655 2143 2844 2184 rursus
2888 2128 2978 2184 bic
3015 2127 3368 2182 Moabitarum
3412 2128 3619 2183 incolas

2032 2223 2295 2279 nominat.
2323 2221 2419 2275 Est
2447 2220 2590 2276 enim
2628 2218 2896 2274 familiare
2924 2218 3221 2287 Scriptura:
3254 2217 3440 2272 divino
3466 2216 3618 2273 allia-

2036 2325 2091 2371 tu
2155 2314 2400 2385 proditae,
2432 2320 2489 2369 et
2565 2311 2737 2378 silvis,
2771 2320 2825 2367 et
2885 2310 3068 2382 lignis,
3110 2319 3165 2365 et
3223 2324 3356 2365 sane
3415 2309 3617 2365 vitibus

2034 2406 2334 2463 assimilare
2362 2420 2476 2470 eos,
2517 2404 2612 2474 qui
2651 2404 2704 2458 in
2737 2402 2966 2472 singulis
3012 2402 3240 2456 urbibus
3282 2409 3410 2456 sunt
3453 2408 3616 2468 atque

2032 2497 2344 2570 provinciis.
2397 2498 2464 2549 Et
2509 2503 2658 2549 certe
2713 2495 2779 2549 de
2843 2493 3010 2565 258
3068 2493 3263 2548 lsraele
3291 2493 3420 2548 ait:
3474 2489 3615 2546 Vitis

2032 2588 2175 2643 enim
2218 2585 2425 2641 Domini
2473 2583 2735 2649 Sabaoth,
2768 2583 2958 2636 domus
3009 2580 3170 2636 Israel
3217 2590 3323 2644 est,
3364 2590 3418 2637 et
3452 2581 3615 2636 homo

2030 2679 2192 2743 Juda,
2212 2676 2414 2733 novella
2469 2676 2650 2746 planta
2677 2674 2894 2729 dilecta.
2913 2673 3049 2728 Cum
3095 2672 3257 2728 dicit:
3289 2671 3615 2727 Conculcate

2032 2774 2171 2828 vites
2223 2772 2363 2842 ejus.
2381 2784 2573 2825 rursus
2626 2768 2886 2834 ostendit,
2915 2782 3021 2822 non
3083 2765 3247 2821 fuisse
3277 2781 3412 2836 opus
3462 2763 3615 2819 forti-

2033 2864 2235 2921 tudinis
2264 2863 2635 2933 Assyriorum,
2653 2875 2966 2931 expugnare
2993 2858 3171 2925 Moab,
3200 2859 3295 2912 sed
3331 2857 3470 2913 Deus
3494 2865 3615 2913 erat

2033 2954 2397 3023 omnipotens,
2431 2952 2522 3022 qui
2567 2952 2809 3022 ipsorum
2864 2951 3093 3021 pedibus
3146 2964 3241 3005 eos
3288 2949 3379 3019 qui
3414 2949 3610 3001 adver-

2034 3055 2225 3101 santur
2273 3041 2513 3111 subjicit,
2533 3050 2591 3097 et
2640 3042 2731 3097 dat
2796 3048 2859 3096 ut
2886 3055 3074 3097 eorum
3126 3054 3345 3094 manum
3396 3037 3612 3093 valeant

2035 3152 2313 3209 superare.

423 3234 607 3304 Οὑμή
638 3234 976 3303 συνάψητε,
1027 3233 1380 3301 πλανήθητε
1432 3232 1548 3301 τὴν
1574 3235 1818 3302 ἔρημον,
1871 3236 1927 3288 ol

2104 3246 2187 3300 Ne
2216 3247 2517 3316 contingite,
2541 3256 2711 3299 errate
2756 3260 2849 3312 per
2869 3259 3119 3302 arentum.
3143 3243 3233 3313 qui
3279 3242 3428 3297 missi
3448 3242 3608 3297 estis:

342 3325 794 3396 ἀπεσταλμένοι
816 3342 831 3357 ’
869 3325 1422 3395 ἐγκατελείφθησαν
1445 3364 1460 3391 ,
1499 3324 1787 3394 διέϐησαν
1817 3326 1932 3394 τὴν

344 3417 592 3487 ἔρημον.

418 3530 588 3583 Φασὶν
615 3529 697 3583 ὅτι
717 3528 825 3583 τῶν
868 3528 1168 3601 Ἀσσυρίων
1203 3528 1653 3601 ἐμϐεϐληκότων,
1689 3530 1931 3584 πλεῖστοι

344 3623 458 3677 τῶν
488 3619 799 3675 Μωαϐιτῶν
823 3622 903 3684 είς
938 3620 1037 3693 τὴν
1065 3621 1263 3694 ὅμορόν
1288 3638 1348 3674 τε
1365 3621 1460 3675 καὶ
1485 3622 1702 3689 γείτονα
1741 3622 1934 3691 φυγόν-

344 3728 441 3774 τες
499 3710 704 3781 ἔρημον
768 3710 1141 3763 διαλανθάνειν
1207 3710 1574 3775 ἐσπούδαζον,
1627 3710 1723 3764 καὶ
1780 3711 1932 3781 μόλις

347 3799 709 3866 ἐσπούδαζον,
742 3799 941 3871 κομιδῆ
971 3800 1189 3871 βραχεῖς
1216 3800 1307 3853 τὸν
1333 3800 1583 3871 ἀριθμόν.
1608 3802 1718 3854 Καὶ
1738 3797 1804 3872 ἦν
1834 3801 1932 3868 μὲν

352 3896 487 3955 ἴσως
519 3894 581 3945 οὐ
613 3892 848 3962 χαλεπὸν
892 3894 1007 3956 τοῖς
1042 3892 1403 3955 Βαϐυλωνίοις
1460 3894 1747 3957 κάκείνους
1776 3896 1934 3948 ἀνευ-

354 3987 491 4054 ρεῖν,
526 3984 848 4052 ἐπαφιέντος
870 3982 1027 4046 Θεοῦ,
1059 3984 1154 4037 καὶ
1186 3982 1378 4054 μέχρις
1404 3983 1583 4038 αὐτῶν
1604 3985 1934 4049 ἐκτείνοντος

349 4077 453 4145 τὴν
475 4077 664 4146 ὀργήν.
704 4074 924 4145 Ἐπειδὴ
953 4074 1010 4127 δὲ
1050 4072 1271 4138 κολάζει
1307 4076 1735 4145 μεμετρημένως
1755 4074 1936 4145 φιλάν-

353 4166 573 4236 θρωπος
606 4166 702 4232 ῶν,
732 4165 1013 4235 μονονουχὶ
1057 4165 1154 4217 καὶ
1177 4163 1478 4217 ἐντέλλεται
1515 4167 1629 4227 τοῖς
1666 4164 1936 4237 πεπορθη-

351 4258 477 4311 κόσι
508 4258 606 4329 τὴν
635 4256 811 4311 Μωάϐ
833 4298 847 4322 ,
888 4256 963 4329 μὴ
992 4258 1282 4311 συνάπτειν
1324 4258 1436 4320 τοῖς
1477 4257 1782 4311 ἀπολωλόσι
1808 4260 1935 4322 τοὺς

353 4349 623 4417 φυγάδας,
647 4348 953 4403 πλανᾶσθαι
985 4348 1043 4402 δὲ
1074 4348 1263 4418 ὥσπερ
1292 4349 1387 4418 sev
1412 4348 1512 4417 τὴν
1538 4346 1764 4418 ἔρημον,
1791 4348 1934 4401 τουτ’

351 4441 496 4506 ἔστι,
522 4441 663 4514 λήθῃ
717 4440 915 4494 διδόναι
945 4441 1040 4494 καὶ
1070 4439 1536 4511 παραπέμπεσθαι
1578 4440 1678 4512 τὴν
1710 4440 1936 4511 ἔρευναν

348 4532 466 4585 τῶν
488 4534 546 4586 ἐν
579 4534 715 4604 αὐτῇ
741 4532 1281 4604 συνδεδραμηκότων.
1311 4531 1582 4605 Ταύτῃτοί
1606 4549 1766 4602 φησι,
1807 4531 1936 4584 πλα-

354 4622 584 4693 νηθῆναι
600 4640 659 4675 τε
682 4624 780 4693 τὴν
798 4623 894 4695 έρη
904 4640 1023 4694 μον.
1044 4624 1105 4677 Οἱ
1126 4622 1527 4693 ἀπεσταλμένοι
1545 4623 1721 4692 ὑμεῖς,
1744 4622 1932 4694 φησὶν,

353 4716 405 4767 οἱ
432 4714 520 4766 διὰ
565 4713 667 4783 τῆς
708 4713 847 4785 ἐμῆς
880 4714 1051 4784 ὀργῆς
1094 4712 1492 4784 ἀπεσταλμένοι
1531 4710 1667 4783 πρὸς
1702 4712 1763 4766 τὸ
1794 4711 1937 4766 κατά

355 4804 561 4876 κράτος
585 4804 727 4857 ἑλεῖν
742 4804 839 4876 τὴν
861 4804 1056 4869 Μωὰϐ,
1082 4803 1391 4876 πλανήθητε
1415 4803 1511 4875 τὴν
1537 4803 1745 4875 ἔρημον
1761 4842 1776 4868 ,
1796 4803 1934 4877 λήθῃ

354 4896 500 4961 δότε,
539 4896 634 4949 καὶ
673 4894 1117 4967 παραπέμψασθε
1140 4895 1238 4967 τὴν
1269 4895 1473 4966 ἔρημον
1493 4935 1508 4960 ,
1543 4893 1800 4965 διέϐησαν
1828 4895 1937 4967 γὰρ

354 4989 550 5058 αὑτήν.
570 4985 703 5040 Εἶτα
723 4986 818 5040 ἐπέ
827 4988 1050 5057 ρῤιπται
1070 4986 1271 5058 μεταξὺ
1289 4987 1369 5050 τὸ,
1386 4986 1936 5059 Ἐγκατελείφθησαν,

355 5083 538 5135 ἐκεῖνο
572 5080 735 5133 πάλιν
763 5079 1030 5133 διδάσκων
1052 5120 1067 5144 ,
1101 5079 1176 5144 ὡς
1225 5080 1327 5133 οὐκ
1367 5078 1433 5133 ἂν
1464 5080 1521 5132 ἐν
1543 5079 1753 5143 τούτοις
1790 5079 1944 5148 γέγο-

355 5189 452 5223 νεν
477 5170 859 5241 ήΜωαϐιτῶν,
906 5170 956 5222 εί
993 5169 1067 5242 μὴ
1102 5170 1544 5241 προσκέκρουκεν
1592 5170 1654 5223 οὐ
1707 5169 1942 5240 μετρίως

354 5264 439 5333 τῷ
463 5264 642 5316 πάντα
674 5262 912 5332 ἰσχύοντι
936 5261 1077 5332 Θεῷ.

434 5373 537 5427 Διά
569 5372 745 5427 τοῦτο
778 5375 1116 5444 κλαύσομαι
1148 5375 1350 5441 ὡςτὸν
1378 5373 1691 5444 κλαυθμὸν
1725 5372 1937 5444 Ἰαζὴρ,

356 5468 631 5532 ἄμπελος
652 5464 904 5536 Σεδαμά.
929 5466 1004 5520 Τὰ
1032 5465 1250 5536 δένδρα
1275 5482 1393 5522 σου
1422 5466 1752 5522 κατέϐαλεν
1778 5468 1941 5521 Ἐσει

358 5558 505 5625 ϐῶν,
533 5558 632 5612 καὶ
654 5557 881 5623 ἐλάλει,
910 5558 1011 5612 ἐπὶ
1044 5557 1125 5625 τῷ
1156 5558 1413 5629 θερισμῷ
1435 5558 1536 5613 καὶ
1567 5558 1665 5613 ἐπὶ
1688 5557 1769 5625 τῷ
1801 5576 1938 5627 τρυε

358 5647 526 5723 τητῷ
573 5663 691 5703 σου
744 5647 1165 5717 καταπατήσω,
1199 5650 1299 5704 καὶ
1337 5650 1572 5705 ἅπαντα
1591 5648 1939 5716 πεσοῦνται,

2034 3337 2200 3392 relicti
2234 3346 2378 3403 sunt,
2403 3336 2847 3406 pertransiverunt
2870 3350 3099 3389 creatum
3131 3333 3229 3404 (1).

2102 3535 2270 3591 Aiunt
2314 3534 2552 3606 Assyriis
2580 3534 3003 3604 irrumpentibus
3048 3533 3357 3605 complures
3400 3533 3610 3589 Moabi-

2034 3637 2210 3683 tarum
2259 3627 2311 3681 in
2353 3627 2745 3681 conterminam
2803 3634 2859 3681 et
2893 3626 3125 3682 vicinam
3157 3625 3465 3695 confugisse
3490 3642 3611 3681 ere-

2032 3732 2202 3779 mum,
2236 3723 2291 3771 et
2323 3716 2491 3770 latere
2539 3715 2835 3779 studuisse,
2875 3724 2931 3769 et
2985 3728 3211 3768 numero
3253 3716 3611 3785 paucissimos

2032 3808 2122 3861 vix
2159 3805 2325 3861 fuisse
2360 3813 2729 3860 conservatus.
2757 3802 2868 3858 Nec
2913 3801 3128 3859 diﬁlcile
3159 3804 3260 3857 fuit
3305 3802 3611 3873 Babyloniis

2033 3897 2198 3952 etiam
2261 3895 2383 3952 illos
2444 3894 2706 3961 invenire,
2741 3893 2851 3949 Deo
2901 3894 3266 3964 permittente,
3298 3904 3353 3949 et
3401 3896 3467 3947 ad
3516 3910 3611 3949 eos

2034 4000 2207 4055 usque
2242 3986 2376 4039 iram
2404 3986 2743 4040 extendente.
2769 3982 2875 4038 Sed
2913 3997 3036 4038 cum
3092 3984 3277 4052 plectit
3312 3983 3608 4046 moderate,

2033 4077 2298 4148 benignus
2348 4090 2472 4130 cum
2523 4074 2617 4141 sit,
2646 4081 2855 4126 tantum
2900 4087 3004 4126 non
3051 4072 3102 4126 in
3172 4072 3442 4126 mandatis
3520 4074 3613 4125 dat

2036 4170 2120 4226 bis
2173 4170 2263 4239 qui
2315 4176 2628 4225 everterunt
2665 4164 2842 4229 Moab,
2884 4179 2989 4219 non
3040 4164 3335 4235 adjungere
3398 4177 3458 4218 se
3525 4163 3610 4217 bis

2035 4260 2127 4330 qui
2177 4257 2360 4313 delent
2429 4255 2709 4327 profugos,
2749 4253 2846 4309 sed
2884 4268 3071 4309 errare
3119 4254 3300 4309 sinaut
3338 4252 3486 4306 velut
3516 4265 3613 4318 pur

2037 4354 2328 4414 desertum,
2353 4349 2403 4403 id
2433 4356 2538 4413 est,
2558 4347 2815 4403 oblivioni
2849 4348 3154 4411 tradant,et
3209 4345 3609 4415 indagationem

2038 4440 2254 4495 mittant
2309 4453 2497 4493 eorum
2533 4437 2625 4506 qui
2678 4438 2818 4491 istuc
2883 4434 3439 4493 confluxerunt.llinc
3502 4433 3609 4489 ait:

2042 4532 2236 4587 Errate
2293 4529 2347 4584 in
2375 4544 2580 4584 eremo.
2614 4529 2722 4583 Vos
2749 4529 2841 4599 qui
2894 4530 3042 4584 missi
3083 4529 3236 4594 estis,
3272 4528 3463 4597 inquit,
3518 4526 3610 4595 qui

2039 4640 2106 4680 ex
2156 4638 2272 4678 mea
2314 4622 2391 4676 ira
2429 4621 2755 4684 cmittimini,
2787 4628 2849 4675 ut
2881 4620 2933 4674 vi
2965 4620 3190 4690 capiatis
3228 4618 3410 4681 Moab,
3434 4627 3615 4673 errato

2040 4731 2138 4788 per
2158 4724 2419 4779 eremum,
2446 4712 2570 4768 date
2591 4710 2865 4773 oblivioni,
2884 4720 2941 4765 et
2961 4710 3386 4779 explorationem
3419 4708 3613 4763 remit-

2044 4807 2184 4863 tite:
2219 4805 2548 4862 transierunt
2590 4804 2736 4858 enim
2792 4802 2961 4856 illam.
3007 4801 3213 4857 Deinde
3267 4799 3393 4856 illud
3444 4800 3614 4855 inter-

2042 4899 2283 4972 ponitur,
2334 4896 2527 4952 Relicti
2582 4905 2729 4961 sunt,
2753 4895 2881 4951 illud
2945 4908 3132 4949 rursus
3204 4893 3424 4960 docens,
3472 4891 3614 4962 quod

2045 5007 2152 5047 non
2184 4991 2237 5045 in
2268 4990 2351 5044 bis
2372 4989 2526 5044 malis
2577 4996 2788 5043 versata
2828 4986 3021 5041 fuisset
3056 4984 3338 5040 bloabitica
3393 4984 3615 5053 provin-

2042 5082 2149 5146 cia,
2189 5080 2292 5136 nisi
2357 5081 2525 5135 Deum
2581 5078 2764 5135 omnia
2820 5077 3088 5133 valentem
3150 5074 3375 5131 nimium
3444 5071 3615 5130 oden-

2043 5173 2076 5227 d
2083 5174 2232 5228 isset.

2109 5369 2484 5435 Vens.9,10.
2539 5365 2828 5437 Propterea
2890 5365 3107 5435 plorabo
3163 5363 3300 5419 velut
3352 5361 3607 5433 ploratu-it

2036 5464 2216 5530 Jaser,
2231 5463 2374 5518 vitim
2395 5462 2619 5519 Sebanta
2643 5473 2662 5513 :
2682 5459 2894 5514 arbores
2917 5469 3035 5513 tuas
3067 5457 3249 5527 dejecit
3274 5454 3499 5514 Eaebon,
3517 5451 3592 5522 [al

2043 5554 2244 5627 Eleale]
2267 5564 2317 5610 et
2353 5555 2487 5610 dixit
2518 5569 2533 5607 :
2564 5550 2633 5607 In
2660 5566 2824 5607 messe
2851 5551 2966 5605 etin
2985 5548 3245 5603 vindemia
3263 5557 3354 5600 tua
3382 5542 3617 5608 calcabo,

2041 5657 2089 5701 et
2128 5649 2301 5702 omnia
2325 5648 2532 5711 cadent,
2561 5653 2608 5699 et
2656 5646 2925 5714 auferetur
2962 5640 3146 5696 la'titia
3174 5648 3224 5695 et
3246 5634 3529 5691 exsultatio
3553 5632 3613 5687 de

441 5825 520 5899 (ι)
559 5827 672 5898 Τὴν
706 5828 938 5899 ἔρημον;
988 5842 1096 5884 sec.
1143 5827 1292 5897 Sept.
1342 5836 1397 5883 ct
1436 5826 1600 5883 Hebr.
1636 5826 1929 5892 Θάλασσαν,
1971 5839 2129 5880 mare.
