4840 6494
935 380 1037 439 415

1932 372 1988 430 S.
2031 372 2306 430 CYRILLI
2348 369 2822 432 ALEXANDRINI
2866 369 3187 427 ARCHIEP.

4102 367 4207 424 ΗΘ

931 495 1092 551 uineis
1119 490 1309 559 tuis,'et
1338 491 1395 545 in
1416 488 1575 545 vineis
1595 487 1703 541 luis
1726 501 1829 540 non
1856 486 2195 550 (inlabuntur,
2222 504 2312 541 nec
2332 486 2511 541 calca—
2538 504 2587 561 Α
2622 483 2720 537 καὶ
2761 484 2842 551 ἀρ

2292 486 2511 541 ccalca—
2538 504 2587 561 Α
2622 483 2720 537 καὶ
2761 480 3086 551 ἀρθήσεται
3142 478 3491 548 εὐφροσύνη
3550 480 3649 534 καὶ
3693 481 4042 551 armillam
4086 484 4203 538 ἀπὸ

932 588 1058 639 bunt
1092 584 1269 638 vinum
1303 582 1357 635 in
1392 575 1911 646 torcularibus/Luam
1939 577 2175 629 cessavit.

1005 842 1216 911 Ellingit
1238 841 1583 913 propheticus
1614 854 1792 894 sermo
1819 852 2103 909 personam
2152 836 2508 892 Moabitarum

933 933 1334 989 calamitatibus
1387 932 1812 1003 illacrymantem
1852 938 1904 984 et
1947 928 2110 984 etiam
2141 925 2318 992 laser,
2344 942 2508 997 supra

936 1024 1176 1094 reliquas
1240 1024 1555 1079 devastata.
1586 1019 1675 1076 Sic
1707 1032 1763 1076 et
1795 1021 1929 1076 alias
1997 1019 2179 1089 lugere
2224 1020 2319 1084 ait,
2343 1019 2414 1074 ita
2454 1028 2511 1074 ut

933 1127 1031 1182 par
1102 1112 1226 1175 fuit,
1256 1111 1428 1180 ipsam
1506 1108 1681 1165 Jaser.
1741 1109 1890 1165 Vites
1944 1119 2121 1164 autem
2185 1119 2239 1164 et
2289 1110 2511 1165 arbores

933 1203 1167 1273 appellat
1223 1218 1316 1258 eos
1348 1202 1437 1272 qui
1491 1202 1863 1257 inhabitarunt
1896 1201 2168 1267 civitates,
2193 1213 2509 1259 enumerat-

930 1306 1037 1361 que
1074 1291 1238 1361 259
1281 1293 1571 1347 subversas
1625 1291 1785 1345 urbes
1840 1289 2071 1345 Sabama
2141 1300 2197 1345 et
2266 1291 2505 1349 Esebon.

932 1380 1155 1437 Hostilis
1188 1390 1365 1437 autem
1422 1382 1644 1452 populus
1700 1382 1955 1452 loquitur.
2005 1381 2062 1436 ln
2121 1398 2299 1438 messe
2348 1394 2404 1439 et
2455 1389 2507 1439 in

933 1474 1201 1528 vindemia
1275 1482 1387 1538 tua,
1424 1474 1617 1544 inquit;
1671 1483 1727 1529 at
1769 1474 1901 1543 quid
1949 1473 2223 1543 loquitur?
2275 1474 2510 1533 Calcabo

932 1562 1198 1629 videlicet,
1224 1575 1278 1620 et
1318 1566 1499 1620 omnia
1548 1567 1763 1625 cadent.
1803 1564 1868 1621 Et
1919 1565 1986 1620 ad
2034 1565 2181 1622 hac:
2216 1566 2508 1623 Auferetur

931 1668 1094 1724 porro
1132 1654 1313 1709 laetitia
1351 1666 1404 1711 et
1428 1654 1714 1710 exsultatio
1740 1670 1807 1711 ex
1836 1655 2010 1710 vineis
2060 1656 2186 1712 tuis.
2216 1655 2311 1711 Est
2357 1659 2502 1712 enim

928 1744 1237 1802 festivitatis
1306 1762 1497 1802 amans
1560 1746 1817 1812 Moabita,
1869 1746 2120 1817 plurimis
2171 1749 2509 1804 caremouiis

2613 570 2734 625 τῶν
2758 571 3043 641 ἀμπέλων
3071 585 3188 624 σου
3209 586 3223 601 ο
3259 570 3357 624 καὶ
3392 570 3464 623 ἐν
3484 570 3610 637 τοῖς
3631 572 3949 641 ἀμπελῶσι
3984 589 4106 627 σου
4133 577 4205 629 οὐ

2607 665 2695 734 μὴ
2725 662 3247 732 εὐφρανθήσονται
3265 678 3280 691 ο
3314 662 3411 716 καὶ
3434 661 3610 733 οὺμὴ
3633 663 4023 731 πατήσουσιν
4035 662 4206 720 οἶνον

2614 757 2701 821 εἰς
2722 754 2793 807 τὰ
2816 754 3136 821 ὐπολήνια,
3165 753 3464 808 πέπαυται
3500 754 3611 825 γάρ

2699 845 3058 899 Ἀναπλάττει
3096 845 3386 916 πρόσωπον
3425 847 3453 898 6
3487 845 3823 917 προφητικὸς
3854 848 3987 917 ἡμῖν
4020 847 4202 915 λόγος,

2612 938 2706 991 ἐπὶ
2734 941 2853 1002 ταῖς
2883 937 2991 991 τῶν
3021 936 3332 991 Μωαϐιτῶν
3354 936 3729 1009 δακρυρῤοοῦν
3750 942 4081 1009 συμφοραῖς,
4108 939 4205 992 καὶ

2610 1029 2751 1099 τάχα
2776 1046 2879 1081 που
2908 1032 3001 1100 τῆς
3034 1028 3218 1101 Ἰαζὴρ
3241 1030 3378 1100 ὑπὲρ
3405 1029 3503 1093 τὰς
3532 1030 3723 1101 ἑτέρας
3751 1028 4203 1102 πεπορθημένηςο

2608 1118 2751 1173 οὕτω
2773 1120 2866 1173 καὶ
2886 1121 2985 1184 τὰς
3006 1120 3171 1183 ἄλλας
3193 1121 3659 1192 κατολοφύρεσθαί
3687 1138 3873 1192 φησιν,
3903 1122 4100 1194 ὥσπερ
4138 1124 4202 1177 ἂν

2612 1212 2811 1282 πρέποι
2836 1212 2930 1265 καὶ
2958 1212 3056 1283 τὴν
3092 1212 3297 1284 Ἰαςήρ.
3336 1212 3639 1283 Ἀμπέλους
3658 1212 3715 1266 δὲ
3740 1213 3834 1266 καὶ
3860 1213 4058 1284 δένδρα
4079 1214 4204 1276 τοὺς

2609 1303 2955 1366 ἐνοικοῦντας
2989 1306 3106 1366 ταῖς
3136 1303 3356 1357 πόλεσιν
3386 1304 3664 1374 ὀνομάζει.
3702 1303 4127 1375 Ἀπαριθμεῖται
4147 1302 4205 1358 δὲ

2610 1395 2705 1448 καὶ
2735 1394 2835 1459 τὰς
2868 1394 3291 1467 πεπορθημένας
3311 1395 3412 1466 τῆς
3441 1395 3649 1460 πόλεως
3676 1395 3909 1467 Σαϐαμὰ
3931 1397 4030 1449 καὶ
4050 1395 4205 1449 Ἐσε-

2610 1487 2741 1541 ϐὦν.
2783 1487 2843 1541 ὐ
2876 1487 2935 1541 δέ
2963 1505 3028 1558 γε
3048 1488 3157 1541 τῶν
3186 1488 3460 1559 πολεμίων
3495 1489 3667 1560 δῆμος
3697 1489 3960 1560 ἐλάλησεν
4001 1489 4100 1543 ἐπὶ
4124 1488 4204 1561 τῷ

2612 1579 2856 1653 θερισμῷ
2883 1597 2975 1633 σου
2997 1582 3090 1634 καὶ
3106 1581 3197 1634 ἐπὶ
3215 1580 3294 1652 τῷ
3310 1581 3566 1653 τρυγητῷ
3594 1598 3711 1648 σου,
3739 1581 3904 1652 φησίν
3926 1598 3943 1613 ·
3967 1581 4202 1652 ἐλάλησι

2609 1669 2666 1723 δὲ
2689 1672 2741 1724 τί
2760 1688 2774 1737 ;
2802 1671 2893 1738 Τδ,
2920 1673 3305 1745 Καταπατήσω
3326 1672 3589 1743 δηλονότι,
3613 1673 3707 1726 καὶ
3730 1672 3946 1727 ἅπαντα
3968 1672 4205 1727 πεσοῦνο

2606 1781 2717 1818 ται.
2749 1765 2858 1819 Kal
2898 1765 3036 1837 πρὸς
3085 1766 3297 1830 τούτοις
3351 1765 3463 1819 ἔτιο
3523 1767 3845 1838 Ἀρθήσεται
3884 1766 4199 1838 εὐφροσύνη

927 1851 1258 1908 prosequens
1309 1839 1579 1895 damonas
1602 1878 1618 1905 ,
1654 1846 1979 1908 pernoctans
2031 1838 2082 1892 in
2140 1839 2273 1903 aris,
2316 1848 2372 1893 et
2404 1855 2507 1895 an-
2539 1858 2582 1914 Β
2612 1855 2706 1910 καὶ
2737 1856 2838 1925 ἀγα

2316 1848 2372 1893 ει
2404 1855 2507 1895 all‘
2539 1858 2582 1914 Β
2612 1855 2706 1910 καὶ¹
2737 1856 3050 1928 ἀγαλλίαμα
3072 1858 3136 1911 ὲκ
3162 1856 3271 1911 τῶν
3287 1857 3550 1928 ἀμπέλων
3575 1875 3689 1911 σου·
3718 1859 3747 1912 6
3775 1858 3885 1928 γὰρ
3915 1857 4202 1930 φιλέορτος

927 1944 1036 1984 sam
1101 1928 1299 1985 latitia
1357 1930 1584 1996 habens,
1627 1943 1841 1998 semper
1901 1929 2232 1984 sacrificare.
2269 1929 2507 1986 Plorabit

926 2029 981 2075 et
1014 2018 1183 2083 ﬂebit.
1230 2021 1487 2090 omnique
1531 2020 1802 2090 voluptate
1896 2023 2084 2091 procul
2137 2024 2332 2079 aberit.
2388 2025 2503 2080 Non

926 2113 1074 2167 enim
1142 2112 1325 2167 latitia
1380 2111 1702 2179 allicieutur,
1741 2128 1847 2168 non
1901 2114 2186 2170 calcabunt
2231 2118 2411 2171 vinum
2452 2121 2503 2173 in

927 2203 1289 2259 torcularibus
1322 2219 1337 2255 :
1394 2219 1516 2258 nam
1548 2204 1799 2259 cessavit.
1836 2205 1953 2263 Non
2004 2208 2127 2272 erit,
2157 2207 2352 2278 inquit,
2394 2211 2506 2264 fru-

925 2305 1047 2349 ctus
1093 2293 1330 2359 vitibus;
1364 2296 1616 2364 peribunt
1660 2297 1804 2351 enim
1834 2312 1957 2352 cum
2003 2299 2135 2369 ipsis
2167 2318 2285 2371 qua
2337 2304 2405 2357 ab
2435 2304 2502 2358 iis

927 2395 1053 2439 nata
1102 2395 1249 2439 sunt.
1283 2384 1351 2439 Et
1390 2386 1456 2441 de
1511 2386 1728 2451 vitibus,
1750 2387 1796 2442 si
1826 2390 2212 2446 exscindantur
2265 2395 2499 2463 penitus,

924 2490 1051 2530 vera
1082 2474 1195 2529 hac
1230 2476 1423 2531 oratio.
1455 2477 1550 2530 Sin
1581 2478 1846 2545 pertineat
1874 2479 1941 2533 ad
1968 2495 2065 2534 nos
2094 2522 2109 2548 ,
2144 2483 2288 2537 velut
2317 2499 2500 2539 excin-

925 2565 995 2633 pli
1026 2566 1197 2635 gratia
1228 2566 1294 2620 de
1323 2567 1479 2620 rebus
1511 2567 1790 2631 humanis,
1821 2568 1975 2623 docet
2022 2586 2209 2627 rursus
2248 2574 2333 2628 hic
2384 2591 2499 2627 ser-

923 2672 1033 2719 mo,
1080 2658 1223 2726 quod
1272 2672 1394 2712 cum
1460 2658 1805 2728 gignentibus
1862 2674 1926 2713 ea
1981 2676 2101 2730 qua
2155 2665 2331 2733 genita
2374 2676 2499 2720 sunt

922 2748 1330 2813 exolescent,ut
1384 2763 1556 2817 neque
1619 2749 1749 2818 ipsis
1796 2753 2199 2820 pragnantibus
2261 2756 2364 2810 ulla
2430 2760 2497 2811 ab

922 2838 1164 2893 hostibus
1195 2838 1461 2894 tribuatur
1506 2840 1902 2901 misericordia.
1937 2842 2165 2899 Passam
2196 2846 2300 2901 hoc
2331 2847 2498 2904 fuisse

917 2927 1214 2985 Jerusalem
1272 2930 1501 2986 dicimus
1552 2931 1605 2987 in
1663 2932 1803 2987 bello
1874 2934 2134 2992 adversus
2203 2938 2493 2995 Romanos.

918 3017 1181 3075 Servator
1248 3020 1502 3075 nimirum
1584 3022 1754 3090 dixit,
1815 3028 2183 3093 pranuntians
2249 3046 2312 3085 ea
2378 3048 2497 3100 qua

918 3108 994 3165 illi
1026 3119 1289 3165 eventura
1325 3122 1506 3176 erant,
1559 3113 1703 3181 quod
1754 3113 2096 3171 obsideretur
2126 3120 2193 3173 ab
2223 3125 2491 3190 exercitu,

2605 1948 2921 2018 Μωαϐίτης,
2949 1951 2977 2002 ό
3006 1949 3265 2013 πλείστας
3295 1952 3408 2013 τοῖς
3433 1948 3686 2019 δαίμοσιν
3720 1949 3999 2011 ἀνατιθεὶς
4042 1950 4201 2003 τελε-

2605 2037 2725 2101 τὰς,
2756 2040 2784 2091 6
2813 2037 3244 2110 διανυκτερεύων
3278 2039 3370 2092 ἐπὶ
3415 2038 3643 2110 βωμοῖς,
3674 2040 3769 2093 καὶ
3798 2037 4081 2109 πρόφασιν
4111 2039 4202 2093 etl-

2607 2129 2880 2201 φροσύνης
2903 2130 2964 2183 τὸ
2992 2130 3139 2185 θύειν
3171 2132 3311 2203 ἔχων
3331 2132 3440 2186 ἀεί.
3477 2131 3823 2203 Κατοιμὼξει
3845 2132 3940 2184 καὶ
3972 2124 4203 2186 κλαῦσε·

2604 2237 2713 2285 ται,
2753 2222 2848 2275 καὶ
2895 2221 3113 2292 ἁπάσης
3156 2221 3455 2293 θυμηδείας
3499 2221 3655 2275 ἔσται
3706 2221 3946 2292 μακράν.
3977 2221 4056 2275 οὐ
4089 2220 4201 2292 γὰρ

2607 2312 2681 2381 μὴ
2712 2312 3208 2384 εὐφρανθήσονταιο
3240 2313 3348 2366 οὐδ’
3387 2313 3448 2366 οὐ
3480 2313 3554 2384 μὴ
3587 2314 3925 2384 πατήσουσιν
3957 2308 4105 2365 οἶνον
4120 2314 4201 2376 είς

2601 2404 2670 2456 τὰ
2692 2404 2975 2476 ὑπολήνια,
2998 2405 3271 2459 πέπαυται
3300 2406 3428 2477 γάρ.
3459 2407 3571 2460 Οὐκ
3593 2405 3766 2470 ἔσται,
3791 2405 3978 2477 φησὶν,
4009 2406 4071 2458 ἐν
4092 2406 4201 2475 άμ-

2603 2494 2785 2559 πέλοις
2811 2497 3024 2567 καρπός
3042 2513 3055 2526 ’
3085 2498 3307 2567 συνοιχή
3318 2514 3468 2550 σεται
3493 2497 3602 2568 γὰρ
3622 2498 3813 2561 αὑταῖς
3837 2496 3986 2561 «es:
4014 2496 4198 2550 αὐτῶν

2599 2591 2916 2659 τικτόμενα.
2954 2591 3062 2644 Kal
3082 2590 3174 2643 ἐπὶ
3200 2592 3298 2660 μὲν
3340 2593 3459 2654 ταῖς
3502 2591 3768 2661 ἀμπέλοις
3815 2592 3865 2643 εί
3907 2590 4200 2645 ὲκκόποιεν

2600 2679 2770 2742 ὅλως,
2820 2679 3027 2751 ἀληθὴς
3072 2682 3253 2734 οὐτοσὶ
3301 2679 3479 2750 λόγος.
3517 2682 3579 2734 Εἰ
3625 2680 3683 2733 δὲ
3730 2681 3794 2753 δὴ
3821 2680 4034 2749 γένοιτο
4060 2682 4200 2752 πρὸς

2599 2770 2631 2836 ἡ
2643 2769 2780 2837 μῶν,
2798 2769 2873 2832 ὡς
2894 2771 2951 2822 ὲν
2964 2770 3191 2841 δυνάμει
3209 2771 3672 2843 παραδειγμάτων
3693 2772 3864 2825 sum
3877 2771 4202 2843 ἀνθρώπινα

2598 2858 2840 2914 διδάσκει
2871 2861 3032 2914 πάλιν
3066 2865 3093 2915 6
3128 2862 3308 2931 λόγος,
3337 2863 3412 2925 ὡς
3435 2862 3572 2933 ὁμοῦ
3600 2862 3815 2931 γονεῦσι
3843 2863 3915 2916 τά
3938 2862 4198 2928 ἐξαύτῶν

2597 2952 2898 3021 οἰχήσεται,
2930 2952 3005 3015 ὡς
3032 2953 3167 3024 μηδὲ
3201 2954 3393 3017 αὑταῖς
3416 2956 3537 3017 ταῖς
3558 2954 3953 3025 κυοφορούσαις
3972 2954 4197 3025 δοθῆναί

2599 3057 2720 3093 τινα
2747 3040 2896 3113 παρὰ
2951 3042 3060 3095 τῶν
3092 3043 3366 3113 πολεμίων
3415 3044 3507 3098 τὸν
3552 3045 3721 3101 ἔλεον.
3762 3045 4104 3099 Πεπονθέναι
4138 3046 4195 3099 δὲ

2595 3129 2753 3183 τοῦτο
2780 3131 2920 3184 κατὰ
2942 3131 3040 3203 τὴν
3078 3133 3433 3206 Ἰερουσαλήμ
3471 3151 3652 3205 φαμεν
3691 3136 3748 3188 ὲν
3769 3134 3848 3204 τῷ
3889 3134 4030 3204 πρὸς
4068 3134 4199 3188 Ῥω-

916 3200 1293 3271 accideretque
1342 3217 1419 3257 va
1444 3202 1781 3273 parientibus
1826 3214 1887 3261 et
1914 3215 2128 3264 uterum
2155 3216 2488 3282 gerentibus,
2520 3225 2563 3283 c
2600 3221 2827 3291 μαίους1

2287 3216 2488 3281 ntibus,
2520 3225 2563 3283 α
2600 3221 2792 3291 μαίους
2813 3200 3055 3295 πολέμιρ.
3076 3200 3186 3278 Kal
3201 3224 3333 3294 γοῦν
3349 3200 3629 3295 ἐξασκετνὸ
3645 3200 3837 3297 Σωτὴρ
3862 3200 4195 3297 προσαπαγ-

917 3289 1025 3345 illis
1080 3293 1270 3349 diebus
1318 3295 1571 3352 maxime.

2606 3312 2810 3380 γέλλων
2843 3314 2913 3368 τὰ
2943 3315 3337 3387 συμϐησόμενα
3361 3317 3518 3388 αὐτῇ,
3541 3318 3623 3371 ὅτι
3651 3317 4071 3387 κυκλωθήσεται
4097 3316 4195 3387 μὲν

916 3382 1022 3435 ὑπὸ
1066 3385 1475 3483 στρατοπέδων
1525 3390 1865 3463 συμϐήσεται
1905 3394 1963 3449 δὲ
2002 3396 2063 3451 τὸ
2095 3398 2217 3453 οὐαὶ
2260 3400 2495 3470 μάλιστα
2533 3408 2650 3472 ταῖς
2711 3382 3027 3472 τικτούσαις
3060 3382 3156 3463 καὶ
3200 3382 3341 3476 ’ταῖς
3364 3413 3421 3465 ὲν
3455 3382 3649 3483 γαστρὶ
3672 3382 3926 3483 ἐχούσαις
3958 3413 4021 3465 ἐν
4049 3382 4195 3464 ιέει.

917 3493 1038 3541 ναις
1058 3479 1179 3543 ταῖς
1214 3478 1473 3551 ἡμέραις.

991 3573 1124 3629 Vn.
1192 3573 1280 3627 ll.
1342 3571 1628 3642 Propterea
1689 3589 1866 3635 venter
1928 3597 2073 3636 meus
2123 3600 2281 3653 super
2337 3585 2494 3641 Moab

914 3665 1051 3721 velut
1073 3666 1277 3720 cithara
1325 3667 1554 3735 sonabit,
1592 3677 1641 3723 et
1670 3669 1923 3727 interiora
1971 3689 2088 3729 mea
2124 3675 2266 3730 velut
2312 3694 2495 3733 murus

911 3769 1066 3822 quem
1100 3757 1382 3810 renavaui.

985 3845 1284 3912 Submotis,
1355 3846 1556 3918 inquit,
1625 3852 1822 3920 gaudio
1851 3862 1907 3909 et
1962 3853 2149 3912 latitia
2202 3858 2270 3914 de
2322 3861 2495 3923 vineis

915 3936 1044 4002 tuis,
1067 3947 1122 3991 et
1151 3937 1295 3993 nullo
1326 3940 1380 3993 in
1400 3939 1505 3995 illis
1544 3939 1783 4008 latante,
1805 3958 1930 3999 cum
1971 3948 2075 4002 hoc
2103 3963 2201 4003 usu
2251 3955 2489 4018 venerit,

913 4029 1045 4083 ﬁent
1073 4029 1335 4085 interiora
1366 4047 1483 4086 mea
1514 4033 1721 4088 cithara
1752 4045 1805 4091 et
1835 4037 2103 4093 cantilena
2132 4042 2493 4098 etmodulatio

910 4134 1076 4189 super
1107 4129 1179 4177 te.
1220 4120 1332 4175 Tua
1380 4124 1525 4176 enim
1567 4125 1790 4181 enuntio
1849 4127 2010 4195 mala,
2068 4140 2124 4185 et
2175 4134 2492 4199 percelebro

913 4208 1173 4263 inﬂictam
1236 4211 1330 4264 tibi
1375 4212 1759 4269 calamitatem.
1802 4215 1871 4270 Et
1895 4217 2041 4273 velut
2087 4220 2298 4276 cithara
2344 4240 2491 4294 qua-

907 4303 1033 4356 dam
1062 4304 1323 4358 concinna
1381 4308 1663 4374 resonabo,
1698 4316 1753 4361 et
1804 4308 1883 4364 sic
1908 4314 2230 4383 percutiam,
2291 4327 2345 4372 et
2396 4334 2493 4374 ex-

910 4392 1146 4447 audibile
1175 4393 1369 4449 faciam
1411 4411 1653 4463 carmen,
1687 4399 1831 4453 velut
1866 4418 2078 4459 murum
2128 4422 2287 4476 quem
2333 4426 2493 4466 reno-

907 4484 1069 4539 vasti.
1105 4484 1247 4539 Dixit
1278 4488 1422 4541 enim
1453 4488 1504 4542 in
1541 4491 1808 4562 principio
1850 4495 2075 4552 visionis
2122 4498 2311 4555 beatus
2362 4517 2490 4573 pro-

906 4575 1119 4646 pheta:
1168 4576 1337 4632 Noctu
1397 4583 1597 4651 peribit
1657 4585 1939 4655 Moabitis;
1990 4599 2149 4645 noctu
2195 4594 2339 4648 enim
2391 4596 2483 4649 de-

904 4676 1152 4723 struetur
1173 4688 1358 4727 murus
1386 4672 1710 4732 Moabitidis.
1745 4678 1877 4735 Cum
1907 4692 2089 4737 autem
2118 4699 2217 4738 nus
2268 4699 2487 4742 sensum

906 4759 1099 4814 horum
1138 4763 1404 4818 dictorum
1453 4766 1957 4839 interpretaremur,
1996 4773 2254 4841 diximus,
2303 4787 2488 4833 terra-

2669 3588 2774 3644 Διά
2808 3588 2985 3643 τοῦτο
3013 3591 3051 3659 ἠ
3088 3592 3288 3646 κοιλία
3324 3608 3446 3661 μου
3483 3590 3582 3644 ἐπὶ
3634 3591 3815 3646 Μωὰϐ
3842 3594 3925 3662 ὡς
3978 3597 4194 3669 κιθάρα

2594 3680 2839 3749 ἠχήσει,
2872 3681 2969 3735 καὶ
3002 3681 3074 3735 τὰ
3104 3682 3277 3749 ἐντός
3301 3700 3421 3752 μου
3448 3683 3530 3749 ὠς
3571 3682 3788 3751 τεῖχος,
3817 3684 3849 3737 ὃ
3892 3685 4189 3743 ἐνεκαίνι.

2595 3788 2733 3838 σας.

2679 3863 3097 3936 Ἀφῃρημένων,
3120 3865 3305 3935 φησὶν,
3333 3866 3741 3937 άγαλλιάματός
3763 3885 3820 3924 τε
3851 3871 3946 3924 καὶ
3985 3873 4187 3945 εὖφροο

2597 3955 2762 4027 σύνης
2788 3957 2853 4009 ὲκ
2880 3955 2989 4009 τῶν
3011 3957 3276 4027 ἀμπέλων
3302 3974 3418 4024 σου,
3449 3960 3543 4012 xal
3562 3960 3775 4024 οὐδενὸς
3802 3963 3861 4014 ὲν
3882 3964 4071 4028 αὐτοῖς
4101 3965 4191 4019 εύ-

2595 4047 3040 4119 φρανθησομένου
3065 4089 3081 4114 ,
3126 4049 3537 4122 συμϐεϐηκότος
3565 4052 3623 4105 δὲ
3671 4053 3863 4106 τούτου
3901 4056 4187 4125 κάκείνου,

2593 4142 2880 4207 γενήσεται
2906 4140 2976 4194 τὰ
3008 4140 3159 4205 ἐντός
3194 4157 3294 4211 μου
3320 4142 3414 4195 καὶ
3434 4143 3633 4214 κιθάρα
3655 4146 3747 4199 καὶ
3767 4144 3879 4217 ᾠδὴ
3906 4148 4002 4201 καὶ
4024 4148 4191 4219 μέλος

2593 4231 2685 4283 ὲπί
2709 4248 2813 4285 σοι.
2840 4232 2921 4285 Τὰ
2948 4232 3015 4286 σὰ
3042 4232 3150 4304 γὰρ
3185 4230 3496 4301 ἐξαγγέλλω
3540 4234 3711 4304 πάθη,
3761 4237 3856 4289 καὶ
3894 4236 4189 4311 διαϐόητον

2591 4323 2876 4391 ἀποφαίνω
2895 4322 2991 4393 τὴν
3008 4322 3391 4393 ἐπενεχθεῖσαν
3420 4339 3501 4377 σοι
3526 4326 3836 4396 συμφορὰν.
3856 4328 3967 4381 Kal
3986 4328 4188 4403 ὥσπερ

2589 4430 2674 4476 τις
2696 4412 2967 4485 εὔρυθμος
2988 4414 3276 4484 άναϐοήσω
3300 4415 3455 4486 λύρα,
3481 4419 3891 4488 κατακτυπήσω
3905 4419 3961 4472 δὲ
3982 4419 4184 4487 οὕτως,

2591 4506 2684 4560 καὶ
2711 4506 3035 4573 ἐξάκουστον
3061 4508 3369 4579 ἐργάσομαι
3394 4508 3493 4579 τὴν
3515 4509 3678 4581 ᾠδὴν,
3716 4510 3791 4574 ὡς
3813 4514 3993 4583 τεῖχος
4020 4514 4049 4568 ὃ
4069 4516 4189 4569 ἑνε-

2590 4598 2860 4664 καίνισας.
2887 4602 3028 4671 Ἔφη
3055 4600 3155 4669 μὲν
3190 4601 3297 4672 γὰρ
3326 4603 3383 4654 ὲν
3404 4602 3598 4672 ἀρχαῖς
3622 4603 3723 4671 τῆς
3744 4604 3988 4673 ὁράσεως
4016 4608 4044 4659 6
4073 4624 4185 4677 μα-

2594 4692 2784 4761 κάριος
2835 4693 3154 4763 προφήτης*
3195 4692 3405 4756 Νυκτὸς
3456 4694 3735 4748 ἀπολεῖται
3786 4698 3819 4766 ή
3860 4698 4182 4765 Μωαϐῖτις·

2590 4782 2784 4845 νυκτὸς
2800 4782 2909 4853 γὰρ
2935 4782 3215 4839 ἀπολεῖται
3233 4783 3294 4836 τὸ
3315 4786 3494 4853 τεῖχος
3518 4786 3617 4854 τῆς
3638 4786 4003 4851 Μωαϐίτιδος.
4021 4792 4182 4862 Anep-

906 4861 1055 4906 mutu
1080 4853 1243 4949 factu,
1272 4874 1484 4914 murum
1550 4863 1857 4934 disruptum
1912 4864 2084 4922 fuisse
2150 4866 2480 4939 Moabitidis,
2514 4855 2559 4909 Ῑ)
2591 4873 2817 4943 μηνεύον

2274 4870 2480 4939 bitidis,
2514 4855 2559 4909 D
2591 4873 2915 4943 μηνεύοντες
2929 4873 2985 4927 δὲ
3010 4876 3172 4945 ἡμεῖς
3194 4874 3303 4929 τῶν
3335 4853 3642 4945 εἰρημένων
3667 4877 3765 4948 τὴν
3791 4877 4043 4949 δύναμιν,
4061 4853 4177 4934 ἑλέ-

899 4953 962 4998 et
995 4955 1121 5001 ante
1148 4946 1380 5005 hostium
1412 4952 1742 5022 conﬂictum,
1791 4966 1999 5014 tantum
2028 4973 2137 5015 non
2190 4961 2257 5017 de
2288 4961 2483 5018 funda-

905 5035 1107 5089 mentis
1141 5049 1495 5109 commntum,
1520 5060 1584 5099 ac
1606 5044 1948 5102 Moabiticam
2008 5049 2286 5121 regionem
2329 5053 2485 5123 quasi

907 5126 1109 5179 tonitru
1160 5132 1627 5197 perterrefecisse.
1695 5137 1865 5204 Quem
1931 5141 2094 5196 etiam
2160 5143 2482 5211 refecerunt,

904 5216 999 5270 sed
1030 5218 1243 5274 irritum
1270 5222 1424 5292 plane
1441 5225 1677 5283 laborem
1705 5231 1758 5284 in
1796 5232 1896 5287 hoc
1918 5233 2081 5304 260
2125 5234 2480 5291 insumentes.

2582 4981 2785 5036 γομεν,
2828 4966 2910 5018 ὅτι
2954 4965 3179 5036 σεισμοῦ
3222 4967 3527 5034 γεγονότος,
3575 4966 3637 5020 τὸ
3670 4969 3770 5039 τῆς
3828 4971 4177 5038 Μωαϐίτιδος

2583 5057 2909 5128 κατηρῤάγη
2943 5060 3142 5127 τεῖχος,
3185 5057 3279 5111 καὶ
3311 5057 3417 5128 πρὸ
3446 5059 3545 5130 τῆς
3572 5058 3680 5113 τῶν
3709 5060 3988 5131 πολεμίων
4015 5063 4179 5116 ὲκϐοο

2582 5148 2680 5220 λῆς
2703 5150 2984 5220 μονονουχὶ
3012 5149 3106 5203 καὶ
3132 5149 3197 5203 ὲκ
3214 5150 3430 5220 βάθρων
3452 5151 3853 5221 ἀναμοχλευθὲν
3875 5153 4175 5225 κατεϐρόν-

2581 5258 2713 5311 τησε
2743 5241 2844 5311 τῆς
2868 5240 3195 5304 Μωαϐιτῶν,
3221 5242 3249 5294 ὃ
3281 5241 3346 5312 δὴ
3378 5242 3474 5295 καὶ
3503 5243 3873 5308 άνεκαίνισαν,
3910 5245 4174 5317 ἀνόνητον

901 5308 1175 5379 (Ie-perunt
1198 5328 1430 5385 namque
1451 5318 1609 5377 facile
1632 5323 1765 5377 citra
1785 5324 2028 5381 laborem
2059 5341 2273 5382 omnem
2291 5338 2490 5383 terram
2576 5308 2812 5388 παντελεῖ

2263 5344 2273 5381 I
2291 5338 2490 5383 terram
2576 5308 2857 5397 παντελῶς
2879 5332 2970 5386 τὸν
2993 5333 3083 5386 ὲπί
3101 5349 3164 5401 γε
3184 5308 3360 5404 τούτω
3378 5333 3787 5404 δαπανήσαντες
3807 5335 3989 5390 πόνον.
4014 5308 4174 5392 Είλον

902 5405 1116 5475 A-syrii
1193 5415 1251 5462 et
1303 5408 1604 5483 Babylonii.
1671 5415 1956 5474 Sonabunt
2000 5419 2166 5489 igitur
2220 5420 2481 5477 interiora

902 5514 1045 5563 mea,
1078 5498 1272 5572 inquit,
1329 5504 1381 5559 in
1434 5506 1542 5562 tuis
1596 5510 2000 5569 calamitatibus
2041 5512 2197 5582 quasi
2248 5514 2480 5583 cithara,

899 5600 957 5644 et
994 5590 1197 5646 luctum
1253 5595 1388 5651 adeo
1442 5598 1709 5655 celebrem
1763 5604 1966 5660 edam:
2021 5608 2480 5674 quemadmodum

898 5678 1108 5736 scilicet
1142 5698 1358 5751 murus,
1389 5688 1481 5757 qui
1534 5688 1775 5758 deiectus
1849 5705 1953 5759 est,
2015 5710 2174 5766 quem
2243 5695 2479 5754 refecisti

900 5772 1138 5843 quidem,
1181 5788 1367 5833 verum
1420 5779 1706 5840 inutiliter.
1772 5784 1981 5844 Etenim
2051 5799 2339 5847 corruente
2385 5804 2484 5846 sua

2580 5424 2689 5497 γάρ
2717 5425 2955 5496 ἀμογητὶ
2985 5423 3084 5495 τὴν
3110 5424 3402 5495 σύμπασαν
3423 5426 3527 5497 γῆν
3556 5425 3833 5498 Ἀσσύριοι
3855 5444 3913 5481 τε
3938 5430 4034 5483 καὶ
4060 5429 4172 5482 Βα-

2582 5514 2854 5570 ϐυλώνιοι.
2894 5516 3120 5587 Ἦχήσει
3166 5515 3345 5570 τοίνυν
3382 5514 3455 5570 τὰ
3490 5515 3644 5581 ἐντός
3672 5533 3797 5586 μου,
3835 5517 4023 5588 φησὶν,
4078 5517 4172 5570 ἐπὶ

2580 5609 2704 5670 ταῖς
2729 5608 2847 5671 σαῖς
2868 5609 3179 5679 συμφοραῖς
3195 5606 3273 5671 ὠς
3300 5606 3523 5679 κιθάρα,
3547 5606 3641 5661 xal
3673 5607 3956 5679 διαϐόητον
3991 5607 4170 5671 οὕτως

2581 5698 2642 5751 τὸ
2672 5699 2763 5752 σὺν
2790 5699 3092 5769 ἐργάσομαι
3109 5697 3280 5761 πάθος
3301 5713 3318 5730 ο
3343 5696 3599 5769 καθάπερ
3618 5697 3812 5768 ἀμέλει
3832 5695 3893 5750 τὸ
3915 5696 4008 5750 σὺν
4030 5713 4165 5751 xar-

2585 5788 2785 5861 ηνέχθη
2816 5791 3016 5861 τεῖχος,
3054 5787 3083 5843 6
3120 5788 3465 5855 ὲνεκαίνισας
3516 5788 3636 5861 μὲν,
3678 5786 3820 5860 πλὴν
3867 5787 3957 5843 ἐπ’
3988 5787 4166 5842 οὐδενὶ
