4110 6568
277 472 363 527 417

1387 452 1451 509 IN
1492 452 1729 509 ISAIAM
1768 450 1896 509 LIB.
1939 452 2003 508 II.
2045 451 2282 509 TOMUS
2319 451 2408 507 III.

3336 514 3339 519 λ
3413 442 3520 511 us

275 585 366 638 τῶν
388 580 692 656 χρησίμων,
730 572 1085 634 Πεπτωκότος
1114 571 1222 641 γὰρ
1245 568 1570 640 αὐτομάτως
1594 570 1689 623 τοῦ
1723 572 1835 624 τεί-

1944 577 2135 635 sponte
2185 582 2361 633 muro,
2424 579 2585 621 nemo
2643 574 2762 622 erat
2796 566 2881 623 vel
2939 567 2991 622 in
3041 576 3150 622 tota
3202 566 3517 632 Moabitide,

273 691 401 745 κους,
433 671 627 725 οὐδένα
650 668 758 722 τῶν
787 665 930 720 κατὰ
947 664 1143 716 οπᾶσαν
1188 661 1289 733 ⁴τὴν
1317 660 1644 724 Μωαϐιτῶν,
1671 661 1840 731 ἥγουν

275 766 354 818 καὶ
379 764 593 833 ἑτέραις
635 760 803 813 όντων
844 754 1033 810 πόλεσί
1059 770 1119 806 τε
1168 752 1264 806 καὶ
1302 751 1507 823 χώραις
1542 751 1730 805 ἔλαθεν
1779 753 1841 806 τὸ

278 854 627 925 συμϐεϐηκός.

336 946 436 1000 Καὶ
473 948 645 999 ἐσται
670 943 739 997 ἐν
766 940 847 1008 τῷ
878 935 1250 1007 ὲντραπῆναι
1285 951 1379 998 σε,
1420 935 1510 988 ὅτι
1550 934 1841 988 ἐκοπίασε

275 1035 435 1091 Μωὰό
476 1034 574 1087 ἐπὶ
627 1032 751 1097 τοῖς
772 1027 1021 1098 βωμοῖς,
1061 1025 1160 1080 καὶ
1208 1025 1620 1078 είσελεύσεται
1651 1026 1737 1089 είς
1767 1024 1841 1078 τὰ

275 1125 638 1196 χειροποίητα
684 1119 890 1187 αὐτῆς,
924 1118 1082 1170 ὥστε
1132 1115 1605 1184 προσεύξασθαι,
1629 1113 1728 1168 καί
1766 1116 1839 1168 οὐ

269 1217 344 1286 μὴ
367 1216 619 1281 δύνηται
649 1210 966 1277 ἐξελέσθαι
998 1209 1205 1263 αὐτόν.

334 1308 440 1363 Καὶ
468 1309 523 1360 τὶ
552 1306 687 1376 πρὸς
708 1303 902 1373 τούτῳ,
934 1301 1088 1372 φησὶ,
1120 1298 1455 1370 συμϐήσεται
1489 1297 1669 1362 πάλιν,
1703 1297 1839 1368 ὅπερ

274 1419 346 1454 σοι
368 1400 651 1468 γενήσεται
684 1395 818 1466 πρὸς
841 1393 1104 1464 αἰσχύνης
1130 1392 1225 1445 καὶ
1246 1393 1510 1462 ἐντροπῆς
1531 1406 1543 1421 ’
1577 1388 1839 1460 ματαίους

273 1491 368 1564 γὰρ
384 1489 701 1558 ἀνατλήσεις
720 1486 936 1549 πόνους,
956 1483 1309 1554 ἀναπιμπλὰς
1329 1484 1427 1553 μὲν
1442 1482 1692 1553 αἱμάτων
1711 1483 1839 1545 τοὺς

273 1585 409 1655 παρὰ
434 1585 515 1636 σοὶ
542 1580 786 1651 βωμοὺς,
806 1578 901 1632 καὶ
934 1576 1344 1647 άκαταλήκτους
1382 1575 1702 1646 ποιούμενος
1739 1577 1839 1638 τὰς

272 1677 469 1740 θυσίας,
491 1674 584 1728 καὶ
597 1672 752 1734 λιθὰς
775 1670 1068 1741 προσάγων
1088 1671 1200 1731 τοῖς
1220 1668 1635 1738 χειροποιήτοις.
1660 1664 1837 1737 Τεύξῃ

267 1783 320 1817 τε
355 1764 565 1825 οὐδενὸς
603 1762 712 1815 τῶν
743 1761 824 1824 είς
863 1760 1048 1830 ὄνησίν
1075 1776 1136 1812 τε
1170 1759 1263 1811 καὶ
1287 1757 1581 1827 σωτηρίαν.
1630 1757 1703 1809 Οὐ
1727 1756 1838 1827 γάρ

270 1873 323 1908 σε
354 1855 668 1925 δυνήσονται
702 1852 810 1905 τῶν
847 1850 1243 1922 ἐπηρτημένων
1287 1848 1595 1912 ἀπαλλάξαι
1626 1846 1833 1901 κακῶν.

1943 660 2025 714 vel
2073 659 2234 714 etiam
2288 658 2340 713 in
2389 657 2511 713 aliis
2564 659 2789 715 urbibus
2865 673 2929 715 ac
2977 658 3296 730 provinciis,
3360 674 3520 729 qucm

1944 752 2150 807 latebat
2178 750 2319 821 quod
2359 749 2656 806 acciderat.

2010 928 2177 985 Vens.
2203 927 2292 982 I2.
2350 926 2419 981 Et
2452 931 2548 983 erit
2600 929 2694 983 tibi
2738 929 2983 985 dedecori
3023 948 3085 984 ac
3125 932 3339 1001 pudori,
3385 934 3523 1001 quod

1940 1022 2253 1076 laboraverit
2288 1019 2443 1074 Moab
2490 1035 2645 1087 super
2692 1022 2819 1086 aris,
2856 1032 2904 1075 et
2958 1024 3280 1091 ingredietur
3318 1025 3375 1077 in
3413 1040 3525 1077 ma-

1951 1114 2168 1180 nufucta
2196 1130 2293 1166 sua
2324 1113 2392 1165 ad
2410 1111 2829 1182 supplicandum,
2864 1124 2910 1167 et
2935 1131 3037 1167 non
3064 1124 3308 1182 poterunt
3322 1116 3526 1187 eripere

1939 1222 2076 1260 eam.

2011 1298 2221 1354 Rursus
2272 1297 2548 1369 continget
2613 1307 2666 1352 et
2723 1298 2864 1353 aliud
2922 1299 3175 1368 quiddam
3240 1306 3520 1369 praeterea,

1941 1391 2083 1461 quod
2141 1391 2234 1444 tibi
2282 1390 2471 1460 pudori
2523 1391 2621 1444 erit
2652 1399 2707 1445 et
2778 1391 3109 1461 ignominiae.
3164 1390 3525 1446 Frustraneos

1940 1483 2083 1537 enim
2120 1482 2335 1537 labores
2386 1482 2715 1546 exantlabis,
2782 1482 3140 1553 sanguinibus
3196 1482 3385 1536 altaria
3433 1491 3523 1536 tua

1943 1574 2215 1643 replendo.
2267 1584 2322 1627 et
2369 1572 2528 1645 juges
2608 1575 3037 1629 sacrilicationes
3123 1573 3396 1637 faciendo,
3469 1582 3527 1627 et

1942 1666 2262 1722 manufactis
2285 1666 2699 1735 supplicationes
2724 1666 2997 1721 offerendo
3019 1685 3034 1721 :
3058 1664 3405 1733 consequeris
3430 1680 3527 1717 au-

1940 1766 2048 1812 tem
2082 1758 2213 1811 nihil
2246 1760 2385 1826 quod
2411 1759 2476 1811 ad
2504 1759 2845 1812 commodum
2883 1758 3178 1811 salutemve
3215 1755 3521 1825 pertineat:

1941 1863 2045 1901 non
2064 1848 2206 1901 enim
2224 1848 2292 1902 ab
2310 1847 2807 1914 teimpcndentibus
2827 1846 2980 1899 malis
2996 1854 3248 1914 poterunt
3266 1844 3517 1899 liberare.

267 1945 394 1999 Ποία
408 1946 516 2016 γὰρ
537 1945 686 2014 ἰσχὺς
712 1944 769 1995 ὲν
785 1941 1022 2003 εἰδώλοις
1038 1939 1285 2009 ἀψύχοις,
1305 1938 1341 1992 ἃ.
1362 1939 1458 1992 καὶ
1478 1937 1674 2009 τέχνης
1690 1938 1837 1991 ἐστὶν

1944 1939 2099 1994 ldolis
2120 1940 2261 1993 enim
2305 1938 2555 1992 inanimis
2586 1937 2713 2006 quid
2756 1937 2972 1990 tandem
3002 1937 3141 1989 inest
3164 1933 3529 1989 fortitudinis?

267 2034 605 2106 ἀνθρωπίνης
633 2032 943 2103 εὑρήματα,
974 2030 1069 2083 καὶ
1104 2030 1466 2100 δημιουργοὺς
1500 2027 1683 2098 ἔχουσι
1712 2027 1839 2091 τοὺς

266 2123 694 2197 προσκυνοῦντας
722 2120 878 2175 αὐτά.
911 2117 1118 2172 Οὐκοῦν
1140 2117 1283 2171 καθά
1312 2133 1476 2186 φησιν
1514 2116 1543 2167 ὁ
1572 2115 1840 2185 μακάριος

265 2218 441 2272 Δαϐίδ·
468 2214 688 2286 Ὅμοιοι
707 2213 890 2274 αὐτοῖς
912 2210 1247 2279 γένωνταιοὶ
1270 2210 1544 2271 ποιοῦντες
1561 2208 1720 2274 αὐτὰ,
1745 2206 1841 2261 καὶ

264 2310 459 2369 πάντες
480 2308 528 2359 οἱ
556 2302 872 2365 πεποιθότες
897 2300 986 2353 ἐπ’
1015 2300 1214 2364 αὐτοῖς.
1236 2299 1430 2351 ’ἰστέον
1459 2297 1534 2364 δὲ,
1564 2299 1645 2351 ὅτι
1676 2298 1841 2352 δεισι-

262 2396 664 2468 δαιμονέστεροι
684 2393 807 2446 λίαν
830 2392 880 2446 οί
902 2391 1191 2445 Μωαϐῖται
1211 2389 1520 2459 γεγόνασιν,
1556 2390 1842 2442 οίωνοσκο-

263 2489 350 2541 ποί
390 2503 452 2539 τε
479 2486 573 2539 xa‘t
607 2482 1021 2553 ψευδομάντεις,
1048 2481 1141 2534 καὶ
1164 2480 1531 2551 τερατολόγοι,
1571 2480 1667 2533 καὶ¹
1704 2477 1839 2531 πολὺ

259 2580 377 2631 λίαν
407 2576 880 2648 ὲπιθαρσήσαντες
906 2576 1017 2635 τοῖς
1041 2573 1104 2625 ὲκ
1139 2571 1392 2642 γοητείας
1420 2574 1628 2633 κακοῖς.
1653 2572 1841 2641 ’ῼοντο

256 2669 364 2738 γάρ
381 2669 512 2730 ῐσως
532 2683 696 2719 κατευ
705 2664 1025 2736 μεγεθήσειν
1046 2663 1303 2715 δύνασθαι
1324 2664 1421 2733 τῆς
1444 2663 1551 2715 τῶν
1566 2662 1842 2732 πολεμίων

256 2757 458 2829 χειρὸς,
489 2757 550 2809 οὑ
580 2755 854 2821 τοσοῦτον,
890 2753 965 2817 ὣς
990 2771 1054 2822 γε
1083 2748 1257 2823 οἶμαι,
1287 2756 1406 2817 ταῖς
1436 2754 1543 2806 τῶν
1570 2753 1842 2806 τακτικῶν

255 2848 612 2920 ἐμπειρίαις,
663 2848 787 2900 ὅσον
814 2849 937 2909 ταῖς
981 2843 1322 2913 ἐπικουρίαις
1364 2843 1472 2896 τῶν
1513 2843 1663 2912 παρᾶ
1689 2842 1841 2912 σφίσι

256 2939 415 2992 θεῶν.
445 2938 585 2991 Ἀλλ’
620 2940 978 3009 ἡμαρτήκασι
1029 2937 1131 3007 τῆς
1180 2936 1417 3002 ἐλπίδος,
1466 2936 1670 3006 ἄψυχον
1708 2935 1842 3006 ῦλην

252 3032 343 3086 διὰ
377 3031 582 3085 θυσιῶν
608 3048 669 3084 τε
696 3030 789 3084 καὶ
815 3030 969 3099 λιτῆς
1000 3029 1328 3091 καλέσαντες
1357 3031 1438 3091 εἰς
1461 3026 1802 3097 ἐπικουρίαν.

330 3120 515 3177 Τοῦτο
557 3121 625 3175 τὸ
667 3120 836 3191 ῥῆμα
879 3121 910 3173 ὃ
966 3120 1235 3187 ἐλάλησε
1277 3120 1492 3187 Κύριος
1531 3117 1630 3171 ἐπὶ
1665 3117 1847 3172 Μωὰό

251 3214 441 3266 ὁπότε
470 3210 569 3264 καὶ
615 3210 944 3278 ἐλάλησεν.

1942 2047 2062 2101 qua:
2098 2042 2152 2087 et
2192 2032 2439 2086 humanae
2502 2030 2638 2083 artis
2694 2029 2910 2081 inventa
2984 2036 3126 2092 sunt,
3170 2035 3225 2079 et
3281 2025 3524 2079 artiﬁces

1942 2122 2142 2178 habent
2170 2123 2259 2190 qui
2292 2137 2354 2176 ea
2377 2123 2623 2175 adorant.
2660 2118 2844 2187 Itaque
2900 2118 3037 2173 sicut
3101 2117 3295 2172 beatus
3354 2116 3524 2170 David

1943 2216 2021 2269 ait
2063 2231 2078 2269 :
2122 2212 2340 2268 Similes
2394 2212 2497 2267 illis
2523 2211 2653 2264 ﬁant
2715 2210 2804 2279 qui
2841 2209 3043 2264 faciunt
3072 2223 3158 2272 ea,
3212 2217 3268 2263 et
3324 2223 3524 2261 omnes

1942 2306 2033 2376 qui
2097 2305 2267 2358 ﬁdunt
2316 2304 2368 2358 in
2422 2303 2610 2357 illis”.
2652 2301 2940 2357 Sciendum
2998 2310 3200 2365 autem,
3246 2299 3526 2354 exstitisse

1943 2397 2209 2452 Moabitas
2244 2395 2830 2465 superstitiosissimos,
2861 2402 2914 2445 et
2979 2407 3210 2461 augures
3251 2400 3306 2445 et
3354 2406 3523 2444 vanos

1941 2498 2115 2555 vates,
2174 2496 2229 2541 et
2293 2485 2679 2540 miraculorum
2751 2483 3072 2552 jactatores,
3131 2491 3186 2536 et
3230 2481 3523 2551 prazstigiis

1942 2581 2230 2652 plurimum
2259 2578 2514 2632 conlisos.
2550 2573 2944 2629 Existimabam
2986 2573 3130 2627 enim
3175 2586 3235 2627 se
3286 2573 3522 2626 hostium

1943 2687 2164 2727 manum
2199 2673 2527 2730 dcvicturos,
2556 2682 2660 2720 non
2694 2677 2827 2726 tam,
2854 2672 2913 2718 ut
2937 2678 3037 2733 ego
3061 2663 3276 2732 quidem
3305 2677 3521 2726 censeo,

1945 2780 2043 2818 usu
2091 2764 2391 2833 peritiaque
2444 2773 2742 2823 armorum,
2787 2772 2946 2825 quant
3010 2757 3250 2825 ipsorum
3297 2755 3522 2808 deorum

1944 2853 2305 2909 adminiculis.
2334 2852 2528 2906 Verum
2584 2864 2678 2918 spe
2729 2847 2973 2903 frustrati
3010 2856 3156 2911 sunt,
3212 2848 3303 2916 qui
3339 2847 3523 2900 inani-

1946 2960 2088 3000 mam
2120 2944 2401 2999 materiam
2444 2941 2730 2996 sacriﬁciis
2765 2940 3120 3009 precibusque
3152 2939 3204 2992 in
3261 2939 3522 2992 auxilium

1942 3051 2075 3091 ana
2085 3043 2227 3089 runt.

2020 3126 2133 3182 Hoc
2178 3135 2253 3181 est
2288 3126 2499 3178 verbum
2555 3122 2696 3194 quod
2734 3121 2938 3177 locutus
2980 3132 3053 3175 est
3081 3120 3336 3175 Dominus
3366 3135 3524 3191 super

1954 3216 2125 3280 Moab,
2158 3217 2363 3285 quando
2386 3223 2434 3266 et
2461 3213 2666 3267 locum:
2692 3222 2789 3267 est.

323 3301 503 3372 Αῦτη,
526 3301 715 3372 φησὶν,
745 3302 778 3371 ή
808 3301 1016 3372 ὅρασις,
1048 3300 1081 3369 ἡ
1104 3299 1247 3353 κατὰ
1273 3300 1373 3368 τῆς
1414 3299 1720 3355 Μωαϐιτῶν
1744 3298 1840 3359 λα-

2018 3278 2383 3376 Ηιεοίίηίιυίι,
2424 3305 2560 3359 visio
2630 3312 2714 3357 est
2741 3310 2930 3356 contra
2985 3300 3324 3355 Moabiticam
3376 3299 3523 3354 dicta

248 3393 486 3464 ληθεῖσα
511 3392 665 3462 παρὰ
695 3391 830 3446 Θεοῦ
857 3408 870 3420 ⁸
894 3391 1058 3443 ὁπότε
1092 3391 1184 3445 καὶ
1217 3390 1464 3461 ὲλάλησε,
1505 3389 1649 3444 τοῦτ’
1672 3390 1841 3454 ἐστιν,

249 3492 300 3543 εἰ
332 3489 432 3542 καὶ
462 3489 591 3559 πρὶν
630 3486 755 3550 τοὺς
799 3486 866 3539 δι’
898 3484 1032 3556 ἐμοῦ
1076 3484 1331 3554 γενέσθαι
1362 3483 1571 3551 λόγους,
1618 3482 1844 3537 πλεῖστά

248 3599 313 3635 τε
340 3582 447 3634 ὅσα
473 3578 737 3649 λέλάληκε
779 3577 908 3650 περὶ
934 3577 1127 3648 αὐτῆς,
1170 3576 1267 3629 καὶ
1297 3576 1389 3629 ἐπὶ
1426 3575 1641 3646 μυρίοις
1673 3574 1844 3646 αὐτὴν

250 3672 561 3741 κατῃτιᾶτο
602 3670 811 3731 κακοῖς.
874 3668 961 3730 Ὠς
996 3668 1106 3739 γὰρ
1135 3667 1270 3736 ἔφην
1315 3666 1547 3736 φθάσας,
1575 3666 1669 3720 καὶ
1699 3667 1727 3718 ὁ
1756 3665 1844 3719 θε-

252 3762 488 3823 σπέσιος
516 3756 723 3827 Μωσῆς
754 3758 851 3829 τῆς
889 3756 982 3810 τοῦ
1014 3757 1199 3821 ἔθνους
1220 3756 1583 3828 διαμέμνηται
1622 3757 1845 3828 δυστρο⁴

250 3853 416 3915 πίας,
446 3851 541 3903 καὶ
567 3852 625 3903 ὲν
656 3852 767 3912 τοῖς
782 3849 862 3902 ὃτι
896 3847 1128 3918 μάλιστα
1148 3848 1642 3919 κατεστυγημένοις
1674 3850 1844 3901 ποιεῖ-

254 3939 392 3995 σθαι
419 3939 808 4011 προστέταχεν.
837 3937 983 4007 Ἔφη
1008 3936 1139 4006 γοῦν
1159 3954 1171 3967 ·
1202 3938 1316 3991 Οὐκ
1333 3936 1695 3991 εἰσελεύσεται
1711 3937 1765 3991 'A
1776 3954 1845 4007 μ-

255 4030 502 4103 μανίτης
537 4030 631 4083 καὶ
674 4026 967 4099 Μωαϐίτης
1019 4028 1099 4092 εἰς
1132 4027 1428 4097 ἐκκλησίαν
1468 4028 1709 4099 Κυρίου,
1754 4028 1848 4081 καὶ

248 4124 366 4187 ἓως
406 4122 637 4192 δεκάτης
686 4120 897 4188 γενεᾶς.
948 4117 1279 4189 Ἀπεκόμισέ
1316 4134 1447 4171 ποτε
1481 4118 1575 4171 καὶ
1614 4117 1705 4171 τὸν
1744 4118 1846 4170 Ἰσ-

251 4213 409 4286 ραὴλ
438 4214 539 4285 τῆς
565 4213 644 4276 είς
670 4210 803 4265 Θεὸν
832 4210 1075 4281 ἀγάπης,
1108 4212 1203 4264 καὶ
1239 4212 1566 4281 προσκυνεῖν
1594 4210 1850 4263 ἀνέπεισε

247 4308 337 4378 τῷ
361 4304 710 4376 Βεελφεγὼρ,
739 4304 860 4366 ταῖς
903 4304 985 4367 εἰς
1008 4302 1339 4374 αἰσχρότητα
1365 4301 1697 4372 τεθηγμένον
1727 4302 1851 4373 ήδο-

246 4399 407 4459 ναῖς,
442 4394 537 4448 καὶ
574 4393 812 4463 γυναίων
858 4391 1029 4464 ὥραις
1067 4392 1534 4463 σεσαγηνευμένον
1576 4392 1655 4455 εἰς
1695 4390 1849 4445 ἀπώ-

247 4486 438 4539 λειαν.
479 4483 688 4537 Οὐκοῦν
716 4483 981 4553 λελάληκε
1021 4482 1120 4553 μὲν
1160 4482 1288 4553 περὶ
1319 4481 1491 4552 αὐτῆς
1516 4482 1545 4534 ὁ
1575 4481 1682 4535 τῶν
1714 4482 1850 4536 ὂλων

246 4577 424 4641 Θεός.
471 4576 582 4629 Καὶ
625 4574 721 4629 νῦν
746 4575 801 4629 δὲ
831 4575 897 4629 δι’
923 4572 1056 4646 ἐμοῦ
1101 4572 1261 4627 τοῦτο
1301 4573 1524 4645 γέγονεν
1566 4573 1653 4627 ἐπ’
1680 4573 1851 4644 αὐτῆς

244 4668 320 4721 τὸ
356 4668 540 4740 ῥῆμα,
577 4666 765 4737 φησίν.

331 4758 454 4812 Καὶ
496 4757 613 4810 νῦν
655 4755 845 4823 λέγω,
876 4755 947 4808 ἐν
981 4753 1181 4822 τρισὶν
1212 4752 1415 4807 ἐτεσιν
1443 4753 1594 4807 ἑτῶν
1627 4755 1854 4823 μισθω·

1945 3415 1973 3452 a
2008 3400 2150 3453 Deo:
2193 3398 2409 3467 quando
2460 3396 2621 3448 etiam
2652 3394 2862 3447 locutus
2910 3401 3014 3457 est,
3048 3392 3100 3445 id
3146 3400 3249 3454 est,
3309 3390 3524 3444 etiamsi

1946 3499 2232 3557 antequam
2273 3502 2369 3558 per
2392 3501 2477 3541 me
2524 3490 2689 3539 verba
2725 3483 2938 3549 ﬁerent,
2990 3482 3391 3553 quamplurima
3458 3481 3525 3534 de

1945 3594 2008 3634 ea
2038 3579 2250 3634 locutus
2279 3587 2379 3637 est,
2413 3584 2469 3631 et
2494 3575 2564 3630 ob
2588 3574 2797 3629 inﬁnita
2841 3573 2978 3627 mala
3019 3588 3137 3628 eam
3168 3572 3519 3626 insimulavit.

1945 3669 2405 3736 Quemadmodum
2444 3667 2607 3737 enim|
2634 3665 2883 3736 superius
2931 3665 3062 3731 dixi,
3091 3664 3305 3719 divinus
3351 3662 3528 3719 Moses

1946 3761 2121 3830 gentis
2150 3758 2307 3827 hujus
2331 3768 2718 3814 commemorat
2745 3758 3179 3828 perversitatem,
3203 3765 3257 3811 et
3281 3757 3333 3811 in
3364 3756 3519 3812 odio-

1947 3851 2176 3906 sissimis
2232 3866 2296 3905 ac
2321 3851 2686 3906 infestissimis
2722 3849 2903 3906 haberi
2921 3849 3101 3919 jussit.
3150 3849 3292 3903 Dixit
3323 3849 3524 3918 itaque:

1947 3942 2065 3996 Non
2091 3942 2420 4010 ingredietur
2440 3941 2775 4005 Ammanita,
2798 3948 2854 3996 et
2876 3938 3104 3994 Moabita
3143 3938 3197 3993 in
3241 3938 3525 3993 ecclesiam

1947 4033 2105 4104 261
2157 4030 2393 4097 Domini,
2424 4032 2585 4088 etiam
2642 4044 2810 4100 usque
2862 4030 2927 4084 ad
2968 4030 3232 4085 decimam
3287 4038 3525 4085 aetatem.

1947 4128 2186 4181 Abduxit
2238 4127 2364 4181 item
2414 4122 2702 4194 aliquando
2752 4121 3005 4177 Israelem
3054 4136 3084 4175 a
3148 4119 3417 4175 charitate
3469 4121 3527 4175 in

1950 4217 2151 4283 Deum,
2194 4216 2572 4286 persuasitque
2596 4214 2823 4269 adorare
2854 4212 3203 4282 Beelphegor,
3240 4211 3530 4280 voluptati-

1950 4310 2050 4365 bus
2078 4313 2144 4363 ad
2176 4310 2477 4365 tarditatem
2530 4307 2885 4370 stimulatum,
2912 4316 2968 4361 et
2997 4315 3278 4360 venustate
3302 4304 3526 4359 mulier-

1952 4402 2193 4455 cularum
2226 4401 2574 4470 illaqueatum
2626 4399 2695 4453 ad
2742 4399 3039 4453 interitum.
3104 4396 3289 4466 Itaque
3343 4394 3411 4449 de
3463 4410 3527 4451 ea

1952 4491 2161 4545 locutus
2182 4500 2265 4545 est
2286 4491 2653 4546 universitatis
2693 4491 2853 4544 Deus.
2901 4490 2962 4543 Et
3000 4502 3167 4548 nunc.
3200 4487 3393 4557 inquit,
3433 4500 3531 4542 uer

1957 4596 2045 4637 me
2077 4581 2278 4636 factum
2308 4589 2391 4636 est
2411 4583 2633 4635 verbum
2656 4594 2818 4651 super
2847 4595 2937 4635 ea.

2024 4759 2188 4813 Vens.
2215 4757 2302 4812 14.
2344 4757 2411 4811 Et
2429 4773 2565 4811 nunc
2586 4758 2727 4822 dico,
2748 4758 2804 4810 in
2853 4757 3024 4811 tribus
3053 4756 3207 4810 annis
3265 4770 3528 4809 annorum

246 4846 376 4901 τοῦ
433 4843 907 4915 ἁτιμασθήσεται
946 4846 983 4913 ἡ
1030 4842 1182 4908 δόξα
1237 4844 1451 4909 Μωὰϐ,
1501 4843 1623 4898 σὺν
1674 4844 1841 4897 παντὶ

1953 4851 2284 4917 mercenarii,
2331 4850 2618 4919 ignominia
2660 4850 2929 4920 afﬁcietur
2956 4849 3127 4919 gloria
3180 4846 3337 4901 Moab
3412 4863 3532 4901 cum

246 4936 344 5002 τῷ
392 4936 637 4999 πλούτῳ
664 4934 744 5001 τῷ
768 4934 993 5000 πολλῷ,
1025 4936 1125 4989 καὶ
1166 4934 1707 5005 καταλειφθήσεται
1734 4936 1841 4991 61t-

1954 4943 2192 4997 omnibus
2236 4942 2456 5003 divitiis,
2495 4943 2666 5012 iisque
2708 4942 2907 5005 multis,
2933 4950 2982 4995 et
3023 4940 3349 5009 relinquetur
3401 4954 3534 5008 pau-

243 5025 494 5096 τοστὸς
536 5026 633 5079 καὶ
670 5027 783 5079 οὐκ
815 5025 1074 5093 ἔντιμος.

1956 5037 2221 5100 ciuimus,
2243 5045 2289 5089 et
2317 5051 2423 5089 non
2457 5035 2770 5087 honoratus.

330 5119 439 5181 Εἰς
488 5117 793 5187 ἀνάμνησιν
840 5117 1080 5188 ἱστορίας
1125 5118 1275 5189 ἡμᾶς
1309 5118 1403 5171 καὶ
1452 5116 1546 5172 νῦν
1574 5119 1602 5171 ὀ
1643 5136 1841 5191 προφη-

2030 5128 2111 5181 Ad
2186 5127 2753 5181 connuemorationem
2830 5121 3070 5178 historia:
3114 5136 3258 5175 nunc
3311 5136 3530 5191 quoque

237 5208 422 5271 τικὺς
470 5207 796 5278 ἀποκομίζει
849 5208 1025 5276 λόγος.
1077 5208 1538 5280 ’Δποφοιτήσασαι
1587 5210 1696 5281 γὰρ
1743 5211 1841 5264 τῶν

1961 5228 2297 5275 revocatnos
2324 5233 2503 5273 sermo
2535 5216 2898 5289 propheticus.
2958 5216 3311 5271 Secesserunt
3380 5215 3531 5269 vidc-

254 5298 670 5370 Ἰεροσολύμων
701 5299 832 5353 δέκα
860 5298 954 5352 τοῦ
989 5298 1204 5371 Ἰσραὴλ
1237 5300 1419 5369 φυλαὶ,
1461 5302 1556 5355 καὶ
1592 5302 1652 5354 τὸ
1681 5303 1841 5374 ἧμισι

1960 5310 2087 5365 licet
2109 5309 2178 5365 ab
2202 5308 2585 5380 Hierosolymis
2608 5311 2791 5366 decem
2821 5310 2991 5366 tribus
3021 5306 3207 5371 Israel,
3228 5314 3283 5360 et
3310 5305 3533 5360 dimidia

241 5391 444 5460 φυλῆς
475 5390 735 5463 Ἐφραῖμ,
762 5391 1147 5462 κατῳκήκασιν
1174 5391 1231 5444 ὲν
1254 5394 1321 5462 τῇ
1354 5393 1667 5465 Σαμαρείᾳ·
1700 5412 1841 5467 προσ

1961 5402 2130 5456 tribus
2189 5400 2465 5470 Ephraim,
2512 5401 2935 5472 habitaruntque
3012 5400 3067 5455 in
3129 5397 3401 5457 Samaria,
3472 5412 3536 5450 ac

237 5481 610 5549 κεκυνήκασι
655 5479 712 5533 δὲ
763 5482 884 5543 ταῖς
928 5483 1190 5553 χρυσαῖςο
1246 5481 1477 5545 ὲνιέντος
1526 5483 1727 5547 αὐτοὺς
1781 5487 1841 5537 ei.

1952 5491 2216 5560 iuvencas
2269 5507 2462 5548 aureas
2510 5494 2823 5561 adorarunt,
2886 5494 3148 5549 invitante
3173 5504 3267 5545 eos
3316 5490 3384 5542 ad
3436 5488 3537 5540 hoc

231 5572 461 5636 τοῦτο,
510 5571 605 5625 καὶ
649 5572 928 5637 δυσσεϐῶς
976 5573 1391 5646 κατωθήσαντος
1435 5574 1717 5647 Ἰεροϐοάμ
1763 5578 1841 5631 τοῐ

1956 5583 2243 5640 Jeroboam
2274 5585 2383 5641 ﬁlio
2410 5584 2605 5652 Nubat,
2635 5586 2906 5657 impieque
2932 5584 3258 5653 impellente.
3324 5579 3454 5632 Dein
3483 5586 3539 5631 et

227 5661 482 5719 Νάεατ.
517 5658 655 5718 Εἶτα
682 5662 780 5718 καὶ
823 5665 1014 5736 ἑτέρας
1047 5666 1346 5737 ἐπενόησαν
1384 5666 1500 5720 ἐκεῖ
1535 5666 1632 5733 τὰς
1668 5668 1841 5739 ψευδο

1959 5673 2093 5731 alios
2112 5675 2293 5734 cultus
2317 5678 2718 5736 commentitios
2750 5679 2859 5736 illic
2892 5676 3283 5747 cchgitarunt,
3310 5669 3539 5742 quisque

326 5816 389 5849 ³ο
420 5815 563 5875 Psal.
590 5821 833 5889 cxnt,-8.
