4840 6498
980 377 1086 433 ΜΩ

1983 359 2043 414 5.
2084 352 2360 413 ογιιιιιι
2399 347 2869 408 ALEXANDRl-Nl
2915 337 3231 401 AliClllEl‘.

4159 330 4255 393 liti

982 510 1080 564 pro
1104 506 1201 547 suo
1233 487 1496 543 arbitratu
1524 487 1907 539 consecrantes
1956 478 2113 548 quasi
2181 477 2369 532 Deum.
2427 472 2570 528 lndi-
2600 477 2647 533 Α
2673 469 2893 539 λατρεία

2345 512 2369 528 η.
2427 472 2570 528 lndi-
2600 469 2929 539 Αλατρείας
2984 466 3205 519 ἕκαστοι
3244 462 3302 517 τὸ
3354 461 3545 516 δοκοῦν
3598 462 3942 527 ἀνατιθέντες
4002 458 4079 521 ὡς
4112 460 4256 512 Θεόν.

983 562 1176 655 gnatus
1216 580 1377 651 igitur
1420 567 1507 631 bis
1551 564 1919 627 universitatis
1967 568 2129 637 Deus,
2169 576 2357 638 utpote
2409 562 2571 633 maje-

984 686 1123 732 state
1157 673 1328 744 lpsius
1363 667 1754 724 contumeliose
1804 660 2230 726 commaculata,
2272 658 2570 729 patriisque

984 765 1139 821 scitis
1181 760 1527 834 proculcatis,
1592 766 1801 811 tantum
1862 768 1967 809 non
2031 751 2357 806 conductum
2406 750 2570 817 Assy-

986 857 1126 911 rium
1157 854 1595 908 Salmanasarum
1620 849 1672 902 in
1706 861 1800 901 eos
1859 843 2110 907 immisit,
2175 840 2347 911 quiet
2403 846 2571 892 totam

988 942 1459 1000 Samaritanorum
1493 948 1693 992 terram
1730 936 1786 990 in
1858 949 2077 987 manum
2142 937 2574 1000 potestatemque

989 1035 1213 1104 redegit,
1252 1032 1422 1085 tribus
1461 1028 1733 1083 continuis
1769 1025 1928 1079 annis
1950 1024 2027 1077 illi
2060 1021 2303 1077 insidens
2321 1035 2385 1072 ac
2431 1018 2576 1070 incu-

989 1128 1159 1182 bans:
1190 1126 1486 1191 eodemque
1520 1124 1630 1175 toto
1699 1127 1939 1185 tempore
1977 1115 2029 1169 vi
2082 1123 2239 1182 capta
2298 1118 2381 1165 est
2431 1120 2574 1163 terra

993 1218 1297 1273 Moabitica.
1357 1212 1613 1274 Proinde.
1699 1210 1923 1278 inquit,
1986 1219 2297 1277 quanquam
2366 1201 2578 1256 locutus

994 1310 1065 1364 sit
1093 1309 1220 1361 olim
1277 1306 1438 1371 Deus,
1496 1304 1679 1358 sedet
1732 1315 1873 1355 nunc
1905 1298 2045 1363 dico,
2105 1297 2245 1367 quod
2298 1295 2351 1349 in
2406 1292 2578 1347 tribus

994 1401 1152 1453 annis
1180 1410 1441 1450 annorum
1490 1391 1834 1453 mercenarii,
1893 1389 1944 1442 id
1976 1398 2080 1451 est,
2141 1384 2283 1453 regis
2332 1380 2580 1452 Assyrio-

997 1506 1137 1555 rum,
1167 1487 1458 1559 ignominia
1491 1485 1757 1539 amcietur
1796 1482 1966 1550 gloria
2008 1476 2182 1533 Moab.
2237 1476 2354 1542 Quo
2393 1474 2578 1537 verbo,

994 1583 1346 1653 velipsornm
1378 1580 1507 1634 dicit
1554 1591 1803 1645 regnum,
1863 1572 1948 1628 vel
2009 1569 2434 1642 magnitudinem
2487 1581 2582 1619 ur-

998 1676 1170 1739 bium,
1195 1673 1277 1728 vel
1309 1671 1722 1726 inhabitantium
1761 1664 2181 1726 multitudinem,
2214 1660 2299 1715 vel
2336 1656 2584 1714 fortassis

997 1776 1209 1822 aetatem
1233 1766 1308 1819 rei
1362 1763 1569 1819 bellicae
1619 1760 1874 1832 peritam.
1926 1755 2343 1823 Derelinquetur
2403 1759 2583 1803 autem

2683 561 3092 631 Ἀγανακτήσας
3152 555 3441 627 τοιγαροῦν
3490 555 3583 608 ἐπὶ
3640 554 3850 618 τούτοις
3898 555 3926 605 ὀ
3973 550 4085 605 τῶν
4134 550 4261 602 ὅλων

2672 653 2895 724 Κύριος,
2927 651 3022 705 ἆτε
3052 649 3118 721 δὴ
3148 648 3241 703 καὶ
3274 640 3609 719 ὑϐρισμένης
3639 643 3803 698 αὐτοῦ
3835 645 3933 713 τῆς
3961 636 4146 711 δόξης,
4179 642 4261 694 καὶ

2673 742 3082 813 πεπατημένων
3108 740 3215 794 τῶν
3245 737 3518 810 πατρῴων
3550 731 3790 807 θεσμῶν,
3824 735 4113 806 μονονουχὶ
4150 750 4265 784 κατ-

2674 835 3017 907 εμισθὼσατο
3060 833 3150 886 τὸν
3185 830 3469 902 Ἀσσύριον
3506 828 3874 900 Σαλμανασὰρ
3913 828 4009 880 καὶ
4050 824 4267 892 ἐπαφῆ-

2674 945 2769 980 κεν
2799 925 3002 991 αὐτοῖς,
3053 923 3111 987 ὃς
3144 917 3238 976 καὶ
3270 924 3450 976 πᾶσαν
3482 920 3583 992 τὴν
3617 920 3976 991 Σαμαρειτῶν
4016 933 4264 987 κατεχει-

2682 1011 2838 1091 ροῧτο
2871 1009 2994 1088 γῆν,
3026 1017 3204 1089 τρισὶν
3235 1006 3378 1077 ὅλοις
3422 1013 3596 1067 ἔτεσιν
3647 1003 3901 1083 ἐνιξήσας
3932 1012 4104 1081 αὐτῇ·
4139 1008 4268 1062 κατὰ

2676 1111 2768 1164 τὸν
2803 1106 2967 1163 αὐτὸν
2993 1107 3206 1161 τουτονὶ
3234 1106 3424 1178 χρόνον
3465 1105 3583 1174 ἥλω
3612 1103 3754 1158 κατὰ
3794 1104 3997 1174 κράτος
4028 1103 4065 1171 ἡ
4099 1100 4270 1154 Μωα-

2679 1202 2865 1256 ϐιτῶν.
2899 1199 3111 1254 Ούκοῦν
3160 1199 3208 1252 εἰ
3260 1199 3355 1251 καὶ
3401 1197 3697 1267 λελάληκε,
3749 1194 3915 1266 φησὶ,
3966 1192 4065 1246 καὶ
4110 1190 4269 1245 πάλαι

2679 1294 2837 1357 Θεὸς,
2878 1288 3013 1347 ἀλλὰ
3041 1291 3138 1345 καὶ
3168 1288 3265 1344 νῦν
3304 1290 3450 1358 λέγω
3477 1329 3492 1353 ,
3522 1290 3604 1342 ὅτι
3646 1290 3703 1341 ὲν
3741 1289 3854 1346 τοῖς
3885 1286 4067 1355 τρισὶν
4103 1282 4268 1335 ἔτεσιν

2680 1386 2789 1439 τῶν
2835 1384 2974 1437 ὲτῶν
3024 1375 3116 1436 τοῦ
3155 1370 3463 1452 μισθωτοῧ,
3506 1378 3648 1432 τοῦτ’
3688 1378 3839 1442 ἐστι,
3870 1376 3965 1429 τοῦ
4013 1375 4269 1447 βασιλέως

2694 1476 3014 1546 Ἀσσυρίων,
3040 1472 3467 1545 ἁτιμασθήσεται
3492 1472 3525 1541 ἡ
3554 1458 3679 1533 δόξα
3715 1467 3909 1522 Μωάὗ.
3944 1467 4057 1519 Καὶ
4100 1466 4189 1518 διά
4212 1481 4269 1532 γε

2683 1562 2911 1629 τούτων,
2937 1561 3056 1635 ἦτοι
3081 1562 3181 1635 τὴν
3205 1561 3356 1634 παρὰ
3377 1561 3560 1623 αὐτοῖς
3595 1558 3872 1630 βασιλείαν
3899 1558 4089 1627 φησὶν,
4182 1558 4269 1608 καὶ

2687 1656 2828 1708 κατὰ
2862 1654 2930 1707 τὰ
2959 1651 3169 1725 μεγέθη
3197 1652 3304 1705 τῶν
3344 1651 3573 1711 πόλεων,
3607 1650 3702 1703 καὶ
3736 1649 3834 1719 τὴν
3869 1646 3977 1701 τῶν
4013 1644 4273 1699 ἐνοικούν-

2686 1760 2793 1800 των
2843 1742 3075 1816 πληθὺν,
3174 1744 3315 1813 τάχα
3348 1760 3479 1807 που,
3524 1742 3625 1811 τὴν
3662 1738 4136 1811 ἑμπειροπόλεμον
4168 1737 4272 1807 ἡλι-

1001 1858 1193 1928 inqnit,
1275 1854 1661 1925 pancissimus,
1709 1858 1765 1903 et
1828 1863 1933 1902 non
1979 1846 2316 1907 honoratus;
2364 1840 2415 1895 id
2481 1848 2585 1903 est,
2620 1834 2661 1888 Β
2690 1838 2832 1890 κίαν.
2875 1836 2912 1888 κ

2364 1840 2415 1895 id
2481 1848 2585 1903 est,
2620 1834 2661 1888 Β
2690 1838 2832 1890 κίαν.
2875 1826 3380 1905 Καταλειφθήσεται
3404 1832 3481 1896 δὲ,
3517 1830 3703 1901 φησὶν,
3735 1824 4013 1896 ὀλιγοστὸς
4052 1828 4149 1881 καὶ
4179 1826 4268 1879 οὐκ

1001 1950 1143 2004 bello
1169 1946 1489 2001 conlicietur
1512 1940 1771 2013 quidquid
1795 1948 1878 1994 est
1900 1937 2041 2009 apud
2059 1951 2152 1991 eos
2181 1931 2543 1988 honorilicum
2568 1943 2583 1980 :

1004 2038 1325 2110 superstites
1354 2043 1409 2089 et
1434 2034 1548 2105 jam
1576 2032 1797 2087 omnino
1824 2030 1977 2100 pauci
2013 2020 2587 2094 erunt,abjectissimi,

1004 2142 1057 2188 et
1089 2145 1280 2202 parum
1315 2125 1560 2191 masculi,
1595 2124 1849 2193 nulloque
1889 2120 2059 2175 habiti
2122 2119 2174 2172 in
2223 2116 2414 2188 pretio.
2457 2110 2592 2167 Ter-

1013 2223 1170 2278 ribile
1201 2221 1365 2292 igitur
1390 2218 1630 2273 incidere
1661 2216 1715 2270 in
1744 2228 1936 2269 manus
1966 2213 2057 2267 Dei
2084 2210 2316 2265 viventis
2345 2206 2504 2271 ”"';
2539 2213 2594 2260 et

1007 2314 1432 2383 onmipotentem
1482 2307 1680 2362 andcre
1734 2304 2030 2369 oliendere,
2092 2301 2220 2371 quid
2284 2298 2430 2354 aliud
2488 2302 2591 2355 est,

1008 2421 1170 2476 quam
1216 2417 1405 2458 omnes
1475 2398 1818 2453 calamitates
1868 2392 2248 2449 consciscere?
2300 2392 2371 2445 At
2450 2386 2595 2442 salus

1009 2506 1095 2552 est
1119 2495 1348 2550 libenter
1384 2492 1458 2547 illi
1488 2504 1705 2561 parere,
1732 2487 1906 2557 ipsum
1931 2486 2106 2539 solum
2145 2482 2307 2546 scire,
2334 2487 2387 2534 et
2432 2492 2593 2532 erro-

1012 2591 1089 2642 ris
1112 2587 1330 2656 laqueos
1362 2585 1591 2644 evitare,
1623 2580 1782 2649 eique
1818 2592 1939 2631 cum
1971 2572 2168 2630 aﬂectu
2206 2573 2351 2626 bono
2374 2571 2593 2624 dicere:

1014 2680 1260 2740 Domine,
1286 2687 1437 2731 extra
1487 2684 1539 2728 te
1579 2672 1744 2727 alium
1792 2685 1899 2725 non
1960 2664 2341 2739 cognovimus,
2393 2674 2597 2715 nomen

1016 2780 1165 2826 tuum
1192 2768 1557 2823 nominamus.

1088 3009 1253 3081 262
1293 3006 1425 3061 CAP.
1463 3000 1631 3058 XVII.
1687 2996 1987 3124 VslgllingUM
2026 2992 2318 3052 CONTRA
2367 2990 2605 3046 DAMA-

2692 1925 2928 1995 ἔντιμος,
2969 1922 3112 1977 τοῦτ’
3146 1920 3284 1988 ἔστι,
3314 1922 3751 1991 δαπανηθήσεται
3798 1919 3895 1989 μὲν
3943 1917 4023 1988 τῷ
4058 1915 4270 1986 πολέμῳ

2692 2020 2800 2072 πᾶν
2840 2018 2976 2088 ὅπερ
3006 2015 3123 2068 έστί
3151 2014 3330 2085 τίμιον
3372 2003 3499 2085 παρ’
3525 2012 3736 2075 αὐτοῖς*
3768 2012 3818 2064 οἰ
3846 2010 3904 2064 δέ
3928 2027 3993 2079 γε
4041 2008 4274 2081 περιλει-

2693 2110 2919 2181 φθέντες
2958 2102 3128 2177 ὀλίγοι
3153 2123 3215 2159 τε
3253 2104 3465 2159 ἔσονται
3520 2104 3823 2169 παντελῶς,
3850 2101 4189 2174 ἁτιμὼτατοί
4222 2118 4273 2153 τε

2699 2201 2796 2255 καὶ
2829 2199 3103 2271 ἄνανδροι,
3130 2198 3226 2253 καὶ
3253 2196 3348 2250 τοῦ
3382 2195 3608 2267 μηδενὸς
3637 2195 3779 2261 ἄξιοι
3823 2194 4006 2264 λόγου.
4050 2193 4278 2265 Mapr

2694 2288 2788 2347 οὖν
2818 2292 2948 2364 ἄρα,
2974 2291 3036 2345 τὸ
3068 2290 3328 2361 ἐμπεσεῖν
3355 2289 3435 2351 εἰς
3481 2289 3668 2359 χεῖρας
3719 2276 3853 2341 Θεοῦ
3898 2285 4106 2350 ζῶντος
4126 2303 4140 2316 ο
4195 2285 4282 2339 καὶ

2696 2386 2758 2439 τὸ
2818 2382 3177 2456 προσκρούειν
3239 2381 3550 2452 άποτολμᾷν
3617 2379 3696 2451 τῷ
3763 2379 3940 2434 πάντα
4016 2377 4280 2449 ἰσχύοντι,

2698 2477 2818 2541 πῶς
2845 2477 2945 2546 οὐχ
2990 2475 3207 2544 ἁπάσης
3239 2474 3392 2527 ἔσται
3436 2472 3699 2543 πρόξενον
3734 2472 4059 2543 συμφορᾶςς
4108 2469 4283 2538 Σωτή·

2700 2587 2813 2642 ριον
2842 2568 2899 2622 δὲ
2928 2568 3021 2621 καί
3049 2568 3111 2621 τὸ
3134 2565 3452 2619 ὑποκεῖσθαι
3494 2564 3667 2633 φιλεῖν
3696 2564 3866 2634 αύτῷ.
3898 2564 3993 2617 καὶ
4019 2562 4186 2615 αὐτὸν
4218 2565 4286 2615 cl-

2698 2663 2845 2715 δέναι
2869 2660 3050 2730 μόνον,
3082 2659 3177 2713 καὶ
3210 2657 3317 2711 τῶν
3346 2658 3445 2727 τῆς
3475 2657 3687 2729 πλάνης
3719 2655 3938 2728 ἀρκύων
3968 2656 4283 2724 ἀποφοιτᾷν,

2700 2752 2875 2820 λέγειν
2898 2768 2956 2803 τε
2979 2750 3126 2820 αύτῷ
3150 2748 3289 2819 μετὰ
3313 2747 3606 2811 διαθέσεως
3632 2747 3844 2818 ἀγαθῆς
3864 2763 3879 2779 ·
3908 2746 4111 2816 Κύριε,
4139 2744 4287 2807 ἐκτός

2704 2861 2797 2897 σου
2840 2842 2997 2897 ἄλλον
3038 2842 3138 2894 οὐκ
3180 2839 3425 2910 οἴδαμεν,
3464 2838 3526 2891 τὸ
3578 2838 3752 2909 ὄνομά
3789 2853 3884 2891 σου
3928 2836 4287 2907 ὀνομάζομεν.

2837 2994 2921 3045 ΤΟ
2958 2992 3157 3046 PHMA
3206 2991 3287 3043 ΤΟ
3326 2990 3519 3043 ΚΑΤΑ
3563 2987 3702 3042 ΤΗΣ
3737 2988 4161 3043 ΔΑΜΑΣΚΟΥ.

1092 3168 1410 3225 Fortissima
1439 3175 1495 3220 ct
1530 3162 1837 3218 clarissima
1872 3158 2067 3214 civitas
2117 3155 2601 3213 Damascenorum,
2630 3158 2675 3218 α
2779 3170 2975 3240 Γέγονε

2378 3166 2601 3213 norum.
2630 3158 2675 3218 C
2779 3170 2975 3240 Γέγονε
3008 3171 3106 3241 μὲν
3132 3168 3486 3241 ἀλκιμωτάτη
3515 3168 3612 3222 καὶ
3653 3169 4032 3241 ὲπισημοτὰτη
4070 3168 4227 3231 πάλιῖ
4258 3170 4289 3239 ἢ

1022 3280 1089 3320 ac
1114 3263 1275 3331 impia
1315 3270 1371 3314 et
1393 3258 1502 3313 Deo
1525 3255 1760 3318 rebellis,
1789 3262 1844 3307 et
1888 3250 2232 3306 sanctissimo
2280 3247 2388 3301 Deo
2425 3244 2605 3300 Iuaxia-
2708 3265 2933 3333 Δαμασκ

2379 3264 2388 3298 ν
2425 3244 2605 3300 ¹¹¹³¹ί⁴⁵
2708 3261 3119 3333 Δαμασκηνῶν*
3162 3260 3428 3331 δυσσεϐὴς
3472 3261 3529 3313 δὲ
3561 3260 3655 3314 καὶ
3698 3261 4003 3331 θεομάχος,
4052 3262 4150 3315 καὶ
4192 3261 4290 3314 τῶν

1027 3370 1113 3410 me
1138 3355 1331 3416 invisa,
1360 3365 1423 3405 ac
1451 3346 1647 3403 cultrix
1680 3344 1969 3407 idolorum,
2014 3351 2124 3395 tum
2154 3340 2426 3406 impietate
2447 3347 2610 3406 atque
2714 3354 2797 3407 δτι
2830 3352 2938 3423 μάλ

2379 3349 2426 3393 te
2447 3347 2610 3406 atque
2714 3354 2797 3407 ὅτι
2830 3352 3066 3423 μάλιστα
3109 3350 3609 3423 κατεστυγημένων
3657 3350 3810 3423 παρά
3846 3367 3909 3419 γε
3941 3352 4019 3423 τῷ
4049 3353 4290 3421 παναγίῳ

1024 3448 1262 3502 elatione
1288 3443 1445 3513 ἰνείθέ
1474 3438 1715 3510 Assyriis
1741 3435 1891 3490 nullo
1917 3434 2074 3489 modo
2098 3431 2341 3487 inferior.
2376 3428 2610 3485 Oil'endit
2709 3445 2863 3516 θεῷ.
2896 3462 2935 3497 κ,

2380 3428 2610 3485 (malum
2709 3445 2863 3516 Θεῷ·
2896 3446 2992 3498 καὶ
3017 3440 3086 3517 ἦν
3117 3442 3530 3514 εἰδωλολάτρης,
3562 3444 3657 3497 καὶ
3685 3444 3807 3508 ταῖς
3840 3443 4149 3513 Ἀσσυρίων
4186 3438 4291 3513 βδε-

1031 3542 1156 3594 itetn
1208 3536 1312 3591 alia
1366 3534 1577 3589 ratione
1624 3530 2047 3600 omnipotentem
2122 3526 2309 3580 Deum.
2379 3520 2609 3578 Oriundi
2710 3534 2926 3606 λυρίαις

2379 3520 2609 3578 Ofilium
2710 3534 2926 3606 λυρίαις
2952 3553 3012 3588 τε
3050 3534 3187 3605 ὁμοῦ
3235 3534 3329 3588 καὶ
3366 3534 3690 3607 ὑπεροψίαις
3732 3536 3851 3588 κατ’
3879 3530 4072 3588 οὐδένα
4120 3545 4290 3605 παρα-

1028 3631 1174 3686 enim
1218 3628 1484 3697 sanguine
1531 3623 1773 3687 lsraelis,
1813 3621 1865 3673 id
1922 3626 2026 3684 est,
2088 3618 2273 3673 decem
2333 3614 2507 3668 tribus
2556 3621 2615 3666 et
2713 3627 2939 3699 χωροῦες⁴

2380 3614 2507 3668 ’Ῐῧυε
2556 3621 2615 3666 ει
2713 3627 2968 3699 χωροῦσα
3017 3628 3240 3699 τρόπον.
3288 3626 3710 3698 Προσκέκρουκε
3742 3626 3801 3679 δὲ
3840 3626 3936 3679 καὶ
3987 3626 4192 3699 ἑτέρως
4222 3626 4291 3695 τῷ

1029 3680 1455 3780 dimidiatr‘ibus
1486 3680 1769 3790 Ephraim,
1787 3731 1907 3786 quae
1933 3680 2235 3783 migrarnnt
2268 3709 2337 3765 ab
2366 3707 2615 3763 Hieroso—

2378 3707 2615 3763 Hieroso‘
2943 3680 3179 3788 ἰσχύοντι
3222 3680 3361 3789 eaq):
3412 3718 3475 3771 υἰ
3522 3680 3628 3788 γὰρ
3687 3718 3744 3783 ἐξ
3794 3718 4029 3787 αἵματος
4065 3680 4289 3792 ’ίσραὴλζ

1031 3816 1211 3888 iymis,
1234 3823 1288 3869 et
1306 3828 1427 3884 qua:
1453 3810 1795 3866 incoluerunt
1820 3805 2150 3869 Samariam,
2178 3801 2364 3857 vitulis
2424 3798 2606 3853 aureis

1030 3922 1154 3965 sese
1188 3911 1637 3977 prostraverunt,
1665 3900 1954 3956 inducente
1981 3897 2048 3951 ad
2078 3897 2180 3950 hoc
2215 3910 2280 3948 ac
2308 3890 2615 3962 impellente

1034 4002 1201 4072 impio
1223 3999 1506 4055 Jernboam
1532 3994 1639 4049 lilio
1667 3993 1876 4047 Nabat:
1927 3989 2253 4055 omninoque
2282 3983 2615 4054 refugerunt,

1035 4091 1317 4160 modisque
1341 4088 1593 4143 omnibus
1615 4099 1646 4137 a
1680 4084 1952 4138 cltaritate
1983 4080 2034 4133 in
2061 4077 2231 4131 Deum
2288 4074 2619 4129 resiluerunt

1039 4183 1093 4237 in
1117 4180 1442 4235 oblivionem
1472 4176 1607 4245 legis
1635 4173 1775 4228 data:
1811 4172 1914 4226 sibi
1955 4184 1984 4223 a
2011 4164 2409 4237 sapientissimo
2446 4162 2615 4228 Mose,

1038 4273 1277 4330 adducti.
1312 4271 1446 4326 Cum
1473 4278 1650 4323 autem
1681 4263 1969 4333 aliquando
2001 4270 2211 4331 tempus
2250 4267 2491 4322 vocaret,
2562 4265 2617 4310 et

1039 4361 1237 4415 bellum
1261 4359 1604 4419 adventaret,
1638 4368 1743 4408 non
1774 4353 1828 4406 in
1873 4351 1983 4406 Deo
2040 4351 2253 4404 vivente
2280 4363 2430 4416 spem
2473 4346 2620 4401 loca-

1040 4463 1187 4519 runt,
1212 4454 1305 4508 sed
1332 4452 1642 4505 asciverunt
1670 4445 1850 4517 potius
1883 4460 1977 4500 eos
2000 4444 2091 4514 qni
2136 4442 2240 4496 illis
2286 4440 2617 4510 temporibus

1041 4541 1289 4598 Damasci
1323 4542 1606 4609 omnisque
1636 4537 1985 4608 Assyriorum
2031 4545 2189 4590 terra:
2221 4548 2442 4602 regnum
2474 4533 2617 4585 obti-

1042 4638 1261 4700 nebant,
1286 4645 1343 4689 ut
1369 4632 1501 4704 ipsis
1520 4632 1727 4685 ferrent
1748 4627 2029 4692 auxilium,
2051 4635 2108 4681 et
2138 4641 2169 4681 e
2200 4641 2358 4680 manu
2391 4624 2620 4677 hostium

1041 4730 1337 4798 eriperent.
1383 4722 1711 4779 Succensuit
1760 4721 1926 4790 igitur
1976 4719 2122 4773 hanc
2170 4718 2239 4769 ob
2272 4730 2513 4779 causam,
2568 4722 2625 4767 et

1044 4830 1232 4872 contra
1262 4832 1354 4871 eos
1378 4814 1737 4870 exacerbatus
1762 4821 1848 4867 est
1878 4809 2248 4863 universitatis
2282 4806 2443 4859 Dens.
2470 4806 2622 4860 Obli-

1050 4911 1087 4961 ti
1115 4909 1256 4962 enim
1281 4921 1503 4975 prorsus
1547 4920 1606 4959 se
1643 4919 1710 4958 cx
1755 4901 1996 4972 {Egypto
2066 4900 2235 4955 luisse
2292 4901 2622 4965 redemptos,

1052 4998 1389 5054 intolerabile
1433 4997 1621 5067 jngnm
1669 4994 1946 5049 servitutis
2009 4991 2342 5054 excussisse,
2409 4997 2465 5043 et
2532 5002 2629 5058 per

1053 5089 1290 5145 medium
1352 5104 1503 5142 mare
1566 5088 1901 5151 transivisse,
1967 5086 2092 5140 dein
2162 5098 2362 5138 manna
2420 5081 2623 5147 edisse,

1053 5196 1249 5251 aquam
1274 5195 1340 5234 ex
1368 5190 1518 5249 petra
1557 5188 1791 5247 potasse,
1822 5178 2181 5246 omnibusque
2217 5174 2451 5230 inimicis
2484 5188 2626 5242 pra:-

1056 5270 1309 5337 valuisse,
1330 5268 1572 5323 ltmredes
1595 5271 1859 5324 bonorum
1889 5269 2132 5338 patribus
2171 5266 2628 5336 repromissorunt

1055 5361 1355 5423 exstitisse.
1385 5363 1452 5414 ab
1476 5360 1781 5417 hominibus
1810 5376 1964 5430 opem
2007 5359 2369 5429 implorabant
2424 5356 2631 5420 miseri,

1058 5454 1218 5507 modo
1247 5466 1352 5506 nou
1390 5450 1561 5505 Deum
1595 5461 1714 5507 atro
1746 5461 1995 5506 notantes
2024 5450 2255 5514 calculo,
2321 5449 2477 5517 quasi
2538 5463 2632 5503 eos

1059 5555 1281 5599 servare
1310 5556 1417 5597 non
1444 5541 1699 5610 potuerit.
1738 5541 1889 5595 llanc
1922 5540 2083 5610 igitur
2102 5538 2172 5594 ob
2203 5553 2422 5595 causam
2447 5537 2632 5593 traditi

1060 5644 1186 5692 sunt
1218 5634 1331 5705 regi
1369 5631 1737 5703 Assyriorum,
1770 5632 1859 5702 qui
1909 5631 2160 5689 universa
2186 5640 2342 5701 capta
2388 5628 2630 5687 Samaria

1142 5772 1186 5806 ³⁸
1222 5770 1385 5827 ilcbr.
1416 5785 1472 5837 κ,
1502 5768 1590 5823 51.

2713 3811 2859 3866 τοῦτ’
2908 3810 3074 3875 ἐστιν,
3125 3812 3180 3864 αἰ
3225 3809 3357 3863 δέκα
3405 3809 3597 3879 φυλαὶ,
3652 3809 3746 3862 καὶ
3789 3809 3850 3862 τὸ
3899 3809 4076 3880 ἥμισυ
4130 3810 4289 3879 φυλῆς

2728 3902 2968 3975 Ἐφραῒμ
2992 3902 3428 3973 ἁποφοιτήσασαι
3449 3900 3555 3954 τῶν
3593 3900 4001 3972 Ἱεροσολύμων⁹
4029 3902 4127 3956 καὶ
4150 3904 4204 3955 ἐν
4230 3904 4290 3971 τῇ

2724 3995 3009 4068 Σαμαρείᾳ
3048 3996 3476 4065 κατοικήσασαι,
3523 3995 4002 4065 προσκεκυνήκασι
4044 3995 4146 4066 μὲν
4182 3997 4291 4058 rei;

2723 4085 2991 4157 δαμάλεσι
3040 4087 3161 4148 ταῖς
3215 4086 3477 4156 χρυσαῖς,
3530 4084 3953 4154 κατενεγκόντος
4007 4086 4173 4149 αὑτὰς
4221 4089 4291 4148 εἰς

2719 4179 2909 4244 τοῦτο,
2964 4178 3057 4233 καὶ
3113 4176 3530 4248 κατωθήσαντος
3590 4175 3821 4241 ἀνοσίως
3871 4177 4152 4249 Ἱεροόοάμ
4206 4176 4290 4230 τοῦ

2718 4270 2932 4324 Ναϐἀτο
2960 4269 3435 4339 ἀποσκιρτήσασαν.
3459 4266 3516 4320 δὲ
3539 4268 3792 4334 εἰσάπαν,
3817 4266 3909 4321 καὶ
3937 4269 4034 4339 τῆς
4056 4270 4135 4331 εἰς
4171 4269 4293 4321 Θεὸν

2720 4360 2942 4430 ἀγάπης
2970 4358 3283 4428 ὀλοτρόπως
3317 4356 3773 4428 ἀποπηδήσασαι·
3804 4358 3965 4429 νόμου
3999 4359 4055 4412 δὲ
4087 4359 4179 4411 τοῦ
4219 4350 4294 4411 δο-

2722 4451 2905 4514 θέντος
2952 4450 3136 4512 αύτοῑς
3164 4448 3252 4503 διὰ
3289 4447 3384 4501 τοῦ
3419 4447 3694 4517 πανσόφου
3743 4450 3986 4514 Μωσέως
4026 4452 4106 4514 εἰς
4137 4449 4294 4521 λήθην

2723 4540 3093 4611 ὲνηνεγμένοι.
3139 4537 3350 4609 Καιροῦ
3399 4537 3691 4604 καλοῦντος
3723 4538 3834 4593 ἐσθ’
3871 4533 3982 4603 ὅτε,
4012 4542 4109 4595 καὶ
4148 4541 4297 4593 πολέ-

2728 4650 2826 4704 μου
2861 4630 3145 4703 μέλλοντος
3172 4628 3321 4701 ἥξειν
3352 4631 3438 4682 ἐπ’
3479 4631 3695 4695 αὐτοὺς,
3723 4632 3823 4684 οὐκ
3853 4630 3947 4685 ἐπί
3990 4650 4054 4702 γε
4085 4632 4162 4704 τῷ
4204 4632 4300 4685 σώ-

2726 4722 2875 4788 ζοντι
2904 4721 3024 4793 Θεῷ
3059 4721 3257 4793 μᾶλλον
3287 4720 3567 4775 ἐποιοῦντο
3593 4720 3692 4793 τὴν
3726 4721 3935 4789 ἐλπίδα,
3964 4726 4299 4795 παρεκάλουν

2725 4815 2782 4869 δὲ
2838 4814 3036 4887 μᾶλλον
3088 4814 3215 4875 τοὺς
3267 4813 3409 4866 κατὰ
3464 4814 3655 4885 καιρὸν
3706 4814 3805 4885 τῆς
3848 4817 4164 4886 Δαμασκοῦ,
4215 4820 4301 4869 καὶ

2729 4908 2948 4977 ἁπάσης
2973 4907 3031 4959 δὲ
3061 4906 3159 4975 τῆς
3190 4900 3380 4976 Σύρων
3410 4903 3793 4975 βασιλεύοντας
3814 4906 3919 4977 γῆς
3954 4908 4229 4979 έπαμῦναί
4252 4926 4302 4959 τε

2730 4999 2901 5068 σφίσι,
2928 4998 3027 5051 καὶ·
3047 4998 3144 5066 τῆς
3171 4997 3279 5052 τῶν
3307 4998 3581 5069 πολεμίων
3602 4994 3877 5066 ἐξελέσθαι
3900 5001 4104 5072 χειρός.
4124 4996 4302 5069 Ἦγαν-

2728 5090 2881 5145 άκτει
2940 5088 3230 5161 τοιγαροῦν
3286 5090 3380 5143 καί
3447 5089 3648 5160 ταύτης
3697 5089 3931 5160 μάλιστα
3989 5090 4092 5161 τῆς
4140 5093 4304 5152 αἰτίας

2729 5180 2912 5247 ἕνεκα,
2945 5180 3042 5234 καὶ
3076 5179 3531 5250 κατεπικραίνετο
3564 5180 3700 5252 πρὸς
3744 5182 3943 5245 αὐτοὺς
3982 5180 4011 5233 ὀ
4041 5182 4149 5235 τῶν
4182 5183 4303 5236 ὅλων

2731 5270 2885 5334 Θεός.
2919 5269 3335 5340 Ἐπιλαθόμενοι
3376 5270 3490 5343 γάρ
3536 5270 3790 5336 εἰσάπαν,
3833 5272 3916 5325 ὅτι
3954 5272 4302 5343 λελύτρωνται

2736 5360 2837 5432 μὲν
2862 5360 2921 5427 ἐξ
2967 5360 3269 5429 Αἰγύπτου,
3302 5361 3397 5413 καὶ
3437 5360 3527 5413 τὸν
3566 5360 3903 5432 δυσφόρητον
3939 5363 4037 5431 τῆς
4081 5362 4337 5422 δουλείαςι

2733 5450 3095 5503 ἁπεσείσαντο
3144 5448 3331 5517 ζυγὸν,
3384 5446 3808 5518 διεσιὸάσθησαν
3850 5446 3910 5500 δὲ
3956 5448 4049 5501 καὶ
4086 5448 4172 5501 διὰ
4218 5449 4299 5499 θα-

2735 5540 2941 5611 λάσσης
2982 5541 3176 5611 μέσης,
3228 5537 3345 5593 εἶτα
3395 5539 3458 5593 τὸ
3495 5539 3670 5611 μάννα
3710 5538 4009 5609 φαγόντες,
4045 5540 4140 5594 καί
4177 5538 4300 5606 ὕδωρ

2737 5634 2839 5705 τῆς
2893 5634 3104 5705 πέτρας
3167 5633 3589 5705 πεποτισρτένοι,
3636 5632 4208 5704 κατευμεγεθὴσαντές
4250 5644 4304 5683 τε
