4110 6490
242 428 341 484 ιέί

1380 414 1446 470 lN
1489 412 1723 472 ISAIAM
1767 413 1894 469 LIB.
1939 413 2004 469 ιι.
2047 406 2293 493 τοιιυε,
2327 407 2414 467 ιιι.

3413 387 3517 464 4'22

242 536 450 599 παντὸς
469 532 689 605 ἐχθροῦ,
740 530 1067 603 κληρονόμοι
1110 530 1367 599 γεγόνασι
1413 529 1523 583 τῶν
1570 532 1683 593 τοῖς
1731 547 1830 583 πα.

1963 543 2112 599 psam
2144 528 2346 584 delevit
2372 529 2717 593 Damascum,
2743 536 2798 583 et
2834 540 3051 581 omnem
3088 525 3350 596 Syrorum
3412 538 3520 579 ter-

241 631 441 701 τράσιν
491 624 921 696 ἐπηγγελμένων
967 620 1213 692 ἀγαθῶν,
1264 621 1365 685 τὰς
1422 621 1479 686 ἐξ
1528 621 1831 692 ἀνθρώπων

244 719 478 774 ἐκάλουν
510 715 830 786 ἐπικουρίας
856 714 908 768 οἱ
943 713 1193 777 τάλανες,
1232 714 1514 783 μονονουχὶ
1536 713 1597 766 τὸ
1640 714 1716 784 μὴ
1743 713 1835 766 δύ-

246 811 443 865 νασθαι
486 807 678 871 σώζειν
727 804 923 867 αὐτοὺς
976 802 1477 874 καταψηφιζόμενοι
1514 800 1608 855 τοῦ
1674 802 1832 858 Θεοῦ.

1943 634 2058 672 ram
2086 619 2336 673 vastavit.
2371 616 2509 671 Vera
2548 626 2726 673 autem
2776 631 2896 672 esse
2938 617 3005 670 de
3031 616 3137 671 illis
3173 615 3284 670 haec
3331 620 3518 680 verba,

1944 708 2288 763 conlirmabit
2317 709 2545 777 ipsemet
2570 711 2829 778 preplteta
2878 706 3041 762 lsaias
3069 707 3136 773 ⁸³,
3180 724 3300 763 cum
3346 708 3517 763 dicit:

1945 800 2010 854 Et
2032 799 2231 854 factum
2262 811 2347 856 est
2373 800 2562 855 diebus
2586 801 2766 855 Acbaz
2794 798 3045 866 Joathan,
3083 801 3173 855 lilii
3201 796 3342 856 Osiaa
3381 802 3523 868 regis

247 900 469 970 Ταύτης
516 915 599 951 τοι
633 896 794 951 ἕνεκα
822 895 922 965 τῆς
951 894 1131 957 αίτίας
1180 892 1553 963 παρεδόθησαν
1600 893 1681 963 τῷ
1728 893 1836 946 τῶν

1958 889 2099 955 Iuda,
2138 893 2386 946 ascendit
2417 892 2657 946 Raasson
2700 908 2793 945 rex
2829 894 3011 956 Aram,
3056 903 3110 946 et
3140 891 3353 947 Pliacee
3384 892 3525 945 lilius

263 991 567 1062 ’Δσσυρίων
609 988 835 1059 βασιλεῖ,
863 986 923 1049 ὃς
958 988 1137 1040 πᾶσαν
1178 982 1315 1037 ἐλὼν
1359 984 1457 1054 τὴν
1498 984 1834 1055 Σαμάρειαν,

247 1084 346 1136 καὶ
389 1082 558 1152 αὐτὴν
589 1078 907 1151 πεπύρθηκε
938 1078 1037 1148 τὴν
1063 1076 1376 1147 Δαμασκὸν,
1406 1076 1501 1129 καλ⁸
1534 1077 1751 1129 ἃπασαν
1781 1077 1839 1130 δὲ

247 1175 351 1244 τὴν
384 1173 491 1226 τῶν
526 1170 711 1242 Σύρων
741 1171 1006 1240 ἠρήμωσε
1044 1168 1168 1239 γῆν.
1198 1169 1321 1220 Ὅτι
1352 1167 1574 1237 ἀληθεῖς
1624 1170 1757 1239 ἡμῖν
1788 1169 1837 1221 οἱ

250 1264 384 1335 περὶ
413 1261 622 1315 τούτων
670 1258 926 1328 γεγόνασι
971 1258 1141 1325 λόγοι,
1174 1254 1505 1309 πιστώσεται
1543 1255 1715 1324 λέγων
1744 1256 1841 1308 αύ-

250 1358 343 1419 τδς
370 1358 399 1408 6
427 1355 713 1425 προφήτης
751 1350 1013 1412 Ἠσαῖαςο
1049 1349 1159 1401 Καὶ
1197 1348 1413 1416 ἐγένετο
1453 1349 1510 1400 ἐν
1545 1350 1668 1411 ταῖς
1699 1348 1840 1418 ἡμέ-

256 1464 381 1518 ραις
412 1443 593 1515 Ἀχαζ
642 1442 737 1497 τοῦ
772 1441 1012 1511 Ἰωάθαμ
1056 1437 1150 1492 τοῦ
1198 1437 1315 1491 υίοῦ
1352 1438 1526 1501 Ὀζίου
1580 1438 1844 1508 βασιλέως

268 1538 462 1599 Ἰούδα,
506 1536 677 1605 ἀνέϐη
716 1532 999 1587 Ῥαασσὼν
1030 1530 1281 1602 βασιλεὺς
1318 1530 1516 1600 Ἀράμ,
1547 1530 1642 1582 καὶ
1668 1529 1843 1583 Φακεὲ

254 1630 375 1691 υίὸς
407 1625 686 1698 Ῥομελίου
706 1623 955 1693 βασιλεὺς
986 1619 1201 1692 Ἰσραὴλ
1234 1620 1327 1673 ἐπὶ⁸
1359 1619 1714 1692 Ἰερουσαλὴμ
1745 1638 1848 1674 πο-

252 1720 496 1791 λεμῆσαι
550 1716 739 1789 αὐτὴν,
798 1715 892 1768 καὶ
947 1714 1049 1767 ούκ
1098 1711 1440 1784 ἠδυνήθησαν
1489 1712 1844 1783 πολιορκῆσαι

254 1813 451 1883 αὑτήν.
485 1810 595 1863 Καὶ
626 1807 905 1877 ἀνηγγέλη
940 1806 1021 1869 είς
1051 1804 1143 1857 τὸν
1189 1799 1337 1857 οἶκον
1371 1803 1534 1857 Δαὸὶδ
1568 1804 1841 1872 λέγοντεςο

255 1903 649 1974 Συνεφώνησεν
690 1901 869 1973 Ἀράμ
908 1899 1045 1971 πρὸς
1076 1897 1169 1952 τὸν
1208 1895 1477 1969 Ἐφραῖμ,
1507 1896 1651 1949 τοῦτ’
1682 1897 1850 1961 ἐστιν,

1958 1897 2235 1967 Epltraim,
2276 1898 2565 1951 universus

254 1997 289 2047 ὁ
330 1993 499 2064 Σύρος
555 1991 692 2064 πρὸς
744 1991 870 2053 τοὺς
923 1991 981 2043 ἐν
1025 1991 1092 2059 τῇ
1145 1987 1455 2060 Σαμαρείᾳ.
1506 1987 1563 2039 Ὀ
1609 1988 1707 2059 μὲν
1742 1987 1850 2060 γάρ

272 2081 455 2153 Ἀράμ
494 2076 911 2149 διερμηνεύεται
954 2075 1125 2145 Σύρος
1145 2091 1157 2104 ³
1185 2076 1213 2128 6
1244 2075 1302 2129 δὲ
1337 2073 1580 2147 Ἐφραῒμ
1637 2074 1713 2138 ὡς
1743 2076 1853 2130 ἀπὸ

263 2172 441 2243 φυλῆς
480 2169 739 2241 Ἐφραῒμ,
791 2168 1006 2222 ἅπαντα
1034 2168 1125 2221 τὸν
1161 2168 1377 2239 Ἰσραὴλ
1419 2169 1512 2221 τὸν
1542 2169 1599 2221 ἐν
1642 2172 1709 2239 τῇ
1750 2169 1856 2221 Σα-

263 2264 471 2335 μαρείᾳ
521 2259 885 2333 κατῳκηκότα
935 2259 1106 2331 δηλοῖ.
1148 2261 1367 2330 Ἐπειδὴ
1419 2260 1529 2331 γὰρ
1576 2262 1641 2313 ἐκ
1680 2260 1854 2333 φυλῆς

274 2353 519 2425 Ἐφραῖμ
553 2352 774 2421 γέγονεν
811 2349 1097 2422 Ἱεροὸοάμ
1134 2354 1162 2404 6
1199 2352 1414 2423 πρῶτος
1459 2352 1642 2407 αύτῶν
1690 2352 1852 2424 βεϐα-

262 2442 567 2509 σιλευκὼς,
609 2444 703 2497 καὶ
745 2441 861 2512 μετ’
891 2444 1096 2494 ἐκεῖνον
1136 2442 1185 2494 oi
1219 2441 1341 2495 καθ’
1369 2441 1513 2512 ἐξῆς,
1546 2443 1623 2506 ὼς
1657 2445 1721 2498 ἐκ
1752 2444 1855 2515 τῆς

264 2535 662 2607 βασιλευούσης
710 2534 914 2605 φυλῆς,
959 2533 1103 2604 φημὶ
1141 2533 1206 2604 δὴ
1244 2537 1343 2604 τῆς
1373 2533 1468 2587 τοῦ
1514 2534 1783 2607 Ἐφρατμ,
1824 2540 1853 2590 6

264 2628 491 2699 σύμπας
526 2627 743 2698 Ἰσραὴλ
781 2629 809 2679 6
848 2628 907 2680 ἐν
934 2629 1000 2697 τῇ
1044 2626 1326 2697 Σαμαρείᾳ
1362 2626 1704 2696 σημαίνεται.
1748 2628 1853 2681 Εύο

266 2719 510 2788 ρήσομεν
556 2717 613 2770 δέ
644 2716 741 2770 καὶ
776 2716 835 2768 ἐν
874 2718 940 2786 τῇ
974 2716 1211 2787 τετάρτῃ
1247 2714 1358 2769 τῶν
1413 2716 1719 2785 βασιλειῶν,
1770 2719 1851 2772 ὅτι

1944 980 2201 1036 Romelim
2236 999 2326 1035 rex
2360 983 2523 1037 Israel
2555 996 2745 1038 contra
2773 982 3070 1038 Jerusalem
3098 993 3154 1037 ut
3188 992 3525 1056 oppugnaret

1944 1087 2062 1127 eam
2091 1090 2105 1128 :
2136 1085 2189 1128 et
2216 1089 2320 1128 non
2346 1085 2631 1142 potuerunt
2653 1074 2904 1129 obsidere
2930 1090 3069 1128 eam.
3111 1069 3176 1128 Et
3221 1077 3523 1128 nuntiatum

1945 1174 2029 1219 est
2062 1165 2243 1220 domui
2290 1165 2457 1221 David
2501 1182 2529 1220 a
2568 1166 2872 1221 dicentibus
2924 1162 3320 1233 :Conspiravit
3365 1167 3523 1217 Aram

1946 1269 2139 1312 contra
2172 1258 2452 1328 Ephraim,
2474 1259 2524 1313 id
2552 1266 2657 1322 est,
2688 1258 2857 1328 Syrus
2883 1267 3068 1311 contra
3094 1252 3254 1326 263
3287 1256 3527 1308 Samari-

1950 1357 2123 1403 tanos.
2158 1349 2321 1403 Aram
2356 1350 2551 1417 quippe
2576 1352 2968 1416 interpretatur
2993 1347 3164 1417 Syrus
3201 1364 3215 1400 :
3271 1346 3524 1415 Epitraim

1948 1449 2125 1492 autem
2172 1438 2316 1493 velut
2352 1454 2379 1491 a
2437 1439 2578 1492 tribu
2639 1438 2917 1506 Ephraim,
2981 1451 3199 1491 onmem
3272 1437 3526 1490 lsraelem

1949 1530 2039 1599 qui
2115 1530 2167 1583 in
2228 1529 2480 1583 Samaria
2554 1528 2817 1583 habitavit
2873 1529 3134 1598 designat.
3185 1526 3325 1593 Quia
3382 1526 3526 1580 enim

1950 1637 2014 1676 ex
2068 1622 2210 1676 tribu
2272 1622 2527 1692 Ephraim
2604 1622 2890 1675 exstiterat
2957 1620 3268 1682 Jeroboam,
3322 1620 3531 1688 primus

1950 1728 2138 1769 eorum
2172 1729 2285 1778 rex,
2312 1725 2365 1767 et
2396 1714 2695 1768 secundum
2737 1713 2887 1767 illum
2917 1713 2969 1767 1ιί
2998 1712 3090 1781 qui
3124 1714 3532 1780 subsequuntur

1951 1806 2162 1868 ordine,
2231 1815 2481 1875 tanquam
2546 1820 2613 1858 ex
2668 1806 2815 1874 regia
2877 1803 3041 1870 tribu,
3097 1804 3238 1857 tribu
3311 1803 3529 1872 inquam

2646 1896 2810 1951 lsrael
2856 1898 2947 1966 qui
2996 1896 3048 1949 in
3111 1895 3356 1951 Samaria
3410 1891 3533 1959 fuit,

1950 1988 2307 2059 signiﬁcatur.
2395 1987 2738 2043 Inveniemus
2811 1998 2991 2042 autem
3048 1988 3098 2041 in
3150 1987 3288 2042 libro
3340 1997 3536 2056 quarto

1952 2080 2278 2149 Regnorum,
2303 2078 2510 2134 Pltacee
2544 2081 2594 2133 in
2631 2080 2874 2133 Samaria
2907 2089 3186 2150 regnante,
3212 2080 3535 2133 adversatos

1954 2172 2121 2227 fuisse
2160 2172 2419 2226 lsraelitis
2448 2172 2715 2242 Assyrios.
2740 2182 2793 2226 et
2834 2170 3076 2224 Raasson
3126 2170 3217 2238 qui
3283 2162 3535 2223 Damasci

1951 2278 2178 2333 regnum
2205 2264 2622 2318 administravit.
2662 2263 2788 2318 Post
2818 2264 3044 2334 pecunia
3099 2263 3386 2333 persuadet
3455 2270 3541 2333 ty-

1954 2369 2127 2409 rauno
2153 2355 2502 2425 Assyriorum
2548 2353 2757 2418 Achaz,
2819 2364 3115 2422 evocatque
3146 2363 3203 2407 ιιι
3268 2352 3540 2407 curriculo

1955 2447 2134 2500 veniat
2168 2446 2378 2516 ipsique
2404 2455 2713 2511 succurrat,
2749 2448 3174 2515 Damascumque
3228 2444 3539 2516 propulset:

1954 2538 2097 2606 quod
2154 2539 2318 2592 etiam
2368 2538 2483 2592 ﬁeri
2540 2537 2788 2609 contigit.
2854 2536 3138 2605 Quomodo
3194 2538 3374 2607 itaque
3428 2537 3544 2590 haec

1952 2629 2364 2685 bellicosissima
2387 2638 2441 2684 et
2464 2630 2839 2696 potentissima
2870 2637 2925 2684 et
2953 2629 3189 2683 insolens
3220 2630 3389 2683 deleta
3423 2637 3503 2682 est
3525 2666 3541 2692 ,

1954 2736 2143 2775 rursus
2170 2722 2319 2777 hisce
2352 2723 2532 2777 verbis
2557 2721 2857 2791 proclamat
2900 2721 3184 2789 pr0plieta,
3216 2730 3268 2775 et
3318 2720 3491 2789 inquit
3528 2736 3545 2773 :

266 2810 647 2882 βασιλεύοντος
673 2810 731 2863 ἐν
770 2811 839 2881 τῇ
872 2809 1161 2882 Σαμαρείᾳ
1221 2810 1416 2875 Φακεέ,
1464 2811 1869 2881 κατεπεφύοντο
1904 2814 2015 2868 τῶν
2053 2816 2115 2881 ἐξ
2186 2816 2403 2889 Ἰσραὴλ
2434 2818 2507 2887 ,οἱ
2540 2817 2736 2889 Σύροι,
2780 2818 2874 2870 καὶ
2918 2819 2948 2870 6
2996 2815 3097 2886 τῆς
3129 2815 3421 2887 Δαμασκοῦ
3454 2814 3547 2885 βε-

267 2904 608 2967 ϐασιλευκὼς
642 2904 943 2959 Ῥαασσὼν.
992 2901 1126 2959 Elea;
1158 2906 1406 2977 χρήμασι
1471 2906 1753 2962 ἀναπείθει
1799 2910 1893 2965 τὸν
1942 2912 2244 2983 Ἀσσυρίων
2303 2913 2567 2985 τύραννον
2593 2916 2621 2967 6
2646 2912 2841 2983 Ἄχας,
2878 2912 3177 2984 παρεκάλει
3208 2911 3265 2965 δὲ
3291 2911 3549 2985 δρομαῖον

260 2999 448 3068 ἥκειν,
481 2999 575 3051 καὶ
611 2996 891 3069 ἐπαμῦναι
936 3000 1036 3070 μὲν
1077 3001 1247 3070 αύτῷ,
1295 3001 1647 3073 καταδηῶσαι
1687 3002 1744 3056 δὲ
1775 3004 1875 3076 τὴν
1908 3008 2232 3079 Δαμασκόν·
2262 3009 2290 3061 δ
2317 3009 2381 3079 δὴ
2432 3009 2523 3062 καὶ
2574 3007 2830 3077 γενέσθαι
2882 3009 3248 3080 συμϐέϐηκεν.
3276 3008 3411 3061 Τίνα
3442 3007 3552 3060 τοί-

256 3107 365 3143 νυν
409 3091 629 3144 διόλωλε
675 3090 876 3161 τρόπον
929 3092 964 3161 η
1007 3090 1370 3163 μαχιμωτάτη
1421 3094 1516 3145 καὶ
1588 3094 1892 3167 πανσθενὴς
1950 3100 2044 3152 καὶ
2085 3100 2392 3171 ύδρίστρια,
2443 3103 2825 3171 προαναφωνεί
2870 3101 3035 3154 πάλιν
3070 3102 3203 3172 ἡμῖν
3241 3102 3299 3155 ἐν
3342 3100 3553 3164 τούτοις

258 3190 294 3241 ὁ
325 3186 639 3256 προφήτης,
674 3183 768 3238 καί
793 3200 977 3255 φησιν’

355 3280 501 3336 Ἰδοὺ
549 3283 866 3350 Δαμασκὸς
918 3280 1243 3348 ἀρθήσεται
1293 3282 1412 3337 ἀπὸ
1462 3284 1723 3349 πόλεων,
1762 3285 1855 3338 καί

2035 3287 2199 3340 Vsus.
2230 3286 2280 3350 l,
2313 3285 2367 3338 2.
2400 3282 2535 3339 Ecce
2566 3282 2859 3337 Damascus
2894 3291 3108 3337 to..e.ur
3144 3300 3208 3336 ae
3232 3294 3549 3350 civitatium,

261 3374 445 3428 ἔσται
471 3375 559 3438 εὶς
588 3371 841 3437 πτῶσιν,
865 3372 1378 3442 καταλελειμμένῃ
1410 3376 1499 3440 εις
1523 3375 1631 3427 τὸν
1656 3373 1861 3441 αἰῶνα,

214 3485 218 3488 ’
260 3468 361 3531 εὶς
420 3464 632 3532 κοίτην
688 3464 984 3533 ποιμνίων
1030 3464 1132 3517 καὶ
1185 3462 1557 3531 ἀνάπαυσιν,
1606 3466 1707 3519 καὶ
1753 3469 1866 3522 οὐκ

260 3558 449 3612 ἔσται
489 3557 521 3609 ὁ
560 3552 809 3610 διώκων.

349 3647 465 3716 Ούχ
500 3645 687 3709 ἁπλῶς
718 3647 798 3709 είς
826 3647 1021 3717 πεῖραν
1048 3645 1324 3717 πολέμων,
1355 3646 1449 3700 καὶ
1475 3646 1584 3699 τῶν
1616 3645 1868 3703 ἐντεῦθεν

264 3736 468 3792 κακῶν
494 3736 799 3808 ἀφήξεσθαί
840 3754 1007 3807 φησιν
1040 3739 1209 3809 αὑτήν
1229 3754 1244 3769 ⁸
1279 3735 1512 3809 ἀρθῆναι
1544 3739 1601 3791 δέ
1643 3739 1866 3809 μᾶλλον,

261 3829 426 3885 τοῦτ’
474 3830 652 3895 ἐστιν,
704 3829 873 3901 ἄρδην
929 3830 1263 3898 ἀπολέσθαι,
1324 3834 1420 3886 καὶ
1475 3832 1868 3887 ἀποπεσεῖσθαι

266 3920 559 3986 παντελῶς
611 3920 707 3975 τοῦ
750 3916 1019 3975 εἶναικαὶ
1062 3922 1238 3976 πόλιν.
1267 3924 1461 3977 Ἔσται
1504 3924 1633 3995 γὰρ,
1680 3923 1867 3993 φησιν,

267 4014 364 4076 εἰς
392 4012 599 4065 πτῶσιν
626 4013 707 4076 είς
745 4011 835 4065 τὸν
878 4011 1051 4066 αἰῶνα
1100 4012 1570 4085 καταλελειμμένη
1592 4031 1606 4045 ο
1640 4011 1870 4066 καταλε-

265 4102 552 4173 λειμμένη
576 4103 633 4155 δέ
668 4102 803 4173 πρὸς
834 4100 1016 4165 τίνων,
1058 4100 1091 4172 ἢ
1139 4101 1359 4166 πάντως
1391 4119 1494 4156 που
1538 4101 1647 4155 τῶν
1684 4118 1870 4156 κατοι-

265 4194 523 4249 κούντων
572 4194 763 4265 αὐτὴν,
801 4194 899 4263 οὐχ
926 4193 1002 4257 ὡς
1037 4194 1129 4246 ἐπὶ
1166 4195 1589 4265 μετῳκηκότων,
1634 4194 1749 4247 ἀλλ’
1792 4194 1870 4257 ὠς

264 4289 398 4350 τοῖς
438 4285 545 4339 τῶν
577 4285 848 4355 πολεμίων
877 4285 1054 4354 ξίφεσι
1094 4285 1569 4356 δεδαπανημένων.
1607 4284 1869 4338 Ἔσεσθαι

266 4380 337 4433 δὲ
371 4377 543 4445 λέγων
585 4376 753 4447 αὐτὴν
799 4378 879 4439 είς
927 4376 1113 4448 κοίτην
1162 4376 1450 4447 ποιμνίων,
1491 4377 1591 4448 τὴν
1635 4376 1869 4447 παντελῆ

266 4467 517 4537 δέδειχεν
547 4467 812 4539 ἐρημίαν·
849 4470 911 4520 ού
944 4467 1051 4539 γὰρ
1081 4466 1147 4523 ἂν
1185 4465 1563 4521 ἀνεπαύσαντο
1588 4468 1869 4539 ποιμένες,

268 4560 382 4615 καὶ
415 4561 473 4612 ἐν
510 4560 647 4630 αὐτῇ
696 4559 993 4613 κατέδυσαν
1048 4561 1104 4612 αἱ
1145 4559 1255 4613 τῶν
1283 4559 1613 4630 θρεμμάτων
1645 4559 1868 4628 ἀγέλαι,

1965 3388 2011 3431 et
2040 3378 2134 3431 erit
2168 3380 2222 3430 in
2248 3378 2477 3442 ruinam,
2522 3377 2773 3429 derelicta
2799 3379 2851 3429 in
2888 3376 3161 3439 sa'culum,
3188 3380 3240 3431 in
3260 3380 3425 3433 (tibile
3441 3397 3553 3450 gre-

1963 3485 2085 3538 gum
2112 3477 2159 3523 et
2202 3470 2501 3539 requietem,
2528 3476 2577 3521 el
2624 3483 2726 3521 non
2761 3469 2857 3522 erit
2878 3483 3219 3537 persequens.

2038 3644 2152 3699 Non
2184 3644 2504 3715 simpliciter
2528 3646 2579 3699 in
2599 3645 2891 3713 pericu.qu
2922 3646 3184 3700 bellorum
3214 3657 3266 3701 et
3292 3664 3555 3704 maiorum

1968 3733 2094 3790 hinc
2118 3734 2454 3789 nascentium
2478 3734 2827 3789 deventuram
2854 3734 2980 3789 dicit
3007 3751 3150 3803 eam,
3185 3739 3278 3791 sed
3302 3738 3555 3793 auferen-

1970 3826 2091 3879 dam
2120 3825 2320 3895 potius,
2351 3824 2404 3879 id
2449 3834 2533 3879 est
2556 3825 2803 3893 stirpitus
2848 3825 3200 3894 perdendam,
3226 3828 3556 3899 omninoque

1970 3931 2235 3979 casuram,
2289 3926 2349 3970 ut
2378 3931 2481 3971 non
2530 3916 2603 3971 sit
2649 3915 2827 3969 futura
2883 3916 3083 3972 civitas
3111 3957 3125 3972 .
3169 3916 3285 3973 Erit
3327 3921 3470 3973 enim
3502 3921 3555 3974 in

1971 4007 2206 4072 minam,
2260 4008 2453 4077 tnqnit,
2495 4007 2547 4060 in
2599 4007 3019 4077 perpetuitatem
3088 4008 3294 4073 relicta,
3359 4012 3555 4065 dereli-

1971 4107 2166 4168 ctaque
2196 4100 2263 4153 ab
2293 4099 2516 4169 aliquot,
2542 4100 2623 4155 vel
2662 4100 2712 4154 in
2741 4110 2911 4155 totum
2940 4102 3006 4154 ab
3038 4100 3123 4156 his
3149 4103 3238 4171 qui
3262 4118 3378 4156 eam
3408 4104 3559 4158 int-o-

1972 4193 2127 4245 lunt.
2180 4204 2287 4245 non
2320 4192 2464 4261 quod
2503 4191 2569 4246 ad
2634 4192 2798 4246 alium
2848 4207 3125 4247 recessum
3176 4205 3558 4264 receptnmqne

1972 4282 2351 4353 commigrent,
2411 4284 2507 4339 sed
2559 4283 2798 4338 hostium
2845 4284 3037 4353 gladiis
3098 4284 3329 4339 confecti
3364 4290 3468 4340 sint
3504 4296 3558 4340 et

1973 4374 2263 4442 absumpti.
2324 4373 2459 4429 Cum
2515 4374 2667 4442 dicit,
2714 4376 2831 4431 fore
2863 4391 2982 4429 eam
3018 4377 3070 4431 in
3104 4376 3279 4431 cubile
3307 4394 3556 4447 gregum,

1973 4466 2338 4519 omnimodatn
2384 4467 2621 4521 ostendit
2663 4468 3076 4523 desolationem.
3113 4468 3227 4522 Non
3257 4470 3561 4536 requiesce-

1975 4563 2091 4610 rent
2120 4566 2386 4625 pastores,
2418 4572 2523 4610 non
2571 4557 2624 4611 in
2657 4572 2720 4612 ea
2758 4573 3014 4627 pecorum
3071 4572 3262 4628 greges
3319 4559 3562 4612 stabula-

266 4652 447 4721 εἴπερ
475 4651 616 4713 τινὲς
644 4645 783 4721 ἦσαν
814 4650 872 4703 ἐν
890 4652 1002 4713 τοῖς
1031 4650 1199 4714 οίκοις
1238 4651 1427 4720 αὐτῆς.
1454 4650 1638 4724 Ταύτῃ
1666 4668 1747 4704 τοι
1776 4651 1855 4705 κα¹

1977 4658 2117 4712 rent,
2173 4649 2216 4703 si
2249 4650 2337 4718 qui
2372 4658 2552 4703 essent
2590 4650 2642 4703 in
2690 4650 2805 4716 ejus
2834 4651 3102 4705 domibus.
3156 4651 3305 4705 llanc
3335 4653 3403 4704 ob
3449 4667 3558 4704 rem

268 4740 494 4812 σφόδρα
524 4740 750 4801 εἰκότως
782 4739 1128 4811 προσεπάγει
1180 4740 1386 4809 λέγων’
1424 4740 1534 4794 Καὶ
1571 4742 1670 4794 ούκ
1718 4739 1872 4793 ἔσται

265 4837 301 4888 6
345 4831 583 4885 διώκων.
614 4831 802 4894 Οὐδεὶς
830 4830 939 4901 γάρ
972 4833 1085 4893 τοῖς
1113 4831 1365 4901 ποιμέσιν
1394 4832 1731 4902 ἐπιτιμήσει,
1764 4849 1871 4903 φη-

270 4926 393 4985 σὶν,
420 4925 502 4977 ὅτι
531 4923 819 4994 κατάλυμα
848 4922 1170 4994 πεποίηνται
1198 4923 1299 4994 τὴν
1320 4922 1463 4978 οὕτω
1488 4924 1746 4996 λαμπράν
1771 4926 1868 4979 καὶ

268 5014 530 5085 ἀοίδιμον
560 5015 735 5069 πόλιν.

240 5127 247 5131 ·
365 5102 476 5155 Kal
534 5102 647 5155 οὐκ
690 5102 778 5155 ἔτι
834 5102 1009 5157 ἔσται
1072 5102 1261 5171 ὀχυρὰ
1320 5103 1427 5158 τοῦ
1494 5105 1865 5175 καταφυγεῖν

284 5192 564 5261 Ἐφραῒμ,
587 5193 685 5245 καὶ
714 5193 917 5247 οὐκέτι
940 5194 1113 5247 ἔσται
1136 5194 1427 5257 βασιλεία
1452 5194 1523 5248 ἐν
1539 5194 1862 5266 Δαμασκῷ,

269 5282 385 5338 καὶ
420 5282 487 5336 τὸ
521 5285 742 5337 λοιπὸν
775 5284 895 5339 τῶν
936 5285 1162 5353 Σύρων.
1210 5287 1293 5337 Οὐ
1338 5284 1450 5354 γὰρ
1479 5286 1562 5339 σὺ
1602 5287 1870 5351 ,βελτίων

266 5371 340 5429 εἴ
366 5373 487 5427 τῶν
513 5373 661 5427 υἱῶν
696 5374 957 5443 Ἰσραὴλ,
991 5374 1089 5429 καὶ
1115 5373 1227 5443 τῆς
1254 5374 1443 5445 δόξης
1472 5377 1695 5432 αὐτῶν.

368 5465 543 5536 ’Υπὲρ
576 5466 677 5537 τῆς
698 5466 809 5520 τῶν
849 5466 1226 5538 προκειμένων
1252 5467 1519 5539 ἀκριϐοῦς
1547 5470 1867 5541 σαφηνείας,

1971 4749 2023 4796 et
2050 4740 2396 4794 meritissime
2422 4740 2666 4810 protulit,
2705 4742 2928 4795 dicens:
2980 4740 3044 4794 Et
3098 4758 3202 4795 non
3237 4744 3340 4795 erit
3377 4758 3561 4810 perse-

1969 4846 2161 4901 quens.
2184 4829 2355 4885 Nemo
2370 4832 2535 4896 enim,
2576 4830 2770 4901 inquit,
2800 4832 3098 4900 increpabit
3125 4843 3394 4902 pastores,
3419 4834 3561 4903 quod

1968 4925 2242 4978 civitatem
2275 4932 2383 4978 tant
2413 4924 2675 4979 illustrem
2708 4937 2763 4979 et
2787 4926 3130 4979 decantatam
3181 4925 3453 4979 stabulum
3486 4923 3565 4980 ef—

1968 5016 2214 5072 fecerint.

2046 5106 2206 5161 Vsus.
2237 5107 2291 5162 5.
2327 5105 2395 5160 Et
2434 5124 2536 5161 non
2562 5106 2787 5175 amplius
2829 5108 2927 5162 erit
2958 5110 3182 5173 munita,
3211 5116 3265 5160 ut
3291 5106 3561 5176 confugi-il

1971 5188 2099 5252 illuc
2123 5196 2399 5267 Epliraim.
2451 5196 2519 5250 Et
2562 5214 2665 5250 non
2697 5197 2925 5265 amplius
2973 5199 3073 5251 erit
3120 5213 3336 5268 regnum
3364 5199 3415 5249 in
3456 5197 3562 5249 Du-

1965 5306 2163 5353 masco,
2192 5300 2238 5343 et
2274 5289 2531 5359 reliquum
2565 5288 2843 5358 Syrorum.
2870 5288 2995 5344 Non
3029 5292 3164 5343 enim
3192 5300 3249 5342 tu
3275 5289 3462 5343 melior
3500 5305 3552 5340 es

1966 5381 2091 5451 filiis
2126 5380 2316 5449 Israel,
2348 5392 2395 5436 et
2416 5383 2585 5453 gloria
2622 5396 2823 5435 earum.

2038 5472 2143 5526 Pro
2195 5481 2387 5527 exacta
2442 5471 2806 5526 declaratione
2858 5483 3046 5526 eorum
3101 5484 3221 5539 quae
3278 5467 3554 5539 proposita

267 5562 539 5631 οἰήσομαι
570 5560 679 5613 δεῖν
706 5560 1017 5632 ὑπομνῆσαι
1059 5559 1220 5614 πάλιν
1254 5561 1494 5632 ἱστορίας
1521 5564 1783 5635 κειμένης
1813 5565 1855 5617 ἐπ

1968 5574 2116 5631 sunt,
2167 5579 2355 5619 rursus
2384 5563 2638 5620 existimo
2675 5562 3206 5621 commemorandam
3246 5573 3367 5614 esse
3395 5558 3565 5611 histo-

272 5650 514 5723 βιϐλίοις
553 5651 866 5707 Βασιλειῶν.
906 5651 1291 5719 Βασιλεύοντος
1316 5655 1425 5726 γάρ
1455 5653 1548 5710 τοῦ
1577 5656 1754 5728 ’Δχαζ
1778 5657 1855 5710 ἐπ’

1972 5657 2109 5713 riam
2162 5658 2395 5728 positam
2451 5656 2503 5713 in
2530 5657 2671 5715 libro
2721 5655 3057 5728 Regnorum.
3102 5652 3385 5724 chnante
3412 5648 3558 5707 eui.n

362 5807 404 5838 ³³
436 5806 538 5863 lsa.
560 5820 669 5875 ιτιι,
702 5824 725 5862 ι
759 5824 875 5878 sqq.
