4840 6574
1086 394 1192 453 425

2072 389 2134 444 S.
2174 385 2456 444 CYRILLI
2494 381 2968 440 ALEXANDRINI
3009 382 3330 443 ARCIIIEP.

4252 385 4354 447 ιιι

1086 512 1298 567 Achaso
1351 521 1512 577 super
1557 505 1748 561 ludam
1797 503 2213 577 Hierosolymis,
2255 489 2468 560 Phacee
2519 502 2662 557 ﬁlius
2691 504 2741 561 Α
2766 500 2856 554 τὸν
2898 502 2997 555 Ἰού

2446 519 2468 560 e
2519 502 2662 557 ﬁlius
2691 504 2741 561 Α
2766 500 2856 554 τὸν
2898 502 3097 557 Ἰούδαν
3128 504 3185 556 ἐν
3217 506 3329 567 τοῖς
3366 501 3779 573 Ἰεροσολύμοις,
3808 502 3985 557 Φακεὲ
4016 503 4131 567 υίὸς
4170 502 4357 576 Ῥομε-

1085 601 1343 659 llomelia:
1396 598 1560 671 264
1616 613 1850 668 regnans
1909 597 1962 651 in
2004 596 2252 653 Samaria
2284 612 2453 667 super
2481 596 2671 651 decem

1088 694 1280 757 tribus,
1306 689 1626 760 oppugnavit
1652 686 2048 759 Hierosolyma.
2073 687 2145 741 At
2170 703 2290 743 cum
2311 694 2587 742 vereretur
2605 698 2674 738 ne

1086 795 1193 834 non
1226 780 1358 834 satis
1392 788 1584 847 potens
1613 786 1760 832 esset
1800 778 1864 831 ad
1899 777 2242 844 capiendum,
2282 790 2554 830 armorum
2587 789 2675 828 so-

1087 871 1228 925 cium
1254 878 1308 922 et
1330 868 1755 923 commilitonem
1776 866 1903 921 fecit
1935 865 2177 921 Raassou
2198 880 2377 937 regem
2411 864 2673 936 Syrorum

1087 972 1141 1016 et
1164 960 1435 1016 Damasci.
1466 959 1558 1015 Sic
1574 969 1750 1014 autem
1782 960 1859 1013 ait
1885 960 2073 1013 beatus
2106 959 2365 1028 propheta
2390 956 2555 1012 Isaias
2574 956 2619 988 "‘
2655 972 2671 1010 :

1091 1053 1155 1109 Et
1182 1053 1381 1109 factum
1405 1060 1509 1115 est,
1534 1051 1721 1107 diebus
1752 1050 1956 1116 Achaz,
1985 1048 2077 1103 ﬁlii
2103 1047 2372 1113 Joatham,
2410 1048 2505 1102 ﬁlii
2528 1047 2674 1103 Ozias

1092 1148 1237 1216 regis
1266 1144 1427 1208 Juda,
1465 1143 1710 1199 ascendit
1752 1141 1999 1197 Raassou
2047 1156 2138 1195 rex
2170 1141 2334 1195 Aram
2365 1141 2675 1210 (exponitur

2775 593 2889 646 λίου
2937 592 3234 662 βασιλεύων
3275 595 3334 647 ὲν
3389 597 3455 664 τῇ
3504 594 3788 665 Σαμαρείᾳ
3826 594 3959 648 δέκα
3998 594 4184 663 φυλῶν
4237 613 4362 649 κατ-

2776 684 3134 758 εστρατεύετο
3162 684 3270 737 τῶν
3304 684 3711 755 Ἰεροσολύμων.
3747 684 3964 756 Ἐπειδὴ
3988 685 4047 738 δὲ
4069 685 4262 739 ἐδεδίει
4291 687 4361 757 μὴ

2775 779 2886 848 ἄρα
2932 794 3049 840 πως
3098 777 3335 847 ἀιονήσῃ
3389 775 3526 845 πρὸς
3576 776 3638 828 τὸ
3692 774 3832 829 ἑλεῖν
3880 775 4070 847 αὐτὴν,
4102 776 4363 830 σύνοπλον

2774 870 3009 922 ἐποιεῖτο
3043 868 3132 921 τὸν
3167 866 3450 920 Ῥαασσὼν
3500 867 3593 921 τὸν
3636 867 3861 937 βασιλέα
3894 868 4082 939 Σύρων
4132 870 4233 923 καὶ
4267 871 4363 940 τῆς

2774 958 3090 1030 Δαμασκοῦ.
3124 960 3266 1028 Ἔφη
3307 958 3365 1011 δὲ
3407 957 3583 1022 οὕτως
3637 959 3798 1023 αὐτὸς
3843 960 3873 1012 6
3921 959 4195 1029 μακάριος
4231 976 4365 1030 προ·

2776 1055 2950 1124 φήτης
2985 1050 3243 1113 Ἠσαῖας’
3285 1051 3399 1104 Kal.
3439 1050 3655 1117 ἐγένετο
3688 1053 3746 1104 ὲν
3773 1053 3891 1114 ταῖς
3926 1050 4165 1122 ἡμέραις
4191 1050 4366 1121 ’Δχαζ

2774 1142 2869 1195 τοῦ
2910 1141 3149 1211 ἰωάθαμ
3176 1140 3271 1194 τοῦ
3302 1140 3418 1194 υἱοῦ
3456 1139 3632 1204 Ὀξίου
3664 1138 3931 1209 βασιλέως
3965 1139 4163 1203 Ἰούδα,
4197 1140 4363 1209 ἀνέϐη

1090 1238 1515 1309 vero,Syrorum
1544 1250 1637 1290 seu
1679 1234 1849 1305 Syriae
1870 1248 1885 1288 :
1905 1233 1992 1302 )et
2014 1232 2225 1287 Phacee
2255 1233 2395 1287 Illius
2417 1231 2674 1297 Romelia:

1092 1344 1183 1381 rex
1218 1327 1379 1381 Israel
1412 1327 1465 1380 iu
1499 1322 1824 1388 Jerusalem,
1854 1332 1912 1376 ut
1941 1333 2396 1393 pugnaretcuntra
2428 1336 2575 1375 eam.
2613 1319 2677 1373 Et

2790 1233 3069 1286 Ῥαασσὼν
3120 1232 3371 1301 βασιλεὺς
3409 1231 3613 1303 Ἀρὰμ,
3678 1229 4125 1301 (διερμηνεύεται
4159 1230 4220 1283 δὲ
4270 1231 4363 1283 Σύο

2780 1342 2909 1395 ρων,
2952 1323 3070 1392 ἤτοι
3104 1322 3303 1393 Συρίας
3325 1321 3363 1392 ⁸)
3399 1323 3494 1375 καὶ
3544 1320 3717 1375 Φακεὲ
3750 1320 3864 1383 υίὸς
3903 1319 4191 1389 Ῥομελίου
4214 1320 4365 1390 βασι·

1088 1420 1392 1473 nuntiatum
1422 1428 1506 1473 est
1530 1417 1712 1472 domui
1741 1414 1909 1469 David
1937 1430 1965 1467 a
1995 1414 2301 1471 dicentibus
2329 1432 2343 1468 :
2368 1412 2666 1469 Consensit
2779 1415 2903 1478 λεὺς
2947 1413 2999 1466 Ἰ(

2449 1412 2666 1467 nsensit
2779 1415 2903 1478 λεὺς
2947 1412 3163 1484 Ἰσραὴλ
3196 1414 3277 1476 είς
3312 1410 3661 1484 Ἰερουσαλὴμ
3692 1410 3996 1482 πολεμῆσαι
4033 1410 4229 1481 αὐτήν.
4260 1410 4360 1462 Καὶ

1088 1513 1253 1566 Aram
1290 1512 1551 1565 adversus
1608 1508 1895 1577 Ephraim,
1947 1506 2000 1561 id
2053 1515 2156 1570 est,
2188 1506 2358 1576 Syrus
2411 1504 2672 1558 adversus
2778 1507 2999 1577 ἀνηγγέὲ

2449 1504 2672 1558 dversus
2778 1507 3053 1579 ἀνηγγέλη
3076 1509 3156 1570 είς
3181 1506 3270 1560 τὸν
3292 1500 3439 1559 οἶκον
3464 1505 3650 1570 Δαόὶδ,
3679 1504 3955 1572 λέγοντες·
3978 1502 4360 1573 Συνεφώνησεν

1089 1617 1210 1655 eum
1250 1602 1340 1671 qui
1368 1616 1431 1655 ex
1463 1602 1604 1656 tribu
1636 1600 1889 1672 Ephraitu
1923 1614 2149 1671 regnum
2181 1597 2351 1652 tenuit
2381 1594 2671 1650 Samariae.
2793 1597 2972 1669 Ἀρὰμ

2449 1599 2671 1650 ιηιιιτίω.
2793 1597 2972 1669 Ἀρὰμ
3004 1596 3140 1666 πρὸς
3166 1595 3256 1649 τὸν
3288 1595 3549 1665 Ἐφραῖμ,
3581 1593 3728 1647 τοῦτ’
3758 1593 3926 1659 ἐστιν,
3959 1596 3988 1646 6
4022 1592 4197 1663 Σύρος
4232 1592 4360 1662 πρὸς

1091 1692 1157 1746 Et
1212 1693 1491 1762 obstupuit
1536 1693 1717 1747 anima
1766 1693 1902 1764 ejus,
1956 1702 2012 1747 et
2068 1689 2248 1743 anima
2305 1688 2483 1758 populi
2536 1687 2674 1757 ejus,
2779 1690 2870 1743 τὸν
2908 1692 2972 1742 ὲκ

2449 1688 2483 1741 li
2536 1687 2674 1757 ejus,
2779 1690 2870 1743 τὸν
2908 1692 2972 1742 ὲκ
3019 1688 3191 1759 φυλῆς
3232 1686 3472 1758 Ἐφραῖμ
3525 1684 3875 1755 βασιλεύοντα
3926 1685 4036 1740 τῶν
4084 1687 4143 1739 ὲν
4180 1686 4359 1754 Σαμα⁴

1078 1774 1538 1853 quemadmodum
1598 1785 1653 1839 in
1707 1784 1843 1838 silva
1890 1784 2092 1851 lignum
2135 1797 2164 1835 a
2216 1790 2375 1833 vento
2414 1779 2673 1847 jactalur.
2716 1841 2756 1853 _
2789 1781 2931 1853 ρείᾳ.
2983 1782 2989 1832 l

2445 1789 2673 1833 actalur.
2716 1841 2756 1853 _
2789 1781 2931 1853 ρείᾳ.
2983 1780 3094 1833 Καὶ
3133 1778 3387 1849 ὲξέστηή
3432 1778 3579 1848 ψυχὴ
3628 1777 3815 1841 αὐτοῦ,
3862 1778 3957 1830 καὶ
3990 1779 4024 1848 ἡ
4070 1778 4223 1847 ψυχὴ
4270 1775 4356 1829 τοῦ

1090 1841 1277 1943 Itaque
1304 1873 1578 1943 Ephraim,
1616 1873 1802 1928 relicto
1826 1841 2202 1926 universorum
2225 1841 2518 1923 Servatore
2547 1867 2681 1935 Deo,
2716 1841 2759 1900 Β
2969 1889 3001 1923 α

2463 1882 2518 1923 re
2547 1867 2681 1935 Deo,
2716 1841 2759 1900 Β
2787 1872 2916 1926 λαοῦ
2969 1870 3156 1937 αὑτοῦ,
3194 1870 3253 1923 ὃν
3307 1870 3507 1940 τρόπον
3548 1870 3677 1923 ὅταν
3727 1873 3786 1924 ἐν
3839 1870 4029 1940 δρυμῷ
4079 1869 4236 1933 ξύλον
4267 1868 4364 1921 ὑπὸ

1089 1964 1314 2034 ejusque
1362 1978 1521 2017 manu
1573 1973 1736 2033 atque
1788 1964 1991 2018 auxilio
2033 1963 2393 2033 parvipeaso,
2438 1962 2685 2016 Damasci
2790 1962 3000 2034 πνεῦμα

2451 1962 2685 2016 Damasci
2790 1962 3098 2034 πνεύματος
3132 1961 3384 2033 σαλευθῇ.
3409 1962 3616 2016 Οὐκοῦν
3648 1964 3676 2015 6
3710 1961 3950 2033 Ἐφραίμ
3980 1961 4070 2013 τὸν
4101 1961 4212 2013 τῶν
4237 1961 4362 2013 ὅλων

1093 2057 1462 2125 Syrorumque
1489 2058 1781 2126 praesidem
1824 2055 2123 2124 adiutorem
2158 2054 2350 2109 ascivit
2392 2072 2406 2108 :
2460 2066 2688 2121 eamque

1091 2148 1162 2202 ob
1191 2162 1435 2212 causam,
1486 2161 1586 2201 nec
1638 2147 1912 2201 immerito
1963 2145 2191 2201 oﬂendit
2250 2147 2437 2201 Deum.
2487 2146 2686 2200 Dama-

1097 2253 1224 2294 scus
1293 2238 1497 2308 itaque,
1552 2237 1750 2307 inquit,
1806 2246 2042 2302 vastata,
2097 2245 2153 2293 et
2192 2235 2263 2305 iu_
2297 2234 2685 2292 desolationem

1095 2328 1334 2396 fedzicta,
1363 2328 1693 2399 bellicasque
1739 2326 2082 2382 calamitates
2132 2325 2378 2390 subiens,
2445 2340 2551 2381 non
2580 2323 2687 2379 erit

1082 2400 1328 2488 'amplius
1380 2417 1607 2473 munitio
1644 2428 1701 2471 ut
1722 2416 2000 2487 confugiat
2037 2416 2315 2486 Ephraim,
2338 2415 2432 2471 sed
2464 2429 2562 2469 nec
2586 2414 2689 2469 erit

1097 2508 1152 2563 in
1177 2524 1239 2564 ea
1287 2522 1532 2578 regnum.
1589 2507 1908 2577 Quanquam
1951 2506 2149 2562 dixerit
2177 2506 2481 2577 quispiam,
2512 2503 2687 2559 Etiam

1095 2607 1219 2667 post
1248 2598 1522 2653 excidium
1562 2598 1765 2653 inventi
1811 2606 1940 2652 sunt
1962 2598 2178 2667 quidam
2225 2611 2383 2666 reges
2415 2595 2685 2650 Damasci.

1096 2688 1339 2745 Meminit
1383 2689 1607 2760 proinde
1636 2697 1691 2744 et
1719 2687 1921 2745 Paulus
1950 2689 2235 2760 inquiens:
2281 2707 2301 2742 ι
2330 2687 2385 2742 ln
2426 2688 2689 2743 Damasco

1101 2781 1387 2850 praefectus
1415 2781 1614 2852 gentis,
1646 2782 1815 2836 Areta
1864 2796 2015 2851 rege,
2052 2779 2299 2849 quaesivit
2336 2789 2395 2834 ut
2434 2793 2520 2834 me
2542 2794 2691 2838 com-

1097 2872 1575 2941 prelienderet”.i
1615 2871 1806 2941 Itaque
1847 2885 2029 2926 sermo
2058 2870 2409 2940 propheticus
2436 2884 2687 2940 magnam

1098 2964 1395 3029 emphasim
1471 2964 1655 3019 habet.
1719 2962 1835 3017 Non
1870 2965 2015 3018 enim
2078 2961 2309 3029 amplius
2349 2961 2462 3015 fore
2498 2963 2575 3014 ait
2603 2976 2690 3014 re-

1099 3071 1267 3126 gnum
1299 3065 1491 3124 potens
1523 3056 1575 3109 in
1635 3055 1902 3109 Damasco
1955 3062 2011 3108 et
2048 3054 2278 3117 illustre,
2313 3052 2529 3107 etiamsi
2568 3067 2691 3121 pos-

2796 2056 3026 2126 Σωτῆρα
3053 2053 3184 2106 Θεὸν
3222 2051 3650 2115 καταλελοιπὼς,
3702 2055 3858 2122 χεῖρα
3907 2051 4001 2104 καὶ
4049 2051 4365 2120 ἐπικουρίαν

2786 2145 2967 2214 ὀλίγου
3009 2143 3293 2205 παντελῶς
3327 2140 3568 2207 ἀξιώσας
3612 2140 3794 2208 λόγου,
3824 2139 3917 2192 τὸν
3950 2135 4251 2207 Δαμασκοῦ
4280 2134 4368 2188 καὶ

2788 2237 2976 2309 Σύρων
3016 2234 3320 2305 ἡγούμενον
3367 2231 3719 2301 ὑπασπιστὴν
3763 2231 4020 2284 ἐποιεῖτο.
4052 2227 4276 2297 Ταύτης
4311 2243 4369 2278 τε

2788 2332 2953 2384 ἕνεκα
2979 2331 3079 2401 τῆς
3134 2326 3314 2390 αἰτίας
3342 2325 3439 2379 καὶ
3490 2323 3634 2395 μάλα
3679 2322 3909 2385 εἰκότως
3956 2320 4373 2391 προσκέκρουκι

2786 2421 2867 2493 τῷ
2907 2420 3045 2491 Θεῷ.
3083 2419 3149 2472 Ἦ
3183 2417 3363 2473 τοίνυν
3400 2413 3719 2486 Δαμασκδς,
3757 2413 3915 2482 φησὶ,
3962 2407 4376 2482 καταδῃωθείσά

2789 2532 2849 2570 τε
2881 2515 2977 2569 καὶ
3009 2510 3374 2585 ὴρημωμένη,
3424 2508 3519 2563 καὶ
3562 2508 3661 2570 τὰς
3694 2508 3760 2561 ὲκ
3801 2505 3894 2559 τοῦ
3946 2503 4193 2574 πολέμου
4238 2519 4376 2572 συμ-

2790 2608 2962 2679 φορὰς
3000 2604 3373 2672 ὑπομείνασα,
3415 2600 3599 2655 οὐκέτι
3635 2600 3791 2652 ἔσται
3834 2598 4008 2669 όχυρά
4052 2595 4151 2649 τοῦ
4205 2610 4375 2648 κατα-

2790 2699 2983 2769 φυγεῖν
3014 2695 3271 2767 Ἐφραῖμ.
3324 2694 3461 2747 Ἀλλ’
3485 2692 3609 2747 οὐδὲ
3638 2690 3791 2744 ἔσται
3832 2691 3890 2741 ὲν
3917 2689 4056 2758 αὐτῇ
4094 2684 4376 2757 βασιλείαο

2791 2790 2967 2844 καίτοι
3014 2790 3240 2859 φήσειεν
3272 2787 3339 2842 ἄν
3370 2802 3474 2849 τις,
3502 2783 3614 2838 Kal.
3649 2781 3788 2852 μετὰ
3816 2780 3917 2851 τὴν
3961 2778 4236 2850 πόρθησιν
4278 2774 4379 2846 ηὔ-

2794 2881 2987 2953 ρηνταί
3012 2896 3155 2943 τινες
3196 2877 3572 2949 βασιλεύοντες
3595 2875 3695 2944 τῆς
3722 2871 4042 2943 Δαμασκοῦ.
4063 2870 4379 2940 Διαμέμνη-

2790 2988 2879 3024 ται
2914 2969 3044 3039 γοῦν
3076 2969 3170 3022 καὶ
3194 2970 3222 3020 6
3255 2967 3464 3030 Παῦλος
3496 2966 3671 3034 λέγων
3693 3003 3709 3029 ,
3738 2966 3820 3018 ὃτι
3855 2981 3874 3014 ί
3915 2961 4004 3015 Ἑν
4040 2958 4324 3030 Δαμασκῷ
4348 2958 4375 3009 ό

2793 3062 3061 3133 ἐθνάρχης
3104 3060 3299 3131 Ἀρέτα
3325 3057 3419 3111 τοῦ
3449 3057 3714 3129 βασιλέως
3741 3055 4005 3124 ἐζήτησεν
4045 3050 4209 3104 αὐτὸν
4250 3048 4375 3101 πιά-

1102 3157 1184 3201 tea
1216 3146 1483 3216 Ioparcha:
1507 3145 1727 3209 fuerint,
1793 3160 1886 3199 seu
1925 3144 2105 3213 potius
2138 3145 2375 3213 praafecti
2419 3144 2681 3208 tribuum,
2715 3173 2760 3232 ο
2796 3170 2904 3206 σαι.
2937 3172 2955 3204 ι
3005 3161 3013 3199 t

2462 3144 2681 3208 ’ibuum.
2715 3173 2760 3232 ο
2796 3170 2904 3206 σαι.
2937 3172 2955 3204 ι
3005 3150 3213 3205 Οὐκοῦν
3242 3152 3271 3204 6
3320 3150 3475 3219 λόγος
3516 3151 3546 3201 6
3584 3145 3922 3219 προφητικὸς
3978 3143 4218 3215 ἔμφασιν
4263 3140 4373 3210 ἔχει

1100 3234 1192 3302 qui
1223 3243 1401 3288 tamen
1442 3234 1556 3288 veri
1594 3248 1741 3303 regni
1775 3233 2113 3301 splendorem
2161 3249 2266 3288 non
2305 3241 2435 3288 sunt
2488 3234 2687 3302 adepti.

1100 3324 1217 3381 Non
1246 3326 1427 3395 itaque
1456 3325 1581 3388 erit,
1626 3324 1821 3393 inquit,
1858 3324 1910 3378 in
1937 3324 2200 3379 Damasco
2236 3340 2485 3394 regnum,
2528 3327 2691 3377 etiam

1089 3404 1375 3474 residuum
1431 3416 1691 3488 Syrorum
1727 3417 1779 3470 in
1812 3430 1873 3469 ea
1920 3415 2314 3479 debilitabitur,
2357 3414 2410 3469 id
2434 3424 2538 3478 est,
2576 3415 2696 3469 uni-

1091 3524 1258 3565 versa
1296 3524 1432 3580 gens
1467 3509 1523 3562 in
1558 3523 1644 3563 ea.
1695 3505 2008 3576 Metropolis
2049 3507 2249 3562 etenim
2280 3506 2451 3577 Syriae
2495 3506 2694 3559 Dama-

1103 3616 1249 3656 scus.
1294 3600 1495 3656 Deinde
1525 3599 1660 3654 dicit
1704 3598 1790 3653 ei:
1829 3598 1944 3652 Non
1974 3598 2116 3652 enim
2173 3609 2228 3653 tu
2276 3598 2464 3653 melior
2485 3613 2543 3653 es
2569 3598 2695 3653 [iliis

1106 3691 1290 3756 Israel,
1316 3700 1370 3745 et
1400 3691 1569 3762 gloria
1596 3705 1813 3746 eorum.
1848 3689 2007 3755 Nam,
2049 3690 2243 3760 inquit,
2275 3689 2321 3745 si
2349 3704 2453 3744 non
2480 3690 2693 3761 peperci

1105 3782 1239 3837 sorti
1288 3782 1610 3850 distributae,
1635 3798 1700 3838 ac
1721 3784 1993 3851 deputatae
2027 3783 2182 3847 mihi,
2215 3783 2467 3838 nimirum
2492 3781 2700 3837 Israeli-

1106 3873 1178 3927 tis
1238 3872 1291 3927 in
1355 3887 1440 3927 me
1481 3872 1941 3942 delinquentibus,
1981 3874 2227 3943 quiduitu
2269 3874 2592 3928 detrimenta
2628 3887 2697 3927 ex

1103 3965 1248 4021 bello
1292 3966 1579 4037 importata
1613 3967 1864 4023 omnibus
1896 3967 2068 4022 modis
2091 3966 2416 4034 sustineres,
2453 3967 2593 4025 nulla
2635 3967 2693 4021 iu

1106 4072 1162 4114 re
1184 4057 1375 4113 lsraele
1406 4057 1631 4112 melior?

2790 3246 3013 3316 πολλήν.
3078 3243 3275 3313 Οὐκέτι
3334 3241 3442 3313 γὰρ
3502 3239 3721 3293 ἔσεσθαί
3786 3254 3949 3309 φησιν
4000 3233 4231 3304 εὐσθενῆ
4285 3235 4376 3285 καὶ

2792 3339 3062 3410 ἐπίσημον
3086 3338 3144 3391 ὲν
3170 3338 3235 3407 τῇ
3262 3332 3542 3405 Δαμασκῷ
3574 3331 3875 3403 βασιλείαν,
3913 3330 3964 3382 εἰ
3999 3328 4092 3382 καὶ
4118 3326 4375 3396 γεγόνασι

2794 3430 2932 3501 μετὰ
2956 3429 3115 3482 τοῦτο
3141 3427 3413 3499 τοπάρχαι
3440 3423 3583 3488 τινὲς
3617 3424 3711 3477 καὶ
3732 3421 3993 3492 φύλαρχοι
4025 3416 4251 3490 μᾶλλον,
4284 3415 4377 3468 καὶ

2791 3522 2912 3591 οὐχὶ
2948 3520 3048 3591 τῆς
3083 3518 3317 3588 ἀληθοῦς
3365 3515 3641 3588 βασιλείας
3687 3514 3786 3585 τὴν
3828 3509 4193 3582 λαμπρότητα
4221 3524 4377 3578 περι-

2795 3612 3054 3682 κείμενοι.
3105 3611 3219 3664 Ούκ
3257 3609 3408 3662 ἔσται
3457 3608 3638 3661 τοίνυν
3667 3607 3728 3659 ὲν
3774 3601 4053 3674 Δαμασκῷ
4087 3599 4373 3671 βασιλεία,

2793 3701 2957 3771 φησίν
2976 3718 2991 3731 ο
3025 3700 3279 3770 άτονήσει
3304 3699 3361 3753 δὲ
3388 3699 3484 3752 σὺν
3509 3699 3647 3769 αὐτῇ
3684 3697 3780 3750 καὶ
3806 3695 3867 3749 τὸ
3909 3694 4098 3746 λοιπὸν
4134 3691 4247 3746 τῶν
4272 3690 4374 3743 Σύ-

2796 3809 2926 3865 ρων,
2951 3790 3098 3845 τοῦτ’
3120 3790 3291 3853 ἐστιν,
3319 3789 3465 3843 ἅπαν
3491 3788 3554 3841 τὸ
3583 3786 3734 3849 ἔθνος
3756 3785 3821 3839 τὸ
3843 3784 3935 3837 ὑπ’
3964 3782 4125 3855 αὐτῇ.
4167 3780 4377 3853 Μητρό-

2794 3882 2950 3947 πολις
2990 3883 3099 3954 γὰρ
3154 3881 3352 3953 Συρίας
3399 3882 3433 3952 ἡ
3485 3877 3795 3950 Δαμασκός.
3848 3872 3982 3929 Εἶτα
4029 3874 4169 3946 πρὸς
4205 3872 4376 3941 αὑτήν

2795 3988 2968 4044 φησιν
2990 3990 3004 4003 ο
3039 3972 3114 4026 Οὐ
3149 3972 3259 4041 γὰρ
3285 3972 3349 4024 σὺ
3390 3969 3615 4040 βελτίων
3641 3963 3694 4020 εἴ
3715 3966 3823 4021 τῶν
3848 3964 3979 4018 υἱῶν
4012 3963 4253 4035 Ἰσραὴλ,
4284 3961 4378 4015 καὶ

2794 4067 2893 4137 τῆς
2921 4066 3078 4137 δόξης
3108 4063 3309 4117 αὐτῶν.
3339 4062 3403 4117 El
3431 4063 3540 4132 γὰρ
3576 4060 3671 4113 καὶ
3708 4059 3934 4129 κλήρου,
3967 4057 4122 4127 φησὶ,
4157 4053 4253 4109 τοῦ
4290 4055 4379 4106 ὲκ-

1103 4151 1428 4221 νεμηθέντος
1458 4152 1582 4222 ἐμοὶ
1602 4190 1619 4215 ι
1646 4150 1787 4204 τοῦτ’
1810 4150 1980 4215 ἔστιν,
2011 4151 2118 4204 τῶν
2161 4152 2219 4218 ἐξ
2254 4152 2469 4226 Ἰσραὴλ
2500 4158 2579 4221 εἰς
2604 4161 2703 4231 ἐμὲ
2742 4160 3289 4233 πεπλημμεληκότων
3324 4158 3425 4212 ούκ
3480 4156 3816 4226 ἐφεισάμην,
3854 4150 3973 4217 πῶς
4016 4152 4079 4205 ού
4108 4151 4288 4220 πάντη
4317 4164 4377 4203 τε

1106 4250 1200 4302 καὶ
1256 4248 1471 4308 πάντως
1517 4246 1806 4316 ὑπομενεῖς
1840 4246 1934 4297 καὶ
1970 4244 2108 4315 αὑτὴ
2147 4248 2214 4300 τὰ
2247 4249 2312 4300 ὲκ
2344 4248 2435 4302 τοῦ
2474 4252 2711 4325 πολέμου
2743 4257 2914 4328 βλάϐη
2945 4255 3065 4310 κατ’
3095 4255 3247 4309 οὐδὲν
3274 4248 3410 4306 οὖσα
3440 4250 3661 4322 βελτίων
3686 4248 3781 4302 τοῦ
3823 4248 4082 4318 ’1σραήλ;

1183 4408 1343 4461 Vsus.
1382 4407 1435 4461 4.
1476 4405 1602 4459 "ato
1660 4406 1786 4457 dicit
1841 4404 2092 4459 Dominus
2152 4405 2406 4474 Sabaoth,
2448 4408 2565 4465 Erit
2606 4415 2692 4469 die
2725 4424 2767 4478 ι)
2872 4416 3018 4471 Τάδε
3069 4420 3094 4469 ,λ

2468 4409 2565 4465 Erit
2606 4415 2692 4469 die
2725 4424 2767 4478 ι)
2872 4416 3018 4471 Τάδε
3069 4415 3231 4485 λέγει
3276 4414 3491 4481 Κύριος
3529 4409 3796 4466 Σαὸαὼθ’
3832 4412 4041 4464 Ἔσται
4085 4407 4163 4477 τῇ
4192 4408 4379 4479 ἡμέρᾳ

1104 4501 1221 4567 illa,
1247 4500 1466 4568 defectio
1488 4498 1669 4567 gloria:
1696 4496 1885 4561 Iacob,
1916 4510 1961 4552 et
1986 4499 2202 4568 pinguia
2224 4502 2404 4569 gloria:
2425 4503 2539 4572 ejus
2573 4522 2698 4559 con-

1110 4594 1524 4664 quassabuutur.

1178 4706 1339 4776 265
1374 4702 1638 4758 Jacobum
1688 4702 1839 4758 hisce
1876 4702 2058 4759 verbis
2100 4705 2364 4769 nominat,
2397 4719 2462 4759 ex
2496 4702 2699 4759 Jacobo

1107 4808 1292 4858 natos,
1342 4797 1425 4850 vel
1482 4798 1669 4850 decem
1725 4796 1898 4849 tribus
1950 4796 2000 4848 in
2035 4794 2281 4848 Samaria
2322 4806 2376 4849 et
2416 4796 2696 4851 dimidium

1110 4885 1285 4939 tribus
1307 4886 1586 4957 Ephraim,
1620 4902 1740 4956 qua:
1766 4896 1969 4939 tantum
2006 4900 2037 4939 a
2060 4886 2329 4941 cliaritate
2360 4901 2487 4954 erga
2518 4887 2688 4942 Deum

1098 4974 1458 5043 resiluerunt,
1512 4986 1565 5030 et
1598 4992 1627 5029 a
1679 4992 1776 5045 spe
1804 4975 1993 5029 salutis
2046 4975 2099 5028 in
2133 4976 2246 5043 ipso
2275 4976 2608 5041 collocanda,
2633 4985 2693 5030 ut

1088 5065 1202 5119 sibi
1232 5065 1369 5133 ipsis
1400 5069 1758 5131 confiderent,
1798 5077 1853 5122 et
1881 5070 1945 5121 de
1976 5067 2092 5121 sola
2115 5067 2456 5122 multitudine
2486 5078 2540 5122 et
2572 5069 2691 5138 glo-

1076 5155 1168 5208 ria
1217 5155 1399 5210 altum
1454 5159 1799 5229 supercilium
1845 5158 2136 5228 erigerent.
2196 5158 2258 5212 Hi
2286 5168 2444 5213 erant
2503 5174 2689 5214 eorum

1061 5257 1304 5298 ιιιυνεε.
1371 5248 1546 5319 Atque
1579 5251 1681 5304 hoc
1719 5249 1873 5303 nobis
1900 5250 2163 5318 propheta
2194 5248 2481 5303 manifesto
2514 5249 2693 5304 deela-

1044 5342 1175 5388 rat.
1216 5331 1385 5389 Dixit
1418 5341 1563 5394 enim
1589 5341 1654 5394 de
1689 5339 1793 5393 Illis
1824 5337 2063 5395 :Gloria:
2094 5354 2284 5393 eorum
2309 5354 2375 5392 ex
2410 5342 2694 5409 partubus,

2792 4506 2995 4575 ἐκείνῃ
3025 4506 3299 4574 ἔκλειψις
3333 4503 3445 4573 τῆς
3469 4502 3653 4570 δόξης
3693 4501 3920 4569 Ἰακὼϐ,
3966 4501 4065 4555 καί
4096 4501 4169 4554 τὰ
4199 4502 4381 4554 πίονα

2795 4595 2907 4665 τῆς
2940 4596 3124 4662 δόξης
3158 4594 3343 4649 αὑτοῦ
3377 4594 3786 4663 σεισθήσεται.

2882 4707 3075 4761 Ἰακὼϐ
3109 4710 3167 4761 ὲν
3219 4706 3437 4770 τούτοις
3480 4708 3735 4777 ὀνομάζει
3762 4707 3888 4770 τοὺς
3919 4707 3979 4773 ἐξ
4013 4706 4209 4760 Ἰακὼὸ
4230 4722 4387 4773 γεγο-

2797 4800 2976 4862 νότας,
3013 4800 3132 4870 ἦτοι
3159 4799 3258 4863 τὰς
3288 4801 3347 4853 ὲν
3377 4802 3443 4870 τῇ
3477 4800 3758 4870 Σαμαρείᾳ
3799 4799 3931 4852 δέκα
3966 4799 4161 4867 φυλὰς,
4196 4798 4285 4851 καὶ
4316 4796 4385 4848 τὸ

2796 4891 2967 4963 ἥμισυ
3005 4890 3180 4960 φυλῆς
3213 4889 3473 4961 Ἐφραίμ,
3517 4890 3573 4943 αἳ
3612 4888 3864 4942 τοσοῦτον
3893 4888 4252 4959 ἁπεπήδησαν
4277 4887 4385 4956 τῆς

2799 4985 2878 5046 εις
2909 4983 3041 5035 Θεὸν
3071 4982 3311 5052 ἀγάπης,
3340 4983 3435 5035 καὶ
3468 4981 3563 5035 τοῦ
3599 4981 3697 5052 τὴν
3742 4980 3935 5033 ἐλπίδα
3977 4979 4073 5032 τοῦ
4112 4977 4387 5041 σώζεσθαι

2800 5072 3071 5126 ποιεῖσθαι
3120 5071 3320 5143 μᾶλλον
3363 5070 3450 5123 ἐπ’
3492 5070 3682 5140 αὐτῷ,
3714 5070 3856 5124 ὥστε
3908 5070 4004 5123 καὶ
4036 5072 4123 5137 ἐφ’
4168 5069 4389 5128 ἑαυτοῖς

2799 5162 3137 5229 πεποιθέναι,
3168 5163 3263 5215 καὶ
3292 5161 3502 5234 ὑψηλὴν
3531 5161 3831 5217 ἁνατείνειν
3863 5162 4037 5231 ὀφρὺν
4067 5161 4160 5213 ἐπὶ
4188 5159 4393 5228 πλήθει

2802 5253 2950 5325 μόνῳ
2989 5255 3085 5308 καὶ
3113 5253 3261 5326 δόξῃ.
3281 5250 3390 5308 Ἦν
3416 5254 3617 5326 τρόπος
3647 5247 3803 5317 οὗτος
3844 5254 4049 5314 αὐτοῖς.
4077 5252 4186 5305 Καὶ
4221 5251 4395 5303 τοῦτο

2794 5346 2929 5415 ἡμῖν
2962 5345 3336 5416 ἐναργέστατα
3370 5345 3533 5400 πάλιν
3562 5346 3847 5417 προφήτης
3884 5345 4075 5415 φησίν.
4096 5344 4235 5412 Ἔφη
4268 5341 4394 5409 γὰρ

1023 5439 1108 5477 ex
1160 5433 1540 5498 puerperiis,
1581 5447 1645 5487 ex
1689 5432 2153 5501 conceptionibus.
2204 5430 2411 5497 Quibus
2470 5434 2691 5488 subdit:

1004 5516 1109 5567 Da
1151 5512 1328 5576 illis.
1374 5520 1629 5578 Domine.
1677 5523 1818 5590 Quid
1871 5523 2024 5578 dabis
2056 5522 2207 5577 illis?
2256 5521 2332 5575 Da
2368 5521 2472 5577 illis
2503 5525 2695 5579 matri-

982 5617 1144 5656 cem
1186 5604 1497 5680 eﬂ'etam,
1541 5624 1598 5670 et
1638 5630 1904 5671 mammas
1933 5615 2134 5670 aridas.
2169 5611 2285 5667 Erit
2309 5614 2489 5685 itaque
2517 5615 2616 5671 sub
2644 5615 2695 5671 id

2795 5435 2923 5503 περὶ
2945 5434 3145 5488 αὐτῶν·
3169 5436 3237 5487 Αἱ
3264 5434 3619 5500 δόξαι-αὐτῶν
3642 5436 3708 5488 ἐκ
3728 5434 3901 5488 τόκων
3934 5434 4028 5487 xal.
4057 5433 4257 5486 ὠδίνων
4288 5430 4395 5481 καὶ

2797 5525 3131 5596 συλλήψεων.
3154 5524 3291 5580 Εἶτα
3321 5526 3535 5591 τούτοις
3575 5525 3859 5597 ἐπιφέρει·
3893 5526 3994 5589 Δὸς
4019 5526 4219 5588 αὐτοῖς,
4256 5521 4395 5575 Κύ-

2797 5634 2902 5688 ριε.
2947 5618 3011 5671 Τί
3040 5616 3231 5684 δώσεις
3269 5618 3487 5688 αὐτοίς;
3521 5618 3620 5683 Δὸς
3653 5619 3835 5683 αὐτοῖς
3872 5618 4086 5689 μήτραν
4123 5612 4397 5669 atem?)-

1048 5751 1119 5784 ⁸’
1166 5752 1355 5816 ιυο·
1413 5782 1588 5842 supra
1614 5773 1708 5831 cit.
1788 5773 1832 5805 ³⁸
1877 5768 1919 5826 ll
1961 5770 2083 5826 Cor.
2120 5784 2193 5833 si,
2226 5767 2313 5823 32.
