4110 6506
221 411 332 468 ιὲὅ

1353 407 1418 462 lN
1459 407 1694 464 lSAlAM
1733 407 1864 465 LIB.
1904 407 1970 464 Il.
2010 404 2254 466 TOMUS
2288 404 2378 464 Ill.

3395 407 3501 462 ιεδ
3517 412 3521 416 ’

221 543 350 588 σαν,
384 525 482 578 καὶ
508 525 752 593 μαστοὺς
787 521 1008 594 ξηρούς.
1043 522 1238 582 Ἔσται
1275 525 1480 590 τοίνυν,
1505 525 1662 596 φησὶ,
1694 523 1817 578 κατ’

1950 524 2187 596 emporis
2237 524 2640 579 decrementum
2677 521 2861 594 gloriae
2914 520 3104 588 Jacob,
3146 521 3197 578 id
3249 531 3354 588 est,
3400 527 3501 579 Ito-

220 621 404 674 εκεῖνο
429 615 648 686 καιροῦ,
675 613 918 684 ἔκλειψις
943 615 1045 685 τῆς
1076 615 1234 686 δόξης
1261 615 1480 682 Ἰακὼϐ,
1507 615 1650 673 τοῦτ’
1676 615 1815 679 ἔστι,

219 708 673 780 δαπανηθήσεται
691 709 814 770 ταῖς
836 707 946 760 τῶν
973 706 1249 777 πολεμίων
1272 707 1571 778 μαχαίραις
1590 708 1624 778 ἡ
1649 706 1818 778 πολλή

221 819 289 854 τε
317 802 414 856 καὶ
443 799 821 871 ἀναρίθμητος
847 797 1060 868 πληθὺς
1087 797 1195 850 τῶν
1217 798 1278 864 ἐξ
1307 796 1520 862 Ἰακὼϐ,
1549 798 1636 867 ἐφ’
1725 799 1822 852 καὶ

223 894 532 962 ἐδοξάζετο,
564 893 656 948 καὶ
691 893 910 964 φρονεῖν
935 891 1212 963 ἐπεχείρει
1238 891 1402 960 μέγα.
1432 889 1593 944 Ἀλλὰ
1631 891 1726 944 καὶ
1754 891 1824 945 τὰ

225 986 392 1038 πίονα
417 984 517 1055 τῆς
562 982 723 1052 δόξης
755 980 924 1036 αὐτοῦ
966 980 1343 1054 σεισθήσεταιο
1382 981 1528 1036 τοῦτ’
1559 982 1698 1045 ἐστι,
1727 982 1824 1037 καὶ

225 1077 363 1151 παρ’
383 1078 570 1140 αὐτοῖς
592 1075 841 1146 βασιλεία
873 1073 1350 1145 κατενεχθήσεται.
1370 1073 1689 1145 Γέγραπται
1715 1073 1824 1146 γὰρ

227 1172 291 1223 ὲν
311 1172 380 1240 τῇ
406 1169 644 1241 τετάρτῃ
665 1167 774 1221 τῶν
802 1166 1123 1232 Βασιλειῶν,
1144 1167 1226 1220 ὃτι
1251 1165 1636 1229 Βασιλεύοντος
1667 1166 1825 1234 Ὠσηὲ

236 1261 363 1316 υἱοῦ
397 1261 530 1318 me
583 1262 643 1314 ὲν
685 1263 752 1332 τῇ
803 1260 1124 1331 Σαμαρειᾳ,
1169 1256 1344 1311 ἐλθὼν
1393 1261 1422 1312 ὁ
1462 1258 1826 1329 Σαλμανασὰρ

230 1359 642 1430 πεπηλιὸρκηκε
677 1356 778 1428 τὴν
809 1356 1130 1428 Σαμάρειαν
1159 1357 1246 1426 ἐφ’
1281 1355 1423 1419 ὅλοις
1449 1355 1594 1409 ἔτεσι
1625 1357 1825 1428 τρισὶν,

229 1448 346 1506 εἷλέ
396 1468 457 1504 τε
501 1451 674 1520 αὐτὴν
718 1449 816 1505 καὶ
842 1449 935 1502 τὸν
968 1449 1128 1519 Ὠσηὲ
1164 1447 1486 1520 μετῴκησεν
1533 1451 1612 1512 είς
1654 1448 1830 1502 Βαϐυ-

231 1545 404 1598 λῶνα.
441 1543 608 1597 Πίονα
657 1542 840 1596 τοίνυν
871 1544 972 1612 τῆς
1003 1539 1164 1612 δόξης
1204 1540 1403 1596 Ἰακὼϐ
1440 1539 1682 1612 νοηθεῐεν
1710 1539 1777 1594 ἂν
1802 1541 1832 1595 ὁ

231 1636 297 1690 ὲν
329 1639 398 1706 τῇ
431 1633 716 1706 Σαμαρείᾳ
748 1633 871 1687 κατ’
899 1633 1078 1688 ἐκεῖνο
1105 1632 1304 1705 καιροῦ
1339 1631 1764 1703 βεϐασιλευκὼς,
1796 1630 1830 1702 ἢ

231 1731 381 1800 τάχα
425 1745 529 1783 που
561 1729 612 1780 oi
663 1725 810 1780 κατὰ
857 1725 1041 1780 πᾶσαν
1076 1723 1178 1795 τὴν
1221 1723 1406 1796 χώραν
1447 1722 1693 1794 λαμπροὶ
1737 1723 1833 1777 καὶ

1923 618 2089 672 stium
2136 618 2455 672 absumetur
2481 616 2672 687 gladiis
2721 615 2974 686 frequens
3007 629 3062 672 et
3093 617 3504 672 innumerabilis

1924 707 2216 762 multitudo
2277 719 2528 776 nepotum
2575 706 2765 774 Jacob,
2805 709 2872 764 de
2908 723 3014 779 qua
3065 709 3420 778 gloriabatur,
3450 719 3506 764 et

1926 799 2093 854 altum
2133 800 2397 870 sapiebat.
2428 801 2534 856 Sed
2565 813 2620 855 et
2652 802 2978 872 prmpinguia
3022 803 3207 874 glorite
3240 806 3357 874 ejus
3378 819 3507 857 con-

1922 893 2350 963 quassabuutur,
2385 894 2436 947 id
2476 905 2582 956 est,
2616 909 2838 962 regnum
2891 908 3080 947 eorum
3111 906 3503 962 prosternetur.

1925 984 2196 1054 Scriptum
2231 998 2316 1041 est
2353 985 2498 1040 enim
2533 985 2670 1041 libro
2701 996 2896 1055 quarto
2951 986 3354 1062 Regnorum",
3402 988 3508 1045 lle-

1923 1089 2122 1148 gnante
2171 1080 2307 1136 Osca
2362 1079 2472 1135 lilio
2539 1079 2646 1134 Elte
2702 1081 2754 1134 in
2796 1078 3067 1144 Samaria,
3125 1081 3505 1138 adventantem

1927 1171 2366 1229 Salmanasarmu
2433 1174 2706 1228 civitatem
2763 1174 3043 1229 obsidione
3092 1173 3330 1229 cinxisse
3376 1191 3509 1230 con-

1929 1265 2108 1321 tinuos
2149 1277 2258 1320 tres
2291 1281 2482 1332 annos,
2532 1266 2849 1335 cepisseque
2874 1281 3018 1333 eam,
3046 1277 3100 1320 et
3122 1267 3312 1322 Oseatu
3339 1267 3510 1338 Baby-

1931 1358 2107 1414 lonem
2167 1359 2526 1413 transtulisse.
2596 1358 2817 1428 Pinguia
2873 1359 3036 1427 igitur
3100 1359 3286 1429 gloria:
3346 1359 3512 1418 Jacob

1932 1449 2156 1520 intelligi
2187 1457 2435 1518 possunt,
2467 1449 2513 1504 is
2541 1449 2633 1519 qui
2683 1450 2736 1503 in
2765 1449 3015 1504 Samaria
3049 1451 3271 1506 circiter
3294 1452 3346 1505 id
3370 1460 3511 1506 tem-

1931 1544 2083 1614 poris
2139 1544 2405 1613 regnavit,
2432 1552 2488 1597 et
2532 1541 2780 1598 fortassis
2809 1544 3054 1600 homines
3083 1559 3179 1613 per
3224 1554 3390 1599 lotam
3424 1561 3513 1599 re-

1933 1633 2146 1704 gionem
2180 1625 2494 1703 splendidi,
2559 1640 2616 1685 et
2685 1631 2910 1701 reliquis
2990 1632 3311 1703 insigniores
3374 1633 3514 1688 divi-

1933 1725 2026 1780 tiis
2089 1735 2144 1780 et
2201 1723 2464 1794 porentia,
2526 1722 2757 1778 aliorum
2819 1738 3128 1778 mensuram
3186 1725 3514 1782 excedentes

235 1821 633 1892 ἑπισημότεροι
671 1818 778 1873 τῶν
805 1817 1006 1880 ἄλλων,
1040 1815 1258 1885 πλούτῳ
1303 1831 1364 1868 τε.
1411 1814 1506 1868 καὶ
1545 1813 1835 1885 δυναστείᾳ

1947 1817 2164 1882 deliciis,
2231 1829 2286 1870 et
2347 1831 2462 1886 pra:
2523 1814 2736 1870 caneris
2802 1815 2901 1870 sibi
2959 1815 3230 1886 placentes
3291 1817 3513 1872 ltouori-

234 1915 303 1967 τὸ
341 1911 454 1965 τῶν
482 1913 683 1983 ἑτέρων
722 1907 1176 1972 πλεονεκτοῦντες
1209 1906 1429 1980 μέτρον,
1473 1907 1568 1960 καὶ
1607 1905 1834 1976 ἀσρυνό-
1862 1893 1908 1952 Β
1938 1911 2058 1964 bus.

243 2026 400 2079 μενοι
427 2009 548 2068 ταῖς
573 2006 808 2078 τρυφαῖς
833 2004 927 2057 καὶ
961 2006 1082 2066 ταῖς
1109 2000 1262 2072 παρὰ
1289 1999 1506 2054 πάντων
1536 2000 1748 2068 τιμαῖς.

317 2101 425 2156 Kal
453 2099 623 2153 ἔσται
649 2097 724 2151 ὃν
748 2097 974 2166 τρόπον
1007 2093 1116 2148 ἐάν
1140 2110 1231 2159 τις
1258 2090 1576 2161 συναγάγῃ
1603 2087 1836 2158 ἀρητὸν

239 2193 565 2261 ἑστηκότα,
621 2189 722 2244 καὶ
774 2186 1021 2257 σπέρμα
1070 2184 1400 2253 ἀσταχύων
1449 2180 1677 2251 ἀρήσῃ·
1736 2178 1838 2233 καὶ

237 2286 421 2341 ἔσται
457 2282 530 2336 ὃν
556 2283 778 2349 τρόπον
821 2278 932 2333 ἐάν
959 2295 1050 2345 τις
1086 2275 1403 2346 συναγάγῃ
1439 2273 1722 2343 ἆσταχυν
1767 2271 1838 2325 ἐν

242 2373 509 2445 φάραγγι
555 2369 793 2439 στερεᾷ.
843 2371 950 2425 Kal
994 2364 1365 2436 καταλειφθῇ
1412 2365 1482 2418 ἐν
1529 2362 1686 2432 αὐτῇ
1738 2379 1840 2416 κα-

241 2467 436 2536 ⁸Ιάμη,
466 2464 505 2532 ἢ
533 2465 616 2530 ὡς
639 2462 830 2532 ρὠες
848 2461 1058 2526 ἐλαίας
1104 2459 1214 2514 δύο
1254 2458 1292 2527 ἢ
1326 2455 1504 2525 τρεῖς,
1535 2454 1628 2509 ἐπ’
1652 2455 1840 2521 ἄκρου

238 2558 568 2630 μετεώρου,
601 2556 638 2624 ἢ
685 2553 985 2621 τέσσαρες
1018 2549 1054 2618 ἢ
1094 2550 1294 2614 πέντε,
1326 2547 1426 2601 ἐπὶ
1462 2545 1582 2601 τῶν
1603 2543 1843 2600 κλάδων

244 2650 444 2720 αὐτῆς
487 2644 880 2715 καταλειφθῇ.

324 2744 447 2798 Ὅτι
470 2741 565 2794 καὶ
602 2737 836 2808 ἑτοίμως
871 2734 966 2788 καὶ
995 2731 1249 2802 ἀνιδρωτὶ
1269 2730 1617 2800 περιέσονται
1645 2725 1756 2780 τῶν
1785 2726 1844 2778 ἐν

247 2833 540 2907 Σαμαρείᾳ
599 2825 966 2897 πολεμοῦντες
1010 2822 1306 2894 ’Δσσὺριοι,
1351 2822 1443 2874 καὶ
1489 2819 1627 2892 πρὸς
1669 2817 1846 2887 τούτῳ

248 2927 441 2988 πάλιν,
459 2926 541 2978 ὅτι
564 2922 640 2994 μὴ
659 2921 798 2992 πρδς
818 2920 963 2973 ἅπαν
991 2916 1086 2970 καὶ
1107 2912 1372 2976 ὁλοτελῶς
1399 2913 1681 2982 οἰχήσεται
1710 2911 1846 2979 πρὸς

249 3018 556 3080 ἀπώλειαν,
590 3014 704 3068 ἀλλ’
729 3012 884 3066 ἔσται
911 3027 968 3063 τι
999 3007 1095 3062 καὶ
1121 3004 1476 3075 κατάλειμμα
1506 3002 1703 3074 βραχὺ,
1730 3001 1847 3055 δια-

252 3111 579 3184 μμὴπκεν
608 3104 856 3176 ἑναργῶς
908 3103 968 3154 ὲν
997 3097 1209 3162 τούτοις
1256 3098 1392 3167 ἡμῖν
1435 3095 1466 3148 ὁ
1510 3090 1848 3166 προφητικδς

249 3205 436 3273 λόγος.
468 3201 532 3255 0i
579 3197 679 3269 μὲν
722 3196 832 3266 γὰρ
859 3193 959 3265 τὴν
1006 3190 1103 3244 τοῦ
1165 3187 1404 3261 θερίζειν
1453 3185 1552 3249 τὰς
1606 3184 1849 3255 ἀστάχυς

251 3292 556 3365 ἐμπειρίαν
584 3290 819 3359 ἔχοντες,
874 3283 1266 3354 ἀποκείροντες
1295 3277 1567 3348 εὐτέχνως
1611 3275 1706 3365 τὸν
1749 3275 1848 3347 μὲν

253 3364 411 3440 siem:
439 3381 809 3449 συλλέγουσιν*
851 3375 940 3431 ἀεὶ
970 3375 1030 3428 δὲ
1055 3372 1288 3428 κατόπιν
1328 3368 1528 3431 ἐῶντες
1567 3365 1646 3431 ὡς
1673 3364 1851 3437 ἄχρη-

257 3493 389 3530 στον
421 3474 519 3546 τὴν
550 3470 804 3540 καλάμην
844 3467 966 3521 ὅλον
1029 3462 1382 3534 ἐπιτρέχουσι
1433 3459 1545 3514 τῶν
1585 3457 1755 3530 ληῒων
1792 3456 1854 3510 τὺ

256 3567 491 3627 πλάτος.
510 3563 573 3618 0i
595 3561 656 3615 δέ
676 3577 740 3630 γε
762 3559 972 3631 τρυγᾷν
987 3555 1237 3619 εἰωθότες
1256 3553 1348 3606 τὸν
1366 3550 1477 3605 τῶν
1499 3550 1696 3606 ἐλαιῶν
1716 3565 1852 3620 καρ-

262 3658 393 3720 πὸν,
429 3653 589 3708 τοῦτο
624 3653 723 3723 μὲν
775 3649 959 3723 ῥάϐδῳ
1008 3647 1406 3702 καταπαίουσιν
1450 3643 1642 3709 αὐτὰς,
1695 3640 1855 3696 τοῦτο

255 3749 321 3803 δὲ
352 3749 447 3804 καὶ
477 3745 665 3818 χερσὶν
694 3740 1050 3812 ὲπαφώμενοι
1080 3739 1174 3795 καὶ
1226 3737 1336 3791 τῶν
1383 3737 1641 3807 ὀρπήκων
1672 3735 1853 3806 ἀρπά-

255 3842 452 3908 ζοντες
504 3835 942 3907 συναγείρουσιν·
991 3832 1108 3887 ἀλλ’
1139 3830 1286 3894 εἰκὸς
1337 3828 1634 3900 ἀπομένειν
1664 3829 1856 3890 αὑταῖς

254 3935 418 4003 τρεῖς
451 3930 484 4002 ἢ
519 3928 813 4000 τέσσαρας,
853 3926 887 3996 ἢ
921 3925 1082 3979 πέντε
1106 3922 1268 3994 τυχὸν
1304 3923 1390 3976 ἔπ’
1416 3922 1570 3992 ἄκρῳ
1585 3920 1697 3974 τῶν
1725 3919 1858 3973 κλάο

254 4025 394 4088 δων,
427 4023 524 4077 καὶ
559 4022 688 4084 τοὺς
711 4019 824 4074 τῶν
859 4016 1190 4090 τρυγώντων
1221 4013 1496 4068 διαλαθεῖν
1519 4010 1853 4083 ὀφθαλμούς.

256 4118 527 4174 Τοιοῦτόν
572 4133 630 4170 τι
684 4110 1060 4184 συμσήσεσθαί
1101 4125 1236 4181 φησι
1281 4112 1392 4173 τοῖς
1445 4109 1505 4162 ὲν
1552 4107 1856 4179 Σαμαρείᾳ·

259 4209 559 4265 πείσεσθαι
588 4208 698 4280 γὰρ
720 4205 920 4268 αὐτοὺς
949 4199 1341 4273 διισχυρίζεται
1393 4199 1533 4254 καθά
1561 4199 1654 4252 καὶ
1674 4199 1703 4250 ὁ
1726 4198 1859 4252 στά-

257 4321 391 4376 χυς,
431 4303 520 4355 ὅτε
557 4303 680 4363 ταῖς
710 4298 816 4352 τῶν
847 4295 1114 4368 ἁμώντων
1139 4291 1460 4364 περιπίπτει
1501 4290 1709 4362 χερσίν·
1761 4306 1863 4343 κα-

259 4394 736 4465 ταλειφθήσεσθαι
766 4391 824 4444 δὲ
871 4391 1060 4460 ὥσπερ
1092 4389 1151 4440 ἐν
1202 4387 1338 4456 αὐτῇ
1387 4384 1662 4454 καλάμην,
1714 4381 1860 4435 τοῦτ’

262 4491 450 4552 ἐστιν,
475 4488 689 4555 ὀλίγους
745 4484 856 4538 τῶν
913 4479 1297 4552 ἀσημοτέρων,
1351 4477 1384 4548 ἦ
1440 4478 1534 4530 καί⁵
1567 4475 1642 4538 ὡς
1678 4473 1862 4546 ῥῶγας

2012 2077 2176 2133 Vens.
2209 2079 2263 2144 5,
2289 2079 2342 2133 6.
2389 2079 2452 2133 Et
2483 2081 2578 2133 erit
2622 2081 2835 2148 perinde
2890 2098 2954 2134 ac
2996 2083 3043 2136 si
3089 2083 3205 2152 quis
3241 2095 3512 2153 congreget

1938 2187 2158 2224 messem
2188 2181 2431 2235 stantem,
2465 2183 2511 2224 et
2547 2187 2718 2224 semen
2747 2172 3011 2239 spicarum
3043 2184 3220 2226 motat.
3246 2169 3312 2225 Et
3337 2189 3518 2243 quem-

1949 2264 2232 2317 admodum
2290 2265 2334 2318 si
2391 2264 2510 2334 quis
2571 2280 2836 2335 congregat
2869 2267 3067 2335 spicam
3101 2266 3154 2320 in
3195 2266 3328 2321 valle
3353 2267 3513 2322 dura.

1940 2367 1987 2409 et
2035 2355 2218 2410 relicta
2248 2355 2404 2425 fuerit
2428 2359 2482 2410 in
2521 2373 2582 2410 ea
2610 2359 2801 2424 stipam
2827 2374 2845 2423 ;
2875 2357 2953 2412 vel
2983 2359 3116 2412 sicut
3164 2375 3329 2429 grana
3369 2361 3516 2416 olim

1942 2447 2047 2500 duo
2080 2456 2172 2500 aut
2210 2450 2312 2500 tria
2357 2449 2412 2502 in
2445 2450 2774 2502 extremitate
2804 2450 3040 2513 sublimi,
3079 2451 3154 2504 vel
3173 2463 3420 2522 quatuor,
3444 2453 3521 2505 uel

1941 2539 2166 2606 quinque
2199 2540 2249 2590 in
2275 2540 2432 2590 ramis
2455 2538 2566 2606 ejus
2593 2537 2974 2607 relinquuntur.

2018 2719 2169 2787 Quod
2214 2730 2268 2772 et
2303 2719 2459 2772 facile
2494 2729 2548 2771 et
2591 2719 2710 2772 sine
2734 2719 2930 2773 sudore
2959 2719 3149 2774 victuri
3196 2731 3378 2776 essent
3426 2721 3525 2775 Sa-

1948 2812 2248 2868 maritanus
2278 2809 2487 2880 Assyrii
2517 2808 2796 2874 bellantes,
2837 2819 2890 2863 et
2916 2812 2983 2864 ad
3009 2810 3124 2865 haec
3155 2825 3359 2877 rursus,
3383 2810 3526 2880 quod

1948 2921 2054 2960 non
2084 2905 2139 2958 in
2165 2912 2337 2959 totum
2383 2918 2448 2957 ac
2471 2919 2694 2972 prorsus
2722 2902 2789 2955 ad
2828 2902 3106 2957 interitum
3144 2911 3382 2969 ruerent,
3427 2908 3524 2960 sed

1952 2997 2188 3051 futurum
2222 3003 2369 3050 esset
2419 2995 2690 3049 residuum
2738 2993 3012 3063 pusillum.
3046 2993 3325 3049 denotavit
3353 2996 3530 3050 mani-

1953 3088 2088 3142 feste
2134 3086 2290 3142 nobis
2339 3086 2489 3140 biscc
2534 3086 2715 3140 verbis
2747 3099 2929 3140 sermo
2977 3085 3344 3154 propheticus.
3393 3084 3526 3140 Nam

1954 3175 2045 3245 qui
2081 3174 2314 3229 metendi
2343 3174 2518 3244 spicas
2561 3175 2760 3228 habent
2804 3174 3072 3244 peritiam,
3114 3175 3404 3232 artiﬁciose
3435 3177 3532 3232 de-

1954 3281 2190 3321 ntcssum
2248 3265 2575 3319 frumentum
2615 3263 2890 3333 eulliguut,
2935 3279 3150 3334 semper
3190 3277 3368 3320 autem
3413 3278 3535 3338 post

1961 3372 2020 3413 se
2062 3356 2338 3426 stipulam,
2390 3355 2537 3410 velut
2594 3357 2858 3421 inutilem,
2913 3356 3302 3428 relinquentes.
3363 3368 3531 3414 totam

1953 3458 2193 3520 segetum
2225 3449 2563 3503 latitudinem
2605 3461 2946 3519 percurrunt.
2990 3449 3056 3503 Et
3081 3451 3173 3520 qui
3206 3452 3534 3507 viudemiare

1955 3541 2129 3594 solent
2176 3538 2418 3593 olearum
2469 3539 2726 3602 fructum,
2773 3540 2967 3608 partim
3008 3539 3224 3609 quidem
3251 3541 3415 3614 266
3439 3557 3534 3597 eos

1956 3630 2151 3686 baculo
2194 3631 2496 3693 decutiunt,
2541 3631 2736 3700 partim
2781 3629 2944 3684 etiam
2978 3640 3033 3685 et
3073 3634 3322 3689 manibus
3361 3635 3532 3689 attin-

1956 3731 2113 3792 gunt,
2141 3729 2196 3775 et
2228 3722 2390 3775 ramis
2417 3723 2699 3792 praereptis
2730 3733 3058 3792 congregant
3079 3741 3092 3776 :
3112 3732 3166 3777 at
3191 3734 3299 3780 tres
3325 3726 3376 3780 lu
3407 3727 3532 3794 illis,

1959 3813 2040 3868 vel
2072 3823 2324 3883 quatuor,
2377 3813 2461 3868 vel
2492 3812 2630 3868 forte
2654 3815 2890 3883 quinque
2919 3818 2969 3870 iu
2997 3815 3224 3872 summis
3258 3816 3536 3876 frondibus

1959 3918 2242 3960 remanere
2282 3903 2572 3959 verisimile
2609 3915 2712 3970 est,
2780 3914 2836 3960 et
2871 3906 3312 3963 viudemiantium
3352 3912 3537 3967 oculos

1958 3996 2147 4052 latere.
2184 3995 2314 4051 Tale
2340 3997 2594 4064 quiddam
2625 4009 2680 4051 et
2713 3998 3071 4053 Samaritauis
3118 4013 3219 4056 usu
3251 4012 3537 4056 venturum

1959 4088 2066 4143 ait:
2097 4097 2417 4144 eventurum
2454 4089 2597 4142 enim
2641 4089 2744 4144 illis
2777 4089 3205 4154 allirmal,sicuti
3236 4109 3356 4148 cum
3390 4097 3537 4166 spica

1961 4179 2016 4234 in
2052 4180 2365 4235 metentium
2403 4195 2594 4234 manus
2621 4181 2846 4236 incidit:
2899 4183 3142 4238 relictum
3175 4194 3352 4240 autem
3382 4187 3448 4241 iri
3487 4194 3539 4242 tu

1961 4285 2026 4326 ea
2061 4269 2207 4325 velut
2243 4269 2522 4340 stipulam,
2550 4270 2600 4324 id
2655 4283 2757 4336 est,
2797 4287 2998 4341 paucos
3049 4275 3417 4343 ignobiliores,
3459 4280 3540 4334 vel

1960 4360 2122 4415 etiam
2171 4375 2337 4430 grana
2377 4359 2508 4414 olea:
2549 4362 2655 4415 duo
2702 4373 2793 4415 aut
2842 4364 2941 4417 tria
2992 4379 3111 4433 quae
3151 4369 3540 4421 racemautium

1963 4453 2176 4508 oculum
2224 4454 2471 4521 fugiunt,
2509 4465 2790 4524 propterea
2835 4458 2976 4525 quod
3031 4458 3086 4512 in
3127 4459 3352 4514 summis
3380 4461 3544 4516 ramis

266 4544 468 4644 ἐλαίας
494 4544 589 4633 δύο
726 4579 878 4649 τρεῖς
929 4544 1178 4628 τὸν-τῶν-
1210 4544 1540 4641 τρυγώντων
1590 4544 1860 4627 λαθούσας
1894 4574 1936 4629 ι)
1964 4544 2325 4600 “animum

261 4672 581 4741 ὀφθαλμὸν,
633 4669 808 4724 διὰτοι
863 4667 926 4719 τὸ
974 4666 1034 4718 ἐν
1079 4665 1192 4727 τοῖς
1242 4660 1503 4716 ἀνωτάτω
1557 4656 1862 4727 κεκρύφθαι

264 4764 516 4827 κλάδοις.

353 4856 503 4910 Τάδε
529 4855 690 4924 λέγει
724 4853 939 4920 Κύριος
991 4852 1024 4904 ὁ
1064 4847 1208 4914 Θεὸς
1266 4843 1533 4914 Ἰσραήλ·
1571 4841 1650 4910 Τῇ
1676 4841 1862 4911 ήμέρᾳ

262 4949 481 5015 ἐκείνῃ
535 4943 836 5010 πεποιθὼς
897 4943 1069 4996 ἔσται
1153 4941 1186 4991 ό
1253 4936 1564 5002 ἅνθρωπος
1621 4931 1718 4984 ἐπὶ
1783 4928 1864 4994 τῷ

265 5041 601 5108 ποιήσαντι
627 5037 836 5101 αὑτὸν,
871 5038 926 5089 οί
964 5034 1032 5087 δὲ
1078 5029 1372 5101 ὀφθαλμοὶ
1402 5025 1590 5081 αὐτοῦ
1629 5023 1726 5078 ἐπὶ
1755 5021 1862 5076 τὸν

263 5136 454 5205 ἅγιον
491 5130 600 5187 τοῦ
641 5127 890 5198 Ἰσραὴλ
946 5124 1367 5196 ἐμϐλέψονται·
1409 5119 1508 5172 καὶ
1541 5119 1612 5172 οὐ
1637 5116 1723 5186 μὴ
1761 5126 1863 5167 πε-

263 5225 554 5290 ποιθότες
575 5218 732 5277 ὦσιν
764 5219 863 5276 ἐπί
894 5217 1021 5283 τοῖς
1041 5214 1289 5283 βωμοῖς,
1321 5210 1464 5265 οὐδὲ
1488 5209 1586 5263 ἐπὶ
1616 5207 1738 5273 τοῖς
1767 5206 1863 5273 ἔρ-

265 5333 406 5386 τοις
430 5313 548 5368 τῶν
570 5311 786 5383 χειρῶν
816 5306 1036 5369 αὐτῶν,
1069 5305 1107 5360 ἃ
1153 5304 1452 5368 ἐποίησαν
1483 5303 1535 5353 oi
1576 5298 1866 5352 δάκτυλοι

2030 4829 2194 4886 Vens.
2243 4833 2299 4898 τ,
2341 4831 2395 4886 8.
2426 4833 2555 4888 Hcec
2587 4834 2712 4887 dicit
2745 4831 2997 4886 Dominus
3021 4830 3162 4885 Deus
3195 4831 3368 4886 Israel
3390 4849 3408 4886 :
3449 4831 3548 4886 Dis

1960 4925 2053 4978 illo
2077 4926 2296 4993 conﬁdet
2328 4927 2481 4980 homo
2509 4929 2554 4980 ei
2582 4930 2670 4994 qui
2695 4925 2817 4994 fecit
2853 4941 2991 4980 eum.
3031 4922 3184 4979 Oculi
3204 4925 3317 4995 ejus
3347 4926 3401 4979 in
3427 4943 3550 4980 san-

1969 5028 2108 5072 ctum
2142 5016 2356 5071 lsruelis
2378 5019 2735 5084 intuebuntur,
2770 5029 2817 5072 et
2847 5034 2949 5072 non
2978 5018 3239 5087 conﬁdent
3269 5017 3549 5083 altaribus,

1971 5126 2076 5163 non
2119 5109 2358 5178 aperibus
2395 5126 2645 5163 manuum
2684 5125 2925 5175 suarum,
2955 5125 3075 5180 qua:
3117 5108 3348 5179 fecerunt
3398 5108 3551 5179 digiti

1969 5218 2173 5269 eorum,
2209 5204 2300 5256 sed
2330 5201 2491 5270 ﬁdem
2540 5212 2720 5256 sancto
2777 5201 3016 5266 lsraelis,
3049 5211 3098 5256 et
3130 5218 3232 5256 non
3271 5201 3552 5275 respicient

1974 5297 2188 5349 arbores
2211 5312 2358 5359 suas,
2398 5311 2560 5363 neque
2584 5295 2996 5349 abominatioues
3024 5311 3170 5348 suas.

265 5383 497 5472 αὐτῶν,
521 5405 656 5460 ἀλλ’
679 5391 924 5458 ἔσονται
945 5399 1295 5462 πεποιθότες
1319 5396 1413 5448 ἐπὶ
1439 5394 1543 5450 τὸν
1557 5393 1731 5464 ἅγιον
1750 5391 1857 5446 τοῦ
1908 5389 2176 5459 Ἰσραήλ.
2234 5390 2342 5445 Kal
2401 5393 2512 5446 οὐκ
2547 5389 2799 5458 ὄψονται
2820 5390 2892 5444 τὰ
2932 5388 3152 5458 δένδρα
3169 5386 3387 5449 αὐτῶν,
3411 5383 3554 5440 οὐδὲ

270 5498 350 5554 τὰ
376 5498 767 5566 ,βδελύγματα
800 5494 1019 5548 αὐτῶν.

361 5595 425 5644 '0
461 5591 775 5661 σοφώτατος
817 5589 1050 5651 Παῦλος,
1109 5588 1207 5641 οὐκ
1259 5586 1517 5655 ἀνόνητον
1545 5583 1722 5648 εἰδὼς,
1753 5584 1874 5638 οὐδὲ

270 5687 490 5740 εἰκαῖον
523 5685 584 5736 τὸ
599 5685 808 5755 χρῆμα,
843 5683 904 5735 τὸ
932 5680 1284 5734 παιδεύεσθαι
1323 5677 1475 5749 παρὰ
1517 5680 1628 5741 τοῖς
1667 5677 1734 5730 δι’
1763 5677 1863 5730 αὑ-

355 5839 403 5869 “
440 5837 504 5891 IV
535 5836 664 5905 Reg.
694 5853 824 5901 xm,
868 5835 918 5888 5.

612 5936 884 5994 ΡΔτιιοι.
931 5932 1050 5995 ΟΒ.
1104 5930 1296 5993 LXX.

2053 5587 2498 5658 Sapientissimus
2534 5587 2728 5643 Paulus
2761 5603 2884 5643 cum
2919 5587 3150 5648 videret,
3179 5597 3354 5650 neque
3393 5577 3556 5632 inuti-

1975 5676 2099 5742 lem.
2133 5693 2304 5748 neque
2350 5696 2542 5735 vanam
2579 5696 2699 5736 esse
2753 5697 2867 5735 rem
2921 5679 3345 5733 uterudireutur
3389 5686 3418 5724 a
3449 5672 3556 5724 Deo

3167 5919 3237 5982 14
