4840 6500
1037 375 1140 432 42⁵1
2022 377 2082 433 S.
2121 377 2394 434 CYRILLI
2434 376 2904 435 ALEXANDRINI
2940 379 3263 436 ARCI‘IIEP.
4185 389 4283 443 ιες

1038 496 1089 548 bi
1149 493 1238 563 qui
1274 491 1340 546 ab
1366 491 1482 560 ipso
1515 491 1579 544 ad
1623 493 1946 560 agnitionem
1991 493 2234 548 veritatis
2260 496 2432 548 vocati
2465 507 2609 553 sunt.
2642 502 2684 558 Α
2714 495 2806 548 τὸν
2837 496 2949 550 κεκί

2370 496 2432 548 ati
2465 507 2609 553 sunt.
2642 502 2684 558 Α
2714 495 2806 548 τὸν
2837 496 3194 567 κεκλημένοις
3223 500 3305 562 εἰς
3339 499 3636 569 ἐπίγνωσιν
3671 502 3951 573 ἀληθείας.
3981 504 4281 557 ἐπιστέλλει

1035 583 1222 636 scribit
1272 582 1355 636 his
1407 580 1622 635 verbis:
1663 600 1680 632 ι
1709 581 1764 636 Si
1806 583 2160 638 eruditionem
2195 588 2493 650 sustinetis,
2553 596 2611 639 ut
2711 587 2805 639 καί
2830 603 2942 657 φησ

2371 588 2493 650 etis,
2553 596 2611 639 tit
2711 587 2805 639 καί
2830 603 3018 657 φησιν⁹
3055 605 3073 638 ι
3104 589 3166 641 Εἰ
3195 590 3445 644 παιδείαν
3484 592 3805 662 ὑπομένετε,
3850 593 3927 655 ὼς
3975 594 4113 656 υἱοῖς
4164 595 4282 664 ὑμῖν

1039 674 1163 726 ﬁliis
1203 672 1356 726 vobis
1408 686 1466 726 se
1513 669 1662 724 offert
1707 673 1844 726 Deus
1888 689 1901 725 :
1951 673 2070 741 quis
2125 674 2265 726 enim
2321 684 2402 727 est
2450 673 2607 738 tilius,

1032 778 1189 831 quem
1241 776 1344 815 non
1401 763 1577 816 erudit
1625 764 1878 832 pater"?
1910 783 1928 816 ι
1993 765 2226 834 Appouit
2273 775 2324 819 et
2386 766 2474 819 illa
2540 781 2607 820 ex

1034 853 1317 920 Sc’riptura
1374 855 1633 909 divinitus
1665 855 1920 924 inspirata
1947 872 1961 920 ;
2011 857 2174 910 infert
2204 858 2346 910 enim
2382 857 2563 910 statim
2590 872 2605 910 :

1037 963 1054 994 ι
1091 944 1211 1006 Fili,
1258 960 1324 1000 ne
1373 956 1688 1000 contemnas
1737 947 2091 1001 eruditionem
2142 947 2384 1013 Domini;
2437 963 2609 1019 neque

1028 1036 1250 1092 delicias
1289 1037 1356 1092 ab
1405 1037 1495 1091 illo
1525 1049 1824 1108 correptus.
1852 1039 2021 1106 Quem
2065 1041 2206 1094 enim
2231 1049 2380 1094 amat
2416 1041 2602 1096 Domi-

1030 1144 1153 1191 nus,
1199 1129 1465 1200 castigat:
1498 1128 1730 1200 ﬂagellat
1777 1142 1955 1183 autem
2003 1146 2220 1184 omnem
2250 1131 2416 1185 lilium
2446 1147 2604 1201 quem

1027 1219 1248 1289 suscipit
1269 1219 1366 1274 ³⁸.»
1403 1219 1693 1274 Cumeuim
1719 1221 1886 1274 bonus
1908 1221 1979 1274 sit
2000 1221 2370 1275 universorum
2403 1223 2601 1290 0pil'ex,

1033 1331 1050 1362 ι
1087 1325 1274 1364 omnes
1315 1308 1426 1363 vult
1453 1309 1631 1364 salvos
1664 1325 1803 1375 esse,
1831 1321 1883 1364 et
1917 1312 1968 1363 iu
1997 1311 2323 1380 agnitionem
2356 1313 2604 1368 veritatis

1031 1403 1217 1457 venire
1235 1402 1298 1456 ”.
1340 1420 1357 1452 ι
1403 1401 1540 1455 Hinc
1568 1402 1732 1471 igitur
1763 1403 1971 1458 monuit
2004 1417 2145 1474 saepe
2182 1418 2280 1473 per
2316 1404 2606 1474 prophetas

1030 1505 1270 1562 sanctos,
1304 1495 1596 1560 lsraclitas,
1627 1497 1859 1551 maxime
1907 1511 2033 1552 vero
2066 1496 2602 1570 llierosolymitanos,

1025 1585 1113 1654 qui
1134 1585 1198 1637 ad
1232 1586 1530 1638 Samariam
1550 1589 2062 1658 commigraverunt.
2100 1587 2163 1642 Hi
2200 1597 2378 1644 autem
2407 1588 2604 1644 intem-

1025 1686 1274 1744 peranter
1297 1677 1362 1730 ad
1393 1676 1444 1730 id
1469 1677 1609 1746 quod
1645 1680 1774 1748 ipsis
1809 1680 2060 1750 placitum
2097 1691 2183 1735 est
2239 1681 2598 1745 declinarunt,

1023 1778 1077 1821 et
1103 1766 1210 1822 Deo
1256 1777 1445 1822 natura
1487 1783 1550 1822 ac
1577 1786 1704 1827 vere
1733 1772 2007 1838 derelicto,
2045 1772 2279 1827 cultores
2307 1773 2600 1826 daemonio-

2709 681 3078 752 προσφέρεται
3126 684 3156 736 ό
3197 682 3350 746 Θεός·
3383 685 3468 746 τίς
3499 685 3609 757 γάρ
3647 687 3794 739 ἐστιν
3817 687 3930 749 υἱὸς
3959 686 4020 740 δν
4061 689 4124 740 οὐ
4168 705 4285 740 παι-

2708 771 2850 824 δεύει
2883 774 3101 842 πατήρ;
3136 793 3154 824 ι
3202 775 3544 847 Παρατίθησι
3593 777 3650 829 δὲ
3680 777 3776 829 καὶ
3802 777 3870 830 τὰ
3917 779 3980 831 ὲκ
4031 779 4134 849 τῆς
4178 778 4286 832 θεο-

2710 862 2977 916 πνεύστου
3003 864 3246 934 Γραφῆςο
3275 865 3528 935 ἒπιφέρει
3550 867 3660 938 γὰρ
3680 867 3860 931 εὐθύς·
3890 867 4043 931 «Υἱὲ,
4078 868 4157 938 μὴ
4184 869 4287 920 ὀλιο

2708 951 2880 1022 γώρει
2934 953 3182 1017 παιδείας
3240 956 3488 1026 Κυρίου,
3549 958 3686 1029 μηδὲ
3730 958 3923 1012 ἐκλύου
3975 960 4070 1012 ὑπ’
4125 959 4284 1012 αὑτοῦ

2707 1043 3083 1114 ἐλεγχόμενος.
3113 1044 3211 1100 Ὃν
3235 1046 3344 1119 γάρ
3364 1049 3558 1120 ἀγαπᾷ
3577 1050 3779 1120 Κύριος
3806 1050 4074 1114 παιδεύει,
4100 1067 4285 1121 μαστι·

2707 1139 2794 1203 γοῖ
2837 1136 2895 1190 δὲ
2942 1138 3118 1192 πάντα
3171 1139 3286 1192 υἱὸν
3335 1140 3396 1192 ὃν
3435 1141 3852 1212 παραδέχεται.)
3913 1142 4134 1214 Ἐπειδὴ
4185 1146 4285 1215 γάρ

2709 1228 2854 1280 ἐστιν
2875 1228 3079 1296 ἀγαθὸς
3107 1231 3135 1282 ό
3163 1229 3274 1282 τῶν
3301 1230 3440 1284 ὅλων
3470 1231 3820 1305 δημιουργὸς,
3846 1235 4086 1299 «πάντας
4121 1235 4284 1289 ἐθέλει

2710 1320 2946 1390 σωθῆναι
2968 1322 3061 1375 καὶ
3081 1323 3161 1385 εἰς
3173 1322 3468 1391 ἐπίγνωσιν
3487 1323 3747 1396 ἀληθείας
3767 1325 3960 1380 ἐλθεῖν.
3973 1346 3992 1380 ι
4019 1327 4283 1400 Ταύτῃτοι

2707 1410 3061 1480 νενουθέτηκε
3119 1412 3439 1477 πλειστάκις
3470 1413 3558 1468 διὰ
3610 1415 3904 1486 προφητῶν
3955 1417 4129 1485 ἀγίων
4166 1418 4285 1481 τοὺς

2705 1500 2766 1567 ἐξ
2795 1502 3030 1572 αἵματος
3067 1504 3305 1576 Ἰσραὴλ,
3328 1506 3563 1576 μάλιστα
3587 1505 3643 1560 δὲ
3660 1507 3785 1571 τοὺς
3802 1507 3863 1572 ἐξ
3895 1488 4281 1580 ’ίεροσολύμων

2707 1596 3218 1666 μεταφοιτήσαντας
3247 1599 3327 1661 εἰς
3366 1599 3701 1669 Σαμάρειαν.
3737 1601 3800 1653 Oi
3849 1600 3906 1654 δὲ
3959 1596 4106 1671 ἦσαν
4137 1602 4284 1671 ἀσχέ-

2702 1704 2810 1750 τως
2843 1686 2937 1740 ὲπὶ
2967 1688 3029 1740 τὸ
3078 1689 3263 1752 αὐτοῖς
3307 1690 3498 1744 δοκοῦν
3537 1692 3981 1759 ἀπονενευκότες,
4036 1695 4134 1746 καὶ
4159 1695 4283 1747 Θεὸν

2705 1778 2941 1846 ἀφέντες
2978 1779 3070 1834 τὸν
3108 1781 3268 1849 φύσει
3287 1782 3381 1835 καὶ
3409 1782 3643 1854 ἀληθῶς,
3671 1783 4003 1854 θεραπευταὶ
4032 1785 4284 1853 γεγόνασι

1025 1875 1143 1913 rum
1199 1860 1544 1924 exstiterunt,
1586 1872 1642 1918 et
1673 1863 1827 1916 idolis
1885 1863 2139 1917 inanimis
2177 1863 2376 1916 cultum
2406 1863 2607 1919 tribue—
2637 1854 2677 1908 Β
2705 1870 2936 1938 δαιμονίι

2372 1883 2376 1915 ι
2406 1863 2607 1919 tribue—
2637 1854 2677 1908 Β
2705 1870 3016 1938 δαιμονίων,
3045 1873 3139 1926 καὶ
3186 1872 3426 1937 εἰδώλοις
3474 1874 3704 1945 ἀψύχοις
3760 1876 4164 1947 προσεκόμιζον
4193 1877 4283 1938 τὰς

1027 1960 1172 2007 runt.
1232 1953 1366 2008 Cum
1422 1969 1554 2007 vero
1577 1962 1726 2006 tanta
1787 1953 2095 2006 laborarent
2139 1952 2492 2023 ignoratione,
2549 1963 2608 2008 ut
2705 1961 2938 2033 λατρεία.

2370 1968 2492 2019 one,
2549 1963 2608 2008 υι
2705 1961 2979 2033 λατρείας.
3013 1963 3238 2034 Ἐπειδὴ
3271 1965 3327 2018 δὲ
3378 1965 3514 2021 πολὺ
3541 1967 3662 2021 λίαν
3706 1969 4132 2040 ἀμαθαίνοντες,
4171 1971 4281 2022 οὔδε

1029 2045 1346 2112 resipiscere
1401 2041 1697 2104 reunerint,
1751 2043 1963 2095 tandem
2003 2041 2140 2095 Deus
2190 2043 2412 2111 punivit.
2461 2042 2605 2109 Quos
2705 2053 2786 2106 ὅτι
2829 2071 2940 2126 προι

2367 2052 2412 2096 ηίι
2461 2042 2605 2109 Quos
2705 2053 2786 2106 ὅτι
2829 2056 3092 2126 προσήκοι
3155 2057 3585 2126 μεταγινώσκειν
3644 2061 3846 2124 αὐτοὺς
3901 2061 4278 2124 ἐϐουλεύοντο,

1022 2136 1162 2188 enim
1223 2150 1328 2187 non
1366 2133 1558 2204 juvant
1582 2135 1766 2200 verba,
1810 2141 1984 2188 mutat
2014 2131 2250 2198 aﬂlictio,
2285 2145 2605 2190 convertens
2704 2144 2887 2199 λοιπὸν
2919 2148 2933 2199 ὲ

2367 2145 2605 2190 tvertens
2704 2144 2887 2199 λοιπὸν
2919 2147 3209 2211 ἐκολάζετο
3237 2149 3386 2213 Θεός.
3419 2150 3526 2214 Οὓς
3557 2151 3665 2223 γὰρ
3713 2153 3814 2207 οὑκ
3850 2153 4070 2225 ὀνίνησι
4097 2154 4278 2221 λόγῳ,

1021 2243 1113 2282 eos
1134 2227 1276 2281 velut
1299 2242 1364 2281 ex
1398 2227 1715 2280 necessitate
1734 2241 1800 2280 ae
1825 2225 1899 2290 vi,
1926 2224 1992 2278 ad
2017 2225 2068 2279 id
2091 2226 2232 2294 quod
2258 2225 2368 2280 Deo
2406 2226 2601 2294 placet.

1022 2317 1209 2372 Simile
1237 2317 1363 2386 quid
1397 2318 1669 2372 invenitur
1697 2317 1887 2370 beatus
1918 2329 2133 2383 quoque
2167 2315 2334 2370 David
2363 2317 2596 2372 dixisse:

1024 2427 1042 2458 ι
1057 2409 1111 2462 lu
1136 2410 1286 2462 freno
1303 2417 1353 2462 et
1376 2423 1529 2462 camo
1551 2405 1795 2461 maxillas
1816 2421 2001 2460 eorum
2024 2407 2460 2477 constringasqui
2479 2422 2602 2476 pro-

1019 2519 1083 2570 pe
1108 2501 1170 2554 ad
1209 2511 1260 2554 te
1285 2515 1389 2554 non
1435 2498 1812 2554 acceduut‘h
1849 2496 1985 2551 Nam
2012 2499 2466 2567 quemadmodum
2507 2499 2598 2568 qui

1019 2593 1191 2660 pullos
1215 2591 1376 2664 267
1398 2591 1626 2645 domare
1643 2590 1838 2654 solent,
1869 2604 2162 2656 earumque
2193 2604 2370 2643 rerum
2405 2590 2596 2658 periti,

1015 2699 1183 2753 equos
1219 2683 1446 2736 feriores
1498 2681 1565 2734 ad
1613 2695 1831 2734 cursum
1874 2680 2209 2733 moderatmn
2261 2677 2432 2732 frenis
2491 2680 2623 2732 cir-'

1014 2782 1307 2844 rumagunt
1351 2791 1364 2827 :
1409 2773 1488 2828 sic
1535 2772 1911 2827 universitatis
1962 2773 2124 2834 Deus,
2174 2773 2493 2825 necessitate
2522 2772 2598 2826 la—

1013 2865 1161 2919 boris
1209 2879 1270 2918 ac
1309 2863 1545 2927 doloris,
1591 2877 1732 2932 sa'pe
1767 2862 1934 2932 agitat
1979 2875 2044 2915 ac
2090 2861 2494 2923 circumﬂectit,
2541 2870 2598 2916 ut

1027 2956 1241 3010 rebellis
1291 2964 1346 3010 et
1402 2954 1620 3008 elIrenis
1673 2963 1822 3008 recte
1882 2953 2065 3007 vivere
2129 2954 2417 3009 desideret.
2468 2953 2597 3008 Tale

1013 3048 1140 3117 quid
1171 3062 1268 3100 usu
1296 3046 1442 3100 venit
1486 3046 1535 3098 in
1571 3045 1815 3099 Samaria
1861 3045 2248 3108 habitantibus,
2298 3046 2386 3113 qui
2447 3053 2592 3113 post-

1022 3154 1182 3207 quam
1213 3137 1336 3192 belli
1362 3136 1701 3190 calamitates
1733 3135 2137 3199 sustinuissent,
2168 3137 2250 3188 vix
2280 3135 2590 3203 punientem

1013 3237 1348 3300 agnoverunt
1367 3238 1422 3282 et
1442 3225 1728 3292 offensum,
1765 3237 1819 3280 et
1845 3225 2120 3294 proﬂigato
2142 3226 2284 3280 cultu
2308 3227 2591 3289 idolorum,

1012 3323 1074 3374 ad
1110 3329 1353 3376 sanctum
1409 3317 1620 3372 lsraelis
1677 3317 1892 3370 oculum
1933 3316 2129 3371 mentis
2179 3318 2590 3382 transtulerunt,

1011 3413 1079 3465 ab
1127 3411 1214 3464 illo
1261 3409 1511 3463 nimirum
1569 3417 1946 3468 exspectantes
1986 3408 2102 3462 fore
2150 3408 2439 3471 auxilium,
2479 3417 2590 3461 eta

1009 3504 1166 3558 malis
1193 3502 1294 3557 sibi
1323 3501 1554 3556 invectis
1598 3501 1992 3554 liberationem.
2038 3497 2154 3554 Non
2200 3501 2364 3566 enim,
2397 3499 2588 3569 inquit,

1011 3592 1601 3657 eontidcntaltaribus,
1644 3607 1742 3644 nec
1791 3590 2045 3660 operibus
2071 3606 2290 3646 suarum
2334 3607 2587 3646 manuum

1011 3699 1130 3753 quae
1157 3684 1400 3739 fecerunt
1423 3683 1573 3753 digiti
1603 3699 1812 3747 eorum,
1845 3693 1894 3738 et
1932 3697 2035 3737 non
2061 3683 2410 3736 intuelmntur
2437 3684 2589 3739 arbo-

1011 3790 1097 3832 res
1133 3792 1280 3840 suas,
1312 3791 1484 3846 neque
1519 3777 1949 3831 abominationes
1976 3793 2123 3830 suas.
2158 3776 2414 3830 Solebant
2444 3778 2586 3833 enim

1008 3869 1268 3923 montium
1321 3869 1550 3922 vertices
1594 3869 1987 3932 conscemlere,
2033 3879 2088 3921 et
2133 3867 2232 3922 sub
2283 3883 2482 3938 quercu
2523 3883 2588 3922 ac

1006 3960 1236 4031 populo,
1277 3959 1433 4015 sicuti
1481 3959 1740 4028 scriptum
1777 3971 1891 4024 est,
1931 3960 2284 4028 procumbere
2333 3961 2586 4028 operibus

1007 4067 1228 4108 suarum
1283 4067 1556 4106 manuum.
1610 4051 1717 4105 Sed
1750 4067 1876 4114 non,
1916 4051 2109 4120 inquit,
2163 4050 2586 4118 respicieutam-

1005 4145 1145 4216 ptius
1192 4145 1340 4206 tunc,
1399 4158 1517 4196 cum
1573 4143 1750 4211 reipsa
1798 4151 1852 4195 et
1898 4143 2264 4210 experimento
2298 4141 2584 4196 didicerint

1007 4251 1120 4289 rem
1151 4249 1272 4288 esse
1306 4235 1513 4288 irritam
1550 4248 1614 4287 ac
1645 4248 1866 4301 prorsus
1895 4232 2282 4302 inl'rugiferam,
2311 4234 2582 4288 omnium-

1000 4342 1102 4398 que
1123 4325 1301 4397 potius
1316 4339 1529 4378 causam
1550 4324 1913 4378 miseriarum.
1935 4323 2085 4378 Hanc
2101 4325 2246 4378 enim
2268 4324 2338 4380 ob
2357 4339 2577 4380 causam

963 4491 967 4496 τ
999 4424 1298 4492 perierunt,
1324 4429 1378 4476 et
1432 4421 1616 4476 traditi
1651 4431 1776 4475 sunt
1809 4420 2059 4474 inimicis.
2096 4419 2576 4476 Consultissiumm

2707 2236 2998 2308 μεθίστησι
3039 2240 3220 2304 πόνος,
3247 2243 3595 2313 περιτρέπων
3616 2246 3812 2308 αὐτοὺς
3842 2245 3918 2310 ὡς
3953 2245 4013 2311 ὲξ
4039 2246 4284 2314 ἀνάγκης

2703 2327 2796 2380 καὶ
2831 2327 2952 2397 βίας
2982 2330 3076 2382 ἐπὶ
3106 2329 3166 2382 τὸ
3189 2331 3426 2403 ἀρέσκον
3455 2334 3595 2405 Θεῷ.
3636 2335 3888 2390 Τοιοῦτόν
3921 2354 3974 2390 τι
3998 2337 4098 2390 καὶ
4126 2340 4156 2391 ὁ
4187 2356 4286 2407 μαι

2699 2421 2894 2489 κάριος
2941 2421 3104 2475 Δαδίδ
3157 2423 3470 2493 εὑρίσκεται
3512 2425 3702 2494 λέγων·
3745 2445 3764 2478 ι
3821 2428 3907 2480 Ἐν
3942 2428 4155 2498 χαλινῷ
4197 2429 4285 2482 καὶ

2703 2511 2866 2582 κημῷ
2894 2512 2992 2576 τὰς
3019 2516 3278 2582 σιαγόνας
3315 2517 3494 2572 αὐτῶν
3528 2517 3743 2588 ἀγξαις,
3778 2522 3884 2575 τῶν
3917 2523 3992 2593 μὴ
4040 2523 4284 2591 ἐγγιζόν-

2699 2621 2805 2655 των
2835 2604 2971 2674 πρὸς
3002 2606 3082 2658 σέ.
3123 2625 3141 2657 ι
3175 2607 3383 2677 Ὄνπερ
3426 2609 3535 2681 γάρ
3567 2611 3767 2682 τρόπον
3811 2614 3862 2664 οἱ
3911 2612 4284 2683 πωλοδαμνεῖν

2699 2694 2970 2760 εἰωθότες,
3011 2697 3106 2751 καὶ
3149 2698 3322 2752 ταῦτα
3377 2703 3556 2770 σοφοὶ,
3609 2705 3998 2775 περιτρέπουσι
4048 2706 4285 2775 χαλινοῖς

2697 2787 2824 2849 τοὺς
2845 2787 2951 2840 τῶν
2985 2789 3167 2843 ἵππων
3201 2793 3570 2866 ἀγριωτέρους
3595 2796 3674 2859 εἰς
3702 2798 4046 2869 ἐπιστήμονα
4060 2799 4280 2870 δρόμον·

2695 2876 2867 2941 οὕτως
2891 2879 2984 2932 καί⁵
3010 2883 3038 2934 ὁ
3066 2881 3173 2934 τῶν
3202 2882 3338 2938 ὅλων
3373 2884 3526 2950 Θεὸς,
3547 2889 3667 2950 ταῖς
3689 2888 3753 2941 ἐκ
3780 2889 3958 2943 πόνων
3985 2890 4280 2959 ἀνάγκαις,

2698 2969 3010 3039 περιίστησι
3059 2971 3378 3039 πλειστάκις
3417 2976 3499 3040 εἰς
3544 2978 3605 3030 τὸ
3649 2979 3867 3032 ἑλέσθαι
3917 2979 4070 3048 βιοῦν
4107 2981 4283 3051 ὀρθῶς

2695 3059 2785 3112 τὸν
2817 3060 3017 3132 ἀπειθῆ
3051 3065 3146 3116 καὶ
3202 3066 3436 3136 ὲξήνιον.
3467 3068 3721 3122 Τοιοῦτόν
3754 3086 3805 3122 τι
3843 3072 4201 3135 πεπονθότες,
4232 3074 4282 3126 ei

2695 3152 2751 3203 ἐν
2777 3154 3065 3226 Σαμαρείᾳ
3107 3159 3518 3229 κατῳκηκότες,
3575 3161 3716 3230 μετὰ
3751 3179 3813 3231 γε
3856 3163 3917 3216 τὸ
3951 3165 4147 3218 παθεῖν
4185 3165 4281 3228 τὰς

2700 3243 2764 3293 ἐκ
2792 3243 2886 3297 τοῦ
2917 3245 3156 3316 πολέμου
3175 3251 3488 3320 συμφορὰς,
3538 3252 3691 3321 μόλις
3718 3253 4039 3323 ἐπέγνωσαν
4065 3256 4157 3310 τὸν
4193 3274 4281 3309 κο-

2700 3331 2931 3396 λάζοντα
2959 3335 3058 3388 καὶ⁷
3095 3336 3488 3410 λελυπημένον⁹
3517 3342 3612 3394 καὶ
3642 3342 4004 3397 ἁπεσείσαντο
4045 3348 4146 3416 μὲν
4184 3346 4280 3409 τάς

2698 3421 2806 3475 τῶν
2831 3423 3065 3480 εἰδώλων
3087 3426 3363 3500 λατρείας,
3384 3431 3682 3500 μετέδαλον
3711 3433 3769 3486 δὲ
3793 3435 3892 3505 τῆς
3920 3435 4168 3508 διανοίας
4191 3437 4278 3490 τὸν

2695 3515 2972 3586 ὀφθαλμὸν
3003 3521 3094 3572 ἐπὶ
3138 3520 3228 3574 τὸν
3259 3521 3413 3590 ἅγιον
3451 3523 3547 3577 τοῦ
3576 3525 3814 3597 Ἰσραὴλ,
3846 3530 3976 3598 παρ’
4007 3528 4178 3582 αὐτοῦ
4222 3529 4277 3583 δὲ

2695 3606 2936 3677 δηλονότι
2959 3611 3370 3682 προσδοκῶντες
3411 3614 3629 3671 ἔσεσθαι
3664 3617 3762 3690 τὴν
3801 3620 4150 3692 ἐπικουρίαν,
4186 3622 4276 3674 καὶ

2695 3699 2804 3753 τῶν
2829 3701 3276 3774 ἐπενηνεγμένων
3300 3706 3483 3770 αὐτοῖς
3501 3708 3687 3763 κακῶν
3709 3710 3807 3781 τὴν
3828 3711 4176 3784 ἀπαλλαγήν.
4200 3715 4270 3768 Οὐ

2693 3791 2801 3861 γὰρ
2823 3792 2899 3862 μὴ
2931 3795 3250 3853 πεποιθότες
3281 3793 3404 3865 ὦσι,
3433 3801 3618 3870 φησὶν,
3649 3803 3743 3855 ἐπὶ
3767 3806 3879 3867 τοῖς
3905 3804 4133 3874 βωμοῖς,
4155 3807 4272 3860 οὐδὲ

2691 3881 2785 3933 ἐπὶ
2839 3886 2948 3944 τοῖς
2990 3884 3172 3956 ἔργοις
3216 3887 3327 3940 τῶν
3369 3891 3571 3961 χειρῶν
3599 3892 3800 3957 αὐτῶν,
3834 3893 3870 3946 ὃ.
3921 3895 4188 3965 ἐποίησαν
4223 3899 4271 3949 οἱ

2688 3974 2940 4029 δάκτυλοι
2963 3978 3163 4032 αὐτῶνθ
3209 3981 3303 4034 καὶ
3336 3982 3437 4034 οὐκ
3466 3983 3686 4054 ὄψονται
3722 3985 3792 4040 τά
3826 3986 4024 4060 δένδρα
4069 3989 4267 4054 αὐτῶν,

2688 4064 2808 4118 οὐδὲ
2835 4066 2902 4120 τά
2931 4067 3278 4141 βδελύγματα
3303 4073 3503 4131 αὐτῶν.
3550 4076 3707 4140 Ἕθος
3737 4077 3838 4147 μὲν
3857 4079 3964 4150 γὰρ
3985 4075 4057 4150 ἧν
4089 4081 4270 4144 αὐτοῖς

2685 4155 2783 4220 τὰς
2807 4159 2914 4212 τῶν
2941 4161 3083 4232 ὀρῶν
3115 4165 3554 4236 καταλαμϐάνειν
3576 4168 3842 4239 κορυφὰς,
3862 4173 3958 4223 καὶ
4009 4173 4269 4226 ὑποκάτω

2685 4246 2844 4319 δρυὸς
2881 4252 2974 4303 καὶ
3003 4251 3221 4324 λεύκης,
3264 4256 3404 4311 καθὰ
3433 4257 3764 4329 γέγραπται,
3809 4263 4138 4331 προσκυνεῖν
4161 4265 4266 4324 τοῖς

2685 4337 2867 4409 ἔργοις
2895 4341 3001 4395 τῶν
3033 4343 3178 4398 ἰδίων
3221 4347 3442 4418 χειρῶν.
3493 4349 3631 4402 Ἀλλ’
3671 4351 3855 4405 οὐκέτι
3900 4353 4117 4417 τούτοις
4167 4357 4263 4424 ἐμ-

2683 4429 2990 4500 ϐλέψονται,
3046 4437 3180 4505 φησί
3201 4478 3215 4502 ,
3251 4439 3414 4510 πείρᾳ
3454 4440 3714 4510 μαθόντες
3742 4441 3817 4505 ὡς
3845 4443 4054 4496 εἰκαῖον
4086 4446 4266 4507 αὐτοῖς

999 4520 1178 4588 itaque
1203 4526 1286 4571 est
1319 4531 1544 4580 cavere,
1575 4527 1627 4569 et
1662 4514 1910 4568 omnibus
1947 4513 2148 4568 viribus
2178 4515 2312 4569 iram
2341 4515 2574 4570 divinam
2608 4531 2650 4586 ι)
2681 4523 2774 4575 καὶ
2807 4524 2910 4576 ἀνά

2350 4515 2574 4570 divinam
2608 4531 2650 4586 ι)
2681 4523 2774 4575 καὶ
2807 4524 3060 4595 ἀνόνητον
3104 4529 3379 4594 παντελῶς
3425 4531 3484 4583 τὸ
3531 4532 3721 4603 χρῆμά
3762 4535 3941 4599 ἐστιν,
3981 4535 4185 4605 μᾶλλον
4209 4536 4261 4589 δὲ

995 4610 1286 4672 declinare,
1323 4619 1378 4661 et
1426 4621 1532 4662 non
1583 4606 1913 4674 experiendo
1940 4606 2151 4659 discere
2190 4605 2346 4659 matis
2387 4621 2580 4659 oceur-
2677 4617 2772 4668 καὶ
2799 4617 2906 4672 διπά

2387 4621 2580 4702 occur-
2677 4617 2772 4668 καὶ
2799 4617 3020 4688 ἀπάσης
3049 4622 3220 4676 αἴτιον
3261 4629 3561 4698 συμφορᾶς.
3599 4629 3813 4701 Ταύτης
3837 4632 3948 4702 γάρ
3969 4632 4134 4686 ἕνεκα
4168 4632 4261 4700 τῆς

996 4715 1152 4763 rere,
1187 4699 1280 4753 sed
1320 4706 1444 4752 ante
1477 4697 1658 4768 potius
1693 4710 1885 4749 causas
1946 4702 2157 4748 mature
2184 4707 2483 4760 removere,
2509 4693 2577 4748 de
2676 4707 2874 4772 αξτίας,

2344 4707 2483 4760 νοτε,
2509 4693 2577 4748 de
2676 4707 2874 4772 αἰτίας,
2935 4712 3029 4763 καὶ
3066 4693 3395 4778 διολώλασι,
3435 4693 3527 4771 καὶ
3577 4693 3814 4774 δέδονται
3848 4693 3976 4785 ⁷τοῖς
4025 4693 4255 4793 ἐχθροῖς.

957 4845 961 4850 ,
994 4792 1189 4857 quibus
1218 4789 1358 4844 Deus
1395 4789 1552 4844 irasci
1593 4797 1826 4857 poterat,
1872 4786 2089 4854 Deoque
2127 4793 2416 4851 commoto,
2450 4794 2576 4839 ante
2681 4796 2868 4867 νΑριστ

2347 4793 2416 4851 to,
2450 4794 2576 4888 ante
2681 4796 2934 4867 ’Ἄριστον
2957 4798 3047 4854 οὖν
3076 4802 3183 4873 ἀρα
3213 4805 3272 4858 τὸ
3299 4808 3660 4876 φυλάττεσθαι
3678 4814 3770 4866 καὶ
3791 4815 3954 4869 παντὶ
3980 4786 4258 4888 παραιτεῖ-

997 4884 1202 4948 plagam
1231 4888 1284 4933 et
1306 4879 1527 4933 verbera
1553 4878 1788 4948 turpiora
1818 4875 2092 4938 evitanda,
2111 4875 2310 4944 optima
2332 4877 2577 4932 excoleu-
2676 4887 2802 4943 σθαι
2836 4891 2908 4945 ae;

2346 4877 2577 4932 BXCOIBII-
2676 4887 2802 4943 σθαι
2836 4891 3011 4946 σθένει
3061 4896 3158 4966 τὴν
3205 4875 3355 4953 θείαν
3386 4901 3574 4973 ὀργὴν,
3613 4906 3706 4958 καὶ
3755 4908 3830 4977 μὴ
3863 4907 4031 4979 πείρα
4065 4875 4257 4979 μαθεῖν

995 4974 1083 5031 do,
1112 4984 1379 5040 omneque
1406 4971 1618 5024 virtutis
1637 4983 1806 5039 genus
1827 4967 2151 5028 exercendo,
2173 4979 2293 5022 sese
2319 4982 2572 5037 purgare.
2674 4979 2906 5050 ἐκδέχεσ‹

2345 4983 2572 5070 ὐνξθζθο
2674 4979 2990 5050 ἐκδέχεσθαι
3019 4987 3087 5038 τὰ
3119 4988 3283 5043 κακά.
3331 4967 3901 5063 Προσαποδύεσθαίδὲ
3938 4967 4139 5070 μάλλον
4167 4999 4256 5052 καὶ

997 5065 1140 5133 μάλα
1167 5067 1380 5136 γοργῶς
1409 5065 1507 5129 τὰς
1541 5065 1738 5128 αἰτίας.
1777 5065 1860 5162 ἐφ’
1902 5057 1988 5162 αἶς
2014 5062 2080 5116 ἂν
2102 5062 2394 5162 -ὀργξξοιῖο
2427 5065 2579 5132 Θεὸς,
2614 5073 2705 5126 καὶ
2735 5077 2843 5146 πρὸ
2900 5078 3116 5151 πληγῆς
3172 5085 3266 5138 καὶ
3313 5057 3579 5157 μάστιγος
3617 5057 4005 5161 ἀπολογεῖσθαι
4026 5094 4254 5162 λελυπη·

995 5160 1248 5242 μένῳδιά
1280 5176 1344 5228 γε
1371 5160 1465 5212 τοῦ
1493 5158 1874 5230 παραιτεῖσθαι
1925 5157 2022 5231 μὲν
2058 5157 2126 5214 τὰ
2191 5159 2408 5229 αἰσχίω,
2435 5167 2602 5236 τιμᾷν
2673 5168 2728 5222 δὲ
2787 5174 2855 5226 τὰ
2911 5175 3208 5244 κάλλιστα,
3269 5181 3361 5234 καὶ
3420 5185 3597 5238 πάντα
3659 5188 3860 5258 τρόπον
3916 5189 4255 5260 ὲπιτηδευειν

992 5268 1210 5323 αρετης.

1065 5365 1227 5421 Vens.
1260 5365 1314 5431 9,
1350 5365 1435 5420 10.
1479 5365 1572 5420 Die
1618 5368 1713 5421 illa
1750 5379 1898 5423 erunt
1945 5370 2208 5424 derelirtm
2251 5373 2399 5427 urbe:
2427 5383 2562 5438 truc,
2751 5378 2830 5447 Τῇ
2860 5381 2976 5449 vigui;

2341 5389 2399 5427 ιρι
2427 5383 2562 5438 truc,
2751 5378 2830 5447 Τῇ
2860 5381 3046 5449 mum
3108 5385 3308 5454 ἐκείνῃ
3364 5389 3606 5444 ἔσονται
3654 5395 3712 5445 αἱ
3757 5397 3969 5460 πόλεις
4017 5414 4131 5452 σου
4158 5399 4252 5466 ἐν·

988 5459 1423 5529 quemadmodum
1476 5461 1794 5530 reliquerunt
1847 5463 2168 5523 Amori-luti.
2216 5475 2261 5517 et
2316 5465 2492 5531 Emi,
2533 5486 2566 5521 a

987 5553 1124 5621 [acie
1159 5551 1395 5620 ﬁliorum
1436 5551 1687 5618 Israelis,
1726 5565 1772 5607 et
1821 5564 1974 5608 erunt
2012 5555 2281 5620 desolalw,
2315 5559 2562 5625 quoniam

2674 5475 3238 5542 καταλελειμμέναι,
3316 5479 3388 5531 ὃν
3456 5483 3677 5548 τρόπον
3745 5485 4140 5554 ἐγκατέλιπον
4189 5494 4252 5544 οἱ

2685 5560 3011 5628 Ἀμοριξαῖοι
3066 5565 3165 5619 καὶ
3221 5571 3274 5620 oi
3340 5567 3545 5624 Εὺιιῖοι
3602 5574 3719 5626 ἀπὸ
3779 5578 4099 5644 προσώπου
4131 5578 4250 5632 τῶν

1060 5759 1099 5789 ³⁷
1135 5758 1294 5814 llcbr.
1331 5760 1500 5827 xu,7.
1581 5760 1622 5790 ³⁸
1646 5759 1777 5815 ibid.
1823 5758 1875 5825 ὅ,
1909 5760 1972 5824 6;
2012 5758 2169 5815 Prov.
2201 5774 2282 5826 ιιι,
2320 5759 2400 5828 It,
2431 5759 2513 5817 1*2.
2591 5761 2634 5793 ³³
2672 5759 2953 5817 lTiu.otb.

1771 5797 1777 5811 .
1823 5758 1875 5825 ὅ,
1909 5760 1972 5824 6;
2012 5758 2169 5815 Prov.
2201 5774 2282 5826 ιιι,
2320 5759 2400 5828 It,
2431 5759 2513 5817 1*2.
2591 5761 2634 5793 ³³
2672 5759 2953 5817 lTiu.otb.
2991 5779 3049 5832 ti,
3078 5765 3129 5819 4.
3209 5766 3252 5798 ⁸ο
3277 5766 3418 5822 l‘sal.
3452 5786 3602 5836 xxxi,
3635 5774 3682 5827 9.
