4110 6498
200 499 312 556 ιεο

1320 501 1392 559 ΙΝ
1434 501 1670 560 ISAIAM
1705 502 1835 560 LIB.
1878 503 1944 559 ll.
1983 503 2225 564 TOMUS
2260 505 2347 561 Ill.

3361 511 3469 564 430

199 615 351 670 υἱῶν
377 616 637 687 Ἰσραήλ·
669 618 764 672 καὶ
794 619 1036 672 ἔσονται
1064 615 1293 688 ἔρημοι,
1315 619 1466 672 διότι
1493 617 1781 689 ἐγκατέλι-

1897 620 2218 691 ιΙει-ρίίᾳιιὶειί
2254 620 2417 673 Deum
2447 618 2766 672 Sermtorem
2793 629 2960 680 tuum,
2995 631 3040 673 et
3074 620 3280 673 Domini
3309 625 3468 690 adju-

196 725 314 773 xac
349 708 456 762 τὸν
483 708 634 763 Θεὸν
655 710 763 763 τὸν
797 709 1042 778 Σωτῆρά
1081 727 1219 776 σου,
1269 710 1369 764 καὶ
1412 712 1632 779 Κυρίου
1681 711 1787 765 τοῦ

192 799 434 866 βοηθοῦ
466 813 586 854 σου
603 801 717 854 οὐκ
745 799 1074 869 ἐμνήσθης.

285 889 376 955 Ἐξ
415 889 598 943 αὐτῶν
627 890 910 942 ἀναπείθει
948 891 1059 943 τῶν
1124 892 1548 963 συμϐεϐηκότων
1587 893 1787 944 ἐννοεῖν

196 979 284 1032 ὃτι
316 978 536 1047 γέγονεν
593 979 774 1043 αὐτοῖς
832 978 890 1044 ἐξ
943 981 1301 1053 ἀντιστρόφου
1347 983 1415 1035 τὰ
1461 983 1783 1054 πράγματα.

200 1071 372 1124 Πάλιν
402 1071 501 1141 μὲν
533 1071 640 1143 γὰρ
659 1071 871 1126 ὲνίκουν
905 1073 1322 1145 ἐπιχωροῦντος
1368 1074 1503 1128 Θεοῦ
1522 1115 1536 1138 ,
1568 1076 1660 1128 καὶ
1689 1093 1786 1144 φο-

195 1162 353 1236 ϐεροί
375 1181 519 1226 τινες
546 1159 687 1234 ἦσαν
717 1166 838 1228 ταῖς
865 1165 975 1218 τῶν
1018 1165 1185 1219 ἐθνῶν
1213 1167 1400 1220 πόλεσί
1448 1184 1508 1219 τε
1544 1168 1637 1221 καὶ
1681 1166 1788 1238 χώ·

198 1274 346 1326 ραις.
385 1250 542 1310 Εἷλον
584 1256 692 1328 γὰρ
739 1257 909 1321 αὐτὰς
963 1258 1238 1330 ἀνιδρωτὶ,
1296 1260 1786 1330 κατευμαρίζοντος

195 1351 388 1413 αὐτοῖς
406 1351 501 1404 τοῦ
536 1350 672 1405 Θεοῦ
703 1353 810 1405 πᾶν
855 1352 979 1405 ὅσον
1007 1347 1075 1424 ἦν
1099 1351 1322 1416 ἄναντές
1347 1371 1409 1406 τε
1439 1355 1535 1408 καὶ
1559 1355 1787 1427 δυσήνυ-

192 1459 312 1496 τον.
357 1443 578 1515 Ἐπειδὴ
621 1444 680 1496 δε
735 1444 834 1514 τῆς
884 1444 1109 1497 ἐκείνων
1153 1445 1499 1517 ἀνοσιότητος
1529 1447 1786 1516 γεγόνασι

196 1535 458 1604 μιμηταὶ,
485 1533 649 1587 δειλοὶ
671 1534 766 1587 καὶ
790 1535 1049 1588 εὐάλωτοι
1070 1535 1189 1588 κατ’
1209 1536 1453 1599 ἐκείνους
1479 1537 1782 1606 γεγόνασιν.

205 1627 564 1700 Ἠρήμωνται
590 1628 699 1700 γὰρ
740 1630 797 1682 αἱ
840 1627 1022 1692 πόλεις
1069 1629 1270 1691 αὐτῶν,
1309 1631 1400 1684 καὶ
1433 1631 1788 1702 κατελείφθη-

193 1737 300 1772 σαν
330 1721 437 1774 ὐπδ
461 1721 568 1774 τῶν
597 1721 994 1776 κατοικούντων
1019 1723 1076 1775 ἐν
1105 1722 1317 1790 αὐταῖς,
1367 1725 1509 1778 κατά
1546 1726 1637 1779 τὸν
1675 1726 1784 1780 ἴσον

192 1813 421 1881 τρόπον,
463 1811 586 1864 καθ’
608 1811 667 1864 ὃν
699 1814 747 1865 οἱ
781 1813 968 1865 Εὐαῖοι
999 1813 1093 1865 καὶ
1134 1812 1451 1885 Ἀμορραῖοί
1497 1832 1625 1868 ποτε
1672 1819 1785 1879 τοῖς

1890 715 2018 767 toris
2049 714 2126 766 tui
2158 729 2261 766 non
2299 716 2568 766 recordata
2597 729 2668 766 es.

1960 889 2037 944 Ex
2073 891 2158 945 his
2192 904 2310 956 qua:
2335 890 2644 944 acciderunt
2671 891 2934 946 certiores
2970 906 3063 944 eos
3090 892 3235 956 facit,
3264 895 3315 946 in
3338 910 3465 952 con.

1893 983 2120 1034 trariuut
2173 981 2280 1036 illis
2330 997 2416 1036 res
2460 981 2730 1035 evenisse.
2783 981 2978 1034 ltertnn
3027 983 3170 1036 enim
3225 985 3441 1038 vicerim

1887 1069 2185 1126 auxiliante
2223 1071 2362 1136 Deo,
2405 1079 2461 1124 et
2503 1072 2741 1140 gentium
2802 1071 3024 1125 urbibus
3070 1080 3126 1125 et
3175 1075 3465 1140 provinciis

1889 1163 2259 1217 formidabiles
2282 1163 2519 1218 inerunt.
2540 1163 2812 1231 Ceperunt
2827 1163 2970 1218 enim
2994 1178 3086 1218 eas
3105 1165 3220 1217 siue
3243 1166 3460 1231 sudoro,

1890 1255 2000 1311 Dco
2023 1256 2126 1310 illis
2155 1255 2510 1311 distribueute
2549 1255 2809 1324 quidquid
2844 1258 3069 1310 arduum
3099 1267 3216 1312 erat
3249 1266 3303 1309 et
3331 1257 3469 1311 ditii-

1886 1347 2010 1402 cile.
2044 1346 2336 1418 Postquam
2365 1360 2546 1402 autem
2589 1349 2883 1418 impietatis
2923 1364 3114 1402 eorum
3165 1348 3468 1403 imitatores

1887 1439 2013 1494 facti
2039 1447 2192 1502 sunt,
2218 1439 2517 1496 meticulosi
2548 1451 2858 1504 evaserunt,
2883 1453 2936 1494 et
2968 1441 3126 1493 facile
3165 1442 3281 1509 capi
3319 1455 3468 1506 pute-

1888 1541 2034 1587 rant.
2105 1533 2161 1584 lu
2220 1533 2563 1586 solitudinem
2625 1533 2768 1587 enim
2835 1534 3062 1586 redacta:
3119 1543 3246 1588 sunt
3305 1536 3466 1586 urbes

1886 1636 2096 1685 eorum,
2139 1631 2193 1674 et
2233 1622 2503 1677 derelicta:
2531 1632 2658 1676 sunt
2703 1623 2770 1674 ab
2806 1622 2972 1692 268
3015 1621 3463 1685 inhabitantibus,

1884 1727 1993 1782 quo
2027 1714 2187 1768 modo
2225 1715 2364 1768 Evaai
2415 1714 2566 1778 oliui,
2600 1724 2654 1768 et
2684 1715 2983 1767 Aiuorrluei
3007 1753 3021 1777 ,
3054 1729 3238 1766 eorum
3270 1713 3466 1783 gladiis

1886 1806 2238 1860 conciderunt
2264 1807 2604 1874 consumpti;
2648 1807 3059 1874 evidentemquc
3093 1821 3315 1860 causam
3347 1808 3468 1860 red—

187 1902 378 1955 αὐτῶν
426 1903 634 1972 ξίφεσιν
667 1903 893 1957 ἔπιπτον
915 1903 1314 1976 δαπανώμενοι·
1334 1908 1536 1978 ἐναργῆ
1559 1907 1616 1960 δὲ
1647 1907 1781 1961 καθ-

1888 1896 1987 1958 dit,
2023 1911 2120 1950 cur
2156 1898 2290 1950 adeo
2335 1898 2601 1952 debilitati
2634 1907 2687 1951 et
2720 1898 2988 1952 imtuinttti
3029 1898 3247 1964 fuerint,
3280 1908 3334 1951 et
3367 1913 3466 1950 cur

191 1997 380 2066 ίστησι
432 1998 529 2068 τὴν
573 1998 755 2051 αίτίαν
783 1997 946 2062 εὐθὺς
981 1999 1072 2052 τοῦ
1097 1999 1235 2071 πρὸς
1265 1999 1421 2053 τοῦτο
1451 2001 1785 2054 κατολισθεῖν

192 2088 484 2152 ἀσθενείας
515 2090 734 2154 αὐτοὺς,
776 2090 870 2143 καὶ
901 2091 998 2161 τὴν
1030 2089 1204 2154 οὕτως
1255 2093 1435 2162 ἀπηνῆ
1472 2093 1564 2145 καὶ⁵
1604 2083 1784 2146 δύσοι-

195 2198 324 2233 στον
349 2183 639 2252 ὑπομεῖναι
668 2184 971 2255 συμφοράν·
1004 2183 1390 2251 Ἐγκατὲλιπες
1419 2184 1526 2254 γὰρ
1545 2184 1636 2238 τὸν
1653 2185 1785 2238 Θεὸν

187 2275 285 2325 τὸν
321 2273 550 2344 Σωτῆρά
577 2290 694 2340 σου,
721 2275 878 2346 φησὶ,
907 2275 1003 2328 καὶ
1034 2275 1235 2346 Κυρίου
1281 2275 1374 2328 τοῦ
1394 2275 1533 2328 Θεοῦ
1560 2292 1652 2328 σου
1685 2277 1784 2328 οὐκ

185 2361 495 2433 ἰμνήσθης.
523 2363 649 2416 Δέον
672 2363 782 2432 γὰρ
802 2365 1145 2436 εὐχαριστεῖν
1165 2363 1252 2432 ἐφ’
1267 2359 1349 2428 οἷς
1369 2365 1783 2437 εὐηργέτηνται,

186 2451 354 2506 τοῦτο
379 2454 479 2522 μὲν
512 2453 752 2518 δουλείας
813 2458 914 2524 τῆς
964 2456 1022 2509 ἐν
1063 2454 1323 2527 Αἰγύπτῳ
1348 2456 1782 2528 λελυτρωμένοι,

185 2543 353 2596 τοῦτο
379 2545 437 2598 δὲ
466 2547 940 2616 κατακρατοῦντες
971 2548 1200 2618 ἐχθρῶν,
1244 2550 1339 2602 καὶ
1387 2551 1784 2622 καταδῃοῦντες

186 2633 290 2696 τὰς
333 2634 518 2697 πόλεις
537 2635 648 2687 τῶν
677 2635 1107 2706 ἀνθεστηκότων,
1142 2637 1302 2691 τοῦτο
1349 2638 1406 2690 δὲ
1450 2641 1531 2693 ὅτι
1581 2640 1675 2692 καὶ
1705 2641 1784 2704 εἰς

185 2727 364 2797 αὐτὴν
389 2727 852 2797 εἰσεκομίσθησαν
880 2729 984 2798 τῆς
1030 2730 1362 2799 ἐπαγγελίας
1389 2733 1489 2802 τὴν
1528 2732 1651 2802 γῆν·
1688 2749 1785 2784 πο-

183 2820 363 2890 νηρὰς
391 2821 632 2889 ἀμοιϐὰς
659 2822 1015 2893 ἀντεκόμιζον
1033 2823 1112 2893 τῷ
1142 2825 1386 2896 Δεσπότῃ
1421 2825 1784 2896 προσκρούον-

183 2929 280 2974 τες
304 2913 503 2977 ἀδεῶς,
540 2913 636 2966 καὶ
661 2913 722 2966 οὐ
758 2914 876 2966 καθ’
913 2915 1013 2968 ἕνα
1043 2901 1340 2979 λυποῦντες
1373 2918 1594 2987 τωπον,
1649 2918 1783 2972 ἀλλὰ

182 3002 358 3072 νόμου
389 3005 488 3073 μὲν
523 3004 616 3056 τοῦ
653 3004 1013 3076 διωρισμένου
1051 3006 1139 3058 διὰ
1191 3005 1286 3059 τοῦ
1329 3007 1605 3077 πανσόφου
1653 3009 1783 3060 Μω-

187 3094 334 3157 σέως
364 3094 538 3165 μικρά
569 3096 762 3166 κομιδῇ
794 3096 1200 3167 φροντίσαντες,
1240 3096 1702 3160 ἀπολακτίσαντες
1725 3099 1782 3152 δὲ

186 3184 479 3246 παντελῶς
509 3183 606 3253 τὴν
645 3185 722 3248 είς
744 3185 878 3236 Θεὸν
903 3185 1212 3251 εὐσέϐειαν,
1239 3187 1333 3239 καὶ
1374 3187 1603 3257 ἀψύχοις
1629 3186 1781 3251 ῦλαις

1893 1999 2000 2042 tam
2047 1989 2322 2044 crudelem
2369 2005 2431 2044 ac
2481 1989 2868 2044 intolerandam
2899 1989 3261 2043 calamitatem
3297 1991 3463 2043 susti-

1889 2081 2139 2134 nuerint:
2175 2081 2513 2150 Dereliquisti
2542 2083 2684 2136 enim
2715 2083 2880 2136 Dentu
2908 2081 3253 2136 Servatoretn
3290 2091 3460 2141 tuum,

1890 2172 2086 2240 inquit,
2117 2181 2170 2224 et
2208 2172 2415 2226 Domini
2454 2173 2544 2226 Dei
2575 2173 2840 2243 adjutoris
2871 2173 2943 2227 tui
2992 2188 3099 2226 non
3148 2173 3463 2226 recordatus

1884 2276 1965 2316 es.
2006 2263 2144 2316 Cum
2178 2265 2323 2318 enim
2358 2280 2451 2319 eos
2484 2266 2684 2335 gratias
2730 2280 2891 2336 agere
2936 2276 3209 2336 oporteret
3263 2269 3329 2320 de
3379 2268 3462 2320 bis

1885 2356 2082 2424 quibus
2113 2354 2289 2411 aﬂ‘ecti
2323 2368 2450 2410 sunt
2491 2359 2785 2421 beneﬁciis,
2822 2359 3015 2428 partim
3039 2359 3161 2428 quia
3194 2375 3257 2412 ex
3287 2361 3460 2412 set-vi-

1889 2455 1999 2500 tute
2019 2446 2338 2517 Egyptiaca
2371 2451 2631 2518 redempti
2662 2460 2805 2514 sunt,
2836 2451 3028 2518 partim
3057 2450 3180 2520 quia
3216 2451 3462 2505 hostibus

1883 2541 2192 2608 superiores
2227 2542 2352 2595 lacti
2378 2551 2524 2606 sunt,
2556 2552 2610 2596 et
2640 2543 3077 2596 adversariorum
3111 2542 3274 2597 urbes
3297 2545 3459 2612 depo—

1885 2632 2242 2700 pulabantur;
2286 2635 2482 2702 partim
2511 2636 2674 2689 etiam
2700 2635 2822 2704 quia
2859 2635 2911 2688 in
2943 2636 3114 2705 ipsam
3148 2637 3462 2704 promissio-

1885 2725 1972 2778 nis
2003 2735 2200 2779 terratn
2250 2727 2450 2780 fuerint
2485 2727 2774 2780 introducti
2805 2741 2817 2778 :
2871 2726 2945 2778 illi
3004 2728 3229 2782 Domino
3261 2728 3460 2780 malum

1886 2817 2255 2886 rependebaut
2285 2834 2474 2871 secure
2502 2818 2855 2883 oﬂ'cudentes,
2893 2834 2992 2872 uec
3016 2834 3122 2872 uno
3152 2819 3310 2872 modo
3340 2834 3462 2873 cru-

1882 2909 2110 2976 ciantes,
2140 2909 2233 2963 sed
2265 2911 2433 2980 legem
2465 2911 2629 2963 etiam
2663 2925 2759 2978 per
2793 2910 3250 2978 sapientissimum
3276 2909 3460 2964 Mosen

1881 2999 2204 3067 descriptam
2251 3014 2350 3067 pro
2408 3001 2630 3052 tuinitno
2674 3003 2953 3065 ducentes,
2999 3000 3195 3054 divina:
3248 3016 3462 3069 quoque

1881 3089 2124 3157 religioni
2159 3105 2384 3159 prorsus
2414 3091 2840 3156 recalcitrantes,
2884 3100 2939 3144 et
2985 3091 3239 3146 inanimis
3289 3105 3460 3147 mate—

1885 3183 1980 3238 riis
2011 3185 2411 3238 venerationem
2437 3186 2810 3248 altribueutes,
2842 3185 3021 3238 vitulis
3055 3185 3236 3239 aureis
3273 3187 3457 3239 dicen-

181 3275 485 3339 ἀναθέντες
510 3276 570 3328 τὸ
599 3276 782 3339 σέϐας,
811 3278 1094 3349 εἰρηκότες
1131 3279 1189 3331 δὲ
1219 3281 1336 3342 ταῖς
1367 3279 1631 3348 δαμάλεσι
1663 3281 1781 3341 ταῖς

1889 3289 1968 3334 tes
2003 3299 2017 3334 :
2058 3298 2077 3330 t
2117 3279 2178 3333 Hi
2202 3281 2272 3334 dii
2312 3282 2411 3345 tui,
2447 3281 2634 3338 lsracl.
2663 3279 2752 3348 qui
2790 3279 3117 3333 reduxerunt
3144 3287 3195 3334 te
3224 3280 3289 3333 de
3318 3289 3459 3333 terra

181 3371 450 3439 χρυσαῖς·
476 3387 494 3419 ι
518 3363 679 3422 Οὗτοι
707 3372 756 3422 ot
789 3369 899 3424 θεοί
928 3386 1042 3436 σου,
1083 3371 1316 3444 Ἰσραὴλ,
1356 3373 1550 3434 οἵτινες
1578 3374 1781 3442 ἀνήγα-

182 3462 288 3528 γὸν
325 3478 384 3513 σε
411 3464 477 3513 ἐκ
510 3463 613 3532 γῆς
644 3461 942 3530 Αἰγύπτου.
973 3481 990 3513 ι
1034 3463 1168 3517 Ὀτε
1226 3465 1403 3518 τοίνυν
1434 3465 1599 3534 ἐσμὲν
1643 3465 1781 3535 μετὰ

178 3553 351 3616 θεοῦ,
388 3553 457 3607 τὰ
489 3555 654 3608 αὐτοῦ
683 3555 928 3624 δηλονότι
965 3559 1181 3628 φρονεῖν
1241 3557 1650 3622 σπουδάζοντες,
1687 3560 1780 3612 καὶ

178 3645 260 3698 τὰ
281 3645 440 3716 αὐτῷ
470 3646 600 3715 φίλα
627 3647 924 3718 κατορθοῦν
974 3650 1258 3720 ᾑρημένοι·
1290 3651 1410 3703 τότε
1464 3651 1528 3722 δὴ
1564 3651 1780 3715 πάντως

179 3738 478 3812 κρείττους
513 3739 750 3809 ἐσόμεθα
786 3740 892 3792 τῶν
920 3741 1152 3812 ἐχθρῶν,
1183 3743 1277 3795 καὶ
1326 3744 1644 3814 πατήσομεν
1677 3744 1777 3815 ἀρ-

176 3830 315 3901 χάς,
352 3831 448 3882 καὶ
473 3828 739 3893 ἐξουσίας,
768 3830 1008 3894 καὶτοὺς
1040 3832 1490 3904 κοσμοκράτορας
1517 3835 1611 3887 τοῦ
1655 3836 1778 3888 σκό-

176 3941 317 3987 τους
350 3921 542 3975 τούτου
571 3923 638 3976 τὰ
677 3923 1024 3995 πνευματικά
1074 3925 1173 3995 τῆς
1203 3925 1488 3995 πονηρίας,
1523 3926 1645 3979 τότε
1676 3944 1778 3980 πε-

178 4015 515 4088 ριεσόμεθα,
551 4016 645 4068 καὶ
685 4016 832 4086 μάλα
867 4015 1103 4085 γοργῶς,
1153 4016 1261 4068 τῶν
1307 4018 1550 4069 ἐκτόπων
1576 4018 1779 4088 ἡδονῶν

177 4110 282 4163 καὶ
318 4107 432 4159 τῶν
489 4105 590 4176 τῆς
653 4111 854 4179 σαρκὸς
908 4108 1247 4178 κινημάτωνο
1304 4108 1425 4160 τότε
1485 4108 1780 4180 λογισμοὺς

175 4201 488 4271 νικήσομεν
517 4200 807 4270 πονηροὺς,
841 4200 936 4253 καὶ
963 4200 1031 4252 τὰ
1065 4199 1353 4270 πνεύματα
1405 4201 1498 4254 τοῦ
1532 4201 1778 4266 ἐξουσιά-

174 4294 380 4358 ζοντος
398 4293 497 4362 οὐχ
517 4293 743 4363 εὑρήσει
788 4293 953 4346 τόπον
995 4294 1051 4346 ἐν
1102 4296 1253 4363 ἡμῖν.
1323 4294 1686 4366 Ἠμεληκότες
1723 4295 1780 4349 δὲ

174 4386 280 4439 τοῦ
314 4385 675 4456 προσκεῖσθαι
704 4385 842 4454 Θεῷ,
865 4385 1110 4448 ἀσθενεῖς
1135 4387 1228 4439 καὶ
1258 4387 1527 4457 ἄνανδροι,
1559 4390 1653 4442 καὶ
1676 4389 1780 4442 ὐπὸ

179 4479 363 4541 πόδας
394 4479 630 4548 ἐσόμεθα
659 4478 765 4531 τῶν
791 4479 1022 4548 ἐχθρῶν,
1075 4481 1169 4532 καὶ
1213 4479 1635 4534 πλεονεκτοῦντα
1688 4481 1779 4535 τὸν

176 4571 441 4622 Σατανᾶν
473 4570 646 4631 οὐδεὶς
673 4569 935 4638 ἀνακύψει
969 4569 1190 4639 τρόπος.

254 4663 367 4717 Διὰ
416 4661 593 4716 τοῦτο
647 4663 970 4730 φυτεύσεις
1028 4665 1299 4732 φύτευμα
1349 4665 1628 4728 ἄπιστον,
1675 4665 1771 4719 καὶ
1811 4636 1854 4690 D

174 4757 433 4824 σπέρμα
455 4755 736 4809 ἄπιστον.
776 4754 853 4824 Τῇ
881 4754 948 4808 δὲ
980 4755 1189 4825 ἡμέρᾳ,
1223 4752 1259 4828 ᾖ
1295 4757 1372 4810 ἂν
1405 4759 1770 4826 φυτεύσεις,

174 4847 584 4914 alar-nmio”.
622 4846 693 4900 Τὸ
729 4846 798 4899 δὲ
857 4848 1009 4916 πρωῒ
1039 4848 1148 4900 ἐὰν
1191 4849 1465 4916 σπείρης,
1525 4848 1775 4914 ἀνθήσει

172 4945 270 5006 εἰς
303 4938 559 5007 ἀμητόν,
581 4933 620 5009 ᾗ
652 4937 728 4992 ἂν
757 4939 945 5006 ἡμέρῃ
992 4937 1298 5006 πληρώσῃ,
1345 4939 1440 4992 καὶ
1471 4940 1550 5005 ὡς
1580 4940 1775 5008 πατὴρ

172 5029 510 5097 ἀνθρώπου
531 5026 814 5095 κληρὼση
838 5027 981 5092 τοὺς
1009 5028 1179 5093 υἱούς
1227 5041 1364 5080 σου.

265 5120 541 5189 Ἀσαιρείᾳ
565 5118 731 5188 πολλῇ
761 5119 1256 5190 κατημφιασμένην
1285 5119 1376 5172 τοῦ
1411 5122 1770 5190 προκειμένου

173 5214 282 5284 τὴν
327 5212 540 5264 ἔννοιαν
591 5207 914 5279 διατρανοῦν
967 5209 1043 5270 ὼς
1084 5208 1166 5260 ἔνι
1225 5209 1575 5279 πειράσομαι.
1618 5211 1772 5264 Ἐστι

172 5305 373 5357 τοίνυν
405 5303 436 5354 ὅ
466 5317 599 5372 φησι
621 5299 878 5352 τοιοῦτον·
909 5298 1124 5358 Φθάσας
1155 5298 1312 5369 ἔφην,
1345 5301 1426 5352 ὅτι
1466 5299 1773 5363 πλανῶντες

170 5412 239 5446 τε
271 5393 374 5445 καὶ
401 5391 764 5460 πλανώμενοι,
797 5391 890 5442 καὶ
921 5390 1246 5461 φρονοῦντες
1292 5390 1327 5443 ὃ.
1361 5391 1434 5460 μὴ
1461 5390 1617 5460 θέμις
1638 5393 1687 5444 οί
1716 5392 1773 5458 ἐξ

187 5483 420 5556 Ἰσραὴλ
448 5482 638 5550 (ήπουν
669 5482 697 5533 ό
732 5478 990 5550 Ἐφραῒμ,
1021 5479 1107 5532 ἵνα
1159 5477 1257 5541 τὰς
1283 5477 1414 5530 δέκα
1444 5478 1642 5548 νοήσῃς
1670 5495 1772 5544 φυ-

171 5579 305 5640 λάς,
365 5576 464 5638 τὰς
513 5577 572 5628 ἐν
623 5577 690 5645 τῇ
725 5573 1006 5643 Σαμαρείᾳ
1061 5571 1520 5642 μετῳκισμένας),
1567 5571 1773 5643 ὑψηλὴν

171 5669 337 5738 εἶχον
391 5668 490 5738 τὴν
527 5666 721 5736 ὀφρῦν,
773 5664 943 5736 ᾤοντο
982 5664 1038 5716 δὲ
1086 5663 1291 5733 μηδένα
1341 5662 1618 5724 παντελῶς
1664 5663 1771 5716 τῶν

171 5759 400 5827 ἐχθρῶν
449 5758 548 5826 τῆς
574 5757 754 5814 αὐτῶν
784 5755 1044 5810 δύνασθαι
1065 5755 1540 5824 κατευμεγεθῆσαι
1566 5756 1769 5826 χειρὸς,

171 5850 364 5903 ὃεάτοι
401 5849 460 5900 τὸ
491 5849 892 5920 ἀναριθμήτους
951 5843 1088 5901 εἶναι
1139 5847 1232 5900 καὶ
1285 5847 1490 5919 σφόδρα
1526 5848 1770 5910 πολλοὺς.

251 5969 304 6004 ⁸³
339 5966 506 6022 Exod.
556 5982 720 6030 sub,
763 5965 813 6020 ι.

1881 3369 2102 3441 Αζμγριί
2126 3372 2191 3423 ⁸¹.
2229 3391 2247 3421 ο
2283 3371 2508 3437 Quando
2547 3372 2708 3439 igitur
2737 3387 2858 3424 cum
2889 3371 2996 3425 Deo
3025 3387 3235 3436 sumus,
3259 3384 3313 3427 et
3343 3390 3462 3440 qtne

1883 3465 1999 3531 ejus
2045 3473 2173 3517 sunt
2225 3463 2466 3517 studiose
2512 3478 2795 3526 curamus,
2842 3473 2895 3516 ct
2953 3464 3024 3516 illi
3074 3474 3223 3533 grata
3280 3464 3461 3520 facere

1881 3555 2148 3624 cupimus,
2175 3563 2301 3608 tunc
2323 3554 2534 3622 quidem
2559 3564 2682 3605 tunc
2707 3553 2925 3605 omnino
2943 3554 3460 3619 superioreserituus

1885 3647 2160 3712 hostibus,
2207 3653 2260 3700 et
2310 3648 2671 3716 principatus,
2713 3655 2766 3699 et
2808 3655 3122 3715 potestates,
3168 3658 3222 3700 et
3274 3652 3456 3703 mundi

1882 3739 2128 3793 dominos
2181 3748 2420 3792 rectores
2474 3739 2814 3790 tenebrarum
2874 3738 3096 3802 barum,
3143 3740 3457 3811 .spiritualia

1884 3831 2138 3900 nequitias
2169 3831 2522 3896 calcabimus,
2562 3840 2688 3884 tunc
2721 3830 3120 3900 Quatupritti'um
3149 3837 3459 3903 subigentus

1847 3935 1852 3940 ‘
1883 3934 2217 3978 monstrosas
2245 3923 2549 3991 voluptates
2583 3931 2868 3993 motusque
2895 3926 3094 3990 carnis,
3131 3935 3256 3980 tunc
3293 3929 3460 3979 ratiu-

1879 4014 2023 4068 ciuia
2055 4029 2306 4083 perversa
2351 4014 2761 4081 superabimus,
2796 4023 2851 4068 et
2881 4015 3106 4079 spiritus
3135 4017 3460 4071 dominantis

1885 4121 1990 4159 non
2025 4105 2262 4160 inveniet
2315 4105 2487 4159 locum
2523 4105 2575 4158 in
2617 4105 2789 4160 nobis.
2841 4106 2911 4158 At
2951 4107 3040 4162 ubi
3091 4108 3460 4164 adbmresccre

1885 4195 1994 4248 Deo
2021 4195 2364 4265 negligimus,
2399 4196 2694 4251 imbecilles
2717 4212 2926 4260 sumus,
2953 4209 3008 4253 et
3030 4214 3217 4267 parum
3251 4202 3459 4266 viriles,

1882 4298 1936 4342 et
1967 4289 2192 4356 pedibus
2235 4288 2576 4344 inimicorum
2629 4289 3019 4357 subjicieuiur,
3068 4300 3120 4345 et
3162 4294 3462 4360 prmvali-no

1885 4389 1990 4434 tem
2046 4377 2302 4433 Satanam
2367 4378 2510 4432 nulla
2567 4380 2704 4433 ratio
2760 4379 3049 4450 init-iugere
3109 4385 3306 4450 poterit
3373 4394 3463 4436 aut

1884 4469 2164 4539 impedire.

1956 4645 2120 4698 Vtilis.
2166 4645 2250 4698 Η.
2294 4646 2579 4712 Propterea
2624 4645 2881 4712 pluntnbis
2921 4646 3298 4712 plantutioueut
3337 4649 3462 4714 iii/i-

1873 4739 2061 4800 delem,
2094 4747 2142 4790 et
2173 4753 2344 4790 renicn
2381 4737 2587 4804 iii/idele
2614 4752 2631 4789 .'
2665 4737 2746 4787 die
2780 4753 2882 4805 qua
2913 4738 3200 4804 ptuutabis,
3231 4739 3456 4791 errabit.

1878 4829 2034 4884 Mune
2077 4830 2122 4881 si
2162 4829 2404 4892 semines,
2450 4829 2652 4896 ﬂorebit
2698 4829 2750 4880 in
2775 4844 3014 4891 messem,
3047 4843 3149 4895 quo
3180 4829 3264 4880 dir.
3295 4830 3428 4880 luere

1875 4923 2145 4987 ditareris,
2177 4931 2226 4974 et
2270 4931 2322 4974 ut
2357 4933 2508 4989 pater
2545 4921 2769 4974 hominis
2795 4921 2922 4987 filiis
2959 4923 3062 4972 tuis
3089 4920 3452 4974 hwrcditatem

1877 5015 2175 5067 distribues.

1954 5105 2300 5162 Obscuritate
2329 5105 2490 5158 multa
2513 5105 2777 5159 obtectam
2802 5104 3123 5159 sententiam
3151 5103 3309 5174 bnjus
3333 5120 3457 5158 ora-

1873 5197 2002 5261 culi,
2032 5207 2288 5264 qnauluui
2329 5197 2475 5260 licet,
2510 5199 2750 5251 conabor
2797 5197 3090 5265 explicare.
3134 5195 3228 5250 Est
3275 5197 3456 5266 itaque

1873 5289 2016 5360 quod
2041 5291 2176 5344 dicit
2201 5289 2509 5358 huiusmodi
2539 5305 2554 5342 :
2589 5289 2704 5342 Dixi
2735 5286 2984 5356 superius
3011 5287 3153 5355 quod
3177 5287 3455 5354 decipien-

1873 5395 1954 5441 tcs
1975 5395 2027 5438 et
2046 5384 2347 5454 decepti,|ct
2369 5397 2486 5451 qua:
2512 5382 2591 5435 fas
2617 5396 2720 5433 non
2750 5388 2868 5433 erat
2892 5379 3178 5432 machinati
3202 5377 3454 5433 Israelita;

1872 5479 1985 5532 sive
2010 5475 2261 5543 prraiui
2309 5474 2390 5542 (ut
2422 5474 2606 5526 decem
2645 5470 2816 5523 tribus
2845 5469 3124 5538 intelligas
3165 5469 3216 5522 in
3259 5468 3452 5522 Sama-

1886 5573 2018 5624 riam
2054 5567 2374 5636 trauslatas)
2403 5565 2511 5620 alto
2543 5564 2760 5618 fuerunt
2786 5563 3097 5632 supercilio,
3123 5561 3453 5626 omninoque

1883 5662 1983 5716 rati
2019 5669 2164 5721 sunt,
2207 5661 2388 5712 hostes
2434 5657 2608 5710 nullos
2647 5655 2886 5724 ipsorum
2931 5667 3147 5706 tuanuin
3197 5663 3452 5718 superare

1882 5754 2142 5822 potuisse,
2187 5768 2253 5805 eo
2298 5749 2440 5818 quod
2489 5747 2915 5800 iututmerabiles
2959 5752 3162 5804 essent,
3213 5751 3266 5794 et
3298 5740 3451 5792 valde

1883 5847 2144 5916 popuIOsi.
2198 5845 2354 5913 Atqui
2397 5858 2489 5910 spe
2537 5839 2703 5910 269
2748 5838 2988 5891 frustrati
3043 5845 3185 5887 sunt.
3234 5831 3453 5886 Cecide-
