4840 6568
1371 507 1471 564 451

2355 501 2415 556 S.
2457 497 2732 557 CYRILLI
2770 495 3245 556 ALEXANDRINI
3288 495 3605 554 ARCHIEP.
4537 498 4626 555 452

1376 638 1499 682 runt
1522 624 1664 680 enim
1690 621 1883 694 partim
1916 620 2056 675 bello
2087 615 2573 688 conlecti,'partim
2598 619 2652 674 in
2687 619 2950 672 victorum
2980 625 3023 681 Α
3067 615 3204 670 Ἀλλ’
3237 617 3287 668 ἐς

2721 619 2950 672 ictorum
2980 625 3023 681 Α
3067 615 3204 670 Ἀλλ’
3237 614 3564 684 ἐσφάλλοντο
3600 613 3700 684 τῆς
3735 613 3966 678 ἐλπίδος.
4016 614 4348 669 Πεπτὼκασι
4385 616 4516 688 γὰρ,
4548 622 4628 672 καὶ

1374 720 1624 787 regiones
1663 713 1946 785 asportati,
1983 712 2178 781 captivi
2227 719 2284 765 et
2337 711 2542 774 timidi,
2597 720 2650 764 et
2700 711 2950 764 omnibus

1374 811 1530 864 malis
1565 808 1811 865 exerciti.
1858 808 1930 861 At
1972 806 2060 859 ubi
2093 804 2233 875 Cyro
2276 804 2576 874 imperante
2618 818 2683 857 ex
2733 802 2951 872 regione

1370 903 1659 959 Persarum
1693 902 1744 955 in
1785 899 2055 954 civitatem
2101 905 2344 952 sanctam
2386 895 2588 950 reducti
2633 903 2780 956 sunt,
2831 903 2950 960 post

1371 994 1665 1066 separatim
1697 1001 1755 1046 et
1805 989 2033 1046 seorsim
2077 1003 2233 1058 reges
2261 988 2464 1042 habere
2508 986 2947 1054 supersederunt,

1370 1099 1665 1154 omnesque
1705 1081 2076 1152 Hierosolyma
2119 1080 2487 1142 incoluerunt,
2535 1089 2590 1132 et
2641 1077 2811 1147 legem
2856 1077 2947 1130 Dei

1370 1179 1678 1242 coluerunt,
1718 1176 1879 1245 inque
1914 1174 2086 1246 pretio
2114 1189 2178 1229 ac
2218 1173 2421 1228 honore
2459 1173 2792 1236 habuerunt;
2823 1178 2952 1223 tunc

1373 1275 1642 1328 immunes
1684 1268 2088 1338 incolumesque
2134 1266 2553 1321 fuerunteorum
2595 1263 2767 1325 liberi,
2799 1270 2852 1317 et
2881 1259 2946 1316 ad

1375 1367 1512 1420 filios
1542 1364 1774 1419 tiliorum
1821 1359 2196 1417 successiones
2231 1367 2610 1414 excorreront.
2635 1355 2768 1410 Tale
2797 1355 2950 1425 quid-

1371 1459 1494 1511 dam
1537 1439 1693 1510 docet
1733 1456 1848 1508 haec
1876 1452 2051 1508 oratio
2101 1465 2273 1516 nunc,
2306 1449 2560 1504 frumenti
2599 1455 2651 1504 et
2679 1446 2947 1517 spicarum

1371 1550 1525 1620 quasi
1554 1549 1781 1618 a‘nigtna
1809 1559 2131 1617 proponens.
2157 1543 2290 1598 Cum
2313 1544 2477 1606 enim,
2511 1541 2705 1612 inquit,
2737 1539 2948 1595 Domini

1375 1643 1465 1697 Dei
1509 1642 1583 1696 ttti
1628 1657 1732 1696 non
1780 1639 2127 1699 memineris,
2171 1651 2291 1692 eam
2339 1636 2410 1690 ob
2451 1649 2669 1689 causam
2719 1631 2950 1687 infidelis

1369 1735 1493 1798 erit,
1527 1741 1583 1788 et
1622 1748 1725 1787 non
1765 1731 1831 1786 ad
1866 1729 2280 1800 perpetuitatem
2333 1727 2544 1782 stabilis
2570 1725 2858 1796 plantatio,
2895 1723 2948 1778 id

1368 1837 1472 1890 cst,
1495 1839 1556 1878 ex
1590 1835 1643 1879 te
1685 1838 1867 1879 semen
1899 1835 1954 1877 et
1976 1837 2164 1893 genus.
2201 1821 2428 1888 Quando
2457 1829 2637 1874 autem
2670 1818 2948 1890 plantave—

1371 1917 1478 1979 ris,
1531 1926 1585 1970 et
1643 1930 1990 1970 numerosum
2045 1930 2214 1981 genus
2261 1913 2483 1976 videris,
2541 1922 2664 1966 tunc
2715 1908 2945 1964 errabis.

3055 712 3106 763 oi
3142 710 3242 781 μὲν
3275 710 3670 779 δεδαπάνηνται
3699 708 3778 776 τῷ
3806 707 4049 777 πολέμῳ,
4091 709 4142 761 οἱ
4191 707 4247 763 δέ
4302 709 4386 770 είς
4410 709 4511 770 τὰς
4537 711 4630 762 τῶν

3056 801 3421 871 νενικηκότων
3473 799 3902 870 ἀποκομίζονται
3951 795 4156 869 χώρας.
4189 799 4526 869 αἰχμάλωτοι
4551 803 4633 853 καὶ

3058 895 3328 958 περιδεεῖς
3359 895 3453 946 καὶ
3486 895 3544 946 ἐν
3578 893 3736 946 παντὶ
3775 893 4063 961 γεγονότες
4335 893 4556 965 Ἐπειδὴ
4582 895 4630 947 δέ

3059 984 3256 1056 καιροῦ
3285 983 3725 1049 διιππεύσαντος,
3743 983 4185 1055 ἀνεκομίσθησαν
4204 985 4268 1036 ἐκ
4293 985 4396 1054 τῆς
4421 985 4632 1054 Περσῶν

3059 1075 3240 1148 χώρας
3262 1079 3342 1141 εἰς
3373 1077 3472 1147 τὴν
3504 1077 3667 1146 ἀγίαν
3692 1077 3870 1139 πόλιν,
3907 1069 4028 1129 εἶτα
4067 1075 4366 1146 κατέληξαν
4417 1077 4515 1131 τοῦ
4539 1079 4632 1131 ἀνὰ

3061 1168 3229 1239 μέρος
3281 1166 3427 1238 ἔχειν
3464 1169 3592 1230 τοὺς
3638 1166 4044 1238 βασιλεύοντας,
4079 1169 4436 1239 κατῳκήκασι
4487 1167 4545 1221 δέ
4592 1171 4632 1221 οἱ

3060 1260 3260 1325 πάντες
3283 1259 3351 1313 τὰ
3388 1259 3756 1330 Ἰεροσόλυμα,
3775 1258 3872 1313 καὶ
3901 1257 3995 1312 τὸν
4019 1257 4114 1312 τοῦ
4147 1257 4283 1312 Θεοῦ
4319 1260 4630 1330 τετιμήκασι

3058 1353 3242 1423 νόμον·
3280 1351 3400 1406 τότε
3440 1352 3535 1405 καὶ
3563 1353 3622 1405 ἐν
3655 1351 3927 1422 ἀσφαλείᾳ
3972 1351 4263 1419 γεγόνασιν
4285 1352 4334 1403 oi
4371 1350 4431 1416 ἐξ
4465 1351 4630 1405 αὐτῶν

3059 1444 3268 1511 παῖδες,
3298 1443 3394 1496 καὶ
3427 1445 3506 1506 είς
3533 1441 3700 1496 τέκνα
3725 1442 3930 1498 τέκνων
3952 1441 4356 1512 δεδραμήκασιν
4385 1442 4442 1496 αί
4468 1442 4628 1497 διαδο-

3058 1535 3170 1607 χαί.
3201 1534 3454 1589 Τοιοῦτόν
3477 1552 3529 1587 τι
3549 1533 3790 1588 διδάσκει
3831 1533 3928 1586 καὶ
3976 1531 4074 1586 νῦν
4103 1534 4132 1587 ὁ
4186 1531 4367 1600 λόγος,
4399 1532 4477 1596 ὡς
4516 1535 4629 1605 περὶ

3059 1629 3208 1682 σίτου
3249 1628 3345 1680 καὶ
3394 1624 3683 1696 ἀσταχύων
3735 1626 3967 1696 αἴνιγμα
4015 1623 4206 1686 διδούς.
4249 1625 4472 1697 Ἐπειδὴ
4512 1626 4626 1695 γὰρ,

3058 1720 3213 1792 φησι,
3242 1718 3446 1790 Κυρίου
3474 1717 3569 1776 τοῦ
3616 1716 3753 1772 Θεοῦ
3809 1734 3902 1772 σου
3960 1716 4060 1770 οὐκ
4089 1715 4390 1788 ἐμνήσθης,
4438 1717 4628 1788 ταύτης

3055 1813 3222 1868 ἕνεκα
3250 1813 3349 1884 τῆς
3377 1812 3557 1874 αἰτίας
3584 1810 3814 1865 ἄπιστον
3846 1810 4024 1874 ἔσται,
4050 1809 4147 1863 καὶ
4170 1811 4272 1864 οὐκ
4293 1810 4537 1879 ἀσφαλὲς
4563 1813 4629 1874 ei;

3055 1906 3397 1977 διατήρησιν,
3429 1905 3566 1974 ὅπερ
3597 1903 3664 1958 ἂν
3694 1901 3969 1975 φυτεύσῃς
3998 1901 4272 1972 φύτευμα,
4327 1901 4479 1955 τοῦτ’
4506 1901 4626 1968 ἐστι,

1370 2001 1595 2055 Potabis
1639 2003 1783 2056 cnim
1839 2013 1889 2056 te
1937 2001 2304 2066 multitudine,
2347 2001 2539 2070 inquit,
2581 2001 2799 2065 niti;at
2843 2015 2948 2055 non
2982 1994 3023 2048 Β
3049 1998 3112 2052 τὸ
3140 2001 3205 2053 ἐκ
3234 2016 3281 2068 με

2743 2011 2799 2054 at
2843 2015 2948 2055 non
2982 1994 3023 2048 Β
3049 1998 3112 2052 τὸ
3140 2001 3205 2053 ἐκ
3234 1997 3402 2068 μέσου
3439 1996 3663 2066 σπέρμα
3689 2013 3750 2051 τε
3808 1995 3903 2049 καὶ
3933 1994 4109 2064 γένος.
4159 1996 4328 2049 Ὅταν
4348 1993 4410 2047 δέ
4444 1995 4631 2063 φυτεύ-

1370 2105 1495 2146 vere
1523 2090 1814 2161 reputabis.
1851 2089 2131 2159 Spicarnm
2164 2090 2306 2146 enim
2330 2089 2382 2143 in
2415 2105 2619 2145 morem
2652 2091 2867 2155 cadent,
2894 2098 2949 2144 et

1370 2197 1520 2253 spem
1549 2182 1603 2236 in
1637 2182 1741 2236 illis
1766 2181 1988 2237 omnino
2015 2183 2253 2252 reperies
2273 2196 2395 2237 esse
2425 2182 2689 2237 inutilem.
2710 2181 2765 2236 Si
2792 2197 2950 2237 mane

1370 2274 1630 2338 seminas,
1658 2273 1710 2326 id
1742 2283 1846 2340 est,
1887 2272 1931 2327 si
1963 2272 2016 2325 in
2043 2272 2162 2328 luce
2182 2274 2435 2338 versaris,
2461 2283 2513 2329 et
2543 2275 2757 2328 demum
2788 2287 2950 2344 agno-

1369 2362 1516 2417 veris
1550 2371 1742 2417 natura
1771 2372 1827 2418 et
1852 2377 1979 2418 vere
2008 2363 2357 2419 exsistentent
2390 2363 2694 2428 Dominum,
2729 2378 2950 2419 servan-

1369 2463 1476 2510 tem
1513 2453 1669 2509 facile
1699 2463 1754 2510 et
1787 2455 1855 2510 ad
1883 2455 2250 2526 opitulandum
2297 2465 2600 2526 potentem,
2651 2466 2777 2511 tunc
2806 2457 2948 2525 quod

1368 2559 1450 2603 est
1474 2548 1768 2619 plantatom
1797 2549 2009 2608 florebit
2048 2552 2100 2606 in
2141 2567 2404 2618 messem,
2438 2552 2490 2607 id
2518 2561 2620 2619 est,
2655 2550 2949 2607 fructiﬁca-

1369 2638 1464 2692 bit.
1501 2637 1709 2694 Etenim
1759 2641 2100 2697 immaturam
2145 2643 2347 2713 spicam
2382 2645 2651 2709 consumi,
2698 2643 2949 2715 agricolis

1368 2728 1528 2783 all‘ert
1562 2740 1670 2784 tum
1704 2729 1969 2796 laborum,
2005 2742 2114 2785 tum
2143 2734 2257 2802 spei
2283 2733 2587 2803 iacturam:
2621 2736 2687 2788 ad
2719 2749 2948 2789 messem

1369 2833 1498 2873 vero
1551 2822 1868 2890 pervenire,
1920 2837 2072 2893 spem
2127 2824 2219 2877 dat
2250 2825 2512 2879 bonorum
2558 2824 2946 2894 plenissimam.

1365 2907 1608 2966 Florebit
1647 2912 1811 2981 igitur
1837 2913 1888 2968 in
1921 2929 2176 2982 messem,
2215 2917 2264 2969 id
2309 2925 2413 2980 est,
2456 2915 2669 2985 plenum
2715 2915 2946 2971 fructum

1368 3007 1505 3058 feret
1538 3013 1624 3059 tua
1660 3006 1944 3076 plantatio,
1971 3009 2188 3076 quando
2213 3009 2271 3062 fit
2299 3009 2391 3062 tibi
2415 3024 2590 3074 mane,
2615 3009 2663 3062 id
2691 3018 2793 3074 est,
2827 3024 2948 3063 cum

1367 3099 1516 3152 velut
1552 3100 1603 3152 in
1635 3099 1755 3154 luce
1779 3115 1843 3154 ac
1872 3101 1980 3166 die,
2011 3110 2066 3154 et
2102 3102 2152 3154 in
2193 3101 2469 3170 agnitione
2501 3099 2592 3155 Dei
2622 3103 2823 3156 versari
2855 3101 2950 3156 de-

1365 3191 1738 3260 prehenderis.
1784 3189 1934 3246 Tunc
1975 3199 2030 3248 et
2055 3193 2208 3262 quasi
2259 3199 2414 3262 pater
2466 3194 2700 3248 hominis
2743 3204 2946 3249 sortem

1366 3281 1737 3351 snppeditahis
1805 3281 1928 3338 filiis
1996 3284 2100 3338 tuis
2169 3300 2184 3338 :
2249 3283 2581 3338 transmittas
2655 3285 2800 3339 enim
2877 3284 2944 3338 ad

1366 3371 1507 3426 ﬁlios
1572 3373 1715 3427 velut
1787 3384 1987 3428 sortem
2060 3374 2350 3445 quamdam
2424 3390 2490 3430 ac
2559 3377 2941 3446 patrimonium

1367 3463 1530 3517 animi
1563 3465 2025 3534 tranquillitatem,
2056 3479 2110 3522 et
2147 3468 2386 3538 supremi
2428 3469 2615 3524 auxilii
2642 3470 2944 3525 communi-

1365 3557 1658 3615 cationem.

1437 3825 1600 3882 Vnus.
1641 3826 1726 3893 l2,
1753 3828 1838 3882 l5.
1876 3826 1962 3882 γω
1985 3829 2312 3882 multitudini
2340 3829 2568 3899 gentium
2605 3829 2887 3883 multarum
2920 3831 2942 3884 !

1365 3921 1499 3975 sicut
1540 3936 1685 3973 mare
1716 3921 2002 3986 ﬂuctuans,
2033 3921 2109 3974 sic
2141 3922 2604 3982 routurbabimini,
2635 3932 2682 3975 et
2725 3923 2938 3974 dorsum

1363 4013 1595 4082 gentium
1626 4012 1937 4076 multarum,
1971 4022 2219 4080 tauquam
2253 4028 2388 4082 aqua
2421 4014 2662 4074 sonabit;
2689 4023 2938 4082 tanquam

1365 4121 1504 4175 aqua
1531 4104 1718 4164 multa,
1744 4115 1915 4172 gentes
1951 4105 2151 4167 multa’,
2182 4105 2331 4172 quasi
2369 4119 2520 4173 aqua:
2556 4105 2733 4158 multae
2763 4106 2808 4156 vi
2841 4104 2940 4156 im-

1361 4197 1552 4266 pulsa'.
1603 4194 1669 4248 Et
1725 4196 2088 4250 exterminabit
2131 4211 2269 4261 eum,
2304 4205 2351 4248 et
2410 4195 2560 4264 longe
2600 4211 2716 4248 eum
2761 4212 2938 4264 peru-

1362 4299 1570 4358 quetur,
1605 4298 1658 4342 ut
1695 4287 1952 4357 pulverem
1980 4287 2145 4356 palea:
2170 4287 2532 4341 uentilautium
2561 4303 2737 4342 coram
2766 4299 2935 4355 vento,

1361 4389 1412 4434 et
1444 4381 1599 4448 quasi
1627 4380 1887 4448 pulverem
1921 4389 2048 4432 rota:
2081 4387 2355 4446 tempestas
2388 4381 2674 4450 impellens.

1433 4473 1549 4528 Non
1607 4471 1862 4541 relinquit
1908 4470 2178 4526 lsraelitas
2229 4473 2597 4527 consolatione
2651 4476 2937 4531 destitutos

1363 4566 1732 4622 univcrsitatis
1766 4565 1904 4619 Deus
1930 4566 2203 4620 hominum
2235 4580 2443 4631 amans,
2476 4583 2733 4637 spemque
2768 4570 2935 4623 hono-

3052 2106 3170 2164 σῃς,
3214 2090 3309 2145 καὶ
3338 2089 3474 2143 πολὺ
3497 2087 3724 2157 γεγονὸς
3757 2087 3892 2158 ἴδῃς.
3932 2087 4054 2141 τότε
4083 2086 4436 2159 πλανηθήσῃ.
4468 2089 4631 2159 οἰήσῃ

3053 2182 3152 2253 μέν
3169 2182 3298 2253 γὰρ,
3320 2181 3477 2253 φησὶ,
3503 2181 3579 2250 τῷ
3601 2178 3794 2248 πλήθει
3817 2177 4194 2250 τεθαρσηκὼς.
4213 2178 4329 2232 ἀλλ’
4345 2180 4450 2234 οὐκ
4470 2180 4632 2249 ἀληθῆ

3048 2274 3228 2346 λογιῇ.
3260 2271 3579 2343 Ἀσταχύων
3607 2270 3715 2342 γὰρ
3740 2269 3898 2340 δίκην
3921 2269 4233 2331 πεσοῦνται,
4259 2271 4356 2323 καὶ⁸
4385 2269 4632 2339 ἀνόνητον

3048 2367 3304 2436 εὑρήσεις
3338 2363 3622 2426 παντελῶς
3644 2362 3745 2434 τὴν
3780 2361 3872 2415 ἐπί
3910 2378 3974 2432 γε
3999 2361 4209 2424 τούτοις
4227 2361 4446 2417 ἐλπίδα.
4483 2363 4560 2416 Τὸ
4587 2363 4634 2416 δὲ

3051 2456 3198 2530 πρωῒ
3225 2457 3320 2510 ἐὰν
3353 2456 3603 2526 σπείρης,
3625 2453 3770 2508 τοῦτ’
3800 2452 3970 2517 ἐστιν,
3998 2453 4058 2504 ἐν
4091 2453 4232 2523 φωτὶ
4263 2454 4534 2522 γεγονὼς,
4550 2454 4634 2506 καὶ

3047 2549 3232 2603 λοιπὸν
3252 2549 3507 2616 ἐπιγνοὺς
3533 2547 3626 2600 τὸν
3653 2544 3812 2616 φύσει
3841 2562 3900 2598 τε
3922 2545 4018 2600 καὶ
4041 2543 4256 2617 ἀληθῶς
4281 2545 4412 2599 ὅντα
4435 2543 4635 2599 Δεσπό-

3050 2661 3169 2714 την,
3220 2641 3462 2706 σώζοντά
3507 2657 3565 2693 τε
3602 2639 3800 2711 ῥᾳδίως
3853 2639 3948 2691 καὶ
3995 2638 4308 2709 ἐπικουρεῖν
4361 2638 4631 2707 ἰσχύοντα·

3047 2733 3172 2786 τότε
3201 2734 3262 2786 τὸ
3284 2731 3711 2801 πεφυτευμένον,
3739 2729 3858 2801 ἦτοι
3889 2727 4247 2799 κατασπαρέν
4278 2728 4512 2799 ἀνθήσει
4560 2731 4633 2790 είς

3049 2825 3280 2896 ἀμητὸν,
3311 2822 3464 2876 τοῦτ’
3487 2823 3623 2885 ἔστι,
3673 2820 4224 2892 τελεσφορηθήσεται·
4249 2821 4310 2873 τὸ
4341 2820 4457 2891 γὰρ
4507 2821 4635 2892 πρό-

3049 2933 3192 2988 ωρον
3225 2914 3569 2968 δαπανᾶσθαι
3621 2912 3712 2965 τὸν
3769 2911 4034 2982 ἀσταχυν,
4083 2911 4287 2982 ζημίαν
4331 2913 4429 2966 καὶ
4464 2912 4636 2967 πόνων

3049 3007 3145 3060 καὶ
3169 3006 3381 3067 ἐλπίδος
3405 3005 3624 3076 ἐμποιεῖ
3651 3004 3762 3066 τοῖς
3781 3005 4039 3072 γηπονεῖν
4069 3002 4341 3056 εἰωθόσιν
4363 3005 4426 3057 τό
4443 3022 4512 3072 γε
4535 3007 4635 3076 μὴν

3049 3099 3131 3162 εἰς
3157 3096 3368 3167 ἀμητόν
3405 3095 3602 3158 ἐλθεῖν,
3637 3093 4020 3164 πληρεστάτην
4049 3094 4231 3149 δίδωσι
4255 3095 4358 3165 τὴν
4388 3096 4478 3148 ἐπ’
4505 3098 4635 3163 ἀγα-

3050 3191 3162 3253 θοῖς
3185 3190 3396 3242 ἐλπίδα.
3438 3188 3689 3256 Ἀνθήσει
3720 3186 3903 3239 τοίνυν
3930 3187 4011 3250 είς
4037 3185 4270 3257 ἀμητὺν.
4320 3186 4475 3240 τοῦτ’
4501 3187 4633 3249 ἑστι,

3048 3278 3577 3350 τελεσφορηθήσεται
3633 3276 3696 3331 τὸ
3745 3277 3839 3330 σὺν
3888 3275 4162 3348 φύτευμα,
4217 3278 4391 3331 ὄτ“ἂν
4412 3279 4634 3349 γένηταί

3049 3389 3133 3426 σοι
3164 3370 3330 3443 πρωῒ,
3361 3369 3507 3424 τοῦτ’
3536 3369 3702 3434 ἐστιν,
3728 3369 3856 3422 ὅταν
3879 3367 4111 3440 εὑρεθῇς
4158 3369 4235 3433 ὡς
4278 3371 4338 3424 ἐν
4363 3372 4509 3439 φωτὶ
4549 3373 4635 3425 καὶ

3047 3463 3235 3534 ἡμέρᾳ
3268 3462 3364 3514 καὶ
3395 3462 3454 3514 ἐν
3480 3458 3773 3528 ἐπιγνώσει
3811 3457 3948 3511 Θεοῦ
3981 3459 4240 3528 γεγονώς.
4269 3459 4406 3512 Τότε
4447 3461 4632 3523 καὶώς

3045 3555 3229 3628 πατὴρ
3263 3553 3551 3625 ἀνθρώπου
3583 3551 3842 3625 κληρώσῃ
3873 3553 3984 3614 τοῖς
4013 3553 4148 3614 υἱοῖς
4177 3568 4296 3607 σου.
4327 3553 4631 3625 Παραπέμο

3043 3649 3167 3718 ψεις
3187 3648 3296 3719 γὰρ
3325 3649 3404 3710 εἰς
3429 3647 3584 3707 υἱοὺς
3632 3645 3886 3716 καθάπερ
3916 3644 4037 3700 τινά
4095 3643 4297 3716 κλῆρον
4346 3646 4449 3718 τὴν
4480 3647 4632 3700 εὐθυ-

3044 3743 3174 3814 μίαν
3221 3742 3316 3795 καὶ
3341 3740 3443 3810 τῆς
3470 3739 3674 3794 ἄνωθεν
3707 3737 4028 3810 ἐπικουρίας
4073 3737 4171 3809 τὴν
4203 3737 4446 3809 μέθεξιν.

3117 3833 3261 3888 Οὐαὶ
3286 3833 3518 3901 πλῆθος
3549 3831 3741 3887 ἐθνῶν
3768 3829 4018 3886 πολλῶν
4034 3830 4055 3883 .’
4086 3830 4168 3896 ὡς
4207 3829 4500 3886 θάλασσα
4527 3849 4624 3885 κν·

3037 3926 3364 3995 μαίνουσα.
3381 3924 3536 3978 οὕτω
3566 3922 4022 3992 ταραχθήσεσθε
4046 3937 4059 3949 ·
4089 3920 4188 3974 καὶ
4216 3920 4413 3987 νῶτος
4441 3923 4628 3977 ἐθνῶν

3042 4015 3323 4081 πολλῶν,
3357 4016 3438 4080 ὡς
3466 4014 3623 4082 ὕδωρ
3667 4014 3887 4084 ήχήσει
3921 4028 3934 4043 ·
3971 4014 4051 4080 ὡς
4095 4012 4254 4082 ὕδωρ
4283 4014 4449 4068 πολὺ
4487 4015 4624 4082 ἔθνη

3042 4107 3266 4174 πολλὰ,
3282 4107 3360 4173 ὡς
3376 4106 3593 4172 ὕδατος
3617 4105 3850 4160 πολλοῦ
3861 4105 3970 4172 βίᾳ
3990 4106 4499 4175 καταφερομένου.
4517 4108 4624 4162 Καὶ

3039 4199 3468 4269 ἀποσκορακιεῐ
3494 4198 3699 4264 αὐτὸν,
3732 4197 3831 4252 καὶ
3862 4197 4058 4266 πόρῤω
4097 4197 4287 4250 αὐτὸν
4321 4197 4587 4263 ὄιώξεται
4607 4240 4623 4260 .

3040 4295 3121 4361 ὡς
3163 4291 3355 4364 χνοῦν
3383 4292 3611 4359 ἀκύρου
3653 4288 4000 4359 λικμώντων
4029 4287 4324 4345 ἀπέναντι
4362 4290 4583 4359 ἀνέμου
4605 4330 4623 4343 .

3041 4387 3138 4441 καί
3167 4387 3247 4452 ὡς
3282 4384 3589 4452 κονιορτὸν
3625 4383 3840 4452 τροχοῦ
3878 4381 4145 4451 καταιτὶς
4169 4381 4464 4451 φέρουσα.

3113 4481 3226 4533 Οὐκ
3262 4475 3682 4548 ἀπαρακλήτους
3716 4477 3783 4546 ἐᾷ
3821 4475 3948 4538 τοὺς
3976 4474 4034 4540 ἐξ
4075 4474 4292 4546 Ἰσραὴλ
4324 4475 4628 4546 φιλάνθρωο

3043 4589 3143 4634 πος
3192 4569 3268 4622 ὢν
3312 4570 3340 4621 ό
3373 4568 3481 4622 τῶν
3530 4569 3666 4621 ὅλων
3709 4567 3866 4630 Θεὸς,
3897 4565 4391 4620 συνεισϐάλλουσαν
4440 4568 4495 4621 δὲ
4543 4567 4630 4636 τῷ

1360 4676 1478 4713 rom
1521 4675 1642 4713 cum
1690 4669 1837 4712 metu
1880 4672 2245 4726 smpenumero
2269 4657 2434 4728 270
2461 4659 2588 4712 facit
2626 4659 2935 4730 conﬂigere,
2973 4684 3016 4739 ι)
3044 4663 3195 4733 φόϐῳ
3223 4661 3271 4714 τί

2714 4659 2935 4730 tﬂigere,
2973 4684 3016 4739 μ)
3044 4663 3195 4733 φόϐῳ
3223 4661 3321 4733 τὴν
3366 4663 3450 4714 ἐπ’
3485 4659 3709 4729 ἀγαθοῖς
3756 4657 3946 4712 ἐλπίδα
3996 4660 4236 4712 ποιεῖται
4285 4657 4625 4720 πλειστάκις,

1361 4752 1521 4819 idque
1551 4760 1694 4819 apte,
1720 4759 1776 4803 ut
1804 4749 2054 4818 utrinque
2073 4749 2222 4818 jnvet
2243 4752 2540 4805 audientes.
2577 4749 2725 4814 Quod
2760 4752 2941 4822 itaque

1359 4841 1608 4893 civitates
1647 4855 1834 4912 eorum
1878 4840 1930 4892 in
1963 4839 2352 4894 desolationem
2391 4841 2693 4910 redigenda:
2737 4851 2938 4908 essent,

1359 4931 1560 4984 dictum
1601 4942 1685 4984 est
1729 4929 2053 4984 manifesto:
2088 4940 2141 4982 et
2172 4946 2291 5000 qua:
2331 4930 2672 4986 aﬂlictionum
2705 4937 2938 5000 occasio,

1359 5024 1562 5089 docuit,
1594 5038 1714 5076 cum
1742 5024 1817 5076 ait
1844 5042 1858 5078 :
1891 5023 2232 5092 Dereliquisti
2259 5023 2539 5078 Dominutn
2579 5025 2741 5079 Deum
2766 5033 2938 5091 tuum,

1362 5126 1416 5169 et
1443 5115 1654 5169 Domini
1677 5114 1770 5170 Dei
1797 5117 1874 5169 tui
1908 5116 2172 5182 adjutoris
2201 5133 2305 5171 non
2329 5119 2637 5172 recordatus
2657 5133 2736 5172 es.
2759 5116 2861 5171 Sed
2895 5118 2940 5172 is

1361 5209 1452 5278 qui
1468 5207 1753 5277 percussit,
1771 5208 2056 5262 confestim
2069 5223 2127 5262 se
2143 5223 2451 5263 curaturunt
2468 5210 2749 5279 promittit.
2766 5209 2942 5278 Expo-

1365 5305 1440 5354 nit
1466 5309 1644 5353 autem
1667 5300 1920 5368 quiddam
1941 5303 2082 5370 qttod
2104 5301 2320 5363 accidit,
2340 5303 2481 5371 quod
2501 5313 2717 5371 propter
2733 5303 2938 5356 utilita-

1363 5403 1469 5445 tem
1489 5391 1674 5458 paucis
1704 5391 1884 5444 dicere
1913 5407 2137 5447 necesse
2167 5403 2266 5446 est.
2303 5392 2531 5446 Ezecbia
2560 5393 2665 5447 illis
2689 5394 2941 5463 tempori-

1363 5487 1462 5538 bus
1479 5485 1627 5553 regni
1655 5483 1834 5537 sedem
1853 5495 2150 5554 occopante
2192 5485 2600 5554 Hierosolymis,
2625 5486 2938 5542 Sennache-

1365 5578 1465 5629 rint
1496 5558 1589 5627 rex
1616 5572 1956 5644 Assyriorqu
1979 5585 2163 5630 contra
2186 5577 2347 5629 urbes
2370 5576 2563 5630 Jodara:
2589 5579 2822 5632 munitas
2846 5593 2938 5631 ex-

1363 5666 1630 5734 peditione
1649 5665 1810 5728 facta,
1833 5679 1924 5718 cas
1950 5668 2109 5734 cepit.
2153 5666 2420 5735 Scriptum
2453 5677 2534 5721 est
2559 5669 2702 5722 coitu
2735 5669 2932 5724 sic“‘:

1364 5759 1496 5812 Dein
1549 5759 1759 5826 ablegat
1810 5756 2107 5826 liapsaccm
2153 5776 2217 5814 ex
2276 5759 2480 5816 Laches
2531 5759 2827 5818 Jerusalem
2877 5775 2934 5816 ut

1435 5939 1502 5972 “'
1534 5935 1597 5990 iV
1631 5936 1760 6008 Reg.
1805 5954 1959 6004 xvm,
1993 5955 2107 5994 xix.

3043 4755 3137 4808 καὶ
3185 4753 3341 4807 τοῦτο
3393 4751 3772 4823 οἰκονομικῶς,
3805 4752 3894 4806 ἵνα
3918 4750 3984 4803 δι’
4022 4750 4223 4819 ἀμφοῖν
4271 4749 4459 4822 ὠφελῇ
4501 4751 4633 4812 coit;

3045 4844 3449 4916 ἀκροωμένους.
3502 4845 3626 4898 ’Ότι
3672 4843 3852 4896 τοίνυν
3906 4840 4364 4913 ἐρημωθήσονται
4423 4843 4518 4912 μὲν
4564 4843 4632 4894 αἱ

3043 4939 3227 5000 πόλεις
3277 4936 3475 5001 αὐτῶν,
3509 4936 3726 5008 εἴρηται
3757 4935 3942 5005 σοφῶς
3963 4950 3977 4964 ·
4025 4933 4118 4988 καὶ
4146 4933 4276 4986 ποία
4307 4932 4500 5001 γέγονε
4531 4926 4633 4980 τοῦ

3046 5028 3235 5082 παθεῖν
3263 5030 3296 5098 ὴ
3327 5028 3619 5100 πρόφασις,
3651 5025 3854 5092 ἐδίδαξε
3880 5025 4084 5094 λέγων,
4110 5026 4193 5079 ὅτι
4233 5022 4635 5092 Ἐγκατέλιπες

3043 5119 3248 5192 Κύριον
3293 5119 3384 5172 τὸν
3416 5119 3546 5172 Θεόν
3581 5135 3676 5172 σου
3701 5159 3716 5182 ,
3761 5118 3855 5171 καὶ
3886 5117 4087 5188 Κυρίου
4135 5114 4229 5170 τοῦ
4281 5112 4481 5186 βοηθοῦ
4526 5127 4634 5162 σου

3044 5213 3143 5266 οὐκ
3198 5212 3492 5284 ἐμνήσθης.
3541 5212 3725 5264 Ἀλλ’ό
3767 5210 3978 5282 πλήξας
4022 5209 4184 5272 εὐθὺς
4229 5206 4638 5277 ἐπαγγέλλεται
4675 5223 4679 5225 “

3043 5303 3138 5357 καὶ
3191 5303 3404 5373 μοτοῦν.
3466 5303 3772 5372 Ἐξηγεῖται
3825 5302 3883 5355 δέ
3926 5318 3980 5353 τι
4029 5299 4400 5371 συμϐεὸηκὸς,
4451 5299 4478 5352 δ
4521 5297 4638 5348 καὶ

3043 5396 3216 5448 εἰπεῖν
3242 5395 3534 5463 ἀναγκαῖον
3555 5394 3629 5457 ὡς
3661 5394 3738 5446 ἔνι
3768 5394 3946 5462 λόγοις
3971 5393 4060 5445 διὰ
4081 5390 4179 5462 τὴν
4212 5391 4428 5462 χρείαν.
4474 5386 4638 5450 Ἐζε-

3045 5483 3163 5554 χίου
3226 5485 3368 5538 κατὰ
3419 5485 3646 5555 καιροὺς
3694 5484 3819 5546 τοὺς
3870 5485 3969 5554 τῆς
4016 5480 4293 5552 βασιλείοις
4346 5480 4636 5540 διέποντος

3045 5579 3264 5651 θρόνους
3308 5581 3366 5631 ἐν
3410 5581 3522 5641 τοῖς
3582 5575 3996 5647 Ἱεροσολύμοις,
4030 5572 4196 5642 ἀνέϐη
4249 5568 4643 5640 Σενναχηρεὶμ.

3047 5671 3296 5741 βασιλεὺς
3341 5669 3640 5741 ’Λσσυρίων
3683 5670 3776 5721 ἐπὶ
3822 5667 3918 5730 τὰς
3969 5665 4151 5727 πόλεις
4199 5664 4455 5723 Ἰουδαίας
4510 5659 4643 5720 τὰς

3042 5763 3265 5833 ὀχυρὰς,
3292 5765 3384 5816 καὶ
3415 5761 3604 5815 ἐλαϐεν
3629 5762 3819 5824 αύτάς.
3849 5759 4161 5830 Γέγραπται
4190 5758 4300 5828 γὰρ
4331 5755 4453 5808 ὡδί·
4477 5743 4646 5805 Εἷτι
