4110 6514
197 364 314 421 455

166 577 440 660 ἧορκῆσαι
473 575 670 646 αὐτὴν,
700 575 758 638 ὃς
800 576 864 646 δὴ
895 577 990 630 καὶ
1020 577 1338 660 ἀφιγμένος,
1369 575 1784 647 κατεφλυάρησε

166 658 176 680 ⁵
199 669 306 738 μὲν
337 670 436 739 τῆς
467 667 629 737 δόξης
656 667 750 719 τοῦ
787 667 1001 720 πάντων
1034 666 1192 738 ἡμῶν
1207 658 1471 740 Σωτῆρος
1500 667 1635 720 Θεοῦ
1657 683 1669 695 ·
1709 667 1785 739 μὴ

195 758 312 828 γὰρ
349 757 612 811 δύνασθαι
662 756 953 823 διασώζειν
1007 758 1225 822 αὐτοὺς,
1289 758 1392 811 κᾶν
1442 759 1490 810 εἰ
1547 757 1788 828 βούλοιτο

195 849 362 902 τοῦτο
406 849 583 921 δρᾷν,
635 850 663 902 ὁ
719 851 1023 922 παράφρων
1067 850 1370 904 διετείνετο.
1419 851 1688 922 Βαρϐάρῳ
1733 849 1788 902 δὲ

196 937 420 1010 γλώττῃ
467 939 562 992 καὶ
599 939 675 1009 νῷ
708 939 1067 1010 κεχρημένος,
1093 938 1232 1007 ἔγνω
1278 942 1341 1010 τῇ
1383 939 1548 1010 πείρᾳ
1579 937 1786 1009 μαθὼν,

197 1032 283 1083 ὅτι
319 1030 553 1101 σκληρδν
584 1030 858 1102 ἀνθρώπῳ
901 1030 1066 1083 παντὶ
1099 1032 1195 1098 τῆς
1241 1030 1498 1084 ἀνωτάτω
1528 1029 1789 1083 κατεπαί-

201 1121 400 1192 ρεσθαι
457 1122 638 1192 δόξης.
701 1122 920 1192 Ἐξῆλθε
978 1122 1087 1194 γὰρ
1144 1123 1371 1190 ἄγγελος
1433 1121 1661 1192 Κυρίου,
1693 1121 1790 1173 καὶ

197 1216 415 1268 ἀνεῖλεν
450 1217 507 1268 ὲν
539 1217 640 1286 μιᾷ
671 1216 827 1268 νυκτὶ
858 1216 923 1269 ὲκ
955 1216 1051 1284 τῆς
1094 1214 1447 1286 παρεμϐολῆς
1489 1214 1598 1266 τῶν
1627 1213 1786 1266 ἀλλο-

198 1309 390 1377 φύλων
427 1309 620 1362 ἑκατὸν
653 1309 981 1380 ὀγδοήκοντα
1018 1308 1177 1362 πέντε
1212 1307 1489 1378 χιλιάδας·
1521 1308 1615 1360 καὶ
1652 1308 1786 1360 ἀνα-

200 1402 434 1466 στάντες
472 1401 534 1454 τὸ
573 1400 738 1473 πρωῒ,
783 1397 940 1472 εὗρον
987 1401 1163 1455 πάντα
1208 1400 1276 1453 τά
1316 1399 1546 1471 σώματα
1597 1399 1785 1470 νεκρά.

212 1493 442 1565 Ἐπειδὴ
473 1494 530 1548 δὲ
560 1495 668 1546 τῶν
699 1492 1176 1564 προσδοκηθέντων
1203 1494 1231 1546 ὁ
1258 1490 1563 1562 πεπομφὼς
1589 1489 1789 1559 ἐσφάλ-

198 1586 348 1652 λετο,
379 1587 523 1658 φημὶ
551 1586 614 1656 δὴ
643 1585 1033 1657 Σενναχηρεὶμ,
1085 1585 1419 1655 ὑπενόστησε
1452 1583 1651 1652 φυγὰς.
1695 1582 1790 1636 καὶ

204 1678 365 1749 μόλις
397 1678 632 1742 ἐσώζετο
677 1679 744 1731 τὰ
776 1679 914 1730 οἴκοι
963 1675 1307 1738 καταλαϐὼν,
1339 1677 1386 1728 εί
1431 1675 1524 1729 καὶ
1572 1673 1789 1727 διόλωλε

201 1772 302 1824 καὶ
333 1771 435 1824 οὐκ
468 1771 546 1834 είς
578 1770 796 1841 μακρὰν
825 1770 929 1823 ὑπὸ
958 1769 1067 1824 τῶν
1099 1769 1292 1824 ἑαυτοῦ
1343 1769 1568 1824 παίδων.
1633 1767 1788 1836 Ἐγέ-

1328 365 1395 419 IN
1434 364 1670 421 lSAlAM
1709 365 1835 421 LIB.
1874 366 1938 422 ll.
1979 366 2217 424 TOMUS
2257 367 2341 423 ΙΙΙ.

123 494 131 511 “
199 487 417 558 πέμπει
456 484 734 554 Ῥαψάκην
765 488 828 538 ὲκ
859 486 1058 555 Λαχείς
1106 487 1187 549 εἰς
1245 484 1600 556 Ἰερουσαλὴμ
1639 484 1790 537 πολι-

1898 500 2010 540 eam
2031 485 2330 552 obsideret;
2361 486 2450 554 qui
2478 487 2565 540 ubi
2595 488 2849 555 venisset,
2872 489 3207 560 majestatem
3233 493 3475 546 omnium

1889 584 2132 630 nostrqu
2176 576 2487 632 Servatoris
2533 577 2624 632 Dei
2670 579 2858 633 habuit
2902 581 3148 636 derisui:
3191 597 3293 636 non
3333 582 3476 637 enim

1889 684 2047 739 posse
2093 685 2188 725 eos
2228 684 2468 730 servare.
2511 671 2613 724 etsi
2659 671 2760 726 hoc
2805 671 2932 726 velit
2963 673 3214 736 maxime,
3245 671 3479 728 aﬂirma-

1891 763 1999 817 bat.
2034 762 2320 816 Barbarica
2342 765 2521 816 autem
2547 761 2724 833 lingua
2748 779 2812 818 ac
2834 775 3012 820 mente
3047 781 3198 831 usus,
3225 769 3478 836 cognovit

1891 855 2219 924 experientia
2275 853 2534 916 edoctus,
2592 854 2785 910 durum
2848 871 2970 911 esse
3040 856 3243 910 homini
3306 859 3480 914 cuivis

1892 957 2077 1000 eontra
2109 961 2417 1016 supremam
2449 945 2785 1014 majestatem
2818 960 2939 1001 sese
2983 947 3250 1002 attollere.
3283 947 3476 1015 Egres-

1891 1054 1982 1093 sus
2009 1049 2092 1094 est
2118 1039 2262 1094 enim
2297 1036 2523 1109 angelus
2564 1037 2799 1103 Domini,
2835 1047 2884 1092 et
2919 1038 3138 1092 sustulit
3173 1055 3276 1093 una
3317 1050 3477 1095 nocte

1890 1146 1956 1185 ex
1987 1130 2178 1186 castris
2208 1130 2632 1201 alienigenarum
2673 1139 2890 1184 centum
2921 1131 3197 1201 octoginta
3237 1133 3479 1201 quinque

1892 1221 2079 1288 millia,
2107 1237 2169 1276 ac.
2201 1230 2484 1292 surgentes
2510 1235 2667 1275 mane
2695 1220 3018 1275 invenerunt
3044 1222 3223 1275 omnia
3251 1237 3475 1291 corpora

1891 1321 2124 1367 mortua.
2153 1313 2216 1366 Et
2247 1328 2367 1366 cum
2397 1312 2803 1382 exspectatione
2825 1311 3119 1368 frustratus
3146 1322 3290 1368 esset
3319 1313 3365 1368 is
3382 1314 3473 1382 qui

1893 1405 2061 1468 misit,
2107 1405 2495 1459 Senuaclterim
2543 1405 2794 1474 inquam,
2832 1419 3082 1459 reversus
3107 1415 3193 1458 est
3224 1405 3470 1474 perfuga,

1891 1505 1944 1552 et
1966 1505 2212 1550 servatus
2235 1505 2317 1549 est
2345 1496 2430 1548 vix
2455 1509 2550 1550 sua
2574 1495 2717 1548 domi
2745 1509 3069 1564 recuperatis
3098 1512 3111 1547 :
3139 1494 3268 1562 quin
3291 1502 3345 1546 et
3364 1493 3479 1562 ipse

1894 1588 2191 1644 trucidatus
2224 1597 2311 1642 est
2359 1603 2462 1642 non
2517 1589 2674 1658 longe
2708 1597 2884 1657 posta
2917 1586 3031 1642 suis
3063 1586 3207 1642 ﬁliis.
3253 1585 3476 1642 Factum

1891 1691 1992 1743 est.
2046 1682 2256 1752 inquit,
2287 1681 2412 1734 dum
2462 1681 2715 1736 adorarct
2765 1682 2911 1735 domi
2966 1697 3078 1737 suae
3134 1682 3338 1736 Saracb
3387 1696 3478 1750 pa-

1895 1774 2165 1829 trarcbum
2209 1787 2396 1836 suum,
2433 1771 2787 1826 Adramelecb
2829 1782 2887 1827 et
2930 1772 3179 1837 Sarasar,
3212 1773 3305 1828 lilii
3340 1773 3475 1858 ejus,

198 1881 327 1916 νετο
356 1863 482 1931 γὰρ,
510 1863 694 1932 φησὶν,
724 1864 781 1915 ὲν
809 1861 886 1934 τῷ
917 1863 1238 1932 προσκυνεῖν
1264 1861 1426 1916 αὐτὸν
1457 1861 1513 1913 ἐν
1545 1859 1622 1931 τῷ
1653 1859 1788 1930 οἴκῳ

1898 1880 2014 1921 eum
2052 1865 2233 1934 gladio
2280 1863 2666 1919 confoderunt.
2699 1863 2868 1931 Hujus
2919 1863 3162 1920 historiae
3211 1865 3313 1920 hoc
3359 1844 3479 1919 loco

199 1953 374 2007 αὑτοῦ
424 1953 663 2025 Ἀσαράχ
716 1953 807 2006 τὸν
865 1955 1180 2025 πάτραρχον
1222 1953 1407 2018 αὑτοῦ,
1454 1952 1790 2024 Ἀδραμελὲχ

201 2048 301 2102 καὶ
332 2048 610 2119 Σαρασάρ,
639 2051 687 2102 oi
711 2049 818 2102 υἱοὶ
847 2049 1036 2115 αὐτοῦ,
1090 2048 1367 2114 ἐπάταξαν
1395 2047 1559 2101 αὑτὸν
1590 2047 1790 2118 μαχαί-

204 2157 353 2209 ραις.
387 2140 602 2210 Ταύτης
627 2140 992 2214 διαμέμνηται
1018 2143 1114 2212 τῆς
1144 2141 1383 2212 ἱστορίας
1408 2141 1436 2193 ὁ
1460 2138 1791 2217 προφητικὸς

200 2234 341 2301 ἡμῖν
385 2233 446 2284 ὲν
485 2231 694 2295 τούτοις
744 2231 920 2301 λόγος,
958 2234 1057 2304 τὴν
1099 2233 1156 2286 δέ
1204 2251 1269 2303 γε
1318 2233 1425 2286 τῶν
1491 2230 1791 2302 Ἀσσυρίων

203 2324 395 2392 ἔφοδον
421 2328 840 2397 προαφηγεῑται,
868 2325 960 2380 καί
980 2343 1164 2395 φησιν·
1197 2327 1334 2380 Οὐαὶ
1358 2324 1559 2395 πλῆθος
1585 2322 1787 2378 ἐθνῶνί

204 2417 302 2468 καὶ
331 2416 400 2468 τα
445 2414 653 2480 τούτοις
680 2417 766 2487 ἐφ’
795 2417 940 2488 ἑξῆς.
972 2417 1259 2482 Ταλανίζει
1299 2417 1397 2486 μὲν
1434 2417 1542 2486 γάρ
1572 2415 1788 2480 αὐτοὺς,

203 2505 280 2568 ὡς
310 2507 439 2558 ὅσον
485 2505 606 2558 οὐδέ
646 2525 732 2560 πω
763 2507 1188 2580 τεθνηξομένους
1233 2507 1292 2560 ὲν
1331 2507 1442 2570 τοῖς
1499 2491 1794 2577 Ἱεροσολῦ-

207 2616 354 2669 μοις,
380 2598 683 2662 διόλλυντος
731 2599 988 2668 ἀγγέλου.
1034 2599 1154 2651 Ὅτι
1183 2597 1239 2652 δὲ
1267 2598 1368 2670 οὐχ
1406 2598 1464 2652 ἓν
1507 2594 1576 2669 ἦν
1620 2597 1792 2663 ἔθνος,

205 2690 440 2742 πλεῖστα
487 2690 544 2742 δὲ
607 2691 826 2759 μᾶλλον,
874 2691 1234 2745 διαδείκνυσιν
1277 2691 1544 2762 ἐναργῶς,
1595 2691 1795 2762 πλῆθος

200 2782 380 2834 ἐθνῶν
425 2783 706 2852 ὀνομάζων
753 2785 912 2839 αὑτά.
975 2783 1245 2856 Ἐπῄεσαν
1294 2784 1353 2838 δὲ
1392 2787 1514 2847 ταῖς
1566 2783 1792 2855 χώραις,

203 2876 328 2944 ἤτοι
363 2879 483 2939 ταῖς
515 2875 702 2928 πόλεσι
748 2876 848 2946 τῆς
892 2877 1170 2943 Ἰουδαίας,
1202 2876 1279 2941 ὡς
1325 2876 1468 2948 ὕδωρ
1513 2876 1648 2930 πολὺ
1700 2878 1795 2930 καὶ

202 2965 280 3030 ὡς
325 2966 423 3038 βία
457 2967 922 3038 καταφερόμενον,
955 2969 1050 3022 καὶ
1083 2968 1347 3040 θορύϐους
1375 2969 1660 3039 ἐμποιοῦν,
1699 2969 1796 3039 μό·

204 3076 296 3110 νον
321 3059 380 3111 δὲ
408 3059 532 3128 οὐχὶ
560 3059 836 3130 θαλάσσης
865 3059 1020 3131 δίκην
1046 3060 1156 3116 τῶν
1185 3060 1594 3132 ἀνθεστηκότων
1629 3077 1796 3113 κατα-

205 3149 596 3220 κυμαίνοντες.
652 3150 840 3203 Νῶτον
891 3150 950 3203 δὲ
1010 3152 1208 3215 αὐτοὺς
1258 3151 1467 3206 πολλῶν
1517 3151 1686 3204 ὲθνῶν
1737 3152 1796 3204 ὲν

1892 1957 2143 2012 meminit
2204 1957 2360 2010 nobis
2421 1971 2604 2011 sermo
2659 1956 3042 2026 propheticus;
3100 1957 3480 2026 incursumun

1891 2049 2243 2121 Assyriorum
2290 2057 2702 2117 praemonstrat,
2746 2063 2810 2102 ac
2862 2048 3083 2117 inquit:
3121 2049 3207 2103 Vae
3240 2049 3476 2119 gentium

1893 2142 2185 2197 multarum
2212 2139 2571 2204 multitudini,
2604 2151 2658 2196 et
2695 2155 2815 2210 qua
2851 2151 3276 2210 consequuntur.
3311 2140 3479 2212 Luget

1893 2234 2034 2290 enim
2093 2248 2187 2290 eos
2229 2233 2457 2288 miseros
2495 2233 2652 2302 quasi
2702 2232 2928 2304 jamjam
2983 2233 3298 2301 morituros,
3352 2249 3475 2304 per-

1893 2325 2054 2380 dente
2095 2324 2306 2394 angelo.
2362 2323 2515 2391 Quod
2559 2334 2741 2379 autem
2791 2341 2898 2381 non
2949 2341 3051 2378 una
3104 2323 3265 2380 fuerit
3310 2340 3500 2395 gens,_

1895 2419 1989 2474 sed
2045 2417 2262 2487 plures,
2313 2419 2652 2473 demonstrat
2705 2419 3023 2487 perspicue,
3074 2435 3196 2474 cum
3241 2419 3478 2488 gentium

1897 2512 2295 2568 multitudinem
2328 2510 2592 2565 nominat.
2626 2509 2946 2565 luvaserunt
2976 2521 3153 2566 autem
3177 2512 3480 2581 provincias

1895 2616 1990 2657 seu
2021 2600 2183 2655 urbes
2227 2597 2426 2654 Judaeaa
2465 2599 2609 2652 velut
2664 2615 2802 2668 aqua
2859 2599 3099 2668 copiosa,
3137 2609 3193 2653 et
3221 2609 3478 2669 tanquam
3520 2597 3522 2599 ’

1897 2693 2129 2761 impetus
2169 2706 2323 2761 aqua:
2374 2689 2674 2745 desilientis
2720 2699 2775 2744 et
2811 2690 3227 2753 murmurantis,
3271 2699 3477 2744 tantum

1898 2800 2002 2838 non
2028 2785 2194 2838 maris
2224 2787 2275 2836 in
2306 2797 2512 2836 morem
2541 2790 2729 2837 contra
2757 2781 3102 2836 adversarios
3131 2782 3477 2840 inundantes.

1895 2874 2180 2930 Iucursant
2207 2886 2385 2929 autem
2421 2889 2636 2942 semper
2668 2883 2878 2943 tergum
2910 2889 3098 2927 eorum
3129 2874 3218 2944 qui
3250 2875 3480 2945 fugiunt,

1897 2968 1950 3022 bi
1982 2967 2071 3035 qui
2112 2974 2542 3035 persequuntur.
2572 2963 2803 3018 Dorsum
2831 2978 2960 3019 vero
2991 2963 3043 3017 in
3076 2964 3160 3019 bis
3192 2964 3480 3020 multarum

1897 3060 2137 3130 gentium
2172 3058 2424 3128 appellat,
2453 3073 2520 3112 eo
2562 3055 2706 3124 quod
2739 3055 2920 3110 multa:
2949 3065 3140 3126 gentes
3169 3061 3308 3128 apud
3340 3059 3483 3126 ipsos

1899 3150 2273 3222 persecutione
2305 3159 2637 3218 premantur.
2689 3148 2889 3204 Deinde
2918 3159 3103 3217 postea
3147 3152 3482 3205 extermina-

202 3241 422 3304 τούτοις
469 3241 755 3302 ἀποκαλεῖ,
799 3240 970 3294 διάτοι
1008 3243 1070 3294 τὸ
1117 3242 1285 3296 πολλά
1324 3241 1616 3296 διώκεσθαι
1665 3243 1794 3314 παρ’

1898 3209 1975 3296 bit
2002 3256 2150 3307 eum,
2177 3209 2369 3309 inquit,
2406 3239 2458 3293 id
2485 3249 2590 3303 est,
2617 3255 2646 3291 a
2681 3251 2832 3308 tergo
2861 3209 3058 3306 mittet,
3089 3249 3143 3294 et
3171 3242 3329 3312 271
3360 3257 3482 3297 eum

202 3328 391 3382 αὐτῶν
431 3329 580 3398 ἔθνη.
618 3329 885 3400 Τρέχουσι
924 3331 981 3384 δὲ
1013 3330 1156 3385 κατά
1194 3329 1362 3384 νώτου
1400 3331 1579 3401 πάντη
1608 3347 1668 3383 τε
1699 3330 1794 3383 καὶ

203 3423 434 3486 πάντως
462 3421 568 3474 τῶν
618 3421 927 3490 φευγόντων
957 3424 1004 3476 οἱ
1035 3422 1344 3487 διώκοντες.
1393 3419 1525 3475 Εἶτα
1571 3422 1624 3474 τί
1655 3422 1795 3493 μετά

203 3515 407 3577 τοῦτο;
446 3515 864 3585 ’Δποσκορακιεῖ
877 3515 1058 3580 αὐτὸν,
1079 3516 1235 3585 φησι,
1259 3513 1403 3568 τοῦτ’
1430 3514 1594 3576 ἔστιν,
1620 3514 1794 3566 ὀπίσω

205 3606 448 3676 πέμψει,
481 3605 572 3659 καὶ
599 3606 790 3678 πόρρω
817 3607 979 3660 αὑτὸν
1007 3605 1277 3672 διώξεται,
1303 3607 1378 3669 ὡς
1405 3605 1564 3676 χνοῦν
1586 3605 1793 3676 ἀχύρου

205 3695 533 3768 λικμώντων
557 3697 822 3751 ἀπέναντι
845 3697 1071 3768 ἀνέμου,
1093 3697 1189 3750 καὶ⁸
1208 3696 1282 3761 ὡς
1309 3696 1582 3767 κονιορτὸν
1601 3693 1796 3766 τροχοῦ

206 3789 527 3857 καταιγίδος
575 3790 833 3860 φέρουσα.
883 3789 949 3842 Τί
1005 3788 1114 3859 γὰρ
1161 3787 1334 3852 οὕτως
1372 3787 1794 3857 εὐδιαρίπιστον,

1901 3331 2057 3402 longe
2103 3341 2476 3401 persequetur,
2507 3331 2662 3401 quasi
2716 3334 2989 3398 pulverem
3043 3333 3210 3401 palea:
3259 3335 3486 3388 ventiia-

1903 3434 2017 3479 tum
2060 3442 2088 3478 a
2117 3433 2298 3488 vento,
2327 3434 2382 3479 et
2417 3433 2474 3477 ιιι
2507 3423 2863 3492 pulvisculum
2895 3434 3022 3479 rotze
3069 3426 3229 3481 turbo
3253 3425 3482 3482 auferet.

1901 3518 2038 3584 Quid
2066 3526 2149 3573 est
2177 3517 2320 3572 enim
2373 3516 2452 3570 sic
2485 3516 2598 3570 leve
2643 3527 2698 3571 et
2746 3517 2946 3571 mobile
2969 3558 2985 3582 ,
3027 3526 3083 3570 ιιι
3115 3518 3291 3586 pulvis
3327 3528 3485 3575 vento

1903 3610 2090 3678 rapido
2137 3624 2205 3664 ex
2250 3609 2382 3664 rotis
2431 3617 2486 3664 et
2529 3623 2657 3661 area
2709 3609 3062 3664 sordidante?
3111 3610 3264 3678 Quod
3305 3623 3484 3666 autem

1896 3701 2216 3756 discesserit
2250 3700 2508 3767 fugitivus
2546 3699 2940 3755 Seuuacberim
2964 3741 2978 3764 ,
3010 3702 3265 3770 probabit
3292 3704 3483 3760 dicens

1893 3791 1942 3847 ei
1981 3790 2348 3846 universitatis
2372 3789 2531 3855 Dens,
2567 3805 2698 3845 voce
2728 3791 2878 3845 lsaia-
2904 3812 2916 3846 :
2955 3813 2972 3844 ι
3000 3791 3066 3846 Et
3089 3793 3324 3860 iniiciam
3352 3797 3483 3849 reti-

205 3884 284 3948 ὡς
331 3882 461 3953 χοῦς
492 3884 555 3936 ὲκ
591 3881 784 3954 τροχοῦ
830 3883 924 3936 καὶ
960 3883 1183 3946 ἀλῶνος,
1233 3882 1542 3952 πνεύματος
1587 3880 1792 3952 λάϐρου

1898 3881 2142 3936 naculum
2174 3881 2286 3935 nari
2322 3889 2448 3947 tum,
2478 3891 2534 3935 et
2566 3883 2776 3936 frenum
2812 3881 2894 3936 ori
2938 3893 3051 3949 tuo,
3092 3893 3146 3938 et
3192 3895 3400 3938 vertam
3433 3895 3486 3940 te

206 3973 748 4041 κατασπιλάζοντοςς
803 3975 923 4028 Ὅτι
965 3975 1019 4029 δὲ
1048 3975 1219 4046 ᾤχετο
1251 3975 1430 4045 φυγὰς
1456 3977 1485 4028 ό
1517 3975 1785 4045 Σενναχη⁹

1893 3976 1945 4029 in
1979 3975 2060 4028 via
2089 3990 2194 4043 qua
2229 3973 2419 4028 venisti
2453 3974 2539 4028 δν.
2574 3993 2591 4024 ι

209 4069 370 4140 ρεὶμ,
401 4064 734 4119 πιστώσεται
761 4065 936 4134 λέγων
963 4067 992 4119 ὁ
1016 4065 1125 4119 τῶν
1151 4065 1286 4120 ὅλων
1310 4065 1442 4129 Θεὸς
1468 4066 1602 4138 πρὸς
1640 4066 1802 4119 αὐτὸν
1839 4065 1929 4120 διὰ
1968 4066 2152 4136 φωνῆς
2193 4065 2448 4119 Ἦσαῒουο
2485 4085 2502 4117 ι
2541 4067 2651 4120 Καὶ
2684 4068 2908 4138 ἐμϐαλῶ
2940 4068 3105 4140 φιμὸν
3129 4073 3209 4135 εἰς
3235 4071 3334 4142 τὴν
3364 4072 3482 4143 ρίνα

210 4176 334 4224 σου,
363 4158 461 4210 καί¹
493 4155 706 4228 χαλινὸν
725 4159 803 4220 είς
826 4156 894 4210 τὰ
924 4154 1074 4228 χείλη
1107 4173 1225 4220 σου,
1260 4157 1352 4208 καὶ
1374 4156 1704 4228 ἀποστρέψω
1733 4173 1794 4208 σε
1829 4156 1886 4208 ἐν
1919 4158 1984 4226 τῇ
2025 4155 2128 4225 ὁδῷ
2231 4151 2396 4226 ἦλθες
2431 4157 2488 4209 ἐν
2518 4157 2677 4228 αὐτῇ.
2718 4176 2736 4208 ι

281 4253 448 4322 Πρὸς
478 4251 747 4320 ἑσπέραν
781 4251 952 4306 ἔσται
989 4252 1210 4319 πένθος
1235 4252 1377 4320 πρὶν
1420 4253 1458 4320 ἢ
1489 4253 1659 4320 πρωϊ,
1703 4252 1800 4306 καὶ

208 4349 327 4402 οὐκ
345 4346 542 4400 ἔσται.
557 4346 718 4413 Αὕτη
735 4345 772 4413 ή
785 4345 954 4415 μερὶς
973 4343 1091 4398 τῶν
1118 4343 1275 4414 ὑμᾶς
1287 4347 1330 4375 δ’
1349 4342 1802 4413 προνομευσὰνι

208 4457 358 4505 των,
404 4438 506 4493 καὶ
531 4439 899 4508 κληρονομία
947 4435 1066 4490 τῶν
1114 4436 1269 4507 ὑμᾶς
1299 4435 1800 4506 κληρονομησάν-

213 4545 358 4582 των.

285 4619 512 4683 Φθάσας
564 4618 700 4688 ἔφην
745 4620 826 4673 ὅτι
875 4619 1216 4690 περιστήσας
1270 4621 1298 4671 ὁ
1363 4617 1644 4688 Ῥαψάκης
1700 4618 1810 4680 τοῖς

224 4711 634 4783 Ἱεροσολύμοις
658 4711 720 4764 τὸ
750 4711 1009 4781 μάχιμον,
1047 4710 1143 4764 καὶ
1171 4711 1272 4764 οὐκ
1300 4713 1379 4775 είς
1409 4707 1627 4780 μακρὰν
1655 4709 1812 4779 αἱρή-

216 4821 338 4857 σειν
392 4804 564 4868 αὑτὴν
616 4803 945 4873 ἀπειλήσας,
999 4802 1248 4856 ἀπόλωλε
1305 4802 1648 4874 πανστρατιᾷ
1704 4800 1812 4871 πρὸ

213 4895 395 4965 αὐγῆς
425 4895 520 4947 καὶ
545 4893 780 4965 ἡμέρας.
815 4893 1015 4958 Πένθος
1052 4894 1231 4947 τοίνυν
1273 4893 1448 4960 ἔσται,
1484 4894 1638 4964 φησι,
1675 4891 1812 4964 πρὸς

215 4988 486 5056 ἑσπέραν,
522 4989 743 5050 πάντως
774 5004 876 5040 που
923 4987 1414 5058 προσδοκησάντων
1458 4987 1514 5038 ὲν
1557 4989 1670 5049 τοῖς
1712 4986 1809 5038 Ἰε-

219 5079 547 5151 ροσολύμοις
568 5077 787 5132 ἔσεσθαι
821 5078 982 5150 πρωῒ,
1015 5080 1110 5133 καὶ
1134 5079 1227 5132 τοῦ
1258 5078 1494 5149 πολέμου
1521 5077 1618 5148 τὴν
1647 5095 1814 5148 προσ-

218 5172 412 5243 ϐολὴν,
441 5171 578 5224 ἀλλά
607 5172 883 5225 πέπαυται
911 5171 1016 5240 πρὸ
1051 5171 1245 5240 αὐγῆς.
1283 5170 1382 5222 Διά
1423 5168 1581 5222 τοῦτὸ
1622 5183 1807 5237 φησιν’

224 5267 430 5319 Ἔσται
458 5265 556 5333 μὲν
589 5264 784 5326 πένθος
815 5263 948 5332 πρὸς
969 5263 1208 5333 ἑσπέραν
1234 5280 1246 5292 ·
1292 5263 1392 5315 οὐκ
1420 5261 1572 5313 ἔσται
1602 5261 1658 5314 δὲ
1689 5261 1816 5330 πρὶν

221 5358 255 5428 ἦ
288 5358 462 5427 πρωϊ,
495 5357 636 5410 τοῦτ’
670 5355 806 5418 ἔστι,
838 5355 1176 5407 πεπαύσεται
1200 5354 1292 5406 καὶ
1316 5351 1611 5423 καταλήξει
1638 5351 1697 5405 τὸ
1719 5351 1816 5405 δάε

218 5465 397 5518 κρυον
418 5463 431 5475 ⁸
467 5449 560 5501 καὶ
578 5447 712 5517 ὁμοῦ
736 5449 848 5510 τοῖς
881 5448 944 5499 ὲκ
970 5446 1064 5499 τοῦ
1100 5445 1291 5500 παθεῖν
1319 5445 1596 5515 οἰχήσεται
1626 5443 1814 5514 δείμα-

220 5557 312 5593 σιν
350 5539 768 5610 ἐπικουροῦντος
793 5536 927 5590 Θεοῦ
950 5576 964 5601 ,
1001 5539 1096 5590 καὶ
1126 5537 1442 5606 παραδόξως
1477 5535 1814 5606 ἀνῃρηκότος

217 5632 324 5696 τάς
356 5632 469 5684 τῶν
499 5631 772 5701 πολεμίων
803 5630 1088 5700 φάλαγγας
1109 5667 1122 5694 ,
1154 5630 1247 5682 καὶ
1273 5627 1499 5699 προσέτι
1528 5626 1620 5695 τὸν
1655 5625 1816 5698 ἡγού-

302 5793 349 5825 υ
383 5791 540 5862 Sept.
573 5793 741 5862 ἡμᾶς,
777 5799 834 5845 υι
866 5791 917 5844 in
954 5788 1115 5846 llcbr.
1196 5787 1260 5819 “‘
1299 5783 1400 5841 lsa.
1440 5798 1645 5849 xxxv",
1682 5781 1774 5838 29.

1983 4253 2140 4306 Vens.
2182 4252 2265 4304 Η.
2306 4251 2386 4304 Ad
2426 4269 2694 4322 vesperum
2729 4256 2829 4306 er?!
2858 4255 3030 4307 luctus
3087 4266 3364 4327 antequam
3414 4259 3482 4312 sit

1907 4344 2223 4410 diluculum,
2253 4355 2300 4398 et
2336 4361 2438 4398 non
2469 4345 2586 4399 erit.
2639 4344 2766 4398 [hec
2796 4347 2894 4399 erit
2945 4348 3119 4412 portio
3169 4348 3482 4417 deprwdan-

1907 4438 2036 4488 tium
2061 4451 2166 4500 vos,
2193 4445 2240 4488 et
2282 4434 2564 4488 hereditas
2593 4451 2772 4489 eorum
2797 4437 2886 4506 qui
2914 4447 3112 4491 vestras
3147 4438 3482 4493 Itwredilales

1908 4528 2200 4580 adiverum.

1983 4618 2100 4671 Dixi
2140 4619 2191 4672 in
2225 4617 2602 4683 superioribus
2647 4620 2813 4687 quod,
2877 4636 3000 4674 cum
3053 4620 3327 4688 Rapsaces
3380 4623 3479 4674 cir-

1915 4710 2249 4765 cumsideret
2277 4708 2656 4780 Hierosolyma
2693 4751 2709 4777 ,
2751 4722 2807 4766 et
2841 4712 3132 4767 bellatores
3188 4729 3293 4765 non
3332 4714 3492 4782 longo

1909 4813 2029 4874 post
2055 4802 2339 4858 intervallo
2379 4803 2832 4873 interet'npturum
2873 4805 3323 4868 comminaretur,
3361 4816 3489 4858 ante

1909 4895 2082 4948 lucem
2129 4905 2184 4948 et
2237 4895 2376 4948 diem
2438 4911 2560 4948 cum
2599 4905 2710 4950 toto
2761 4898 3007 4951 exercitu
3057 4896 3239 4965 periit.
3286 4897 3489 4951 Luctus

1907 4983 2072 5053 igitur
2110 4983 2236 5046 erit,
2297 4983 2491 5052 inquit,
2538 4986 2638 5040 sub
2679 5000 2986 5055 vesperum,
3041 5001 3256 5055 semper
3295 5003 3488 5055 exspe-

1911 5076 2223 5130 ctanctibus
2275 5075 2788 5147 llierosnlymitanis
2827 5120 2842 5145 ,
2905 5079 3023 5134 fore
3064 5096 3226 5133 mane
3261 5081 3489 5147 impres-

1912 5167 2119 5222 sionem
2172 5167 2407 5236 bellique
2477 5169 2784 5237 impetum;
2852 5187 3037 5224 vcrum
3088 5172 3323 5226 cessavit
3366 5185 3492 5228 ante

1917 5257 2117 5324 lucem,
2159 5258 2365 5312 idcirco
2403 5261 2480 5314 ait
2531 5278 2545 5314 :
2598 5261 2711 5314 Erit
2751 5262 2967 5330 quidam
3027 5263 3202 5317 luctus
3255 5264 3488 5333 vesperi,

1913 5352 2005 5406 sed
2037 5361 2326 5422 antequam
2364 5354 2624 5416 lucescat,
2678 5369 2783 5408 non
2824 5355 2952 5418 erit,
2987 5356 3036 5408 id
3075 5364 3198 5419 est,
3241 5357 3488 5420 desistet,

1912 5453 1968 5497 et
1993 5443 2201 5498 desinet
2235 5443 2474 5517 lacryma
2503 5487 2517 5511 ,
2553 5455 2606 5502 et
2659 5447 2820 5502 simul
2876 5463 2998 5501 cum
3047 5457 3192 5503 metu
3253 5448 3489 5517 pmicndi

1913 5533 2170 5600 facessat,
2236 5537 2598 5593 subveniente
2655 5537 2806 5604 Deo,
2848 5549 2904 5593 et
2950 5538 3342 5592 admirabiliter
3391 5538 3487 5590 bu-

1911 5625 2085 5681 stilcm
2121 5626 2291 5682 aciem
2331 5626 2614 5695 fundente,
2647 5638 2701 5685 et
2750 5630 2940 5687 ducem
2972 5630 3194 5700 insuper
3216 5643 3280 5684 ex
3341 5637 3483 5682 terra

3372 375 3478 433 435
3555 428 3559 433 .
