4840 6558
586 1333 590 1402 ι

585 1407 592 1542 ξ

586 1561 592 1628 i

1230 369 1302 427 55
2181 370 2238 428 S.
2280 371 2556 428 CYRILLI
2598 371 3064 430 ALEXANDRINI
3103 371 3421 430 ARCHIEP.
4351 358 4455 420 436

1195 489 1424 546 Iudaica
1463 491 1819 561 proﬂigaute.
1874 491 1986 545 lloc
2012 494 2176 546 etiam
2208 495 2400 548 beatus
2457 495 2623 549 David
2678 496 2764 550 in-
2796 509 2840 566 Α
2875 513 3036 568 μενον
3078 499 3103 550 ἐ

2544 495 2623 549 vid
2678 496 2764 550 in-
2796 509 2840 566 Α
2875 513 3036 568 μενον
3078 495 3428 562 ἐξελάσαντος
3469 493 3568 564 τῆς
3613 491 3881 546 Ἰουδαίων
3909 490 4032 562 γῆς.
4082 487 4255 543 Τοῦτο
4292 487 4386 540 καὶ
4425 490 4455 542 ὁ

1137 613 1148 626 -
1200 593 1547 653 terpretatur.
1575 585 1759 638 dicens
1787 599 1802 637 :
1833 603 1851 636 t
1886 585 2107 654 Vesperi
2138 587 2562 641 commorabitur
2586 586 2768 652 ﬂetus,

1193 687 1248 729 et
1286 690 1442 728 mane
1464 676 1759 730 exsultatio
1793 678 1858 730 ⁸³.
1899 697 1917 730 ι
1957 676 2060 731 Sed
2090 677 2224 745 haec,
2252 680 2450 749 inquit,
2479 695 2619 746 sors,
2657 680 2770 736 haec

1193 781 1317 831 pars
1351 779 1536 820 eormn
1568 768 1657 836 qui
1695 770 1917 837 praedati
1959 779 2086 824 sunt
2139 785 2258 834 vos,
2306 781 2359 826 et
2415 773 2561 826 velut
2608 787 2767 827 suum

1197 858 1972 931 patrimoniumdiripuerunt.
2027 863 2296 918 Convellit
2357 865 2444 920 hic
2488 864 2768 930 lsraelem,

1188 949 1332 1016 quod
1383 965 1443 1003 ea
1486 950 1890 1021 designaveriut
1941 955 2064 1021 ipsi,
2099 957 2239 1010 unde
2287 972 2384 1026 par
2411 967 2525 1011 erat
2556 972 2769 1028 gentem

1196 1050 1364 1092 totam
1395 1041 1656 1095 radicitus
1689 1042 1877 1096 deleri.
1916 1045 2342 1099 (Iommiseralur
2401 1063 2587 1101 rursus
2631 1049 2769 1117 ipse,

1191 1141 1244 1183 et
1281 1143 1454 1186 morte
1502 1133 1724 1189 umlctat
1762 1149 1855 1190 eos
1895 1137 1986 1205 qui
2015 1138 2266 1205 populum
2301 1139 2401 1192 sibi
2440 1141 2768 1194 destinatum

1193 1226 1528 1293 diripuerant
1563 1243 1576 1277 :
1617 1247 1634 1278 ι
1669 1227 1862 1283 Divisit
1913 1230 2058 1284 enim
2090 1272 2103 1296 ,
2171 1232 2399 1300 inquit,
2461 1233 2772 1288 Altissimus

1196 1324 1405 1383 gentes,
1451 1317 1706 1385 dispersit
1749 1317 1886 1373 ﬁlios
1917 1319 2088 1372 Adam
2119 1361 2132 1384 ,
2184 1323 2465 1375 constituit
2501 1324 2767 1377 terminos

1194 1407 1606 1475 gentiumjuxta
1647 1426 1929 1465 numerum
1969 1413 2282 1482 angelorum
2321 1413 2433 1468 Dei.
2489 1414 2551 1469 Et
2595 1415 2770 1470 factus

1195 1507 1278 1550 est
1313 1500 1488 1566 portio
1541 1499 1752 1554 Domini
1807 1502 2036 1570 populus
2092 1503 2208 1572 ejus
2258 1503 2446 1569 Iacob,
2503 1505 2772 1561 funiculus

1196 1589 1524 1644 lncroditatis
1543 1592 1656 1660 ejus
1686 1592 1849 1647 Israel
1869 1595 1991 1648 ⁸³⁸.»
2015 1596 2278 1651 Caeterum
2306 1599 2413 1651 hoc
2438 1597 2568 1651 mihi
2596 1599 2772 1652 adhuc

1196 1683 1566 1751 contemplare
1609 1685 1952 1741 articulatius
2006 1697 2058 1742 et
2112 1689 2386 1752 subtilius,
2424 1701 2478 1744 et
2531 1690 2693 1744 veluti
2742 1708 2770 1743 a

1195 1775 1356 1827 rebus
1386 1777 1551 1844 gestis
1591 1777 1867 1844 historice,
1901 1781 1965 1831 ad
2003 1781 2300 1848 penitiores
2333 1781 2602 1834 descende
2643 1796 2773 1834 seu-

2876 591 3141 662 μακάριος
3193 589 3356 642 Δαϐὶδ
3418 587 3695 658 ἐξηγεῖται
3750 584 3959 652 λέγων·
4019 601 4038 636 ι
4096 582 4172 636 Τδ
4216 581 4456 650 ἑσπέρας

2873 679 3256 751 αὖλισθήσεται
3295 677 3592 748 κλαυθμὸς,
3623 677 3718 730 καὶ
3747 679 3827 740 είς
3853 675 4000 745 πρωῒ
4048 674 4395 744 ἀγαλλίασις.
4432 693 4450 724 ι

2886 775 3024 828 Ἀλλ’
3060 769 3235 837 οὗτος,
3279 771 3465 843 φησὶν,
3509 773 3537 824 ὁ
3565 770 3767 842 κλῆρος
3786 787 3801 802 ⁸
3835 769 3974 839 αὕτη
4017 768 4075 822 δὲ
4105 769 4200 821 καὶ
4232 770 4265 839 ἦ
4297 769 4458 838 μερξ

2872 867 2980 920 τῶν
3035 868 3178 936 ὑμᾶς
3230 864 3718 936 προνομευσάντων
3772 861 3868 915 καὶ
3920 859 4332 931 διαρπαζόντων
4381 859 4459 920 ὡς

2876 960 3003 1014 ἴδιον
3035 959 3256 1029 κλῆρον.
3297 955 3662 1019 Κατονειδίζει
3707 952 3795 1008 διὰ
3837 952 4049 1006 τούτων
4087 952 4216 1015 τοὺς
4260 950 4319 1016 ἐξ
4360 952 4459 1003 ἰσσ

2875 1051 3031 1122 ραὴλ,
3073 1051 3154 1104 ὃτι
3201 1049 3518 1120 πεπράκασι
3561 1049 3658 1118 μέν
3701 1046 3855 1100 αὐτοὶ
3890 1044 3960 1098 τὰ
3990 1043 4058 1098 δι’
4087 1037 4162 1098 ὧν
4211 1038 4280 1112 ἦν
4310 1041 4460 1105 εἰκὸς

2872 1141 3149 1212 ὁλόρριζον
3180 1138 3474 1193 ἀπολέσθαι
3502 1138 3562 1190 τὸ
3591 1137 3763 1200 ἔθνος,
3812 1134 4176 1204 κατοικτείρει
4205 1132 4262 1185 δὲ
4296 1131 4458 1184 πάλιν

2872 1233 3055 1296 αὐτὸς,
3106 1232 3200 1286 καὶ
3240 1231 3456 1302 θανάτῳ
3506 1230 3723 1293 κολάζει
3758 1229 3886 1292 τοὺς
3929 1224 4335 1298 διαρπάζοντας
4366 1223 4459 1276 τὸν

2874 1325 3246 1397 ἐκνεμηθέντα
3272 1325 3396 1377 λαὸν
3425 1322 3596 1392 αὐτῷ.
3621 1324 3781 1375 «Ὅτε
3815 1321 3944 1391 γὰρ,
3979 1319 4132 1389 φησι,
4151 1313 4462 1388 διεμέριζεν

2873 1421 2901 1471 ὁ
2924 1418 3184 1486 ’Ύψιστος
3212 1415 3361 1485 ἔθνη,
3389 1417 3462 1479 ὡς
3490 1416 3796 1486 διέσπειρεν
3819 1412 3969 1474 υἱοὺς
4010 1409 4201 1480 Ἀδὰμ,
4235 1407 4461 1474 ἔστησεν

2874 1512 2998 1582 ὅρια
3040 1510 3208 1565 ἐθνῶν
3242 1510 3382 1563 κατὰ
3430 1508 3663 1580 ἀριθμὸν
3696 1505 3946 1574 ἀγγέλων
3979 1503 4116 1556 Θεοῦ
4141 1518 4154 1532 ·
4206 1500 4302 1555 καὶ
4342 1501 4463 1567 ἐγε-

2874 1600 3012 1670 νήθη
3051 1600 3209 1670 μερὶς
3257 1600 3496 1669 Κυρίου·
3537 1597 3664 1659 λαὸς
3707 1595 3874 1650 αὑτοῦ
3910 1592 4124 1657 Ἰακὼϐ,
4172 1591 4465 1661 σχοίνισμα

2876 1694 3240 1767 κληρονομίας
3283 1693 3446 1747 αὑτοῦ
3488 1691 3722 1763 Ἰσραήλ.
3764 1710 3784 1743 ι
3826 1688 3988 1742 Ἀλλά
4028 1705 4118 1758 μοι
4155 1686 4294 1758 πρὸς
4337 1684 4472 1738 τού--

2876 1802 2991 1846 τοις
3017 1785 3236 1837 κάκεῖνο
3264 1783 3419 1853 ἄθρει
3447 1783 3677 1845 λεπτῶς,
3726 1782 3820 1835 καῖ⁹
3846 1779 3920 1843 ὡς
3951 1779 4058 1832 ἀπό
4085 1794 4149 1843 γε
4181 1776 4290 1830 τῶν
4320 1778 4466 1828 ἱστο-

1197 1866 1411 1918 tentias.
1440 1864 1572 1918 Cum
1607 1866 1786 1936 impia:
1817 1878 1868 1922 et
1905 1869 2230 1924 adversariae
2252 1880 2571 1936 potestates,
2611 1886 2766 1941 aqum
2804 1856 2846 1910 Β
2875 1875 3043 1948 puni);
3097 1893 3108 1906 ·

2557 1912 2571 1934 ν
2611 1886 2766 1941 aqitae
2804 1856 2846 1910 Β
2875 1875 3043 1948 ρικῶς
3097 1875 3399 1944 γεγονότων
3451 1877 3530 1938 εἰς
3562 1873 3771 1936 ἐννοίας
3819 1871 3982 1944 ἔρχου
4041 1870 4140 1933 τὰς
4179 1868 4461 1920 ἐσωτάτω.

1196 1958 1446 2011 violenta:
1504 1959 1673 2012 instar
1725 1961 1776 2012 in
1828 1970 2066 2015 nostram
2113 1963 2349 2017 animam
2405 1961 2630 2030 eﬂ'usm,
2688 1965 2771 2018 vel

1193 2051 1434 2104 externis
1469 2051 1788 2106 invadentes
1831 2055 2256 2120 tentationibus,
2308 2057 2392 2110 vel
2444 2057 2621 2111 insitis
2653 2071 2773 2109 mo-

1198 2145 1338 2198 tibus
1366 2147 1581 2211 carnis,
1641 2152 1874 2200 mentem
1929 2149 2064 2202 bene
2125 2149 2474 2203 constitutam
2526 2148 2776 2204 obsidere

1196 2238 1580 2304 aggrediuntur
1613 2255 1624 2288 :
1655 2252 1721 2293 ue
1755 2240 1805 2292 in
1833 2253 2083 2292 enervem
2109 2241 2448 2295 timiditatem
2484 2241 2771 2306 delabere,

1196 2325 1358 2394 272
1387 2328 1628 2395 quisquis
1677 2327 1909 2397 palmam
1956 2345 2018 2382 ac
2076 2331 2277 2399 primas
2317 2330 2478 2395 ferre,
2545 2331 2652 2385 Deo
2686 2332 2776 2399 ju-

1197 2428 1375 2480 vante,
1404 2417 1630 2486 cogitas;
1652 2420 1746 2473 sed
1778 2419 1848 2472 illi
1875 2419 2307 2488 potittsinnixns,
2344 2436 2559 2475 omnem
2592 2431 2770 2478 terro-

1200 2523 1309 2560 rem
1346 2511 1715 2577 cxsuperabis.
1749 2512 1900 2578 Quod
1927 2512 2071 2565 enim
2105 2513 2310 2567 auxilio
2334 2513 2474 2567 illius
2506 2515 2775 2584 petiturus

1199 2603 1286 2665 sit,
1328 2603 1576 2656 dubitare
1617 2605 1706 2671 qui
1751 2604 1922 2657 licet?
1961 2604 2118 2657 Novit
2165 2606 2309 2658 enim
2338 2606 2596 2660 Dominus
2653 2607 2775 2675 pios

1197 2695 1408 2761 eripere
1445 2709 1509 2747 ex
1566 2696 1881 2761 tentatione,
1931 2707 1982 2750 et
2044 2697 2234 2752 beatus
2284 2696 2482 2750 Paulus
2540 2697 2773 2753 scribit:

1208 2803 1225 2834 4
1267 2785 1467 2840 Potens
1503 2796 1586 2839 est
1637 2785 1798 2852 Deus,
1857 2797 1913 2840 ιιι
1958 2804 2063 2842 ιιοιι
2106 2789 2388 2857 permittat
2435 2803 2529 2842 vos
2579 2790 2776 2844 tentari

1200 2876 1338 2928 ultra
1393 2877 1534 2944 quod
1578 2879 1805 2946 potestis
1836 2920 1850 2943 ,
1902 2878 1997 2932 sed
2049 2877 2250 2932 elilciet
2306 2895 2427 2932 cmn
2484 2881 2778 2940 teutatioue

1198 2969 1424 3033 exitum,
1460 2980 1512 3021 nt
1549 2971 1817 3023 sustinere
1847 2985 1942 3023 vos
1987 2969 2284 3038 queatis“.
2322 2989 2337 3019 ι
2375 2970 2439 3022 Ει
2477 2981 2533 3022 ιιι
2574 2972 2780 3025 l’saltes

1200 3062 1271 3114 ait
1309 3081 1320 3114 :
1356 3079 1372 3108 ι
1415 3062 1908 3115 Casii-uinetabitur
1942 3061 2167 3132 angelus
2204 3060 2418 3115 Domini
2465 3063 2516 3116 in
2546 3063 2775 3117 circuitu

1199 3155 1502 3208 timentium
1537 3169 1680 3218 eum,
1707 3164 1758 3208 et
1806 3154 2003 3221 eripiet
2038 3169 2133 3206 eos
2165 3153 2230 3205 ⁸⁸.
2271 3173 2288 3204 ι
2345 3155 2572 3220 Quando
2611 3155 2776 3209 etiam

1199 3248 1373 3314 ignari
1410 3263 1687 3301 sacrorum
1717 3247 2027 3316 dogmatum
2054 3246 2293 3300 hmrctici
2339 3262 2433 3300 sua
2468 3246 2594 3299 freti
2646 3261 2778 3300 con-

1202 3340 1437 3391 tumacia
1469 3340 1755 3408 insurgunt
1790 3347 1976 3392 contra
2013 3339 2259 3391 veritatis
2305 3337 2561 3398 cultores.
2595 3352 2776 3391 acres-

1199 3447 1304 3498 que
1325 3441 1374 3483 et
1406 3431 1638 3483 audaces
1670 3430 2013 3496 adoriuntur,
2068 3430 2149 3482 vel
2183 3430 2319 3484 bella
2362 3430 2676 3492 excitando,
2728 3439 2783 3484 et

1202 3523 1626 3593 persecutiones,
1680 3524 1762 3576 vel
1801 3523 2120 3578 amictiones
2165 3525 2298 3592 ipsis
2357 3523 2776 3591 accumulantlo,

1202 3625 1257 3668 et
1290 3617 1478 3682 mortis
1509 3626 1734 3680 metum,
1771 3616 2122 3669 nihilominus
2152 3616 2588 3669 debilitabuntur
2610 3616 2776 3670 etiam

1205 3709 1258 3762 lxi
1298 3725 1310 3760 :
1355 3723 1513 3760 manu
1543 3709 1685 3761 enim
1732 3718 1940 3763 secreta
1971 3708 2167 3762 bellum
2198 3711 2336 3778 gerit
2400 3708 2656 3761 Dominus
2682 3709 2780 3762 ad-

1199 3814 1391 3854 versus
1419 3799 1658 3864 Amalec,
1690 3800 1740 3852 in
1773 3814 1960 3854 onmes
1994 3807 2199 3860 :otates,
2235 3799 2650 3868 sicutscriptum
2675 3806 2775 3853 est.

2881 1970 3048 2021 Ὅταν
3083 1969 3232 2038 ἡμᾶς
3267 1969 3324 2020 αἱ
3364 1965 3600 2038 πονηραί
3638 1983 3698 2018 τε
3748 1963 3844 2019 καὶ⁸
3889 1961 4267 2031 ἀντικείμεναι
4305 1960 4466 2012 δυνά-

2887 2078 3028 2132 μεις,
3062 2059 3252 2122 ὓδατος
3299 2057 3474 2128 βιαίου
3508 2057 3663 2126 δίκην
3692 2054 4092 2124 καταχεόμεναι
4128 2051 4228 2122 τῆς
4260 2049 4462 2119 ψυχῆς,

2875 2153 2909 2222 ἢ
2943 2155 3054 2215 τοῖς
3087 2151 3287 2216 ἔξωθεν
3325 2150 3656 2220 πειρασμοῖς
3696 2146 4082 2219 ἐμϐάλλουσαι,
4133 2143 4305 2212 ἤγουν
4355 2143 4465 2204 τοῖς

2878 2243 3140 2314 ἐμφύτοις
3160 2243 3424 2312 κινήμασι
3446 2239 3546 2311 τῆς
3567 2239 3788 2309 σαρκὸς,
3813 2236 4197 2306 ἐκπολιορκεῖν
4215 2233 4465 2302 ὲπείγανο

2875 2353 2966 2388 ται
2992 2335 3085 2388 τὸν
3115 2333 3449 2405 εύσεϐηκότα
3475 2329 3603 2387 νοῦν
3625 2346 3637 2360 ·
3679 2329 3753 2401 μὴ
3776 2331 3854 2392 εἰς
3875 2329 4084 2398 ἀδρανῆ
4117 2324 4324 2380 δειλίαν
4373 2340 4467 2376 za-

2877 2427 3192 2480 ταπιπτέτω
3222 2442 3306 2488 τις
3324 2423 3431 2478 τῶν
3453 2421 3758 2494 ἀριστεύειν
3780 2419 3996 2473 εἰδότων
4029 2416 4168 2488 μετὰ
4193 2414 4357 2477 Θεοῦ,
4378 2414 4463 2466 ἐπ’

2879 2517 3029 2587 αὐτῷ
3076 2517 3134 2570 δέ
3192 2515 3392 2586 μᾶλλον
3451 2515 3816 2584 ποιησάμενος
3855 2510 3953 2581 τὴν
3992 2507 4205 2571 ἐλπίδα,
4263 2506 4465 2569 παντὸς

2880 2608 3018 2662 ἔστω
3045 2608 3307 2680 κρείττων
3336 2607 3607 2677 δείματος.
3643 2603 3904 2667 Τεύξεται
3933 2601 4041 2672 γὰρ
4068 2601 4151 2654 ὅτι
4193 2598 4301 2668 τῆς
4348 2599 4468 2650 ἐπι-

2879 2701 3104 2770 κουρίας
3152 2699 3304 2770 παρά
3355 2697 3544 2762 αὐτοῦ,
3571 2697 3686 2761 πῶς
3726 2695 3874 2748 ἐστιν
3927 2690 4294 2764 ἀμφιϐαλεῖν;
4347 2682 4468 2742 Οἵδε

2880 2795 2987 2866 γὰρ
3019 2794 3224 2863 Κύριος
3270 2792 3516 2855 εὐσεϐεῖς
3561 2792 3627 2844 ἐκ
3681 2787 3989 2859 πειρασμοῦ
4031 2783 4281 2857 ῥύεσθαι,
4316 2782 4416 2835 καὶ
4441 2782 4471 2832 ὁ

2884 2887 3154 2958 μακάριος
3185 2886 3241 2938 δὲ
3275 2885 3477 2954 γράφει
3518 2882 3758 2946 Παῦλοςο
3801 2899 3819 2931 ι
3875 2877 4109 2940 Δυνατὸς
4141 2877 4171 2928 ὁ
4213 2874 4372 2937 Θεὸς,
4413 2873 4471 2936 ὃς

2880 2977 2980 3030 οὐκ
3028 2977 3178 3030 ἐάσει
3214 2977 3359 3046 ὑμᾶς
3393 2973 3721 3044 πειραθῆναι
3777 2972 3916 3042 ὺπέρ
3962 2970 3992 3022 ὃ
4039 2966 4302 3030 δύνασθε,
4335 2963 4472 3019 ἀλλὰ

2882 3070 3098 3137 ποιήσει
3130 3069 3228 3120 σὺν
3257 3066 3335 3138 τῷ
3369 3063 3660 3137 πειρασμῷ
3709 3063 3804 3116 καὶ
3846 3061 3944 3133 τὴν
3978 3058 4203 3113 ἔκϐασιν
4250 3055 4347 3110 τοῦ
4376 3054 4467 3108 δύο

2883 3159 3078 3213 νασθαι
3136 3159 3475 3227 ὑπενεγκεῖν.
3537 3176 3555 3207 ι
3620 3157 3730 3210 Καὶ
3783 3155 3857 3218 ὡς
3911 3156 3938 3206 ὁ
3987 3151 4216 3220 Ψάλτης
4268 3147 4469 3219 φησίνο

2887 3271 2905 3302 ι
2950 3251 3300 3322 Παρεμϐαλεῖ
3326 3249 3558 3318 ἄγγελος
3591 3248 3795 3318 Κυρίου
3831 3245 4016 3314 κύκλῳ
4041 3242 4150 3296 τῶν
4195 3238 4470 3310 φοϐουμέ-

2887 3359 2994 3394 νων
3031 3340 3214 3403 αὺτὺν,
3253 3340 3344 3393 καὶ
3378 3338 3600 3411 ῥύσεται
3645 3336 3862 3399 αὐτούς.
3912 3354 3931 3386 ι
3969 3333 4140 3386 Ὅταν
4173 3330 4232 3382 δὲ
4279 3329 4376 3380 καὶ
4422 3327 4472 3379 οἱ

2887 3432 2998 3485 τῶν
3063 3432 3220 3503 ἱερῶν
3273 3431 3558 3501 δογμάτων
3605 3427 3970 3498 ἐπιστήμονες
4014 3419 4304 3494 αἱρετικοὶ,
4355 3419 4471 3477 ταῖς

2889 3523 3095 3578 ἐαυτῶν
3149 3523 3498 3594 δυστροπίαις
3551 3519 3824 3592 χρώμενοι
3881 3514 4314 3582 κατεπαίρονται
4367 3508 4472 3560 τῶν

2886 3617 2986 3685 τῆς
3014 3615 3270 3686 ἀληθείας
3297 3612 3707 3684 προσκυνητῶν,
3742 3611 4064 3680 ἐπέρχονται
4092 3605 4151 3658 δέ
4183 3603 4351 3656 δεινοὶ
4378 3600 4470 3652 καὶ

2888 3708 3128 3779 θρασεῖς,
3176 3708 3209 3778 ἢ
3263 3706 3534 3776 πολέμους
3582 3703 3900 3765 ἀνιστάντες
3950 3699 4044 3753 καὶ
4093 3695 4394 3765 διωγμοὺς.
4436 3692 4470 3762 ἦ

2889 3801 3094 3869 θλίψεις
3142 3801 3345 3862 αὐτοῖς,
3393 3798 3487 3852 καὶ
3526 3795 3755 3850 θανάτου
3790 3793 3954 3864 φόϐον
4001 3786 4468 3858 ὲπισωρεύοντες*

1199 3897 1353 3952 οὐδὲν
1383 3892 1544 3970 ἦττον
1593 3895 1951 3966 ἀσθενήσουσι
2009 3895 2100 3948 καὶ
2164 3891 2345 3949 οὗτοι⁸
2389 3893 2533 3966 χειρὶ
2563 3893 2670 3964 γὰρ
2715 3897 2958 3966 κρυφαία
2999 3895 3225 3966 πολεμεῖ
3294 3893 3496 3963 Κύριος
3543 3891 3635 3946 ἐπὶ
3690 3887 3936 3960 Ἀμαλὴκ
3997 3883 4104 3939 ἀπὸ
4142 3880 4354 3950 γενεῶν
4392 3878 4471 3939 είς

1197 3992 1413 4060 γενεάς,
1445 3989 1588 4045 καθὰ
1615 3990 1944 4062 γέγραπται.

1271 4086 1403 4140 (λιιι.
1467 4099 1622 4136 xvttt.
1675 4081 1842 4135 Vens.
1878 4084 1930 4148 1,
1987 4084 2042 4138 2.
2076 4083 2163 4137 Vw
2212 4093 2366 4136 terra:
2405 4084 2620 4137 navium
2679 4081 2782 4136 alis

1202 4183 1344 4232 ultra
1387 4179 1609 4240 ﬂumina
1666 4175 1954 4244 Ait/tiopia!
1981 4176 2001 4227 .’
2031 4174 2134 4240 Qui
2168 4175 2329 4228 mittit
2374 4175 2425 4227 in
2457 4175 2592 4230 mari
2639 4176 2781 4229 obsi-

1201 4273 1329 4331 des.
1384 4279 1430 4322 et
1495 4267 1741 4336 epistolas
1795 4269 2099 4320 chartacens
2167 4283 2324 4334 super
2380 4285 2570 4337 aquas.
2621 4265 2782 4320 Ibunt

1203 4363 1340 4415 enim
1367 4360 1539 4412 nuntii
1563 4361 1694 4413 leves
1719 4359 1786 4410 ad
1811 4367 2010 4427 gentem
2047 4359 2304 4411 excelsam
2322 4398 2337 4421 ,
2368 4369 2418 4411 et
2445 4358 2779 4427 peregrinum

2956 4077 3099 4131 Οὐαὶ
3127 4075 3242 4146 γῆς
3270 4073 3496 4129 πλοίων
3535 4071 3826 4139 πτέρυγες
3873 4069 4156 4123 ἐπέκεινα
4187 4066 4473 4135 ποταμῶν

2872 4170 3178 4234 Αἰθιοπίας
3194 4168 3213 4220 .'
3241 4171 3274 4222 ὀ
3302 4165 3699 4221 ἀποστέλλων
3725 4164 3794 4217 ἐν
3822 4159 4106 4228 θαλάσσῃ
4137 4159 4353 4229 ὅμηρα,
4373 4161 4469 4213 καὶ

2881 4261 3210 4326 ἐπιστολὰς
3249 4259 3534 4324 ,ϐιϐλίνας
3576 4254 3779 4309 ἐπάνω
3820 4253 3926 4308 τοῦ
3970 4251 4211 4318 ὕδατος.
4253 4253 4471 4320 Πορεύο

2882 4371 3092 4409 σονται
3124 4355 3231 4422 γὰρ
3282 4353 3525 4423 ἄγγελοι
3564 4348 3779 4418 κοῦφοι
3832 4345 3983 4414 πρὸς
4025 4345 4204 4410 ἔθνος
4251 4346 4471 4415 μετέω-

1201 4453 1451 4522 papulmn
1476 4462 1521 4506 et
1550 4452 1764 4506 durum.
1795 4449 1923 4515 Quis
1944 4450 2082 4504 ultra
2108 4451 2258 4504 illum
2286 4453 2310 4504 ?
2343 4451 2482 4505 Gens
2499 4453 2782 4520 desperata
2873 4465 3010 4516 ρον,
3062 4465 3112 4499 κ(

2558 4461 2782 4520 sperata
2873 4465 3010 4516 ρον,
3062 4447 3158 4499 καὶ
3199 4444 3378 4508 ξένον
3425 4443 3600 4508 λαὸν,
3644 4440 3742 4494 καί
3797 4437 4088 4509 χαλεπόν.
4138 4436 4237 4503 Τίς
4285 4434 4469 4491 αὑτοῦ

1204 4558 1248 4598 et
1280 4545 1613 4599 conculcata.

1272 4723 1455 4777 Mirari
1490 4723 1611 4791 quis
1641 4723 1842 4790 poterit
1867 4723 2007 4791 apud
2040 4737 2119 4787 se,
2159 4731 2214 4774 et
2251 4720 2567 4774 ratiocinari
2596 4719 2780 4774 forsan

1202 4827 1254 4868 t-t
1285 4816 1468 4869 dicere
1504 4833 1516 4867 :
1552 4812 1719 4882 Cujus
1751 4814 1824 4869 rei
1851 4813 2182 4882 gratia,cum
2216 4810 2304 4863 hic
2349 4819 2538 4864 contra
2592 4809 2786 4863 Dama-

1202 4924 1357 4963 seum
1412 4892 1595 4963 Sermo
1654 4907 2002 4977 propheticus
2036 4905 2220 4967 fuerit,
2250 4906 2414 4958 etiam
2460 4914 2619 4957 terraa
2666 4919 2786 4971 qua:

1202 5013 1283 5056 est
1304 5002 1445 5056 ultra
1468 5001 1659 5056 ﬂuvios
1689 5000 1982 5068 Ethiopize
2015 4997 2340 5053 mentionem
2378 4997 2627 5051 inducit?
2680 4996 2772 5050 Di-

1205 5099 1382 5152 cituns
1405 5097 1568 5167 igitur
1585 5095 1861 5150 lsraelitas
1885 5091 2068 5147 multis
2087 5107 2151 5146 ac
2173 5091 2401 5146 diversis
2420 5090 2778 5160 temporibus,

1205 5192 1584 5244 universorum
1622 5197 2007 5244 conservatore
2036 5193 2090 5240 et
2122 5185 2231 5239 Deo
2286 5185 2507 5238 incaute
2561 5182 2770 5245 relicto,

1206 5283 1258 5334 in
1299 5295 1538 5335 errorem
1568 5279 1801 5349 plurium
1836 5277 2058 5331 deorum
2083 5274 2364 5330 devolutos
2399 5289 2540 5338 esse,
2565 5281 2618 5325 et
2649 5285 2777 5324 cura

1203 5377 1452 5431 Mosaicae
1508 5371 1890 5445 praeceptionis
1945 5371 1996 5423 in
2048 5377 2220 5424 totum
2273 5368 2484 5436 abjecta
2522 5407 2536 5429 ,
2593 5379 2621 5417 a
2673 5364 2782 5416 Deo

1201 5470 1520 5538 caetigatos,
1549 5465 1688 5519 bello
1730 5463 2001 5516 multoties
2038 5460 2089 5512 in
2121 5473 2214 5512 eos
2239 5456 2535 5520 concitato,
2570 5463 2626 5506 et
2651 5451 2780 5506 hinc

1200 5557 1606 5610 calamitatibus
1653 5553 1808 5621 quasi
1860 5548 2268 5619 colliquel‘actos
2335 5555 2390 5600 et
2429 5545 2665 5597 attritos.
2717 5541 2780 5596 lli

1202 5659 1405 5710 autem,
1432 5663 1553 5702 eum
1577 5643 1886 5700 debuissent
1911 5640 2246 5708 pnutitudinc
2267 5652 2461 5692 sanare
2485 5636 2773 5698 oﬂ‘eusum,

2813 4523 2859 4582 Ι)
2885 4539 3197 4602 ἐπέκεινα;
3245 4538 3462 4601 Ἔθνος
3489 4533 3863 4589 ἀνέλπιστον
3895 4529 3994 4584 καὶ
4045 4543 4470 4594 καταπεπατη-

2903 4629 3084 4684 ιένον.

2877 4649 3084 4700 μενον.

2953 4719 3293 4792 Θαυμάσειεν
3323 4717 3387 4770 ἄν
3416 4734 3520 4780 τις,
3552 4715 3648 4768 καὶ
3675 4715 3739 4784 δὴ
3788 4711 3882 4766 καὶ
3909 4710 4032 4765 καθ’
4059 4710 4260 4764 ἐαυτὸν
4299 4711 4471 4763 ἐκεῖνο

2881 4813 3023 4884 τάχα
3063 4829 3167 4866 που
3217 4809 3586 4877 διαλογιεῖται,
3634 4807 3728 4861 καὶ
3779 4807 3927 4875 ἐρεῖ·
3975 4801 4083 4856 Τοῦ
4124 4802 4191 4873 δὴ
4247 4804 4402 4874 χάριν
4438 4804 4470 4853 ό

2885 4901 3220 4976 προφητικδς
3245 4902 3379 4970 ἡμῖν
3410 4900 3468 4951 ἐν
3501 4898 3708 4960 τούτοις
3739 4895 3916 4964 λόγος,
3961 4893 4154 4962 γέγονε
4189 4891 4297 4962 μὲν
4337 4891 4472 4944 κατὰ

2883 4996 2984 5065 τῆς
3027 4993 3341 5064 Δαμασκοῦ,
3373 4990 3675 5061 εἰσκομίζει
3704 4988 3762 5041 δέ
3813 4987 4035 5057 μνήμην
4067 4985 4163 5037 καὶ
4193 4987 4300 5055 τῆς
4348 4982 4467 5052 γῆς,

2882 5085 2981 5153 τῆς
3025 5083 3280 5136 ἐπέκεινα
3330 5079 3589 5150 ποταμῶν
3640 5076 3954 5138 Αίθιοπίαςς
4014 5073 4200 5142 Φαμὲν
4249 5069 4346 5127 οῦν
4385 5072 4471 5123 ὅτι

2886 5175 3028 5230 κατὰ
3057 5175 3281 5246 καιροὺς
3321 5175 3370 5226 oi
3407 5173 3466 5238 ἐξ
3525 5169 3759 5240 Ἰσραὴλ,
3803 5169 3894 5220 τὸν
3923 5165 4031 5218 τῶν
4062 5165 4202 5219 ὅλων
4247 5164 4470 5230 σωτῆρα

2882 5269 3016 5322 Θεὸν
3065 5267 3384 5320 καταλιπεῖν
3427 5263 3752 5333 ἀφυλάκτως
3796 5257 4236 5330 μεμελετηκότες
4266 5299 4282 5322 ,
4336 5271 4465 5309 κατ-

2884 5359 3085 5430 ᾠχοντο
3132 5357 3230 5428 μὲν
3262 5358 3340 5419 εἰς
3379 5353 3638 5408 πολύθεον
3662 5351 3870 5420 πλάνην
3892 5366 3904 5380 ο
3941 5348 4380 5418 κατημεληκότες
4403 5344 4469 5397 δὲ

2889 5454 2968 5513 εἰς
2997 5450 3140 5504 ἅπαν
3161 5448 3260 5518 τῆς
3281 5446 3368 5500 διὰ
3394 5445 3638 5507 Μωσέως
3659 5442 3900 5512 ἐντολῆς,
3944 5439 4294 5493 ἐπαιδεύοντο
4320 5436 4470 5504 παρὰ

2890 5543 3047 5606 Θεοῦ,
3085 5541 3354 5610 πολέμους
3383 5540 3565 5600 αὐτοῖς
3591 5535 3982 5597 ἐπανιστάντος
4024 5530 4170 5586 κατᾶ
4218 5527 4466 5598 καιροὺς,

2887 5635 2978 5688 καὶ
3025 5637 3145 5697 ταῖς
3187 5631 3434 5684 ἐντεῦθεν
3474 5628 3874 5699 κατατήκοντος
3917 5625 4240 5694 συμφοραῖς,
4275 5619 4336 5673 οι
4378 5617 4465 5680 δὲ,

1275 5805 1321 5838 ⁸⁸
1356 5806 1493 5860 Psal.
1528 5819 1680 5867 χχιχ,
1709 5803 1759 5858 6.
1842 5801 1902 5831 ⁶³⁹
1941 5797 2096 5853 Dent.
2135 5815 2301 5864 xuii,
2335 5800 2386 5861 8,
2421 5799 2472 5851 θ.
2544 5794 2637 5847 ³³1
2678 5797 2801 5851 Cor.
2842 5811 2898 5862 ι,
2939 5793 3018 5850 95.
3095 5792 3138 5825 “
3172 5791 3186 5845 Ι

1842 5801 1902 5831 ⁵³*
1941 5797 2096 5853 Dent.
2135 5815 2301 5864 xuii,
2335 5800 2386 5861 8,
2421 5799 2472 5851 θ.
2544 5798 2587 5829 ³³
2620 5794 2637 5847 l
2678 5797 2801 5851 Cor.
2842 5811 2898 5862 ι,
2939 5793 3018 5850 95.
3095 5792 3138 5825 "
3172 5790 3315 5845 Psal.
3351 5804 3543 5855 χχχιιι,
3575 5785 3650 5856 8.]
3691 5873 3699 5880 ‘
