4110 6506
193 423 301 474 457

1334 427 1398 482 IN
1441 425 1675 484 ISAIAM
1717 428 1847 486 LIB.
1892 430 1955 486 ll.
1999 430 2236 488 TOMUS
2275 431 2360 486 Ill.

3355 414 3535 490 κε’

189 538 372 590 καίτοι
401 537 520 591 δέον
555 543 671 603 ταῖς
705 541 1078 609 μεταγνώσεσι
1118 544 1438 614 θεραπεύειν
1467 547 1771 620 λελυπημε-

1883 559 1937 604 et
1972 566 2000 604 a
2033 566 2126 604 sua
2158 550 2438 604 discedere
2493 553 2782 618 pravitate,
2833 561 2887 608 et
2917 553 2982 607 ad
3020 553 3070 608 id
3099 552 3240 623 quod
3289 553 3452 624 legis-

187 647 299 688 νον.
353 630 452 682 καὶ
506 631 805 702 ἀποφοιτᾷν
855 636 952 703 μὲν
1002 634 1101 704 τῆς
1154 637 1362 690 ἑαυτῶν
1414 638 1772 709 φαυλότητος,

185 722 624 790 ἁνακομίζεσθαι
663 724 717 776 δὲ
749 727 885 795 πρὸς
923 728 984 780 τὸ
1016 728 1094 799 τῷ
1129 729 1392 803 νομοθέτῃ
1427 730 1638 798 δοκοῦν,
1683 733 1778 786 καὶ

185 814 286 883 τὴν
318 815 452 885 παρ’
480 813 645 868 αὑτοῦ
687 815 845 886 διψῇν
899 819 1222 890 ἐπικουρίαν
1243 860 1258 884 ,
1287 820 1384 884 τὰς
1420 821 1532 875 τῶν
1559 824 1776 894 ὁμόρων

184 901 362 954 ἐθνῶν
421 904 846 974 κατεμισθοῦντο
918 910 1258 978 συμπνοίαςο
1317 913 1410 965 καὶ
1479 915 1606 966 ποτὲ
1676 917 1774 984 μὲν

186 995 489 1064 προσίεσαν
531 999 644 1060 τοῖς
688 1001 787 1069 τῆς
835 1001 1126 1070 Δαμασκοῦ
1175 1003 1488 1073 βασιλεῦσι,
1541 1008 1671 1061 ποτέ
1718 1007 1775 1061 δὲ

184 1090 302 1150 τοῖς
333 1089 646 1154 Αἰγυπτίων
667 1108 679 1122 ·
716 1092 811 1143 καὶ
840 1092 962 1162 οὐχὶ
995 1093 1172 1163 μόνον,
1214 1095 1348 1150 ἀλλὰ
1393 1098 1501 1168 γὰρ
1547 1099 1640 1152 καὶ
1676 1099 1776 1163 τὰς

186 1178 298 1231 τῶν
343 1181 780 1251 ἐπικουρούντων
818 1185 1001 1248 αὐτοῖς
1047 1186 1215 1241 ἐθνῶν
1257 1187 1509 1258 λατρείας
1565 1191 1772 1261 μανθάν

186 1286 396 1332 νοντες.
417 1273 510 1323 καὶ
531 1271 697 1335 αὐτὰς
721 1274 1010 1342 ἠπείγοντο
1032 1275 1245 1347 ζηλοῦν.
1271 1279 1377 1331 Καὶ
1399 1280 1528 1347 γοῦν
1552 1284 1580 1334 6
1601 1283 1776 1353 Ἀχαζ

186 1365 214 1414 6
252 1362 347 1414 τοῦ
398 1363 632 1434 Ἱωάθαμ
669 1365 924 1435 βασιλεὺς
951 1367 1138 1432 Ἰούδα,
1171 1371 1458 1439 γενόμενος
1483 1375 1540 1426 ἐν
1573 1376 1638 1445 τῇ
1669 1377 1776 1428 Δα-

192 1453 414 1523 μασκῷ,
467 1450 583 1508 εἶτα
650 1456 1033 1529 θυσιαστήριον
1088 1462 1512 1533 ἁνατεθειμένον
1567 1465 1772 1536 εἰδώλῳ

187 1545 521 1615 τεθεαμένος
571 1549 747 1601 ἐκεῖσε
816 1555 1202 1623 καινοπρεπῶς
1262 1558 1644 1628 εἰργασμένον,
1714 1560 1774 1613 τὸ

186 1634 435 1706 ἐμφερὲς
480 1639 870 1704 κατεσκεύασε,
909 1645 1000 1696 καὶ
1033 1645 1384 1701 ἀνατέθεικεν
1425 1651 1481 1701 ἐν
1528 1650 1606 1721 τῷ
1637 1651 1772 1722 οἴκῳ

185 1725 281 1778 τοῦ
315 1727 473 1783 Θεοῦ.
507 1729 965 1802 Οὑκοῦν’γέγονεν
994 1738 1026 1806 ἡ
1071 1737 1260 1808 ὅρασις
1288 1740 1426 1793 κατὰ
1457 1743 1768 1812 Δαμασκοῦ.

199 1819 334 1872 Ἰδοὺ
379 1819 509 1892 γὰρ,
552 1825 707 1892 φησὶ,
738 1827 1032 1896 Δαμασκὸς
1056 1828 1368 1899 ἀρθήσεται
1395 1833 1504 1886 ἀπὸ
1539 1834 1768 1898 πόλεων,

183 1912 283 1963 καὶ
307 1912 411 1964 οὐκ
439 1911 590 1965 ἔσται
631 1913 712 1967 ἔτι
745 1916 920 1987 ὀχυρὰ
968 1918 1062 1971 τοῦ
1110 1927 1444 1992 καταφυγεῖν
1511 1927 1772 1997 Ἐφραῖμ.
1810 1909 1849 1964 Β

195 2003 366 2073 Ὁρᾷς
389 2003 490 2073 τὴν
521 2005 698 2060 αἰτίαν
727 2009 1169 2084 ἐπενηνεγμένην
1200 2014 1380 2079 εὐθὺς.
1428 2017 1521 2070 τοῦ
1567 2021 1631 2071 ἐκ
1680 2020 1777 2072 πό-

181 2093 324 2146 λεων
352 2094 687 2167 ἀρθήσεσθαι
731 2099 880 2168 λέγει
921 2101 1019 2173 τὴν
1058 2105 1378 2174 Δαμασκόν;
1429 2110 1502 2162 Οὐ
1543 2109 1651 2180 γὰρ
1696 2109 1775 2163 ἔτι

179 2186 360 2250 ἔσται,
401 2189 587 2258 φησὶν,
629 2191 801 2256 οὕτως
847 2195 1044 2268 ὀχυρὰ,
1091 2197 1232 2250 ὥστε
1279 2200 1372 2252 καὶ
1413 2201 1776 2270 προσφεύγειν

179 2279 322 2349 αὐτῇ
355 2281 451 2334 τὸν
488 2283 727 2355 Ἐφραϊμ
771 2287 828 2340 ὲν
873 2291 942 2358 τῇ
994 2289 1278 2362 Σαμαρείᾳ
1328 2291 1772 2360 βεϐασιλευκότα.

178 2372 432 2446 Μεθίστη
443 2391 494 2427 σι
523 2378 698 2430 τοίνυν
724 2379 813 2430 τὸν
831 2379 989 2448 λόγον
1011 2383 1103 2434 ἐπὶ
1125 2383 1221 2453 τὴν
1239 2385 1570 2452 Αἰγυπτίων.
1599 2387 1775 2457 Προσ-

181 2463 337 2518 ίεσαν
377 2467 491 2539 γὰρ
526 2469 619 2521 καὶ
661 2471 841 2534 αὐτοῖς
871 2475 920 2524 οἰ
957 2473 1015 2538 ἐξ
1065 2475 1304 2547 Ἰσραὴλ,
1339 2477 1576 2546 μάλιστα
1618 2479 1675 2532 δὲ
1723 2481 1772 2533 οί

179 2558 572 2624 κατοικοῦντες
591 2563 648 2613 ἐν
681 2566 791 2627 τοῖς
823 2566 1234 2638 Ἰεροσολύμοις,
1264 2570 1355 2623 καί
1389 2572 1774 2640 μετεποιοῦντο

180 2650 399 2721 σφόδρα
428 2654 525 2722 τῆς
552 2657 682 2726 παρ’
711 2657 890 2710 αὐτῶν
925 2661 1228 2731 συνδρομῆς
1274 2663 1369 2716 καὶ
1425 2667 1770 2738 ἐπικουρίας,

175 2743 451 2797 ἐπιόντων
481 2748 716 2814 μάλιστα
761 2751 868 2804 τῶν
911 2753 1287 2808 Βαϐυλωνίων.
1343 2757 1453 2810 Καὶ
1505 2758 1637 2826 γοῦν
1684 2760 1774 2814 διὰ

175 2837 370 2906 φωνῆς
402 2843 682 2910 προφήτου
714 2845 912 2914 φησίνο
957 2866 973 2896 ι
1003 2847 1140 2898 Οὐαὶ
1174 2850 1220 2900 oi
1249 2849 1668 2916 καταϐαίνοντες
1695 2855 1775 2917 εἰς

174 2927 463 2995 Αἴγυπτον
523 2931 616 2986 ἐπὶ
665 2933 937 3004 βοήθειαν.
993 2939 1040 2989 oi
1092 2939 1177 3008 ἐφ’
1214 2940 1402 3003 ἵπποις
1440 2943 1532 2996 καὶ
1560 2944 1772 3014 ἅρμασι

177 3020 531 3085 πεποιθότεςί
575 3043 592 3073 ι
622 3025 942 3099 Συμϐέϐηκε
985 3029 1041 3081 δέ
1066 3047 1118 3081 τι
1163 3031 1423 3085 τοιοῦτον.
1455 3035 1773 3106 Κατεστρα-

173 3113 374 3166 τεύετο
404 3115 502 3184 μὲν
535 3116 640 3186 γὰρ
674 3118 772 3188 τῆς
807 3119 1071 3173 Ἰουδαίων
1104 3123 1208 3192 γῆς
1245 3126 1274 3176 6
1303 3125 1772 3200 Ναϐουχοδονόσορ

175 3203 323 3258 κατὰ
369 3207 621 3276 καιρούς.
671 3208 757 3260 Ἐν
786 3209 842 3262 δέ
875 3209 950 3280 τῷ
992 3215 1378 3286 παρατρέχειν,
1431 3216 1668 3284 ἁπάσας,
1697 3219 1770 3283 ὡς

172 3297 312 3360 ἔπος
365 3301 564 3366 εἰπεῖν,
629 3301 725 3365 τὰς
785 3304 882 3374 τῆς
936 3303 1078 3373 ἑῴας
1153 3304 1500 3376 κατεληῒζετο
1560 3307 1765 3372 πόλεις.

186 3387 420 3460 Ἐπειδὴ
456 3389 511 3442 δέ
539 3389 638 3461 τὴν
662 3391 877 3463 Τυρίων
904 3393 1042 3446 ἐλεῖν
1083 3394 1342 3464 ἠθέλησε,
1401 3397 1562 3466 νῆσον
1603 3394 1770 3452 οὖσαν

170 3479 235 3532 τὸ
263 3481 557 3549 τηνικάδε,
588 3479 704 3535 εἶτα
732 3484 839 3536 τῶν
867 3484 1288 3550 διαϐιϐαζόντων
1330 3488 1528 3543 πλοίων
1552 3492 1609 3542 ἐν
1629 3491 1767 3544 ἀπο-

173 3573 273 3643 ρίᾳ
309 3573 528 3640 γέγονε,
556 3574 808 3645 Περσικῷ
829 3579 1137 3649 φρονήματι
1158 3581 1511 3650 κεχρημένος.
1541 3583 1769 3655 ἐπιθαρο

176 3665 358 3732 σήσας
393 3665 451 3717 δὲ
496 3665 574 3735 τῷ
617 3665 934 3740 πλήθειτῆς
961 3672 1241 3740 στρατιᾶς,
1293 3671 1461 3743 βατὴν
1514 3675 1766 3728 ἐκέλευσε

171 3755 439 3822 γενέσθαι
488 3757 585 3826 τὴν
639 3757 932 3822 θάλασσαν,
973 3760 1223 3831 χώματος
1260 3764 1628 3834 ἐγειρομένου,
1675 3768 1768 3820 καὶ

169 3848 462 3918 λεωφόρον
526 3850 698 3921 αὐτὴν
747 3851 1006 3906 πλατείαν
1061 3853 1452 3920 ἀποτελοῦντος
1499 3858 1605 3912 ἀπὸ
1667 3860 1767 3930 τῆς

169 3941 384 4011 χέρσου
437 3941 630 4011 μέχρις
681 3943 850 4012 αὐτῆς
901 3945 998 4014 τῆς
1026 3945 1261 4015 Τυρίων.
1305 3947 1545 4013 Δεδιότες
1587 3950 1767 4004 τοίνυν

165 4034 340 4088 αὐτοὶ
380 4034 431 4085 οἱ
465 4034 673 4104 Τύριοι,
709 4036 782 4106 μὴ
828 4037 936 4106 ἄρα
983 4055 1099 4102 πως
1150 4041 1182 4110 η
1233 4039 1386 4102 πόλις
1435 4041 1567 4112 ἁλῷ,
1631 4045 1766 4113 πρὸς

166 4129 363 4199 πέρας
388 4127 762 4199 ἐνηνεγμένων
781 4132 892 4194 τοῖς
917 4129 1274 4196 Βαϐυλωνίοις
1298 4133 1407 4186 τῶν
1433 4136 1655 4206 ἐγχειρη
1666 4135 1767 4206 μά-

163 4237 312 4279 των,
367 4220 498 4282 ναῦς
550 4221 886 4290 πανταχόθεν
941 4225 1432 4295 συναγηγερκότες,
1490 4227 1767 4297 ἀπεκομί-

163 4312 338 4375 ζοντο
364 4311 466 4380 τῆς
494 4313 681 4380 νήσου,
733 4314 946 4385 ἐρήμην
991 4315 1222 4385 ἀφέντες
1257 4316 1406 4388 αὑτῷ
1449 4317 1546 4391 τὴν
1590 4319 1763 4375 πόλιν.

177 4404 419 4474 Ἐπειδὴ
473 4403 530 4455 δὲ
584 4405 742 4458 τοῦτο
803 4407 1121 4478 μεμάθηκεν
1176 4412 1203 4462 6
1276 4409 1762 4484 Ναϐουχοδονόσορ,

167 4495 418 4566 μεθίστη
475 4496 571 4566 τὴν
619 4499 879 4569 στρατιὰν
933 4501 1024 4553 ἐπί
1072 4500 1131 4554 τὸ
1179 4503 1376 4574 χρῆναι
1428 4503 1612 4559 λαϐεῖν
1660 4505 1767 4559 τῶν

1883 640 2039 695 latori
2069 641 2244 696 visum
2278 651 2423 696 esset
2459 641 2664 708 reduci,
2700 643 2974 714 ipsiusque
3019 645 3172 700 sitire
3226 645 3460 714 opitula.

1890 735 2113 796 tionem,
2146 733 2580 802 conspirationes
2615 734 2966 789 finitimarum
3004 738 3244 806 gentium
3277 739 3459 806 pretio

1885 826 2269 881 mereabantur
2315 865 2329 890 ,
2388 842 2531 880 nunc
2578 841 2637 879 se
2686 829 2902 897 regibus
2966 829 3253 894 Damasci,
3318 847 3460 883 nunc

1880 917 2256 990 Egyptiorum
2323 917 2658 986 adjungendo
2714 937 2727 972 :
2780 935 2878 974 nec
2923 921 2974 974 id
3031 922 3204 975 solum
3237 963 3250 986 ,
3321 921 3450 991 quin

1877 1010 2042 1064 etiam
2104 1009 2343 1078 gentium
2402 1007 2502 1060 sibi
2568 1007 2854 1064 ferentium
2915 1010 3222 1080 prazsidium
3281 1011 3458 1064 cultus

1879 1104 2210 1164 didicerunt,
2243 1101 2467 1168 illosque
2506 1101 2747 1156 acmulari
2782 1103 3201 1158 contenderunt.
3234 1103 3448 1156 Etenim

1876 1195 2131 1249 Achazns
2164 1193 2306 1248 filius
2360 1195 2629 1259 Joatham,
2681 1210 2772 1248 rex
2825 1193 2982 1258 Juda,
3040 1209 3162 1248 cum
3208 1204 3354 1248 esset
3401 1195 3453 1246 in

1879 1283 2143 1339 Damasco
2173 1327 2188 1353 ,
2231 1287 2392 1358 273
2430 1288 2501 1342 ibi
2563 1289 2778 1342 demum
2835 1303 2985 1340 aram
3046 1285 3188 1341 idolo
3238 1300 3452 1340 sacram

1878 1377 2274 1447 conspicatus,
2335 1395 2470 1434 nova
2527 1379 2847 1434 fabricatum
2904 1377 3221 1445 elegantia,
3281 1376 3456 1431 simile

1879 1469 2182 1536 adornavit,
2229 1481 2282 1524 et
2311 1472 2362 1524 in
2390 1473 2548 1525 domo
2582 1471 2671 1524 Dei
2707 1468 3001 1525 dedicavit.
3036 1469 3276 1523 Proinde
3308 1468 3449 1521 facta

1877 1571 1959 1616 est
1987 1565 2126 1618 visio
2159 1575 2343 1618 contra
2380 1567 2720 1620 Damascum.
2758 1564 2898 1619 Ecce
2927 1568 3071 1618 enim
3099 1606 3112 1628 ,
3156 1561 3332 1633 inquit
3360 1561 3454 1626 δ”,

1877 1653 2173 1711 Damascus
2226 1656 2548 1725 spoliabitur
2620 1655 2964 1720 civitatibus,
3027 1663 3082 1708 et
3123 1669 3230 1707 non
3294 1661 3454 1706 erunt

1877 1745 2085 1798 munita
2140 1757 2194 1798 ut
2247 1745 2523 1815 confugiat
2580 1745 2857 1815 prraim.
2920 1745 3152 1800 Videsne
3229 1758 3450 1798 causam

1877 1834 2022 1889 illico
2059 1836 2419 1890 introductam
2444 1877 2460 1903 ,
2491 1851 2591 1890 cur
2612 1837 2757 1890 dicat
2791 1835 3110 1890 Damascum
3140 1834 3454 1894 civitatibus

1879 1928 2330 1996 exspoliandam?
2377 1927 2490 1981 Non
2523 1928 2668 1982 enim
2729 1928 2964 1997 amplius
3011 1937 3194 1991 erunt,
3251 1927 3450 1995 inquit.

1878 2021 1956 2076 sic
1993 2020 2221 2085 munita,
2261 2031 2317 2073 ut
2348 2019 2620 2090 profugiat
2650 2036 2716 2074 eo
2763 2020 3046 2086 Ephraim,
3103 2019 3193 2088 qui
3252 2019 3304 2070 in
3349 2017 3451 2070 Sa-

1879 2111 2049 2164 maria
2075 2111 2316 2181 regnavit
2363 2110 2620 2164 Traducit
2645 2111 2810 2180 igitur
2827 2112 3129 2164 orationem
3160 2111 3223 2161 ad
3251 2117 3449 2162 terram

1878 2201 2280 2274 Egyptiorum.
2339 2200 2687 2256 Accedebant
2733 2201 2878 2254 enim
2927 2209 2982 2252 et
3007 2201 3073 2252 ad
3110 2214 3203 2253 eos
3235 2198 3453 2252 Israeli-

1877 2303 1964 2356 ιω,
2012 2294 2244 2346 maxime
2298 2307 2426 2345 vero
2459 2290 2512 2344 bi
2550 2290 2640 2361 qui
2675 2291 2984 2344 habitarunt
3037 2288 3450 2356 Hierosolymis,

1879 2385 2225 2453 ipsorumque
2255 2384 2590 2436 consortium
2647 2392 2703 2437 et
2756 2381 3057 2438 subsidium
3122 2394 3446 2452 magnOpet-e

1875 2475 2222 2543 expetebant,
2259 2475 2637 2528 iuvadeutibns
2699 2475 2932 2528 maxime
2974 2472 3306 2546 Babyloniis.
3363 2470 3452 2525 Si-

1876 2567 2092 2634 quidem
2130 2579 2258 2620 voce
2293 2566 2568 2634 prephetze
2621 2566 2743 2618 ait:
2793 2583 2811 2615 ι
2856 2563 2945 2619 Va:
2997 2563 3453 2617 descendentibus

1878 2658 1929 2710 in
1952 2657 2242 2727 {Egyptum
2272 2664 2490 2726 propter
2509 2657 2794 2721 auxilium,
2825 2658 2912 2725 qui
2939 2656 3094 2724 equis
3117 2662 3169 2708 et
3194 2651 3448 2706 curribus

1876 2751 2062 2803 centisi
2095 2751 2311 2803 suut"l
2347 2769 2363 2801 ι
2393 2748 2501 2802 Hoc
2527 2756 2706 2803 autem
2729 2750 2801 2802 ita
2822 2763 2880 2802 se
2907 2748 3111 2802 habuit.
3139 2746 3302 2800 Arma
3330 2743 3452 2798 tulit

1875 2854 2062 2897 contra
2099 2852 2296 2895 terram
2331 2839 2640 2895 Juda'orum
2689 2840 3279 2905 Nabuchodonosorus,
3327 2841 3450 2897 aliis

1874 2943 2036 3003 atque
2073 2933 2194 2987 aliis
2241 2933 2597 3001 temporibus.
2638 2931 2692 2986 lu
2723 2933 2954 2986 transitu
2985 2941 3165 2986 autem
3212 2948 3401 2990 ornnes
3429 2973 3444 2998 ,

1874 3035 1934 3078 ut
1962 3027 2040 3079 sic.
2064 3023 2334 3089 dixerim,
2386 3023 2684 3077 orientales
2737 3023 2899 3075 urbes
2949 3023 3290 3090 depraedatus
3341 3034 3445 3079 est.

1875 3117 2124 3186 Cumque
2174 3117 2463 3188 Tyriorum
2515 3117 2701 3170 urbem
2748 3130 2944 3184 capere
2980 3116 3161 3178 vellet,
3219 3116 3448 3170 insulam

1879 3221 2014 3272 tum,
2059 3211 2278 3264 navium
2313 3221 2494 3263 autem
2533 3209 2805 3262 laboraret
2829 3208 3028 3278 inopia,
3066 3224 3186 3278 qua:
3238 3209 3445 3278 trajice-

1881 3312 2001 3356 rent
2037 3343 2051 3367 ,
2089 3301 2308 3355 Persico
2354 3301 2536 3353 animo
2594 3313 2657 3352 ac
2713 3300 2999 3353 stomacho
3031 3299 3290 3368 praeditus
3323 3340 3337 3363 ,
3390 3317 3451 3354 ac

1881 3393 2224 3447 multitudine
2291 3391 2568 3458 cupiarum
2619 3388 2878 3452 conlisus,
2937 3405 3087 3442 mare
3130 3388 3294 3458 jussit
3335 3391 3449 3443 fieri

1878 3485 2222 3555 permeabile,
2265 3484 2405 3538 mole
2433 3493 2676 3553 aggesta,
2703 3481 2844 3534 unde
2873 3496 2936 3534 ex
2975 3492 3117 3535 terra
3151 3481 3219 3535 ad
3255 3482 3451 3551 Tyrio-

1878 3594 1996 3634 rum
2035 3567 2207 3646 usque
2239 3580 2423 3632 urbem
2457 3577 2564 3629 lata
2597 3575 2680 3629 via
2716 3575 2818 3628 sibi
2884 3577 3236 3644 prmberetur.
3274 3576 3449 3631 Veriti

1877 3671 2038 3741 igitur
2079 3669 2265 3741 Tyrii,
2323 3685 2388 3724 ne
2429 3669 2568 3724 forte
2635 3678 2920 3736 caperetur
2961 3668 3188 3734 civitas,
3265 3668 3445 3738 Baby-

1876 3762 2144 3816 louiorum
2180 3762 2465 3816 conatibus
2500 3761 2565 3814 ad
2628 3763 2786 3815 linem
2835 3760 3110 3828 perductis
3139 3801 3152 3825 ,
3220 3762 3452 3816 navibus

1877 3854 2234 3921 undecunque
2285 3851 2600 3915 convectis,
2644 3849 2931 3903 discedunt
2997 3849 3064 3900 ab
3128 3849 3298 3901 insula
3335 3889 3349 3913 ,
3397 3858 3451 3904 et

1875 3962 2103 4002 vacuam
2161 3947 2208 3998 ei
2268 3946 2581 4014 relinquunt
2618 3943 2916 3997 civitatem.
2976 3941 3128 4008 Quod
3171 3941 3259 3995 tibi
3307 3942 3448 3995 didi-

1875 4042 2042 4096 cisset
2072 4039 2633 4095 Nabuchodonosorus
2658 4077 2672 4100 ,
2724 4036 2950 4090 dimisso
2987 4035 3230 4090 exercitu
3261 4035 3326 4088 ad
3361 4049 3447 4088 re-

1876 4135 2087 4203 gionem
2119 4131 2495 4203 Egyptiorum
2525 4129 2840 4198 capiendam
2871 4168 2887 4194 ,
2923 4142 3043 4182 eam
3079 4128 3197 4183 sine
3232 4127 3451 4195 pulvere

1875 4238 1938 4276 ac
1969 4222 2154 4276 labore
2187 4222 2492 4290 occupavit,
2530 4221 2636 4274 Deo
2665 4220 2812 4273 ilhnn
2861 4219 2914 4272 in
2957 4217 3245 4289 Egyptios
3293 4218 3446 4272 exci-

1875 4323 2026 4368 tante
2061 4331 2073 4365 :
2109 4313 2362 4381 quoniam
2422 4313 2508 4365 isti
2558 4326 2773 4380 quoque
2810 4325 3003 4380 magno
3045 4325 3262 4378 semper
3311 4326 3447 4361 con-

1879 4415 2054 4459 tracto
2087 4403 2398 4472 supercilio,
2455 4405 2504 4456 in
2564 4404 2836 4458 lsraelitas
2893 4418 2952 4457 se
2995 4405 3256 4472 gerebant
3299 4418 3451 4456 arro-

1877 4499 2113 4568 gantius,
2142 4497 2294 4566 quasi
2329 4496 2494 4549 Deum
2533 4496 2792 4550 haberent
2841 4497 2931 4564 qui
2989 4512 3084 4550 eos
3119 4511 3448 4550 conservare

163 4587 502 4657 Αἰγυπτίων
530 4588 628 4660 τὴν
664 4591 864 4661 χώραν,
896 4586 1007 4644 εἷλέ
1040 4610 1098 4645 τε
1135 4595 1304 4665 αὐτὴν
1341 4597 1588 4667 ἀκονητὶ,
1629 4594 1765 4649 Θεοῦ

1880 4591 2056 4643 minus
2081 4589 2298 4644 valeret.
2329 4587 2518 4643 Vocati
2543 4588 2686 4640 enim
2713 4589 2764 4641 in
2791 4589 3088 4642 subsidium
3113 4596 3168 4642 et
3193 4586 3257 4640 ad
3287 4601 3445 4653 epem

164 4679 675 4744 κατεξανισταντος
693 4685 804 4744 τοῖς
830 4685 1148 4752 Αἰγυπτίοις
1165 4687 1326 4740 αὐτόν
1351 4705 1362 4717 ·
1391 4690 1474 4742 ὅτι
1502 4689 1594 4742 καὶ
1620 4689 1774 4742 αὐτοὶ

165 4769 436 4840 μεγάλην
455 4769 805 4832 ἀνασπῶντες
827 4773 913 4825 ἀεὶ
933 4775 1032 4845 τὴν
1057 4775 1248 4844 ὀφρὺν,
1279 4776 1773 4847 κατηλαζονεύοντο

163 4860 285 4911 τῶν
319 4858 384 4923 ἐξ
433 4860 672 4932 Ἰσραὴλ,
701 4862 776 4925 ὼς
809 4863 908 4916 οὐκ
938 4865 1171 4934 ἐχόντων
1203 4866 1336 4920 Θεὸν
1364 4869 1453 4920 τὸν
1485 4867 1771 4930 διασώζειν

163 4952 386 5014 αὐτοὺς
429 4951 702 5022 ἰσχύοντα.
755 4954 1094 5025 Καλούμενοι
1135 4957 1244 5027 γὰρ
1294 4959 1373 5020 είς
1421 4959 1766 5030 ἐπικουρίαν,

163 5045 263 5095 καὶ
303 5044 388 5104 εἰς
421 5042 481 5094 τὸ
501 5044 804 5113 ἐπαμύνειν
849 5045 1051 5109 αὐτοῖς,
1091 5047 1502 5118 ἀλκιμωτέρους
1528 5048 1767 5117 ἔφασκον

162 5131 318 5188 εἶναι
348 5133 482 5198 τοὺς
512 5134 664 5205 παρὰ
693 5136 842 5206 σφίσι
873 5137 1030 5200 θεοὺς
1054 5138 1148 5191 τοῦ
1186 5139 1284 5208 τῆς
1327 5139 1584 5204 ἰουδαίας
1611 5141 1766 5195 Θεοῦ.

166 5225 303 5278 ’Ὁτι
339 5223 403 5276 δὲ
450 5223 548 5294 τὴν
579 5225 894 5293 Αἰγυπτίων
926 5221 1070 5280 εἷλεν
1110 5229 1138 5279 6
1169 5228 1506 5293 Βαϐυλώνιος
1543 5231 1683 5301 μετά
1708 5249 1770 5299 γε

164 5315 265 5367 τον
300 5313 514 5384 ἱδρῶτα
541 5315 633 5366 τὸν
663 5316 754 5367 ἐπὶ
779 5317 960 5387 Τύρῳ,
992 5317 1163 5386 σαφὲς
1193 5317 1256 5370 ἂν
1278 5317 1487 5385 γένοιτο
1511 5319 1607 5372 τοῦ
1634 5319 1769 5372 Θεοῦ

163 5406 438 5474 λέγοντος
473 5405 608 5475 πρὸς
633 5407 724 5459 τὸν
756 5409 1040 5480 προφήτην
1092 5407 1368 5480 Ἰεζεχιήλ·
1405 5430 1421 5460 ι
1445 5411 1540 5464 Υἱὲ
1563 5410 1770 5482 ἀνθρώί

163 5514 306 5557 που,
381 5495 856 5567 Ναϐουχοδονόσορ
894 5500 922 5551 6
963 5498 1212 5566 βασιλεὺς
1264 5499 1580 5563 Βαϐυλῶνος
1630 5519 1762 5554 κατ-

163 5588 525 5641 εδουλώσατο
561 5590 724 5642 αὐτοῦ
751 5590 848 5662 τὴν
887 5590 1119 5661 δύναμιν
1153 5592 1370 5665 δουλείᾳ
1423 5594 1629 5666 μεγάλῃ
1673 5596 1764 5648 ἐπὶ

164 5681 382 5752 Τύρον.
440 5682 594 5735 Πᾶσα
632 5685 840 5752 κεφαλὴ
891 5684 1258 5756 φαλάκρωμα,
1321 5687 1412 5740 καὶ
1463 5690 1568 5751 πᾶς
1615 5684 1763 5757 ὦμος

255 5837 326 5867 ⁸⁵⁸
359 5835 465 5890 lsa.
504 5853 634 5904 xvii,
674 5839 724 5900 1,
757 5839 809 5892 5.
895 5841 936 5870 ιθ
973 5839 1075 5896 lsa.
1114 5857 1266 5906 aut,
1302 5843 1348 5896 l.

1875 4680 1978 4734 illis
2032 4681 2328 4743 ferendam,
2391 4696 2520 4732 suos
2579 4679 2708 4733 deos
2772 4677 2971 4732 Judwte
3020 4679 3129 4732 Deo
3165 4678 3445 4746 iactabant

1872 4771 2144 4826 fortiores.
2210 4771 2560 4842 Babylonium
2625 4783 2802 4823 autem
2857 4769 3072 4840 cepisse
3125 4769 3441 4840 .Egyptum,

1871 4873 1993 4934 post
2028 4864 2176 4916 illum
2209 4863 2447 4917 laborem
2483 4863 2534 4916 in
2567 4861 2711 4933 Tyro
2741 4872 3040 4931 sumptum,
3071 4862 3290 4931 planum
3328 4863 3442 4916 fieri

1870 4956 2085 5027 poterit,
2115 4970 2179 5008 ex
2217 4971 2281 5008 eo
2303 4955 2444 5025 quod
2489 4955 2628 5008 Deus
2655 4954 2784 5006 dicit
2818 4953 3092 5022 propheta:
3123 4952 3398 5009 Ezechieli
3424 4976 3438 5011 :

1874 5067 1891 5099 ι
1933 5046 2032 5102 Fili
2066 5045 2319 5110 hominis,
2382 5044 2881 5099 Nabuchodonosor
2918 5060 3009 5097 rex
3041 5043 3334 5114 Babylonis
3387 5047 3439 5100 in

1870 5140 2186 5194 servitutem
2241 5138 2458 5191 tradidit
2521 5136 2705 5205 copias
2761 5152 2886 5189 suas
2932 5137 3193 5191 servitute
3252 5154 3440 5208 magna

1870 5242 2059 5284 contra
2112 5227 2278 5299 274
2333 5227 2554 5299 Tyrum.
2599 5228 2770 5282 Omne
2819 5235 2978 5293 eaput
3019 5227 3336 5294 calvitium,
3391 5240 3444 5284 et

1868 5323 2048 5379 omnis
2080 5321 2579 5391 hmnerusdepilis,
2612 5331 2666 5376 et
2709 5335 2915 5376 merces
2969 5336 3076 5374 non
3108 5331 3224 5376 erat
3272 5323 3344 5389 ci,
3390 5333 3445 5378 ct

1866 5415 2037 5482 copiis
2050 5415 2160 5467 suis
2188 5421 2403 5483 propter
2429 5415 2746 5467 servitutem
2773 5413 2981 5477 duram,
3015 5429 3118 5482 qua
3146 5415 3368 5469 servivit
3389 5417 3440 5470 in

1874 5506 2038 5576 Tyro.
2053 5504 2342 5574 Propterea
2359 5505 2472 5558 dedi
2498 5505 2544 5557 ei
2567 5514 2764 5558 terram
2791 5502 3007 5575 .Egypti
3025 5506 3112 5558 ιε’.
3130 5523 3149 5557 ι
3173 5505 3334 5560 Infert
3353 5507 3447 5559 ita-

1872 5612 1976 5665 que
1994 5596 2251 5664 propheta
2272 5595 2393 5649 huic
2416 5594 2562 5658 illud,
2580 5594 2689 5657 Vae,
2711 5594 2892 5650 dicens
2913 5615 2926 5650 :
2947 5593 3038 5650 Vae
3059 5605 3215 5651 teme
3233 5596 3442 5649 navium

1870 5688 1968 5741 alis
1982 5687 2119 5740 ultra
2136 5687 2351 5742 tlumina
2370 5685 2674 5757 zEthiopiae.
2698 5684 2985 5756 Etltiopitc
3006 5686 3220 5740 flumina
3240 5694 3444 5754 septem

1432 5843 1493 5872 ἰθ·
1533 5842 1728 5897 Ezech.
1775 5858 1924 5908 χχιιι,
1966 5841 2051 5907 18,
2098 5843 2181 5896 19-
