4840 6560
1032 421 1142 474 ‘39

2019 415 2075 469 S.
2121 413 2397 470 CYRILLI
2435 413 2909 470 ALEXANDRINI
2948 413 3266 470 AllClllEP.

4184 418 4285 470 -Ηθ

1033 532 1171 587 nstia
1207 530 1357 595 dicit,
1388 543 1485 598 per
1506 543 1624 597 qua:
1649 526 1793 582 latus
1818 536 1873 581 et
1901 543 2128 599 magnus
2151 528 2370 600 Egypti
2404 528 2600 585 ﬂuvius
2631 538 2679 594 Α,
2709 530 2925 601 μαδῶν-

2404 528 2600 585 ﬂuvius
2631 538 2679 594 Α,
2709 530 2925 601 μαδών·
2959 531 3052 584 καὶ
3083 527 3275 600 μισθὸς
3300 529 3397 582 οὐκ
3426 526 3659 598 ἐγενήθη
3680 526 3829 599 αὐτῷ
3852 531 3948 583 καὶ
3973 532 4040 600 τῇ
4062 529 4284 599 δυνάμει

1036 624 1090 678 in
1130 637 1277 677 mare
1327 619 1520 674 influit.
1579 618 1801 673 Terram
1839 634 1968 673 vero
1999 620 2141 674 ultra
2180 618 2372 675 ﬂuvios
2422 620 2602 675 nomi-

1036 723 1151 779 nat,
1180 727 1299 767 eam
1323 727 1445 781 quae
1472 726 1613 764 nunc
1636 720 1722 765 est
1751 710 2100 776 Alexandria,
2131 721 2259 767 tunc
2277 711 2360 767 On
2384 722 2601 768 vocata.

1040 807 1164 860 Erat
1196 815 1377 860 autem
1403 804 1836 873 populosissima,
1874 814 1930 859 et
1956 805 2162 860 incolas
2208 807 2438 861 habebat
2491 806 2604 862 for-

1038 898 1299 959 tissimos,
1320 906 1375 951 et
1401 912 1428 950 a
1460 895 1772 951 ﬂuminibus
1800 894 2021 967 Egypti
2048 897 2281 953 distabat
2308 899 2607 967 paululum.

1040 987 1175 1043 Nam
1231 990 1299 1042 ab
1343 989 1533 1042 ultimo
1561 990 1723 1053 ostio,
1758 988 1840 1041 cui
1898 1004 2092 1042 nomen
2142 997 2227 1044 est
2270 989 2607 1057 Heracleum,

1040 1082 1106 1133 ad
1146 1079 1496 1134 Uccidentem
1531 1078 1721 1133 stadiis
1769 1080 1890 1149 plus
1946 1081 2123 1134 minus
2172 1082 2449 1151 octoginta
2497 1083 2610 1136 dis-

1038 1170 1383 1226 terminatnr.
1413 1168 1677 1236 Quoniam
1713 1184 1842 1224 vero
1866 1171 1917 1223 in
1946 1186 2094 1225 more
2122 1186 2185 1225 ac
2210 1171 2612 1245 consuetudine

1039 1268 1158 1314 erat
1194 1260 1451 1329 positum,
1482 1261 1643 1325 hanc,
1669 1277 1789 1331 quae
1813 1271 2234 1317 conuuemorata
2271 1273 2375 1330 est,
2420 1266 2613 1319 civita‘

1040 1362 1149 1406 tem
1188 1353 1557 1408 habitantibus
1593 1354 1735 1408 ultro
1760 1356 2003 1425 citroque
2057 1353 2276 1410 ﬂuvium
2335 1358 2614 1411 transmit-

1043 1455 1181 1507 tere,
1218 1455 1407 1515 utpote
1438 1461 1654 1517 semper
1701 1447 2081 1517 navigabilem,
2121 1458 2176 1503 et
2202 1460 2493 1513 exportare
2526 1467 2617 1504 res

1042 1539 1106 1591 ad
1144 1537 1296 1601 alios,
1333 1548 1387 1594 et
1432 1540 1766 1610 importare,
1826 1549 1881 1595 et
1913 1555 1978 1594 ex
2032 1542 2291 1610 emporiis
2337 1557 2401 1596 ac
2456 1557 2615 1612 uego-

1043 1630 1355 1686 tiationibus
1401 1641 1665 1701 quaestum
1693 1633 2023 1687 uberrimum
2076 1648 2396 1701 comparare
2439 1652 2452 1687 :
2497 1635 2617 1689 ideo

1040 1720 1309 1775 exclamat
1358 1722 1441 1776 his
1494 1722 1673 1778 verbis
1714 1724 1765 1777 in
1816 1737 1984 1778 naves
2010 1726 2356 1792 propheticus
2393 1739 2612 1779 sermo:

1044 1828 1144 1867 nec
1179 1821 1359 1868 tamen
1393 1823 1583 1868 contra
1620 1829 1786 1870 naves
1830 1815 2067 1869 inferens
2104 1813 2214 1881 Vae,
2272 1818 2367 1871 sed
2423 1827 2614 1871 contra

1044 1921 1139 1961 eos
1171 1907 1370 1975 pmius,
1405 1907 1497 1975 qui
1531 1922 1745 1976 semper
1766 1907 1847 1963 eis
1873 1910 1953 1962 usi
1985 1919 2135 1974 sunt,
2168 1918 2223 1964 et
2248 1910 2543 1978 gaudentes
2563 1920 2618 1965 et

1044 1998 1484 2054 circumﬂuentes
1524 2000 1618 2054 illo
1643 2010 1873 2069 quastu,
1917 2011 1974 2055 ut
2007 2002 2146 2064 dixi,
2203 2016 2363 2070 quem
2422 2018 2489 2056 ex
2537 2002 2619 2057 his

1046 2090 1432 2145 conﬂaverant.
1457 2091 1733 2161 Occupata
1780 2092 2047 2161 siquidem
2076 2102 2273 2146 cuncta
2326 2093 2547 2160 regione
2588 2107 2618 2146 ιι

1045 2183 1601 2248 Nabuchodonosoro,
1655 2183 1888 2239 cessavit
1942 2184 2119 2237 omnis
2172 2195 2517 2249 mercatura,
2568 2192 2623 2236 et

1047 2273 1120 2326 ita
1184 2272 1395 2327 fiducia)
1441 2273 1754 2342 magnitudo
1811 2273 2034 2342 praecisa
2088 2280 2213 2336 est,
2274 2271 2621 2341 pereuntibus

1047 2363 1209 2418 simul
1247 2364 1332 2418 his
1366 2364 1455 2433 qui
1483 2378 1576 2418 eas
1619 2364 1992 2434 possederunt.
2032 2362 2119 2418 Vae
2152 2363 2335 2433 igitur,
2383 2365 2481 2425 ait.
2521 2364 2623 2419 alis

1050 2455 1393 2523 navigiorum
1451 2462 1612 2511 terrm
1669 2455 1863 2520 illius,
1923 2470 2043 2524 qua:
2090 2463 2174 2509 est
2229 2455 2368 2509 ultra
2430 2453 2624 2509 ﬂuvios

1049 2543 1361 2616 Ethiopiaa.
1404 2546 1534 2602 Alas
1586 2557 1765 2601 autem
1811 2546 2147 2617 navigiorum
2189 2547 2436 2600 nominat
2480 2545 2621 2609 vela,

1050 2638 1106 2692 in
1146 2653 1266 2707 quae
1302 2646 1588 2693 ventorum
1647 2638 1879 2708 impetus
1930 2639 2251 2701 incidentes,
2297 2653 2392 2708 per
2419 2637 2624 2692 medios

1048 2729 1246 2786 ﬂuctus
1307 2729 1455 2787 alitis
1511 2730 1687 2787 instar
1729 2745 1824 2785 eus
1859 2730 2127 2785 deferunt.
2198 2727 2298 2796 Qui
2348 2728 2515 2782 mittit
2570 2728 2623 2781 in

1051 2824 1188 2877 mari
1224 2823 1477 2891 obsides,
1509 2831 1566 2878 et
1612 2821 1872 2893 epistolas
1921 2821 2240 2876 chartaceas
2297 2836 2393 2891 per
2435 2834 2625 2889 aquas.

1048 2911 1289 2969 Diﬂicilis
1317 2925 1402 2970 est
1432 2914 1719 2969 admodum
1747 2913 1937 2968 horum
1987 2913 2254 2967 dictorum
2308 2913 2579 2966 sententia
2607 2926 2624 2964 :

1050 3006 1292 3062 continet
1341 3016 1523 3062 autem
1571 3006 1813 3062 hiStoria:
1864 3004 2191 3061 Grmcaniczc
2238 3004 2625 3069 narrationem,

1052 3114 1215 3168 quam
1248 3100 1412 3155 etiam
1443 3115 1874 3155 commemorare
1899 3109 2132 3168 oportet,
2170 3114 2272 3153 non
2299 3109 2357 3153 ut
2387 3098 2453 3151 ab
2506 3096 2627 3151 oﬂi-

1054 3193 1141 3247 cio
1174 3192 1476 3262 decoroque
1508 3191 1806 3247 Christiani
1842 3194 2109 3246 sermonis
2148 3194 2488 3258 deerremus,
2530 3189 2625 3243 sed

1056 3298 1117 3342 ut
1180 3285 1571 3341 sententiarum
1641 3283 2056 3351 eXplicationem
2116 3282 2453 3336 auditoribus
2502 3294 2627 3352 per-

1055 3374 1296 3443 spicuam
1322 3373 1605 3426 faciamus.
1637 3370 1808 3425 liabet
1832 3386 1958 3424 vero
1976 3384 2034 3423 se
2057 3371 2158 3424 hoc
2177 3371 2334 3424 modo
2360 3371 2584 3426 hiStoria
2610 3389 2624 3425 :

1061 3464 1393 3518 Fabulantnr
1418 3462 1635 3533 quidam
1670 3462 1810 3530 apud
1850 3460 2073 3516 Graecos
2117 3472 2310 3530 poetae,
2352 3461 2625 3532 Myrrham

1057 3556 1224 3611 fuisse
1248 3555 1462 3627 Cynirte
1492 3554 1769 3623 cujusdam
1807 3552 1998 3618 filiam,
2058 3553 2146 3622 qui
2193 3552 2380 3607 eﬂ'reni
2430 3555 2632 3622 impetu

1059 3648 1126 3701 ad
1163 3646 1489 3713 voluptatem
1529 3642 1824 3708 ferebatur,
1862 3657 1926 3696 ac
1954 3658 2073 3695 cum
2114 3641 2327 3711 propria
2361 3643 2468 3697 ﬁlia
2501 3658 2632 3697 con-

1058 3752 1279 3809 gressus
1323 3735 1634 3798 libidinose,
1678 3751 1797 3788 eam
1835 3734 1966 3788 fecit
2000 3734 2151 3803 pueri
2181 3743 2433 3799 matrem,
2467 3732 2630 3805 275

1056 3847 1214 3902 quem
1246 3830 1411 3885 etiam
1461 3827 1758 3882 nominavit
1790 3825 2111 3880 Adonidem.
2160 3825 2276 3890 Quo
2311 3825 2454 3879 facto
2500 3840 2630 3880 eru-

1060 3929 1305 3989 hescens,
1341 3932 1395 3978 et
1430 3930 1633 3976 natura:
1661 3920 1888 3991 legibus,
1921 3918 2066 3987 impii
2108 3917 2293 3986 ﬂagitii
2325 3919 2630 3981 convictus,

1059 4017 1114 4071 in
1144 4026 1351 4079 monte,
1382 4023 1443 4068 ut
1467 4012 1663 4079 fertur,
1695 4011 1955 4066 infantem
1982 4010 2245 4079 exposuit.
2293 4011 2631 4079 Acceperunt

1056 4118 1237 4161 autem
1268 4121 1391 4161 eum
1416 4104 1664 4174 quaedam
1692 4102 1942 4173 nympha:
1972 4100 2102 4163 illic,
2128 4114 2263 4168 quas
2287 4099 2452 4153 etiam
2480 4116 2632 4155 mon-

1059 4211 1213 4253 tanas
1248 4204 1445 4252 vocant
1463 4196 1758 4257 daemonas,
1794 4192 2094 4245 educarnnt
2122 4200 2172 4246 et
2200 4200 2590 4246 conservarunt
2615 4210 2631 4246 :

1060 4295 1150 4361 qui
1180 4307 1303 4345 cum
1345 4290 1413 4344 ad
1442 4290 1779 4358 pubertatem
1812 4294 1868 4339 et
1909 4285 1972 4336 ad
2004 4284 2302 4353 iuventutis
2340 4286 2631 4338 maturita-

1062 4398 1170 4441 tem
1202 4383 1545 4454 profecisset.
1572 4379 1951 4435 venustissima
1978 4378 2146 4432 forma
2175 4392 2297 4433 esse
2327 4376 2630 4445 videbatur,

1061 4476 1516 4541 venationetnque
1542 4469 1807 4533 exercuit,
1852 4470 2089 4522 studium
2127 4467 2253 4521 illud
2278 4467 2331 4521 itt
2370 4468 2521 4522 silvis
2550 4467 2633 4520 di-

2705 620 2894 685 αὺτοῦ,
2929 620 3048 675 ἀντὶ
3068 620 3165 689 τῆς
3193 619 3437 682 δουλείας
3466 618 3569 689 τῆς
3596 619 3857 689 σκληράς,
3880 614 3947 690 ἦς
3976 620 4287 672 ὲδούλευσαν

2707 713 2799 766 ἐπὶ
2824 712 3005 783 Τύρῳ.
3039 713 3183 765 ’Δντὶ
3204 713 3394 764 τούτου
3424 710 3628 764 δέδωκα
3655 710 3805 782 αῦτῷ
3824 711 3928 782 γῆν
3955 711 4283 779 Αἰγύπτου.»

2720 804 3001 877 Ἐπιφέρει
3028 806 3207 857 τοίνυν
3239 806 3268 857 ὁ
3298 805 3584 875 προφήτης
3626 805 3720 858 καὶ
3743 805 3878 876 αὐτῇ
3909 803 3991 871 τὸ,
4012 804 4173 869 Οὐαὶ,
4202 806 4289 857 καί

2710 912 2901 963 φησιν’
2947 896 3083 947 Οὐαὶ
3113 897 3217 964 γῆς
3263 892 3464 947 πλοίων
3505 894 3778 963 πτέρυγες
3812 894 4068 946 ἐπέκεινα
4122 910 4290 945 ποτα-

2715 985 2828 1056 μῶν
2861 984 3173 1048 Αἰθιοπίαςι
3201 983 3484 1046 Αἰθιοπίας
3520 984 3619 1054 μὲν
3649 980 3741 1038 οὖν
3763 986 4039 1054 ποταμοὺς
4058 985 4125 1036 τά
4156 984 4290 1037 ἑπτὰ

2713 1078 2959 1148 στόματά
2986 1095 3139 1148 φησι,
3166 1077 3234 1130 δι’
3263 1070 3337 1130 ὧν
3357 1080 3385 1131 ὁ
3413 1077 3577 1148 εὐρύς
3596 1094 3654 1128 τε
3682 1079 3778 1131 καὶ
3808 1077 3983 1147 μέγας
4007 1077 4105 1147 τῆς
4133 1076 4294 1143 Αίγύ-

2713 1187 2848 1224 πτου
2909 1169 3156 1240 ποταμὸς
3204 1171 3270 1239 τῇ
3317 1167 3564 1241 θαλάσσῃ
3610 1169 3885 1239 μίσγεται.
3938 1168 4050 1236 Γῆν
4099 1168 4159 1220 δὲ
4199 1166 4293 1237 τὴν

2713 1262 2972 1315 ἐπέκεινα
3046 1260 3308 1331 ποταμῶν
3389 1261 3646 1331 ὀνομάζει
3672 1295 3686 1322 ,
3774 1260 3874 1330 τὴν
3951 1258 4050 1313 νῦν
4131 1255 4297 1312 οὖσαν

2728 1353 3154 1426 Ἀλεξάνδρειαν,
3192 1353 3536 1424 καλουμένην
3567 1352 3622 1406 δὲ
3649 1353 3710 1405 τὸ
3749 1352 4005 1422 τηνικάδε
4040 1348 4163 1404 Ὃν.
4223 1353 4298 1404 Ην

2716 1447 2773 1499 δέ
2801 1445 2867 1518 δὴ
2891 1445 3303 1517 πολυανδροῦσα
3331 1445 3475 1507 λίαν,
3510 1445 3605 1497 καὶ
3641 1444 4061 1514 ἀλκιμωτάτους
4101 1444 4299 1514 ἔχουσα

2717 1541 2843 1603 τοὺς
2866 1540 3176 1611 οἰκήτορας,
3215 1539 3538 1609 ἀφειστήκει
3566 1538 3623 1591 δὲ
3650 1536 3830 1609 βραχὺ
3860 1537 3972 1590 τῶν
4018 1537 4299 1606 Αἰγύπτου

2721 1631 3000 1703 ποταμῶν.
3044 1631 3179 1685 Ἀπὸ
3207 1631 3318 1703 γάρ
3347 1630 3442 1685 τοῦ
3470 1630 3783 1683 τελευταίου
3813 1629 4083 1700 στόματος
4108 1630 4304 1699 (δνομα

2719 1722 2775 1775 δὲ
2794 1721 2942 1794 αὒτῷ
2966 1721 3029 1775 τὸ
3055 1722 3421 1794 Ἡρακλεῖον),
3450 1721 3721 1775 διίσταται
3741 1721 3879 1793 πρὸς
3899 1720 4147 1789 ἑσπέραν
4174 1737 4303 1773 στα-

2719 1812 2852 1877 δίοις
2893 1812 3036 1884 τάχα
3060 1829 3166 1866 που
3191 1813 3284 1867 τὸν
3311 1812 3544 1885 ἀριθμὸν
3586 1812 3939 1883 ὀγδοήκοντα.
3988 1811 4211 1883 Ἐπειδὴ
4249 1812 4306 1865 δέ

2718 1902 2786 1977 ἦν
2811 1905 2932 1970 ἐθος
2964 1908 3080 1970 τοῖς
3122 1906 3222 1977 τὴν
3256 1905 3730 1977 μνημονευθείσαν
3753 1904 3965 1959 οἰκοῦσι
3994 1904 4307 1967 nauatur

2716 2014 2775 2049 τε
2806 1997 2902 2051 καὶ
2932 1997 3079 2051 κάτω
3104 1998 3195 2049 τὸν
3217 1996 3462 2067 ποταμὸν
3481 1996 3747 2061 διαπλεῖν,
3774 1997 3864 2051 ἀεὶ
3886 1996 3987 2066 μὲν
4014 1996 4147 2049 ὄντα
4173 2013 4305 2049 ναυ·

2720 2088 2963 2158 σίπορον,
3013 2088 3167 2156 ἄγειν
3193 2087 3249 2141 δὲ
3276 2088 3371 2142 καὶ
3410 2087 3598 2158 φέρειν
3638 2086 3708 2140 τά
3736 2105 3795 2141 τε
3849 2088 3982 2159 παρ’
4011 2086 4196 2141 αὐτῶν
4230 2088 4307 2151 εἰς

2719 2181 2960 2251 ἐτέρους,
3008 2182 3158 2251 παρά
3189 2197 3249 2233 τε
3277 2180 3431 2250 σφίσι
3463 2179 3535 2235 τά
3560 2180 3620 2247 ἐξ
3654 2180 3882 2252 ἐτέρων,
3922 2180 4020 2234 καὶ
4052 2180 4304 2251 φιλοκερ-

2719 2272 2860 2337 δίαις
2887 2274 3164 2345 ἐντρυφᾷν
3195 2274 3317 2336 ταῖς
3354 2272 3414 2339 ἐξ
3452 2272 3766 2345 ἐμποριῶψ
3802 2272 4065 2344 ταύτῃτοι
4094 2273 4309 2327 ταλανί-

2722 2363 2803 2428 ζει
2832 2366 2931 2427 τάς
2964 2362 3096 2427 ναῦς
3123 2364 3152 2416 ὁ
3179 2363 3515 2434 προφητικὸς
3554 2364 3613 2417 ἐν
3641 2366 3880 2418 τουτοισὶ
3917 2364 4099 2432 λόγος,
4133 2364 4231 2418 καὶ
4252 2365 4308 2417 οὐ

2723 2456 2864 2510 κατά
2884 2472 2950 2525 γε
2979 2456 3087 2510 τῶν
3112 2456 3259 2527 νηῶν
3286 2458 3538 2527 ἐπιφέρει
3560 2456 3645 2522 τὺ,
3678 2457 3834 2510 Οὐαί”
3865 2459 3987 2511 κατ’
4019 2457 4311 2510 ὲκείνωνδέ

2728 2547 2950 2617 μᾶλλον,
2976 2548 3137 2618 οἵπερ
3164 2544 3307 2620 ἦσαν
3341 2549 3536 2612 αὑταῖς
3563 2549 3651 2602 ἀεὶ
3695 2549 3993 2620 χρώμενοι,
4027 2549 4309 2619 χαίροντές

2724 2656 2783 2692 τε
2807 2640 2901 2693 καὶ
2925 2640 3321 2711 ἐντρυφῶντες,
3347 2639 3423 2704 ὡς
3453 2640 3610 2711 ἔφην,
3643 2644 3761 2705 ταῖς
3799 2639 3857 2706 ἐξ
3885 2640 4072 2694 αὐτῶν
4100 2640 4313 2711 γινομέ-

2725 2749 2843 2796 ναις
2902 2732 3289 2803 φιλοκερδίαις.
3338 2733 3800 2804 Κατειλημμένης
3834 2733 3944 2805 γὰρ
3976 2733 4202 2803 ἁπάσης
4223 2733 4315 2802 τῆς

2726 2823 2912 2894 χώρας
2938 2824 3044 2877 ὑπὸ
3072 2825 3165 2878 τοῦ
3189 2825 3685 2896 Ναϐουχοδονόσορ,
3711 2826 3989 2879 πέπαυται
4022 2826 4127 2895 μὲν
4149 2828 4315 2896 ἐμπο-

2731 2916 2825 2987 ρία
2854 2917 3024 2983 πᾶσα,
3056 2917 3151 2969 καὶ
3188 2917 3289 2988 τῆς
3321 2920 3402 2981 είς
3449 2916 3607 2970 τοῦτο
3646 2918 3961 2989 παρρησίας
4007 2918 4073 2970 τὸ
4117 2917 4315 2980 πλάτος

2728 3004 3079 3073 ἀνεκόπτετο,
3135 3008 3463 3063 διολωλὸτων
3516 3010 3655 3080 τάχα
3688 3026 3792 3062 που
3828 3009 4067 3064 καὶτῶν
4115 3026 4314 3081 κεκτη-

2732 3096 2909 3167 μένων
2939 3097 3130 3160 αὺτάς.
3179 3099 3318 3152 Uberi.
3343 3100 3537 3162 τοίνυν,
3578 3100 3762 3169 φησὶν,
3800 3102 3854 3153 αί
3898 3100 4177 3171 πτέρυγες
4213 3100 4317 3152 τῶν

2655 3214 2698 3271 C
2732 3186 2932 3242 70.0in
2976 3188 3077 3259 τῆς
3115 3188 3220 3260 γῆς
3270 3190 3487 3261 ἐκείνης
3528 3191 3628 3261 τῆς
3676 3189 3844 3261 οὔσης
3898 3191 4163 3245 ἐπέκεινα
4215 3191 4316 3245 τῶν

2738 3278 3002 3351 ποταμῶν
3044 3280 3331 3345 Αἰθιοπίας
3362 3282 3374 3335 ι
3403 3283 3691 3352 Πτέρυγας
3721 3282 3778 3334 δὲ
3818 3283 4023 3337 πλοίων
4065 3284 4317 3355 ὀνομάζει

2736 3374 2806 3427 τά
2833 3372 2998 3439 ἱστία,
3022 3368 3104 3437 οἷς
3127 3373 3313 3427 αἰτῶν
3331 3375 3657 3445 πνευμάτων
3679 3376 4057 3446 ἐμπίπτουσαι
4089 3376 4319 3446 προσῦο-

2737 3465 2849 3531 λαὶ,
2868 3466 3072 3537 πτηνοῦ
3095 3465 3249 3537 δίκην
3275 3467 3444 3531 αὐτὰς
3467 3468 3801 3540 ἀποφέρουσι
3829 3467 3917 3521 διὰ
3948 3468 4121 3538 μέσου
4152 3468 4321 3537 κῦμα·

2736 3573 2849 3620 τος.
2885 3556 2943 3609 '0
2976 3556 3320 3610 ἀποστέλλων
3339 3560 3396 3611 ἐν
3430 3556 3672 3627 θαλάσσῃ
3691 3558 3891 3629 ὅμηρα,
3914 3559 4009 3612 καὶ
4031 3558 4322 3622 ἐπιστολὰς

2740 3649 2983 3720 βιϐλίνας
3008 3650 3194 3703 ἐπάνω
3235 3649 3329 3703 τοῦ
3361 3648 3572 3713 ὕδατος.
3619 3650 3952 3718 Δυσέφικτος
3997 3649 4099 3721 μὲν
4125 3650 4319 3721 κομιδῇ

2737 3742 2846 3795 τῶν
2869 3741 3173 3813 εἰρημένων
3204 3743 3232 3794 ὁ
3253 3741 3398 3804 νοῦςο
3428 3742 3607 3795 ὼδίνει
3637 3759 3700 3811 γε
3735 3743 3842 3813 μὴν
3864 3742 4109 3812 ἱστορίας
4135 3741 4322 3813 Ἕλλη·

2738 3833 2898 3900 νικῆς
2940 3834 3239 3903 ἀφήγησιν,
3290 3835 3356 3904 ἣν
3396 3833 3492 3887 καὶ
3536 3834 3853 3902 ἀναγκαίως
3909 3833 4171 3904 ἐροῦμεν,
4225 3837 4322 3888 οὐκ

2739 3923 2843 3989 ἔξω
2902 3924 3178 3996 βαίνοντες
3227 3925 3323 3979 τοῦ
3367 3926 3599 3990 είκύτος,
3660 3928 3830 3999 ἤγουν
3866 3925 3961 3980 τοῦ
4014 3927 4323 3998 πρέποντος

2738 4017 2921 4087 λόγοις
2958 4019 3388 4089 Χριστιανικοῖς,
3417 4018 3533 4072 ἀλλ’
3565 4019 3706 4089 ὑπέρ
3742 4036 3807 4087 γε
3841 4018 3937 4072 τοῦ
3964 4020 4112 4090 σαφῆ
4163 4038 4325 4074 κατα-

2741 4109 2940 4180 στῆσαι
2966 4113 3082 4173 τοῖς
3104 4110 3480 4181 ἀκροωμένοις
3512 4110 3611 4181 τὴν
3642 4110 3753 4163 τῶν
3786 4110 4006 4164 ἐννοιῶν
4040 4112 4321 4165 ἀπόδοσιν.

2743 4201 2900 4272 Ἔχει
2936 4200 2994 4255 δὲ
3022 4200 3165 4254 οὕτω
3197 4201 3299 4269 τῆς
3350 4202 3592 4273 ίστορίας
3634 4204 3664 4255 ὁ
3710 4201 3867 4270 λόγος
3894 4219 3907 4233 ⁸
3945 4201 4325 4271 Μυθολογοῦσί

2738 4308 2881 4355 τινες
2913 4291 3021 4345 τῶν
3061 4292 3189 4362 παρ’
3219 4291 3446 4363 Ἕλλησι
3492 4292 3732 4363 ποιητῶν
3779 4292 4010 4365 Μύρραν
4068 4293 4324 4363 γενέσθαι

2739 4380 2837 4452 τὴν
2869 4380 2963 4434 τοῦ
2992 4378 3232 4453 Κινύρου
3251 4381 3398 4445 τινὸς
3425 4379 3721 4453 θυγατέρα,
3751 4380 3809 4445 ὃς
3835 4379 3899 4451 δὴ
3925 4382 4020 4434 καὶ
4044 4381 4326 4451 ἀχαλίνοις

2739 4471 2937 4542 ὁρμαῖς
2971 4468 3090 4531 ταῖς
3122 4473 3202 4533 είς
3232 4470 3543 4541 φιληδονίαν
3580 4468 3912 4540 ἡττώμενος,
3959 4469 4325 4522 συνεπλέκετο

1060 4568 1288 4637 ligenter
1321 4565 1553 4621 colebat.
1605 4563 1774 4629 Quem
1808 4570 1941 4623 tum,
1995 4569 2052 4614 ut
2094 4560 2266 4623 aiunt,
2319 4559 2633 4627 conspicata
2669 4572 2709 4628 ι)
2742 4564 2841 4629 μὲν
2879 4564 2971 4617 ἀσε

2415 4559 2633 4627 ιερίοιιιιι
2669 4572 2709 4628 ι)
2742 4564 2841 4629 μὲν
2879 4562 3123 4631 ἀσελγῶς
3174 4567 3238 4636 τῇ
3298 4564 3403 4635 ἰδίᾳ
3458 4563 3723 4633 θυγατρὶ,
3768 4562 3981 4633 μητέρα
4037 4561 4095 4615 δέ
4153 4561 4326 4631 αὐτὴν

1064 4660 1172 4715 illic
1201 4659 1403 4723 Venus,
1459 4654 1766 4710 meretricia
1814 4651 2159 4715 muliercula,
2213 4666 2421 4717 amare,
2462 4651 2632 4716 coire,

1064 4754 1119 4799 et
1148 4758 1424 4813 nunquam
1454 4755 1559 4795 non
1589 4738 1861 4804 amplecti.
1893 4738 2011 4801 Quo
2040 4734 2274 4789 oﬂ'ensus
2304 4735 2448 4789 Mars
2469 4750 2639 4789 :emu-

1063 4837 1147 4890 lus
1172 4851 1235 4891 ac
1265 4834 1447 4889 rivalis
1478 4830 1722 4895 Veneris,
1766 4830 1878 4882 suis
1926 4828 2099 4882 forma
2125 4835 2422 4897 assumpta,
2458 4828 2510 4880 in
2547 4841 2639 4880 ve-

1065 4935 1280 4979 nantem
1332 4921 1519 4978 insilit.
1550 4921 1697 4975 Pcrit
1746 4921 1835 4973 ille
1875 4934 1906 4972 e
1943 4919 2188 4987 vestigio.
2214 4917 2343 4984 Quae
2390 4933 2477 4972 res
2505 4934 2634 4970 cau-

1064 5036 1184 5076 sam
1236 5020 1414 5074 luctus
1470 5016 1663 5072 Veneri
1719 5015 1978 5085 prgubuit;
2034 5015 2215 5082 itaque
2268 5024 2636 5076 consternata,

1066 5126 1320 5184 metuque
1347 5110 1595 5167 confecta
1627 5120 1735 5173 est,
1768 5120 1827 5161 ut
1866 5109 1933 5160 ad
1977 5105 2176 5163 Oreum
2203 5121 2374 5173 usque
2414 5106 2640 5159 descen-

1065 5205 1237 5271 deret,
1296 5205 1561 5259 amasium
1608 5202 1918 5256 reductura.
1964 5200 2095 5253 Cum
2157 5210 2341 5252 autem
2396 5195 2639 5251 Plutonis

1068 5311 1203 5351 uxor
1258 5293 1717 5349 adolescentulum
1761 5291 2034 5358 impendio
2090 5306 2252 5358 quium
2310 5289 2638 5357 complecte-

1066 5400 1239 5454 retur,
1271 5398 1326 5442 et
1366 5386 1762 5457 pulchritudine
1793 5383 2096 5437 admirabili
2150 5392 2495 5449 prmstantetu
2532 5397 2639 5435 non

1066 5482 1386 5541 dimitteret,
1430 5487 1800 5531 convenerunt
1850 5477 1991 5529 inter
2025 5492 2104 5539 se,
2159 5486 2214 5526 ut
2247 5475 2370 5526 anni
2420 5475 2639 5542 periodo

1067 5573 1258 5629 uivisa.
1302 5582 1356 5625 et
1381 5568 1611 5622 alternis
1648 5568 1857 5622 vicibus
1894 5581 2016 5620 eum
2074 5565 2359 5617 haberent.
2405 5563 2636 5617 lteversa

1068 5664 1251 5719 Venus
1289 5681 1411 5717 cum
1462 5663 1561 5715 huc
1614 5660 1725 5715 suis
1774 5658 2131 5712 familiaribus
2184 5670 2276 5710 seu
2316 5656 2508 5709 amicis
2543 5671 2637 5709 seu

1072 5758 1373 5813 cultoribus
1406 5756 1760 5819 renuntiaret,
1821 5755 1871 5805 in
1906 5751 2104 5803 festum
2138 5764 2221 5801 res
2251 5748 2382 5801 exiit
2407 5763 2467 5801 ac
2495 5749 2637 5801 cele-

1073 5850 1344 5904 britatem.
1384 5848 1563 5917 itaque
1592 5846 1764 5901 (ἔταιςὶ
1810 5844 1933 5897 hinc
1969 5841 2073 5895 tale
2122 5839 2317 5894 festum
2354 5839 2632 5906 excogita-

2736 4654 2909 4707 ἐποίει
2943 4654 3152 4717 παιδὸς,
3172 4654 3230 4707 ὃν
3263 4654 3327 4724 δὴ
3362 4653 3456 4707 καὶ
3481 4652 3764 4723 ὠνόμασεν
3789 4652 4044 4706 Ἀδωνιν.
4083 4653 4320 4721 Ἐπερυ-

2738 4744 2904 4815 θριῶν
2934 4745 2990 4798 δὲ
3018 4745 3096 4816 τῷ
3122 4745 3370 4815 γεγονότι
3419 4746 3517 4798 καὶ
3560 4747 3669 4807 τοῖς
3708 4745 3808 4815 τῆς
3850 4742 4071 4813 φύσεως
4112 4744 4328 4812 νόμοις,

2736 4837 2820 4889 ὅτι
2860 4837 3140 4907 πέπραχεν
3180 4837 3411 4899 ἀνοσίως
3453 4834 3897 4904 ἐξελεγχόμενος,
3946 4832 4203 4903 ἐξέθηκεν
4249 4830 4329 4893 ὣς

2738 4946 2871 4997 φασι
2910 4928 2970 4982 τὸ
3004 4928 3213 4981 παιδίον
3273 4928 3330 4979 ἐν
3376 4926 3512 4995 ὅρει.
3570 4924 3848 4979 Λαϐοῦσαι
3894 4924 3951 4977 δέ
3999 4924 4161 4978 τοῦτο
4212 4922 4333 4975 τῶν

2739 5021 2918 5072 ἐκεῖσε
2939 5018 3167 5089 νυμφῶν
3195 5036 3361 5081 τινες,
3396 5016 3463 5081 ἂς
3494 5018 3586 5070 καὶ
3613 5017 3844 5087 ὀρεάδας
3875 5015 4108 5069 καλοῦσι
4136 5014 4331 5083 δαίμοο

2738 5127 2862 5176 νας,
2892 5108 3126 5182 ἐθρεψάν
3149 5125 3207 5160 τε
3240 5110 3336 5161 καὶ
3366 5105 3694 5160 διεσώσαντο
3717 5123 3730 5135 °
3764 5105 3821 5168 ὃς
3854 5104 3918 5176 δὴ
3951 5104 4051 5159 καὶ
4086 5103 4334 5175 ἠὸήσας.

2739 5202 2834 5256 καὶ
2859 5203 2916 5253 ἐν
2947 5200 3188 5264 νεανίαις
3216 5200 3316 5271 ἤδη
3344 5198 3536 5264 τελῶν,
3573 5196 4024 5268 εὐπρεπεστάτην
4054 5196 4153 5267 μὲν
4178 5194 4338 5263 ἔχων

2738 5294 2836 5363 τὴν
2870 5292 3019 5363 ὥραν
3050 5291 3301 5360 ἐφαίνετο
3323 5306 3335 5319 °
3360 5291 3561 5360 ἥπτετο
3594 5289 3652 5342 δὲ
3683 5286 4050 5360 κυνηγ[ε]ίας,
4088 5288 4177 5340 καὶ
4223 5286 4337 5347 τὰς

2739 5387 2832 5438 ἐπὶ
2860 5384 3033 5454 τούτῳ
3076 5383 3313 5445 σπουδάς
3346 5382 3467 5436 καθ’
3499 5380 3631 5445 ὕλας
3656 5383 3894 5435 ἐποιεῖτο
3931 5379 4064 5450 περὶ
4102 5377 4334 5431 πολλοῦ.

2738 5474 2893 5541 Εἶτα,
2925 5478 3081 5546 φησὶ,
3108 5475 3416 5546 θεασαμένη
3448 5473 3635 5528 τοῦτον
3662 5476 3695 5546 ἠ
3735 5474 3865 5543 παρ’
3898 5472 4082 5535 αὐτοῖς
4127 5471 4341 5537 ’Δφρο-

2737 5568 2855 5638 δὲτη
2891 5568 3186 5639 (ἑταιρικὸν
3218 5567 3273 5619 δὲ
3303 5566 3461 5619 τοῦτο
3489 5565 3708 5634 γύναιον
3730 5560 3848 5635 ἦν),
3885 5563 4098 5634 ἠράσθη
4130 5576 4186 5612 τε
4231 5560 4340 5612 καὶ

2742 5655 3080 5724 συνεγένετο,
3130 5656 3224 5708 καὶ⁸
3252 5655 3589 5726 περιέπουσα
3631 5653 3879 5707 διετέλει.
3937 5651 4048 5706 Καὶ
4092 5651 4236 5717 πρός
4264 5664 4343 5716 γε

2741 5748 2898 5801 τοῦτο
2950 5747 3322 5817 λελυπημένος
3382 5750 3409 5800 ὸ
3442 5748 3634 5817 Ἀρης,
3681 5743 4013 5814 ἀντεραστὴς
4058 5739 4344 5808 ὑπάρχων

2743 5842 2842 5910 τῆς
2885 5839 3222 5913 Ἀφροδίτης,
3258 5838 3343 5893 συῒ
3379 5839 3789 5911 παρεικάζεται,
3824 5837 3917 5890 καὶ
3950 5833 4179 5904 θηρῶντι
4218 5831 4344 5901 μὲν
