4110 6500
247 364 358 418 Hi

1381 362 1448 420 ΙΝ
1487 363 1720 421 ΙΞΔΙΛΜ
1761 366 1892 424 LIB.
1935 367 2001 425 ll.
2043 365 2283 425 τοιιυε
2315 367 2405 426 lll.

3423 376 3530 431 M2
3570 424 3574 429 .

253 485 525 560 ἐπιπηδᾷ.
563 487 802 542 διόλλυσι
825 485 883 539 δὲ
914 486 1260 558 παραχρῆμα
1287 485 1307 517 ·’
1354 487 1450 540 καὶ
1479 487 1683 558 θρήνου
1710 485 1846 556 πρό-

1969 496 2097 551 -unt,
2131 496 2190 540 ut
2223 501 2282 542 se
2328 502 2452 541 cum
2489 487 2698 544 Venere
2744 498 2965 559 prepter
2999 495 3227 546 mortem
3263 487 3526 546 Adonidis

253 597 425 648 φασις
477 577 672 648 γέγονε
710 577 810 648 μὲν
851 577 912 630 τὸ
961 575 1152 648 χρῆμα
1183 579 1252 648 τῇ
1314 577 1626 652 Ἀφροδίτῃ,
1658 576 1845 648 φησίν.

259 669 539 727 Καθίκετο
585 672 642 725 δέ
670 669 976 741 δυσθυμίας
1022 670 1102 732 εἰς
1133 669 1292 722 τοῦτο
1336 669 1429 722 καλ⁸
1459 669 1660 740 λύπης,
1710 668 1850 721 ὥστε

256 762 358 817 καὶ
398 763 479 825 είς
527 756 695 817 αὑτὸν
743 759 1144 829 καταφοιτῆσαι
1186 755 1277 812 τὸν
1320 758 1475 832 ᾅδην,
1519 759 1852 830 ἀνακομίσαι

258 851 495 905 θέλουσα
523 851 617 902 τὸν
643 843 940 921 ἐρώμενον.
987 848 1204 920 Ἐπειδὴ
1242 849 1300 903 δὲ
1333 852 1366 920 ἡ
1410 850 1506 903 τοῦ
1541 847 1854 914 Πλούτωνος

259 941 402 1014 γυνὴ
432 943 776 1012 μετεποιεῖτο
809 936 903 995 τοῦ
953 942 1242 995 νεανίσκου
1291 942 1518 1014 σφόδρα,
1568 943 1662 995 καὶ
1702 941 1852 1006 ἀξιο-

263 1035 584 1107 θαύμαστον
631 1034 824 1105 ἔχοντα
857 1034 958 1104 τὴν
986 1033 1138 1104 ὥραν
1195 1033 1293 1086 οὐκ
1347 1034 1520 1103 ἠφίει,
1572 1034 1855 1088 συνέθεντο

263 1128 402 1200 πρὸς
449 1127 705 1199 ἀλλήλας,
753 1121 892 1179 ὥστε
943 1125 1273 1197 μερίσασθαι
1315 1121 1411 1178 τοῦ
1462 1125 1712 1180 ἐνιαυτοῦ
1763 1124 1856 1178 τὸν

263 1219 468 1274 κύκλον
491 1236 506 1250 °
545 1217 639 1274 καὶ
677 1213 736 1282 ἐξ
772 1214 1034 1288 ἡμισείας
1067 1216 1213 1288 ἔχειν
1251 1217 1435 1271 αὐτόν.
1503 1216 1856 1285 Ἀνελθούσης

263 1311 322 1366 δὲ
362 1313 463 1382 τῆς
519 1306 864 1382 Ἀφροδίτης,
918 1310 1014 1364 καί⁸
1062 1308 1222 1364 τοῦτο
1285 1309 1690 1382 ἀναγγειλάσης
1743 1311 1858 1372 τοῖς

265 1402 473 1476 ἐαυτῆς
501 1400 744 1468 οἰκείοις,
776 1403 895 1475 ἦτοι
941 1403 1137 1472 φίλοις,
1173 1402 1206 1474 ἢ
1235 1402 1582 1472 λατρευταῖς,
1603 1401 1766 1474 ἑορτὴ
1799 1401 1858 1455 τὸ

266 1499 462 1570 χρῆμα
502 1493 696 1567 γέγονε
745 1492 842 1549 ml.
894 1497 1226 1567 πανήγυρις.
1277 1494 1638 1548 Ἐπλάττοντο
1681 1493 1858 1547 τοίνυν

267 1587 534 1661 Ἕλληνες
561 1585 757 1659 ἑορτὴν
785 1587 878 1641 ἐπὶ
905 1587 1081 1658 τούτῳ
1111 1583 1394 1659 τοιαύτην.
1428 1580 1860 1659 Προσεποιοῦντο

272 1681 373 1753 μὲν
409 1681 520 1750 γὰρ
565 1675 882 1752 λυπουμένῃ
910 1681 978 1751 τῇ
1026 1679 1336 1751 Ἀφροδίτῃ,
1375 1679 1465 1734 διά
1506 1679 1568 1733 τὸ
1605 1679 1860 1734 τεθνάναι

268 1774 365 1828 τὸν
397 1769 646 1838 Ἀδωνιν,
675 1771 1136 1842 συνολοφύρεσθαι
1171 1773 1266 1826 καὶ
1317 1770 1558 1844 θρηνεῖν·
1602 1772 1858 1828 ἀνελθοῦ-

271 1882 376 1936 σης
425 1860 482 1918 δέ
526 1860 587 1929 ἐξ
633 1859 785 1936 ᾅδου,
837 1865 933 1918 καὶ
983 1864 1094 1935 μὴν
1135 1865 1232 1918 καὶ
1272 1865 1546 1937 ηὑρῆσθαι
1595 1865 1860 1938 λεγούσης

269 1957 365 2009 τὸν
403 1952 759 2027 ζητούμενον,
812 1955 1142 2027 συνήδεσθαι
1190 1958 1288 2010 καὶ
1337 1957 1708 2031 ἀνασκιρτᾷν⁹
1767 1959 1862 2013 καὶ

274 2046 443 2118 μέχρι
470 2045 577 2101 τῶν
606 2045 728 2101 καθ’
780 2047 928 2117 ἡμᾶς
962 2047 1173 2120 καιρῶν
1220 2050 1279 2102 ἐν
1310 2051 1424 2112 τοῖς
1454 2050 1576 2104 κατ’
1617 2049 1864 2117 Ἀλεξάν-

270 2138 462 2214 δρειαν
497 2144 661 2216 ἱεροῖς
705 2143 942 2197 ἐτελεῖτο
972 2143 1034 2195 τὸ
1063 2141 1314 2212 παίγνιον
1363 2143 1544 2199 τοῦτο.
1597 2145 1865 2216 Μεμαθή-

271 2251 406 2287 κασι
449 2233 544 2287 καὶ
587 2235 638 2286 oi
672 2229 732 2299 ἐξ
761 2233 993 2304 αἵματος
1036 2231 1274 2305 Ἰσραὴλ,
1316 2235 1414 2288 καὶ
1439 2232 1504 2304 δὴ
1537 2235 1632 2288 καὶ
1691 2235 1865 2308 ἔδρων

272 2323 430 2390 αὐτὸ,
459 2323 594 2378 θεὸν
624 2325 722 2394 μὲν
754 2324 987 2390 ἀφέντες
1010 2323 1102 2378 τὸν
1131 2325 1290 2394 φύσει
1323 2325 1418 2380 καὶ
1457 2326 1696 2397 ἀληθῶς,
1726 2329 1864 2382 ἀποο

273 2415 589 2480 νενευκότες
614 2411 673 2468 δὲ
701 2414 841 2486 πρὸς
869 2411 904 2468 ἀ
941 2411 1016 2486 μὴ
1050 2413 1230 2485 θέμις,
1263 2415 1358 2469 καὶ
1384 2418 1506 2482 ταῖς
1534 2417 1644 2471 τῶν
1672 2417 1864 2489 δαιμο⁴

273 2505 404 2558 νίων
441 2503 682 2568 ἀπάταις
721 2505 802 2568 είς
855 2504 1080 2576 ὄλεθρον
1128 2506 1224 2561 καὶ
1270 2508 1546 2563 ἀπώλειαν
1591 2509 1867 2574 ἀσυνέτως

279 2595 750 2667 συνηρπασμένοι.
783 2596 1166 2669 Διαμέμνηται
1195 2599 1384 2654 τούτου
1410 2602 1505 2656 καὶ
1535 2603 1563 2656 ὁ
1599 2603 1867 2673 μακάριος

275 2687 571 2758 προφήτης
620 2685 898 2760 Ἰεζεχιήλ·
939 2688 1045 2760 ἔφη
1089 2689 1197 2761 γὰρ
1245 2689 1459 2756 οὕτως·
1533 2693 1684 2746 (Καὶ
1735 2692 1865 2757 ίδον,

277 2775 374 2831 καὶ
435 2776 546 2831 ίδοὺ
584 2775 704 2832 ἐκεῖ
748 2782 1008 2848 γυναῖκες
1048 2781 1380 2853 καθήμεναι,
1443 2783 1740 2854 θρηνοῦσαι
1776 2785 1867 2839 τὸν

276 2865 621 2939 Θαμμούζ.ἰ
666 2867 1090 2942 Διερμηνεύεται
1117 2872 1175 2926 δὲ
1207 2874 1236 2927 ό
1265 2873 1531 2945 Θαμμοῦζ
1551 2877 1579 2928 ὁ
1614 2875 1864 2941 Ἄδωνις.

293 2955 635 3030 Ἐπράττετο
657 2959 715 3013 δέ
741 2975 794 3014 τι
827 2958 1068 3017 τοιοῦτον
1096 2963 1248 3035 παρά
1274 2959 1384 3017 τῶν
1412 2964 1581 3020 ὄντων
1615 2966 1674 3020 ἐν
1706 2969 1771 3037 τῇ
1796 2971 1866 3040 γῇ

277 3050 348 3120 τῇ
405 3049 664 3106 ἐπέκεινα
697 3052 962 3124 ποταμῶν
1004 3053 1314 3120 Αἰθιοπίας,
1367 3057 1498 3127 περὶ
1539 3051 1607 3128 ἧς
1653 3059 1713 3111 ἐν
1754 3061 1867 3122 τοῖς

1893 1833 1937 1891 Β

1955 589 2149 634 maesta
2202 579 2490 636 condolere
2548 589 2604 636 et
2654 580 2838 652 lugere
2887 600 2900 637 :
2951 583 3196 638 redeunti
3241 593 3420 638 autem
3463 601 3528 639 ex

1952 671 2092 726 Orco
2141 683 2196 728 et
2217 673 2494 726 inventum
2537 687 2660 728 esse
2707 674 2932 739 dicenti,
2967 685 3126 743 quem
3179 674 3526 743 qutesiverat,

1954 765 2235 836 gratulari,
2301 775 2356 820 et
2394 781 2497 820 una
2524 767 2800 822 exsultare
2839 768 3197 834 simularent;
3243 776 3299 823 et
3333 769 3398 823 ad
3439 785 3529 821 nn-

1955 869 2127 914 stram
2160 873 2331 930 usque
2385 869 2598 913 aetatem
2634 858 2688 914 in
2731 859 3113 914 Alexandrinis
3154 857 3392 914 delubris
3431 861 3532 914 hoc

1957 951 2223 1006 ludicrum
2288 951 2667 1020 peragebatur.
2723 950 2836 1006 Hoc
2887 965 3103 1021 quoque
3151 965 3216 1006 ex
3273 952 3535 1020 sanguine

1958 1044 2258 1100 Israelitico
2281 1044 2387 1097 orti
2419 1043 2751 1110 didicerunt,
2790 1043 2950 1112 idque
2984 1044 3161 1114 ipsum
3195 1043 3532 1108 factitarunt,

1961 1137 2070 1192 Deo
2105 1136 2356 1192 videlicet
2383 1135 2616 1189 naturali
2643 1145 2696 1189 et
2722 1148 2852 1189 vero
2884 1135 3169 1202 derelicto,
3206 1136 3276 1191 ad
3310 1135 3360 1190 id
3392 1133 3532 1206 quod

1960 1231 2042 1286 fas
2073 1246 2178 1284 non
2229 1239 2349 1284 erat
2399 1229 2626 1298 delapsi,
2669 1232 2725 1282 et
2765 1229 3070 1283 daemonum
3120 1228 3433 1298 imposturis
3481 1231 3534 1281 in

1958 1322 2251 1392 perniciem
2290 1331 2345 1374 et
2399 1320 2672 1375 interitum
2731 1321 3104 1390 imprudenter
3152 1317 3382 1389 abrepti.
3420 1318 3535 1374 Me-

1961 1415 2118 1470 minit
2159 1414 2320 1484 hujus
2345 1414 2507 1467 etiam
2559 1415 2751 1468 beatus
2790 1410 3053 1483 propheta
3080 1410 3356 1468 Ezechiel.
3395 1412 3540 1466 Dixit

1959 1508 2106 1564 enim
2132 1507 2257 1563 sic:
2297 1525 2316 1558 ι
2353 1506 2418 1560 Et
2442 1506 2573 1570 vidi,
2613 1517 2667 1559 et
2694 1518 2820 1561 ecce
2859 1504 3116 1560 mulieres
3139 1507 3407 1571 sedentes,
3454 1505 3538 1558 lu-
3635 1529 3650 1544 κ

1961 1607 2150 1669 gentes
2188 1595 2492 1652 'l‘ltammuz
2526 1594 2570 1628 ⁸⁷
2606 1615 2624 1648 ι
2665 1597 2980 1667 (exponitur
3014 1605 3194 1649 autem
3235 1591 3539 1650 Thammuz

1961 1687 2208 1758 Adonis).
2238 1687 2468 1742 Factum
2497 1696 2581 1742 est
2609 1695 2792 1741 autem
2825 1686 2932 1741 tale
2963 1683 3220 1754 quiddam
3247 1681 3317 1738 ab
3348 1684 3430 1739 his
3450 1684 3539 1754 qui

1963 1787 2122 1832 erant
2166 1778 2219 1832 itt
2269 1787 2415 1833 terra
2463 1787 2611 1832 trans
2655 1776 2846 1832 ﬂuvios
2892 1774 3206 1846 Etlthpite,
3241 1777 3306 1829 de
3339 1788 3444 1844 qua
3487 1774 3540 1827 in

1963 1869 2337 1940 superioribus
2364 1870 2526 1940 paulo
2567 1868 2782 1938 planius
2813 1868 3070 1923 diximus.
3097 1867 3336 1934 Accepto
3369 1863 3540 1930 ﬁctili,

1964 1963 2087 2019 dein
2117 1961 2484 2032 conscriptam
2538 1963 2590 2016 in
2628 1977 2831 2034 papyro
2866 1960 3148 2030 epistolam
3180 1959 3247 2014 ad
3292 1959 3542 2020 remittas,

1963 2055 2118 2125 quasi
2178 2053 2400 2109 invento
2459 2053 2734 2116 Adonide,
2797 2067 2860 2107 ac
2913 2050 3063 2106 lictili
3119 2048 3430 2122 impositam
3491 2055 3545 2102 et

1965 2146 2130 2216 276
2153 2146 2520 2216 obsignatam,
2561 2143 2616 2196 in
2653 2155 2804 2196 mare
2829 2141 3190 2205 demiserunt,
3219 2137 3541 2209 quibusdam

1965 2238 2254 2296 celebratis
2289 2236 2632 2292 caeremoniis
2675 2253 2689 2290 :
2729 2243 2870 2289 etut
2918 2233 3173 2288 dicebant
3229 2240 3458 2293 temere,
3489 2239 3545 2284 et

1966 2346 2096 2386 casu
2133 2331 2186 2386 in
2232 2329 2473 2390 chartas,
2521 2328 2674 2396 juxta
2715 2324 3036 2380 manifestos
3088 2323 3214 2379 anni
3250 2323 3368 2379 dies
3405 2319 3546 2379 rel‘e-

1967 2425 2210 2479 rebatur.
2242 2422 2396 2490 Quod
2437 2421 2525 2475 ubi
2560 2419 2661 2474 illa:
2701 2418 2916 2474 l'emime
2951 2417 3180 2472 Veneris
3211 2416 3402 2470 amica:
3439 2429 3542 2467 una

1967 2531 2091 2570 cum
2131 2513 2361 2585 epistola
2405 2513 2782 2581 accepissent,
2821 2509 3049 2578 perinde
3083 2523 3148 2563 ac
3195 2508 3240 2562 si
3298 2517 3546 2578 repertus

1967 2601 2161 2658 fuisset
2183 2621 2212 2655 a
2245 2599 2458 2656 Venere
2482 2600 2708 2664 Adonis,
2753 2599 2955 2652 luctum
2999 2598 3292 2666 ponebant.
3331 2592 3548 2649 Deridet

1967 2706 2096 2762 ergo
2149 2704 2330 2746 sermo
2377 2688 2727 2758 prouheticns
2792 2687 2949 2742 nobis
3007 2685 3153 2740 velut
3222 2685 3546 2740 ldololatras

1970 2781 2186 2853 impios,
2234 2781 2569 2844 seductores,
2621 2788 2676 2833 et
2726 2778 2817 2832 Dei
2860 2778 3046 2832 hostes
3080 2790 3174 2831 eos
3216 2776 3308 2845 qui
3343 2783 3545 2830 terram

1967 2888 2090 2930 eam
2125 2873 2458 2937 inhabitant,
2497 2885 2645 2926 trans
2666 2869 2859 2925 ﬂuvios
2890 2868 3206 2938 (EthiOpim,
3239 2878 3295 2923 et
3321 2867 3496 2936 inquit
3527 2883 3542 2920 :

1969 2969 2074 3035 Qui
2109 2968 2279 3023 mittit
2306 2967 2359 3021 in
2399 2967 2531 3020 tnari
2568 2965 2815 3030 obsides,
2838 2974 2893 3018 et
2929 2962 3188 3033 epistolas
3218 2973 3547 3032 papyraceas

1970 3073 2364 3130 superaquam.
2390 3055 2498 3111 ίΙοι·
2521 3055 2682 3110 etiam
2705 3055 2928 3109 omnino
2950 3054 3195 3124 sequitur
3219 3052 3328 3116 γω,
3359 3065 3549 3115 quent-

279 3138 539 3213 ἀνωτέρω
567 3141 737 3216 βραχὺ
758 3141 943 3213 σαφῶς
963 3147 1284 3218 εἰρήκαμεν.
1306 3144 1566 3220 Κέραμον
1585 3149 1863 3217 λαϐόντες,

1969 3151 2257 3204 admodum
2310 3160 2458 3202 certe
2517 3147 2619 3202 alis
2679 3146 2916 3200 navium.
2986 3145 3076 3200 Va:
3123 3145 3291 3207 enim,
3343 3141 3545 3210 inquit,

279 3231 406 3289 εἶτα
443 3236 744 3305 γράφοντες
773 3237 1060 3310 ἐπιστολὴν
1091 3241 1228 3311 πρὸς
1255 3242 1353 3305 τὰς
1386 3242 1444 3294 ὲν
1485 3242 1663 3314 Βίϐλῳ
1689 3247 1868 3312 γυναῖ-

280 3341 408 3391 κας,
441 3320 516 3389 ὡς
544 3325 857 3398 ηὖρημένου
903 3324 996 3381 τοῦ
1030 3328 1326 3394 Ἀδώνιδος,
1377 3332 1472 3384 καὶ
1523 3330 1768 3397 ἐνθέντες
1807 3350 1868 3387 τε

281 3418 456 3490 αὐτὴν
485 3419 563 3488 τῷ
597 3419 846 3493 κεράμῳ,
885 3418 980 3474 καὶ
1023 3423 1443 3493 σφραγίσαντες,
1498 3425 1759 3480 καθίεσαν
1788 3428 1870 3490 είς

281 3510 383 3580 τὴν
411 3510 708 3574 θάλασσαν,
741 3511 967 3575 τελετάς
1000 3530 1150 3577 τινας
1184 3514 1272 3568 ἐπ’
1303 3515 1452 3587 αὐτῷ
1480 3517 1866 3588 ποιησάμενοι·

283 3603 383 3655 καὶ
401 3601 479 3666 ὥς
502 3617 566 3670 γε
595 3603 858 3671 ἔφασκον,
913 3602 1237 3673 αὐτομάτως
1266 3608 1347 3670 είς
1379 3604 1570 3660 Βίϐλον
1599 3607 1870 3679 ἀπεκομί-

284 3693 413 3757 ζετο
440 3695 517 3763 (l)
541 3695 683 3748 κατά
711 3694 954 3765 φανερὰς
987 3693 1082 3750 τοῦ
1110 3694 1267 3761 ἔτους
1289 3697 1526 3770 ἡμέρας.
1561 3701 1658 3752 ὐν
1686 3699 1750 3771 δὴ
1776 3700 1871 3753 καὶ

279 3785 688 3856 ἁποδεξάμεναι
718 3787 975 3854 γυναῖκές
1011 3805 1155 3852 τινες
1183 3791 1282 3859 τῆς
1328 3791 1647 3862 Ἀφροδίτης
1695 3791 1866 3862 φίλαι,

281 3873 410 3930 εἶτα
451 3876 716 3932 λαϐοῦσαι
743 3879 840 3948 τὴν
868 3878 1160 3951 ἐπιστολὴν
1188 3879 1454 3936 ἐπαύοντο
1486 3879 1580 3936 τοῦ
1627 3883 1868 3957 θρηνεῖν,

279 3966 363 4030 ὡς
408 3968 722 4038 ηὑρημένου
762 3970 909 4040 παρὰ
950 3971 1050 4040 τῆς
1091 3972 1411 4044 Ἀφροδίτης
1432 3973 1525 4026 τοῦ
1569 3975 1868 4041 Ἀδώνιδος.

279 4059 526 4130 Διαγελᾷ
549 4061 727 4114 τοίνυν
753 4062 783 4114 ό
811 4062 1148 4132 προφητικδς
1175 4065 1308 4134 ἡμῖν
1345 4064 1522 4133 λόγος,
1553 4065 1630 4130 ὡς
1659 4067 1873 4121 εἰδωλο-

279 4150 491 4222 λάτρας
522 4152 651 4205 ποτὲ
678 4153 772 4206 καὶ
799 4153 1070 4218 ἀνοσίους,
1118 4156 1217 4207 καὶ
1247 4157 1595 4223 ἀπατεῶνας,
1630 4159 1726 4211 κοιλ⁵
1755 4158 1874 4213 θεο-

286 4248 493 4318 μισεῖς,
549 4246 678 4310 τοὺς
725 4247 1121 4313 κατοικοῦντας
1163 4248 1262 4319 τὴν
1295 4250 1400 4318 γῆν
1469 4250 1568 4321 τὴν
1616 4252 1873 4306 ἐπέκεινα

282 4338 556 4408 ποταμῶν
584 4337 886 4402 Αἰθιοπίας,
923 4338 1016 4393 καί
1055 4356 1220 4409 φησιν
1245 4356 1259 4370 ·
1314 4340 1372 4393 '0
1421 4340 1768 4395 ἀποστέλλων
1815 4344 1877 4395 ἐν

282 4431 539 4503 Θαλάσσῃ
571 4431 777 4501 ὅμηρα,
819 4431 913 4484 καὶ
955 4430 1249 4494 ἐπιστολὰς
1285 4430 1530 4500 βιϐλίνας
1567 4434 1753 4486 ἐπάνω
1779 4433 1872 4486 τοῦ

1975 3249 2138 3296 terrm
2189 3240 2406 3294 navium
2460 3240 2581 3292 alis.
2623 3237 2803 3305 Quare
2864 3238 2919 3291 in
2965 3251 3257 3292 commune
3301 3228 3549 3288 extendit

1977 3335 2104 3389 illud
2148 3333 2237 3387 Vae
2275 3333 2340 3388 ad
2383 3347 2508 3388 eum
2539 3333 2702 3386 etiam
2762 3330 2854 3400 qui
2915 3330 3079 3385 mittit
3133 3330 3188 3382 itt
3232 3327 3366 3380 mari
3399 3321 3549 3379 obsi-

1975 3427 2094 3491 des,
2145 3425 2197 3480 id
2245 3436 2351 3491 est,
2407 3425 2712 3480 concordia:
2760 3437 2827 3479 ac
2875 3421 3251 3492 consensionis
3297 3417 3546 3490 pignora.

1975 3514 2110 3569 Nam
2146 3515 2370 3586 perinde
2402 3515 2557 3585 quasi
2617 3513 2847 3569 Veneris
2897 3523 3153 3585 tnysterta
3183 3511 3548 3572 celebrarent,

1976 3623 2094 3663 eam
2138 3608 2190 3662 in
2220 3621 2423 3677 papyro
2458 3605 2761 3660 colentibus
2809 3619 2871 3658 ac
2905 3603 3022 3672 pari
3065 3601 3436 3656 laborantibus
3468 3601 3551 3654 in-

1978 3701 2153 3764 sauia,
2224 3700 2486 3753 miserunt
2521 3696 2796 3765 epistolas,
2852 3711 2956 3749 non
2994 3694 3259 3765 impositis
3299 3693 3422 3747 navi
3468 3701 3551 3746 ta-

1979 3791 2238 3856 bellariis,
2273 3790 2366 3844 sed
2403 3789 2546 3842 velut
2579 3803 2744 3855 super
2778 3801 2969 3856 aquas,
3007 3799 3072 3840 eo
3095 3784 3260 3856 quod,
3291 3783 3368 3838 uti
3397 3782 3551 3836 dixe-

1979 3895 2119 3946 ram,
2156 3897 2248 3936 eas
2283 3882 2334 3933 in
2363 3878 2582 3934 urcenlo
2623 3888 2938 3947 posuerunt.
2979 3874 3163 3930 Coacti
3212 3889 3421 3940 sumus,
3461 3886 3552 3926 so-

1979 3975 2086 4029 lum
2124 3985 2182 4029 ut
2223 3973 2506 4027 verborum
2555 3967 2968 4040 intelligentiam
3002 3967 3422 4027 declararcmus,
3471 3962 3554 4014 fa-

1982 4068 2138 4121 bulas
2175 4065 2389 4137 putidas
2421 4073 2472 4119 et
2504 4063 2695 4127 aniles,
2736 4073 2790 4117 et
2814 4060 3054 4116 Cra-cam
3095 4055 3553 4112 abominationem

1979 4168 2425 4212 commemorare.
2481 4153 2636 4209 Ibunt
2667 4154 2810 4207 enim
2861 4151 3030 4206 nuntii
3078 4149 3284 4204 celeres
3324 4147 3391 4200 ad
3425 4160 3557 4214 gen-

1981 4261 2082 4302 tem
2124 4247 2414 4308 excelsam,
2459 4253 2514 4300 et
2555 4244 2896 4314 peregrinum
2947 4239 3200 4310 populum
3243 4249 3297 4293 et
3339 4240 3553 4292 durum.

1979 4343 2110 4407 Quis
2151 4339 2288 4392 ultra
2336 4337 2536 4391 illum?
2575 4333 2722 4392 Gens
2775 4335 3058 4403 desperata
3114 4343 3170 4387 et
3218 4331 3553 4402 proculcata.

1982 4432 2095 4485 Dixi
2133 4428 2419 4485 oll'endisse
2454 4445 2606 4498 reges
2658 4426 3027 4497 Assyriorum,
3075 4439 3170 4480 eos
3212 4423 3307 4492 qui
3347 4432 3550 4477 terram

281 4523 506 4586 ὓδατος.
551 4522 784 4576 Ἔπεται
845 4521 902 4574 δὲ
945 4523 1161 4584 πάντως
1214 4523 1310 4574 καὶ
1355 4523 1533 4594 τούτῳ
1568 4524 1650 4590 τὸ,
1695 4523 1865 4577 οὐαί’

1978 4536 2126 4576 trans
2155 4518 2346 4575 ﬂuvios
2381 4519 2673 4589 fEtliiopiae
2697 4521 3010 4573 habitarunt
3050 4537 3062 4572 :
3101 4515 3358 4586 quoniam
3385 4514 3554 4583 ﬂagi—

280 4613 542 4682 καθάπερ
574 4611 766 4681 ἀμέλει
795 4612 886 4664 καὶ
916 4613 1036 4674 ταῖς
1068 4610 1293 4682 πτέρυξι
1337 4611 1446 4666 τῶν
1485 4613 1708 4668 πλοίων.
1742 4614 1877 4667 Οὐαὶ

279 4705 400 4773 γὰρ
429 4704 534 4774 γῆς
551 4705 819 4773 πτέρυγες
844 4701 1063 4768 πλοίων,
1091 4703 1256 4772 φησίν
1283 4702 1528 4757 ίΟύκοῦν
1555 4704 1664 4756 ἀπὸ
1693 4705 1875 4758 κοινοῦ

283 4795 704 4865 προσεπάγεται
737 4794 819 4855 τὸ,
850 4795 1008 4857 Οὐαὶ,
1028 4793 1107 4864 τῷ
1140 4795 1520 4848 ἀποστέλλοντι
1553 4796 1612 4847 ἐν
1633 4796 1876 4870 θαλάσσῃ

277 4889 474 4957 ὅμηρα
493 4901 505 4915 ·
547 4885 692 4976 τοῦτξ
716 4885 886 4949 ἔστιν,
911 4885 1145 4956 ἐνέχυρα
1170 4888 1271 4956 τῆς
1296 4885 1622 4958 ὁμοψυχίας.
1659 4891 1748 4952 Ὠς
1767 4891 1875 4961 γὰρ

296 4976 623 5047 Ἀφροδίτης
644 4977 924 5040 τελοῦντες
951 4978 1248 5048 μυστήριον
1264 4981 1374 5040 τοῖς
1398 4978 1602 5050 ταύτην
1617 4981 1676 5032 ἐν
1699 4981 1875 5051 Βίϐλῳ

284 5069 632 5138 σεϐομένοις,
681 5070 774 5123 καὶ
818 5070 918 5139 τὴν
975 5069 1098 5139 ἴσην
1148 5071 1330 5131 αὐτοῖς
1377 5069 1592 5125 νοσοῦσι
1653 5073 1873 5142 μανίαν,

279 5161 604 5231 ἐξέπεμπον
629 5160 728 5224 τὰς
753 5160 1068 5224 ἐπιστολὰς,
1115 5161 1176 5213 οὑ
1217 5161 1421 5224 πλοίοις
1456 5163 1701 5226 ἐνθέντες
1744 5165 1873 5229 τοὺς

277 5251 668 5322 διακομιστάς.
713 5252 832 5306 ἀλλ’
880 5246 992 5305 οἷον
1047 5253 1234 5306 ἐπάνω
1289 5253 1384 5307 τοῦ
1416 5254 1626 5320 ὓδατος,
1678 5255 1769 5310 διὰ
1812 5257 1874 5310 τὸ

280 5343 542 5415 κεράμῳ,
559 5345 808 5414 καθάπερ
829 5343 987 5415 ἔφην.
1012 5344 1344 5398 ἐντεθεῖσθαι
1373 5347 1592 5410 ταύτας.
1611 5347 1877 5417 Ἦναγκά·

283 5435 474 5506 σμεθα
518 5436 573 5489 δὲ
609 5437 796 5508 μύθων
841 5437 1120 5490 όδωδότων
1171 5437 1266 5492 καὶ
1311 5439 1723 5510 γεγηρακότων,
1778 5442 1873 5496 καὶ

366 5592 414 5624 ⁸⁷
458 5593 652 5648 Ezecb.
689 5611 809 5661 vm,
831 5595 916 5648 14.

363 5748 444 5814 (l)
491 5749 646 5828 c9".
700 5752 1031 5828 Adtepa't'rto;
1051 5755 1154 5828 52;
1206 5753 1409 5828 Βύϐλον
1471 5755 1836 5828 ἀπεκομίζετο
1877 5774 1890 5788 ο

289 5821 510 5887 chartu,
547 5822 765 5892 juncus,
802 5821 857 5879 et
892 5827 1018 5880 urbs
1049 5823 1391 5881 thnicum.

1985 4615 2222 4670 tantibus
2253 4613 2510 4667 auxilium
2539 4611 2796 4666 lsraelitis
2828 4626 2937 4664 non
2967 4609 3138 4662 solum
3170 4607 3556 4676 promiserunt,

1983 4712 2078 4764 sed
2100 4709 2258 4762 etiam
2297 4709 2584 4766 miserunt,
2618 4703 2831 4756 etiamsi
2879 4701 3012 4755 nihil
3045 4715 3269 4772 prorsus
3315 4699 3437 4753 illos
3469 4699 3559 4768 ju-

1982 4801 2182 4854 verint.
2214 4799 2348 4854 lliuc
2390 4797 2462 4851 illi
2500 4795 2780 4860 commoti,
2824 4803 3109 4863 postquam
3138 4793 3467 4855 universam,
3502 4802 3561 4844 ut

1983 4893 2087 4946 hoc
2141 4895 2306 4946 verbo
2363 4900 2506 4953 utar,
2565 4887 2806 4942 Judaeum
2848 4885 3157 4954 depopulati
3214 4891 3364 4948 sunt,
3421 4881 3561 4937 bello

1982 4983 2254 5055 Egyptlis
2285 4983 2454 5049 illato,
2481 4991 2646 5034 totam
2667 4989 2869 5032 terram
2901 4977 3046 5032 nullo
3079 4977 3259 5031 labore
3275 4986 3560 5044 ceperunt,

1979 5077 2089 5131 Deo
2128 5077 2233 5131 illis
2261 5078 2424 5130 dante
2454 5084 2512 5128 ttt
2544 5073 2976 5126 adversariorum
3021 5085 3236 5124 manum
3280 5083 3560 5139 expugna-

1978 5178 2118 5228 rent,
2151 5183 2215 5221 co
2245 5166 2386 5236 quod
2430 5168 2482 5219 in
2522 5162 2802 5236 [Egyptios
2837 5163 3096 5217 concitati
3130 5158 3354 5216 fuerint.
3391 5159 3555 5214 l’roin

1975 5271 2352 5330 exlingnalttro
2388 5258 2660 5328 regionem
2696 5269 2885 5309 eorum
2939 5251 3259 5325 Babylonio,
3303 5264 3560 5306 cursores

1981 5352 2198 5420 quidam
2235 5365 2300 5403 ex
2350 5347 2531 5403 Juda'a
2587 5347 2839 5418 profecti,
2897 5364 3001 5402 non
3051 5348 3207 5416 l0uge
3250 5343 3558 5400 abfuturam

1979 5442 2346 5497 incursiOnetn
2398 5442 2842 5512 pronuntiarunt.
2880 5439 2955 5495 De
3001 5441 3197 5510 quibus
3239 5435 3502 5506 propheta
3541 5449 3556 5487 :

1950 5753 2058 5813 Sua
2116 5767 2293 5830 sponte
2342 5758 2395 5814 in
2440 5755 2665 5829 Byblum
2725 5755 3098 5828 perferebatur.
3164 5751 3365 5823 Bybius
3413 5750 3557 5808 enim
