4840 6584
912 411 1018 468 4ᾰὸ

1906 420 1961 476 S.
2001 419 2278 490 CYRILLI
2320 419 2790 477 ALEXANDlilNl
2834 417 3156 474 ARCIIIEP.

4084 416 4192 472 ιιι

916 529 1072 586 lhuut
1099 534 1272 589 nuntii
1306 535 1476 600 leves,
1514 535 1564 590 id
1599 545 1703 601 est,
1735 538 1966 605 veloces,
2003 550 2059 596 et
2090 544 2235 596 velut
2267 542 2486 612 pennati
2519 550 2560 600 Α
2592 539 2827 611 βδελυρία

2277 542 2486 612 pennati
2519 550 2560 600 Α
2592 539 2872 611 βδελυρίας
2911 536 3231 610 Ἑλληνικῆς
3267 534 3602 606 ποιήσασθαι
3640 534 3862 605 μνήμην
3886 574 3900 598 ,
3953 533 4094 604 ὑπὲρ
4122 549 4188 601 γε

915 631 970 675 et
998 623 1188 691 agiles,
1224 634 1279 679 et
1307 627 1538 681 vicinam
1581 641 1646 682 ac
1674 627 1787 696 jam
1825 631 1877 685 in
1913 632 2123 688 l'orlhus
2168 645 2490 704 praesentem

918 715 1042 768 belli
1079 716 1446 773 calamitatem
1484 719 1906 778 denuntiabant.
1946 723 2172 780 Gentem
2197 726 2492 793 excelsam,

917 818 981 856 ac
1033 806 1284 874 populum
1335 811 1680 880 peregrinum
1729 827 1792 867 ac
1827 813 2042 879 durmn,
2082 815 2495 886 1Egyp‘iosn0-

919 895 1128 953 minat:
1166 899 1438 955 excelsam
1481 903 1644 974 277
1681 913 1735 959 et
1773 905 1995 972 elatam,
2040 922 2160 975 pro,
2198 910 2491 977 superbam

919 987 1003 1041 vel
1037 987 1207 1044 levent
1255 1001 1308 1046 et
1342 994 1559 1062 agilem,
1603 1005 1658 1050 et
1689 997 1818 1051 nulli
1850 999 2058 1052 vulneri
2099 1008 2192 1052 aut
2239 1000 2369 1053 ictui
2399 1015 2496 1053 ex-

922 1081 1188 1148 positam;
1248 1087 1590 1154 peregrinam
1637 1098 1819 1142 autem
1868 1099 1923 1142 et
1976 1090 2189 1155 duram,
2239 1099 2496 1160 tanquant

925 1189 1044 1227 rara
1078 1176 1311 1244 quadam
1355 1179 1560 1232 sazvitia
1603 1195 1666 1234 ac
1691 1179 1948 1234 inusitata
1987 1181 2322 1235 immanitate
2359 1195 2496 1249 prmo

924 1266 1117 1330 ditam,
1149 1284 1268 1338 quae
1294 1270 1380 1325 hic
1410 1287 1515 1325 non
1562 1271 1760 1327 habeat
1793 1273 2146 1340 superiorem.
2184 1273 2315 1340 Quis
2353 1274 2496 1328 enim

925 1357 1275 1437 nltraillum,
1307 1362 1501 1431 inquit,
1540 1379 1659 1432 pro,
1703 1363 1835 1430 Quis
1881 1364 2016 1418 adeo
2059 1364 2191 1419 levis
2226 1375 2280 1418 et
2329 1364 2498 1428 rudis,

929 1459 980 1498 σιι
1013 1448 1314 1518 imperitus,
1354 1451 1478 1520 quis
1520 1463 1724 1507 tantam
1757 1453 1912 1508 bonis
1941 1455 2208 1508 insuetam
2235 1457 2502 1524 perversi-

932 1548 1095 1592 tatem
1155 1543 1430 1605 exercuit,
1501 1553 1759 1612 quantam
1824 1542 2182 1614 Egyptiacus
2235 1545 2504 1615 populus?

929 1627 1144 1684 Maximi
1195 1633 1338 1686 enim
1391 1645 1548 1690 erant
1600 1636 1851 1692 cultores.
1887 1636 2174 1694 idolorum.
2239 1637 2502 1702 Quocirca

928 1715 1091 1774 etiam
1125 1737 1338 1792 gentem
1367 1731 1728 1795 desperatam,
1756 1738 1811 1782 et
1840 1727 2216 1782 conculcatum
2249 1729 2502 1798 populum

931 1829 1207 1886 nuncupat
1237 1836 1250 1871 ε
1296 1820 1665 1889 desperatam,
1694 1836 1759 1874 eo
1789 1823 1932 1890 quod
1955 1835 2078 1873 eum
2118 1822 2207 1889 qui
2237 1832 2428 1873 natura
2454 1830 2504 1874 et

2595 633 2688 686 τοῦ
2725 632 3025 703 σαφηνίσαι
3097 628 3258 700 μόνον
3299 626 3409 681 τῶν
3467 626 3848 697 προκειμένων
3887 623 3980 678 τὸν
4034 623 4180 678 νοῦν.

2597 724 2959 796 Πορεύσονται
2991 722 3100 794 γὰρ
3129 721 3351 790 ἄγγελοι
3387 719 3580 789 κοῦφοι
3607 718 3745 791 πρὸς
3788 717 3943 781 ἔθνος
3983 716 4192 788 μετέω-

2601 835 2713 888 ρον,
2744 817 2839 870 καὶ
2863 816 3014 883 ξένον
3033 815 3161 870 λαὸν
3190 816 3285 869 καὶ
3304 813 3562 885 χαλεπόν.
3591 812 3687 876 Τίς
3712 809 3879 866 αὐτοῦ
3901 811 4190 876 ὲπέκεινα;

2601 911 2792 975 Ἔθνος
2840 911 3162 964 ἀνέλπιστον
3213 909 3307 962 καὶ
3357 905 3913 975 καταπεπατημένον.
3973 903 4193 965 Φθάσας

2600 1003 2756 1074 ἔφην,
2786 1005 2868 1056 ὅτι
2903 1000 3378 1073 προσκεκροῦκασι
3409 1001 3522 1064 τοῖς
3551 997 3852 1068 Ἀσσυρίων
3881 994 4194 1067 βασιλεῦσιν

2599 1097 2648 1148 οί
2685 1094 3066 1157 κατοικοῦντες
3099 1095 3198 1165 τὴν
3227 1096 3330 1162 γῆν
3366 1093 3465 1162 τὴν
3493 1091 3751 1144 ἐπέκεινα
3793 1087 4057 1159 ποταμῶν
4102 1089 4194 1140 Αί-

2601 1187 2854 1249 θιοπίας·
2929 1186 3158 1256 ἐπείπερ
3239 1183 3482 1238 αἰτοῦσιν
3563 1179 3889 1252 ἐπικουρίαν
3957 1182 4071 1240 τοῖς
4136 1179 4196 1244 ἐξ

2615 1280 2850 1351 Ἰσραὴλ,
2886 1279 2946 1332 οὗ
2988 1277 3496 1347 κατεπηγγέλλοντο
3539 1274 3720 1346 μόνον,
3749 1272 3887 1326 ἀλλά
3931 1271 4040 1342 γάρ
4102 1271 4199 1324 καὶ

2603 1373 2974 1442 πεπόμφασιν,
3004 1371 3051 1423 εί
3084 1370 3180 1423 καὶ
3211 1368 3429 1439 ὤνησαν
3468 1366 3665 1428 αὐτοὺς
3695 1364 3974 1426 παντελῶς
4019 1363 4196 1416 οὐδέν.

2604 1464 2666 1517 Oi
2695 1463 2750 1516 δὲ
2775 1462 2912 1531 πρὸς
2949 1459 3108 1514 τοῦτο
3149 1459 3538 1530 λελυπημένοι,
3579 1457 3718 1530 μετά
3761 1457 3821 1510 τὸ
3867 1457 4079 1520 πᾶσαν,
4124 1455 4200 1519 ὡς

2604 1553 2734 1618 ἔπος
2762 1555 2956 1616 εἰπεῖν,
2997 1550 3348 1624 καταδηῶσαι
3380 1549 3478 1620 τὴν
3513 1548 3796 1614 Ἰουδαίαν,
3841 1548 4201 1626 κεχωρήκασι

2605 1645 2747 1699 κατά
2801 1644 2901 1715 τῆς
2950 1643 3288 1713 Αἰγυπτίων,
3350 1637 3496 1694 εἷλόν
3538 1658 3596 1695 τε
3644 1639 3863 1694 ἅπασαν
3920 1638 4200 1708 ἀμογητὶ,

2606 1736 2743 1790 Θεοῦ
2776 1736 3012 1798 διδόντος
3035 1735 3218 1798 αὐτοῖς
3248 1735 3308 1788 τὸ
3337 1733 3598 1787 δύνασθαι
3625 1729 4058 1800 κατευμεγεθεῐν
4103 1729 4203 1798 τῆς

2607 1829 2716 1882 τῶν
2745 1829 3156 1899 ἀνθεστηκότων
3179 1827 3384 1898 χειρὸς,
3418 1826 3590 1879 διάτοι
3631 1823 3692 1877 τὸ
3710 1821 4047 1892 λελυπῆσθαι
4081 1820 4202 1874 κατ’

933 1921 1058 1961 vere
1089 1909 1230 1963 Deus
1255 1921 1338 1965 est
1368 1909 1715 1978 ignorarent;
1745 1911 2112 1966 conculcatam
2147 1922 2351 1974 autem,
2374 1927 2504 1978 quo-
2540 1893 2579 1946 Β
2613 1921 2844 1990 Αἱγυπτί

2292 1927 2504 1978 ηνίΙυοο
2540 1893 2579 1946 Β
2613 1921 2945 1990 Αἰγυπτίων.
2994 1920 3299 1983 Μέλλοντος
3343 1921 3524 1972 τοίνυν
3585 1915 4052 1988 καταστρατεύειν
4105 1913 4203 1980 τῆς

934 1997 1076 2050 niam
1100 1999 1487 2057 daemoniorum
1511 2004 1790 2058 erroribus
1815 2003 2052 2056 animum
2079 2003 2351 2057 subditum
2382 2003 2509 2057 sub-

939 2099 1279 2159 stratumque
1325 2093 1606 2157 habentes,
1652 2104 1856 2149 tantum
1894 2110 1998 2148 non
2039 2096 2265 2164 pedibus
2321 2110 2506 2149 eorum

932 2185 1358 2240 succubuerunt.
1410 2186 1548 2253 Quin
1611 2189 1769 2244 aliter
1808 2191 1950 2258 quod
1999 2191 2201 2244 dictum
2237 2198 2322 2245 est
2366 2191 2508 2245 aet-i-

933 2276 1072 2342 pias.
1127 2276 1262 2331 Nam
1300 2280 1425 2333 dum
1475 2280 1528 2334 in
1570 2297 1763 2336 manus
1814 2282 2162 2352 Assyriorum
2225 2283 2504 2344 caderent,

933 2367 1080 2420 omni
1131 2383 1226 2436 spe
1266 2370 1445 2439 gaudii
1491 2371 1720 2440 ahjecta,
1774 2373 1855 2426 sic
1914 2374 2214 2443 proculcati
2265 2384 2412 2439 sunt,
2453 2381 2510 2427 ut

936 2459 1168 2524 restitui,
1211 2462 1256 2516 si
1299 2463 1378 2517 fas
1417 2466 1488 2520 sit
1519 2465 1724 2529 dicere,
1767 2481 2041 2535 nunquam
2086 2477 2322 2536 possent,
2377 2467 2508 2536 quin

935 2552 1200 2609 vii-torum
1233 2557 1459 2626 pedibus
1487 2559 1806 2630 subjaceant
1834 2577 1898 2615 ac
1931 2560 2365 2616 substertiantnr.

2613 2013 2794 2085 χώρας
2825 2013 3006 2067 αὐτῶν
3036 2011 3523 2080 τοῦβαὸυλωνίου.
3551 2009 3802 2080 δρομαῖοί
3839 2024 3987 2070 τινες
4021 2005 4202 2058 ὲϐαδξ.

2616 2108 2769 2172 ζοντο
2803 2107 2867 2160 ὲκ
2907 2107 3005 2175 τῆς
3064 2105 3345 2171 Ἰουδαίας,
3396 2101 3830 2170 ἀπαγγέλλοντες
3884 2100 4068 2162 αὐτοῖς
4110 2097 4206 2165 τὴν

2614 2200 2714 2253 οὐκ
2754 2202 2834 2263 είς
2875 2199 3090 2270 μακρὰν
3146 2197 3413 2268 ἐσομένην
3440 2196 3648 2268 ἔφοδον.
3697 2195 3807 2248 Καὶ
3855 2193 3988 2263 περὶ
4027 2189 4207 2243 αὐτῶν

2617 2306 2782 2359 φησιν
2820 2292 2848 2343 ό
2894 2290 3208 2361 προφήτης,
3267 2289 3349 2341 ὅτι
3409 2287 3772 2359 Πορεύσονται
3817 2283 4039 2352 ἄγγελοι
4084 2279 4206 2333 κοῦ-

2618 2398 2728 2450 φοι,
2777 2380 2918 2434 τοῦτ’
2949 2381 3086 2443 ἔστι,
3135 2383 3344 2450 ταχεῖς,
3398 2379 3492 2432 κα)⁸
3525 2379 3690 2431 οἱονεὶ
3749 2373 3943 2447 πτηνοί
3995 2391 4055 2426 τε
4113 2371 4209 2424 καὶ

2617 2470 2866 2538 ἐλαφροὶ,
2901 2469 3121 2538 γείτονά
3149 2486 3209 2522 τε
3237 2469 3330 2522 καὶ
3359 2468 3451 2521 ἐπὶ
3482 2466 3673 2538 θύραις
3703 2465 3804 2536 ήδη
3830 2461 4210 2534 γεγενημένην

2616 2563 2715 2634 τὴν
2746 2564 2810 2616 ὲκ
2830 2562 2923 2616 τοῦ
2947 2563 3184 2634 πολέμου
3216 2563 3660 2634 καταμηνύοντες
3685 2559 3994 2632 συμφοράν.
4020 2556 4210 2617 Ἐθνος

2617 2652 2675 2705 δὲ
2730 2653 3022 2722 μετέωρον,
3076 2655 3170 2706 καλ⁴
3225 2653 3376 2720 ξένον
3432 2652 3558 2705 λαδν
3617 2653 3714 2705 καλ⁵
3767 2649 4031 2722 χαλεπὸν,
4088 2648 4211 2708 τοὺς

934 2736 1266 2806 Αἰγυπτίους
1290 2741 1586 2814 ὀνομάζει·
1630 2744 1714 2812 τὸ,
1748 2745 2042 2817 μετέωρον,
2091 2744 2216 2798 ἀντὶ
2257 2743 2372 2809 τοῦ,
2422 2744 2752 2814 ὑπέροπτον,
2786 2744 2905 2816 ἦτοι
2926 2746 2987 2799 τὸ
3041 2745 3243 2816 κοῦφον
3281 2746 3374 2799 καὶ
3401 2745 3655 2818 ἐλαφρὸν,
3683 2744 3778 2798 καὶ
3837 2741 4170 2796 ἀνούστατον
4194 2758 4208 2771 ο

937 2826 1089 2891 ξένον
1123 2828 1180 2881 δὲ
1209 2832 1302 2884 καὶ
1331 2833 1584 2903 χαλεπὸν,
1610 2833 1686 2898 ὼς
1714 2836 1770 2886 ὲν
1804 2835 2135 2906 χαλεπότητι
2165 2833 2391 2900 ξενίζον,
2414 2834 2507 2886 καὶ
2544 2835 2644 2887 οὐκ
2667 2835 2787 2905 ἕχον
2813 2836 2933 2888 τινὰ
2988 2834 3080 2890 τὸν
3105 2837 3364 2890 ἐπέκεινα
3396 2837 3533 2908 πρὸς
3554 2835 3734 2890 τοῦτο.
3790 2834 3889 2898 Τίς
3911 2832 4024 2903 γὰρ
4045 2827 4211 2885 αὐτοῦ

935 2919 1213 2986 ἐπέκεινα,
1250 2924 1414 2994 φησιν
1437 2963 1454 2990 ,
1483 2925 1603 2978 ἀντὶ
1640 2924 1762 2988 τοῦ,
1810 2925 1907 2988 Τίς
1931 2923 2077 2978 οὕτω
2099 2924 2320 2993 κοῦφος,
2353 2925 2446 2978 καὶ
2498 2924 2716 2996 ἀμαθής
2750 2927 2845 2980 καὶ
2891 2927 3173 2994 ἀσύνετος,
3211 2927 3306 2980 καὶ
3352 2927 3599 2999 ἀσυνήθη
3631 2929 3748 2990 τοῖς
3791 2924 3977 2988 ἄλλοις
4024 2925 4211 2991 ἐπιτη-

933 3011 1106 3066 δεύων
1138 3014 1466 3086 φαυλότητα,
1502 3016 1576 3078 ὡς
1604 3017 1709 3071 ὀὲν
1737 3016 1996 3087 Αἰγύπτῳ
2028 3016 2192 3080 λαὸς;
2224 3015 2438 3086 Σφόδρα
2471 3015 2581 3088 γὰρ
2618 3013 2756 3088 ἦσαν
2787 3018 3190 3088 εἰδωλολάτραι.
3229 3020 3519 3092 Τοιγάρτοι
3565 3019 3660 3074 καὶ
3693 3017 3844 3082 ἔθνος
3886 3015 4210 3070 ἀνέλπιστον

937 3107 1030 3162 καὶ
1058 3108 1586 3179 καταπεπατημένον
1615 3109 1811 3172 αὐτοὺς
1835 3108 2114 3179 ὀνόμαζει.
2169 3107 2514 3160 Ἀνέλπιστον
2585 3109 2703 3179 μὲν,
2762 3110 2934 3164 διάτοι
2968 3111 3030 3163 τὸ
3057 3112 3132 3182 μὴ
3174 3111 3378 3166 ειδέναι
3421 3111 3511 3164 τδν
3551 3110 3712 3180 φύσει
3763 3125 3822 3162 τε
3870 3109 3968 3161 καὶ
4000 3105 4212 3177 ἀληθῶς

937 3199 1066 3270 εντα
1087 3201 1219 3255 Θεόν
1244 3218 1256 3231 ·
1285 3200 1812 3270 καταπεπατημένον
1836 3200 1912 3263 δὲ,
1944 3201 2026 3253 ὅτι
2078 3202 2196 3264 ταῖς
2261 3199 2370 3253 τῶν
2425 3200 2718 3270 δαιμονίων
2767 3201 3006 3264 ἀπάταις
3037 3201 3173 3256 πολὺ
3203 3202 3267 3270 δὴ
3299 3203 3422 3255 λίαν
3453 3203 3545 3254 τὸν
3573 3201 3698 3254 νοῦν
3735 3198 4212 3270 ὑποστρώσαντες,

942 3295 1225 3364 μονονουχὶ
1279 3299 1391 3358 τοῖς
1455 3295 1678 3346 ἐκείνων
1731 3294 2020 3347 ὑπέκειντο
2076 3293 2268 3347 ποσίν·
2314 3293 2346 3364 ἦ
2412 3294 2508 3346 καὶ
2549 3293 2751 3363 ἑτέρως
2794 3295 2990 3365 ἐκδέξῃ
3016 3295 3077 3347 τὸ
3125 3294 3434 3366 εἰρημένον.
3487 3292 3879 3366 Περιπεσόντες
3933 3292 4046 3362 γάρ
4097 3291 4212 3352 ταῖς

954 3391 1252 3460 Ἀσσυρίων
1293 3390 1503 3460 χερσὶν,
1557 3392 1739 3443 πᾶσαν
1786 3391 2230 3460 ἀποϐεϐλήκασιν
2273 3389 2538 3459 εὐθυμίας
2602 3390 2816 3453 ἐλπίδα,
2882 3391 3371 3458 καταπεπάτηνται
3405 3389 3462 3442 δὲ
3497 3388 3690 3454 οὕτως,
3743 3387 3819 3450 ὡς
3871 3386 4034 3457 μηδὲ,
4093 3385 4211 3438 ὅσον

943 3485 1137 3546 ιζπεῑν,
1166 3483 1473 3554 ἀνασφῆλαι
1494 3482 1754 3536 δύνασθαί
1788 3499 1939 3544 ποτε,
1973 3483 2429 3536 ὑποπεπτωκέναι
2458 3499 2518 3535 τε
2559 3484 2652 3535 καλ⁵
2682 3481 3067 3554 ὑπεστρῶσθαι
3099 3483 3221 3544 ταῖς
3256 3481 3363 3534 τῶν
3390 3480 3756 3550 νενικηκότων
3789 3477 3968 3530 ποσίν.

967 3625 972 3632 ·
1022 3601 1183 3655 Vsus.
1217 3603 1266 3654 '5.
1303 3599 1458 3652 Nunc
1498 3600 1644 3668 ﬂuvii
1685 3610 1841 3652 terra:
1870 3615 2070 3662 omnes,
2101 3609 2156 3652 ut
2198 3600 2339 3669 regio
2370 3599 2519 3651 lmbi-
2547 3605 2589 3662 C
2694 3599 2824 3652 Νῦν
2857 3617 2878 3652 c

2299 3600 2339 3651 lo
2370 3599 2519 3651 lmbi-
2547 3605 2589 3662 C
2694 3599 2824 3652 Νῦν
2857 3602 2912 3653 οἱ
2943 3598 3198 3668 ποταμοί
3229 3596 3338 3665 τῆς
3361 3596 3474 3666 γῆς
3498 3596 3742 3662 πάντες,
3770 3595 3850 3659 ὡς
3878 3592 4040 3661 χώρα
4067 3607 4210 3646 κατ’

946 3704 1080 3757 tata,
1123 3693 1382 3745 iaculetur
1411 3693 1550 3756 reqio
1579 3708 1779 3745 eorum.

1020 3809 1314 3865 Con‘nnode
1363 3809 1526 3862 etiam
1585 3807 1802 3862 mndmn
1859 3807 2193 3876 captivitatis
2262 3805 2526 3872 praedicit.

949 3899 1254 3958 Credebant
1285 3899 1427 3953 enim
1460 3896 1793 3968 Egyptiaete
1833 3905 1993 3951 terrae
2028 3895 2216 3950 incolae
2253 3911 2313 3949 se
2363 3911 2391 3948 a
2423 3893 2528 3946 Ba-

954 3992 1193 4065 byloniis
1235 4007 1338 4046 non
1389 4005 1551 4060 posse
1601 3990 1742 4059 capi,
1795 3989 1920 4057 quia
1975 3994 2085 4041 tota
2138 4002 2324 4042 eorum
2382 3986 2532 4056 regio

948 4085 1194 4158 plurimis
1227 4094 1282 4137 et
1319 4082 1529 4151 magnis
1555 4081 1733 4136 cincta
1768 4089 1912 4134 esset
1950 4078 2286 4141 tlntninibns,
2325 4086 2382 4129 et
2410 4091 2532 4146 spa-

953 4183 1121 4236 tiosas
1155 4194 1219 4231 ac
1253 4177 1501 4244 ingentes
1538 4174 1762 4244 paludes
1799 4174 2047 4227 haberet.
2094 4171 2231 4224 Sunt
2265 4169 2408 4223 enim
2448 4185 2531 4223 re-

950 4272 1138 4341 gioues
1169 4263 1475 4332 hnjusmodi
1519 4265 1810 4316 inaccessa:
1852 4259 2278 4331 grassatoribus,
2313 4272 2412 4312 nec
2459 4259 2530 4311 ita

951 4364 1017 4416 ad
1048 4359 1390 4416 incursiones
1440 4365 1775 4426 opportunae.
1813 4353 1884 4407 At
1923 4353 2014 4407 ubi
2063 4353 2203 4407 Deus
2235 4352 2339 4407 illis
2406 4367 2533 4407 suc-

953 4455 1185 4519 Ct'ltSttil,
1221 4459 1467 4522 paratum
1501 4450 1602 4502 hoc
1652 4456 1707 4500 et
1756 4445 1912 4500 facile
1938 4445 2251 4516 Babyloniis
2278 4444 2529 4499 reddidit.

953 4549 1112 4605 Omni
1146 4545 1288 4600 enim
1326 4555 1590 4611 aquartnn
1619 4537 1870 4593 conﬂuxu
1909 4538 2209 4604 exsiccata,
2257 4536 2531 4590 humidam

954 4655 1154 4696 terram
1180 4635 1362 4693 ell'ecit
1392 4640 1724 4703 equestrem.
1766 4629 1877 4684 Hoc
1911 4628 2172 4683 arbitror
2211 4628 2533 4698 pmphetam

955 4737 1040 4791 hic
1072 4735 1354 4795 denotare,
1396 4743 1516 4782 cum
1561 4727 1676 4780 ait:
1727 4724 1884 4778 Nunc
1925 4721 2068 4776 ﬂuvii
2109 4731 2266 4775 terra:
2310 4732 2519 4779 omnes,

954 4828 1107 4898 quasi
1144 4825 1295 4894 regio
1345 4821 1612 4882 habitata,
1669 4816 1936 4872 incoletttr
1986 4815 2134 4883 regio
2176 4826 2384 4866 eorum.
2431 4810 2527 4864 Et-

954 4925 1122 4988 enim,
1151 4920 1349 4990 inquit,
1374 4919 1459 4972 illa
1495 4917 1609 4972 loca
1635 4930 1753 4984 qna‘
1783 4910 2284 4981 erantnavigahilia
2323 4921 2538 4976 semper
2572 4944 2612 4998 Β

958 5025 1014 5067 et
1048 5013 1290 5076 humida,
1343 5019 1504 5065 erunt
1549 5005 1816 5073 ejusmodi
1863 5013 2105 5070 tempore
2143 5001 2292 5059 belli.
2339 5009 2396 5052 ut
2420 4997 2533 5068 jam

960 5107 1140 5161 fuzura
1190 5106 1260 5158 sit
1294 5104 1444 5173 regio
1487 5102 1708 5154 mnnino
1757 5097 2024 5160 habitata,
2066 5103 2131 5148 'et
2177 5103 2318 5147 terra
2375 5092 2533 5158 plane

960 5199 1116 5266 aquis
1147 5196 1428 5250 destituta.
1466 5193 1604 5260 Quid
1643 5194 1786 5248 enim
1834 5199 1979 5244 recta
2009 5197 2060 5242 et
2105 5187 2449 5255 onmipctens
2483 5193 2537 5238 et

960 5302 1210 5358 suprema
1238 5297 1424 5340 natura
1467 5301 1570 5338 non
1601 5285 1800 5354 poterit
1825 5279 2069 5335 enitere?

2631 3689 2974 3760 ουιουμένη.
3005 3690 3507 3759 κατοικηθήσεττιι
3535 3689 3572 3757 ἡ
3601 3686 3762 3757 χώρα
3783 3684 4006 3740 αὐτῶν.

2702 3804 3152 3875 Προαπαγγέλλει
3206 3803 3492 3874 χρησίμως
3540 3801 3634 3855 καὶ
3681 3800 3771 3853 τὸν
3815 3800 3913 3868 τῆς
3965 3796 4212 3859 ἁλώσεως

2633 3897 2851 3968 τρόπον.
2897 3897 3087 3968 ᾬοντο
3133 3895 3231 3966 μὲν
3267 3895 3376 3966 γὰρ
3407 3897 3456 3948 οἱ
3501 3894 3600 3965 τὴν
3635 3891 3949 3961 Αἰγυπτίων
4002 3889 4212 3960 ἔχοντες

2633 3991 2758 4060 γῆν,
2791 3988 3057 4044 ἀνάλωτοι
3101 3988 3432 4058 γεγενῆσθαι
3479 3989 3592 4049 τοῖς
3640 3983 4027 4046 Βαϐυλωνίοις,
4053 3981 4214 4035 διάτοι

2631 4081 2693 4134 τὸ
2723 4082 2904 4135 πᾶσαν
2942 4079 3122 4134 αὐτῶν
3169 4079 3270 4150 τὴν
3303 4079 3488 4151 χώραν
3534 4077 3808 4137 πλείστοις
3843 4091 3900 4127 τε
3931 4075 4082 4137 ὅσοις
4130 4072 4218 4124 καὶ

2637 4174 2820 4239 μέντοι
2870 4174 2963 4227 καὶ
2995 4171 3252 4244 μεγάλοις
3277 4170 3565 4235 διεζῶσθαι
3596 4170 3881 4238 ποταμοῖς,
3912 4166 4133 4235 εὐρείας
4163 4180 4218 4216 τε

2634 4267 2731 4320 καὶ
2763 4266 2980 4338 μακράς
3019 4263 3309 4335 ἐσχηκέναι
3347 4263 3446 4326 τάς
3481 4263 3693 4332 λίμνας.
3729 4259 4074 4330 Δυσέμὸατοι
4116 4257 4220 4327 γάρ

2636 4376 2774 4422 πως,
2800 4358 2895 4412 καὶ
2915 4358 3015 4411 οὐκ
3047 4356 3446 4427 εὐκατάδρομοι
3484 4353 3604 4406 λίαν
3634 4356 3746 4415 τοῖς
3770 4350 4080 4425 καταδῃοῦν
4107 4349 4216 4404 ἑθέ-

2633 4451 2839 4516 λουσιν,
2875 4451 2932 4505 αἱ
2961 4449 3160 4504 τοιαίδε
3189 4448 3296 4502 τῶν
3317 4446 3529 4518 χωρῶν.
3550 4445 3769 4514 Ἐπειδὴ
3797 4445 3854 4498 δὲ
3882 4445 4015 4509 Θεὸς
4042 4445 4222 4503 αὐτοῖς

2636 4543 2986 4612 ἐπεμήνισεν,
3015 4541 3232 4610 ἕτοιμον
3271 4539 3366 4592 καὶ
3391 4537 3548 4592 τοῦτο
3572 4539 3687 4600 τοῖς
3717 4535 4085 4599 Βαόυλωνίοις
4121 4533 4223 4588 ἐτί-

2637 4631 2741 4686 θει.
2771 4633 2958 4685 Πᾶσαν
2986 4629 3096 4701 γὰρ
3126 4629 3334 4683 ὑδάτων
3368 4626 3719 4698 ἀποξηράνας
3747 4626 4030 4688 σύστασιν,
4061 4625 4225 4693 ἱππή-

2635 4721 2794 4775 λατον
2845 4721 3027 4783 αὐτοῖς
3073 4720 3322 4789 ἀπέφηνε
3359 4719 3458 4790 τὴν
3492 4718 3687 4789 ὑγράν.
3717 4717 3890 4769 Τοῦτο
3933 4711 4095 4784 οἶμαι
4136 4715 4226 4783 δη-

2637 4813 2762 4867 λοῦν
2791 4813 2883 4867 τὸν
2909 4813 3196 4885 προφήτην
3220 4814 3278 4865 ὲν
3303 4811 3541 4864 τουτοισὶ
3565 4809 3811 4878 λέγοντα·
3840 4806 3956 4860 Νῦν
3981 4808 4031 4859 οί
4069 4823 4226 4860 ποτα-

2644 4907 2735 4978 μοὶ
2766 4906 2865 4977 τῆς
2909 4905 3015 4974 γῆς
3052 4904 3275 4966 πάντες,
3306 4903 3382 4966 ὡς
3427 4901 3582 4971 χώρα
3626 4898 4051 4970 κατοικουμένη,
4101 4913 4225 4952 κατ-

2643 4999 2992 5069 οικηθήσεται
3009 4999 3042 5067 ἡ
3064 4995 3217 5066 χώρα
3244 4993 3444 5048 αὐτῶν.
3470 4994 3552 5046 Τὰ
3574 4992 3685 5065 γάρ
3703 5008 3788 5044 τοι
3813 4990 4041 5059 πλόϊμα,
4071 4990 4222 5059 φησὶ,

2639 5094 2735 5146 καὶ
2763 5092 2849 5146 ἀεί
2881 5108 2999 5154 πως
3032 5089 3176 5160 ὑγρά
3213 5089 3320 5141 τῶν
3365 5087 3581 5157 χωρίων
3613 5086 3767 5138 ἐσται
3800 5082 4049 5145 τοιαῦτα,
4087 5081 4221 5134 κατὰ

2639 5181 2730 5234 τον
2747 5179 2838 5232 τοῦ
2861 5179 3096 5249 πολέμου
3125 5178 3335 5248 καιρὸν,
3360 5177 3436 5240 ὡς
3457 5177 3632 5230 δοκεῖν
3653 5175 3754 5247 ήδη
3776 5191 3895 5238 πως
3922 5173 4020 5228 καὶ
4046 5172 4220 5243 χώραν

2644 5270 2783 5326 εἶναι
2820 5273 3252 5343 κατοικουμένην
3287 5271 3373 5324 διὰ
3422 5270 3643 5334 παντὸς,
3675 5269 3770 5322 καὶ
3809 5268 4007 5339 χέρσον
4042 5265 4218 5329 ἅπλῶς

961 5383 1170 5436 ὑδάτων
1201 5379 1424 5450 ἔρημον.
1450 5379 1514 5432 Τί
1546 5378 1654 5450 γὰρ
1683 5377 1786 5429 οὐκ
1825 5375 1891 5429 ἂν
1929 5374 2145 5428 δύναιτο
2184 5367 2487 5438 κατορθοῦν
2522 5369 2554 5438 ἡ
2594 5367 2715 5421 θεία
2744 5385 2802 5420 τε
2837 5369 2930 5422 καὶ
2960 5367 3242 5437 παναλκὴς
3267 5409 3282 5427 ,
3318 5367 3413 5420 καὶ
3446 5363 3902 5432 ἀν‹ι›τάτωφύσις;

1037 5491 1200 5557 Quasi
1240 5490 1294 5543 in
1336 5489 1538 5558 signum
1569 5489 1632 5540 de
1667 5495 1837 5540 monte
1879 5484 2159 5546 levabilur,
2204 5479 2356 5550 quasi
2403 5477 2542 5530 tuba:

964 5601 1086 5648 vox,
1122 5584 1215 5637 sub
1249 5581 1488 5634 auditum
1513 5579 1685 5631 cadet.

1040 5699 1134 5752 llei
1189 5696 1437 5751 militaris
1499 5695 1664 5748 duces
1721 5690 1841 5746 belli
1897 5699 2164 5757 tempore,
2226 5685 2276 5739 in
2325 5683 2542 5738 tmnulis

969 5791 1231 5859 quosdam
1264 5799 1530 5854 statuunt,
1563 5798 1616 5843 et
1641 5785 1835 5856 jubcnt
1866 5781 2158 5838 identidem
2193 5779 2405 5848 signum
2439 5778 2538 5832 tol-

971 5883 1084 5938 lere
1120 5899 1132 5935 :
1165 5897 1284 5952 quae
1317 5896 1404 5938 res
1446 5877 1790 5936 manifestum
1833 5884 1915 5931 est
1939 5883 2133 5930 cuncto
2166 5869 2427 5927 exercitui
2469 5869 2533 5924 si-

2727 5477 2886 5532 Ὠσεὶ
2925 5477 3178 5547 σημεῖον
3206 5477 3326 5532 ἀπὸ
3365 5476 3542 5545 ὅρους
3573 5474 3747 5545 ἀρθῇ,
3779 5475 3859 5540 ὡς
3891 5474 4215 5544 σάλπιγγος

2644 5570 2835 5640 φωνὴ,
2863 5571 3170 5626 ἀκουστὸν
3197 5571 3389 5624 ἔσται.

2715 5685 2779 5738 Ol
2807 5683 2916 5736 τῶν
2945 5683 3216 5737 τακτικῶν
3244 5684 3376 5754 ήγού
3386 5701 3557 5754 μενοι,
3591 5682 3733 5736 κατά
3760 5683 3849 5736 τὸν
3879 5682 3971 5735 τοῦ
3992 5680 4218 5748 πολέμου

2647 5777 2838 5847 καιρὸν
2860 5778 2916 5830 ὲν
2945 5777 3201 5848 γηλόφοις
3233 5775 3480 5839 ἱστάντες
3503 5775 3673 5838 τινὰς,
3696 5773 3947 5845 αἴρεσθαι
3977 5769 4216 5824 πλειστά-

2649 5885 2733 5932 κις
2763 5869 2975 5924 ποιοῦσι
3009 5873 3252 5942 σημεῖον·
3294 5871 3385 5923 καὶ
3412 5867 3660 5938 σύνθημα
3699 5865 3857 5920 τοῦτο
3897 5869 3962 5937 τῇ
4006 5860 4216 5934 στρατιᾷ
