4840 6494
578 365 686 420 ιιε

1707 370 1774 427 ΙΝ
1815 373 2052 430 ISAIAM
2092 375 2222 435 LIB.
2263 376 2326 434 ΙΙ.
2367 377 2606 435 TOML‘S
2645 379 2754 452 ΙΙΙ.⁸

3737 358 3845 435 ius

573 482 786 550 γίνεται
817 481 1143 554 πράγματος
1182 485 1466 556 ἐναργοῦς.
1511 488 1792 562 Κέχρηται
1819 493 1878 546 δὲ
1911 494 2006 547 καὶ
2037 499 2156 561 ταῖς
2192 504 2230 561 Α
2259 514 2421 568 guunt
2465 515 2484 554 ε

1926 494 2006 547 tati.
2037 499 2156 561 ταῖς
2192 504 2230 561 Α
2259 514 2421 568 gnum
2465 509 2518 554 et
2566 499 2848 553 indicium.
2891 497 3128 551 Utuntur
3164 497 3328 551 etiam
3372 495 3523 552 sonis
3563 505 3837 560 tubarum,

571 573 661 628 διά
692 574 1016 644 σαλπίγγων
1044 580 1267 645 φωναῖς,
1310 579 1344 649 ἢ
1377 579 1746 647 διανιστάντες
1775 585 1869 639 ἐπὶ
1898 586 1958 638 τὸ
1989 587 2158 657 μάχε-

574 666 700 721 σθαι
729 668 872 722 κατά
893 685 1013 722 τινα
1043 670 1248 740 συνήθη
1277 671 1504 742 ῥυθμὸν,
1533 673 1566 744 ἢ
1596 676 1689 729 καὶ
1715 677 2042 746 ἀφιστάντες
2064 678 2159 733 τοῦ

571 759 817 830 πολέμου
863 762 1005 814 κατά
1046 779 1110 830 γε
1157 761 1220 814 τὸ
1259 764 1445 828 αὐτοῖς
1486 761 1545 819 εὖ
1585 765 1729 836 ἔχειν
1765 767 1975 822 δοκοῦν.
2002 771 2158 824 Ἐστι

569 851 753 904 τοίνυν
789 852 887 904 καὶ
913 852 974 904 τὸ
994 853 1283 924 αἰρόμενον
1313 854 1448 923 ὑψοῦ
1483 859 1708 926 σημεῖον
1736 858 2154 930 ἐπισημότατον.

582 940 884 1012 Ἐστήκασι
922 942 1028 1014 γάρ
1065 944 1145 1008 εἰς
1172 944 1296 1016 δρος
1332 948 1381 998 οἱ
1412 946 1572 1000 τοῦτο
1597 947 1727 1020 δρᾷν
1752 949 2020 1016 εἰωθότες,
2061 954 2158 1007 καὶ

574 1030 686 1102 μὴν
718 1033 815 1086 καὶ
843 1033 1015 1087 ἅπασι
1047 1038 1160 1098 τοῖς
1194 1036 1333 1090 κατὰ
1367 1035 1462 1108 τὴν
1494 1038 1673 1109 μάχην
1704 1038 2028 1105 ἐξάκουστος
2061 1044 2158 1097 καὶ

571 1124 756 1195 σαφὴς
797 1128 830 1196 ἡ
873 1126 982 1179 τῶν
1021 1127 1338 1196 σαλπίγγων
1375 1130 1504 1200 ἠχή.
1542 1130 1732 1184 Ἐστσι
1765 1131 1964 1198 τοίνυν,
1999 1135 2154 1206 φησὶ,

567 1214 671 1284 τῆς
714 1215 1033 1283 Αἰγυπτίων
1082 1217 1144 1270 τὸ
1185 1217 1357 1281 πάθος
1393 1220 1814 1290 γνωριμώτατον
1860 1223 2003 1278 οὕτω
2043 1228 2158 1290 τοῖς

566 1305 911 1374 ἁπανταχοῦ,
941 1306 1082 1360 ὥστε
1110 1308 1542 1380 παρεικάζεσθαι
1578 1313 1794 1384 σημείῳ
1821 1313 1898 1384 τῷ
1926 1315 2068 1369 κατά
2101 1334 2155 1369 τι

563 1397 679 1449 τῶν
725 1397 870 1468 ὀρῶν
905 1398 1281 1469 ἐγηγερμένῳ·
1310 1399 1581 1453 ἔκπυστον
1625 1401 1680 1455 δὲ
1709 1402 1871 1469 οὕτω,
1905 1405 2157 1479 καθάπερ

563 1488 768 1557 ἀμέλει
815 1490 909 1544 καὶ
952 1492 983 1560 ἡ
1028 1489 1117 1543 διά
1154 1491 1260 1543 τῶν
1289 1491 1606 1562 σαλπίγγων
1626 1495 1754 1566 ἡχή.
1793 1496 1923 1550 Ἀπὸ
1961 1497 2025 1569 δὴ
2048 1499 2155 1552 τῶν

561 1579 829 1634 τοιούτων
871 1583 1046 1633 ὲκεῖνο
1085 1581 1361 1652 εἰσόμεθα,
1409 1583 1504 1636 καὶ
1546 1585 1682 1656 πρὸς
1713 1586 1979 1655 ὠφελείας
2021 1591 2156 1660 ἡμῖν

561 1669 723 1724 ἔσται
747 1670 970 1742 πολλῆς,
1001 1672 1062 1724 τὸ
1088 1673 1228 1726 κατὰ
1257 1672 1459 1744 μηδένα
1483 1675 1684 1746 τρόπον
1712 1678 2044 1749 καταθήγειν
2073 1681 2154 1744 εἰς

558 1759 738 1829 ὀργὰς
781 1759 882 1832 τὴν
925 1761 1200 1832 ἀκήρατον
1235 1762 1414 1831 φύσιν·
1455 1764 1489 1835 ἢ
1520 1765 1692 1838 πάντη
1725 1784 1783 1819 τε
1814 1769 1908 1821 καὶ
1939 1769 2153 1833 πάντως

2260 590 2342 644 vel
2372 584 2495 644 cum
2545 590 2745 643 usitato
2789 590 3024 657 quodam
3073 597 3338 642 concentu
3383 587 3449 640 ad
3494 589 3838 657 pugnandum

2257 682 2515 744 excitant,
2549 681 2629 734 vel
2697 680 2862 750 278
2904 695 3026 733 cum
3075 678 3184 748 (ubi
3233 679 3406 733 visum
3448 678 3554 748 est)
3601 679 3837 745 receptui

2259 780 2482 825 eanunt.
2515 769 2606 824 Est
2637 771 2740 824 hoc
2773 771 2935 840 igitur
2962 772 3102 839 quod
3145 771 3201 822 lit
3239 769 3291 823 in
3324 770 3540 824 sublimi
3585 770 3727 831 loco,
3764 769 3839 821 si-

2259 875 2422 929 gnum
2455 861 2686 914 illustre.
2720 861 2877 914 Stant
2907 860 3051 914 enim
3089 862 3142 913 in
3178 870 3382 925 monte,
3428 860 3517 928 qui
3546 859 3648 912 hoc
3679 858 3838 912 facti-

2261 958 2410 1016 tant;
2444 959 2496 1006 et
2525 950 2778 1004 omnibus
2806 949 2898 1018 qui
2929 949 2980 1002 iu
3014 947 3204 1016 pra-lio
3229 957 3374 1012 sunt,
3409 946 3732 1002 exaudibilis
3755 956 3837 1000 cst

2257 1050 2312 1095 et
2371 1041 2554 1096 clarus
2614 1041 2862 1095 tubarum
2921 1039 3164 1109 clangor.
3234 1038 3351 1092 Erit
3404 1053 3566 1106 ergo,
3624 1038 3834 1105 inquit,

2259 1130 2636 1204 Egyptiorum
2667 1147 2829 1185 casus
2853 1130 3028 1185 ubivis
3061 1131 3301 1200 gentium
3339 1129 3475 1184 adeo
3505 1129 3834 1191 celebratus,

2259 1235 2314 1277 ut
2339 1225 2494 1295 signo
2525 1226 2578 1278 in
2607 1236 2788 1278 monte
2827 1223 3010 1293 aliquo
3051 1233 3236 1277 erecto
3263 1223 3568 1291 comparari
3613 1223 3782 1290 possit
3810 1240 3826 1287 ;

2257 1315 2394 1370 adeo
2426 1325 2605 1369 autem
2632 1314 2818 1368 clarus
2845 1323 2898 1367 et
2923 1313 3269 1376 exaudibilis,
3310 1322 3366 1366 ut
3399 1321 3482 1367 est
3515 1328 3646 1366 sane
3677 1314 3832 1365 tuba-

2256 1422 2374 1462 rum
2401 1407 2627 1460 souitus.
2661 1405 2735 1459 Ex
2781 1405 2864 1459 his
2896 1404 3025 1458 illud
3058 1404 3445 1474 intelligemus,
3479 1405 3642 1473 idque
3679 1403 3836 1458 nobis

2256 1512 2288 1553 e
2321 1511 2379 1551 re
2404 1497 2531 1560 erit,
2581 1506 2638 1548 ut
2664 1495 2808 1550 nullo
2849 1497 3008 1548 modo
3034 1495 3099 1548 ad
3139 1495 3274 1549 iram
3307 1495 3668 1548 immortalem
3702 1508 3834 1548 etta-

2255 1603 2477 1644 euamus
2517 1598 2764 1642 naturam
2795 1605 2809 1641 :
2846 1601 2909 1642 ac
2953 1587 3038 1640 vel
3073 1587 3296 1641 omnino
3336 1601 3457 1656 quas
3503 1585 3586 1640 fas
3611 1601 3718 1640 non
3751 1594 3835 1641 est

2257 1682 2616 1747 admittendo,
2653 1692 2707 1736 et
2736 1681 2854 1749 ejus
2894 1680 3096 1735 cultum
3123 1679 3446 1744 aversanda,
3472 1678 3558 1734 vel
3588 1693 3713 1733 cum
3741 1679 3837 1733 de—

2257 1773 2555 1827 sertoribus
2605 1782 2656 1826 et
2701 1773 2964 1842 apostatis
3005 1772 3389 1842 conspiruttdo,
3428 1786 3606 1826 mores
3652 1769 3832 1825 homi-

555 1851 811 1921 δρῶντας
862 1851 908 1946 ἃ,
949 1852 1022 1924 μὴ
1072 1853 1250 1923 θέμις,
1282 1853 1377 1907 καὶ
1429 1854 1528 1926 τὴν
1573 1857 1664 1909 ὑπ’
1704 1857 1852 1928 αὐτῷ
1901 1858 2153 1930 λατρείαν
2185 1892 2225 1946 Β
2257 1881 2381 1918 num
2408 1864 2460 1918 di

1920 1861 2153 1930 .arpetatv
2185 1892 2225 1946 Β
2257 1881 2381 1918 unm
2408 1864 2603 1918 divina:
2624 1864 2718 1918 ira:
2741 1865 3099 1918 obnoxiorum
3124 1863 3410 1928 imitando,
3443 1864 3493 1917 in
3516 1863 3831 1918 societatem

555 1945 1058 2014 παραιτουμένους,
1113 1946 1280 2016 ἡγουν
1336 1949 1728 2020 συντρέχοντας
1794 1951 2147 2019 ἀποστάταις,

555 2037 658 2089 καὶ
681 2039 798 2100 τοῖς
829 2036 935 2090 ὑπὸ
968 2037 1116 2092 θείαν
1147 2038 1317 2109 ὀργὴν
1365 2040 1492 2102 τοὺς
1529 2040 1738 2094 ἑαυτῶν
1771 2042 2148 2112 συμπλάττον⁴

557 2144 660 2191 τας
681 2129 942 2199 τρόπους,
973 2133 1246 2184 κοινωνεῖν
1276 2131 1462 2195 αὐτοῖς
1482 2132 1582 2202 τῆς
1604 2136 1908 2204 συμφορᾶς,
1936 2136 2031 2189 καὶ
2049 2137 2149 2209 τὴν

558 2218 689 2290 ἴσην
719 2219 1063 2290 πράττεσθαι
1101 2222 1254 2292 παρὰ
1297 2222 1433 2276 Θεοῦ
1462 2222 1636 2293 δίκην.
1684 2224 1855 2278 Τοῦτο
1885 2226 2148 2282 πεπονθό-

556 2328 658 2375 τας
716 2313 850 2376 τοὺς
897 2313 1008 2366 τῶν
1058 2315 1375 2383 Αἰγυπτίων
1430 2316 1724 2388 οἰκήτορας
1792 2318 1998 2371 κατίδοι
2062 2337 2146 2384 τις

557 2405 646 2458 ἂν.
707 2404 928 2476 Ἐπειδὴ
975 2405 1083 2478 γὰρ
1141 2409 1646 2481 προσκεκρούκασιν
1700 2411 1750 2463 οἱ
1793 2411 1853 2475 ἐξ
1909 2413 2144 2486 Ἰσραὴλ,

2255 1973 2376 2013 cum
2409 1957 2542 2026 ipsis
2585 1957 2957 2011 calamitatum
2991 1955 3292 2022 veniamus,
3345 1962 3399 2008 et
3446 1969 3603 2024 pares
3643 1967 3836 2024 pmnas

2255 2052 2519 2106 divinitus
2550 2050 2779 2103 luamus.
2815 2047 2929 2104 Hoc
2963 2063 3061 2102 usu
3100 2047 3315 2101 venisse
3367 2044 3589 2117 Egypti
3641 2044 3838 2099 incolis

2252 2147 2438 2201 videre
2491 2143 2638 2199 licet.
2673 2140 3113 2199 -0liendentibus
3158 2140 3302 2194 enim
3354 2138 3631 2201 lsraelitis,
3673 2145 3840 2205 atque

2253 2240 2389 2294 adeo
2439 2239 2560 2292 istis
2603 2233 3044 2304 promittentibus
3103 2245 3323 2286 servare
3347 2247 3462 2295 eos,
3509 2230 3672 2285 etiam
3729 2228 3840 2280 Deo

2251 2327 2491 2395 volente,
2542 2329 2811 2383 deduntur
2867 2324 3114 2379 hostibus
3165 2323 3218 2377 in
3265 2322 3488 2376 exitium
3542 2330 3598 2376 et
3638 2319 3836 2374 interi-

2255 2429 2388 2476 llllll.

557 2493 679 2550 εἶτα
716 2497 914 2563 σώζειν
937 2499 1133 2564 αὐτοὺς
1159 2502 1575 2572 ἐπηγγέλλοντο,
1599 2503 1701 2557 κᾶν
1730 2506 1779 2557 εἰ
1843 2506 1918 2577 μὴ
1977 2506 2215 2578 βούλοιτο
2253 2511 2407 2580 Θεὸς,
2453 2512 2687 2567 δίδονται
2739 2515 2854 2576 τοῖς
2903 2512 3118 2583 ἐχθροῖς
3177 2511 3254 2573 εἰς
3300 2507 3520 2578 ὄλεθρον
3570 2521 3664 2558 και
3727 2504 3835 2556 ἀπ’·

556 2607 666 2645 ωλε
673 2609 783 2646 ιαν.

632 2690 768 2741 ὀτι
794 2687 1126 2754 οὕτωςεῖπέ
1148 2708 1250 2759 μοι
1267 2692 1498 2761 Κύριος“
1540 2694 1859 2763 Ἀσφάλεια
1889 2699 2061 2753 ἔσται
2081 2699 2152 2754 ἐν

557 2777 637 2846 τῇ
660 2778 782 2848 ἐμῇ
807 2781 1001 2846 πόλει,
1029 2781 1110 2846 ὡς
1140 2779 1266 2850 φῶς
1295 2784 1596 2851 καύματος
1626 2788 2021 2854 μεσημϐρίας,
2051 2788 2149 2842 καὶ

557 2872 642 2934 ὡς
667 2872 900 2939 νεφέλη
931 2870 1154 2940 δρόσου
1182 2872 1406 2942 ἡμέρας
1432 2874 1662 2944 ἀμητοῦ
1694 2877 1864 2930 ἔσται
1895 2879 2010 2946 πρὸ
2043 2877 2150 2933 τοῦ

559 2964 874 3033 θερισμοῦ.

631 3055 824 3125 Σαφὴς
864 3055 962 3124 μὲν
1002 3056 1098 3126 τῆς
1137 3057 1376 3128 ἱστορίας
1404 3059 1433 3111 ό
1465 3057 1643 3128 λόγος’
1676 3059 1816 3130 πλὴν
1850 3059 2146 3131 ἐπιδρομά-

2332 2699 2495 2753 Vens.
2528 2698 2581 2763 4,
2621 2697 2674 2752 5.
2707 2695 2844 2761 Quia
2881 2696 2957 2749 sic
2992 2693 3125 2747 dixit
3168 2693 3297 2744 mihi
3345 2691 3599 2744 Dominus
3629 2705 3647 2743 :
3677 2688 3838 2744 Secu-

2259 2792 2388 2844 ritas
2415 2791 2511 2844 erit
2555 2790 2607 2843 in
2632 2805 2745 2842 mea
2777 2789 3012 2850 civitate,
3047 2785 3180 2839 velut
3208 2784 3302 2837 (ua:
3340 2784 3545 2836 ardoris
3591 2783 3644 2834 in
3679 2784 3836 2835 meri-

2256 2883 2361 2948 die,
2388 2891 2437 2936 et
2465 2881 2600 2936 velut
2631 2881 2790 2934 nubes
2823 2879 2962 2933 raris
2991 2878 3045 2932 in
3083 2878 3170 2930 die
3205 2876 3386 2929 messis
3419 2884 3541 2927 ante
3563 2890 3798 2928 messem.

2324 3057 2524 3126 Aperta
2555 3066 2640 3111 est
2669 3057 2782 3110 haec
2807 3055 3064 3119 historia,
3093 3063 3330 3108 attamen
3355 3051 3558 3107 cursim
3593 3066 3837 3106 comme-

558 3145 660 3216 δην
691 3117 950 3218 ἐροῦμεν.
981 3117 1197 3201 Σέσωκε
1221 3117 1331 3219 γάρ
1355 3117 1422 3202 τά
1453 3117 1800 3220 Ἱεροσόλυμα
1829 3117 2148 3214 Θεὸξπῦλι-
2179 3117 2222 3176 C
2257 3117 2462 3205 mut-abi

1923 3117 2148 3214 ις’πολι-
2179 3117 2222 3176 C
2257 3146 2611 3205 morabimus.
2677 3143 2925 3200 Servavit
2986 3158 3180 3214 nempe
3236 3141 3619 3213 Hierosolyma
3671 3140 3834 3204 Deus,

560 3237 857 3307 ορκοῦντος
897 3239 1037 3292 αὐτὰ
1059 3240 1353 3308 Ῥαψάκου,
1390 3241 1483 3294 καὶ
1513 3241 1612 3312 τὴν
1646 3241 2018 3313 ἀναρίθμητον
2054 3242 2152 3315 τὴν

559 3328 672 3382 τῶν
746 3331 1051 3401 ’Δσσυρίων
1107 3330 1317 3402 πληθὺν
1383 3333 1846 3403 περιστήσαντος’
1910 3335 2150 3387 σέσωκεν

558 3421 749 3487 ὅπως
788 3440 806 3472 ι
845 3421 1062 3491 Ἐξῆλθε
1093 3424 1201 3494 γὰρ
1227 3422 1457 3492 ἄγγελος
1488 3425 1713 3495 Κυρίου,
1755 3445 1774 3477 ο
1809 3425 1962 3495 φησι,
1998 3443 2016 3476 ι
2056 3427 2151 3479 καὶ

559 3514 778 3566 ἀνεῖλεν
819 3514 884 3564 ἐκ
933 3516 1030 3584 τῆς
1079 3515 1431 3586 παρεμϐολῆς
1470 3515 1579 3570 τῶν
1619 3517 1920 3587 Ἀσσυρίων
1959 3522 2016 3572 ἐν
2051 3521 2150 3590 μιᾷ

559 3605 717 3658 νυκτὶ
765 3604 960 3658 ἑκατὸν
1001 3605 1330 3676 ὀγδοήκοντα
1374 3608 1536 3662 πέντε
1586 3609 1849 3679 χιλιάδας.
1901 3629 1921 3662 ι
1960 3613 2149 3665 Ἔσται

559 3693 764 3756 τοίνυν.
799 3696 982 3764 φησὶν,
1008 3695 1278 3765 ἀσφάλεια
1307 3698 1363 3749 ἐν
1389 3700 1456 3767 τῇ
1490 3698 1643 3751 πόλει
1662 3702 1726 3770 τῇ
1768 3702 1896 3772 ὲμῇ.
1931 3702 2039 3755 Καὶ
2067 3703 2150 3756 ὅτι

560 3787 768 3856 γέγονα
811 3787 1210 3842 κινδυνεύουσιν
1241 3789 1529 3864 ἐπίκουρος
1565 3789 1696 3860 ἐγὼ,
1726 3792 1979 3861 διαφανὲς
2009 3793 2152 3848 οὕτω

559 3884 675 3942 τοῖς
719 3881 1064 3951 ἁπανταχόσε
1108 3883 1428 3953 γενήσεται,
1460 3884 1536 3946 ὼς
1578 3883 1693 3938 ἐστι
1751 3884 2001 3955 λαμπρὸν
2054 3887 2150 3940 καὶ

559 3974 935 4044 ἀκμαιότατον
999 3974 1062 4026 τὸ
1113 3975 1172 4027 ὲν
1235 3976 1552 4047 μεσημϐρίᾳ
1603 3977 1739 4046 φῶς.
1801 3979 1982 4032 Ἠλίου
2038 3977 2149 4050 γὰρ

562 4066 1055 4138 μεςπμὸρίζοντος,
1108 4070 1204 4122 καὶ
1249 4069 1622 4142 ἀκμαιοτάτην
1654 4070 1860 4125 ἄνωθεν
1903 4073 2015 4134 τοῖς
2057 4073 2150 4124 ἐπὶ

558 4161 660 4230 τῆς
688 4159 798 4228 γῆς
833 4158 1066 4221 ὲνιέντος
1097 4158 1196 4230 τὴν
1236 4160 1451 4223 άκτίνα,
1481 4159 1870 4230 πλουσιωτάτῳ
1911 4161 2049 4230 φωτὶ
2079 4161 2149 4215 τά

559 4253 743 4304 πάντα
769 4251 1311 4322 καταλαμπρύνεται.
1350 4253 1542 4306 Ἔσται
1565 4253 1766 4315 τοίνυν,
1790 4253 1942 4323 φησι,
1971 4253 2151 4306 κινδυ-

557 4344 811 4396 νεύουσιν
838 4345 872 4414 ή
906 4344 1038 4416 παρ’
1062 4344 1196 4415 ἐμοῦ
1231 4345 1567 4416 δοθησομένη
1613 4346 1674 4399 τὸ
1699 4349 1950 4418 τηνικάδε
1987 4350 2148 4421 χάρις

558 4451 620 4486 τε
653 4436 751 4487 καὶ
781 4435 1074 4504 ἀσφάλεια,
1101 4434 1293 4507 ὥσπερ
1317 4435 1385 4489 ἂν
1413 4437 1463 4489 εἰ
1493 4438 1588 4490 καὶ
1621 4438 1818 4509 νεφέλη
1859 4439 2052 4510 δρόσου
2089 4443 2148 4494 ὲν

558 4527 802 4597 ἡμέραις
821 4526 1034 4597 ἀμητοῦ
1071 4528 1177 4597 πρὸ
1195 4527 1292 4580 τοῦ
1325 4527 1608 4598 θερισμοῦ.
1647 4530 1753 4582 Καὶ
1791 4529 1844 4582 τί
1870 4529 1934 4602 δὴ
1964 4530 2152 4601 βούλε-

557 4631 649 4667 ται
679 4615 898 4684 δηλοῦν,
927 4616 1040 4687 ὲρῶ
1069 4617 1251 4672 πάλιν*
1282 4616 1442 4680 Ἐθος
1483 4622 1596 4681 τοῖς
1621 4619 1804 4689 άμῶσι
1839 4619 1914 4692 μὴ
1955 4621 2154 4693 πρότε-

561 4726 654 4778 ρον
682 4713 802 4772 τοῖς
819 4709 1122 4779 ἀστάχυσιν
1150 4712 1438 4780 ἐπαφεῖναι
1461 4711 1554 4765 τὸν
1582 4712 1817 4783 σίδηρον,
1853 4715 1901 4766 εἰ
1934 4712 2008 4784 μὴ
2041 4714 2150 4783 ἄρα

559 4817 678 4864 πως
738 4801 1240 4872 προκατενεχθεῖσα
1279 4801 1490 4874 δρόσος,
1545 4803 1913 4874 εὐαφεστέραν
1967 4805 2152 4869 αὐτοῖς

557 4893 656 4963 τὴν
712 4893 973 4965 καλάμην
1028 4895 1350 4966 ἐργάσηται.
1420 4893 1509 4948 Ἐν
1560 4896 1694 4967 εὐχῇ
1752 4897 2054 4968 τοιγαροῦν·
2087 4898 2152 4952 τὸ

559 4986 752 5056 χρῆμα
797 4986 1002 5049 αὐτοῖς,
1052 4985 1116 5039 τὸ
1163 4986 1471 5040 καθιεῖσθαί
1516 5004 1658 5057 φημι
1708 4988 1856 5059 παρὰ
1883 4989 2019 5043 Θεοῦ
2049 4989 2152 5062 τὴν

559 5076 774 5144 δρόσον.
801 5076 1143 5150 Τριπόθητος
1167 5073 1262 5132 οὖν
1300 5080 1413 5142 τοῖς
1451 5080 1509 5131 ὲν
1537 5081 1650 5142 τοῖς
1688 5078 2082 5151 Ἰεροσολύμοις
2113 5084 2145 5153 ή

560 5167 717 5236 παρὰ
741 5167 881 5220 Θεοῦ
913 5169 1135 5238 γέγονεν
1164 5169 1454 5238 ἀσφάλεια,
1494 5170 1745 5241 καθάπερ
1773 5171 1966 5241 ἀμέλει
1993 5174 2086 5226 καὶ
2115 5175 2149 5244 ἡ

558 5257 755 5326 δρόσος
804 5260 865 5312 ὲν
915 5259 1151 5332 ἡμέραις
1196 5261 1412 5333 ἀμητοῦ
1451 5261 1722 5316 πίπτουσα
1770 5264 1877 5334 πρὸ
1924 5263 2020 5318 τοῦ
2058 5264 2148 5318 θε-

564 5350 792 5420 ρισμοῦ.

643 5443 822 5497 Ὅταν
854 5445 1240 5514 σύντελεσθῇ
1269 5446 1520 5517 στάχυς,
1551 5449 1647 5502 καί
1683 5448 1879 5518 ὅμφαξ
1905 5450 2144 5521 ἀνθήσῃ

561 5533 754 5601 ἄνθος
792 5536 1222 5606 ὀμφακιζουσα.
1253 5539 1361 5594 Καὶ
1407 5539 1623 5610 ἀφελεῖ
1660 5540 1729 5594 τὰ
1747 5542 2039 5609 ,ϐοτρύδια
2070 5543 2144 5598 τὰ

551 5627 751 5698 μικρὰ
769 5629 891 5696 τοῖς
914 5630 1252 5698 δρεπάνοις,
1270 5632 1365 5686 καὶ
1394 5633 1500 5701 τὰς
1521 5633 1890 5702 κληματίδας
1915 5634 2144 5705 ἀφελεῖ,

660 5782 701 5812 ³⁸
732 5783 794 5837 ιν
838 5786 970 5858 lleg.
1015 5803 1128 5854 xu,
1160 5788 1249 5843 55.

2254 3256 2483 3311 cumque
2506 3238 2782 3294 obsideret
2821 3236 3118 3306 Rapsaces,
3153 3245 3208 3291 et
3233 3232 3628 3289 innumerabili
3669 3233 3840 3302 Assy-

2252 3335 2456 3388 riorum
2507 3331 2854 3386 multitudine
2903 3328 3336 3392 circumsideret,
3382 3337 3561 3382 tamen
3612 3341 3839 3381 conser-

2252 3425 2420 3479 vavit.
2468 3442 2486 3476 ι
2534 3424 2799 3494 Egressus
2843 3430 2929 3478 est
2969 3422 3114 3478 enim
3152 3420 3375 3490 angelus
3424 3417 3662 3484 Domini,
3693 3435 3712 3470 ι
3752 3420 3838 3472 in-

2252 3519 2403 3586 quit,
2469 3535 2488 3568 ι
2524 3526 2578 3571 et
2632 3516 2906 3571 interemit
2949 3529 3015 3570 ex
3066 3515 3262 3569 castris
3321 3511 3672 3582 Assyriorum
3727 3526 3836 3564 una

2252 3617 2408 3664 nocte
2429 3616 2644 3663 centum
2668 3607 2938 3678 octoginta
2956 3605 3194 3676 quinque
3213 3602 3380 3658 millia
3400 3603 3468 3658 “.
3496 3621 3515 3655 ι
3543 3602 3659 3656 Erit
3684 3615 3838 3668 ergo,

2253 3699 2450 3768 inquit,
2493 3698 2546 3752 in
2584 3698 2809 3754 civitate
2851 3711 2968 3751 mea
3021 3695 3306 3750 securitas.
3340 3691 3492 3760 Quod
3520 3703 3700 3747 autem
3735 3706 3840 3760 ego

2251 3791 2676 3862 periclitantibus
2728 3789 2920 3845 luerim
2975 3785 3229 3856 adiutor,
3293 3783 3416 3838 hinc
3471 3783 3819 3853 perspicuum

2259 3885 2350 3940 ﬁet
2376 3885 2556 3940 ubivis
2581 3883 2823 3953 gentium
2850 3898 2864 3935 :
2894 3881 3017 3951 quia
3055 3879 3145 3932 lux
3174 3875 3498 3938 meridiana,
3531 3873 3834 3928 clarissima

2251 3986 2334 4030 est
2351 3987 2406 4032 et
2423 3975 2740 4030 fortissima.
2765 3973 2892 4028 Sole
2912 3973 3165 4027 nimirum
3184 3970 3285 4026 sub
3304 3966 3583 4023 meridiem
3597 3965 3833 4032 lucente,

2249 4079 2302 4125 et
2328 4072 2559 4138 desuper
2590 4069 2644 4122 in
2673 4067 2952 4124 terrestria
2984 4065 3192 4120 radium
3220 4059 3650 4118 intensissimum
3675 4057 3830 4114 emit-

2254 4171 2423 4226 tente,
2447 4161 2721 4215 ditissimo
2737 4170 2788 4214 et
2817 4158 3194 4228 copiosissimo
3212 4153 3415 4209 lumine
3443 4151 3838 4208 collustrantur

2249 4254 2449 4307 omnia.
2471 4252 2846 4322 Eritproinde,
2883 4250 3079 4320 inquit,
3101 4245 3532 4319 periclitantibus
3563 4242 3739 4312 gratia
3775 4248 3832 4296 et

2257 4344 2524 4400 securitas
2559 4359 2682 4414 qua:
2713 4352 2824 4397 tum
2863 4358 2892 4395 a
2927 4357 3013 4397 me
3042 4341 3283 4404 dabitur,
3309 4337 3532 4408 perinde
3565 4345 3624 4388 ut
3663 4333 3836 4388 nubes

2180 4471 2228 4529 υ
2255 4438 2394 4492 roris
2420 4436 2491 4502 ,in
2525 4435 2717 4490 diebus
2767 4434 2965 4490 messis
3014 4445 3140 4488 ante
3175 4445 3430 4487 messem.
3475 4427 3616 4495 Quid
3651 4435 3832 4479 autem

2253 4526 2623 4583 demonstrare
2649 4525 2798 4590 velit,
2817 4526 2884 4579 de
2920 4526 3132 4592 integro
3171 4531 3434 4592 repetam.
3486 4518 3544 4572 In
3575 4533 3728 4571 more
3749 4524 3836 4569 est

2253 4620 2600 4683 metentibus,
2629 4633 2737 4671 non
2763 4627 2890 4671 ante
2919 4616 3083 4683 spicis
3113 4617 3402 4667 admovere
3428 4610 3649 4671 ferrum,
3672 4623 3835 4676 quam

2256 4727 2345 4768 ros
2387 4711 2652 4766 demissus
2692 4707 2973 4763 meliorem
3015 4705 3181 4775 279
3214 4704 3452 4757 culmum
3487 4709 3540 4756 et
3573 4707 3718 4753 tactu
3752 4696 3837 4750 fa-

2253 4803 2495 4859 ciliorem
2523 4802 2739 4856 elliciat.
2784 4801 2919 4856 Illud
2949 4800 3116 4870 igitur
3167 4797 3219 4851 itt
3267 4796 3403 4850 rotis
3441 4803 3525 4848 est
3574 4791 3834 4853 maxime,

2257 4904 2314 4949 ut
2342 4894 2552 4950 scilicet
2584 4909 2674 4949 ros
2702 4893 2960 4948 divinitus
2990 4887 3310 4947 descendat.
3333 4886 3519 4954 Itaque
3560 4882 3837 4937 securitas

2255 4985 2370 5042 haec
2399 4985 2662 5041 divinitus
2703 4983 3212 5056 Hierosolytnitanis
3249 4980 3351 5035 fuit
3382 4989 3464 5033 ter
3497 4972 3835 5030 desiderabi-

2253 5079 2320 5135 lis
2345 5089 2398 5134 ct
2427 5079 2700 5148 optabilis,
2734 5078 3186 5148 quemadmoJum
3239 5073 3484 5146 profecto
3535 5071 3588 5126 in
3640 5069 3836 5125 diebus

2253 5171 2449 5228 messis
2477 5184 2567 5226 ros
2597 5180 2723 5226 ante
2764 5183 3018 5226 messem.

2325 5455 2567 5521 \’t-:tt$.5,
2595 5453 2645 5509 6.
2692 5453 2915 5520 Quando
2958 5459 3349 5506 consummatus
3402 5449 3557 5520 fuerit
3610 5447 3730 5517 ﬂos,
3779 5453 3828 5497 et

2251 5548 2536 5601 immatura
2573 5565 2670 5602 uva
2711 5547 3017 5618 eﬂiorucrit,
3064 5545 3247 5614 ﬂorem
3296 5545 3593 5614 genuinam
3636 5540 3828 5592 imum-

2253 5647 2388 5706 ταῖς,
2434 5649 2482 5694 et
2535 5639 2739 5710 auferet
2789 5637 3076 5696 racemulos
3117 5654 3301 5708 parrae
3355 5634 3596 5705 [ah-ibus,
3641 5638 3689 5684 et
3713 5644 3826 5681 sar-
