4840 6516
975 358 1001 412 4
1012 357 1076 412 Π

1962 353 2019 407 S.
2061 352 2336 409 CYRlLlJ
2377 350 2852 407 ALEXANDRINI
2895 349 3208 404 ARClllEP.

4132 346 4234 401 “8

974 488 1147 530 menta
1183 476 1406 544 auferet,
1446 485 1491 527 et
1537 475 1801 528 abscindet
1829 486 1879 528 et
1923 476 2171 547 relinquet
2210 478 2366 532 simul
2398 477 2543 531 volu-
2574 483 2625 541 Α
2652 476 2748 528 καὶ
2786 492 2885 528 κατ

2324 478 2366 531 ιιι
2398 477 2543 531 volu-
2574 483 2625 541 Α
2652 476 2748 528 καὶ
2786 476 3117 541 κατακόψει
3143 472 3240 525 καὶ
3266 470 3601 537 κίιταίιὶψει
3637 470 3758 537 ἅμα
3790 469 3913 534 τοῖς
3941 470 4235 535 πετεινοῖς

973 567 1145 619 oribus
1168 567 1281 619 caeli
1302 576 1349 619 et
1384 565 1562 618 bestiis
1595 575 1769 619 terra'.
1806 565 1871 619 Et
1907 570 2360 638 congregabantur
2391 585 2547 637 super

974 658 1093 709 illo:
1147 656 1384 710 volatilia
1430 657 1579 722 cwli,
1627 665 1676 711 et
1725 674 1903 712 amite:
1961 659 2139 714 bestia:
2179 672 2333 715 terra:
2362 678 2423 715 eo
2466 678 2548 715 ve-

975 751 1134 802 nient.

1044 838 1280 893 Diﬂicilis
1296 850 1379 893 est
1402 841 1713 906 admodum,
1748 857 1843 896 nec
1880 857 2067 911 parum
2092 843 2321 898 obscura
2352 844 2546 898 borum

975 930 1259 982 verborum
1324 932 1619 993 sententia,
1683 940 1735 984 et
1805 932 1922 999 ipsa
1976 942 2235 1001 przetcrea
2295 934 2548 988 dictionis

979 1020 1339 1089 compositio;
1385 1031 1465 1083 at,
1512 1025 1687 1087 quoad
1738 1022 1975 1086 licuerit,
2006 1026 2242 1079 conabor
2269 1024 2543 1092 expedire.

978 1110 1261 1166 Translert
1289 1127 1419 1180 ergo
1445 1114 1746 1169 orationem
1782 1114 1925 1169 velut
1955 1130 1986 1167 a
2023 1115 2252 1169 scientia
2279 1116 2546 1185 agricola-

980 1220 1120 1257 rum.
1151 1203 1313 1258 Moris
1352 1204 1495 1258 enim
1531 1204 1636 1258 illis
1664 1206 1999 1273 est,quando
2032 1207 2158 1262 vitis
2187 1205 2369 1260 botros
2400 1206 2551 1262 cillo-

978 1296 1150 1349 ruisse
1204 1295 1458 1360 viderint,
1512 1305 1565 1350 et
1611 1295 1724 1364 jam
1778 1313 2007 1351 uvarum
2048 1299 2278 1366 speciem
2322 1299 2546 1361 habere,

984 1386 1346 1441 redundantes
1372 1389 1700 1457 prepagines
1722 1399 2027 1456 amputare,
2055 1399 2109 1442 et
2133 1389 2368 1443 minutos
2396 1403 2550 1443 race-

977 1474 1152 1528 mulos
1181 1476 1447 1545 superﬂue
1472 1491 1756 1546 appensos,
1787 1488 1840 1531 et
1884 1476 2177 1544 majoribus
2208 1478 2547 1545 intersertos,

978 1565 1206 1619 falcibus
1241 1580 1509 1632 resecare,
1563 1576 1619 1620 ut
1655 1565 2022 1620 fecundiorem
2055 1582 2276 1622 socerum
2310 1567 2549 1632 maiores

985 1655 1126 1709 botri
1187 1656 1548 1725 percipieutes
1605 1656 1837 1711 fructum
1874 1660 2085 1728 possint
2140 1658 2384 1714 fundere.
2417 1660 2548 1715 Tale

978 1744 1231 1812 quiddam
1290 1744 1491 1799 fecisse
1537 1746 1668 1799 dicit
1701 1748 2069 1803 universitatis
2106 1748 2293 1811 Deum,
2334 1751 2451 1804 sive
2480 1752 2547 1805 de

974 1837 1240 1907 Assyriis,
1264 1838 1379 1893 sive
1403 1840 1566 1892 etiam
1600 1841 1664 1893 de
1710 1839 2018 1910 Egyptiis:
2062 1856 2165 1895 nec
2217 1843 2363 1896 enim
2413 1843 2547 1897 satis

973 1938 1159 1997 aperta
1192 1938 1277 1983 est
1300 1930 1497 1993 oratio,
1530 1932 1727 2000 quibus
1758 1932 1990 1986 tuaxime
2022 1942 2310 2002 congruat.
2341 1932 2397 1987 Si
2427 1934 2548 2002 quis

973 2036 1102 2090 ergo
1134 2022 1284 2076 malit
1307 2022 1606 2093 intelligere
1629 2025 1777 2079 velut
1808 2041 1968 2078 uuam
2001 2025 2546 2097 vitem,Assyriorum

974 2114 1402 2180 multitudinem,
1433 2132 1553 2186 quae
1581 2128 1823 2172 sanctam
1852 2118 2037 2173 urbem
2081 2119 2359 2173 obsidione
2393 2136 2546 2189 pres-

973 2206 1085 2260 sit:
1120 2205 1348 2261 dicimus
1384 2207 1624 2260 invenire
1663 2223 1759 2263 nos
1802 2224 1959 2277 posse
1991 2226 2244 2276 magnum
2280 2212 2331 2262 in
2360 2226 2419 2264 ea
2453 2211 2547 2265 bo-

977 2308 1116 2352 trum
1151 2298 1472 2369 signiﬁcari,
1503 2300 1708 2355 Scilicet
1729 2316 1850 2354 eum
1885 2302 1975 2369 qui
2015 2303 2162 2372 regio
2188 2302 2320 2355 solio
2363 2304 2549 2372 Splen-

977 2391 1209 2445 descens
1236 2406 1356 2444 cum
1384 2391 1606 2459 reliquis
1629 2409 1732 2446 nou
1766 2394 1949 2461 periit,
1981 2394 2073 2446 Sed
2110 2396 2275 2447 evasit
2308 2394 2396 2447 ille
2429 2394 2549 2463 qui-

975 2483 1118 2547 dem,
1142 2493 1333 2537 cetera
1363 2494 1542 2541 autem
1577 2485 1730 2537 turba
1766 2485 1906 2539 velut
1936 2485 2181 2539 ordinem
2226 2502 2292 2540 ac
2343 2490 2541 2542 seriem

976 2573 1287 2640 pusillorum
1320 2564 1663 2629 racemoruui
1691 2591 1984 2646 occupans,
2011 2588 2330 2644 consumpta
2355 2588 2458 2643 est,
2496 2590 2551 2632 et

976 2663 1352 2731 paratissimus
1407 2663 1616 2719 Domini
1650 2666 1861 2733 gladius
1910 2668 2063 2736 quasi
2122 2669 2228 2722 l'alx
2286 2672 2547 2739 qua-piam

974 2771 1067 2810 eos
1094 2755 1688 2825 velutsupervacaueos
1721 2760 1965 2813 surculos
2014 2760 2276 2815 detondit.
2324 2761 2548 2817 Cecide-

976 2848 1295 2911 runt-enim,
1327 2859 1382 2901 ut
1409 2849 1545 2913 dixi,
1596 2851 1770 2918 angeli
1803 2868 1962 2905 manu
1998 2854 2271 2916 exstincti,
2327 2864 2382 2909 et
2433 2854 2552 2908 lue-

976 2951 1101 2995 runt
1144 2943 1409 2996 cadavera
1448 2958 1633 2997 eorum
1680 2943 1885 2998 deliciae
1929 2946 2298 3000 animantibus
2330 2947 2443 3015 agri
2498 2955 2554 2998 et

975 3031 1287 3089 volatilibus
1316 3034 1462 3087 coeli.
1489 3034 1582 3087 Sin
1608 3034 1673 3088 de
1703 3033 1973 3104 Egyptiis
2000 3034 2132 3088 velis
2174 3036 2286 3088 haec
2310 3036 2436 3097 dici,
2463 3036 2548 3089 iu-

2649 567 2755 621 τοῦ
2796 567 3057 635 οὐρανοῦ
3101 565 3197 617 καὶ
3238 564 3363 627 τοῖς
3389 564 3616 631 θηρίοις
3643 562 3754 630 τῆς
3782 562 3917 631 γῆς.
3949 562 4059 615 Kal
4087 578 4238 615 συν·

2646 660 2974 728 αχθήσεται
3024 660 3116 713 ἐπ’
3149 658 3372 721 αὐτοὺς
3408 656 3494 717 τὰ,
3524 656 3765 709 πετεινὰ
3801 656 3908 709 τοῦ
3947 655 4233 723 οὐρανοῦ,

2648 751 2744 804 καὶ
2774 749 2972 803 πάντα
3001 748 3071 801 τὰ
3092 747 3269 815 θηρία
3289 744 3399 814 τῆς
3424 744 3538 815 γῆς
3561 744 3653 797 ἐπ’
3681 742 3870 797 αὐτὸν
3894 742 4048 809 ἣξει.

2718 842 2995 912 Δυσχερὴς
3039 840 3137 909 μὲν
3177 838 3295 891 λίαν
3338 837 3432 890 καὶ
3481 836 3849 897 δυσκάτοπτος
3901 836 3963 888 οὐ
4000 835 4238 906 μετρίως

2646 933 2756 987 τῶν
2796 932 3172 1004 προκειμένων
3223 931 3252 982 ὁ
3296 930 3439 993 νοῦς.
3476 931 3587 983 Καὶ
3631 930 3768 999 αὑτὴ
3814 929 3872 981 δὲ
3908 929 4045 999 πρὸς
4080 928 4239 982 τοῦτο

2648 1026 2747 1095 τῆς
2768 1024 2965 1089 λέξεως
2982 1025 3015 1093 ἡ
3052 1021 3315 1093 συνθήκη.
3354 1020 3499 1091 Πλὴν
3524 1021 3599 1083 ὡς
3627 1021 3706 1074 ἔνι
3728 1022 3957 1075 διειπείν
3978 1022 4235 1091 πειράσοο

2652 1132 2770 1186 μαι.
2817 1115 3058 1166 Ποιεῖται
3102 1112 3283 1164 τοίνυν
3321 1110 3397 1173 ὡς
3424 1110 3534 1163 ἀπὸ
3556 1110 3657 1179 τῆς
3692 1110 3802 1164 τῶν
3830 1109 4097 1179 γεωργῶν
4124 1112 4239 1161 ἐπι-

2650 1209 2863 1279 στήμης
2888 1207 2979 1260 τὸν
3014 1205 3190 1273 λόγον.
3221 1203 3382 1265 Ἐθος
3407 1201 3516 1273 γὰρ
3550 1203 3803 1266 ἐκείνοις,
3832 1204 3965 1256 ὅταν
3992 1201 4096 1271 τῆς
4129 1201 4236 1271 ἀμ·-

2649 1300 2813 1353 πέλου
2855 1298 3040 1351 λοιπὸν
3082 1295 3484 1367 ὲξανθήσαντας
3517 1295 3645 1357 τοὺς
3687 1293 3885 1364 βότρυς
3914 1292 4235 1358 θεάσωνται,

2649 1391 2744 1444 καὶ
2776 1390 2878 1461 ἤδη
2910 1406 3025 1451 πως
3054 1387 3114 1439 τὸ
3141 1385 3249 1438 τῶν
3280 1384 3545 1456 ὀμφάκων
3581 1384 3800 1454 ἔχοντας
3823 1380 3983 1447 εἶδος,
4012 1383 4235 1436 amulo

2650 1498 2766 1553 ρειν
2794 1482 2890 1550 μὲν
2910 1480 3007 1544 τὰς
3042 1478 3300 1550 περιττὰς
3328 1476 3686 1547 κληματίδας,
3718 1475 3813 1528 καὶ
3836 1475 3906 1528 τὰ
3936 1474 4113 1545 μικρὰ
4133 1474 4238 1525 τῶν

2652 1573 2945 1645 βοτρυδίων
2974 1570 3247 1643 περιττῶς
3287 1572 3401 1631 τοίς
3441 1568 3652 1639 μείζοσι
3683 1568 4089 1638 παρηρτημένα
4121 1569 4238 1629 ταῖς

2648 1666 2945 1737 δρεπάναις
2973 1662 3324 1731 ἀποτέμνειν,
3361 1661 3448 1712 ῖνα
3472 1660 3566 1712 καὶ
3588 1660 4012 1730 τροφιμωτάτην
4037 1660 4237 1729 ίκμάδα

2649 1756 2927 1826 δεχόμενοι
2974 1754 3086 1806 τῶν
3143 1750 3383 1823 βοτρύων
3423 1751 3475 1803 οἰ
3528 1751 3745 1820 μείζους
3798 1750 4238 1821 τελεσφορεῖσθαι

2582 1822 2620 1874 Β
2648 1846 2914 1899 δύναιντο.
2945 1842 3200 1897 Τοιοῦτόν
3235 1860 3290 1894 τι
3330 1840 3671 1911 πεπραχέναι
3702 1840 3865 1911 φησὶν
3904 1844 3934 1894 ὁ
3967 1840 4079 1892 τῶν
4108 1839 4241 1892 ὅλων

2649 1939 2800 2001 Θεὸς,
2838 1938 2870 2007 ἢ
2915 1936 3006 1989 έπί
3050 1954 3115 2005 γε
3154 1935 3267 1997 τοῖς
3303 1932 3628 2002 Ἀσσυρίοις,
3665 1933 3830 2003 ἤγουν
3871 1932 3967 1984 καὶ
4011 1931 4108 1983 ἐπὶ
4133 1932 4240 1993 toi;

2648 2031 2988 2101 Αἰγυπτίοις·
3018 2030 3081 2082 οὐ
3109 2030 3319 2099 γάρτοι
3350 2027 3470 2081 λίαν
3492 2024 3727 2096 ἐναργὴς
3752 2024 3971 2091 ὁλόγος,
4005 2023 4148 2076 κατὰ
4165 2023 4241 2075 τί-

2650 2139 2756 2177 νων
2780 2121 2845 2174 ἂν
2879 2121 2949 2173 ἴοι
2971 2120 3065 2173 καὶ
3094 2120 3311 2190 φέροιτο
3343 2116 3813 2188 πρεπωδέστερον.
3837 2114 4029 2183 Φαμὲν
4048 2114 4135 2184 δὴ,
4162 2115 4239 2166 ὅτι

2650 2214 2783 2276 εἴτις
2813 2211 2987 2265 ἕλοιτο
3025 2213 3165 2263 νοεῖν
3194 2210 3269 2274 ὡς
3298 2209 3544 2281 ἄμπελον
3581 2208 3712 2279 μίαν
3750 2207 3851 2277 τὴν
3892 2206 4004 2258 τῶν
4036 2207 4240 2257 ’Δσσυ-

2653 2305 2785 2375 ρίων
2830 2303 3063 2374 πληθὺν,
3096 2301 3196 2374 τὴν
3240 2302 3683 2374 πολιορκήσασαν
3728 2300 3827 2368 τὴν
3863 2299 4033 2366 ἁγίαν
4067 2298 4240 2359 πόλιν,

2652 2398 2957 2467 εὑρήσομεν
3000 2396 3083 2448 ὅτι
3118 2398 3147 2447 ὀ
3194 2394 3369 2464 μέγας
3410 2396 3469 2448 ὲν
3506 2394 3643 2465 αὐτῇ
3690 2391 3984 2462 νοούμενος
4029 2390 4240 2461 βότρυς,

2651 2489 2795 2541 τοῦτ’
2822 2488 2988 2552 ἐστιν,
3019 2488 3047 2539 ὁ
3076 2489 3189 2549 τοῖς
3210 2487 3308 2557 τῆς
3336 2486 3616 2555 βασιλείας
3646 2485 3833 2547 θάκοις
3858 2483 4242 2553 ὲκλελαμπρυ-

2654 2582 2871 2651 σμένος,
2912 2581 2972 2632 ού
3017 2578 3331 2631 συνδιόλωλε
3375 2580 3487 2639 τοῖς
3534 2577 3760 2647 ἑτέροις,
3798 2574 3938 2629 ἀλλὰ
3971 2574 4243 2628 σέσωσται

2658 2671 2757 2740 μὲν
2788 2668 2969 2731 αὐτὸς,
3001 2667 3398 2735 δεδαπάνηνται
3435 2665 3491 2719 δὲ
3517 2665 3591 2727 ὼς
3625 2667 3682 2718 ὲν
3706 2665 3858 2728 τάξει
3892 2664 4004 2717 τῶν
4039 2663 4244 2733 μικρῶν

2656 2760 2896 2832 βοτρύων
2923 2760 2955 2829 ὴ
2984 2758 3145 2830 έτέρα
3169 2757 3398 2827 πληθὺς,
3427 2756 3521 2809 καὶ
3544 2749 3654 2808 οἷον
3682 2755 3790 2807 τῶν
3822 2756 4102 2826 περιττῶν
4128 2756 4244 2823 κλη-

2658 2854 2846 2925 μάτων
2882 2853 3038 2922 δίκην
3078 2849 3327 2919 καθάπερ
3357 2850 3462 2902 τινὶ
3493 2848 3735 2919 δρεπάνῃ
3771 2846 4123 2917 περιέκειρεν
4154 2846 4243 2898 αύ-

2655 2946 2780 3008 τοῦς
2818 2946 2852 3014 ἡ
2892 2942 3183 3013 τομωτὰτη
3223 2942 3468 3011 μάχαιρα
3506 2939 3599 2992 τοῦ
3640 2938 3867 3010 Κυρίου.
3912 2936 4242 2990 Πεπτώκασι

2655 3035 2787 3106 γὰρ,
2814 3036 2889 3098 ώς
2912 3034 3068 3106 ἔφην,
3103 3032 3336 3100 ἀγγέλου
3366 3032 3513 3103 χειρὶ
3536 3030 3941 3100 δαπανώμενοι,
3968 3029 4069 3083 καὶ
4092 3028 4241 3096 γεγό-

976 3126 1629 3195 telliges-Assyriosalnm
1656 3140 1777 3180 eam
1810 3125 2043 3194 populati
2089 3138 2235 3191 sum,
2262 3142 2368 3181 που
2423 3129 2552 3182 stir-
2579 3155 2620 3213 ρ
2656 3144 2807 3180 νασιν
2826 3127 2887 3179 αὖ

2329 3146 2368 3179 ιιι
2423 3129 2620 3213 stir-C
2656 3144 2807 3180 νασιν
2826 3126 3007 3179 αὐτῶν
3058 3124 3128 3177 τὰ
3177 3122 3447 3195 πτώματα
3486 3123 3665 3194 τρυφὴ
3722 3124 3835 3185 τοῖς
3884 3121 4103 3192 Θηρίοις
4154 3118 4240 3171 τοῦ

970 3219 1120 3287 pilus
1142 3234 1380 3284 ouutem,
1417 3234 1519 3272 nou
1554 3217 1788 3272 funditus
1816 3218 2170 3272 internecioni
2195 3220 2426 3281 dedisse,
2457 3222 2550 3274 sed

974 3311 1249 3367 domicilia
1288 3310 1563 3365 bincinde
1584 3310 1837 3379 sparsim,
1884 3320 1940 3365 et
1971 3312 2117 3364 vicos
2166 3311 2312 3365 velut
2360 3328 2554 3378 parvos

973 3407 1278 3459 racemutos
1317 3402 1495 3473 gladio
1522 3403 1877 3471 percussisse,
1907 3403 1973 3455 ad
2027 3403 2118 3457 Dei
2176 3403 2550 3458 misericordis

974 3492 1081 3545 iras
1098 3492 1265 3562 280
1291 3510 1351 3547 se
1371 3501 1815 3560 attemperantes,
1844 3493 1935 3561 qui
1962 3494 2194 3562 castigat
2219 3494 2433 3561 quidem
2465 3494 2549 3547 of-

975 3584 1273 3648 fensantes,
1303 3598 1445 3652 saepe
1475 3594 1651 3638 tamen
1683 3599 1871 3653 poenas
1900 3584 2195 3653 abrumpit,
2228 3600 2327 3640 nec
2386 3601 2542 3653 pror-

971 3692 1065 3731 sus
1103 3676 1489 3730 interiresiuit
1521 3691 1615 3729 eos
1639 3678 1726 3745 qui
1756 3675 2110 3745 castigantur.

2652 3219 2845 3289 ἀγροῦ,
2880 3219 2975 3271 καὶ
3013 3220 3124 3280 τοῖς
3163 3218 3429 3278 πετεινοῖς
3456 3215 3548 3268 τοῦ
3579 3213 3831 3285 οὐρανοῦ.
3865 3214 3930 3267 Ei
3964 3214 4026 3266 δὲ
4059 3212 4124 3283 δή
4162 3228 4239 3273 τις

2656 3311 2898 3381 βούλοιτο
2927 3310 3021 3361 καὶ
3051 3308 3142 3361 ἐπὶ
3174 3310 3285 3371 τοῖς
3308 3305 3627 3375 Αἰγυπτίοις
3656 3304 3911 3375 εἰρῆσθαι
3936 3303 4124 3371 λέγειν
4152 3304 4237 3354 au-

2654 3402 2744 3463 τὰ,
2784 3402 3037 3470 συνήσεις
3084 3401 3166 3452 ὅτι
3209 3398 3608 3470 καταδῃοῦντες
3654 3397 3827 3466 αὐτὴν
3856 3397 3905 3449 oi
3946 3394 4237 3463 Ἀσσύριοι,

2651 3494 2752 3547 οὐκ
2773 3493 2942 3561 ἄρδην
2976 3492 3215 3554 ἃπασαν,
3249 3490 3372 3544 οὔτε
3405 3490 3510 3561 μὴν
3542 3489 3845 3561 ὁλοσχερῶς
3865 3487 4104 3548 ἀνεῖλον,
4131 3487 4238 3540 ἀλλ’

2647 3585 2758 3641 οἷον
2789 3587 3003 3657 μικροῖς
3027 3584 3325 3655 βοτρυδίοις
3342 3585 3460 3646 ταῖς
3479 3580 3619 3636 κατὰ
3648 3583 3844 3644 τόπους
3869 3577 4236 3651 συνοικ[ε]ίαις

2654 3678 2688 3747 ἢ
2730 3677 2944 3747 κώμαις
2982 3674 3311 3744 ὲπαφιέντες
3350 3673 3447 3744 τὴν
3491 3673 3787 3745 μάχαιραν,
3831 3673 4236 3743 συνεμέτρησαν

970 3773 1096 3835 τοὺς
1137 3771 1343 3843 θυμοὺς
1385 3771 1479 3825 τοῦ
1512 3772 1977 3844 φιλοικτείρμονος
2018 3774 2176 3837 Θεοῦ,
2241 3772 2587 3837 παιδεύοντος
2652 3774 2749 3843 μὲν
2793 3772 2920 3835 τοὺς
2964 3769 3424 3842 προσκρούοντας,
3457 3768 3805 3831 κολοϐοῦντος
3834 3767 3893 3821 δὲ
3922 3766 4234 3827 πλειστάκις

969 3863 1070 3925 τὰς
1097 3862 1275 3925 δίκας,
1300 3862 1395 3915 καὶ
1423 3863 1522 3916 οὐκ
1555 3863 1637 3926 εἰς
1660 3862 1806 3917 ἅπαν
1838 3863 2036 3928 ἐῶντος
2066 3864 2401 3918 ἀπόλλυσθαι
2432 3866 2561 3927 τοὺς
2601 3863 3047 3933 παιδευομένους.

1048 3956 1205 4009 Vens.
1240 3956 1291 4008 7.
1327 3954 1391 4007 lu
1445 3966 1672 4022 tempore
1710 3958 1802 4009 illo
1828 3959 2153 4011 adducentur
2178 3974 2396 4012 munera
2434 3957 2540 4010 Do-

971 4050 1114 4103 mino
1148 4047 1380 4101 Sabaoth
1403 4065 1434 4099 α
1465 4048 1655 4115 popqu
1681 4048 1868 4118 nﬁlicto
1900 4061 1945 4099 et
1981 4048 2183 4113 avitlso,
2216 4060 2263 4101 et
2290 4068 2322 4101 a
2356 4049 2545 4115 populo

969 4156 1179 4207 magno,
1205 4141 1446 4205 deinceps
1480 4151 1527 4191 et
1584 4141 1635 4192 in
1682 4142 2046 4193 aeternitatem.
2081 4138 2217 4193 Gens
2252 4157 2465 4207 sperans
2496 4150 2543 4193 et

970 4227 1298 4287 conculcata,
1343 4243 1459 4295 qua:
1489 4238 1561 4279 est
1591 4230 1643 4278 in
1682 4238 1830 4292 parte
1870 4228 2020 4297 ﬂuvii
2044 4230 2268 4297 regionis
2319 4229 2455 4298 ejus,
2491 4231 2543 4282 in

970 4319 1085 4370 loco
1108 4318 1193 4371 ubi
1221 4334 1407 4371 nomen
1428 4317 1641 4372 Domini
1673 4318 1908 4374 Sabaoth
1946 4322 2239 4375 invocatum
2280 4335 2353 4377 est
2397 4339 2545 4377 mons

970 4409 1128 4465 Sion.

1037 4589 1172 4645 Cum
1203 4604 1265 4645 ea
1302 4604 1423 4659 qua:
1452 4589 1507 4643 in
1536 4590 1675 4645 bello
1722 4603 1983 4645 eventura
2017 4601 2176 4646 crant
2213 4592 2341 4645 olim
2374 4590 2547 4664 Egy-

967 4684 1081 4752 ptio
1126 4684 1321 4753 populo
1385 4682 1747 4752 pulcherrime
1790 4683 2159 4746 edisseruerit,
2219 4683 2546 4736 mentionem

969 4773 1098 4826 facit
1137 4773 1393 4842 deinceps
1415 4775 1577 4828 etiam
1614 4774 1989 4827 conversionis
2016 4773 2080 4824 ad
2116 4771 2303 4833 Deum,
2324 4781 2378 4826 et
2405 4772 2547 4841 quod

968 4865 1194 4931 pristina
1250 4865 1450 4919 erroris
1481 4865 1714 4934 caligine
1761 4867 1830 4918 ab
1854 4864 2027 4917 oculis
2070 4863 2235 4917 animi
2276 4864 2545 4932 ablegata.

967 4967 1021 5009 et
1044 4955 1361 5009 idololatriae
1397 4959 1512 5011 vale
1546 4957 1710 5020 dicto,
1757 4956 1825 5011 ad
1882 4955 2106 5010 meliora
2141 4969 2199 5009 se
2244 4954 2545 5019 conferent,

968 5056 1021 5096 et
1054 5055 1246 5099 natura
1281 5056 1335 5100 et
1392 5062 1519 5101 vere
1564 5048 1731 5101 Deum
1771 5058 1825 5101 et
1874 5048 2240 5102 universitatis
2298 5048 2547 5116 Opiticem

973 5137 1258 5189 Dominum
1292 5147 1603 5206 agnoscent,
1638 5149 1691 5191 et
1714 5140 2042 5193 diverteutes
2077 5139 2218 5194 velut
2257 5141 2321 5192 ad
2356 5154 2547 5193 novant

971 5227 1281 5295 quampiam
1314 5239 1368 5282 et
1390 5230 1644 5283 selectam
1676 5223 1860 5294 vitam,
1907 5230 2310 5285 lructiliCabunt
2357 5231 2464 5284 Deo
2495 5230 2546 5282 in

970 5316 1058 5370 his
1108 5317 1303 5384 quibus
1330 5334 1448 5373 esse
1489 5331 1714 5387 possunt
1762 5323 1990 5388 accepti,
2016 5330 2069 5374 et
2094 5322 2342 5373 otuuibus
2374 5323 2547 5373 alam-

972 5410 1164 5463 dantes
1198 5407 1464 5473 laudibus,
1495 5422 1549 5463 et
1577 5413 1730 5479 quasi
1761 5427 1978 5465 munera
2008 5413 2276 5465 adducent
2316 5413 2366 5465 in
2414 5416 2548 5466 odo-

974 5516 1087 5553 rem
1121 5501 1405 5555 suavitatis
1435 5502 1561 5566 Deo,
1589 5505 1767 5564 tidem.
1788 5521 1961 5572 spem,
1992 5503 2338 5557 cbaritatem.
2404 5505 2546 5558 Alllt-

972 5604 1117 5648 ctum
1138 5604 1314 5648 autem
1346 5596 1585 5648 uoruinat
1607 5612 1727 5647 eum
1755 5596 2027 5664 populum,
2046 5596 2244 5664 quippe
2268 5598 2408 5665 quod
2430 5599 2547 5667 plu—

976 5686 1141 5739 rimas
1178 5687 1481 5741 sustineant
1539 5686 1896 5751 calamitates,
1951 5698 2003 5741 et
2056 5688 2251 5742 divina:
2292 5690 2383 5744 ira:
2443 5691 2546 5745 vim

977 5776 1224 5830 subeant.
1255 5778 1330 5830 Ad
1361 5777 1493 5841 haec,
1520 5778 1761 5833 evulsum
1790 5777 1917 5832 dicit
1950 5793 1962 5829 :
1992 5778 2240 5834 fortassis
2265 5782 2546 5837 transitum

2737 3956 2840 4008 Ἐν
2906 3954 2986 4019 τῷ
3042 3952 3224 4019 καιρῴ
3278 3954 3486 4016 ἐκείνῳ
3552 3951 4032 4019 (irai-exoticum
4088 3949 4233 4019 δῶρα

2653 4047 2847 4113 Κυρίῳ
2916 4045 3158 4099 Σαϐαὼθ
3200 4046 3271 4098 ἐκ
3338 4044 3491 4098 λαοῦ
3562 4043 3909 4113 τεταμένον
3980 4045 4082 4097 καὶ
4152 4050 4232 4096 τε·

2653 4137 2998 4207 ϐλιμμένου,
3039 4138 3139 4190 καὶ
3180 4138 3297 4191 ἀπὸ
3348 4137 3503 4190 λαοῦ
3539 4135 3808 4206 μεγάλου
3835 4136 3955 4189 ἀπὸ
3990 4135 4099 4189 τοῦ
4131 4135 4230 4188 νῦν

2654 4228 2754 4281 καί
2806 4230 2893 4293 εις
2944 4227 3051 4281 τὸν
3089 4227 3273 4281 αἰῶνα
3317 4229 3557 4296 χρόνον.
3605 4229 3816 4292 Ἕθνος
3858 4226 4105 4287 ἐλπίζον
4144 4225 4232 4279 καί

2652 4318 3246 4387 καταπεπατημένον,
3287 4319 3320 4372 ὅ
3351 4320 3522 4373 ἐστιν
3552 4320 3622 4372 ἐν
3641 4318 3803 4388 μέρει
3834 4320 4106 4388 ποταμοῦ
4135 4316 4230 4387 τῆς

2576 4445 2625 4500 Β
2655 4411 2851 4480 χώρας
2882 4411 3091 4474 αὐτοῦ,
3134 4414 3221 4478 εἰς
3253 4412 3359 4465 τὸν
3386 4413 3572 4465 τόπον
3600 4407 3672 4466 οὗ
3709 4410 3775 4464 τὸ
3803 4410 3994 4480 ὄνομα
4018 4411 4231 4478 Κυρίου

2653 4502 2894 4557 Σαϐαὼθ
2916 4502 3219 4569 ἐπεκλήθη
3247 4504 3310 4557 τὸ
3341 4503 3480 4571 ὅρος
3523 4502 3694 4556 Σιών.

2722 4594 2803 4647 Τὰ
2830 4597 2888 4647 ὲν
2917 4594 2993 4666 τῷ
3025 4593 3248 4665 πολέμῳ
3279 4594 3675 4664 συμϐησόμενα
3708 4592 3848 4646 κατὰ
3877 4595 4107 4663 καιροὺς
4132 4594 4231 4654 τοῖς

2650 4686 2963 4755 Αἰγυπτίων
2997 4688 3191 4756 δήμοις
3238 4683 3297 4739 εὖ
3341 4688 3482 4756 μάλα
3512 4685 3826 4757 διειρηκὼς,
3876 4687 4232 4756 διαμέμνηται

2648 4782 2741 4831 καὶ⁵
2776 4778 2874 4849 τῆς
2907 4780 3045 4851 μετὰ
3074 4779 3231 4833 τοῦτο
3279 4780 3414 4849 πρὸς
3457 4779 3589 4832 Θεὸν
3628 4779 3990 4848 ἐπιστροφῆς,
4041 4780 4134 4831 καὶ
4161 4780 4234 4830 ὅτι

2651 4872 2749 4942 τὴν
2782 4871 3013 4941 ἀρχαίαν
3040 4871 3137 4939 τῆς
3160 4870 3375 4939 ἀπάτης
3411 4870 3596 4940 ἀχλὺν,
3618 4870 3725 4922 τῶν
3754 4869 3857 4938 τῆς
3880 4869 4121 4932 διανοίας
4145 4870 4234 4937 ὀμ-

2652 4965 2839 5033 μάτων
2893 4964 3372 5033 ἀποπεμψάμενοι,
3421 4964 3512 5015 καὶ
3561 4965 3681 5024 ταῖς
3726 4962 3835 5015 τῶν
3876 4964 4113 5017 εἰδώλων
4149 4962 4234 5015 λα-

2647 5054 2858 5125 τρείαις
2909 5054 3187 5125 ἐρρῶσθαι
3239 5056 3568 5124 φράσαντες,
3625 5054 3934 5123 βαδιοῦνται
3990 5056 4127 5124 πρδς
4172 5052 4235 5104 τὰ

2647 5145 2855 5215 ἀμείνω
2880 5161 2892 5174 ·
2926 5147 3019 5198 καὶ
3059 5144 3148 5197 τὸν
3184 5145 3280 5215 μὲν
3320 5142 3479 5212 φύσει
3525 5146 3619 5197 καὶ
3662 5144 3879 5214 ἀληθῶς
3921 5144 4055 5198 ὄντα
4087 5144 4230 5204 Θείαν,

2648 5238 2744 5291 καὶ
2782 5237 2891 5289 τῶν
2930 5239 3067 5290 ὅλων
3095 5238 3436 5307 Δημιουργὸν
3468 5238 3561 5290 καὶ
3586 5237 3787 5307 Κύριον
3817 5237 4226 5305 ὲπιγνώσονται,

2653 5327 3217 5399 μεταστοιχειούμενοι
3268 5329 3325 5380 δὲ
3380 5328 3569 5398 ὥσπερ
3624 5329 3757 5398 πρὸς
3805 5327 3933 5381 νέαν
3982 5329 4102 5381 τινὰ
4143 5326 4226 5378 καὶ

2651 5420 2947 5473 ἁπόλεκτον
2985 5420 3151 5490 ζωὴν,
3190 5419 3604 5489 καρποφοροῦσι
3651 5419 3728 5488 τῷ
3774 5419 3897 5489 Θεῴ
3938 5421 4006 5473 τὰ
4039 5419 4118 5486 ἐφ’
4152 5413 4223 5477 οἷς

2649 5512 2715 5566 ἂν
2752 5509 2858 5566 εἷεν
2891 5513 3169 5583 εὐδόκιμοι
3218 5513 3312 5587 καὶ
3355 5512 3553 5575 παντὸς
3604 5511 3829 5564 ἐπαίνου
3888 5512 4096 5581 μεστοὶ,
4134 5509 4217 5561 καί

2648 5600 2756 5658 οἷον
2801 5604 2947 5675 δῶρα
2994 5604 3386 5675 προσκομιοῦσι
3431 5604 3498 5656 τὰ
3544 5605 3624 5665 εἰς
3666 5604 3843 5674 ὀσμὴν
3888 5603 4113 5664 εὐωδίας
4147 5598 4216 5669 τῷ

2650 5692 2787 5763 Θεῷ,
2813 5695 2910 5763 τὴν
2934 5694 3133 5758 πίστιν,
3165 5694 3264 5764 τὴν
3286 5693 3497 5757 ἐλπίδα,
3530 5695 3628 5762 τὴν
3659 5693 3900 5763 ἀγάπην.
3930 5688 4214 5760 Τεθλιμμέ·

2653 5804 2740 5839 νον
2772 5785 2827 5837 δὲ
2860 5785 3019 5837 αὑτὸν
3051 5786 3305 5856 ὀνομάζει
3334 5784 3482 5852 λαὸν,
3515 5786 3685 5840 διὰτοι
3720 5786 3780 5839 τὸ
3806 5786 4065 5855 πλείστην
4095 5783 4210 5851 δην
