  <div class='ocr_page' id='page_1' title='image "/cluster/home/n/w/nwhite01/storage/ocr_20150623/70/hvd.32044019207901/232.png"; bbox 0 0 4110 6496; ppageno 0'>
   <div class='ocr_carea' id='block_1_1' title="bbox 223 415 337 472">
    <p class='ocr_par' dir='ltr' id='par_1_1' title="bbox 223 415 337 472">
     <span class='ocr_line' id='line_1_1' title="bbox 223 415 337 472; baseline -0.009 0"><span class='ocrx_word' id='word_1_1' title='bbox 223 415 337 472; x_wconf 66' lang='grc' dir='ltr'>ιιι»</span> 
     </span>
    </p>
   </div>
   <div class='ocr_carea' id='block_1_2' title="bbox 1331 402 2343 462">
    <p class='ocr_par' dir='ltr' id='par_1_2' title="bbox 1331 402 2343 462">
     <span class='ocr_line' id='line_1_2' title="bbox 1331 402 2343 462; baseline 0.001 -3"><span class='ocrx_word' id='word_1_2' title='bbox 1331 403 1398 459; x_wconf 85' lang='grc' dir='ltr'><strong>ΙΝ</strong></span> <span class='ocrx_word' id='word_1_3' title='bbox 1437 403 1672 460; x_wconf 79' lang='lat' dir='ltr'><strong>ISAIAM</strong></span> <span class='ocrx_word' id='word_1_4' title='bbox 1716 404 1842 462; x_wconf 81' lang='lat' dir='ltr'><strong>LIB.</strong></span> <span class='ocrx_word' id='word_1_5' title='bbox 1881 402 1946 460; x_wconf 86' lang='lat' dir='ltr'><strong>ll.</strong></span> <span class='ocrx_word' id='word_1_6' title='bbox 1985 402 2223 460; x_wconf 80' lang='lat' dir='ltr'><strong>TOMUS</strong></span> <span class='ocrx_word' id='word_1_7' title='bbox 2255 405 2343 460; x_wconf 79' lang='grc' dir='ltr'>ιν.</span> 
     </span>
    </p>
   </div>
   <div class='ocr_carea' id='block_1_3' title="bbox 228 525 1840 603">
    <p class='ocr_par' dir='ltr' id='par_1_3' title="bbox 228 525 1824 603">
     <span class='ocr_line' id='line_1_3' title="bbox 228 525 1824 603; baseline -0.004 -17"><span class='ocrx_word' id='word_1_8' title='bbox 228 534 534 603; x_wconf 70' lang='grc' dir='ltr'>ὑπομεῖναι</span> <span class='ocrx_word' id='word_1_9' title='bbox 565 528 942 601; x_wconf 77' lang='grc' dir='ltr'><strong>ταλαιπωρίαν</strong></span> <span class='ocrx_word' id='word_1_10' title='bbox 986 530 1053 581; x_wconf 77' lang='grc' dir='ltr'><strong>τὰ</strong></span> <span class='ocrx_word' id='word_1_11' title='bbox 1083 527 1148 581; x_wconf 77' lang='grc' dir='ltr'>ἐκ</span> <span class='ocrx_word' id='word_1_12' title='bbox 1180 527 1277 598; x_wconf 84' lang='grc' dir='ltr'>τῆς</span> <span class='ocrx_word' id='word_1_13' title='bbox 1309 526 1460 591; x_wconf 89' lang='grc' dir='ltr'>θείας</span> <span class='ocrx_word' id='word_1_14' title='bbox 1491 525 1663 597; x_wconf 81' lang='grc' dir='ltr'>ὀργῆς</span> <span class='ocrx_word' id='word_1_15' title='bbox 1691 526 1824 580; x_wconf 86' lang='grc' dir='ltr'>ὑπο-</span> 
     </span>
    </p>
   </div>
   <div class='ocr_carea' id='block_1_4' title="bbox 1942 525 3518 603">
    <p class='ocr_par' dir='ltr' id='par_1_4' title="bbox 1942 526 3518 598">
     <span class='ocr_line' id='line_1_4' title="bbox 1942 526 3518 598; baseline -0.003 -16"><span class='ocrx_word' id='word_1_16' title='bbox 1942 542 2117 582; x_wconf 69' lang='lat' dir='ltr'><strong>eorum</strong></span> <span class='ocrx_word' id='word_1_17' title='bbox 2151 527 2218 582; x_wconf 87' lang='lat' dir='ltr'><strong>ad</strong></span> <span class='ocrx_word' id='word_1_18' title='bbox 2249 526 2468 582; x_wconf 88' lang='lat' dir='ltr'><strong>meliora</strong></span> <span class='ocrx_word' id='word_1_19' title='bbox 2495 526 2617 583; x_wconf 89' lang='lat' dir='ltr'><strong>inde</strong></span> <span class='ocrx_word' id='word_1_20' title='bbox 2645 527 2954 598; x_wconf 78' lang='lat' dir='ltr'><strong>designans.</strong></span> <span class='ocrx_word' id='word_1_21' title='bbox 2984 526 3169 584; x_wconf 88' lang='lat' dir='ltr'><strong>Planta</strong></span> <span class='ocrx_word' id='word_1_22' title='bbox 3213 527 3356 581; x_wconf 88' lang='lat' dir='ltr'><strong>enim</strong></span> <span class='ocrx_word' id='word_1_23' title='bbox 3386 527 3518 581; x_wconf 87' lang='lat' dir='ltr'><strong>vivi-</strong></span> 
     </span>
    </p>
   </div>
   <div class='ocr_carea' id='block_1_5' title="bbox 228 618 1828 700">
    <p class='ocr_par' dir='ltr' id='par_1_5' title="bbox 228 618 1828 700">
     <span class='ocr_line' id='line_1_5' title="bbox 228 618 1828 700; baseline -0.006 -19"><span class='ocrx_word' id='word_1_24' title='bbox 228 629 523 700; x_wconf 84' lang='grc' dir='ltr'>μείναντα.</span> <span class='ocrx_word' id='word_1_25' title='bbox 554 626 666 682; x_wconf 70' lang='grc' dir='ltr'><strong>Καὶ</strong></span> <span class='ocrx_word' id='word_1_26' title='bbox 703 624 842 694; x_wconf 83' lang='grc' dir='ltr'>πρός</span> <span class='ocrx_word' id='word_1_27' title='bbox 877 640 942 692; x_wconf 89' lang='grc' dir='ltr'>γε</span> <span class='ocrx_word' id='word_1_28' title='bbox 977 619 1154 692; x_wconf 84' lang='grc' dir='ltr'>τούτῳ</span> <span class='ocrx_word' id='word_1_29' title='bbox 1192 619 1287 673; x_wconf 82' lang='grc' dir='ltr'>καὶ</span> <span class='ocrx_word' id='word_1_30' title='bbox 1323 618 1655 688; x_wconf 81' lang='grc' dir='ltr'>τετιλμένον·</span> <span class='ocrx_word' id='word_1_31' title='bbox 1687 618 1828 688; x_wconf 88' lang='grc' dir='ltr'>τάχα</span> 
     </span>
    </p>
   </div>
   <div class='ocr_carea' id='block_1_6' title="bbox 227 709 1828 789">
    <p class='ocr_par' dir='ltr' id='par_1_6' title="bbox 227 709 1828 789">
     <span class='ocr_line' id='line_1_6' title="bbox 227 709 1828 789; baseline -0.008 -15"><span class='ocrx_word' id='word_1_32' title='bbox 227 738 337 774; x_wconf 69' lang='grc' dir='ltr'><strong>που</strong></span> <span class='ocrx_word' id='word_1_33' title='bbox 372 719 475 789; x_wconf 72' lang='grc' dir='ltr'>τὴν</span> <span class='ocrx_word' id='word_1_34' title='bbox 514 718 594 780; x_wconf 82' lang='grc' dir='ltr'><strong>είς</strong></span> <span class='ocrx_word' id='word_1_35' title='bbox 618 717 686 771; x_wconf 79' lang='grc' dir='ltr'><strong>τά</strong></span> <span class='ocrx_word' id='word_1_36' title='bbox 713 715 922 786; x_wconf 79' lang='grc' dir='ltr'><strong>ἀμείνω</strong></span> <span class='ocrx_word' id='word_1_37' title='bbox 957 713 1288 784; x_wconf 87' lang='grc' dir='ltr'>μετάστασιν</span> <span class='ocrx_word' id='word_1_38' title='bbox 1313 711 1494 764; x_wconf 80' lang='grc' dir='ltr'>αὐτῶν</span> <span class='ocrx_word' id='word_1_39' title='bbox 1523 709 1612 762; x_wconf 81' lang='grc' dir='ltr'><strong>διὰ</strong></span> <span class='ocrx_word' id='word_1_40' title='bbox 1639 709 1828 762; x_wconf 79' lang='grc' dir='ltr'>τούτου</span> 
     </span>
    </p>
   </div>
   <div class='ocr_carea' id='block_1_7' title="bbox 227 800 1828 882">
    <p class='ocr_par' dir='ltr' id='par_1_7' title="bbox 227 800 1828 882">
     <span class='ocr_line' id='line_1_7' title="bbox 227 800 1828 882; baseline -0.007 -17"><span class='ocrx_word' id='word_1_41' title='bbox 227 810 433 882; x_wconf 83' lang='grc' dir='ltr'>δηλῶν.</span> <span class='ocrx_word' id='word_1_42' title='bbox 483 809 560 864; x_wconf 70' lang='grc' dir='ltr'>Τὸ</span> <span class='ocrx_word' id='word_1_43' title='bbox 610 809 719 878; x_wconf 82' lang='grc' dir='ltr'><strong>γάρ</strong></span> <span class='ocrx_word' id='word_1_44' title='bbox 758 823 842 860; x_wconf 90' lang='grc' dir='ltr'><strong>τοι</strong></span> <span class='ocrx_word' id='word_1_45' title='bbox 875 804 1043 874; x_wconf 78' lang='grc' dir='ltr'>φυτὸν</span> <span class='ocrx_word' id='word_1_46' title='bbox 1080 802 1567 874; x_wconf 80' lang='grc' dir='ltr'>μεταμοσχεύεται,</span> <span class='ocrx_word' id='word_1_47' title='bbox 1610 802 1704 855; x_wconf 78' lang='grc' dir='ltr'>καὶ</span> <span class='ocrx_word' id='word_1_48' title='bbox 1738 800 1828 871; x_wconf 85' lang='grc' dir='ltr'><strong>βό-</strong></span> 
     </span>
    </p>
   </div>
   <div class='ocr_carea' id='block_1_8' title="bbox 229 894 1829 974">
    <p class='ocr_par' dir='ltr' id='par_1_8' title="bbox 229 894 1829 974">
     <span class='ocr_line' id='line_1_8' title="bbox 229 894 1829 974; baseline -0.006 -18"><span class='ocrx_word' id='word_1_49' title='bbox 229 904 370 974; x_wconf 83' lang='grc' dir='ltr'>θρου</span> <span class='ocrx_word' id='word_1_50' title='bbox 414 901 513 957; x_wconf 75' lang='grc' dir='ltr'><strong>τοῦ</strong></span> <span class='ocrx_word' id='word_1_51' title='bbox 554 902 612 956; x_wconf 82' lang='grc' dir='ltr'><strong>ὲν</strong></span> <span class='ocrx_word' id='word_1_52' title='bbox 659 899 808 970; x_wconf 75' lang='grc' dir='ltr'>αὐτῷ</span> <span class='ocrx_word' id='word_1_53' title='bbox 849 897 1295 968; x_wconf 84' lang='grc' dir='ltr'>άποτετιλμένου.</span> <span class='ocrx_word' id='word_1_54' title='bbox 1345 895 1654 966; x_wconf 80' lang='grc' dir='ltr'><strong>μεταχωρεῖ</strong></span> <span class='ocrx_word' id='word_1_55' title='bbox 1696 894 1829 964; x_wconf 78' lang='grc' dir='ltr'>πρὸς</span> 
     </span>
    </p>
   </div>
   <div class='ocr_carea' id='block_1_9' title="bbox 228 981 1831 1067">
    <p class='ocr_par' dir='ltr' id='par_1_9' title="bbox 228 981 1831 1067">
     <span class='ocr_line' id='line_1_9' title="bbox 228 981 1831 1067; baseline -0.007 -17"><span class='ocrx_word' id='word_1_56' title='bbox 228 998 446 1067; x_wconf 68' lang='grc' dir='ltr'>ἕτερον·</span> <span class='ocrx_word' id='word_1_57' title='bbox 482 993 756 1066; x_wconf 85' lang='grc' dir='ltr'>γεωργίας</span> <span class='ocrx_word' id='word_1_58' title='bbox 783 993 839 1046; x_wconf 80' lang='grc' dir='ltr'><strong>δὲ</strong></span> <span class='ocrx_word' id='word_1_59' title='bbox 866 993 966 1061; x_wconf 81' lang='grc' dir='ltr'>τῆς</span> <span class='ocrx_word' id='word_1_60' title='bbox 996 990 1226 1062; x_wconf 86' lang='grc' dir='ltr'>ἀρίστης</span> <span class='ocrx_word' id='word_1_61' title='bbox 1253 981 1408 1052; x_wconf 76' lang='grc' dir='ltr'>οὗτος</span> <span class='ocrx_word' id='word_1_62' title='bbox 1438 989 1467 1042; x_wconf 84' lang='grc' dir='ltr'>ὁ</span> <span class='ocrx_word' id='word_1_63' title='bbox 1493 987 1690 1058; x_wconf 80' lang='grc' dir='ltr'><strong>τρόπος</strong></span> <span class='ocrx_word' id='word_1_64' title='bbox 1717 989 1831 1051; x_wconf 87' lang='grc' dir='ltr'>τοῖς</span> 
     </span>
    </p>
   </div>
   <div class='ocr_carea' id='block_1_10' title="bbox 230 1078 1827 1156">
    <p class='ocr_par' dir='ltr' id='par_1_10' title="bbox 230 1078 1827 1156">
     <span class='ocr_line' id='line_1_10' title="bbox 230 1078 1827 1156; baseline -0.008 -14"><span class='ocrx_word' id='word_1_65' title='bbox 230 1088 462 1143; x_wconf 82' lang='grc' dir='ltr'><strong>εἰωθόσι</strong></span> <span class='ocrx_word' id='word_1_66' title='bbox 497 1087 781 1156; x_wconf 73' lang='grc' dir='ltr'>γητιονεϊν.</span> <span class='ocrx_word' id='word_1_67' title='bbox 819 1082 976 1139; x_wconf 82' lang='grc' dir='ltr'><strong>Οὕτω</strong></span> <span class='ocrx_word' id='word_1_68' title='bbox 1005 1084 1100 1136; x_wconf 82' lang='grc' dir='ltr'>καὶ</span> <span class='ocrx_word' id='word_1_69' title='bbox 1131 1081 1240 1136; x_wconf 86' lang='grc' dir='ltr'><strong>τῶν</strong></span> <span class='ocrx_word' id='word_1_70' title='bbox 1269 1083 1327 1133; x_wconf 82' lang='grc' dir='ltr'><strong>ὲν</strong></span> <span class='ocrx_word' id='word_1_71' title='bbox 1366 1080 1595 1144; x_wconf 86' lang='grc' dir='ltr'><strong>πλάναις</strong></span> <span class='ocrx_word' id='word_1_72' title='bbox 1623 1081 1652 1134; x_wconf 86' lang='grc' dir='ltr'>ὁ</span> <span class='ocrx_word' id='word_1_73' title='bbox 1683 1078 1827 1144; x_wconf 78' lang='grc' dir='ltr'>νοῦς,</span> 
     </span>
    </p>
   </div>
   <div class='ocr_carea' id='block_1_11' title="bbox 232 1171 1830 1252">
    <p class='ocr_par' dir='ltr' id='par_1_11' title="bbox 232 1171 1830 1252">
     <span class='ocr_line' id='line_1_11' title="bbox 232 1171 1830 1252; baseline -0.008 -17"><span class='ocrx_word' id='word_1_74' title='bbox 232 1177 726 1252; x_wconf 75' lang='grc' dir='ltr'>μεταϐοθρεὺεται.</span> <span class='ocrx_word' id='word_1_75' title='bbox 750 1175 952 1248; x_wconf 81' lang='grc' dir='ltr'><strong>τρόπον</strong></span> <span class='ocrx_word' id='word_1_76' title='bbox 978 1175 1123 1236; x_wconf 80' lang='grc' dir='ltr'>τινὰ,</span> <span class='ocrx_word' id='word_1_77' title='bbox 1157 1177 1255 1246; x_wconf 85' lang='grc' dir='ltr'>τῆς</span> <span class='ocrx_word' id='word_1_78' title='bbox 1288 1174 1385 1244; x_wconf 85' lang='grc' dir='ltr'>μὲν</span> <span class='ocrx_word' id='word_1_79' title='bbox 1415 1172 1649 1244; x_wconf 84' lang='grc' dir='ltr'>ἀρχαίας</span> <span class='ocrx_word' id='word_1_80' title='bbox 1683 1171 1830 1226; x_wconf 80' lang='grc' dir='ltr'>ἀπά-</span> 
     </span>
    </p>
   </div>
   <div class='ocr_carea' id='block_1_12' title="bbox 229 1263 1831 1343">
    <p class='ocr_par' dir='ltr' id='par_1_12' title="bbox 229 1263 1831 1343">
     <span class='ocr_line' id='line_1_12' title="bbox 229 1263 1831 1343; baseline -0.004 -18"><span class='ocrx_word' id='word_1_81' title='bbox 229 1289 338 1343; x_wconf 79' lang='grc' dir='ltr'><strong>της</strong></span> <span class='ocrx_word' id='word_1_82' title='bbox 386 1266 502 1324; x_wconf 76' lang='grc' dir='ltr'>οἷον</span> <span class='ocrx_word' id='word_1_83' title='bbox 537 1267 936 1338; x_wconf 77' lang='grc' dir='ltr'>ἐκτετιλμένος,</span> <span class='ocrx_word' id='word_1_84' title='bbox 981 1265 1339 1336; x_wconf 71' lang='grc' dir='ltr'>ὲμφυτευθεὶς</span> <span class='ocrx_word' id='word_1_85' title='bbox 1366 1265 1424 1318; x_wconf 82' lang='grc' dir='ltr'><strong>δὲ</strong></span> <span class='ocrx_word' id='word_1_86' title='bbox 1473 1263 1611 1336; x_wconf 69' lang='grc' dir='ltr'>πρὸς</span> <span class='ocrx_word' id='word_1_87' title='bbox 1639 1263 1831 1334; x_wconf 81' lang='grc' dir='ltr'>ἑτέρας</span> 
     </span>
    </p>
   </div>
   <div class='ocr_carea' id='block_1_13' title="bbox 231 1355 1830 1432">
    <p class='ocr_par' dir='ltr' id='par_1_13' title="bbox 231 1355 1830 1432">
     <span class='ocr_line' id='line_1_13' title="bbox 231 1355 1830 1432; baseline -0.006 -14"><span class='ocrx_word' id='word_1_88' title='bbox 231 1364 473 1428; x_wconf 76' lang='grc' dir='ltr'>ἐννοίας,</span> <span class='ocrx_word' id='word_1_89' title='bbox 506 1362 602 1415; x_wconf 78' lang='grc' dir='ltr'>καὶ</span> <span class='ocrx_word' id='word_1_90' title='bbox 638 1361 776 1432; x_wconf 86' lang='grc' dir='ltr'>πρός</span> <span class='ocrx_word' id='word_1_91' title='bbox 797 1376 861 1428; x_wconf 89' lang='grc' dir='ltr'><strong>γε</strong></span> <span class='ocrx_word' id='word_1_92' title='bbox 890 1357 1066 1429; x_wconf 78' lang='grc' dir='ltr'>τούτῳ</span> <span class='ocrx_word' id='word_1_93' title='bbox 1097 1357 1336 1421; x_wconf 81' lang='grc' dir='ltr'>σπουδὰς</span> <span class='ocrx_word' id='word_1_94' title='bbox 1375 1357 1470 1412; x_wconf 72' lang='grc' dir='ltr'>καὶ</span> <span class='ocrx_word' id='word_1_95' title='bbox 1504 1356 1706 1425; x_wconf 89' lang='grc' dir='ltr'>γνῶσιν</span> <span class='ocrx_word' id='word_1_96' title='bbox 1731 1355 1830 1428; x_wconf 85' lang='grc' dir='ltr'>τὴν</span> 
     </span>
    </p>
   </div>
   <div class='ocr_carea' id='block_1_14' title="bbox 230 1449 1833 1527">
    <p class='ocr_par' dir='ltr' id='par_1_14' title="bbox 230 1449 1833 1527">
     <span class='ocr_line' id='line_1_14' title="bbox 230 1449 1833 1527; baseline -0.004 -18"><span class='ocrx_word' id='word_1_97' title='bbox 230 1454 611 1527; x_wconf 72' lang='grc' dir='ltr'>προῦχουσαν,</span> <span class='ocrx_word' id='word_1_98' title='bbox 647 1452 844 1523; x_wconf 78' lang='grc' dir='ltr'>μᾶλλον</span> <span class='ocrx_word' id='word_1_99' title='bbox 868 1449 925 1504; x_wconf 80' lang='grc' dir='ltr'><strong>δὲ</strong></span> <span class='ocrx_word' id='word_1_100' title='bbox 960 1451 1054 1504; x_wconf 78' lang='grc' dir='ltr'>καὶ</span> <span class='ocrx_word' id='word_1_101' title='bbox 1083 1450 1434 1522; x_wconf 82' lang='grc' dir='ltr'>ἀσυγκρίτως</span> <span class='ocrx_word' id='word_1_102' title='bbox 1467 1449 1568 1522; x_wconf 82' lang='grc' dir='ltr'>τῆς</span> <span class='ocrx_word' id='word_1_103' title='bbox 1597 1449 1833 1522; x_wconf 77' lang='grc' dir='ltr'><strong>ἀρχαίας</strong></span> 
     </span>
    </p>
   </div>
   <div class='ocr_carea' id='block_1_15' title="bbox 231 1541 1833 1616">
    <p class='ocr_par' dir='ltr' id='par_1_15' title="bbox 231 1541 1833 1616">
     <span class='ocr_line' id='line_1_15' title="bbox 231 1541 1833 1616; baseline -0.003 -15"><span class='ocrx_word' id='word_1_104' title='bbox 231 1549 294 1601; x_wconf 75' lang='grc' dir='ltr'><strong>ἐν</strong></span> <span class='ocrx_word' id='word_1_105' title='bbox 319 1546 626 1616; x_wconf 78' lang='grc' dir='ltr'><strong>ἀμείνοσιν.</strong></span> <span class='ocrx_word' id='word_1_106' title='bbox 656 1543 1110 1614; x_wconf 76' lang='grc' dir='ltr'>Καρποφορήσειν</span> <span class='ocrx_word' id='word_1_107' title='bbox 1139 1541 1195 1596; x_wconf 75' lang='grc' dir='ltr'><strong>δὲ</strong></span> <span class='ocrx_word' id='word_1_108' title='bbox 1222 1541 1421 1605; x_wconf 73' lang='grc' dir='ltr'>αὐτοὺς</span> <span class='ocrx_word' id='word_1_109' title='bbox 1448 1543 1529 1605; x_wconf 83' lang='grc' dir='ltr'><strong>είς</strong></span> <span class='ocrx_word' id='word_1_110' title='bbox 1546 1541 1642 1596; x_wconf 81' lang='grc' dir='ltr'>τὸν</span> <span class='ocrx_word' id='word_1_111' title='bbox 1662 1541 1833 1596; x_wconf 78' lang='grc' dir='ltr'>αἰῶνα</span> 
     </span>
    </p>
   </div>
   <div class='ocr_carea' id='block_1_16' title="bbox 231 1630 1831 1708">
    <p class='ocr_par' dir='ltr' id='par_1_16' title="bbox 231 1630 1831 1708">
     <span class='ocr_line' id='line_1_16' title="bbox 231 1630 1831 1708; baseline -0.004 -18"><span class='ocrx_word' id='word_1_112' title='bbox 231 1637 456 1708; x_wconf 83' lang='grc' dir='ltr'>χρόνον,</span> <span class='ocrx_word' id='word_1_113' title='bbox 519 1633 663 1688; x_wconf 80' lang='grc' dir='ltr'>τοῦτ’</span> <span class='ocrx_word' id='word_1_114' title='bbox 711 1633 848 1696; x_wconf 76' lang='grc' dir='ltr'>ἐστι,</span> <span class='ocrx_word' id='word_1_115' title='bbox 902 1631 1186 1702; x_wconf 81' lang='grc' dir='ltr'><strong>διηνεκῶς,</strong></span> <span class='ocrx_word' id='word_1_116' title='bbox 1241 1631 1302 1685; x_wconf 78' lang='grc' dir='ltr'>σὺ</span> <span class='ocrx_word' id='word_1_117' title='bbox 1361 1630 1628 1702; x_wconf 81' lang='grc' dir='ltr'><strong>διακοπῆς</strong></span> <span class='ocrx_word' id='word_1_118' title='bbox 1688 1648 1831 1695; x_wconf 87' lang='grc' dir='ltr'>τινος</span> 
     </span>
    </p>
   </div>
   <div class='ocr_carea' id='block_1_17' title="bbox 239 1723 1834 1801">
    <p class='ocr_par' dir='ltr' id='par_1_17' title="bbox 239 1723 1834 1801">
     <span class='ocr_line' id='line_1_17' title="bbox 239 1723 1834 1801; baseline -0.004 -19"><span class='ocrx_word' id='word_1_119' title='bbox 239 1725 832 1801; x_wconf 77' lang='grc' dir='ltr'>μεταξυμὸησομένης,</span> <span class='ocrx_word' id='word_1_120' title='bbox 883 1725 971 1779; x_wconf 79' lang='grc' dir='ltr'><strong>ἀεὶ</strong></span> <span class='ocrx_word' id='word_1_121' title='bbox 1013 1723 1068 1776; x_wconf 82' lang='grc' dir='ltr'><strong>δὲ</strong></span> <span class='ocrx_word' id='word_1_122' title='bbox 1108 1723 1308 1792; x_wconf 83' lang='grc' dir='ltr'>μᾶλλον</span> <span class='ocrx_word' id='word_1_123' title='bbox 1345 1723 1442 1777; x_wconf 78' lang='grc' dir='ltr'>καὶ</span> <span class='ocrx_word' id='word_1_124' title='bbox 1487 1723 1646 1795; x_wconf 84' lang='grc' dir='ltr'>μέχρι</span> <span class='ocrx_word' id='word_1_125' title='bbox 1698 1740 1834 1778; x_wconf 88' lang='grc' dir='ltr'>παν-</span> 
     </span>
    </p>
   </div>
   <div class='ocr_carea' id='block_1_18' title="bbox 234 1815 1832 1890">
    <p class='ocr_par' dir='ltr' id='par_1_18' title="bbox 234 1815 1832 1890">
     <span class='ocr_line' id='line_1_18' title="bbox 234 1815 1832 1890; baseline -0.004 -15"><span class='ocrx_word' id='word_1_126' title='bbox 234 1821 355 1884; x_wconf 82' lang='grc' dir='ltr'>τός.</span> <span class='ocrx_word' id='word_1_127' title='bbox 387 1819 677 1890; x_wconf 70' lang='grc' dir='ltr'>Τοιγάρτοι</span> <span class='ocrx_word' id='word_1_128' title='bbox 715 1816 810 1870; x_wconf 78' lang='grc' dir='ltr'><strong>καὶ</strong></span> <span class='ocrx_word' id='word_1_129' title='bbox 847 1815 1022 1887; x_wconf 73' lang='grc' dir='ltr'>μέγαν</span> <span class='ocrx_word' id='word_1_130' title='bbox 1051 1816 1215 1870; x_wconf 81' lang='grc' dir='ltr'>αὐτὸν</span> <span class='ocrx_word' id='word_1_131' title='bbox 1237 1816 1500 1887; x_wconf 77' lang='grc' dir='ltr'><strong>ὀνομάζει</strong></span> <span class='ocrx_word' id='word_1_132' title='bbox 1534 1815 1678 1872; x_wconf 87' lang='grc' dir='ltr'>λαόν·</span> <span class='ocrx_word' id='word_1_133' title='bbox 1714 1816 1745 1887; x_wconf 77' lang='grc' dir='ltr'>ἢ</span> <span class='ocrx_word' id='word_1_134' title='bbox 1771 1816 1832 1868; x_wconf 85' lang='grc' dir='ltr'><strong>τὺ</strong></span> 
     </span>
    </p>
   </div>
   <div class='ocr_carea' id='block_1_19' title="bbox 1931 615 3518 684">
    <p class='ocr_par' dir='ltr' id='par_1_19' title="bbox 1931 615 3518 684">
     <span class='ocr_line' id='line_1_19' title="bbox 1931 615 3518 684; baseline -0.004 -8"><span class='ocrx_word' id='word_1_135' title='bbox 1931 621 2143 676; x_wconf 83' lang='lat' dir='ltr'><strong>radices</strong></span> <span class='ocrx_word' id='word_1_136' title='bbox 2166 619 2388 684; x_wconf 87' lang='lat' dir='ltr'><strong>emittit,</strong></span> <span class='ocrx_word' id='word_1_137' title='bbox 2419 628 2476 675; x_wconf 91' lang='lat' dir='ltr'><strong>et</strong></span> <span class='ocrx_word' id='word_1_138' title='bbox 2530 618 2883 672; x_wconf 77' lang='lat' dir='ltr'><strong>hindamento</strong></span> <span class='ocrx_word' id='word_1_139' title='bbox 2930 634 3029 673; x_wconf 85' lang='lat' dir='ltr'><strong>suo</strong></span> <span class='ocrx_word' id='word_1_140' title='bbox 3063 615 3274 678; x_wconf 79' lang='lat' dir='ltr'><strong>evulsa,</strong></span> <span class='ocrx_word' id='word_1_141' title='bbox 3320 617 3518 672; x_wconf 82' lang='lat' dir='ltr'><strong>transit</strong></span> 
     </span>
    </p>
   </div>
   <div class='ocr_carea' id='block_1_20' title="bbox 1928 708 3520 780">
    <p class='ocr_par' dir='ltr' id='par_1_20' title="bbox 1928 708 3520 780">
     <span class='ocr_line' id='line_1_20' title="bbox 1928 708 3520 780; baseline -0.005 -12"><span class='ocrx_word' id='word_1_142' title='bbox 1928 713 1995 768; x_wconf 84' lang='lat' dir='ltr'><strong>ad</strong></span> <span class='ocrx_word' id='word_1_143' title='bbox 2021 713 2275 768; x_wconf 87' lang='lat' dir='ltr'><strong>alterum.</strong></span> <span class='ocrx_word' id='word_1_144' title='bbox 2314 709 2444 766; x_wconf 77' lang='lat' dir='ltr'><strong>llzcc</strong></span> <span class='ocrx_word' id='word_1_145' title='bbox 2470 709 2816 780; x_wconf 66' lang='lat' dir='ltr'><strong>agriculturae</strong></span> <span class='ocrx_word' id='word_1_146' title='bbox 2851 711 3068 778; x_wconf 64' lang='lat' dir='ltr'><strong>Optimae</strong></span> <span class='ocrx_word' id='word_1_147' title='bbox 3112 708 3322 779; x_wconf 76' lang='lat' dir='ltr'><strong>species</strong></span> <span class='ocrx_word' id='word_1_148' title='bbox 3371 724 3520 778; x_wconf 70' lang='lat' dir='ltr'><strong>qmr-</strong></span> 
     </span>
    </p>
   </div>
   <div class='ocr_carea' id='block_1_21' title="bbox 1928 800 3515 873">
    <p class='ocr_par' dir='ltr' id='par_1_21' title="bbox 1928 800 3515 873">
     <span class='ocr_line' id='line_1_21' title="bbox 1928 800 3515 873; baseline -0.004 -14"><span class='ocrx_word' id='word_1_149' title='bbox 1928 807 2053 859; x_wconf 83' lang='lat' dir='ltr'><strong>dam</strong></span> <span class='ocrx_word' id='word_1_150' title='bbox 2085 813 2168 859; x_wconf 91' lang='lat' dir='ltr'><strong>est</strong></span> <span class='ocrx_word' id='word_1_151' title='bbox 2209 803 2348 873; x_wconf 86' lang='lat' dir='ltr'><strong>apud</strong></span> <span class='ocrx_word' id='word_1_152' title='bbox 2406 801 2717 873; x_wconf 78' lang='lat' dir='ltr'><strong>agricolas:</strong></span> <span class='ocrx_word' id='word_1_153' title='bbox 2751 801 2831 856; x_wconf 84' lang='lat' dir='ltr'><strong>sic</strong></span> <span class='ocrx_word' id='word_1_154' title='bbox 2863 801 3028 856; x_wconf 86' lang='lat' dir='ltr'><strong>etiam</strong></span> <span class='ocrx_word' id='word_1_155' title='bbox 3075 800 3288 855; x_wconf 87' lang='lat' dir='ltr'><strong>animus</strong></span> <span class='ocrx_word' id='word_1_156' title='bbox 3324 814 3515 853; x_wconf 88' lang='lat' dir='ltr'><strong>eorum</strong></span> 
     </span>
    </p>
   </div>
   <div class='ocr_carea' id='block_1_22' title="bbox 1927 893 3516 969">
    <p class='ocr_par' dir='ltr' id='par_1_22' title="bbox 1927 893 3516 969">
     <span class='ocr_line' id='line_1_22' title="bbox 1927 893 3516 969; baseline -0.004 -19"><span class='ocrx_word' id='word_1_157' title='bbox 1927 899 2094 969; x_wconf 87' lang='lat' dir='ltr'><strong>quiin</strong></span> <span class='ocrx_word' id='word_1_158' title='bbox 2119 897 2398 954; x_wconf 87' lang='lat' dir='ltr'><strong>erroribus</strong></span> <span class='ocrx_word' id='word_1_159' title='bbox 2432 905 2741 962; x_wconf 77' lang='lat' dir='ltr'><strong>versantur,</strong></span> <span class='ocrx_word' id='word_1_160' title='bbox 2786 893 3219 962; x_wconf 85' lang='lat' dir='ltr'><strong>transplantatur</strong></span> <span class='ocrx_word' id='word_1_161' title='bbox 3245 894 3516 962; x_wconf 85' lang='lat' dir='ltr'><strong>quodam-</strong></span> 
     </span>
    </p>
   </div>
   <div class='ocr_carea' id='block_1_23' title="bbox 1931 983 3513 1056">
    <p class='ocr_par' dir='ltr' id='par_1_23' title="bbox 1931 983 3513 1056">
     <span class='ocr_line' id='line_1_23' title="bbox 1931 983 3513 1056; baseline -0.006 -9"><span class='ocrx_word' id='word_1_162' title='bbox 1931 991 2110 1056; x_wconf 90' lang='lat' dir='ltr'><strong>modo,</strong></span> <span class='ocrx_word' id='word_1_163' title='bbox 2140 1007 2169 1044; x_wconf 90' lang='lat' dir='ltr'><strong>a</strong></span> <span class='ocrx_word' id='word_1_164' title='bbox 2206 989 2372 1046; x_wconf 87' lang='lat' dir='ltr'><strong>veteri</strong></span> <span class='ocrx_word' id='word_1_165' title='bbox 2420 988 2732 1044; x_wconf 86' lang='lat' dir='ltr'><strong>seductionc</strong></span> <span class='ocrx_word' id='word_1_166' title='bbox 2765 995 3018 1055; x_wconf 87' lang='lat' dir='ltr'><strong>tanquam</strong></span> <span class='ocrx_word' id='word_1_167' title='bbox 3049 985 3323 1048; x_wconf 86' lang='lat' dir='ltr'><strong>revulsus,</strong></span> <span class='ocrx_word' id='word_1_168' title='bbox 3358 993 3414 1038; x_wconf 91' lang='lat' dir='ltr'><strong>et</strong></span> <span class='ocrx_word' id='word_1_169' title='bbox 3461 983 3513 1038; x_wconf 91' lang='lat' dir='ltr'><strong>in</strong></span> 
     </span>
    </p>
   </div>
   <div class='ocr_carea' id='block_1_24' title="bbox 1933 1075 3513 1146">
    <p class='ocr_par' dir='ltr' id='par_1_24' title="bbox 1933 1075 3513 1146">
     <span class='ocr_line' id='line_1_24' title="bbox 1933 1075 3513 1146; baseline -0.01 -4"><span class='ocrx_word' id='word_1_170' title='bbox 1933 1085 2097 1142; x_wconf 84' lang='lat' dir='ltr'><strong>aliam</strong></span> <span class='ocrx_word' id='word_1_171' title='bbox 2123 1094 2358 1139; x_wconf 85' lang='lat' dir='ltr'><strong>mentem</strong></span> <span class='ocrx_word' id='word_1_172' title='bbox 2390 1082 2458 1136; x_wconf 90' lang='lat' dir='ltr'><strong>ad</strong></span> <span class='ocrx_word' id='word_1_173' title='bbox 2492 1081 2594 1136; x_wconf 85' lang='lat' dir='ltr'><strong>alia</strong></span> <span class='ocrx_word' id='word_1_174' title='bbox 2631 1079 2809 1134; x_wconf 82' lang='lat' dir='ltr'><strong>studia</strong></span> <span class='ocrx_word' id='word_1_175' title='bbox 2857 1078 3128 1146; x_wconf 89' lang='lat' dir='ltr'><strong>aliamque</strong></span> <span class='ocrx_word' id='word_1_176' title='bbox 3149 1075 3513 1145; x_wconf 83' lang='lat' dir='ltr'><strong>cognitionem</strong></span> 
     </span>
    </p>
   </div>
   <div class='ocr_carea' id='block_1_25' title="bbox 1932 1166 3518 1250">
    <p class='ocr_par' dir='ltr' id='par_1_25' title="bbox 1932 1166 3518 1250">
     <span class='ocr_line' id='line_1_25' title="bbox 1932 1166 3518 1250; baseline -0.006 -18"><span class='ocrx_word' id='word_1_177' title='bbox 1932 1183 2302 1250; x_wconf 75' lang='lat' dir='ltr'><strong>przestantem,</strong></span> <span class='ocrx_word' id='word_1_178' title='bbox 2356 1175 2465 1231; x_wconf 88' lang='lat' dir='ltr'><strong>imo</strong></span> <span class='ocrx_word' id='word_1_179' title='bbox 2515 1173 2739 1242; x_wconf 85' lang='lat' dir='ltr'><strong>antiqua</strong></span> <span class='ocrx_word' id='word_1_180' title='bbox 2792 1167 3289 1238; x_wconf 90' lang='lat' dir='ltr'><strong>incomparabiliter</strong></span> <span class='ocrx_word' id='word_1_181' title='bbox 3331 1166 3518 1222; x_wconf 89' lang='lat' dir='ltr'><strong>melio—</strong></span> 
     </span>
    </p>
   </div>
   <div class='ocr_carea' id='block_1_26' title="bbox 1935 1260 3516 1334">
    <p class='ocr_par' dir='ltr' id='par_1_26' title="bbox 1935 1260 3516 1334">
     <span class='ocr_line' id='line_1_26' title="bbox 1935 1260 3516 1334; baseline -0.01 -8"><span class='ocrx_word' id='word_1_182' title='bbox 1935 1287 2068 1334; x_wconf 85' lang='lat' dir='ltr'><strong>rem,</strong></span> <span class='ocrx_word' id='word_1_183' title='bbox 2099 1271 2344 1325; x_wconf 88' lang='lat' dir='ltr'><strong>traducta</strong></span> <span class='ocrx_word' id='word_1_184' title='bbox 2373 1284 2437 1322; x_wconf 91' lang='lat' dir='ltr'><strong>ac</strong></span> <span class='ocrx_word' id='word_1_185' title='bbox 2465 1267 2648 1322; x_wconf 86' lang='lat' dir='ltr'><strong>insita.</strong></span> <span class='ocrx_word' id='word_1_186' title='bbox 2681 1265 2756 1320; x_wconf 86' lang='lat' dir='ltr'><strong>llt</strong></span> <span class='ocrx_word' id='word_1_187' title='bbox 2796 1262 3123 1320; x_wconf 80' lang='lat' dir='ltr'><strong>fructiliccnt</strong></span> <span class='ocrx_word' id='word_1_188' title='bbox 3163 1261 3215 1317; x_wconf 93' lang='lat' dir='ltr'><strong>in</strong></span> <span class='ocrx_word' id='word_1_189' title='bbox 3244 1260 3516 1318; x_wconf 65' lang='lat' dir='ltr'><strong>aeternita-</strong></span> 
     </span>
    </p>
   </div>
   <div class='ocr_carea' id='block_1_27' title="bbox 1933 1351 3513 1428">
    <p class='ocr_par' dir='ltr' id='par_1_27' title="bbox 1933 1351 3513 1428">
     <span class='ocr_line' id='line_1_27' title="bbox 1933 1351 3513 1428; baseline -0.007 -9"><span class='ocrx_word' id='word_1_190' title='bbox 1933 1376 2064 1428; x_wconf 89' lang='lat' dir='ltr'><strong>tem,</strong></span> <span class='ocrx_word' id='word_1_191' title='bbox 2099 1365 2148 1419; x_wconf 92' lang='lat' dir='ltr'><strong>id</strong></span> <span class='ocrx_word' id='word_1_192' title='bbox 2180 1375 2265 1419; x_wconf 89' lang='lat' dir='ltr'><strong>est</strong></span> <span class='ocrx_word' id='word_1_193' title='bbox 2295 1362 2656 1424; x_wconf 85' lang='lat' dir='ltr'><strong>continenter,</strong></span> <span class='ocrx_word' id='word_1_194' title='bbox 2704 1358 2850 1412; x_wconf 91' lang='lat' dir='ltr'><strong>nulla</strong></span> <span class='ocrx_word' id='word_1_195' title='bbox 2907 1355 3322 1425; x_wconf 85' lang='lat' dir='ltr'><strong>interruptione,</strong></span> <span class='ocrx_word' id='word_1_196' title='bbox 3364 1351 3513 1408; x_wconf 87' lang='lat' dir='ltr'><strong>nulla</strong></span> 
     </span>
    </p>
   </div>
   <div class='ocr_carea' id='block_1_28' title="bbox 1937 1445 3511 1517">
    <p class='ocr_par' dir='ltr' id='par_1_28' title="bbox 1937 1445 3511 1517">
     <span class='ocr_line' id='line_1_28' title="bbox 1937 1445 3511 1517; baseline -0.01 -4"><span class='ocrx_word' id='word_1_197' title='bbox 1937 1471 2148 1513; x_wconf 83' lang='lat' dir='ltr'><strong>remora</strong></span> <span class='ocrx_word' id='word_1_198' title='bbox 2191 1454 2604 1514; x_wconf 83' lang='lat' dir='ltr'><strong>interveniente,</strong></span> <span class='ocrx_word' id='word_1_199' title='bbox 2637 1452 2744 1505; x_wconf 90' lang='lat' dir='ltr'><strong>imo</strong></span> <span class='ocrx_word' id='word_1_200' title='bbox 2778 1465 2908 1504; x_wconf 83' lang='lat' dir='ltr'><strong>vero</strong></span> <span class='ocrx_word' id='word_1_201' title='bbox 2943 1462 3158 1517; x_wconf 82' lang='lat' dir='ltr'><strong>semper</strong></span> <span class='ocrx_word' id='word_1_202' title='bbox 3184 1454 3238 1500; x_wconf 90' lang='lat' dir='ltr'><strong>et</strong></span> <span class='ocrx_word' id='word_1_203' title='bbox 3262 1459 3434 1514; x_wconf 86' lang='lat' dir='ltr'><strong>usque</strong></span> <span class='ocrx_word' id='word_1_204' title='bbox 3459 1445 3511 1498; x_wconf 90' lang='lat' dir='ltr'><strong>in</strong></span> 
     </span>
    </p>
   </div>
   <div class='ocr_carea' id='block_1_29' title="bbox 1933 1545 3518 1618">
    <p class='ocr_par' dir='ltr' id='par_1_29' title="bbox 1933 1545 3518 1618">
     <span class='ocr_line' id='line_1_29' title="bbox 1933 1545 3518 1618; baseline -0.008 -14"><span class='ocrx_word' id='word_1_205' title='bbox 1933 1563 2146 1604; x_wconf 88' lang='lat' dir='ltr'><strong>omnem</strong></span> <span class='ocrx_word' id='word_1_206' title='bbox 2176 1545 2611 1618; x_wconf 70' lang='lat' dir='ltr'><strong>perpetuitatem.</strong></span> <span class='ocrx_word' id='word_1_207' title='bbox 2648 1545 2827 1610; x_wconf 84' lang='lat' dir='ltr'><strong>Quare</strong></span> <span class='ocrx_word' id='word_1_208' title='bbox 2855 1552 2912 1598; x_wconf 90' lang='lat' dir='ltr'><strong>et</strong></span> <span class='ocrx_word' id='word_1_209' title='bbox 2955 1555 3207 1610; x_wconf 79' lang='lat' dir='ltr'><strong>magnum</strong></span> <span class='ocrx_word' id='word_1_210' title='bbox 3261 1553 3384 1593; x_wconf 87' lang='lat' dir='ltr'><strong>eum</strong></span> <span class='ocrx_word' id='word_1_211' title='bbox 3423 1551 3518 1605; x_wconf 87' lang='lat' dir='ltr'><strong>po-</strong></span> 
     </span>
    </p>
   </div>
   <div class='ocr_carea' id='block_1_30' title="bbox 1936 1625 3518 1709">
    <p class='ocr_par' dir='ltr' id='par_1_30' title="bbox 1936 1625 3518 1709">
     <span class='ocr_line' id='line_1_30' title="bbox 1936 1625 3518 1709; baseline -0.008 -17"><span class='ocrx_word' id='word_1_212' title='bbox 1936 1639 2120 1709; x_wconf 82' lang='lat' dir='ltr'><strong>pulum</strong></span> <span class='ocrx_word' id='word_1_213' title='bbox 2163 1636 2426 1698; x_wconf 88' lang='lat' dir='ltr'><strong>nominat,</strong></span> <span class='ocrx_word' id='word_1_214' title='bbox 2465 1633 2546 1687; x_wconf 91' lang='lat' dir='ltr'><strong>vel</strong></span> <span class='ocrx_word' id='word_1_215' title='bbox 2596 1632 2982 1688; x_wconf 55' lang='lat' dir='ltr'><strong>fecitnditatem</strong></span> <span class='ocrx_word' id='word_1_216' title='bbox 3027 1629 3145 1698; x_wconf 86' lang='lat' dir='ltr'><strong>ejus</strong></span> <span class='ocrx_word' id='word_1_217' title='bbox 3187 1628 3292 1683; x_wconf 84' lang='lat' dir='ltr'><strong>late</strong></span> <span class='ocrx_word' id='word_1_218' title='bbox 3344 1625 3518 1682; x_wconf 77' lang='lat' dir='ltr'><strong>fusam</strong></span> 
     </span>
    </p>
   </div>
   <div class='ocr_carea' id='block_1_31' title="bbox 1935 1717 3519 1799">
    <p class='ocr_par' dir='ltr' id='par_1_31' title="bbox 1935 1717 3519 1799">
     <span class='ocr_line' id='line_1_31' title="bbox 1935 1717 3519 1799; baseline -0.012 -13"><span class='ocrx_word' id='word_1_219' title='bbox 1935 1732 2060 1786; x_wconf 90' lang='lat' dir='ltr'><strong>inde</strong></span> <span class='ocrx_word' id='word_1_220' title='bbox 2087 1731 2328 1799; x_wconf 83' lang='lat' dir='ltr'><strong>signans,</strong></span> <span class='ocrx_word' id='word_1_221' title='bbox 2359 1727 2443 1780; x_wconf 88' lang='lat' dir='ltr'><strong>vel</strong></span> <span class='ocrx_word' id='word_1_222' title='bbox 2486 1727 2629 1794; x_wconf 91' lang='lat' dir='ltr'><strong>quod</strong></span> <span class='ocrx_word' id='word_1_223' title='bbox 2680 1725 2938 1794; x_wconf 85' lang='lat' dir='ltr'><strong>probatus</strong></span> <span class='ocrx_word' id='word_1_224' title='bbox 2965 1721 3260 1783; x_wconf 81' lang='lat' dir='ltr'><strong>exstiterit,</strong></span> <span class='ocrx_word' id='word_1_225' title='bbox 3321 1733 3418 1788; x_wconf 88' lang='lat' dir='ltr'><strong>per</strong></span> <span class='ocrx_word' id='word_1_226' title='bbox 3455 1717 3519 1771; x_wconf 85' lang='lat' dir='ltr'><strong>li.-</strong></span> 
     </span>
    </p>
   </div>
   <div class='ocr_carea' id='block_1_32' title="bbox 1935 1813 3520 1890">
    <p class='ocr_par' dir='ltr' id='par_1_32' title="bbox 1935 1813 3520 1890">
     <span class='ocr_line' id='line_1_32' title="bbox 1935 1813 3520 1890; baseline -0.008 -12"><span class='ocrx_word' id='word_1_227' title='bbox 1935 1821 2060 1878; x_wconf 86' lang='lat' dir='ltr'><strong>dcnt</strong></span> <span class='ocrx_word' id='word_1_228' title='bbox 2109 1836 2230 1890; x_wconf 77' lang='lat' dir='ltr'><strong>qua:</strong></span> <span class='ocrx_word' id='word_1_229' title='bbox 2261 1828 2346 1874; x_wconf 87' lang='lat' dir='ltr'><strong>est</strong></span> <span class='ocrx_word' id='word_1_230' title='bbox 2371 1819 2423 1872; x_wconf 92' lang='lat' dir='ltr'><strong>iu</strong></span> <span class='ocrx_word' id='word_1_231' title='bbox 2461 1817 2759 1882; x_wconf 85' lang='lat' dir='ltr'><strong>Christum,</strong></span> <span class='ocrx_word' id='word_1_232' title='bbox 2792 1824 3038 1871; x_wconf 83' lang='lat' dir='ltr'><strong>vocatus.</strong></span> <span class='ocrx_word' id='word_1_233' title='bbox 3075 1814 3175 1881; x_wconf 84' lang='lat' dir='ltr'><strong>Qui</strong></span> <span class='ocrx_word' id='word_1_234' title='bbox 3205 1815 3349 1869; x_wconf 91' lang='lat' dir='ltr'><strong>enim</strong></span> <span class='ocrx_word' id='word_1_235' title='bbox 3382 1813 3520 1867; x_wconf 85' lang='lat' dir='ltr'><strong>alios</strong></span> 
     </span>
    </p>
   </div>
   <div class='ocr_carea' id='block_1_33' title="bbox 3407 407 3588 464">
    <p class='ocr_par' dir='ltr' id='par_1_33' title="bbox 3407 407 3588 464">
     <span class='ocr_line' id='line_1_33' title="bbox 3407 407 3588 464; baseline 0 -1"><span class='ocrx_word' id='word_1_236' title='bbox 3407 407 3515 464; x_wconf 73' lang='grc'><strong>450</strong></span> <span class='ocrx_word' id='word_1_237' title='bbox 3585 429 3588 434; x_wconf 93' lang='grc'><strong>·</strong></span> 
     </span>
    </p>
   </div>
   <div class='ocr_carea' id='block_1_34' title="bbox 235 1879 1840 1981">
    <p class='ocr_par' dir='ltr' id='par_1_34' title="bbox 235 1907 1832 1981">
     <span class='ocr_line' id='line_1_34' title="bbox 235 1907 1832 1981; baseline -0.002 -17"><span class='ocrx_word' id='word_1_238' title='bbox 235 1910 520 1981; x_wconf 75' lang='grc' dir='ltr'>πολύχουν</span> <span class='ocrx_word' id='word_1_239' title='bbox 551 1907 716 1964; x_wconf 82' lang='grc' dir='ltr'>αὑτοῦ</span> <span class='ocrx_word' id='word_1_240' title='bbox 745 1908 833 1962; x_wconf 69' lang='grc' dir='ltr'><strong>διὰ</strong></span> <span class='ocrx_word' id='word_1_241' title='bbox 862 1907 1053 1962; x_wconf 83' lang='grc' dir='ltr'>τούτου</span> <span class='ocrx_word' id='word_1_242' title='bbox 1092 1907 1396 1979; x_wconf 86' lang='grc' dir='ltr'>σημαίνων.</span> <span class='ocrx_word' id='word_1_243' title='bbox 1432 1908 1464 1978; x_wconf 77' lang='grc' dir='ltr'>ἢ</span> <span class='ocrx_word' id='word_1_244' title='bbox 1497 1908 1578 1962; x_wconf 78' lang='grc' dir='ltr'>ὅτι</span> <span class='ocrx_word' id='word_1_245' title='bbox 1612 1908 1832 1977; x_wconf 85' lang='grc' dir='ltr'>γέγονεν</span> 
     </span>
    </p>
   </div>
   <div class='ocr_carea' id='block_1_35' title="bbox 1942 1879 3522 1981">
    <p class='ocr_par' dir='ltr' id='par_1_35' title="bbox 1942 1908 3522 1976">
     <span class='ocr_line' id='line_1_35' title="bbox 1942 1908 3522 1976; baseline -0.006 -7"><span class='ocrx_word' id='word_1_246' title='bbox 1942 1928 2127 1970; x_wconf 88' lang='lat' dir='ltr'><strong>omnes</strong></span> <span class='ocrx_word' id='word_1_247' title='bbox 2184 1911 2506 1968; x_wconf 75' lang='lat' dir='ltr'><strong>idololatria:</strong></span> <span class='ocrx_word' id='word_1_248' title='bbox 2555 1910 2760 1965; x_wconf 73' lang='lat' dir='ltr'><strong>scelere</strong></span> <span class='ocrx_word' id='word_1_249' title='bbox 2799 1908 2928 1962; x_wconf 89' lang='lat' dir='ltr'><strong>olim</strong></span> <span class='ocrx_word' id='word_1_250' title='bbox 2984 1916 3337 1976; x_wconf 85' lang='lat' dir='ltr'><strong>superarunt,</strong></span> <span class='ocrx_word' id='word_1_251' title='bbox 3378 1919 3522 1960; x_wconf 93' lang='lat' dir='ltr'><strong>nunc</strong></span> 
     </span>
    </p>
   </div>
   <div class='ocr_carea' id='block_1_36' title="bbox 235 1995 1840 2078">
    <p class='ocr_par' dir='ltr' id='par_1_36' title="bbox 235 1995 1830 2069">
     <span class='ocr_line' id='line_1_36' title="bbox 235 1995 1830 2069; baseline 0.001 -17"><span class='ocrx_word' id='word_1_252' title='bbox 235 1999 530 2068; x_wconf 73' lang='grc' dir='ltr'>εὐδόκιμος</span> <span class='ocrx_word' id='word_1_253' title='bbox 563 1995 894 2067; x_wconf 78' lang='grc' dir='ltr'>κεκλημένος</span> <span class='ocrx_word' id='word_1_254' title='bbox 923 1995 1012 2050; x_wconf 75' lang='grc' dir='ltr'><strong>διὰ</strong></span> <span class='ocrx_word' id='word_1_255' title='bbox 1047 1997 1284 2061; x_wconf 87' lang='grc' dir='ltr'>πίστεως</span> <span class='ocrx_word' id='word_1_256' title='bbox 1322 1997 1424 2068; x_wconf 81' lang='grc' dir='ltr'>τῆς</span> <span class='ocrx_word' id='word_1_257' title='bbox 1456 1999 1536 2062; x_wconf 85' lang='grc' dir='ltr'><strong>είς</strong></span> <span class='ocrx_word' id='word_1_258' title='bbox 1573 1997 1830 2069; x_wconf 85' lang='grc' dir='ltr'>Χριστόν.</span> 
     </span>
    </p>
   </div>
   <div class='ocr_carea' id='block_1_37' title="bbox 1942 1995 3522 2078">
    <p class='ocr_par' dir='ltr' id='par_1_37' title="bbox 1942 1997 3522 2078">
     <span class='ocr_line' id='line_1_37' title="bbox 1942 1997 3522 2078; baseline -0.006 -18"><span class='ocrx_word' id='word_1_259' title='bbox 1942 2005 2340 2078; x_wconf 72' lang='lat' dir='ltr'><strong>prtestantiores</strong></span> <span class='ocrx_word' id='word_1_260' title='bbox 2361 2013 2490 2059; x_wconf 90' lang='lat' dir='ltr'><strong>sunt</strong></span> <span class='ocrx_word' id='word_1_261' title='bbox 2514 2003 2696 2056; x_wconf 81' lang='lat' dir='ltr'><strong>multis</strong></span> <span class='ocrx_word' id='word_1_262' title='bbox 2723 2010 2775 2056; x_wconf 90' lang='lat' dir='ltr'><strong>et</strong></span> <span class='ocrx_word' id='word_1_263' title='bbox 2806 2000 3206 2070; x_wconf 85' lang='lat' dir='ltr'><strong>prudentiores,</strong></span> <span class='ocrx_word' id='word_1_264' title='bbox 3261 2009 3316 2054; x_wconf 90' lang='lat' dir='ltr'><strong>et</strong></span> <span class='ocrx_word' id='word_1_265' title='bbox 3347 1997 3522 2052; x_wconf 79' lang='lat' dir='ltr'><strong>inten-</strong></span> 
     </span>
    </p>
   </div>
   <div class='ocr_carea' id='block_1_38' title="bbox 237 2087 1840 2160">
    <p class='ocr_par' dir='ltr' id='par_1_38' title="bbox 237 2087 1835 2160">
     <span class='ocr_line' id='line_1_38' title="bbox 237 2087 1835 2160; baseline 0.001 -19"><span class='ocrx_word' id='word_1_266' title='bbox 237 2089 306 2141; x_wconf 87' lang='lat' dir='ltr'><strong>Oi.</strong></span> <span class='ocrx_word' id='word_1_267' title='bbox 339 2087 451 2158; x_wconf 78' lang='grc' dir='ltr'>γὰρ</span> <span class='ocrx_word' id='word_1_268' title='bbox 481 2087 604 2150; x_wconf 86' lang='grc' dir='ltr'>τοὺς</span> <span class='ocrx_word' id='word_1_269' title='bbox 631 2087 824 2152; x_wconf 81' lang='grc' dir='ltr'>ἄλλους</span> <span class='ocrx_word' id='word_1_270' title='bbox 854 2087 1098 2152; x_wconf 75' lang='grc' dir='ltr'>ἅπαντας</span> <span class='ocrx_word' id='word_1_271' title='bbox 1123 2087 1382 2151; x_wconf 83' lang='grc' dir='ltr'>νικῶντές</span> <span class='ocrx_word' id='word_1_272' title='bbox 1417 2105 1551 2142; x_wconf 85' lang='grc' dir='ltr'>ποτε</span> <span class='ocrx_word' id='word_1_273' title='bbox 1599 2089 1737 2160; x_wconf 81' lang='grc' dir='ltr'>πρὸς</span> <span class='ocrx_word' id='word_1_274' title='bbox 1765 2089 1835 2142; x_wconf 74' lang='grc' dir='ltr'>τὰ</span> 
     </span>
    </p>
   </div>
   <div class='ocr_carea' id='block_1_39' title="bbox 1942 2087 3518 2160">
    <p class='ocr_par' dir='ltr' id='par_1_39' title="bbox 1942 2088 3518 2157">
     <span class='ocr_line' id='line_1_39' title="bbox 1942 2088 3518 2157; baseline -0.01 -1"><span class='ocrx_word' id='word_1_275' title='bbox 1942 2100 2148 2157; x_wconf 80' lang='lat' dir='ltr'><strong>sissima</strong></span> <span class='ocrx_word' id='word_1_276' title='bbox 2205 2098 2258 2151; x_wconf 93' lang='lat' dir='ltr'><strong>in</strong></span> <span class='ocrx_word' id='word_1_277' title='bbox 2308 2096 2588 2152; x_wconf 84' lang='lat' dir='ltr'><strong>Christum</strong></span> <span class='ocrx_word' id='word_1_278' title='bbox 2649 2094 2942 2154; x_wconf 87' lang='lat' dir='ltr'><strong>charitate,</strong></span> <span class='ocrx_word' id='word_1_279' title='bbox 2991 2101 3048 2144; x_wconf 90' lang='lat' dir='ltr'><strong>et</strong></span> <span class='ocrx_word' id='word_1_280' title='bbox 3079 2090 3144 2144; x_wconf 90' lang='lat' dir='ltr'><strong>ad</strong></span> <span class='ocrx_word' id='word_1_281' title='bbox 3171 2089 3352 2144; x_wconf 82' lang='lat' dir='ltr'><strong>omnia</strong></span> <span class='ocrx_word' id='word_1_282' title='bbox 3380 2088 3518 2142; x_wconf 81' lang='lat' dir='ltr'><strong>bona</strong></span> 
     </span>
    </p>
   </div>
   <div class='ocr_carea' id='block_1_40' title="bbox 236 2178 1840 2255">
    <p class='ocr_par' dir='ltr' id='par_1_40' title="bbox 236 2178 1834 2252">
     <span class='ocr_line' id='line_1_40' title="bbox 236 2178 1834 2252; baseline 0.002 -20"><span class='ocrx_word' id='word_1_283' title='bbox 236 2180 346 2248; x_wconf 84' lang='grc' dir='ltr'>τῆς</span> <span class='ocrx_word' id='word_1_284' title='bbox 402 2178 846 2252; x_wconf 85' lang='grc' dir='ltr'>είδωλολατρείας</span> <span class='ocrx_word' id='word_1_285' title='bbox 897 2179 1239 2249; x_wconf 72' lang='grc' dir='ltr'>ἐγκλήματα,</span> <span class='ocrx_word' id='word_1_286' title='bbox 1300 2179 1396 2233; x_wconf 77' lang='grc' dir='ltr'><strong>νῦν</strong></span> <span class='ocrx_word' id='word_1_287' title='bbox 1445 2183 1584 2234; x_wconf 74' lang='grc' dir='ltr'>εἰσιν</span> <span class='ocrx_word' id='word_1_288' title='bbox 1624 2180 1834 2236; x_wconf 82' lang='grc' dir='ltr'>πολλῶν</span> 
     </span>
    </p>
   </div>
   <div class='ocr_carea' id='block_1_41' title="bbox 1942 2178 3524 2255">
    <p class='ocr_par' dir='ltr' id='par_1_41' title="bbox 1942 2178 3524 2255">
     <span class='ocr_line' id='line_1_41' title="bbox 1942 2178 3524 2255; baseline -0.011 -7"><span class='ocrx_word' id='word_1_289' title='bbox 1942 2190 2248 2248; x_wconf 76' lang='lat' dir='ltr'><strong>fortitudine</strong></span> <span class='ocrx_word' id='word_1_290' title='bbox 2283 2204 2349 2242; x_wconf 87' lang='lat' dir='ltr'><strong>ac</strong></span> <span class='ocrx_word' id='word_1_291' title='bbox 2389 2188 2608 2242; x_wconf 87' lang='lat' dir='ltr'><strong>tidentia</strong></span> <span class='ocrx_word' id='word_1_292' title='bbox 2651 2185 2880 2255; x_wconf 67' lang='lat' dir='ltr'><strong>praediti.</strong></span> <span class='ocrx_word' id='word_1_293' title='bbox 2915 2182 3012 2237; x_wconf 87' lang='lat' dir='ltr'><strong>Ubi</strong></span> <span class='ocrx_word' id='word_1_294' title='bbox 3053 2180 3198 2236; x_wconf 91' lang='lat' dir='ltr'><strong>enim</strong></span> <span class='ocrx_word' id='word_1_295' title='bbox 3231 2178 3524 2234; x_wconf 82' lang='lat' dir='ltr'><strong>abundavit</strong></span> 
     </span>
    </p>
   </div>
   <div class='ocr_carea' id='block_1_42' title="bbox 238 2270 1840 2357">
    <p class='ocr_par' dir='ltr' id='par_1_42' title="bbox 238 2271 1836 2346">
     <span class='ocr_line' id='line_1_42' title="bbox 238 2271 1836 2346; baseline 0.001 -21"><span class='ocrx_word' id='word_1_296' title='bbox 238 2273 503 2342; x_wconf 81' lang='grc' dir='ltr'>ἀμείνους</span> <span class='ocrx_word' id='word_1_297' title='bbox 533 2273 628 2326; x_wconf 77' lang='grc' dir='ltr'>καὶ</span> <span class='ocrx_word' id='word_1_298' title='bbox 667 2271 1042 2343; x_wconf 76' lang='grc' dir='ltr'><strong>συνετώτεροι,</strong></span> <span class='ocrx_word' id='word_1_299' title='bbox 1079 2271 1172 2326; x_wconf 76' lang='grc' dir='ltr'>καὶ</span> <span class='ocrx_word' id='word_1_300' title='bbox 1215 2273 1591 2345; x_wconf 78' lang='grc' dir='ltr'><strong>ἀκμαιοτάτην</strong></span> <span class='ocrx_word' id='word_1_301' title='bbox 1620 2274 1836 2346; x_wconf 77' lang='grc' dir='ltr'>ἔχοντες</span> 
     </span>
    </p>
   </div>
   <div class='ocr_carea' id='block_1_43' title="bbox 1942 2270 3523 2357">
    <p class='ocr_par' dir='ltr' id='par_1_43' title="bbox 1942 2270 3523 2357">
     <span class='ocr_line' id='line_1_43' title="bbox 1942 2270 3523 2357; baseline -0.013 -17"><span class='ocrx_word' id='word_1_302' title='bbox 1942 2294 2247 2357; x_wconf 82' lang='lat' dir='ltr'><strong>peceatum,</strong></span> <span class='ocrx_word' id='word_1_303' title='bbox 2287 2281 2448 2352; x_wconf 70' lang='grc'><strong>281</strong></span> <span class='ocrx_word' id='word_1_304' title='bbox 2481 2277 2937 2349; x_wconf 64' lang='lat' dir='ltr'><strong>superabundavit</strong></span> <span class='ocrx_word' id='word_1_305' title='bbox 2960 2273 3132 2344; x_wconf 79' lang='lat' dir='ltr'><strong>gratia</strong></span> <span class='ocrx_word' id='word_1_306' title='bbox 3160 2271 3226 2332; x_wconf 73' lang='grc'><strong>⁵⁸.</strong></span> <span class='ocrx_word' id='word_1_307' title='bbox 3259 2270 3362 2328; x_wconf 87' lang='lat' dir='ltr'><strong>Ubi</strong></span> <span class='ocrx_word' id='word_1_308' title='bbox 3393 2285 3523 2340; x_wconf 81' lang='lat' dir='ltr'><strong>ergo</strong></span> 
     </span>
    </p>
   </div>
   <div class='ocr_carea' id='block_1_44' title="bbox 237 2361 1840 2438">
    <p class='ocr_par' dir='ltr' id='par_1_44' title="bbox 237 2364 1836 2436">
     <span class='ocr_line' id='line_1_44' title="bbox 237 2364 1836 2436; baseline 0.003 -20"><span class='ocrx_word' id='word_1_309' title='bbox 237 2366 344 2436; x_wconf 79' lang='grc' dir='ltr'><strong>τὴν</strong></span> <span class='ocrx_word' id='word_1_310' title='bbox 375 2367 456 2428; x_wconf 80' lang='grc' dir='ltr'>εἰς</span> <span class='ocrx_word' id='word_1_311' title='bbox 483 2365 716 2434; x_wconf 81' lang='grc' dir='ltr'>Χριστὸν</span> <span class='ocrx_word' id='word_1_312' title='bbox 744 2364 986 2436; x_wconf 83' lang='grc' dir='ltr'>ἀγάπην,</span> <span class='ocrx_word' id='word_1_313' title='bbox 1017 2365 1107 2418; x_wconf 72' lang='grc' dir='ltr'>καὶ</span> <span class='ocrx_word' id='word_1_314' title='bbox 1140 2365 1240 2436; x_wconf 79' lang='grc' dir='ltr'>τὴν</span> <span class='ocrx_word' id='word_1_315' title='bbox 1262 2367 1342 2428; x_wconf 86' lang='grc' dir='ltr'><strong>είς</strong></span> <span class='ocrx_word' id='word_1_316' title='bbox 1377 2367 1484 2420; x_wconf 81' lang='grc' dir='ltr'><strong>πᾶν</strong></span> <span class='ocrx_word' id='word_1_317' title='bbox 1514 2366 1694 2422; x_wconf 80' lang='grc' dir='ltr'>ὁτιοῦν</span> <span class='ocrx_word' id='word_1_318' title='bbox 1727 2366 1836 2424; x_wconf 90' lang='grc' dir='ltr'><strong>τῶν</strong></span> 
     </span>
    </p>
   </div>
   <div class='ocr_carea' id='block_1_45' title="bbox 1942 2361 3521 2438">
    <p class='ocr_par' dir='ltr' id='par_1_45' title="bbox 1942 2361 3521 2438">
     <span class='ocr_line' id='line_1_45' title="bbox 1942 2361 3521 2438; baseline -0.011 -6"><span class='ocrx_word' id='word_1_319' title='bbox 1942 2379 2171 2432; x_wconf 78' lang='lat' dir='ltr'><strong>fructum</strong></span> <span class='ocrx_word' id='word_1_320' title='bbox 2202 2375 2411 2430; x_wconf 78' lang='lat' dir='ltr'><strong>ferent?</strong></span> <span class='ocrx_word' id='word_1_321' title='bbox 2441 2374 2496 2427; x_wconf 93' lang='lat' dir='ltr'><strong>ln</strong></span> <span class='ocrx_word' id='word_1_322' title='bbox 2529 2373 2670 2436; x_wconf 90' lang='lat' dir='ltr'><strong>loco,</strong></span> <span class='ocrx_word' id='word_1_323' title='bbox 2703 2367 2900 2438; x_wconf 87' lang='lat' dir='ltr'><strong>inquit,</strong></span> <span class='ocrx_word' id='word_1_324' title='bbox 2939 2367 3028 2420; x_wconf 92' lang='lat' dir='ltr'><strong>ubi</strong></span> <span class='ocrx_word' id='word_1_325' title='bbox 3082 2379 3278 2420; x_wconf 84' lang='lat' dir='ltr'><strong>nomen</strong></span> <span class='ocrx_word' id='word_1_326' title='bbox 3308 2361 3521 2418; x_wconf 87' lang='lat' dir='ltr'><strong>Domini</strong></span> 
     </span>
    </p>
   </div>
   <div class='ocr_carea' id='block_1_46' title="bbox 237 2449 1840 2531">
    <p class='ocr_par' dir='ltr' id='par_1_46' title="bbox 237 2449 1834 2531">
     <span class='ocr_line' id='line_1_46' title="bbox 237 2449 1834 2531; baseline 0.003 -22"><span class='ocrx_word' id='word_1_327' title='bbox 237 2457 472 2526; x_wconf 78' lang='grc' dir='ltr'>ἀγαθῶν</span> <span class='ocrx_word' id='word_1_328' title='bbox 519 2457 828 2527; x_wconf 81' lang='grc' dir='ltr'>εὐτολμίαν.</span> <span class='ocrx_word' id='word_1_329' title='bbox 872 2449 950 2510; x_wconf 74' lang='grc' dir='ltr'><strong>Οὗ</strong></span> <span class='ocrx_word' id='word_1_330' title='bbox 987 2455 1096 2528; x_wconf 81' lang='grc' dir='ltr'><strong>γὰρ</strong></span> <span class='ocrx_word' id='word_1_331' title='bbox 1132 2457 1457 2514; x_wconf 81' lang='grc' dir='ltr'>ἐπλεόνασεν</span> <span class='ocrx_word' id='word_1_332' title='bbox 1499 2461 1532 2531; x_wconf 83' lang='grc' dir='ltr'><strong>ὴ</strong></span> <span class='ocrx_word' id='word_1_333' title='bbox 1571 2461 1834 2531; x_wconf 80' lang='grc' dir='ltr'>ἁμαρτία,</span> 
     </span>
    </p>
   </div>
   <div class='ocr_carea' id='block_1_47' title="bbox 1942 2449 3525 2531">
    <p class='ocr_par' dir='ltr' id='par_1_47' title="bbox 1942 2455 3525 2526">
     <span class='ocr_line' id='line_1_47' title="bbox 1942 2455 3525 2526; baseline -0.009 -3"><span class='ocrx_word' id='word_1_334' title='bbox 1942 2468 2179 2523; x_wconf 85' lang='lat' dir='ltr'><strong>Sabaoth</strong></span> <span class='ocrx_word' id='word_1_335' title='bbox 2209 2467 2516 2526; x_wconf 79' lang='lat' dir='ltr'><strong>invocatum</strong></span> <span class='ocrx_word' id='word_1_336' title='bbox 2559 2471 2643 2519; x_wconf 87' lang='lat' dir='ltr'><strong>est</strong></span> <span class='ocrx_word' id='word_1_337' title='bbox 2675 2477 2830 2515; x_wconf 84' lang='lat' dir='ltr'><strong>mons</strong></span> <span class='ocrx_word' id='word_1_338' title='bbox 2854 2460 3008 2521; x_wconf 84' lang='lat' dir='ltr'><strong>Sion,</strong></span> <span class='ocrx_word' id='word_1_339' title='bbox 3039 2457 3090 2514; x_wconf 88' lang='lat' dir='ltr'><strong>id</strong></span> <span class='ocrx_word' id='word_1_340' title='bbox 3119 2465 3229 2521; x_wconf 86' lang='lat' dir='ltr'><strong>est,</strong></span> <span class='ocrx_word' id='word_1_341' title='bbox 3258 2455 3312 2512; x_wconf 89' lang='lat' dir='ltr'><strong>itt</strong></span> <span class='ocrx_word' id='word_1_342' title='bbox 3343 2462 3525 2512; x_wconf 83' lang='lat' dir='ltr'><strong>monte</strong></span> 
     </span>
    </p>
   </div>
   <div class='ocr_carea' id='block_1_48' title="bbox 241 2546 1840 2628">
    <p class='ocr_par' dir='ltr' id='par_1_48' title="bbox 241 2546 1838 2624">
     <span class='ocr_line' id='line_1_48' title="bbox 241 2546 1838 2624; baseline 0.003 -23"><span class='ocrx_word' id='word_1_343' title='bbox 241 2548 436 2618; x_wconf 78' lang='grc' dir='ltr'>φησὶν,</span> <span class='ocrx_word' id='word_1_344' title='bbox 457 2546 1068 2621; x_wconf 80' lang='grc' dir='ltr'>ὑπερεπερι[ἐ]σσευσεν</span> <span class='ocrx_word' id='word_1_345' title='bbox 1102 2551 1136 2621; x_wconf 77' lang='grc' dir='ltr'>ἡ</span> <span class='ocrx_word' id='word_1_346' title='bbox 1157 2550 1336 2622; x_wconf 85' lang='grc' dir='ltr'>χάρις.</span> <span class='ocrx_word' id='word_1_347' title='bbox 1370 2549 1478 2606; x_wconf 80' lang='grc' dir='ltr'><strong>Ποῦ</strong></span> <span class='ocrx_word' id='word_1_348' title='bbox 1494 2553 1672 2606; x_wconf 82' lang='grc' dir='ltr'>τοίνυν</span> <span class='ocrx_word' id='word_1_349' title='bbox 1703 2571 1838 2624; x_wconf 82' lang='grc' dir='ltr'>καρ-</span> 
     </span>
    </p>
   </div>
   <div class='ocr_carea' id='block_1_49' title="bbox 1942 2546 3522 2628">
    <p class='ocr_par' dir='ltr' id='par_1_49' title="bbox 1942 2550 3522 2628">
     <span class='ocr_line' id='line_1_49' title="bbox 1942 2550 3522 2628; baseline -0.01 -9"><span class='ocrx_word' id='word_1_350' title='bbox 1942 2565 2098 2628; x_wconf 83' lang='lat' dir='ltr'><strong>Sion,</strong></span> <span class='ocrx_word' id='word_1_351' title='bbox 2128 2563 2216 2617; x_wconf 91' lang='lat' dir='ltr'><strong>ubi</strong></span> <span class='ocrx_word' id='word_1_352' title='bbox 2267 2563 2572 2616; x_wconf 90' lang='lat' dir='ltr'><strong>invocatum</strong></span> <span class='ocrx_word' id='word_1_353' title='bbox 2619 2569 2701 2612; x_wconf 88' lang='lat' dir='ltr'><strong>est</strong></span> <span class='ocrx_word' id='word_1_354' title='bbox 2748 2571 2942 2611; x_wconf 87' lang='lat' dir='ltr'><strong>nomen</strong></span> <span class='ocrx_word' id='word_1_355' title='bbox 3003 2553 3214 2608; x_wconf 89' lang='lat' dir='ltr'><strong>Domini</strong></span> <span class='ocrx_word' id='word_1_356' title='bbox 3261 2550 3522 2606; x_wconf 86' lang='lat' dir='ltr'><strong>Sabaoth.</strong></span> 
     </span>
    </p>
   </div>
   <div class='ocr_carea' id='block_1_50' title="bbox 243 2639 1840 2723">
    <p class='ocr_par' dir='ltr' id='par_1_50' title="bbox 243 2639 1838 2715">
     <span class='ocr_line' id='line_1_50' title="bbox 243 2639 1838 2715; baseline 0.004 -23"><span class='ocrx_word' id='word_1_357' title='bbox 243 2641 689 2711; x_wconf 57' lang='lat' dir='ltr'><strong>rtegaopﬁrrouotv;</strong></span> <span class='ocrx_word' id='word_1_358' title='bbox 714 2639 807 2704; x_wconf 85' lang='grc' dir='ltr'>Είς</span> <span class='ocrx_word' id='word_1_359' title='bbox 836 2639 926 2694; x_wconf 81' lang='grc' dir='ltr'><strong>τὸν</strong></span> <span class='ocrx_word' id='word_1_360' title='bbox 943 2640 1128 2706; x_wconf 83' lang='grc' dir='ltr'>τόπον,</span> <span class='ocrx_word' id='word_1_361' title='bbox 1158 2643 1344 2712; x_wconf 66' lang='grc' dir='ltr'>φησιν.</span> <span class='ocrx_word' id='word_1_362' title='bbox 1371 2639 1432 2698; x_wconf 77' lang='grc' dir='ltr'>οὗ</span> <span class='ocrx_word' id='word_1_363' title='bbox 1452 2643 1512 2698; x_wconf 80' lang='grc' dir='ltr'>τὸ</span> <span class='ocrx_word' id='word_1_364' title='bbox 1536 2644 1705 2715; x_wconf 78' lang='grc' dir='ltr'>ὄνομα</span> <span class='ocrx_word' id='word_1_365' title='bbox 1733 2646 1838 2698; x_wconf 83' lang='grc' dir='ltr'><strong>Κυ·</strong></span> 
     </span>
    </p>
   </div>
   <div class='ocr_carea' id='block_1_51' title="bbox 1942 2639 3521 2723">
    <p class='ocr_par' dir='ltr' id='par_1_51' title="bbox 1943 2643 3521 2723">
     <span class='ocr_line' id='line_1_51' title="bbox 1943 2643 3521 2723; baseline -0.008 -14"><span class='ocrx_word' id='word_1_366' title='bbox 1943 2655 2095 2711; x_wconf 89' lang='lat' dir='ltr'><strong>Unde</strong></span> <span class='ocrx_word' id='word_1_367' title='bbox 2139 2652 2416 2723; x_wconf 81' lang='lat' dir='ltr'><strong>signiﬁcat</strong></span> <span class='ocrx_word' id='word_1_368' title='bbox 2460 2650 2778 2712; x_wconf 70' lang='lat' dir='ltr'><strong>Ecclesiam,</strong></span> <span class='ocrx_word' id='word_1_369' title='bbox 2828 2663 3082 2717; x_wconf 76' lang='lat' dir='ltr'><strong>magnum</strong></span> <span class='ocrx_word' id='word_1_370' title='bbox 3124 2657 3180 2702; x_wconf 87' lang='lat' dir='ltr'><strong>et</strong></span> <span class='ocrx_word' id='word_1_371' title='bbox 3223 2643 3521 2716; x_wconf 81' lang='lat' dir='ltr'><strong>spiritalem</strong></span> 
     </span>
    </p>
   </div>
   <div class='ocr_carea' id='block_1_52' title="bbox 242 2731 1840 2807">
    <p class='ocr_par' dir='ltr' id='par_1_52' title="bbox 242 2731 1840 2804">
     <span class='ocr_line' id='line_1_52' title="bbox 242 2731 1840 2804; baseline 0.004 -20"><span class='ocrx_word' id='word_1_372' title='bbox 242 2732 368 2803; x_wconf 81' lang='grc' dir='ltr'>ρίου</span> <span class='ocrx_word' id='word_1_373' title='bbox 395 2731 622 2785; x_wconf 78' lang='grc' dir='ltr'>Σαϐαὼθ</span> <span class='ocrx_word' id='word_1_374' title='bbox 663 2732 940 2804; x_wconf 76' lang='grc' dir='ltr'><strong>ἐπεκλήθη</strong></span> <span class='ocrx_word' id='word_1_375' title='bbox 988 2733 1118 2804; x_wconf 77' lang='grc' dir='ltr'>ὅρος</span> <span class='ocrx_word' id='word_1_376' title='bbox 1168 2733 1327 2797; x_wconf 88' lang='grc' dir='ltr'>Σιὼν,</span> <span class='ocrx_word' id='word_1_377' title='bbox 1362 2735 1508 2790; x_wconf 82' lang='grc' dir='ltr'>τοῦτ’</span> <span class='ocrx_word' id='word_1_378' title='bbox 1545 2737 1726 2799; x_wconf 76' lang='grc' dir='ltr'>ἐστιν,</span> <span class='ocrx_word' id='word_1_379' title='bbox 1758 2739 1840 2802; x_wconf 80' lang='grc' dir='ltr'><strong>είς</strong></span> 
     </span>
    </p>
   </div>
   <div class='ocr_carea' id='block_1_53' title="bbox 1942 2731 3526 2807">
    <p class='ocr_par' dir='ltr' id='par_1_53' title="bbox 1945 2736 3526 2807">
     <span class='ocr_line' id='line_1_53' title="bbox 1945 2736 3526 2807; baseline -0.008 -7"><span class='ocrx_word' id='word_1_380' title='bbox 1945 2755 2182 2801; x_wconf 81' lang='lat' dir='ltr'><strong>montem</strong></span> <span class='ocrx_word' id='word_1_381' title='bbox 2218 2761 2233 2798; x_wconf 87' lang='lat'>:</span> <span class='ocrx_word' id='word_1_382' title='bbox 2267 2742 2398 2796; x_wconf 91' lang='lat' dir='ltr'><strong>nihil</strong></span> <span class='ocrx_word' id='word_1_383' title='bbox 2435 2741 2580 2797; x_wconf 80' lang='lat' dir='ltr'><strong>eltlttt</strong></span> <span class='ocrx_word' id='word_1_384' title='bbox 2614 2742 2668 2794; x_wconf 89' lang='lat' dir='ltr'><strong>in</strong></span> <span class='ocrx_word' id='word_1_385' title='bbox 2695 2756 2754 2793; x_wconf 81' lang='lat' dir='ltr'><strong>ea</strong></span> <span class='ocrx_word' id='word_1_386' title='bbox 2781 2739 3006 2805; x_wconf 79' lang='lat' dir='ltr'><strong>humile,</strong></span> <span class='ocrx_word' id='word_1_387' title='bbox 3033 2754 3137 2793; x_wconf 86' lang='lat' dir='ltr'><strong>non</strong></span> <span class='ocrx_word' id='word_1_388' title='bbox 3168 2736 3399 2807; x_wconf 81' lang='lat' dir='ltr'><strong>protrita</strong></span> <span class='ocrx_word' id='word_1_389' title='bbox 3431 2744 3526 2790; x_wconf 84' lang='lat' dir='ltr'><strong>aut</strong></span> 
     </span>
    </p>
   </div>
   <div class='ocr_carea' id='block_1_54' title="bbox 241 2822 1840 2904">
    <p class='ocr_par' dir='ltr' id='par_1_54' title="bbox 241 2822 1840 2898">
     <span class='ocr_line' id='line_1_54' title="bbox 241 2822 1840 2898; baseline 0.003 -22"><span class='ocrx_word' id='word_1_390' title='bbox 241 2824 307 2876; x_wconf 75' lang='grc' dir='ltr'>τὸ</span> <span class='ocrx_word' id='word_1_391' title='bbox 337 2824 464 2892; x_wconf 76' lang='grc' dir='ltr'>ὅρος</span> <span class='ocrx_word' id='word_1_392' title='bbox 492 2822 553 2875; x_wconf 81' lang='grc' dir='ltr'>τὸ</span> <span class='ocrx_word' id='word_1_393' title='bbox 583 2822 743 2886; x_wconf 86' lang='grc' dir='ltr'>Σιὼν,</span> <span class='ocrx_word' id='word_1_394' title='bbox 783 2823 912 2878; x_wconf 76' lang='grc' dir='ltr'>ἔνθα</span> <span class='ocrx_word' id='word_1_395' title='bbox 948 2825 1013 2878; x_wconf 84' lang='grc' dir='ltr'>ἂν</span> <span class='ocrx_word' id='word_1_396' title='bbox 1051 2825 1371 2897; x_wconf 79' lang='grc' dir='ltr'>ὲπικληθείη</span> <span class='ocrx_word' id='word_1_397' title='bbox 1420 2827 1482 2880; x_wconf 82' lang='grc' dir='ltr'>τὸ</span> <span class='ocrx_word' id='word_1_398' title='bbox 1519 2826 1691 2898; x_wconf 75' lang='grc' dir='ltr'>ὄνομα</span> <span class='ocrx_word' id='word_1_399' title='bbox 1724 2830 1840 2881; x_wconf 87' lang='grc' dir='ltr'><strong>Κυ-</strong></span> 
     </span>
    </p>
   </div>
   <div class='ocr_carea' id='block_1_55' title="bbox 1942 2822 3525 2904">
    <p class='ocr_par' dir='ltr' id='par_1_55' title="bbox 1942 2830 3525 2904">
     <span class='ocr_line' id='line_1_55' title="bbox 1942 2830 3525 2904; baseline -0.005 -16"><span class='ocrx_word' id='word_1_400' title='bbox 1942 2834 2178 2904; x_wconf 79' lang='lat' dir='ltr'><strong>proiecta</strong></span> <span class='ocrx_word' id='word_1_401' title='bbox 2228 2832 2504 2900; x_wconf 78' lang='lat' dir='ltr'><strong>dogmata,</strong></span> <span class='ocrx_word' id='word_1_402' title='bbox 2572 2830 2664 2884; x_wconf 86' lang='lat' dir='ltr'><strong>sed</strong></span> <span class='ocrx_word' id='word_1_403' title='bbox 2711 2830 2972 2898; x_wconf 76' lang='lat' dir='ltr'><strong>quidquid</strong></span> <span class='ocrx_word' id='word_1_404' title='bbox 3020 2837 3105 2883; x_wconf 86' lang='lat' dir='ltr'><strong>est</strong></span> <span class='ocrx_word' id='word_1_405' title='bbox 3152 2841 3406 2896; x_wconf 72' lang='lat' dir='ltr'><strong>magnum</strong></span> <span class='ocrx_word' id='word_1_406' title='bbox 3466 2833 3525 2880; x_wconf 80' lang='lat' dir='ltr'><strong>et</strong></span> 
     </span>
    </p>
   </div>
   <div class='ocr_carea' id='block_1_56' title="bbox 243 2914 1840 2992">
    <p class='ocr_par' dir='ltr' id='par_1_56' title="bbox 243 2914 1836 2992">
     <span class='ocr_line' id='line_1_56' title="bbox 243 2914 1836 2992; baseline 0.003 -24"><span class='ocrx_word' id='word_1_407' title='bbox 243 2916 368 2987; x_wconf 89' lang='grc' dir='ltr'>ρίου</span> <span class='ocrx_word' id='word_1_408' title='bbox 397 2914 644 2968; x_wconf 75' lang='grc' dir='ltr'>Σαϐαὼθ.</span> <span class='ocrx_word' id='word_1_409' title='bbox 670 2916 930 2988; x_wconf 88' lang='grc' dir='ltr'>Σημαίνει</span> <span class='ocrx_word' id='word_1_410' title='bbox 958 2918 1016 2971; x_wconf 79' lang='grc' dir='ltr'><strong>δὲ</strong></span> <span class='ocrx_word' id='word_1_411' title='bbox 1038 2919 1128 2974; x_wconf 79' lang='grc' dir='ltr'>διὰ</span> <span class='ocrx_word' id='word_1_412' title='bbox 1147 2920 1339 2975; x_wconf 74' lang='grc' dir='ltr'>τούτου</span> <span class='ocrx_word' id='word_1_413' title='bbox 1360 2922 1458 2992; x_wconf 73' lang='grc' dir='ltr'>τὴν</span> <span class='ocrx_word' id='word_1_414' title='bbox 1487 2920 1836 2992; x_wconf 83' lang='grc' dir='ltr'>Ἐκκλησίαν,</span> 
     </span>
    </p>
   </div>
   <div class='ocr_carea' id='block_1_57' title="bbox 1942 2914 3526 2992">
    <p class='ocr_par' dir='ltr' id='par_1_57' title="bbox 1942 2917 3526 2990">
     <span class='ocr_line' id='line_1_57' title="bbox 1942 2917 3526 2990; baseline -0.006 -11"><span class='ocrx_word' id='word_1_415' title='bbox 1942 2926 2238 2988; x_wconf 75' lang='lat' dir='ltr'><strong>excelsum,</strong></span> <span class='ocrx_word' id='word_1_416' title='bbox 2275 2939 2402 2978; x_wconf 82' lang='lat' dir='ltr'><strong>vera</strong></span> <span class='ocrx_word' id='word_1_417' title='bbox 2463 2922 2672 2977; x_wconf 83' lang='lat' dir='ltr'><strong>scilicet</strong></span> <span class='ocrx_word' id='word_1_418' title='bbox 2731 2921 2823 2975; x_wconf 90' lang='lat' dir='ltr'><strong>Dei</strong></span> <span class='ocrx_word' id='word_1_419' title='bbox 2887 2920 3144 2990; x_wconf 77' lang='lat' dir='ltr'><strong>cognitio,</strong></span> <span class='ocrx_word' id='word_1_420' title='bbox 3195 2927 3252 2973; x_wconf 90' lang='lat' dir='ltr'><strong>et</strong></span> <span class='ocrx_word' id='word_1_421' title='bbox 3299 2917 3526 2972; x_wconf 77' lang='lat' dir='ltr'><strong>illustris</strong></span> 
     </span>
    </p>
   </div>
   <div class='ocr_carea' id='block_1_58' title="bbox 243 3005 1840 3084">
    <p class='ocr_par' dir='ltr' id='par_1_58' title="bbox 243 3005 1840 3083">
     <span class='ocr_line' id='line_1_58' title="bbox 243 3005 1840 3083; baseline 0.006 -26"><span class='ocrx_word' id='word_1_422' title='bbox 243 3006 310 3057; x_wconf 76' lang='grc' dir='ltr'><strong>τὸ</strong></span> <span class='ocrx_word' id='word_1_423' title='bbox 346 3005 493 3076; x_wconf 83' lang='grc' dir='ltr'>μέγα</span> <span class='ocrx_word' id='word_1_424' title='bbox 525 3007 620 3060; x_wconf 77' lang='grc' dir='ltr'><strong>καὶ</strong></span> <span class='ocrx_word' id='word_1_425' title='bbox 647 3008 838 3080; x_wconf 86' lang='grc' dir='ltr'>νοητὸν</span> <span class='ocrx_word' id='word_1_426' title='bbox 863 3009 1010 3081; x_wconf 75' lang='grc' dir='ltr'>δροςο</span> <span class='ocrx_word' id='word_1_427' title='bbox 1043 3010 1322 3082; x_wconf 81' lang='grc' dir='ltr'>χθαμαλὸν</span> <span class='ocrx_word' id='word_1_428' title='bbox 1354 3012 1463 3083; x_wconf 84' lang='grc' dir='ltr'>γὰρ</span> <span class='ocrx_word' id='word_1_429' title='bbox 1488 3013 1641 3068; x_wconf 80' lang='grc' dir='ltr'>οὐδὲν</span> <span class='ocrx_word' id='word_1_430' title='bbox 1664 3014 1721 3066; x_wconf 81' lang='grc' dir='ltr'>ὲν</span> <span class='ocrx_word' id='word_1_431' title='bbox 1745 3013 1840 3067; x_wconf 86' lang='grc' dir='ltr'><strong>αὐ-</strong></span> 
     </span>
    </p>
   </div>
   <div class='ocr_carea' id='block_1_59' title="bbox 1942 3005 3526 3084">
    <p class='ocr_par' dir='ltr' id='par_1_59' title="bbox 1942 3009 3526 3084">
     <span class='ocr_line' id='line_1_59' title="bbox 1942 3009 3526 3084; baseline -0.006 -12"><span class='ocrx_word' id='word_1_432' title='bbox 1942 3016 2254 3072; x_wconf 84' lang='lat' dir='ltr'><strong>Servatoris</strong></span> <span class='ocrx_word' id='word_1_433' title='bbox 2281 3014 2451 3069; x_wconf 87' lang='lat' dir='ltr'><strong>nostri</strong></span> <span class='ocrx_word' id='word_1_434' title='bbox 2501 3012 2881 3084; x_wconf 81' lang='lat' dir='ltr'><strong>mysteriorum</strong></span> <span class='ocrx_word' id='word_1_435' title='bbox 2910 3010 3220 3080; x_wconf 77' lang='lat' dir='ltr'><strong>patefactio.</strong></span> <span class='ocrx_word' id='word_1_436' title='bbox 3256 3009 3387 3066; x_wconf 86' lang='lat' dir='ltr'><strong>Sion</strong></span> <span class='ocrx_word' id='word_1_437' title='bbox 3429 3024 3526 3063; x_wconf 79' lang='lat' dir='ltr'><strong>an-</strong></span> 
     </span>
    </p>
   </div>
   <div class='ocr_carea' id='block_1_60' title="bbox 245 3097 1840 3174">
    <p class='ocr_par' dir='ltr' id='par_1_60' title="bbox 245 3097 1840 3174">
     <span class='ocr_line' id='line_1_60' title="bbox 245 3097 1840 3174; baseline 0.006 -25"><span class='ocrx_word' id='word_1_438' title='bbox 245 3100 340 3168; x_wconf 83' lang='grc' dir='ltr'><strong>τῇ,</strong></span> <span class='ocrx_word' id='word_1_439' title='bbox 371 3097 489 3151; x_wconf 80' lang='grc' dir='ltr'>ἀλλ’</span> <span class='ocrx_word' id='word_1_440' title='bbox 517 3099 636 3153; x_wconf 80' lang='grc' dir='ltr'><strong>οὐδὲ</strong></span> <span class='ocrx_word' id='word_1_441' title='bbox 665 3100 774 3155; x_wconf 88' lang='grc' dir='ltr'><strong>τῶν</strong></span> <span class='ocrx_word' id='word_1_442' title='bbox 802 3101 1206 3172; x_wconf 79' lang='grc' dir='ltr'>πεπατημένων</span> <span class='ocrx_word' id='word_1_443' title='bbox 1233 3103 1540 3174; x_wconf 84' lang='grc' dir='ltr'>δογμάτων,</span> <span class='ocrx_word' id='word_1_444' title='bbox 1567 3104 1682 3158; x_wconf 75' lang='grc' dir='ltr'>ἀλλ’</span> <span class='ocrx_word' id='word_1_445' title='bbox 1711 3105 1766 3159; x_wconf 84' lang='grc' dir='ltr'><strong>εί</strong></span> <span class='ocrx_word' id='word_1_446' title='bbox 1786 3123 1840 3158; x_wconf 93' lang='grc' dir='ltr'><strong>τι</strong></span> 
     </span>
    </p>
   </div>
   <div class='ocr_carea' id='block_1_61' title="bbox 1942 3097 3527 3174">
    <p class='ocr_par' dir='ltr' id='par_1_61' title="bbox 1946 3101 3527 3174">
     <span class='ocr_line' id='line_1_61' title="bbox 1946 3101 3527 3174; baseline -0.006 -9"><span class='ocrx_word' id='word_1_447' title='bbox 1946 3120 2053 3165; x_wconf 91' lang='lat' dir='ltr'><strong>tem</strong></span> <span class='ocrx_word' id='word_1_448' title='bbox 2098 3118 2336 3161; x_wconf 87' lang='lat' dir='ltr'><strong>montem</strong></span> <span class='ocrx_word' id='word_1_449' title='bbox 2389 3105 2635 3161; x_wconf 87' lang='lat' dir='ltr'><strong>nominat</strong></span> <span class='ocrx_word' id='word_1_450' title='bbox 2665 3117 3041 3174; x_wconf 69' lang='lat' dir='ltr'><strong>saepenumero</strong></span> <span class='ocrx_word' id='word_1_451' title='bbox 3063 3101 3324 3156; x_wconf 84' lang='lat' dir='ltr'><strong>divinitus</strong></span> <span class='ocrx_word' id='word_1_452' title='bbox 3357 3101 3527 3170; x_wconf 79' lang='lat' dir='ltr'><strong>inspi-</strong></span> 
     </span>
    </p>
   </div>
   <div class='ocr_carea' id='block_1_62' title="bbox 249 3190 1840 3282">
    <p class='ocr_par' dir='ltr' id='par_1_62' title="bbox 249 3190 1840 3268">
     <span class='ocr_line' id='line_1_62' title="bbox 249 3190 1840 3268; baseline 0.005 -26"><span class='ocrx_word' id='word_1_453' title='bbox 249 3190 401 3259; x_wconf 72' lang='grc' dir='ltr'>μέγα</span> <span class='ocrx_word' id='word_1_454' title='bbox 455 3191 549 3244; x_wconf 71' lang='grc' dir='ltr'><strong>κού¹</strong></span> <span class='ocrx_word' id='word_1_455' title='bbox 596 3190 820 3263; x_wconf 75' lang='grc' dir='ltr'>ὑψηλὸν,</span> <span class='ocrx_word' id='word_1_456' title='bbox 865 3195 898 3263; x_wconf 81' lang='grc' dir='ltr'><strong>ἡ</strong></span> <span class='ocrx_word' id='word_1_457' title='bbox 949 3194 1078 3264; x_wconf 81' lang='grc' dir='ltr'>περὶ</span> <span class='ocrx_word' id='word_1_458' title='bbox 1111 3193 1248 3248; x_wconf 80' lang='grc' dir='ltr'>Θεοῦ</span> <span class='ocrx_word' id='word_1_459' title='bbox 1287 3195 1382 3249; x_wconf 81' lang='grc' dir='ltr'>τοῦ</span> <span class='ocrx_word' id='word_1_460' title='bbox 1432 3197 1552 3250; x_wconf 84' lang='grc' dir='ltr'>κατ’</span> <span class='ocrx_word' id='word_1_461' title='bbox 1580 3194 1840 3268; x_wconf 81' lang='grc' dir='ltr'>ἀλήθειαν</span> 
     </span>
    </p>
   </div>
   <div class='ocr_carea' id='block_1_63' title="bbox 1942 3190 3525 3282">
    <p class='ocr_par' dir='ltr' id='par_1_63' title="bbox 1948 3193 3525 3267">
     <span class='ocr_line' id='line_1_63' title="bbox 1948 3193 3525 3267; baseline -0.006 -12"><span class='ocrx_word' id='word_1_462' title='bbox 1948 3209 2063 3256; x_wconf 82' lang='lat' dir='ltr'><strong>rata</strong></span> <span class='ocrx_word' id='word_1_463' title='bbox 2090 3198 2394 3267; x_wconf 83' lang='lat' dir='ltr'><strong>Scriptura,</strong></span> <span class='ocrx_word' id='word_1_464' title='bbox 2450 3196 2748 3252; x_wconf 79' lang='lat' dir='ltr'><strong>Ecclesiam</strong></span> <span class='ocrx_word' id='word_1_465' title='bbox 2794 3194 3022 3258; x_wconf 84' lang='lat' dir='ltr'><strong>Christi,</strong></span> <span class='ocrx_word' id='word_1_466' title='bbox 3078 3193 3224 3248; x_wconf 84' lang='lat' dir='ltr'><strong>velut</strong></span> <span class='ocrx_word' id='word_1_467' title='bbox 3271 3209 3300 3248; x_wconf 90' lang='lat' dir='ltr'><strong>a</strong></span> <span class='ocrx_word' id='word_1_468' title='bbox 3353 3193 3525 3263; x_wconf 84' lang='lat' dir='ltr'><strong>prima</strong></span> 
     </span>
    </p>
   </div>
   <div class='ocr_carea' id='block_1_64' title="bbox 247 3282 1840 3360">
    <p class='ocr_par' dir='ltr' id='par_1_64' title="bbox 247 3282 1840 3360">
     <span class='ocr_line' id='line_1_64' title="bbox 247 3282 1840 3360; baseline 0.004 -25"><span class='ocrx_word' id='word_1_469' title='bbox 247 3282 456 3350; x_wconf 68' lang='grc' dir='ltr'>γνῶσις</span> <span class='ocrx_word' id='word_1_470' title='bbox 491 3282 754 3354; x_wconf 80' lang='grc' dir='ltr'>δηλονότι,</span> <span class='ocrx_word' id='word_1_471' title='bbox 799 3285 833 3356; x_wconf 80' lang='grc' dir='ltr'>ἡ</span> <span class='ocrx_word' id='word_1_472' title='bbox 877 3285 1107 3357; x_wconf 79' lang='grc' dir='ltr'>δήλωσίς</span> <span class='ocrx_word' id='word_1_473' title='bbox 1132 3303 1191 3340; x_wconf 89' lang='grc' dir='ltr'>τε</span> <span class='ocrx_word' id='word_1_474' title='bbox 1223 3288 1316 3340; x_wconf 67' lang='grc' dir='ltr'><strong>καὶ</strong></span> <span class='ocrx_word' id='word_1_475' title='bbox 1351 3288 1497 3358; x_wconf 83' lang='grc' dir='ltr'>μάλα</span> <span class='ocrx_word' id='word_1_476' title='bbox 1532 3288 1706 3360; x_wconf 79' lang='grc' dir='ltr'>σαφὴς</span> <span class='ocrx_word' id='word_1_477' title='bbox 1733 3289 1840 3342; x_wconf 92' lang='grc' dir='ltr'><strong>τῶν</strong></span> 
     </span>
    </p>
   </div>
   <div class='ocr_carea' id='block_1_65' title="bbox 1942 3282 3527 3360">
    <p class='ocr_par' dir='ltr' id='par_1_65' title="bbox 1950 3287 3527 3359">
     <span class='ocr_line' id='line_1_65' title="bbox 1950 3287 3527 3359; baseline -0.004 -13"><span class='ocrx_word' id='word_1_478' title='bbox 1950 3293 2238 3346; x_wconf 84' lang='lat' dir='ltr'><strong>nominans</strong></span> <span class='ocrx_word' id='word_1_479' title='bbox 2298 3289 2658 3359; x_wconf 84' lang='lat' dir='ltr'><strong>spiritualiter</strong></span> <span class='ocrx_word' id='word_1_480' title='bbox 2713 3289 2979 3342; x_wconf 87' lang='lat' dir='ltr'><strong>veriorem</strong></span> <span class='ocrx_word' id='word_1_481' title='bbox 3037 3287 3201 3350; x_wconf 89' lang='lat' dir='ltr'><strong>Sion,</strong></span> <span class='ocrx_word' id='word_1_482' title='bbox 3262 3287 3403 3356; x_wconf 86' lang='lat' dir='ltr'><strong>quod</strong></span> <span class='ocrx_word' id='word_1_483' title='bbox 3443 3294 3527 3340; x_wconf 85' lang='lat' dir='ltr'><strong>est</strong></span> 
     </span>
    </p>
   </div>
   <div class='ocr_carea' id='block_1_66' title="bbox 247 3373 1840 3452">
    <p class='ocr_par' dir='ltr' id='par_1_66' title="bbox 247 3373 1840 3450">
     <span class='ocr_line' id='line_1_66' title="bbox 247 3373 1840 3450; baseline 0.004 -22"><span class='ocrx_word' id='word_1_484' title='bbox 247 3373 351 3428; x_wconf 82' lang='grc' dir='ltr'>τοῦ</span> <span class='ocrx_word' id='word_1_485' title='bbox 375 3375 624 3447; x_wconf 85' lang='grc' dir='ltr'>Σωτῆρος</span> <span class='ocrx_word' id='word_1_486' title='bbox 648 3376 808 3446; x_wconf 80' lang='grc' dir='ltr'>ήμῶν</span> <span class='ocrx_word' id='word_1_487' title='bbox 834 3376 1171 3448; x_wconf 82' lang='grc' dir='ltr'>μυστηρίων.</span> <span class='ocrx_word' id='word_1_488' title='bbox 1203 3377 1340 3432; x_wconf 84' lang='grc' dir='ltr'><strong>Σιὼν</strong></span> <span class='ocrx_word' id='word_1_489' title='bbox 1361 3380 1416 3434; x_wconf 81' lang='grc' dir='ltr'><strong>δὲ</strong></span> <span class='ocrx_word' id='word_1_490' title='bbox 1439 3380 1564 3450; x_wconf 84' lang='grc' dir='ltr'>ὄρος</span> <span class='ocrx_word' id='word_1_491' title='bbox 1587 3381 1840 3449; x_wconf 76' lang='grc' dir='ltr'>ὀνομάζει</span> 
     </span>
    </p>
   </div>
   <div class='ocr_carea' id='block_1_67' title="bbox 1942 3373 3529 3452">
    <p class='ocr_par' dir='ltr' id='par_1_67' title="bbox 1946 3376 3529 3452">
     <span class='ocr_line' id='line_1_67' title="bbox 1946 3376 3529 3452; baseline -0.006 -14"><span class='ocrx_word' id='word_1_492' title='bbox 1946 3383 2159 3438; x_wconf 73' lang='lat' dir='ltr'><strong>excelsa</strong></span> <span class='ocrx_word' id='word_1_493' title='bbox 2191 3392 2246 3437; x_wconf 90' lang='lat' dir='ltr'><strong>et</strong></span> <span class='ocrx_word' id='word_1_494' title='bbox 2280 3381 2517 3452; x_wconf 86' lang='lat' dir='ltr'><strong>specula.</strong></span> <span class='ocrx_word' id='word_1_495' title='bbox 2566 3379 2914 3449; x_wconf 87' lang='lat' dir='ltr'><strong>luterjectum</strong></span> <span class='ocrx_word' id='word_1_496' title='bbox 2937 3387 3020 3434; x_wconf 88' lang='lat' dir='ltr'><strong>est</strong></span> <span class='ocrx_word' id='word_1_497' title='bbox 3047 3378 3241 3433; x_wconf 85' lang='lat' dir='ltr'><strong>deinde</strong></span> <span class='ocrx_word' id='word_1_498' title='bbox 3268 3378 3321 3432; x_wconf 83' lang='lat' dir='ltr'><strong>in</strong></span> <span class='ocrx_word' id='word_1_499' title='bbox 3352 3376 3529 3433; x_wconf 85' lang='lat' dir='ltr'><strong>medio</strong></span> 
     </span>
    </p>
   </div>
   <div class='ocr_carea' id='block_1_68' title="bbox 251 3467 1847 3545">
    <p class='ocr_par' dir='ltr' id='par_1_68' title="bbox 251 3467 1847 3545">
     <span class='ocr_line' id='line_1_68' title="bbox 251 3467 1847 3545; baseline 0.005 -25"><span class='ocrx_word' id='word_1_500' title='bbox 251 3467 577 3531; x_wconf 82' lang='grc' dir='ltr'>πλειστάκις</span> <span class='ocrx_word' id='word_1_501' title='bbox 625 3469 658 3539; x_wconf 81' lang='grc' dir='ltr'><strong>ἠ</strong></span> <span class='ocrx_word' id='word_1_502' title='bbox 706 3468 1063 3535; x_wconf 83' lang='grc' dir='ltr'>θεόπνευστος</span> <span class='ocrx_word' id='word_1_503' title='bbox 1115 3470 1306 3544; x_wconf 80' lang='grc' dir='ltr'>Γραφὴ</span> <span class='ocrx_word' id='word_1_504' title='bbox 1365 3473 1464 3545; x_wconf 88' lang='grc' dir='ltr'>τὴν</span> <span class='ocrx_word' id='word_1_505' title='bbox 1516 3471 1847 3545; x_wconf 80' lang='grc' dir='ltr'>Ἐκκλησίαν</span> 
     </span>
    </p>
   </div>
   <div class='ocr_carea' id='block_1_69' title="bbox 251 3559 1849 3638">
    <p class='ocr_par' dir='ltr' id='par_1_69' title="bbox 251 3559 1849 3638">
     <span class='ocr_line' id='line_1_69' title="bbox 251 3559 1849 3638; baseline 0.004 -24"><span class='ocrx_word' id='word_1_506' title='bbox 251 3559 519 3632; x_wconf 78' lang='grc' dir='ltr'>Χριστοῦ,</span> <span class='ocrx_word' id='word_1_507' title='bbox 543 3559 619 3624; x_wconf 86' lang='grc' dir='ltr'>ὡς</span> <span class='ocrx_word' id='word_1_508' title='bbox 650 3562 758 3618; x_wconf 81' lang='grc' dir='ltr'>ἀπό</span> <span class='ocrx_word' id='word_1_509' title='bbox 789 3579 854 3632; x_wconf 82' lang='grc' dir='ltr'><strong>γε</strong></span> <span class='ocrx_word' id='word_1_510' title='bbox 886 3563 986 3633; x_wconf 82' lang='grc' dir='ltr'>τῆς</span> <span class='ocrx_word' id='word_1_511' title='bbox 1015 3563 1240 3637; x_wconf 84' lang='grc' dir='ltr'>πρώτης</span> <span class='ocrx_word' id='word_1_512' title='bbox 1268 3565 1609 3636; x_wconf 77' lang='grc' dir='ltr'>ὀνομάζουσα</span> <span class='ocrx_word' id='word_1_513' title='bbox 1640 3566 1849 3638; x_wconf 87' lang='grc' dir='ltr'>νοητῶς</span> 
     </span>
    </p>
   </div>
   <div class='ocr_carea' id='block_1_70' title="bbox 251 3652 1850 3730">
    <p class='ocr_par' dir='ltr' id='par_1_70' title="bbox 251 3652 1850 3730">
     <span class='ocr_line' id='line_1_70' title="bbox 251 3652 1850 3730; baseline 0.006 -26"><span class='ocrx_word' id='word_1_514' title='bbox 251 3652 360 3726; x_wconf 83' lang='grc' dir='ltr'>τὴν</span> <span class='ocrx_word' id='word_1_515' title='bbox 385 3652 754 3726; x_wconf 79' lang='grc' dir='ltr'>ἀληθεστέραν</span> <span class='ocrx_word' id='word_1_516' title='bbox 782 3654 941 3718; x_wconf 85' lang='grc' dir='ltr'>Σιὼν,</span> <span class='ocrx_word' id='word_1_517' title='bbox 969 3657 998 3709; x_wconf 85' lang='grc' dir='ltr'><strong>ὃ</strong></span> <span class='ocrx_word' id='word_1_518' title='bbox 1022 3655 1169 3710; x_wconf 79' lang='grc' dir='ltr'>ἔστιν</span> <span class='ocrx_word' id='word_1_519' title='bbox 1199 3656 1375 3728; x_wconf 81' lang='grc' dir='ltr'>ὑψηλῆ</span> <span class='ocrx_word' id='word_1_520' title='bbox 1409 3658 1504 3713; x_wconf 75' lang='grc' dir='ltr'>καὶ</span> <span class='ocrx_word' id='word_1_521' title='bbox 1542 3661 1850 3730; x_wconf 86' lang='grc' dir='ltr'>σκοπευτή-</span> 
     </span>
    </p>
   </div>
   <div class='ocr_carea' id='block_1_71' title="bbox 259 3745 1849 3818">
    <p class='ocr_par' dir='ltr' id='par_1_71' title="bbox 259 3745 1849 3818">
     <span class='ocr_line' id='line_1_71' title="bbox 259 3745 1849 3818; baseline 0.004 -20"><span class='ocrx_word' id='word_1_522' title='bbox 259 3763 402 3816; x_wconf 82' lang='grc' dir='ltr'>ριον.</span> <span class='ocrx_word' id='word_1_523' title='bbox 432 3745 840 3818; x_wconf 74' lang='grc' dir='ltr'>Προσέῤῥιπται</span> <span class='ocrx_word' id='word_1_524' title='bbox 874 3746 930 3800; x_wconf 79' lang='grc' dir='ltr'><strong>δὲ</strong></span> <span class='ocrx_word' id='word_1_525' title='bbox 966 3747 1054 3800; x_wconf 83' lang='grc' dir='ltr'><strong>διὰ</strong></span> <span class='ocrx_word' id='word_1_526' title='bbox 1090 3747 1276 3816; x_wconf 81' lang='grc' dir='ltr'>μέσου·</span> <span class='ocrx_word' id='word_1_527' title='bbox 1325 3749 1399 3802; x_wconf 87' lang='grc' dir='ltr'><strong>Τὸ</strong></span> <span class='ocrx_word' id='word_1_528' title='bbox 1432 3749 1580 3816; x_wconf 77' lang='grc' dir='ltr'>ἔθνος</span> <span class='ocrx_word' id='word_1_529' title='bbox 1629 3750 1849 3814; x_wconf 76' lang='grc' dir='ltr'>ἐλπίζον</span> 
     </span>
    </p>
   </div>
   <div class='ocr_carea' id='block_1_72' title="bbox 256 3837 1848 3914">
    <p class='ocr_par' dir='ltr' id='par_1_72' title="bbox 256 3837 1848 3914">
     <span class='ocr_line' id='line_1_72' title="bbox 256 3837 1848 3914; baseline 0.004 -24"><span class='ocrx_word' id='word_1_530' title='bbox 256 3838 357 3890; x_wconf 73' lang='grc' dir='ltr'><strong>καὶ</strong></span> <span class='ocrx_word' id='word_1_531' title='bbox 403 3837 953 3908; x_wconf 79' lang='grc' dir='ltr'>καταπεπατημένον,</span> <span class='ocrx_word' id='word_1_532' title='bbox 1003 3838 1030 3892; x_wconf 86' lang='grc' dir='ltr'><strong>ὃ</strong></span> <span class='ocrx_word' id='word_1_533' title='bbox 1081 3839 1228 3893; x_wconf 77' lang='grc' dir='ltr'>ἐστιν</span> <span class='ocrx_word' id='word_1_534' title='bbox 1281 3841 1339 3894; x_wconf 78' lang='grc' dir='ltr'><strong>ὲν</strong></span> <span class='ocrx_word' id='word_1_535' title='bbox 1384 3842 1545 3914; x_wconf 81' lang='grc' dir='ltr'>μέρει</span> <span class='ocrx_word' id='word_1_536' title='bbox 1600 3842 1848 3914; x_wconf 82' lang='grc' dir='ltr'>ποταμοῦ</span> 
     </span>
    </p>
   </div>
   <div class='ocr_carea' id='block_1_73' title="bbox 259 3929 1850 4003">
    <p class='ocr_par' dir='ltr' id='par_1_73' title="bbox 259 3929 1850 4003">
     <span class='ocr_line' id='line_1_73' title="bbox 259 3929 1850 4003; baseline 0.003 -19"><span class='ocrx_word' id='word_1_537' title='bbox 259 3931 363 4002; x_wconf 84' lang='grc' dir='ltr'>τῆς</span> <span class='ocrx_word' id='word_1_538' title='bbox 404 3929 588 4000; x_wconf 84' lang='grc' dir='ltr'>χώρας</span> <span class='ocrx_word' id='word_1_539' title='bbox 627 3929 815 3986; x_wconf 80' lang='grc' dir='ltr'>αὐτοῦ.</span> <span class='ocrx_word' id='word_1_540' title='bbox 866 3931 1107 4000; x_wconf 79' lang='grc' dir='ltr'>Ἤρξατο</span> <span class='ocrx_word' id='word_1_541' title='bbox 1152 3930 1263 4002; x_wconf 85' lang='grc' dir='ltr'>γὰρ</span> <span class='ocrx_word' id='word_1_542' title='bbox 1316 3934 1350 4003; x_wconf 79' lang='grc' dir='ltr'>ἡ</span> <span class='ocrx_word' id='word_1_543' title='bbox 1388 3932 1497 3987; x_wconf 89' lang='grc' dir='ltr'><strong>τῶν</strong></span> <span class='ocrx_word' id='word_1_544' title='bbox 1532 3935 1850 4003; x_wconf 79' lang='grc' dir='ltr'>Αἰγυπτίων</span> 
     </span>
    </p>
   </div>
   <div class='ocr_carea' id='block_1_74' title="bbox 258 4022 1844 4098">
    <p class='ocr_par' dir='ltr' id='par_1_74' title="bbox 258 4022 1844 4098">
     <span class='ocr_line' id='line_1_74' title="bbox 258 4022 1844 4098; baseline 0.003 -22"><span class='ocrx_word' id='word_1_545' title='bbox 258 4022 569 4093; x_wconf 69' lang='grc' dir='ltr'>ἐπιστροφὴ</span> <span class='ocrx_word' id='word_1_546' title='bbox 619 4022 756 4093; x_wconf 77' lang='grc' dir='ltr'>πρὸς</span> <span class='ocrx_word' id='word_1_547' title='bbox 816 4022 948 4075; x_wconf 81' lang='grc' dir='ltr'>Θεὸν</span> <span class='ocrx_word' id='word_1_548' title='bbox 1001 4022 1110 4076; x_wconf 80' lang='grc' dir='ltr'>ἀπό</span> <span class='ocrx_word' id='word_1_549' title='bbox 1161 4041 1304 4086; x_wconf 88' lang='grc' dir='ltr'>τινος</span> <span class='ocrx_word' id='word_1_550' title='bbox 1356 4025 1554 4096; x_wconf 85' lang='grc' dir='ltr'>μέρους</span> <span class='ocrx_word' id='word_1_551' title='bbox 1599 4029 1698 4098; x_wconf 80' lang='grc' dir='ltr'>τῆς</span> <span class='ocrx_word' id='word_1_552' title='bbox 1734 4027 1844 4098; x_wconf 83' lang='grc' dir='ltr'><strong>χώ-</strong></span> 
     </span>
    </p>
   </div>
   <div class='ocr_carea' id='block_1_75' title="bbox 262 4113 1847 4192">
    <p class='ocr_par' dir='ltr' id='par_1_75' title="bbox 262 4113 1847 4192">
     <span class='ocr_line' id='line_1_75' title="bbox 262 4113 1847 4192; baseline 0.004 -25"><span class='ocrx_word' id='word_1_553' title='bbox 262 4132 368 4186; x_wconf 84' lang='grc' dir='ltr'><strong>ρας</strong></span> <span class='ocrx_word' id='word_1_554' title='bbox 411 4115 673 4186; x_wconf 78' lang='grc' dir='ltr'>κειμένης</span> <span class='ocrx_word' id='word_1_555' title='bbox 713 4113 972 4170; x_wconf 73' lang='grc' dir='ltr'>ἐπέκεινα</span> <span class='ocrx_word' id='word_1_556' title='bbox 1013 4117 1106 4169; x_wconf 76' lang='grc' dir='ltr'>τοῦ</span> <span class='ocrx_word' id='word_1_557' title='bbox 1149 4116 1427 4187; x_wconf 82' lang='grc' dir='ltr'>ποταμοῦ·</span> <span class='ocrx_word' id='word_1_558' title='bbox 1469 4119 1556 4172; x_wconf 83' lang='grc' dir='ltr'><strong>ἵνα</strong></span> <span class='ocrx_word' id='word_1_559' title='bbox 1584 4123 1712 4191; x_wconf 79' lang='grc' dir='ltr'>νοῇς</span> <span class='ocrx_word' id='word_1_560' title='bbox 1745 4121 1847 4192; x_wconf 82' lang='grc' dir='ltr'>τῆς</span> 
     </span>
    </p>
   </div>
   <div class='ocr_carea' id='block_1_76' title="bbox 274 4205 1850 4284">
    <p class='ocr_par' dir='ltr' id='par_1_76' title="bbox 274 4205 1850 4284">
     <span class='ocr_line' id='line_1_76' title="bbox 274 4205 1850 4284; baseline 0.004 -23"><span class='ocrx_word' id='word_1_561' title='bbox 274 4205 796 4278; x_wconf 83' lang='grc' dir='ltr'>Ῥινοκορουρητῶν,</span> <span class='ocrx_word' id='word_1_562' title='bbox 848 4208 1016 4278; x_wconf 75' lang='grc' dir='ltr'>ἤγουν</span> <span class='ocrx_word' id='word_1_563' title='bbox 1057 4208 1166 4262; x_wconf 86' lang='grc' dir='ltr'><strong>τῶν</strong></span> <span class='ocrx_word' id='word_1_564' title='bbox 1211 4209 1394 4262; x_wconf 73' lang='grc' dir='ltr'>αὐτόθι</span> <span class='ocrx_word' id='word_1_565' title='bbox 1441 4211 1647 4266; x_wconf 86' lang='grc' dir='ltr'>πόλεων</span> <span class='ocrx_word' id='word_1_566' title='bbox 1701 4212 1850 4284; x_wconf 90' lang='grc' dir='ltr'>μίαν.</span> 
     </span>
    </p>
   </div>
   <div class='ocr_carea' id='block_1_77' title="bbox 259 4298 1853 4376">
    <p class='ocr_par' dir='ltr' id='par_1_77' title="bbox 259 4298 1853 4376">
     <span class='ocr_line' id='line_1_77' title="bbox 259 4298 1853 4376; baseline 0.006 -25"><span class='ocrx_word' id='word_1_567' title='bbox 259 4298 432 4366; x_wconf 81' lang='grc' dir='ltr'>Δέγει</span> <span class='ocrx_word' id='word_1_568' title='bbox 453 4299 564 4370; x_wconf 82' lang='grc' dir='ltr'><strong>γὰρ</strong></span> <span class='ocrx_word' id='word_1_569' title='bbox 605 4299 662 4350; x_wconf 84' lang='grc' dir='ltr'>ὲν</span> <span class='ocrx_word' id='word_1_570' title='bbox 693 4300 807 4363; x_wconf 78' lang='grc' dir='ltr'>τοῖς</span> <span class='ocrx_word' id='word_1_571' title='bbox 836 4301 920 4369; x_wconf 73' lang='grc' dir='ltr'><strong>ἐφ’</strong></span> <span class='ocrx_word' id='word_1_572' title='bbox 951 4301 1099 4372; x_wconf 79' lang='grc' dir='ltr'>ἑξῆς,</span> <span class='ocrx_word' id='word_1_573' title='bbox 1140 4302 1198 4354; x_wconf 81' lang='grc' dir='ltr'><strong>ὲν</strong></span> <span class='ocrx_word' id='word_1_574' title='bbox 1231 4303 1294 4372; x_wconf 80' lang='grc' dir='ltr'><strong>τῇ</strong></span> <span class='ocrx_word' id='word_1_575' title='bbox 1330 4303 1517 4373; x_wconf 80' lang='grc' dir='ltr'>ὁράσει</span> <span class='ocrx_word' id='word_1_576' title='bbox 1549 4305 1648 4376; x_wconf 81' lang='grc' dir='ltr'>τῆς</span> <span class='ocrx_word' id='word_1_577' title='bbox 1686 4307 1853 4375; x_wconf 78' lang='grc' dir='ltr'>Αίγύ-</span> 
     </span>
    </p>
   </div>
   <div class='ocr_carea' id='block_1_78' title="bbox 1949 3469 3531 3542">
    <p class='ocr_par' dir='ltr' id='par_1_78' title="bbox 1949 3469 3531 3542">
     <span class='ocr_line' id='line_1_78' title="bbox 1949 3469 3531 3542; baseline -0.003 -13"><span class='ocrx_word' id='word_1_578' title='bbox 1949 3476 2076 3529; x_wconf 89' lang='lat' dir='ltr'><strong>iltmt</strong></span> <span class='ocrx_word' id='word_1_579' title='bbox 2108 3491 2122 3527; x_wconf 90' lang='lat'><strong>:</strong></span> <span class='ocrx_word' id='word_1_580' title='bbox 2167 3473 2313 3530; x_wconf 85' lang='lat' dir='ltr'><strong>Gens</strong></span> <span class='ocrx_word' id='word_1_581' title='bbox 2342 3488 2566 3542; x_wconf 86' lang='lat' dir='ltr'><strong>sperans</strong></span> <span class='ocrx_word' id='word_1_582' title='bbox 2593 3480 2648 3526; x_wconf 90' lang='lat' dir='ltr'><strong>et</strong></span> <span class='ocrx_word' id='word_1_583' title='bbox 2666 3471 3004 3533; x_wconf 84' lang='lat' dir='ltr'><strong>conculcata,</strong></span> <span class='ocrx_word' id='word_1_584' title='bbox 3037 3484 3158 3539; x_wconf 69' lang='lat' dir='ltr'><strong>quae</strong></span> <span class='ocrx_word' id='word_1_585' title='bbox 3185 3479 3267 3525; x_wconf 83' lang='lat' dir='ltr'><strong>est</strong></span> <span class='ocrx_word' id='word_1_586' title='bbox 3300 3469 3352 3522; x_wconf 92' lang='lat' dir='ltr'><strong>in</strong></span> <span class='ocrx_word' id='word_1_587' title='bbox 3380 3475 3531 3538; x_wconf 82' lang='lat' dir='ltr'><strong>parte</strong></span> 
     </span>
    </p>
   </div>
   <div class='ocr_carea' id='block_1_79' title="bbox 1949 3560 3531 3635">
    <p class='ocr_par' dir='ltr' id='par_1_79' title="bbox 1949 3560 3531 3635">
     <span class='ocr_line' id='line_1_79' title="bbox 1949 3560 3531 3635; baseline -0.003 -14"><span class='ocrx_word' id='word_1_588' title='bbox 1949 3567 2095 3622; x_wconf 83' lang='lat' dir='ltr'><strong>ﬂuvii</strong></span> <span class='ocrx_word' id='word_1_589' title='bbox 2148 3567 2385 3635; x_wconf 83' lang='lat' dir='ltr'><strong>regionis</strong></span> <span class='ocrx_word' id='word_1_590' title='bbox 2407 3565 2543 3633; x_wconf 84' lang='lat' dir='ltr'><strong>ejus.</strong></span> <span class='ocrx_word' id='word_1_591' title='bbox 2573 3564 2752 3634; x_wconf 69' lang='lat' dir='ltr'><strong>Coepit</strong></span> <span class='ocrx_word' id='word_1_592' title='bbox 2789 3563 2934 3618; x_wconf 88' lang='lat' dir='ltr'><strong>cnim</strong></span> <span class='ocrx_word' id='word_1_593' title='bbox 2980 3560 3362 3633; x_wconf 66' lang='lat' dir='ltr'><strong>[Egyptiornm</strong></span> <span class='ocrx_word' id='word_1_594' title='bbox 3405 3576 3531 3617; x_wconf 81' lang='lat' dir='ltr'><strong>con-</strong></span> 
     </span>
    </p>
   </div>
   <div class='ocr_carea' id='block_1_80' title="bbox 1949 3651 3531 3727">
    <p class='ocr_par' dir='ltr' id='par_1_80' title="bbox 1949 3651 3531 3727">
     <span class='ocr_line' id='line_1_80' title="bbox 1949 3651 3531 3727; baseline -0.006 -13"><span class='ocrx_word' id='word_1_595' title='bbox 1949 3663 2131 3718; x_wconf 81' lang='lat' dir='ltr'><strong>versio</strong></span> <span class='ocrx_word' id='word_1_596' title='bbox 2159 3660 2224 3714; x_wconf 88' lang='lat' dir='ltr'><strong>ad</strong></span> <span class='ocrx_word' id='word_1_597' title='bbox 2263 3659 2432 3715; x_wconf 86' lang='lat' dir='ltr'><strong>Deum</strong></span> <span class='ocrx_word' id='word_1_598' title='bbox 2462 3675 2490 3711; x_wconf 88' lang='lat' dir='ltr'><strong>a</strong></span> <span class='ocrx_word' id='word_1_599' title='bbox 2517 3659 2749 3727; x_wconf 78' lang='lat' dir='ltr'><strong>quadam</strong></span> <span class='ocrx_word' id='word_1_600' title='bbox 2798 3654 3034 3726; x_wconf 73' lang='lat' dir='ltr'><strong>regionis</strong></span> <span class='ocrx_word' id='word_1_601' title='bbox 3059 3664 3214 3725; x_wconf 85' lang='lat' dir='ltr'><strong>parte</strong></span> <span class='ocrx_word' id='word_1_602' title='bbox 3254 3653 3396 3709; x_wconf 92' lang='lat' dir='ltr'><strong>ultra</strong></span> <span class='ocrx_word' id='word_1_603' title='bbox 3434 3651 3531 3707; x_wconf 85' lang='lat' dir='ltr'><strong>llu-</strong></span> 
     </span>
    </p>
   </div>
   <div class='ocr_carea' id='block_1_81' title="bbox 1950 3745 3529 3819">
    <p class='ocr_par' dir='ltr' id='par_1_81' title="bbox 1950 3745 3529 3819">
     <span class='ocr_line' id='line_1_81' title="bbox 1950 3745 3529 3819; baseline -0.006 -12"><span class='ocrx_word' id='word_1_604' title='bbox 1950 3753 2094 3807; x_wconf 87' lang='lat' dir='ltr'><strong>vium</strong></span> <span class='ocrx_word' id='word_1_605' title='bbox 2130 3753 2256 3819; x_wconf 84' lang='lat' dir='ltr'><strong>sita,</strong></span> <span class='ocrx_word' id='word_1_606' title='bbox 2279 3762 2335 3805; x_wconf 93' lang='lat' dir='ltr'><strong>ut</strong></span> <span class='ocrx_word' id='word_1_607' title='bbox 2373 3751 2952 3811; x_wconf 66' lang='lat' dir='ltr'><strong>llhinocoruretarum,</strong></span> <span class='ocrx_word' id='word_1_608' title='bbox 2993 3747 3074 3803; x_wconf 90' lang='lat' dir='ltr'><strong>vel</strong></span> <span class='ocrx_word' id='word_1_609' title='bbox 3104 3763 3266 3802; x_wconf 81' lang='lat' dir='ltr'><strong>unum</strong></span> <span class='ocrx_word' id='word_1_610' title='bbox 3293 3745 3529 3815; x_wconf 81' lang='lat' dir='ltr'><strong>aliquam</strong></span> 
     </span>
    </p>
   </div>
   <div class='ocr_carea' id='block_1_82' title="bbox 1949 3837 3530 3910">
    <p class='ocr_par' dir='ltr' id='par_1_82' title="bbox 1949 3837 3530 3910">
     <span class='ocr_line' id='line_1_82' title="bbox 1949 3837 3530 3910; baseline -0.005 -12"><span class='ocrx_word' id='word_1_611' title='bbox 1949 3843 2230 3898; x_wconf 84' lang='lat' dir='ltr'><strong>civitatum</strong></span> <span class='ocrx_word' id='word_1_612' title='bbox 2258 3856 2380 3910; x_wconf 71' lang='lat' dir='ltr'><strong>qua:</strong></span> <span class='ocrx_word' id='word_1_613' title='bbox 2408 3839 2540 3896; x_wconf 87' lang='lat' dir='ltr'><strong>inibi</strong></span> <span class='ocrx_word' id='word_1_614' title='bbox 2592 3848 2739 3905; x_wconf 89' lang='lat' dir='ltr'><strong>sunt,</strong></span> <span class='ocrx_word' id='word_1_615' title='bbox 2783 3837 3073 3907; x_wconf 80' lang='lat' dir='ltr'><strong>intelligas.</strong></span> <span class='ocrx_word' id='word_1_616' title='bbox 3119 3837 3260 3892; x_wconf 87' lang='lat' dir='ltr'><strong>Dicit</strong></span> <span class='ocrx_word' id='word_1_617' title='bbox 3288 3840 3431 3892; x_wconf 86' lang='lat' dir='ltr'><strong>enim</strong></span> <span class='ocrx_word' id='word_1_618' title='bbox 3479 3837 3530 3894; x_wconf 86' lang='lat' dir='ltr'><strong>iu</strong></span> 
     </span>
    </p>
   </div>
   <div class='ocr_carea' id='block_1_83' title="bbox 1949 3929 3534 4005">
    <p class='ocr_par' dir='ltr' id='par_1_83' title="bbox 1949 3929 3534 4005">
     <span class='ocr_line' id='line_1_83' title="bbox 1949 3929 3534 4005; baseline -0.006 -15"><span class='ocrx_word' id='word_1_619' title='bbox 1949 3933 2430 4005; x_wconf 82' lang='lat' dir='ltr'><strong>subsequentibus,</strong></span> <span class='ocrx_word' id='word_1_620' title='bbox 2466 3932 2520 3986; x_wconf 92' lang='lat' dir='ltr'><strong>in</strong></span> <span class='ocrx_word' id='word_1_621' title='bbox 2571 3932 2781 3987; x_wconf 87' lang='lat' dir='ltr'><strong>visione</strong></span> <span class='ocrx_word' id='word_1_622' title='bbox 2827 3929 3043 4002; x_wconf 69' lang='lat' dir='ltr'><strong>Egypti</strong></span> <span class='ocrx_word' id='word_1_623' title='bbox 3087 3944 3103 3984; x_wconf 90' lang='lat'><strong>:</strong></span> <span class='ocrx_word' id='word_1_624' title='bbox 3141 3930 3235 3986; x_wconf 89' lang='lat' dir='ltr'><strong>Die</strong></span> <span class='ocrx_word' id='word_1_625' title='bbox 3281 3929 3368 3983; x_wconf 87' lang='lat' dir='ltr'><strong>illa</strong></span> <span class='ocrx_word' id='word_1_626' title='bbox 3428 3930 3534 3984; x_wconf 92' lang='lat' dir='ltr'><strong>erit</strong></span> 
     </span>
    </p>
   </div>
   <div class='ocr_carea' id='block_1_84' title="bbox 1952 4019 3530 4094">
    <p class='ocr_par' dir='ltr' id='par_1_84' title="bbox 1952 4019 3530 4094">
     <span class='ocr_line' id='line_1_84' title="bbox 1952 4019 3530 4094; baseline -0.005 -16"><span class='ocrx_word' id='word_1_627' title='bbox 1952 4026 2124 4080; x_wconf 81' lang='lat' dir='ltr'><strong>altare</strong></span> <span class='ocrx_word' id='word_1_628' title='bbox 2148 4024 2373 4080; x_wconf 92' lang='lat' dir='ltr'><strong>Domino</strong></span> <span class='ocrx_word' id='word_1_629' title='bbox 2405 4024 2457 4079; x_wconf 91' lang='lat' dir='ltr'><strong>in</strong></span> <span class='ocrx_word' id='word_1_630' title='bbox 2493 4023 2710 4094; x_wconf 89' lang='lat' dir='ltr'><strong>regione</strong></span> <span class='ocrx_word' id='word_1_631' title='bbox 2735 4020 3137 4094; x_wconf 64' lang='lat' dir='ltr'><strong>Egyptiorum,</strong></span> <span class='ocrx_word' id='word_1_632' title='bbox 3178 4033 3232 4075; x_wconf 94' lang='lat' dir='ltr'><strong>et</strong></span> <span class='ocrx_word' id='word_1_633' title='bbox 3284 4019 3530 4075; x_wconf 83' lang='lat' dir='ltr'><strong>columna</strong></span> 
     </span>
    </p>
   </div>
   <div class='ocr_carea' id='block_1_85' title="bbox 1952 4111 3534 4183">
    <p class='ocr_par' dir='ltr' id='par_1_85' title="bbox 1952 4111 3534 4183">
     <span class='ocr_line' id='line_1_85' title="bbox 1952 4111 3534 4183; baseline -0.006 -11"><span class='ocrx_word' id='word_1_634' title='bbox 1952 4118 2019 4172; x_wconf 85' lang='lat' dir='ltr'><strong>ad</strong></span> <span class='ocrx_word' id='word_1_635' title='bbox 2065 4118 2355 4172; x_wconf 85' lang='lat' dir='ltr'><strong>terminum</strong></span> <span class='ocrx_word' id='word_1_636' title='bbox 2381 4115 2498 4182; x_wconf 85' lang='lat' dir='ltr'><strong>ejus</strong></span> <span class='ocrx_word' id='word_1_637' title='bbox 2543 4115 2790 4170; x_wconf 87' lang='lat' dir='ltr'><strong>Domino.</strong></span> <span class='ocrx_word' id='word_1_638' title='bbox 2826 4115 2892 4168; x_wconf 86' lang='lat' dir='ltr'><strong>Et</strong></span> <span class='ocrx_word' id='word_1_639' title='bbox 2920 4115 3024 4170; x_wconf 89' lang='lat' dir='ltr'><strong>erit</strong></span> <span class='ocrx_word' id='word_1_640' title='bbox 3071 4114 3122 4166; x_wconf 91' lang='lat' dir='ltr'><strong>in</strong></span> <span class='ocrx_word' id='word_1_641' title='bbox 3159 4112 3370 4183; x_wconf 86' lang='lat' dir='ltr'><strong>signum</strong></span> <span class='ocrx_word' id='word_1_642' title='bbox 3427 4111 3534 4164; x_wconf 88' lang='lat' dir='ltr'><strong>Do-</strong></span> 
     </span>
    </p>
   </div>
   <div class='ocr_carea' id='block_1_86' title="bbox 1955 4204 3534 4278">
    <p class='ocr_par' dir='ltr' id='par_1_86' title="bbox 1955 4204 3534 4278">
     <span class='ocr_line' id='line_1_86' title="bbox 1955 4204 3534 4278; baseline -0.005 -14"><span class='ocrx_word' id='word_1_643' title='bbox 1955 4212 2124 4274; x_wconf 89' lang='lat' dir='ltr'><strong>mino,</strong></span> <span class='ocrx_word' id='word_1_644' title='bbox 2169 4211 2308 4264; x_wconf 87' lang='lat' dir='ltr'><strong>etin</strong></span> <span class='ocrx_word' id='word_1_645' title='bbox 2361 4218 2622 4264; x_wconf 62' lang='lat' dir='ltr'><strong>aeternum</strong></span> <span class='ocrx_word' id='word_1_646' title='bbox 2676 4218 2889 4278; x_wconf 87' lang='lat' dir='ltr'><strong>tempus</strong></span> <span class='ocrx_word' id='word_1_647' title='bbox 2925 4208 2980 4262; x_wconf 91' lang='lat' dir='ltr'><strong>in</strong></span> <span class='ocrx_word' id='word_1_648' title='bbox 3029 4207 3249 4276; x_wconf 79' lang='lat' dir='ltr'><strong>regione</strong></span> <span class='ocrx_word' id='word_1_649' title='bbox 3293 4204 3534 4275; x_wconf 63' lang='lat' dir='ltr'><strong>Egypti.</strong></span> 
     </span>
    </p>
   </div>
   <div class='ocr_carea' id='block_1_87' title="bbox 1953 4301 3540 4372">
    <p class='ocr_par' dir='ltr' id='par_1_87' title="bbox 1953 4301 3540 4372">
     <span class='ocr_line' id='line_1_87' title="bbox 1953 4301 3540 4372; baseline -0.004 -12"><span class='ocrx_word' id='word_1_650' title='bbox 1953 4303 2286 4360; x_wconf 74' lang='lat' dir='ltr'><strong>Conculeata</strong></span> <span class='ocrx_word' id='word_1_651' title='bbox 2327 4320 2455 4359; x_wconf 88' lang='lat' dir='ltr'><strong>vero</strong></span> <span class='ocrx_word' id='word_1_652' title='bbox 2485 4313 2590 4369; x_wconf 87' lang='lat' dir='ltr'><strong>est,</strong></span> <span class='ocrx_word' id='word_1_653' title='bbox 2627 4303 2784 4372; x_wconf 86' lang='lat' dir='ltr'><strong>quasi</strong></span> <span class='ocrx_word' id='word_1_654' title='bbox 2830 4302 2953 4357; x_wconf 82' lang='lat' dir='ltr'><strong>belli</strong></span> <span class='ocrx_word' id='word_1_655' title='bbox 3008 4301 3411 4357; x_wconf 80' lang='lat' dir='ltr'><strong>calamitatibus</strong></span> <span class='ocrx_word' id='word_1_656' title='bbox 3457 4309 3540 4354; x_wconf 84' lang='lat' dir='ltr'><strong>at-</strong></span> 
     </span>
    </p>
   </div>
   <div class='ocr_carea' id='block_1_88' title="bbox 263 4389 1840 4468">
    <p class='ocr_par' dir='ltr' id='par_1_88' title="bbox 263 4389 1840 4468">
     <span class='ocr_line' id='line_1_88' title="bbox 263 4389 1840 4468; baseline 0.004 -25"><span class='ocrx_word' id='word_1_657' title='bbox 263 4405 430 4443; x_wconf 74' lang='grc' dir='ltr'>πτουο</span> <span class='ocrx_word' id='word_1_658' title='bbox 469 4391 547 4462; x_wconf 78' lang='grc' dir='ltr'><strong>Τῇ</strong></span> <span class='ocrx_word' id='word_1_659' title='bbox 577 4389 759 4462; x_wconf 75' lang='grc' dir='ltr'>ἡμέρᾳ</span> <span class='ocrx_word' id='word_1_660' title='bbox 780 4391 965 4464; x_wconf 76' lang='grc' dir='ltr'>ἐκείνῃ</span> <span class='ocrx_word' id='word_1_661' title='bbox 987 4391 1139 4446; x_wconf 73' lang='grc' dir='ltr'>ἔσται</span> <span class='ocrx_word' id='word_1_662' title='bbox 1167 4392 1550 4466; x_wconf 82' lang='grc' dir='ltr'>θυσιαστήριον</span> <span class='ocrx_word' id='word_1_663' title='bbox 1570 4396 1646 4466; x_wconf 82' lang='grc' dir='ltr'><strong>τῷ</strong></span> <span class='ocrx_word' id='word_1_664' title='bbox 1667 4398 1840 4468; x_wconf 61' lang='grc' dir='ltr'>Κυρίιε</span> 
     </span>
    </p>
   </div>
   <div class='ocr_carea' id='block_1_89' title="bbox 1942 4389 3540 4468">
    <p class='ocr_par' dir='ltr' id='par_1_89' title="bbox 1959 4393 3540 4464">
     <span class='ocr_line' id='line_1_89' title="bbox 1959 4393 3540 4464; baseline -0.003 -15"><span class='ocrx_word' id='word_1_665' title='bbox 1959 4398 2082 4451; x_wconf 88' lang='lat' dir='ltr'><strong>trita</strong></span> <span class='ocrx_word' id='word_1_666' title='bbox 2115 4407 2170 4450; x_wconf 91' lang='lat' dir='ltr'><strong>et</strong></span> <span class='ocrx_word' id='word_1_667' title='bbox 2213 4409 2436 4450; x_wconf 88' lang='lat' dir='ltr'><strong>contusa</strong></span> <span class='ocrx_word' id='word_1_668' title='bbox 2478 4413 2492 4449; x_wconf 91' lang='lat'><strong>:</strong></span> <span class='ocrx_word' id='word_1_669' title='bbox 2526 4412 2752 4464; x_wconf 85' lang='lat' dir='ltr'><strong>sperans</strong></span> <span class='ocrx_word' id='word_1_670' title='bbox 2793 4406 2996 4458; x_wconf 86' lang='lat' dir='ltr'><strong>autem,</strong></span> <span class='ocrx_word' id='word_1_671' title='bbox 3040 4393 3294 4462; x_wconf 84' lang='lat' dir='ltr'><strong>quoniam</strong></span> <span class='ocrx_word' id='word_1_672' title='bbox 3353 4403 3540 4461; x_wconf 85' lang='lat' dir='ltr'><strong>postea</strong></span> 
     </span>
    </p>
   </div>
   <div class='ocr_carea' id='block_1_90' title="bbox 261 4480 1845 4556">
    <p class='ocr_par' dir='ltr' id='par_1_90' title="bbox 261 4480 1845 4556">
     <span class='ocr_line' id='line_1_90' title="bbox 261 4480 1845 4556; baseline 0.004 -22"><span class='ocrx_word' id='word_1_673' title='bbox 261 4483 324 4534; x_wconf 84' lang='grc' dir='ltr'><strong>ὲν</strong></span> <span class='ocrx_word' id='word_1_674' title='bbox 359 4481 518 4551; x_wconf 74' lang='grc' dir='ltr'>χώρα</span> <span class='ocrx_word' id='word_1_675' title='bbox 560 4480 894 4549; x_wconf 77' lang='grc' dir='ltr'>Αἰγυπτίων,</span> <span class='ocrx_word' id='word_1_676' title='bbox 935 4481 1030 4536; x_wconf 70' lang='grc' dir='ltr'>καὶ</span> <span class='ocrx_word' id='word_1_677' title='bbox 1066 4483 1232 4554; x_wconf 86' lang='grc' dir='ltr'>στήλη</span> <span class='ocrx_word' id='word_1_678' title='bbox 1276 4485 1413 4555; x_wconf 81' lang='grc' dir='ltr'>πρὸς</span> <span class='ocrx_word' id='word_1_679' title='bbox 1452 4485 1514 4538; x_wconf 88' lang='grc' dir='ltr'><strong>τὺ</strong></span> <span class='ocrx_word' id='word_1_680' title='bbox 1561 4487 1707 4556; x_wconf 86' lang='grc' dir='ltr'>ὅριον</span> <span class='ocrx_word' id='word_1_681' title='bbox 1753 4489 1845 4540; x_wconf 78' lang='grc' dir='ltr'><strong>αὑ·</strong></span> 
     </span>
    </p>
   </div>
   <div class='ocr_carea' id='block_1_91' title="bbox 1961 4485 3540 4561">
    <p class='ocr_par' dir='ltr' id='par_1_91' title="bbox 1961 4485 3540 4561">
     <span class='ocr_line' id='line_1_91' title="bbox 1961 4485 3540 4561; baseline -0.004 -17"><span class='ocrx_word' id='word_1_682' title='bbox 1961 4492 2014 4544; x_wconf 82' lang='grc' dir='ltr'>ἱιι</span> <span class='ocrx_word' id='word_1_683' title='bbox 2039 4491 2257 4545; x_wconf 89' lang='lat' dir='ltr'><strong>Christo</strong></span> <span class='ocrx_word' id='word_1_684' title='bbox 2290 4506 2439 4560; x_wconf 77' lang='lat' dir='ltr'><strong>spem</strong></span> <span class='ocrx_word' id='word_1_685' title='bbox 2465 4491 2602 4553; x_wconf 73' lang='lat' dir='ltr'><strong>ﬁxit,</strong></span> <span class='ocrx_word' id='word_1_686' title='bbox 2635 4489 3004 4561; x_wconf 72' lang='lat' dir='ltr'><strong>ejusquejugo</strong></span> <span class='ocrx_word' id='word_1_687' title='bbox 3035 4488 3302 4542; x_wconf 77' lang='lat' dir='ltr'><strong>cervicem</strong></span> <span class='ocrx_word' id='word_1_688' title='bbox 3329 4485 3540 4538; x_wconf 81' lang='lat' dir='ltr'><strong>subrui--</strong></span> 
     </span>
    </p>
   </div>
   <div class='ocr_carea' id='block_1_92' title="bbox 262 4571 1840 4654">
    <p class='ocr_par' dir='ltr' id='par_1_92' title="bbox 262 4571 1840 4648">
     <span class='ocr_line' id='line_1_92' title="bbox 262 4571 1840 4648; baseline 0.006 -24"><span class='ocrx_word' id='word_1_689' title='bbox 262 4573 365 4643; x_wconf 76' lang='grc' dir='ltr'>τῆς</span> <span class='ocrx_word' id='word_1_690' title='bbox 398 4571 477 4643; x_wconf 77' lang='grc' dir='ltr'>τῷ</span> <span class='ocrx_word' id='word_1_691' title='bbox 509 4573 715 4646; x_wconf 84' lang='grc' dir='ltr'>Κυρίῳ.</span> <span class='ocrx_word' id='word_1_692' title='bbox 747 4573 856 4626; x_wconf 75' lang='grc' dir='ltr'><strong>Καὶ</strong></span> <span class='ocrx_word' id='word_1_693' title='bbox 875 4573 1026 4628; x_wconf 74' lang='grc' dir='ltr'>ἔσται</span> <span class='ocrx_word' id='word_1_694' title='bbox 1051 4575 1128 4638; x_wconf 79' lang='grc' dir='ltr'><strong>εἰς</strong></span> <span class='ocrx_word' id='word_1_695' title='bbox 1155 4579 1380 4646; x_wconf 85' lang='grc' dir='ltr'>σημεῖον</span> <span class='ocrx_word' id='word_1_696' title='bbox 1415 4577 1623 4648; x_wconf 62' lang='grc' dir='ltr'>Κυρίῳ</span> <span class='ocrx_word' id='word_1_697' title='bbox 1656 4580 1748 4633; x_wconf 66' lang='grc' dir='ltr'>καὶ</span> <span class='ocrx_word' id='word_1_698' title='bbox 1775 4581 1840 4644; x_wconf 71' lang='grc' dir='ltr'><strong>είς</strong></span> 
     </span>
    </p>
   </div>
   <div class='ocr_carea' id='block_1_93' title="bbox 1942 4571 3545 4654">
    <p class='ocr_par' dir='ltr' id='par_1_93' title="bbox 1967 4577 3545 4654">
     <span class='ocr_line' id='line_1_93' title="bbox 1967 4577 3545 4654; baseline -0.004 -17"><span class='ocrx_word' id='word_1_699' title='bbox 1967 4584 2058 4646; x_wconf 90' lang='lat' dir='ltr'><strong>sit,</strong></span> <span class='ocrx_word' id='word_1_700' title='bbox 2106 4583 2265 4654; x_wconf 83' lang='lat' dir='ltr'><strong>eique</strong></span> <span class='ocrx_word' id='word_1_701' title='bbox 2291 4583 2498 4645; x_wconf 82' lang='lat' dir='ltr'><strong>serviit,</strong></span> <span class='ocrx_word' id='word_1_702' title='bbox 2530 4593 2584 4636; x_wconf 91' lang='lat' dir='ltr'><strong>ct</strong></span> <span class='ocrx_word' id='word_1_703' title='bbox 2633 4585 2849 4650; x_wconf 87' lang='lat' dir='ltr'><strong>pietatis</strong></span> <span class='ocrx_word' id='word_1_704' title='bbox 2906 4595 3084 4634; x_wconf 79' lang='lat' dir='ltr'><strong>tuores</strong></span> <span class='ocrx_word' id='word_1_705' title='bbox 3131 4578 3284 4649; x_wconf 87' lang='lat' dir='ltr'><strong>quasi</strong></span> <span class='ocrx_word' id='word_1_706' title='bbox 3336 4577 3545 4631; x_wconf 80' lang='lat' dir='ltr'><strong>fructus</strong></span> 
     </span>
    </p>
   </div>
   <div class='ocr_carea' id='block_1_94' title="bbox 263 4662 1854 4741">
    <p class='ocr_par' dir='ltr' id='par_1_94' title="bbox 263 4662 1854 4741">
     <span class='ocr_line' id='line_1_94' title="bbox 263 4662 1854 4741; baseline 0.008 -28"><span class='ocrx_word' id='word_1_707' title='bbox 263 4662 360 4715; x_wconf 78' lang='grc' dir='ltr'>τὸν</span> <span class='ocrx_word' id='word_1_708' title='bbox 423 4662 593 4716; x_wconf 86' lang='grc' dir='ltr'>αἰῶνα</span> <span class='ocrx_word' id='word_1_709' title='bbox 639 4666 696 4717; x_wconf 78' lang='grc' dir='ltr'><strong>ἐν</strong></span> <span class='ocrx_word' id='word_1_710' title='bbox 750 4663 905 4736; x_wconf 66' lang='grc' dir='ltr'>χώρᾳ</span> <span class='ocrx_word' id='word_1_711' title='bbox 958 4665 1255 4735; x_wconf 74' lang='grc' dir='ltr'>Αἰγύπτου.</span> <span class='ocrx_word' id='word_1_712' title='bbox 1305 4667 1415 4721; x_wconf 82' lang='grc' dir='ltr'><strong>Καὶ</strong></span> <span class='ocrx_word' id='word_1_713' title='bbox 1470 4672 1854 4741; x_wconf 84' lang='grc' dir='ltr'>πεπατημένον</span> 
     </span>
    </p>
   </div>
   <div class='ocr_carea' id='block_1_95' title="bbox 1963 4675 2208 4746">
    <p class='ocr_par' dir='ltr' id='par_1_95' title="bbox 1963 4675 2208 4746">
     <span class='ocr_line' id='line_1_95' title="bbox 1963 4675 2208 4746; baseline 0.004 -18"><span class='ocrx_word' id='word_1_714' title='bbox 1963 4675 2208 4746; x_wconf 77' lang='lat' dir='ltr'><strong>protulit.</strong></span> 
     </span>
    </p>
   </div>
   <div class='ocr_carea' id='block_1_96' title="bbox 268 4758 3544 4842">
    <p class='ocr_par' dir='ltr' id='par_1_96' title="bbox 268 4758 3544 4842">
     <span class='ocr_line' id='line_1_96' title="bbox 268 4758 3544 4842; baseline -0.002 -19"><span class='ocrx_word' id='word_1_715' title='bbox 268 4759 371 4827; x_wconf 77' lang='grc' dir='ltr'>μὲν</span> <span class='ocrx_word' id='word_1_716' title='bbox 432 4758 509 4822; x_wconf 82' lang='grc' dir='ltr'><strong>ὡς</strong></span> <span class='ocrx_word' id='word_1_717' title='bbox 561 4762 1018 4832; x_wconf 82' lang='grc' dir='ltr'>συντετριμμένον</span> <span class='ocrx_word' id='word_1_718' title='bbox 1068 4764 1188 4825; x_wconf 82' lang='grc' dir='ltr'>ταῖς</span> <span class='ocrx_word' id='word_1_719' title='bbox 1230 4765 1296 4818; x_wconf 75' lang='grc' dir='ltr'>ἐκ</span> <span class='ocrx_word' id='word_1_720' title='bbox 1358 4763 1453 4816; x_wconf 77' lang='grc' dir='ltr'>τοῦ</span> <span class='ocrx_word' id='word_1_721' title='bbox 1514 4765 1752 4836; x_wconf 75' lang='grc' dir='ltr'>πολέμου</span> <span class='ocrx_word' id='word_1_722' title='bbox 1810 4774 2150 4842; x_wconf 70' lang='grc' dir='ltr'>συμφοραῖς·</span> <span class='ocrx_word' id='word_1_723' title='bbox 2209 4772 2430 4837; x_wconf 76' lang='grc' dir='ltr'>ἐλπίζον</span> <span class='ocrx_word' id='word_1_724' title='bbox 2483 4772 2560 4835; x_wconf 79' lang='grc' dir='ltr'>δὲ,</span> <span class='ocrx_word' id='word_1_725' title='bbox 2615 4773 2697 4825; x_wconf 83' lang='grc' dir='ltr'><strong>ὅτι</strong></span> <span class='ocrx_word' id='word_1_726' title='bbox 2745 4774 2840 4825; x_wconf 76' lang='grc' dir='ltr'>καὶ</span> <span class='ocrx_word' id='word_1_727' title='bbox 2899 4771 3029 4825; x_wconf 77' lang='grc' dir='ltr'>αὐτὸ</span> <span class='ocrx_word' id='word_1_728' title='bbox 3081 4767 3374 4838; x_wconf 86' lang='grc' dir='ltr'>πεποίηται</span> <span class='ocrx_word' id='word_1_729' title='bbox 3437 4765 3544 4836; x_wconf 77' lang='grc' dir='ltr'>τὴν</span> 
     </span>
    </p>
   </div>
   <div class='ocr_carea' id='block_1_97' title="bbox 266 4850 3543 4934">
    <p class='ocr_par' dir='ltr' id='par_1_97' title="bbox 266 4850 3543 4934">
     <span class='ocr_line' id='line_1_97' title="bbox 266 4850 3543 4934; baseline -0.004 -12"><span class='ocrx_word' id='word_1_730' title='bbox 266 4850 467 4903; x_wconf 69' lang='grc' dir='ltr'>ἐλπίδα</span> <span class='ocrx_word' id='word_1_731' title='bbox 518 4851 701 4904; x_wconf 79' lang='grc' dir='ltr'>λοιπδν</span> <span class='ocrx_word' id='word_1_732' title='bbox 758 4853 850 4906; x_wconf 63' lang='grc' dir='ltr'><strong>ἐπὶ</strong></span> <span class='ocrx_word' id='word_1_733' title='bbox 908 4852 1150 4924; x_wconf 77' lang='grc' dir='ltr'>Χριστῷ.</span> <span class='ocrx_word' id='word_1_734' title='bbox 1202 4856 1298 4908; x_wconf 70' lang='grc' dir='ltr'><strong>καὶ</strong></span> <span class='ocrx_word' id='word_1_735' title='bbox 1348 4857 1468 4918; x_wconf 79' lang='grc' dir='ltr'>ταῖς</span> <span class='ocrx_word' id='word_1_736' title='bbox 1526 4856 1617 4909; x_wconf 79' lang='grc' dir='ltr'><strong>ὑπ’</strong></span> <span class='ocrx_word' id='word_1_737' title='bbox 1669 4857 1818 4929; x_wconf 82' lang='grc' dir='ltr'>αὐτῷ</span> <span class='ocrx_word' id='word_1_738' title='bbox 1866 4859 2121 4929; x_wconf 81' lang='grc' dir='ltr'>ζεύγλαις</span> <span class='ocrx_word' id='word_1_739' title='bbox 2166 4862 2444 4934; x_wconf 82' lang='grc' dir='ltr'>ὑπήνεγκε</span> <span class='ocrx_word' id='word_1_740' title='bbox 2495 4862 2587 4915; x_wconf 77' lang='grc' dir='ltr'><strong>τὸν</strong></span> <span class='ocrx_word' id='word_1_741' title='bbox 2637 4861 2865 4931; x_wconf 82' lang='grc' dir='ltr'>αὐχένα,</span> <span class='ocrx_word' id='word_1_742' title='bbox 2910 4860 3004 4914; x_wconf 70' lang='grc' dir='ltr'>καὶ</span> <span class='ocrx_word' id='word_1_743' title='bbox 3044 4856 3390 4913; x_wconf 80' lang='grc' dir='ltr'>δεδούλευκεν</span> <span class='ocrx_word' id='word_1_744' title='bbox 3441 4854 3543 4909; x_wconf 70' lang='grc' dir='ltr'>αὑ.-</span> 
     </span>
    </p>
   </div>
   <div class='ocr_carea' id='block_1_98' title="bbox 266 4942 1770 5018">
    <p class='ocr_par' dir='ltr' id='par_1_98' title="bbox 266 4942 1770 5018">
     <span class='ocr_line' id='line_1_98' title="bbox 266 4942 1770 5018; baseline 0.006 -24"><span class='ocrx_word' id='word_1_745' title='bbox 266 4942 371 5013; x_wconf 84' lang='grc' dir='ltr'><strong>τῴ,</strong></span> <span class='ocrx_word' id='word_1_746' title='bbox 410 4943 505 4998; x_wconf 73' lang='grc' dir='ltr'>καὶ</span> <span class='ocrx_word' id='word_1_747' title='bbox 537 4943 663 5007; x_wconf 78' lang='grc' dir='ltr'>τοὺς</span> <span class='ocrx_word' id='word_1_748' title='bbox 708 4944 809 5014; x_wconf 82' lang='grc' dir='ltr'>τῆς</span> <span class='ocrx_word' id='word_1_749' title='bbox 854 4945 1135 5009; x_wconf 77' lang='grc' dir='ltr'>εὐσεϐείας</span> <span class='ocrx_word' id='word_1_750' title='bbox 1171 4946 1476 5016; x_wconf 78' lang='grc' dir='ltr'>κεκάρπικε</span> <span class='ocrx_word' id='word_1_751' title='bbox 1513 4948 1770 5018; x_wconf 85' lang='grc' dir='ltr'>τρόπους.</span> 
     </span>
    </p>
   </div>
   <div class='ocr_carea' id='block_1_99' title="bbox 895 5079 1213 5134">
    <p class='ocr_par' dir='ltr' id='par_1_99' title="bbox 895 5079 1213 5134">
     <span class='ocr_line' id='line_1_99' title="bbox 895 5079 1213 5134; baseline 0.003 -2"><span class='ocrx_word' id='word_1_752' title='bbox 895 5079 1131 5134; x_wconf 79' lang='grc' dir='ltr'><strong>ΤΟΜΟΣ</strong></span> <span class='ocrx_word' id='word_1_753' title='bbox 1176 5083 1213 5133; x_wconf 91' lang='grc' dir='ltr'>Δ</span> 
     </span>
    </p>
   </div>
   <div class='ocr_carea' id='block_1_100' title="bbox 705 5195 1431 5251">
    <p class='ocr_par' dir='ltr' id='par_1_100' title="bbox 705 5195 1431 5251">
     <span class='ocr_line' id='line_1_100' title="bbox 705 5195 1431 5251; baseline 0.006 -6"><span class='ocrx_word' id='word_1_754' title='bbox 705 5195 975 5248; x_wconf 83' lang='grc' dir='ltr'><strong>ΟΡΛΣΙΣ</strong></span> <span class='ocrx_word' id='word_1_755' title='bbox 1029 5196 1162 5249; x_wconf 83' lang='grc' dir='ltr'><strong>ΑΙΓ</strong></span> <span class='ocrx_word' id='word_1_756' title='bbox 1173 5195 1360 5249; x_wconf 88' lang='grc' dir='ltr'><strong>ΥΠΤο</strong></span> <span class='ocrx_word' id='word_1_757' title='bbox 1371 5199 1431 5251; x_wconf 91' lang='grc' dir='ltr'>Υ.</span> 
     </span>
    </p>
   </div>
   <div class='ocr_carea' id='block_1_101' title="bbox 363 5303 1857 5379">
    <p class='ocr_par' dir='ltr' id='par_1_101' title="bbox 363 5303 1857 5379">
     <span class='ocr_line' id='line_1_101' title="bbox 363 5303 1857 5379; baseline 0.006 -22"><span class='ocrx_word' id='word_1_758' title='bbox 363 5303 519 5357; x_wconf 83' lang='grc' dir='ltr'><strong>Ἰδοὺ</strong></span> <span class='ocrx_word' id='word_1_759' title='bbox 548 5305 766 5370; x_wconf 79' lang='grc' dir='ltr'>Κύριος</span> <span class='ocrx_word' id='word_1_760' title='bbox 790 5306 1039 5372; x_wconf 80' lang='grc' dir='ltr'>κάθηται</span> <span class='ocrx_word' id='word_1_761' title='bbox 1069 5306 1168 5360; x_wconf 80' lang='grc' dir='ltr'><strong>ἐπὶ</strong></span> <span class='ocrx_word' id='word_1_762' title='bbox 1198 5307 1460 5377; x_wconf 70' lang='grc' dir='ltr'>νεφέλης</span> <span class='ocrx_word' id='word_1_763' title='bbox 1479 5309 1729 5379; x_wconf 73' lang='grc' dir='ltr'>κούφης,</span> <span class='ocrx_word' id='word_1_764' title='bbox 1758 5313 1857 5367; x_wconf 77' lang='grc' dir='ltr'>καὶ</span> 
     </span>
    </p>
   </div>
   <div class='ocr_carea' id='block_1_102' title="bbox 272 5397 1868 5473">
    <p class='ocr_par' dir='ltr' id='par_1_102' title="bbox 272 5397 1868 5473">
     <span class='ocr_line' id='line_1_102' title="bbox 272 5397 1868 5473; baseline 0.007 -26"><span class='ocrx_word' id='word_1_765' title='bbox 272 5397 410 5464; x_wconf 77' lang='grc' dir='ltr'><strong>ἣξει</strong></span> <span class='ocrx_word' id='word_1_766' title='bbox 435 5399 522 5460; x_wconf 79' lang='grc' dir='ltr'>εὶς</span> <span class='ocrx_word' id='word_1_767' title='bbox 553 5397 876 5465; x_wconf 74' lang='grc' dir='ltr'>Αἴγυπτον,</span> <span class='ocrx_word' id='word_1_768' title='bbox 902 5397 1002 5452; x_wconf 78' lang='grc' dir='ltr'>καὶ</span> <span class='ocrx_word' id='word_1_769' title='bbox 1023 5399 1416 5465; x_wconf 76' lang='grc' dir='ltr'>σεισθήσετοι</span> <span class='ocrx_word' id='word_1_770' title='bbox 1449 5402 1518 5456; x_wconf 83' lang='grc' dir='ltr'>τὰ</span> <span class='ocrx_word' id='word_1_771' title='bbox 1535 5406 1868 5473; x_wconf 77' lang='grc' dir='ltr'>χειροποίη-</span> 
     </span>
    </p>
   </div>
   <div class='ocr_carea' id='block_1_103' title="bbox 269 5490 1868 5566">
    <p class='ocr_par' dir='ltr' id='par_1_103' title="bbox 269 5490 1868 5566">
     <span class='ocr_line' id='line_1_103' title="bbox 269 5490 1868 5566; baseline 0.006 -23"><span class='ocrx_word' id='word_1_772' title='bbox 269 5507 348 5543; x_wconf 78' lang='grc' dir='ltr'><strong>τα</strong></span> <span class='ocrx_word' id='word_1_773' title='bbox 392 5491 690 5557; x_wconf 75' lang='grc' dir='ltr'>Αἰγύπτου</span> <span class='ocrx_word' id='word_1_774' title='bbox 716 5490 836 5544; x_wconf 78' lang='grc' dir='ltr'><strong>ἀπὸ</strong></span> <span class='ocrx_word' id='word_1_775' title='bbox 871 5493 1194 5561; x_wconf 80' lang='grc' dir='ltr'>προσώπου</span> <span class='ocrx_word' id='word_1_776' title='bbox 1222 5495 1429 5558; x_wconf 84' lang='grc' dir='ltr'>αὑτοῦ,</span> <span class='ocrx_word' id='word_1_777' title='bbox 1466 5498 1564 5550; x_wconf 84' lang='grc' dir='ltr'>καὶ</span> <span class='ocrx_word' id='word_1_778' title='bbox 1594 5500 1630 5565; x_wconf 76' lang='grc' dir='ltr'><em>ἡ</em></span> <span class='ocrx_word' id='word_1_779' title='bbox 1657 5497 1868 5566; x_wconf 78' lang='grc' dir='ltr'>καρδία</span> 
     </span>
    </p>
   </div>
   <div class='ocr_carea' id='block_1_104' title="bbox 271 5579 1247 5651">
    <p class='ocr_par' dir='ltr' id='par_1_104' title="bbox 271 5579 1247 5651">
     <span class='ocr_line' id='line_1_104' title="bbox 271 5579 1247 5651; baseline 0.007 -18"><span class='ocrx_word' id='word_1_780' title='bbox 271 5579 480 5635; x_wconf 79' lang='grc' dir='ltr'>αὐτῶν</span> <span class='ocrx_word' id='word_1_781' title='bbox 506 5582 902 5648; x_wconf 56' lang='lat' dir='ltr'><strong>quamquam:</strong></span> <span class='ocrx_word' id='word_1_782' title='bbox 931 5585 1002 5638; x_wconf 77' lang='grc' dir='ltr'><strong>ἐν</strong></span> <span class='ocrx_word' id='word_1_783' title='bbox 1022 5586 1247 5651; x_wconf 85' lang='grc' dir='ltr'>αὐτοῖς.</span> 
     </span>
    </p>
   </div>
   <div class='ocr_carea' id='block_1_105' title="bbox 351 5673 1861 5754">
    <p class='ocr_par' dir='ltr' id='par_1_105' title="bbox 351 5673 1861 5754">
     <span class='ocr_line' id='line_1_105' title="bbox 351 5673 1861 5754; baseline 0.009 -30"><span class='ocrx_word' id='word_1_784' title='bbox 351 5674 487 5725; x_wconf 86' lang='grc' dir='ltr'>Τίνα</span> <span class='ocrx_word' id='word_1_785' title='bbox 513 5673 578 5743; x_wconf 79' lang='grc' dir='ltr'><strong>δὴ</strong></span> <span class='ocrx_word' id='word_1_786' title='bbox 603 5675 801 5744; x_wconf 86' lang='grc' dir='ltr'>τρόπον</span> <span class='ocrx_word' id='word_1_787' title='bbox 831 5679 864 5744; x_wconf 82' lang='grc' dir='ltr'><strong>ἡ</strong></span> <span class='ocrx_word' id='word_1_788' title='bbox 896 5676 1002 5732; x_wconf 85' lang='grc' dir='ltr'><strong>τῶν</strong></span> <span class='ocrx_word' id='word_1_789' title='bbox 1039 5678 1355 5746; x_wconf 81' lang='grc' dir='ltr'>Αἰγυπτίων</span> <span class='ocrx_word' id='word_1_790' title='bbox 1400 5680 1664 5735; x_wconf 82' lang='grc' dir='ltr'>σέσωσται</span> <span class='ocrx_word' id='word_1_791' title='bbox 1710 5682 1861 5754; x_wconf 82' lang='grc' dir='ltr'>χώρα</span> 
     </span>
    </p>
   </div>
   <div class='ocr_carea' id='block_1_106' title="bbox 348 5828 908 5897">
    <p class='ocr_par' dir='ltr' id='par_1_106' title="bbox 348 5828 908 5897">
     <span class='ocr_line' id='line_1_106' title="bbox 348 5828 908 5897; baseline 0.007 -16"><span class='ocrx_word' id='word_1_792' title='bbox 348 5830 396 5863; x_wconf 68' lang='grc' dir='ltr'><strong>ι’</strong></span> <span class='ocrx_word' id='word_1_793' title='bbox 431 5828 451 5882; x_wconf 90' lang='grc' dir='ltr'><strong>Ι</strong></span> <span class='ocrx_word' id='word_1_794' title='bbox 489 5829 727 5887; x_wconf 89' lang='lat' dir='ltr'><strong>Timoth.</strong></span> <span class='ocrx_word' id='word_1_795' title='bbox 758 5847 794 5897; x_wconf 82' lang='grc' dir='ltr'><strong>ι,</strong></span> <span class='ocrx_word' id='word_1_796' title='bbox 829 5834 908 5886; x_wconf 74' lang='grc' dir='ltr'>Η.</span> 
     </span>
    </p>
   </div>
   <div class='ocr_carea' id='block_1_107' title="bbox 2550 5084 2910 5142">
    <p class='ocr_par' dir='ltr' id='par_1_107' title="bbox 2550 5084 2910 5142">
     <span class='ocr_line' id='line_1_107' title="bbox 2550 5084 2910 5142; baseline -0.006 -3"><span class='ocrx_word' id='word_1_797' title='bbox 2550 5085 2788 5142; x_wconf 71' lang='lat' dir='ltr'><strong>TOML&#39;S</strong></span> <span class='ocrx_word' id='word_1_798' title='bbox 2827 5084 2910 5138; x_wconf 79' lang='lat' dir='ltr'><strong>iV.</strong></span> 
     </span>
    </p>
   </div>
   <div class='ocr_carea' id='block_1_108' title="bbox 2470 5197 3054 5256">
    <p class='ocr_par' dir='ltr' id='par_1_108' title="bbox 2470 5197 3054 5256">
     <span class='ocr_line' id='line_1_108' title="bbox 2470 5197 3054 5256; baseline 0.002 -3"><span class='ocrx_word' id='word_1_799' title='bbox 2470 5200 2678 5256; x_wconf 77' lang='lat' dir='ltr'><strong>VISIO</strong></span> <span class='ocrx_word' id='word_1_800' title='bbox 2730 5197 3054 5256; x_wconf 66' lang='lat' dir='ltr'><strong>JEGYPTI.</strong></span> 
     </span>
    </p>
   </div>
   <div class='ocr_carea' id='block_1_109' title="bbox 2035 5314 3540 5382">
    <p class='ocr_par' dir='ltr' id='par_1_109' title="bbox 2035 5314 3540 5382">
     <span class='ocr_line' id='line_1_109' title="bbox 2035 5314 3540 5382; baseline -0.001 -11"><span class='ocrx_word' id='word_1_801' title='bbox 2035 5316 2164 5372; x_wconf 76' lang='lat' dir='ltr'><strong>CAP.</strong></span> <span class='ocrx_word' id='word_1_802' title='bbox 2203 5331 2314 5370; x_wconf 67' lang='grc' dir='ltr'>χιχ.</span> <span class='ocrx_word' id='word_1_803' title='bbox 2356 5314 2592 5369; x_wconf 56' lang='grc' dir='ltr'>ΧέιιςΛ.</span> <span class='ocrx_word' id='word_1_804' title='bbox 2630 5314 2761 5368; x_wconf 85' lang='lat' dir='ltr'><strong>Ecce</strong></span> <span class='ocrx_word' id='word_1_805' title='bbox 2789 5315 3042 5369; x_wconf 76' lang='lat' dir='ltr'><strong>Dominus</strong></span> <span class='ocrx_word' id='word_1_806' title='bbox 3065 5317 3251 5370; x_wconf 74' lang='lat' dir='ltr'><strong>insidet</strong></span> <span class='ocrx_word' id='word_1_807' title='bbox 3277 5315 3540 5382; x_wconf 64' lang='lat' dir='ltr'><strong>nubiferi,</strong></span> 
     </span>
    </p>
   </div>
   <div class='ocr_carea' id='block_1_110' title="bbox 1976 5406 3543 5478">
    <p class='ocr_par' dir='ltr' id='par_1_110' title="bbox 1976 5406 3543 5478">
     <span class='ocr_line' id='line_1_110' title="bbox 1976 5406 3543 5478; baseline -0.004 -14"><span class='ocrx_word' id='word_1_808' title='bbox 1976 5420 2024 5464; x_wconf 86' lang='lat' dir='ltr'><strong>et</strong></span> <span class='ocrx_word' id='word_1_809' title='bbox 2070 5410 2235 5463; x_wconf 71' lang='lat' dir='ltr'><strong>veniet</strong></span> <span class='ocrx_word' id='word_1_810' title='bbox 2271 5410 2324 5461; x_wconf 85' lang='lat' dir='ltr'><strong>in</strong></span> <span class='ocrx_word' id='word_1_811' title='bbox 2366 5406 2694 5478; x_wconf 64' lang='lat' dir='ltr'><strong>zEgyptum,</strong></span> <span class='ocrx_word' id='word_1_812' title='bbox 2735 5420 2780 5461; x_wconf 82' lang='lat' dir='ltr'><strong>et</strong></span> <span class='ocrx_word' id='word_1_813' title='bbox 2831 5411 3195 5461; x_wconf 79' lang='lat' dir='ltr'><strong>concutientnr</strong></span> <span class='ocrx_word' id='word_1_814' title='bbox 3238 5410 3543 5476; x_wconf 69' lang='lat' dir='ltr'><strong>nmnttlacta</strong></span> 
     </span>
    </p>
   </div>
   <div class='ocr_carea' id='block_1_111' title="bbox 1974 5497 3500 5572">
    <p class='ocr_par' dir='ltr' id='par_1_111' title="bbox 1974 5497 3500 5572">
     <span class='ocr_line' id='line_1_111' title="bbox 1974 5497 3500 5572; baseline -0.005 -16"><span class='ocrx_word' id='word_1_815' title='bbox 1974 5501 2197 5572; x_wconf 47' lang='lat' dir='ltr'><strong>(Egypti</strong></span> <span class='ocrx_word' id='word_1_816' title='bbox 2227 5521 2257 5554; x_wconf 79' lang='grc' dir='ltr'><strong>ιι</strong></span> <span class='ocrx_word' id='word_1_817' title='bbox 2303 5501 2442 5571; x_wconf 74' lang='lat' dir='ltr'><strong>facie</strong></span> <span class='ocrx_word' id='word_1_818' title='bbox 2461 5501 2596 5570; x_wconf 83' lang='lat' dir='ltr'><strong>ejus,</strong></span> <span class='ocrx_word' id='word_1_819' title='bbox 2632 5510 2679 5554; x_wconf 80' lang='lat' dir='ltr'><strong>et</strong></span> <span class='ocrx_word' id='word_1_820' title='bbox 2711 5517 2802 5553; x_wconf 89' lang='lat' dir='ltr'><strong>cor</strong></span> <span class='ocrx_word' id='word_1_821' title='bbox 2823 5517 3002 5556; x_wconf 84' lang='lat' dir='ltr'><strong>eorum</strong></span> <span class='ocrx_word' id='word_1_822' title='bbox 3035 5501 3236 5567; x_wconf 71' lang='lat' dir='ltr'><strong>deﬁciet</strong></span> <span class='ocrx_word' id='word_1_823' title='bbox 3263 5501 3318 5552; x_wconf 79' lang='lat' dir='ltr'><strong>in</strong></span> <span class='ocrx_word' id='word_1_824' title='bbox 3355 5497 3500 5565; x_wconf 72' lang='lat' dir='ltr'><strong>ipsis.</strong></span> 
     </span>
    </p>
   </div>
   <div class='ocr_carea' id='block_1_112' title="bbox 2043 5675 3540 5755">
    <p class='ocr_par' dir='ltr' id='par_1_112' title="bbox 2043 5675 3540 5755">
     <span class='ocr_line' id='line_1_112' title="bbox 2043 5675 3540 5755; baseline -0.007 -16"><span class='ocrx_word' id='word_1_825' title='bbox 2043 5685 2324 5750; x_wconf 73' lang='lat' dir='ltr'><strong>Quomodo</strong></span> <span class='ocrx_word' id='word_1_826' title='bbox 2347 5683 2727 5755; x_wconf 61' lang='lat' dir='ltr'><strong>Algyptiurum</strong></span> <span class='ocrx_word' id='word_1_827' title='bbox 2763 5684 2910 5754; x_wconf 73' lang='lat' dir='ltr'><strong>regio</strong></span> <span class='ocrx_word' id='word_1_828' title='bbox 2933 5689 3143 5738; x_wconf 80' lang='lat' dir='ltr'><strong>servata</strong></span> <span class='ocrx_word' id='word_1_829' title='bbox 3175 5677 3360 5742; x_wconf 76' lang='lat' dir='ltr'><strong>fuerit,</strong></span> <span class='ocrx_word' id='word_1_830' title='bbox 3387 5686 3438 5731; x_wconf 87' lang='lat' dir='ltr'><strong>et</strong></span> <span class='ocrx_word' id='word_1_831' title='bbox 3472 5675 3540 5730; x_wconf 81' lang='lat' dir='ltr'><strong>ad</strong></span> 
     </span>
    </p>
   </div>
  </div>
