4840 6542
573 421 678 477 4⁵⁸ιὸ

1701 422 1768 476 IN
1806 421 2038 477 lS.\lA.’d
2086 417 2214 474 LIB.
2261 417 2326 472 ΙΙ.
2370 416 2609 473 TOMUS
2647 417 2738 471 IV.

3727 420 3837 476 1.56

573 554 702 604 ςετο
735 534 792 588 δὲ
817 534 886 588 δι’
916 535 1116 606 ἀμφοῖν
1149 536 1178 587 δ
1212 535 1468 608 Χριστὸς,
1503 537 1621 607 ῆτοι
1656 537 1714 590 τὸ
1751 537 1839 589 ἐπ’
1879 533 2029 602 αὐτῷ
2057 550 2158 603 μυ-
2189 541 2232 596 Α
2265 531 2348 584 illa
2382 532 2431 585 in
2469 533 2482 583 Ι

1925 533 2029 602 ὺτῷ
2057 550 2158 603 μυ-
2189 541 2232 596 Α
2265 531 2348 584 illa
2382 532 2431 585 in
2469 531 2570 584 lide
2603 541 2658 585 et
2693 541 3044 586 sacrosancto
3074 531 3402 603 baptismate
3427 532 3750 600 justiﬁcatio
3784 543 3836 588 et

572 630 818 700 στήριον,
844 629 1009 699 ἤγουν
1033 629 1109 692 ὡς
1137 632 1196 683 ἐν
1221 630 1400 683 πίστει
1429 647 1486 683 τε
1516 631 1611 684 καὶ
1632 631 1774 701 ἁγίῳ
1801 629 2154 699 βαπτίσματι,

568 720 857 783 δικαίωσις
892 723 987 773 καὶ
1009 722 1302 792 άγιασμός.
1353 724 1500 776 Ἔδει
1549 722 1727 776 τοίνυν
1767 722 1858 775 ἐπὶ
1891 719 2158 790 καθάρσει

567 827 627 863 τε
668 811 766 863 καὶ
809 810 1078 882 μεταϐολῇ
1125 812 1274 866 ἰόντα
1309 813 1402 866 τὸν
1433 814 1638 884 Κύριον
1668 813 1776 866 τῶν
1823 810 2157 879 Αἰγυπτίων,

571 902 894 975 θεοπρεπῶς
915 903 971 956 δὲ
992 903 1241 973 δηλονότι
1272 905 1367 958 καὶ
1395 905 1621 976 νοητῶς,
1659 905 1751 959 ἐπὶ
1781 904 2012 975 νεφέλης
2031 904 2161 974 ὁρᾶ-

573 994 696 1048 σθαι
732 997 962 1065 κούφης.
998 998 1074 1049 Οὐ
1113 997 1221 1070 γὰρ
1246 993 1314 1068 ἦν
1356 999 1559 1069 ἑτέρως
1601 997 2016 1069 ἁποσμήχεσθαι
2062 997 2161 1066 τῆς

570 1087 679 1140 τῶν
713 1087 1084 1158 πλανωμένων
1115 1089 1297 1160 ψυχῆς
1325 1091 1424 1160 τὴν
1455 1091 1856 1161 ὲντετηγμένην
1891 1091 2028 1161 αὐτῇ
2058 1107 2161 1160 κη-

570 1180 713 1243 λῖδα,
748 1183 826 1254 μὴ
848 1183 969 1253 οὐχὶ
1001 1183 1089 1236 διὰ
1111 1183 1206 1236 τοῦ
1240 1185 1398 1252 άγίου
1429 1185 1823 1256 βαπτίσματος.
1858 1177 1934 1238 Οὗ
1963 1185 2058 1239 καὶ
2081 1187 2161 1247 εἰς

569 1272 744 1326 τύπον
782 1273 881 1344 τὴν
934 1274 1165 1346 νεφέλην
1207 1271 1347 1330 εἶναι
1393 1277 1762 1348 διοριζόμεθα.
1806 1276 1999 1346 Κούφη
2036 1277 2092 1330 δὲ
2124 1279 2159 1348 ἡ

571 1363 774 1435 νεφέλη
808 1368 903 1417 καὶ
930 1365 1074 1436 μάλα
1119 1367 1346 1431 εἰκότως
1392 1367 1726 1439 ὠνόμασται.
1778 1368 2162 1440 Βαπτιζόμεθα

572 1456 684 1526 γάρ
717 1459 801 1521 εἰς
826 1457 1086 1512 ἀπόθεσιν
1117 1459 1396 1530 ἁμαρτίας
1415 1499 1432 1523 ,
1480 1461 1576 1514 καὶ
1611 1459 1773 1514 οἱονεί
1802 1479 1855 1515 τι
1876 1461 2161 1516 δυσδιακό-

575 1565 774 1620 μιστον
794 1549 1012 1618 ἀληθῶς
1040 1550 1264 1620 φορτίον
1295 1551 1732 1623 ἀποτρεπόμενοι
1756 1551 1855 1621 τὴν
1882 1551 2159 1617 ἀσέϐειαν,

575 1638 879 1709 ὑπόπτεροι
907 1640 1106 1710 τρόπον
1141 1641 1263 1696 τινὰ
1282 1641 1372 1696 διὰ
1405 1640 1601 1696 τούτου
1629 1641 1891 1711 γινόμεθα
1910 1683 1924 1705 ,
1969 1644 2064 1696 καὶ
2096 1643 2163 1696 τὰ

573 1729 689 1782 ἀνω
709 1731 948 1800 φρονεῖν,
977 1730 1186 1795 καὶτὰς
1211 1731 1442 1803 καρδίας
1462 1729 1608 1802 ἔχειν
1636 1729 1771 1800 ὑψοῦ
1795 1731 2158 1803 μανθάνομεν.

573 1818 649 1871 Τό
663 1835 728 1886 γε
748 1819 857 1891 μὴν
889 1819 1256 1891 ἐπικαθῆσθαι
1279 1824 1345 1892 τῇ
1375 1821 1570 1892 νεφέλῃ
1595 1821 1687 1874 τὸν
1727 1822 1952 1893 Κύριον,
1987 1824 2163 1876 ἐκεῖνο

573 1906 729 1981 οἶμαι
767 1910 984 1981 δηλοῦν·
1039 1912 1101 1964 ἸΙ
1124 1912 1410 1985 κάθησιςῆ
1443 1914 1778 1978 ἀνάπαυσιν,
1819 1915 1986 1986 ἠγουν
2011 1915 2162 1981 ἐξου-

575 2003 698 2055 σίαν
738 2004 874 2074 ἡμῖν
908 2004 1305 2059 ὑπαινίττεται.
1335 2005 1546 2058 Οὐκοῦν
1577 2006 1992 2060 ὲπαναπαύεται
2027 2007 2162 2075 Χρι-

576 2093 723 2156 στὸς.
742 2093 867 2164 οὐχὶ
888 2097 954 2164 τῇ
983 2095 1124 2148 κατά
1151 2096 1315 2166 νόμον
1333 2096 1562 2168 λατρεία
1583 2096 1745 2150 ποθὲν
1766 2139 1782 2162 ,
1803 2100 1862 2149 ὲν
1888 2097 2160 2152 τελειώσει

573 2183 630 2237 δὲ
664 2184 870 2253 μᾶλλον
911 2189 980 2256 τῇ
1023 2187 1112 2240 διὰ
1139 2186 1235 2240 τοῦ
1281 2188 1438 2256 ἁγίου
1483 2187 1877 2258 βαπτίσματος.
1930 2188 2159 2241 Βεϐασί-

575 2272 738 2326 λευκε
763 2274 820 2327 δὲ
836 2273 980 2327 οὕτω
996 2275 1103 2328 τῶν
1121 2277 1212 2329 ἐπὶ
1233 2276 1333 2347 τῆς
1353 2276 1478 2346 γῆς.
1518 2275 1775 2347 Σεισθήσε
1785 2277 1906 2330 σθαι
1933 2277 1990 2330 δέ
2028 2295 2161 2348 φησι

573 2363 642 2416 τὰ
662 2365 1021 2436 χειροποίητα
1042 2365 1323 2434 Αἰγύπτου
1351 2366 1460 2420 ἀπὸ
1487 2367 1778 2440 προσώπου
1803 2368 1989 2422 αὑτοῦ.
2007 2371 2163 2422 Ἀνα-

573 2453 920 2525 δεδειγμένου
943 2457 1051 2528 γὰρ
1074 2456 1173 2527 ἥδη
1196 2454 1291 2508 τοῦ
1315 2457 1469 2525 ἁγίου
1495 2456 1887 2529 βαπτίσματος,
1908 2459 2002 2512 καὶ
2030 2459 2074 2510 Χ
2083 2476 2164 2530 ρι-

577 2543 702 2597 στοῦ
745 2544 938 2597 λοιπον
986 2545 1425 2617 ἐπιλάμψαντος,
1462 2547 1613 2602 πᾶσά
1663 2567 1780 2613 πως
1827 2549 2064 2620 ἀνάγκη,
2095 2549 2165 2602 τὰ

574 2635 673 2706 τῆς
702 2636 943 2707 ἀρχαίας
980 2637 1198 2710 ἀπάτης
1233 2639 1589 2707 ἀφανίζεσθαι
1637 2639 1897 2707 παίγνια,
1941 2641 2164 2704 καὶτὰς

575 2728 668 2782 τοῦ
693 2728 952 2782 διαὸόλω
995 2730 1226 2799 παγίδας
1252 2731 1482 2802 ὁρᾶσθαι
1515 2732 2044 2803 συντεθραυσμένας.
2078 2733 2167 2786 Σε-

577 2819 891 2890 σαγήνευκε
916 2821 973 2874 δὲ
1014 2822 1148 2892 πρὸς
1171 2821 1392 2894 ὀλεθρον
1423 2823 1514 2876 καὶ
1541 2823 1821 2876 ἀπώλειαν
1853 2824 1999 2879 ἆπαν
2045 2826 2162 2894 μὲν,

572 2912 646 2975 ὡς
677 2913 816 2976 ἔπος
846 2915 1043 2976 εἰπεῖν,
1079 2913 1231 2978 ἔθνος
1257 2930 1315 2966 τε
1362 2915 1452 2966 καὶ
1489 2913 1661 2982 γένος.
1696 2914 1934 2983 μάλιστα
1964 2915 2022 2967 δὲ
2059 2915 2165 2968 τῶν

574 3005 755 3059 ἄλλων
791 3007 922 3068 τοὺς
951 3005 1301 3072 Αἰγυπτίους.
1334 3006 1895 3076 Δεισιδαιμονέστατοι
1933 3003 2042 3076 γὰρ
2074 3023 2166 3074 γε-

573 3097 770 3165 γόνασι
801 3096 954 3167 παρᾶ
980 3097 1105 3159 τοὺς
1129 3096 1342 3160 ἄλλους,
1367 3097 1461 3150 καὶ
1489 3097 1631 3167 τάχα
1666 3113 1766 3151 που
1812 3097 2070 3160 νικῶντες
2108 3099 2164 3149 ἐν

2261 624 2646 679 sanctiﬁcatio.
2701 625 2937 679 Derebat
2983 627 3164 696 itaque
3236 627 3538 694 Dominum,
3596 644 3718 682 cmn
3769 631 3835 682 ad

2261 716 2704 770 emuudationem
2733 727 2789 770 et
2817 719 3167 772 mutationem
3205 718 3580 789 [Egyptiorum
3625 735 3684 774 se
3709 735 3839 775 con-

2264 803 2448 868 ferret,
2485 803 2667 856 divino
2683 803 2890 858 scilicet
2913 815 2966 858 et
2995 805 3258 872 spirituali
3295 821 3468 874 more,
3494 807 3544 860 in
3567 806 3709 860 nube
3737 806 3837 861 levi

2262 909 2544 964 apparere.
2589 894 2704 949 Non
2762 896 2905 949 enim
2938 897 3052 950 ﬁeri
3085 897 3243 950 aliter
3283 907 3492 966 poterat
3523 908 3579 951 ut
3628 899 3838 952 maeula

2263 990 2460 1044 animis
2524 990 2862 1059 peccantium
2941 1005 3161 1060 aspersa
3229 992 3672 1059 ahstergcretur,
3736 991 3839 1045 nisi

2263 1091 2452 1135 sancto
2477 1079 2762 1148 baptismo,
2800 1081 2954 1147 cujus
2982 1082 3205 1150 ligni-am
3245 1081 3436 1136 nubem
3477 1097 3596 1135 esse
3642 1083 3838 1135 statui-

2266 1189 2404 1228 mus.
2429 1173 2596 1228 Porro
2620 1171 2751 1226 levis
2776 1174 2949 1226 nubes
2978 1189 3082 1227 non
3113 1187 3242 1226 sane
3283 1173 3380 1226 abs
3410 1187 3467 1226 re
3509 1172 3837 1226 nominatur.

2265 1263 2397 1317 Nam
2425 1263 2692 1331 baptismo
2717 1265 2994 1332 tiugimur,
3052 1273 3109 1318 ut
3142 1263 3484 1333 repudiemus
3523 1273 3574 1317 et
3605 1265 3838 1332 abnege-

2265 1371 2383 1409 mus
2409 1367 2712 1426 peccatum,
2764 1366 2818 1410 et
2866 1357 3146 1425 impietate
3195 1372 3292 1409 ceu
3341 1371 3466 1410 vere
3515 1354 3838 1408 intolerabili

2263 1461 2427 1500 0nere
2461 1447 2685 1515 rejecta,
2710 1445 2837 1500 alati
2871 1447 3268 1516 quodammodo
3293 1446 3416 1500 inde
3442 1445 3760 1511 ellieiamur,
3784 1453 3841 1500 et

2264 1554 2387 1607 qua:
2415 1553 2576 1606 supra
2603 1548 2725 1593 sunt
2755 1539 3017 1608 cogitare,
3051 1548 3102 1590 et
3132 1538 3296 1592 corda
3319 1538 3370 1590 iu
3415 1537 3521 1589 alto
3545 1535 3647 1590 lixa
3671 1546 3725 1590 et
3759 1538 3844 1590 in-

2267 1637 2411 1683 tcuta
2455 1629 2652 1684 habere
2715 1630 3008 1684 discamus.
3067 1629 3194 1682 lllml
3226 1644 3391 1690 vero,
3442 1629 3739 1682 Considere
3786 1628 3837 1682 iu

2267 1721 2408 1776 nube
2427 1721 2833 1784 Clu-istum,hoc
2863 1729 2989 1789 puto
3019 1721 3410 1775 demonstrare.
3436 1719 3619 1775 Sessio
3647 1719 3727 1772 vel
3759 1734 3843 1774 re-

2266 1811 2445 1880 quiem
2474 1811 2629 1866 uobis
2655 1810 2829 1864 innuit
2862 1809 2943 1864 vel
2971 1819 3310 1880 potestatem.
3348 1809 3599 1863 Christus
3659 1809 3840 1877 itaque

2268 1919 2373 1957 non
2409 1903 2462 1957 in
2491 1903 2648 1974 legali
2696 1905 2843 1956 cultu
2888 1902 3191 1970 requiescet
3223 1917 3480 1968 unquam,
3527 1901 3620 1955 sed
3665 1905 3843 1971 potius

2269 1995 2321 2046 iu
2359 2007 2420 2046 ea
2454 2008 2575 2063 quae
2624 2003 2703 2048 est
2747 2010 2840 2062 per
2896 2007 3110 2047 sacrum
3169 1991 3430 2060 baptisma
3492 1992 3839 2058 perfectione.

2270 2085 2362 2140 Sic
2389 2086 2552 2140 etiam
2594 2100 2817 2156 regnum
2864 2085 3030 2139 iures
3060 2094 3306 2139 terrenas
3335 2085 3590 2138 obtinuit.
3626 2083 3838 2140 Concu-

2271 2178 2708 2240 tienturdeiude,
2767 2179 2959 2246 inquit,
2996 2174 3300 2230 ntauul'acta
3347 2173 3562 2246 Λεωτριί
3622 2192 3650 2228 ιι
3708 2175 3844 2231 facie

2268 2269 2406 2338 ejus.
2436 2268 2684 2322 Exhibito
2711 2269 2854 2322 enim
2875 2267 2984 2336 jam
3009 2281 3166 2320 sacro
3195 2266 3540 2335 baptismate,
3573 2275 3629 2320 et
3669 2266 3796 2320 Chri
3817 2295 3830 2306 -

2268 2373 2354 2418 sto
2376 2365 2628 2432 deinceps
2680 2365 2996 2429 irradiaute,
3051 2364 3336 2418 inveterati
3390 2365 3596 2419 erroris
3639 2365 3842 2419 Iudicia

2264 2456 2543 2513 obscurari
2591 2466 2646 2510 et
2703 2471 3049 2522 evanescere,
3113 2467 3167 2511 et
3215 2457 3410 2510 diaboli
3472 2457 3689 2524 laqueos
3725 2474 3844 2526 per-

2269 2551 2450 2619 fringi,
2496 2552 2720 2604 omnino
2747 2564 2827 2604 est
2882 2566 3128 2605 necesse.
3162 2550 3396 2604 lrretivit
3447 2562 3646 2608 autem,
3676 2561 3732 2604 ut
3766 2554 3845 2606 sic

2266 2642 2516 2701 dixerim,
2549 2656 2763 2696 onmem
2796 2651 3006 2711 gentem
3042 2656 3321 2711 genusque
3349 2657 3508 2695 omne
3556 2647 3620 2694 ad
3653 2643 3843 2695 interi-

2267 2742 2378 2786 tum
2426 2744 2480 2787 et
2507 2734 2754 2794 exitium,
2813 2735 3049 2788 maxime
3092 2749 3220 2787 vero
3261 2748 3372 2799 pra:
3427 2736 3642 2788 caeteris
3673 2733 3844 2806 Egy-

2266 2829 2427 2896 ptios.
2455 2827 2618 2880 Erant
2657 2827 2852 2894 quippe
2894 2835 3089 2894 pra‘ter
3139 2836 3363 2878 ett-turos
3421 2827 3846 2894 superstitiosis-

2266 2917 2410 2982 simi,
2433 2927 2488 2970 et
2519 2915 2736 2986 quidetu
2801 2915 2992 2969 Persas
3053 2917 3199 2984 ipsos
3260 2914 3618 2984 Assyriosqne
3657 2931 3846 2970 errore

2267 3010 2533 3072 vicerunt,
2563 3007 2842 3076 Scriptura
2879 3007 3129 3061 videlicet
3182 3007 3440 3076 inspirata
3472 3007 3732 3061 divinitus
3778 3008 3847 3063 de

2268 3115 2330 3154 ea
2361 3099 2581 3169 regione
2610 3099 2846 3161 dicente,
2897 3114 3015 3152 eam
3069 3113 3191 3153 esse
3237 3108 3435 3152 terram
3492 3097 3842 3167 sculptilium.

573 3187 758 3261 πλάνῃ
793 3188 1010 3258 Πέρσας
1043 3205 1099 3240 τε
1141 3189 1236 3241 καὶ
1277 3187 1594 3258 Ἀσσυρίους
1618 3204 1632 3218 ο
1684 3188 1860 3242 καίτοι
1905 3190 2000 3260 τῆς
2048 3186 2166 3241 Oeo-
2193 3224 2236 3281 ϐ
2273 3193 2408 3246 Dicit
2447 3208 2484 3262 pi

1931 3190 2000 3260 ἧς
2048 3186 2166 3241 θεο-
2193 3224 2236 3281 C
2273 3193 2408 3246 Dicit
2447 3208 2606 3262 porro
2632 3207 2725 3246 cor
2741 3190 3115 3261 [Egyptiornm
3164 3189 3521 3256 defecturam,
3563 3189 3842 3256 nimirum,

572 3279 848 3334 πνεύστου
873 3280 1094 3351 Γραφῆς
1134 3281 1262 3349 περὶ
1286 3281 1386 3350 τῆς
1419 3279 1644 3333 ἐκείνων
1664 3279 1929 3351 λεγούσης
1962 3279 2164 3350 χώρας,

571 3374 653 3427 ὅτι
689 3373 766 3444 γῆ
791 3373 1048 3440 γλυπτῶν
1075 3376 1248 3426 ἐστιν.
1292 3373 1722 3444 Ἠττηθήσεσθαι
1745 3374 1803 3427 δὲ
1828 3375 1924 3444 τὴν
1946 3373 2170 3446 καρδίαν

572 3463 680 3518 τῶν
710 3463 1032 3530 Αἰγυπτίων
1053 3463 1239 3533 φησιν,
1269 3465 1774 3537 παραχωρήσασαν,
1802 3463 1878 3526 ὥς
1909 3482 1972 3533 γε
1995 3460 2168 3535 οἶμαι,

574 3555 632 3607 τὸ
661 3555 868 3626 χρῆναι
900 3555 1054 3626 νικᾷν
1083 3557 1194 3619 τοῖς
1225 3555 1601 3624 εύαγγελικοῖς
1633 3555 1975 3627 κηρύγμασι,
1994 3555 2170 3610 καίτοι

576 3647 746 3700 πάλαι
771 3645 1045 3716 θεομάχον
1075 3641 1262 3709 οὖσαν,
1290 3649 1384 3700 καὶ
1415 3650 1528 3709 τοῖς
1565 3646 1663 3717 τῆς
1698 3646 1957 3718 ἀληθείας
1985 3644 2172 3712 ἀντεξ-

579 3737 822 3804 άτουσαν
859 3736 1060 3804 λόγοις.
1110 3737 1434 3808 Εὑρήσομεν
1473 3733 1568 3790 οὖν
1593 3737 1685 3790 τὸν
1713 3737 1911 3808 Φαραὼ
1936 3737 2174 3791 τοιοῦτον

577 3833 704 3885 ὂντα
727 3830 943 3900 σαφῶς.
990 3830 1049 3884 '0
1073 3829 1172 3900 μὲν
1197 3830 1303 3901 γάρ
1329 3829 1653 3900 ἱεροφάντης
1688 3831 1892 3900 Μωσῆς
1940 3829 2174 3897 ἔφασκεν

579 3922 859 3994 ἐναργῶς·
903 3941 921 3972 ι
961 3923 1020 3975 '0
1049 3922 1182 3984 Θεὸς
1199 3919 1308 3974 τῶν
1349 3920 1618 3993 Ἑϐραίων
1655 3921 1996 3976 ἀπέσταλκεν
2029 3921 2175 3990 ἡμᾶς

579 4014 714 4085 πρὸς
745 4014 834 4077 σὲ,
863 4012 1035 4081 λέγων
1055 4029 1070 4044 ο
1099 4010 1513 4076 Ἐξαπόστειλον
1538 4011 1628 4064 τὸν
1654 4012 1781 4066 λαόν
1807 4029 1932 4081 μου,
1966 4011 2050 4064 ἵνα
2088 4011 2176 4064 λα·

580 4105 853 4176 τρεύσωσί
904 4121 993 4174 μοι
1029 4106 1086 4158 ὲν
1130 4105 1196 4174 τῇ
1243 4104 1454 4174 ἐρήμῳ.
1504 4123 1521 4154 ι
1571 4105 1627 4156 Ὀ
1667 4103 1722 4156 δὲ
1767 4103 1904 4174 πρὸς
1937 4103 2167 4166 αὐτούς*

587 4213 606 4247 ι
625 4195 722 4259 Τίς
751 4197 900 4248 ἐστιν
921 4233 935 4257 ,
961 4186 1022 4246 οὗ
1058 4191 1444 4260 είσακούσομαι
1472 4191 1572 4261 τῆς
1603 4193 1784 4263 φωνῆς
1818 4191 1982 4245 αὐτοῦ
2007 4208 2020 4258 ;
2055 4194 2169 4245 Οὐκ

583 4284 694 4341 οἶδα
715 4287 812 4340 τὸν
840 4286 1064 4356 Κύριον,
1093 4285 1187 4339 καὶ
1219 4285 1312 4337 τὸν
1369 4284 1586 4356 Ἰσραὴλ
1638 4285 1737 4338 οὐκ
1767 4283 2102 4338 ἀποστέλλω.
2142 4303 2160 4354 ι

2273 3296 2330 3336 ιιι.
2354 3301 2452 3356 ego
2475 3284 2690 3354 quidem
2712 3284 2986 3347 existimo,
3041 3281 3196 3336 cedet
3225 3281 3553 3352 evangelica!
3581 3283 3844 3352 praedica-

2274 3374 2434 3436 tioni,
2485 3386 2544 3428 ut
2582 3375 2789 3444 primas
2842 3374 2980 3428 ferat
3018 3384 3072 3426 et
3117 3374 3360 3439 evincat,
3398 3374 3496 3428 etsi
3552 3374 3682 3428 olim
3722 3388 3845 3428 cum

2273 3465 2384 3520 D-o
2443 3464 2742 3529 bellaverit,
2792 3473 2849 3518 et
2894 3465 3108 3518 veritati
3158 3464 3429 3517 obstiterit
3465 3479 3478 3515 :
3514 3464 3672 3519 talem
3724 3481 3846 3522 esse

2273 3558 2606 3613 Pharaonem
2640 3555 2921 3611 manifeste
2947 3555 3112 3628 284
3137 3556 3491 3610 inveniemus.
3513 3556 3684 3611 Muses
3701 3558 3845 3612 enim

2271 3665 2548 3704 sacrorum
2598 3649 2826 3702 antistes
2882 3660 3069 3716 aperte
3121 3649 3299 3702 dixit:
3346 3667 3362 3698 ι
3419 3649 3556 3702 licus
3600 3646 3849 3703 l'lebrteo-

2276 3757 2394 3795 rum
2450 3741 2598 3795 misit
2646 3756 2746 3794 nos
2791 3739 2857 3792 ad
2893 3751 2965 3803 te,
3022 3739 3206 3793 dicens
3259 3755 3272 3790 :
3325 3739 3544 3794 Dimitte
3595 3740 3846 3808 populum

2275 3847 2448 3886 meum
2470 3843 2528 3885 ut
2547 3833 2784 3886 serviant
2806 3833 2934 3885 mihi
2958 3833 3009 3883 in
3033 3845 3265 3884 eremon
3294 3829 3499 3896 Quibus
3524 3832 3608 3886 ille
3628 3849 3640 3883 :
3663 3849 3680 3882 ι
3714 3832 3846 3898 Quis

2273 3935 2353 3977 est
2371 3924 2394 3976 ?
2414 3942 2432 3974 ι
2459 3923 2646 3992 inquit.
2679 3942 2697 3974 ι
2719 3922 2833 3976 Νοιι
2862 3922 3072 3975 audiam
3090 3937 3274 3974 vocem
3299 3923 3445 3991 cjus';
3465 3939 3567 3976 nun
3595 3925 3711 3976 navi
3739 3923 3846 3978 Do-

2276 4018 2502 4081 tuinnm,
2529 4016 2852 4070 etlsraelem
2882 4032 2984 4068 non
3012 4015 3279 4069 dimittam
3315 4013 3382 4066 ⁵³.
3418 4033 3435 4064 ι
3477 4015 3702 4068 Delii-iet
3748 4014 3848 4083 igi-

2279 4119 2365 4161 tur
2384 4124 2479 4161 cor
2511 4122 2699 4162 eorum
2734 4107 2785 4161 iu
2819 4106 3036 4174 ipsis,it|
3068 4115 3169 4166 est,
3205 4121 3308 4158 non
3333 4105 3438 4159 erit
3471 4106 3845 4160 refractarium

2274 4203 2326 4246 et
2361 4195 2626 4262 pertinax,
2674 4210 2778 4248 non
2815 4194 3006 4247 durum
3054 4202 3110 4246 et
3149 4193 3538 4247 iuetnemlabile
3586 4196 3846 4259 manebit,

2275 4283 2369 4338 sed
2409 4285 2846 4354 praedicationem
2877 4284 3056 4355 potius
3081 4283 3371 4338 salutarem
3399 4282 3666 4340 admittet.

594 4380 988 4450 ἠττηοήσεται
1017 4377 1126 4446 γάρ
1159 4378 1192 4447 ἠ
1229 4375 1426 4446 καρδία
1462 4376 1640 4430 αὐτῶν
1670 4377 1726 4428 ὲν
1766 4376 1974 4439 αὐτοῖς,
2009 4375 2154 4428 τοῦτ’
2186 4375 2356 4442 ἔστιν⁹
2385 4377 2486 4430 οὐκ
2541 4376 2866 4447 ἄθραυστος,
2903 4375 3022 4430 οὐδὲ
3067 4373 3278 4445 σκληρά
3301 4415 3315 4439 ,
3359 4374 3454 4427 καὶ
3493 4375 3848 4446 ἀνουθέτητος

577 4473 858 4544 διαμενεῖ*
888 4468 1245 4539 παραδέξεται
1275 4468 1332 4522 δὲ
1369 4469 1568 4538 μᾶλλον
1600 4469 1661 4522 τὺ
1695 4469 1959 4539 σωτήριον
1985 4470 2261 4540 κήρυγμα.

653 4565 763 4619 Kal
840 4560 1343 4631 ἐπεγερθήσονται
1411 4560 1718 4630 Αἰγύπτιοι
1788 4560 1939 4627 πρὸς
2003 4563 2172 4629 Αἰγυ-
2206 4569 2248 4623 ι)
2347 4559 2564 4615 Vens?

1934 4581 1939 4594 ι
2003 4563 2172 4629 Αἰγυ-
2206 4569 2248 4623 ι)
2347 4559 2508 4615 Vens.
2541 4560 2596 4623 2,
2646 4560 2699 4613 5.
2756 4556 2820 4610 Et
2867 4559 3266 4612 comitabuntur
3307 4559 3545 4628 .IEgyptii
3597 4560 3845 4614 adversus

579 4658 817 4721 :m‘ovc,
842 4654 939 4708 καί
961 4652 1291 4720 πολεμήσει
1313 4650 1622 4719 ἄνθρωπος
1644 4651 1751 4706 τὸν
1774 4651 2042 4721 ἀδελφὸν
2067 4654 2172 4706 αὺ-

573 4748 705 4808 τοῦ,
730 4746 836 4800 καὶ
869 4745 1181 4812 ἄνθρωπος
1214 4742 1321 4796 τὸν
1345 4743 1616 4810 πλησίον
1645 4742 1855 4798 αὑτοῦ.
1897 4743 2006 4797 Καὶ
2063 4744 2169 4797 ἐπ·

568 4839 972 4908 εγερθήσεται
1014 4837 1194 4900 πόλις
1229 4834 1328 4888 ἐπί
1355 4835 1538 4888 πόλιν
1558 4874 1573 4897 ,
1610 4835 1708 4890 καί
1731 4836 1916 4905 νομὸς
1949 4836 2046 4889 ἐπὶ
2073 4853 2170 4890 νο-

2277 4651 2578 4722 ngyptios,
2623 4661 2669 4704 et
2728 4649 3038 4718 uppttgnnbt't
3089 4648 3242 4700 Itomo
3303 4648 3520 4716 fratrem
3573 4663 3746 4710 suum,
3799 4658 3846 4699 et

2275 4749 2428 4798 homo
2460 4744 2685 4796 vicinum
2715 4757 2891 4796 suum.
2931 4739 2996 4794 Et
3037 4739 3389 4793 concitabitur
3440 4740 3618 4791 civitas
3667 4751 3848 4794 contra

2274 4838 2559 4897 civitatem,
2593 4845 2639 4889 el
2663 4833 2972 4903 prefeclura
3001 4833 3461 4900 iupmrfecturam.
3496 4829 3847 4884 Conturbabi-

559 4933 694 5000 μόν
715 4931 820 5000 (1).
854 4926 968 4982 Kal
1000 4924 1436 4994 ταραχθήσεται
1479 4925 1548 4979 τὸ
1581 4927 1816 4996 πνεῦμα
1853 4925 1972 4980 τῶν
1992 4929 2170 4997 Αἰγυ-

560 5023 766 5076 πτίων
793 5021 865 5074 ἐν
887 5019 1116 5083 αὐτοῖς,
1149 5016 1247 5070 καί
1279 5016 1394 5086 τὴν
1425 5018 1673 5086 βουλὴν
1701 5017 1902 5072 αὐτῶν
1933 5018 2164 5074 διασκε-

555 5111 766 5166 ﬁdem.

656 5201 842 5264 Τοῦτο,
882 5194 1059 5270 οἶμαι,
1089 5198 1235 5251 ἐστὶν
1251 5197 1496 5269 ἐναργῶς
1524 5197 1708 5270 ἕτερον
1735 5198 1909 5264 οὐδὲν,
1937 5199 1969 5270 ἤ
1999 5199 2174 5253 ἐκεῖνό
2348 5196 2460 5250 lloc
2498 5195 2563 5267 pl:

1937 5199 2174 5270 ἤέκεῐνὸ
2348 5196 2460 5250 lloc
2498 5195 2654 5267 plane
2693 5193 2837 5248 aliud
2885 5192 3018 5248 nihil
3057 5199 3163 5254 est,
3217 5191 3474 5251 arbitror,
3514 5202 3672 5257 quam
3705 5189 3845 5257 quod

551 5308 692 5344 που
728 5293 944 5354 πάντως
989 5291 1128 5361 ὅπερ
1161 5290 1265 5360 ἔφη
1295 5291 1528 5361 Χριστός
1553 5308 1568 5323 ο
1605 5310 1622 5342 ι
1669 5292 1760 5361 Μὴ
1803 5291 2061 5361 νομίσητε
2089 5292 2171 5345 ὅτι
2275 5290 2462 5346 dixitC

1937 5308 2061 5360 σητε
2089 5292 2171 5345 ὅτι
2275 5291 2412 5346 dixit
2437 5289 2685 5344 Christus
2723 5305 2737 5342 :
2776 5304 2794 5337 ι
2829 5285 3004 5341 Nolite
3038 5295 3229 5353 putare
3270 5297 3354 5338 me
3387 5281 3598 5336 venisse
3628 5280 3696 5334 ad
3731 5283 3848 5335 tuit-

543 5383 747 5456 ἦλθον
777 5383 955 5454 βαλεῖν
980 5383 1205 5452 εἰρήνην
1233 5382 1326 5434 ἐπὶ
1350 5383 1446 5453 τὴν
1475 5384 1577 5454 γῆν
1598 5396 1612 5411 ⁸
1654 5384 1755 5437 οὐκ
1787 5379 1951 5456 ἦλθον
1991 5384 2171 5454 βαλεῖν
2276 5383 2454 5436 tendut

1937 5401 1951 5435 ρ
1991 5384 2171 5454 βαλεῖν
2276 5383 2493 5436 tendum
2526 5397 2711 5450 pacem
2761 5381 2812 5435 iu
2862 5388 3088 5446 terram;
3121 5393 3225 5432 non
3261 5376 3380 5432 veni
3422 5387 3481 5432 ttt
3508 5374 3719 5429 mittam
3750 5389 3848 5442 pa-

537 5476 825 5548 εξρήνην,
850 5475 985 5529 ἀλλὰ
1021 5477 1315 5546 μάχαιραν.
1348 5471 1550 5528 Ἦλθον
1580 5474 1688 5546 γὰρ
1720 5475 1936 5546 διχάσαι
1959 5475 2170 5547 ἄνθρω-
2273 5491 2414 5542 cem,
2440 5493 2448 5527 ε

1959 5475 2170 5547 ἄνθρω-
2273 5477 2532 5542 ccm,sed
2561 5474 2818 5546 gladium.
2873 5471 3004 5528 Veni
3043 5469 3187 5526 enim
3235 5479 3294 5524 ut
3339 5467 3603 5524 dissidere
3652 5465 3847 5519 faciam

2275 4937 2362 4982 tur
2393 4927 2615 4993 spiritus
2641 4923 3017 4995 zEgyptiorum
3044 4926 3096 4978 in
3117 4925 3262 4993 ἔμιξε,
3287 4932 3332 4975 rt
3368 4922 3642 4976 consilium
3667 4938 3847 4976 eorum

2271 5019 2558 5088 dissipabo.

652 5630 709 5660 ”
745 5630 904 5686 Exod.
942 5646 994 5696 v,
1035 5631 1088 5688 2.
1125 5631 1180 5690 5.

651 5806 741 5876 (Ι)
768 5807 922 5878 LXX,
959 5809 1123 5880 νόμος
1157 5807 1249 5862 ἐπὶ
1277 5808 1459 5882 νόμον,
1495 5808 1577 5863 [cx
1619 5810 1671 5863 in
1706 5807 1891 5879 legem.
