  <div class='ocr_page' id='page_1' title='image "/cluster/home/n/w/nwhite01/storage/ocr_20150623/70/hvd.32044019207901/235.png"; bbox 0 0 4840 6490; ppageno 0'>
   <div class='ocr_carea' id='block_1_1' title="bbox 1016 409 1126 465">
    <p class='ocr_par' dir='ltr' id='par_1_1' title="bbox 1016 409 1126 465">
     <span class='ocr_line' id='line_1_1' title="bbox 1016 409 1126 465; baseline 0 0"><span class='ocrx_word' id='word_1_1' title='bbox 1016 409 1126 465; x_wconf 58' lang='grc'><strong>835</strong></span> 
     </span>
    </p>
   </div>
   <div class='ocr_carea' id='block_1_2' title="bbox 2011 394 3264 458">
    <p class='ocr_par' dir='ltr' id='par_1_2' title="bbox 2011 394 3264 458">
     <span class='ocr_line' id='line_1_2' title="bbox 2011 394 3264 458; baseline -0.006 -1"><span class='ocrx_word' id='word_1_2' title='bbox 2011 403 2066 458; x_wconf 84' lang='lat' dir='ltr'><strong>S.</strong></span> <span class='ocrx_word' id='word_1_3' title='bbox 2109 399 2386 457; x_wconf 75' lang='lat' dir='ltr'><strong>CYRILIJ</strong></span> <span class='ocrx_word' id='word_1_4' title='bbox 2428 396 2899 454; x_wconf 76' lang='lat' dir='ltr'><strong>ALEXANDRINI</strong></span> <span class='ocrx_word' id='word_1_5' title='bbox 2940 394 3264 451; x_wconf 73' lang='lat' dir='ltr'><strong>ARCIIIEP.</strong></span> 
     </span>
    </p>
   </div>
   <div class='ocr_carea' id='block_1_3' title="bbox 4187 386 4290 447">
    <p class='ocr_par' dir='ltr' id='par_1_3' title="bbox 4187 386 4290 447">
     <span class='ocr_line' id='line_1_3' title="bbox 4187 386 4290 447; baseline 0.01 -1"><span class='ocrx_word' id='word_1_6' title='bbox 4187 386 4290 447; x_wconf 67' lang='lat'><strong>4’56</strong></span> 
     </span>
    </p>
   </div>
   <div class='ocr_carea' id='block_1_4' title="bbox 1021 508 2932 587">
    <p class='ocr_par' dir='ltr' id='par_1_4' title="bbox 1021 516 2932 587">
     <span class='ocr_line' id='line_1_4' title="bbox 1021 516 2932 587; baseline -0.007 -9"><span class='ocrx_word' id='word_1_7' title='bbox 1021 523 1294 580; x_wconf 84' lang='lat' dir='ltr'><strong>hominem</strong></span> <span class='ocrx_word' id='word_1_8' title='bbox 1327 527 1514 575; x_wconf 88' lang='lat' dir='ltr'><strong>contra</strong></span> <span class='ocrx_word' id='word_1_9' title='bbox 1571 526 1777 587; x_wconf 64' lang='lat' dir='ltr'><strong>patrem</strong></span> <span class='ocrx_word' id='word_1_10' title='bbox 1838 530 2020 580; x_wconf 90' lang='lat' dir='ltr'><strong>suum,</strong></span> <span class='ocrx_word' id='word_1_11' title='bbox 2085 526 2138 569; x_wconf 92' lang='lat' dir='ltr'><strong>et</strong></span> <span class='ocrx_word' id='word_1_12' title='bbox 2196 516 2361 570; x_wconf 82' lang='lat' dir='ltr'><strong>ﬁliam</strong></span> <span class='ocrx_word' id='word_1_13' title='bbox 2409 522 2594 569; x_wconf 88' lang='lat' dir='ltr'><strong>contra</strong></span> <span class='ocrx_word' id='word_1_14' title='bbox 2627 527 2802 583; x_wconf 56' lang='grc' dir='ltr'><strong>⁸Απον</strong></span> <span class='ocrx_word' id='word_1_15' title='bbox 2835 529 2932 565; x_wconf 86' lang='grc' dir='ltr'><strong>κατ</strong></span> 
     </span>
    </p>
   </div>
   <div class='ocr_carea' id='block_1_5' title="bbox 2377 508 4288 587">
    <p class='ocr_par' dir='ltr' id='par_1_5' title="bbox 2409 508 4288 583">
     <span class='ocr_line' id='line_1_5' title="bbox 2409 508 4288 583; baseline -0.004 -15"><span class='ocrx_word' id='word_1_16' title='bbox 2409 522 2594 569; x_wconf 89' lang='lat' dir='ltr'><strong>contra</strong></span> <span class='ocrx_word' id='word_1_17' title='bbox 2627 527 2674 583; x_wconf 70' lang='grc' dir='ltr'><strong>Α</strong></span> <span class='ocrx_word' id='word_1_18' title='bbox 2701 528 2802 565; x_wconf 85' lang='grc' dir='ltr'><strong>πον</strong></span> <span class='ocrx_word' id='word_1_19' title='bbox 2835 510 2975 565; x_wconf 77' lang='grc' dir='ltr'>κατὰ</span> <span class='ocrx_word' id='word_1_20' title='bbox 3008 509 3102 563; x_wconf 79' lang='grc' dir='ltr'>τοῦ</span> <span class='ocrx_word' id='word_1_21' title='bbox 3133 510 3338 581; x_wconf 70' lang='grc' dir='ltr'>πατρὸς</span> <span class='ocrx_word' id='word_1_22' title='bbox 3365 508 3555 575; x_wconf 83' lang='grc' dir='ltr'>αὑτοῦ,</span> <span class='ocrx_word' id='word_1_23' title='bbox 3582 510 3678 563; x_wconf 76' lang='grc' dir='ltr'><strong>καὶ</strong></span> <span class='ocrx_word' id='word_1_24' title='bbox 3720 508 3997 579; x_wconf 79' lang='grc' dir='ltr'><strong>θυγατέρα</strong></span> <span class='ocrx_word' id='word_1_25' title='bbox 4028 508 4171 561; x_wconf 78' lang='grc' dir='ltr'>κατᾶ</span> <span class='ocrx_word' id='word_1_26' title='bbox 4196 511 4288 578; x_wconf 83' lang='grc' dir='ltr'>τῆς</span> 
     </span>
    </p>
   </div>
   <div class='ocr_carea' id='block_1_6' title="bbox 1021 614 2603 676">
    <p class='ocr_par' dir='ltr' id='par_1_6' title="bbox 1021 614 2603 676">
     <span class='ocr_line' id='line_1_6' title="bbox 1021 614 2603 676; baseline -0.008 -4"><span class='ocrx_word' id='word_1_27' title='bbox 1021 629 1248 672; x_wconf 82' lang='lat' dir='ltr'><strong>matrem</strong></span> <span class='ocrx_word' id='word_1_28' title='bbox 1280 630 1455 676; x_wconf 86' lang='lat' dir='ltr'><strong>suam,</strong></span> <span class='ocrx_word' id='word_1_29' title='bbox 1486 621 1541 667; x_wconf 89' lang='lat' dir='ltr'><strong>et</strong></span> <span class='ocrx_word' id='word_1_30' title='bbox 1578 625 1771 665; x_wconf 85' lang='lat' dir='ltr'><strong>nurum</strong></span> <span class='ocrx_word' id='word_1_31' title='bbox 1814 620 2004 664; x_wconf 81' lang='lat' dir='ltr'><strong>contra</strong></span> <span class='ocrx_word' id='word_1_32' title='bbox 2062 624 2278 663; x_wconf 85' lang='lat' dir='ltr'><strong>socrum</strong></span> <span class='ocrx_word' id='word_1_33' title='bbox 2319 624 2494 672; x_wconf 88' lang='lat' dir='ltr'><strong>suam,</strong></span> <span class='ocrx_word' id='word_1_34' title='bbox 2546 614 2603 660; x_wconf 89' lang='lat' dir='ltr'><strong>et</strong></span> 
     </span>
    </p>
   </div>
   <div class='ocr_carea' id='block_1_7' title="bbox 1023 698 2598 771">
    <p class='ocr_par' dir='ltr' id='par_1_7' title="bbox 1023 698 2598 771">
     <span class='ocr_line' id='line_1_7' title="bbox 1023 698 2598 771; baseline -0.007 -11"><span class='ocrx_word' id='word_1_35' title='bbox 1023 707 1225 760; x_wconf 77' lang='lat' dir='ltr'><strong>inimici</strong></span> <span class='ocrx_word' id='word_1_36' title='bbox 1261 719 1454 760; x_wconf 86' lang='lat' dir='ltr'><strong>omnes</strong></span> <span class='ocrx_word' id='word_1_37' title='bbox 1486 704 1731 758; x_wconf 78' lang='lat' dir='ltr'><strong>homines</strong></span> <span class='ocrx_word' id='word_1_38' title='bbox 1758 702 1848 771; x_wconf 90' lang='lat' dir='ltr'><strong>qtti</strong></span> <span class='ocrx_word' id='word_1_39' title='bbox 1883 702 1936 754; x_wconf 92' lang='lat' dir='ltr'><strong>in</strong></span> <span class='ocrx_word' id='word_1_40' title='bbox 1965 704 2126 754; x_wconf 89' lang='lat' dir='ltr'><strong>domo</strong></span> <span class='ocrx_word' id='word_1_41' title='bbox 2157 700 2275 769; x_wconf 85' lang='lat' dir='ltr'><strong>ejus</strong></span> <span class='ocrx_word' id='word_1_42' title='bbox 2318 711 2441 753; x_wconf 88' lang='lat' dir='ltr'><strong>sunt</strong></span> <span class='ocrx_word' id='word_1_43' title='bbox 2477 698 2546 751; x_wconf 79' lang='grc'><strong>⁸⁸.</strong></span> <span class='ocrx_word' id='word_1_44' title='bbox 2578 715 2598 749; x_wconf 74' lang='grc' dir='ltr'><strong>ι</strong></span> 
     </span>
    </p>
   </div>
   <div class='ocr_carea' id='block_1_8' title="bbox 1023 793 2603 862">
    <p class='ocr_par' dir='ltr' id='par_1_8' title="bbox 1023 793 2603 862">
     <span class='ocr_line' id='line_1_8' title="bbox 1023 793 2603 862; baseline -0.004 -11"><span class='ocrx_word' id='word_1_45' title='bbox 1023 798 1359 853; x_wconf 78' lang='lat' dir='ltr'><strong>Proclantata</strong></span> <span class='ocrx_word' id='word_1_46' title='bbox 1395 795 1538 851; x_wconf 82' lang='lat' dir='ltr'><strong>enim</strong></span> <span class='ocrx_word' id='word_1_47' title='bbox 1563 795 1743 847; x_wconf 87' lang='lat' dir='ltr'><strong>divina</strong></span> <span class='ocrx_word' id='word_1_48' title='bbox 1780 804 1828 846; x_wconf 79' lang='lat' dir='ltr'><strong>et</strong></span> <span class='ocrx_word' id='word_1_49' title='bbox 1863 794 2172 862; x_wconf 73' lang='lat' dir='ltr'><strong>evangelica</strong></span> <span class='ocrx_word' id='word_1_50' title='bbox 2202 793 2603 860; x_wconf 54' lang='lat' dir='ltr'><strong>praedicatione,</strong></span> 
     </span>
    </p>
   </div>
   <div class='ocr_carea' id='block_1_9' title="bbox 1021 884 2607 956">
    <p class='ocr_par' dir='ltr' id='par_1_9' title="bbox 1021 884 2607 956">
     <span class='ocr_line' id='line_1_9' title="bbox 1021 884 2607 956; baseline -0.004 -14"><span class='ocrx_word' id='word_1_51' title='bbox 1021 888 1369 942; x_wconf 75' lang='lat' dir='ltr'><strong>obseivantia</strong></span> <span class='ocrx_word' id='word_1_52' title='bbox 1418 902 1543 956; x_wconf 80' lang='lat' dir='ltr'><strong>erga</strong></span> <span class='ocrx_word' id='word_1_53' title='bbox 1598 895 1853 956; x_wconf 85' lang='lat' dir='ltr'><strong>parentes</strong></span> <span class='ocrx_word' id='word_1_54' title='bbox 1901 885 2228 952; x_wconf 84' lang='lat' dir='ltr'><strong>posthabita,</strong></span> <span class='ocrx_word' id='word_1_55' title='bbox 2284 884 2498 937; x_wconf 88' lang='lat' dir='ltr'><strong>inimica</strong></span> <span class='ocrx_word' id='word_1_56' title='bbox 2542 897 2607 936; x_wconf 90' lang='lat' dir='ltr'><strong>ac</strong></span> 
     </span>
    </p>
   </div>
   <div class='ocr_carea' id='block_1_10' title="bbox 1030 970 2605 1048">
    <p class='ocr_par' dir='ltr' id='par_1_10' title="bbox 1030 970 2605 1048">
     <span class='ocr_line' id='line_1_10' title="bbox 1030 970 2605 1048; baseline -0.006 -16"><span class='ocrx_word' id='word_1_57' title='bbox 1030 980 1199 1033; x_wconf 82' lang='lat' dir='ltr'><strong>invisa</strong></span> <span class='ocrx_word' id='word_1_58' title='bbox 1234 979 1364 1048; x_wconf 77' lang='lat' dir='ltr'><strong>ipsis</strong></span> <span class='ocrx_word' id='word_1_59' title='bbox 1411 977 1715 1044; x_wconf 73' lang='lat' dir='ltr'><strong>cogitarunt</strong></span> <span class='ocrx_word' id='word_1_60' title='bbox 1772 976 2037 1036; x_wconf 84' lang='lat' dir='ltr'><strong>homines,</strong></span> <span class='ocrx_word' id='word_1_61' title='bbox 2104 970 2173 1027; x_wconf 36' lang='lat' dir='ltr'><strong>et‘</strong></span> <span class='ocrx_word' id='word_1_62' title='bbox 2211 973 2350 1026; x_wconf 86' lang='lat' dir='ltr'><strong>bello</strong></span> <span class='ocrx_word' id='word_1_63' title='bbox 2400 981 2605 1025; x_wconf 85' lang='lat' dir='ltr'><strong>tantum</strong></span> 
     </span>
    </p>
   </div>
   <div class='ocr_carea' id='block_1_11' title="bbox 1022 1064 2603 1138">
    <p class='ocr_par' dir='ltr' id='par_1_11' title="bbox 1022 1064 2603 1138">
     <span class='ocr_line' id='line_1_11' title="bbox 1022 1064 2603 1138; baseline -0.004 -14"><span class='ocrx_word' id='word_1_64' title='bbox 1022 1088 1129 1124; x_wconf 84' lang='lat' dir='ltr'><strong>non</strong></span> <span class='ocrx_word' id='word_1_65' title='bbox 1177 1087 1273 1138; x_wconf 85' lang='lat' dir='ltr'><strong>pro</strong></span> <span class='ocrx_word' id='word_1_66' title='bbox 1309 1070 1425 1137; x_wconf 74' lang='lat' dir='ltr'><strong>lege</strong></span> <span class='ocrx_word' id='word_1_67' title='bbox 1473 1078 1785 1131; x_wconf 77' lang='lat' dir='ltr'><strong>concitato,</strong></span> <span class='ocrx_word' id='word_1_68' title='bbox 1842 1067 1891 1117; x_wconf 91' lang='lat' dir='ltr'><strong>in</strong></span> <span class='ocrx_word' id='word_1_69' title='bbox 1943 1065 2138 1117; x_wconf 66' lang='lat' dir='ltr'><strong>fratres</strong></span> <span class='ocrx_word' id='word_1_70' title='bbox 2176 1064 2603 1117; x_wconf 81' lang='lat' dir='ltr'><strong>insurrexerunt.</strong></span> 
     </span>
    </p>
   </div>
   <div class='ocr_carea' id='block_1_12' title="bbox 1026 1154 2610 1225">
    <p class='ocr_par' dir='ltr' id='par_1_12' title="bbox 1026 1154 2610 1225">
     <span class='ocr_line' id='line_1_12' title="bbox 1026 1154 2610 1225; baseline -0.004 -10"><span class='ocrx_word' id='word_1_71' title='bbox 1026 1162 1103 1216; x_wconf 87' lang='lat' dir='ltr'><strong>illi</strong></span> <span class='ocrx_word' id='word_1_72' title='bbox 1144 1164 1290 1215; x_wconf 85' lang='lat' dir='ltr'><strong>enim</strong></span> <span class='ocrx_word' id='word_1_73' title='bbox 1326 1162 1631 1215; x_wconf 81' lang='lat' dir='ltr'><strong>inveterato</strong></span> <span class='ocrx_word' id='word_1_74' title='bbox 1660 1157 1995 1225; x_wconf 75' lang='lat' dir='ltr'><strong>indulgentes</strong></span> <span class='ocrx_word' id='word_1_75' title='bbox 2030 1156 2226 1220; x_wconf 85' lang='lat' dir='ltr'><strong>errori,</strong></span> <span class='ocrx_word' id='word_1_76' title='bbox 2256 1164 2310 1209; x_wconf 89' lang='lat' dir='ltr'><strong>et</strong></span> <span class='ocrx_word' id='word_1_77' title='bbox 2334 1154 2398 1208; x_wconf 90' lang='lat' dir='ltr'><strong>ad</strong></span> <span class='ocrx_word' id='word_1_78' title='bbox 2443 1154 2610 1209; x_wconf 81' lang='lat' dir='ltr'><strong>idolo-</strong></span> 
     </span>
    </p>
   </div>
   <div class='ocr_carea' id='block_1_13' title="bbox 1028 1245 2609 1321">
    <p class='ocr_par' dir='ltr' id='par_1_13' title="bbox 1028 1245 2609 1321">
     <span class='ocr_line' id='line_1_13' title="bbox 1028 1245 2609 1321; baseline -0.005 -13"><span class='ocrx_word' id='word_1_79' title='bbox 1028 1271 1147 1309; x_wconf 90' lang='lat' dir='ltr'><strong>rum</strong></span> <span class='ocrx_word' id='word_1_80' title='bbox 1192 1252 1517 1321; x_wconf 82' lang='lat' dir='ltr'><strong>imposturas</strong></span> <span class='ocrx_word' id='word_1_81' title='bbox 1551 1249 1738 1302; x_wconf 75' lang='lat' dir='ltr'><strong>cili-eui</strong></span> <span class='ocrx_word' id='word_1_82' title='bbox 1774 1263 1932 1301; x_wconf 85' lang='lat' dir='ltr'><strong>cursu</strong></span> <span class='ocrx_word' id='word_1_83' title='bbox 1970 1256 2311 1316; x_wconf 88' lang='lat' dir='ltr'><strong>prorncntes,</strong></span> <span class='ocrx_word' id='word_1_84' title='bbox 2341 1245 2461 1299; x_wconf 84' lang='lat' dir='ltr'><strong>fidei</strong></span> <span class='ocrx_word' id='word_1_85' title='bbox 2494 1262 2609 1300; x_wconf 83' lang='lat' dir='ltr'><strong>ser-</strong></span> 
     </span>
    </p>
   </div>
   <div class='ocr_carea' id='block_1_14' title="bbox 1035 1337 2611 1410">
    <p class='ocr_par' dir='ltr' id='par_1_14' title="bbox 1035 1337 2611 1410">
     <span class='ocr_line' id='line_1_14' title="bbox 1035 1337 2611 1410; baseline -0.006 -13"><span class='ocrx_word' id='word_1_86' title='bbox 1035 1361 1248 1398; x_wconf 83' lang='lat' dir='ltr'><strong>monent</strong></span> <span class='ocrx_word' id='word_1_87' title='bbox 1304 1357 1409 1396; x_wconf 90' lang='lat' dir='ltr'><strong>non</strong></span> <span class='ocrx_word' id='word_1_88' title='bbox 1446 1341 1734 1410; x_wconf 85' lang='lat' dir='ltr'><strong>recipiunt.</strong></span> <span class='ocrx_word' id='word_1_89' title='bbox 1775 1338 1840 1393; x_wconf 91' lang='lat' dir='ltr'><strong>lli</strong></span> <span class='ocrx_word' id='word_1_90' title='bbox 1876 1347 2053 1391; x_wconf 86' lang='lat' dir='ltr'><strong>autem</strong></span> <span class='ocrx_word' id='word_1_91' title='bbox 2100 1337 2383 1391; x_wconf 87' lang='lat' dir='ltr'><strong>ridiculum</strong></span> <span class='ocrx_word' id='word_1_92' title='bbox 2416 1347 2471 1391; x_wconf 89' lang='lat' dir='ltr'><strong>et</strong></span> <span class='ocrx_word' id='word_1_93' title='bbox 2511 1338 2611 1390; x_wconf 85' lang='lat' dir='ltr'><strong>im-</strong></span> 
     </span>
    </p>
   </div>
   <div class='ocr_carea' id='block_1_15' title="bbox 1030 1427 2611 1502">
    <p class='ocr_par' dir='ltr' id='par_1_15' title="bbox 1030 1427 2611 1502">
     <span class='ocr_line' id='line_1_15' title="bbox 1030 1427 2611 1502; baseline -0.005 -15"><span class='ocrx_word' id='word_1_94' title='bbox 1030 1436 1176 1502; x_wconf 89' lang='lat' dir='ltr'><strong>pium</strong></span> <span class='ocrx_word' id='word_1_95' title='bbox 1225 1432 1443 1487; x_wconf 87' lang='lat' dir='ltr'><strong>omnino</strong></span> <span class='ocrx_word' id='word_1_96' title='bbox 1476 1435 1599 1495; x_wconf 87' lang='lat' dir='ltr'><strong>rati,</strong></span> <span class='ocrx_word' id='word_1_97' title='bbox 1628 1430 1763 1484; x_wconf 84' lang='lat' dir='ltr'><strong>velle</strong></span> <span class='ocrx_word' id='word_1_98' title='bbox 1796 1430 1922 1483; x_wconf 87' lang='lat' dir='ltr'><strong>deos</strong></span> <span class='ocrx_word' id='word_1_99' title='bbox 1973 1443 2001 1481; x_wconf 85' lang='lat' dir='ltr'><strong>a</strong></span> <span class='ocrx_word' id='word_1_100' title='bbox 2054 1443 2113 1482; x_wconf 90' lang='lat' dir='ltr'><strong>se</strong></span> <span class='ocrx_word' id='word_1_101' title='bbox 2163 1427 2458 1482; x_wconf 83' lang='lat' dir='ltr'><strong>fabricatos</strong></span> <span class='ocrx_word' id='word_1_102' title='bbox 2517 1427 2611 1480; x_wconf 86' lang='lat' dir='ltr'><strong>ad-</strong></span> 
     </span>
    </p>
   </div>
   <div class='ocr_carea' id='block_1_16' title="bbox 1029 1518 2611 1590">
    <p class='ocr_par' dir='ltr' id='par_1_16' title="bbox 1029 1518 2611 1590">
     <span class='ocr_line' id='line_1_16' title="bbox 1029 1518 2611 1590; baseline -0.006 -9"><span class='ocrx_word' id='word_1_103' title='bbox 1029 1542 1209 1590; x_wconf 74' lang='lat' dir='ltr'><strong>orare,</strong></span> <span class='ocrx_word' id='word_1_104' title='bbox 1258 1527 1324 1579; x_wconf 85' lang='lat' dir='ltr'><strong>ad</strong></span> <span class='ocrx_word' id='word_1_105' title='bbox 1355 1522 1600 1577; x_wconf 82' lang='lat' dir='ltr'><strong>veritatis</strong></span> <span class='ocrx_word' id='word_1_106' title='bbox 1627 1536 1902 1577; x_wconf 81' lang='lat' dir='ltr'><strong>sermones</strong></span> <span class='ocrx_word' id='word_1_107' title='bbox 1954 1518 2326 1584; x_wconf 87' lang='lat' dir='ltr'><strong>convolarunt,</strong></span> <span class='ocrx_word' id='word_1_108' title='bbox 2378 1526 2432 1572; x_wconf 90' lang='lat' dir='ltr'><strong>et</strong></span> <span class='ocrx_word' id='word_1_109' title='bbox 2486 1532 2611 1573; x_wconf 91' lang='lat' dir='ltr'><strong>cum</strong></span> 
     </span>
    </p>
   </div>
   <div class='ocr_carea' id='block_1_17' title="bbox 1035 1610 2614 1688">
    <p class='ocr_par' dir='ltr' id='par_1_17' title="bbox 1035 1610 2614 1688">
     <span class='ocr_line' id='line_1_17' title="bbox 1035 1610 2614 1688; baseline -0.006 -15"><span class='ocrx_word' id='word_1_110' title='bbox 1035 1618 1164 1673; x_wconf 90' lang='lat' dir='ltr'><strong>olim</strong></span> <span class='ocrx_word' id='word_1_111' title='bbox 1195 1620 1349 1688; x_wconf 78' lang='lat' dir='ltr'><strong>longe</strong></span> <span class='ocrx_word' id='word_1_112' title='bbox 1382 1617 1657 1678; x_wconf 84' lang='lat' dir='ltr'><strong>abessent,</strong></span> <span class='ocrx_word' id='word_1_113' title='bbox 1699 1612 1825 1667; x_wconf 86' lang='lat' dir='ltr'><strong>facti</strong></span> <span class='ocrx_word' id='word_1_114' title='bbox 1859 1620 1983 1666; x_wconf 90' lang='lat' dir='ltr'><strong>sunt</strong></span> <span class='ocrx_word' id='word_1_115' title='bbox 2010 1611 2319 1681; x_wconf 85' lang='lat' dir='ltr'><strong>propinqui,</strong></span> <span class='ocrx_word' id='word_1_116' title='bbox 2352 1620 2403 1665; x_wconf 87' lang='lat' dir='ltr'><strong>et</strong></span> <span class='ocrx_word' id='word_1_117' title='bbox 2436 1610 2614 1666; x_wconf 85' lang='lat' dir='ltr'><strong>deela-</strong></span> 
     </span>
    </p>
   </div>
   <div class='ocr_carea' id='block_1_18' title="bbox 1044 1698 2613 1777">
    <p class='ocr_par' dir='ltr' id='par_1_18' title="bbox 1044 1698 2613 1777">
     <span class='ocr_line' id='line_1_18' title="bbox 1044 1698 2613 1777; baseline -0.006 -16"><span class='ocrx_word' id='word_1_118' title='bbox 1044 1707 1147 1762; x_wconf 84' lang='lat' dir='ltr'><strong>rati</strong></span> <span class='ocrx_word' id='word_1_119' title='bbox 1178 1722 1275 1777; x_wconf 90' lang='lat' dir='ltr'><strong>per</strong></span> <span class='ocrx_word' id='word_1_120' title='bbox 1304 1705 1465 1760; x_wconf 86' lang='lat' dir='ltr'><strong>fidem</strong></span> <span class='ocrx_word' id='word_1_121' title='bbox 1505 1702 1786 1758; x_wconf 77' lang='lat' dir='ltr'><strong>domestici</strong></span> <span class='ocrx_word' id='word_1_122' title='bbox 1825 1700 2046 1765; x_wconf 83' lang='lat' dir='ltr'><strong>Christi,</strong></span> <span class='ocrx_word' id='word_1_123' title='bbox 2084 1716 2148 1755; x_wconf 87' lang='lat' dir='ltr'><strong>ac</strong></span> <span class='ocrx_word' id='word_1_124' title='bbox 2192 1699 2390 1763; x_wconf 89' lang='lat' dir='ltr'><strong>intimi,</strong></span> <span class='ocrx_word' id='word_1_125' title='bbox 2424 1708 2474 1754; x_wconf 93' lang='lat' dir='ltr'><strong>el</strong></span> <span class='ocrx_word' id='word_1_126' title='bbox 2503 1698 2613 1768; x_wconf 76' lang='lat' dir='ltr'><strong>spei</strong></span> 
     </span>
    </p>
   </div>
   <div class='ocr_carea' id='block_1_19' title="bbox 1032 1791 2616 1861">
    <p class='ocr_par' dir='ltr' id='par_1_19' title="bbox 1032 1791 2616 1861">
     <span class='ocr_line' id='line_1_19' title="bbox 1032 1791 2616 1861; baseline -0.006 -7"><span class='ocrx_word' id='word_1_127' title='bbox 1032 1808 1342 1855; x_wconf 87' lang='lat' dir='ltr'><strong>sanctorum</strong></span> <span class='ocrx_word' id='word_1_128' title='bbox 1381 1806 1435 1850; x_wconf 91' lang='lat' dir='ltr'><strong>et</strong></span> <span class='ocrx_word' id='word_1_129' title='bbox 1460 1795 1582 1850; x_wconf 79' lang='lat' dir='ltr'><strong>fidei</strong></span> <span class='ocrx_word' id='word_1_130' title='bbox 1610 1796 1663 1848; x_wconf 91' lang='lat' dir='ltr'><strong>in</strong></span> <span class='ocrx_word' id='word_1_131' title='bbox 1698 1791 1952 1848; x_wconf 67' lang='lat' dir='ltr'><strong>szeculum</strong></span> <span class='ocrx_word' id='word_1_132' title='bbox 1988 1794 2260 1845; x_wconf 69' lang='lat' dir='ltr'><strong>duraturae</strong></span> <span class='ocrx_word' id='word_1_133' title='bbox 2289 1791 2474 1861; x_wconf 85' lang='lat' dir='ltr'><strong>scripti</strong></span> <span class='ocrx_word' id='word_1_134' title='bbox 2504 1792 2616 1845; x_wconf 72' lang='lat' dir='ltr'><strong>lue-</strong></span> 
     </span>
    </p>
   </div>
   <div class='ocr_carea' id='block_1_20' title="bbox 1036 1872 2690 1956">
    <p class='ocr_par' dir='ltr' id='par_1_20' title="bbox 1036 1872 2690 1956">
     <span class='ocr_line' id='line_1_20' title="bbox 1036 1872 2690 1956; baseline -0.009 -10"><span class='ocrx_word' id='word_1_135' title='bbox 1036 1893 1213 1946; x_wconf 89' lang='lat' dir='ltr'><strong>redes.</strong></span> <span class='ocrx_word' id='word_1_136' title='bbox 1243 1888 1534 1944; x_wconf 87' lang='lat' dir='ltr'><strong>Concussis</strong></span> <span class='ocrx_word' id='word_1_137' title='bbox 1562 1886 1747 1956; x_wconf 80' lang='lat' dir='ltr'><strong>igitur,</strong></span> <span class='ocrx_word' id='word_1_138' title='bbox 1779 1885 1872 1949; x_wconf 89' lang='lat' dir='ltr'><strong>ait,</strong></span> <span class='ocrx_word' id='word_1_139' title='bbox 1905 1883 2233 1938; x_wconf 84' lang='lat' dir='ltr'><strong>mannfactis</strong></span> <span class='ocrx_word' id='word_1_140' title='bbox 2279 1881 2520 1954; x_wconf 64' lang='grc' dir='ltr'>Ᾱζεγιιιί,</span> <span class='ocrx_word' id='word_1_141' title='bbox 2549 1898 2615 1937; x_wconf 85' lang='lat' dir='ltr'><strong>eo</strong></span> <span class='ocrx_word' id='word_1_142' title='bbox 2649 1872 2690 1931; x_wconf 80' lang='grc' dir='ltr'><strong><em>Β</em></strong></span> 
     </span>
    </p>
   </div>
   <div class='ocr_carea' id='block_1_21' title="bbox 1032 1975 2616 2050">
    <p class='ocr_par' dir='ltr' id='par_1_21' title="bbox 1032 1975 2616 2050">
     <span class='ocr_line' id='line_1_21' title="bbox 1032 1975 2616 2050; baseline -0.004 -16"><span class='ocrx_word' id='word_1_143' title='bbox 1032 1982 1176 2050; x_wconf 86' lang='lat' dir='ltr'><strong>quod</strong></span> <span class='ocrx_word' id='word_1_144' title='bbox 1201 1980 1265 2033; x_wconf 83' lang='lat' dir='ltr'><strong>ad</strong></span> <span class='ocrx_word' id='word_1_145' title='bbox 1293 1995 1411 2036; x_wconf 87' lang='lat' dir='ltr'><strong>eam</strong></span> <span class='ocrx_word' id='word_1_146' title='bbox 1444 1978 1624 2034; x_wconf 88' lang='lat' dir='ltr'><strong>veniat</strong></span> <span class='ocrx_word' id='word_1_147' title='bbox 1658 1978 1913 2031; x_wconf 87' lang='lat' dir='ltr'><strong>Dominus</strong></span> <span class='ocrx_word' id='word_1_148' title='bbox 1958 1977 2009 2029; x_wconf 90' lang='lat' dir='ltr'><strong>in</strong></span> <span class='ocrx_word' id='word_1_149' title='bbox 2052 1976 2193 2031; x_wconf 89' lang='lat' dir='ltr'><strong>nube</strong></span> <span class='ocrx_word' id='word_1_150' title='bbox 2243 1975 2368 2039; x_wconf 82' lang='lat' dir='ltr'><strong>levi,</strong></span> <span class='ocrx_word' id='word_1_151' title='bbox 2424 1990 2616 2043; x_wconf 77' lang='lat' dir='ltr'><strong>magna</strong></span> 
     </span>
    </p>
   </div>
   <div class='ocr_carea' id='block_1_22' title="bbox 1032 2066 2615 2137">
    <p class='ocr_par' dir='ltr' id='par_1_22' title="bbox 1032 2066 2615 2137">
     <span class='ocr_line' id='line_1_22' title="bbox 1032 2066 2615 2137; baseline -0.006 -10"><span class='ocrx_word' id='word_1_152' title='bbox 1032 2074 1137 2127; x_wconf 86' lang='lat' dir='ltr'><strong>erit</strong></span> <span class='ocrx_word' id='word_1_153' title='bbox 1174 2071 1500 2125; x_wconf 79' lang='lat' dir='ltr'><strong>familiarum</strong></span> <span class='ocrx_word' id='word_1_154' title='bbox 1549 2079 1603 2124; x_wconf 92' lang='lat' dir='ltr'><strong>et</strong></span> <span class='ocrx_word' id='word_1_155' title='bbox 1650 2078 2002 2137; x_wconf 77' lang='lat' dir='ltr'><strong>cognatorum</strong></span> <span class='ocrx_word' id='word_1_156' title='bbox 2047 2068 2333 2133; x_wconf 82' lang='lat' dir='ltr'><strong>dissensio,</strong></span> <span class='ocrx_word' id='word_1_157' title='bbox 2378 2076 2431 2121; x_wconf 92' lang='lat' dir='ltr'><strong>et</strong></span> <span class='ocrx_word' id='word_1_158' title='bbox 2459 2066 2615 2131; x_wconf 88' lang='lat' dir='ltr'><strong>bella,</strong></span> 
     </span>
    </p>
   </div>
   <div class='ocr_carea' id='block_1_23' title="bbox 1037 2158 2620 2230">
    <p class='ocr_par' dir='ltr' id='par_1_23' title="bbox 1037 2158 2620 2230">
     <span class='ocr_line' id='line_1_23' title="bbox 1037 2158 2620 2230; baseline -0.002 -15"><span class='ocrx_word' id='word_1_159' title='bbox 1037 2173 1146 2215; x_wconf 91' lang='lat' dir='ltr'><strong>tum</strong></span> <span class='ocrx_word' id='word_1_160' title='bbox 1176 2160 1549 2230; x_wconf 71' lang='lat' dir='ltr'><strong>singulorum,</strong></span> <span class='ocrx_word' id='word_1_161' title='bbox 1589 2170 1699 2212; x_wconf 90' lang='lat' dir='ltr'><strong>tum</strong></span> <span class='ocrx_word' id='word_1_162' title='bbox 1741 2158 2112 2213; x_wconf 74' lang='lat' dir='ltr'><strong>universorum</strong></span> <span class='ocrx_word' id='word_1_163' title='bbox 2168 2176 2181 2211; x_wconf 89' lang='lat'><strong>:</strong></span> <span class='ocrx_word' id='word_1_164' title='bbox 2235 2159 2304 2210; x_wconf 88' lang='lat' dir='ltr'><strong>ita</strong></span> <span class='ocrx_word' id='word_1_165' title='bbox 2345 2165 2403 2212; x_wconf 90' lang='lat' dir='ltr'><strong>nt</strong></span> <span class='ocrx_word' id='word_1_166' title='bbox 2432 2158 2620 2212; x_wconf 76' lang='lat' dir='ltr'><strong>civitas</strong></span> 
     </span>
    </p>
   </div>
   <div class='ocr_carea' id='block_1_24' title="bbox 1038 2249 2619 2320">
    <p class='ocr_par' dir='ltr' id='par_1_24' title="bbox 1038 2249 2619 2320">
     <span class='ocr_line' id='line_1_24' title="bbox 1038 2249 2619 2320; baseline -0.004 -12"><span class='ocrx_word' id='word_1_167' title='bbox 1038 2254 1091 2308; x_wconf 86' lang='lat' dir='ltr'><strong>in</strong></span> <span class='ocrx_word' id='word_1_168' title='bbox 1118 2253 1419 2316; x_wconf 86' lang='lat' dir='ltr'><strong>civitatem,</strong></span> <span class='ocrx_word' id='word_1_169' title='bbox 1456 2249 1778 2319; x_wconf 66' lang='lat' dir='ltr'><strong>praefectura</strong></span> <span class='ocrx_word' id='word_1_170' title='bbox 1818 2251 1869 2304; x_wconf 85' lang='lat' dir='ltr'><strong>in</strong></span> <span class='ocrx_word' id='word_1_171' title='bbox 1901 2250 2272 2320; x_wconf 62' lang='lat' dir='ltr'><strong>praefecturam</strong></span> <span class='ocrx_word' id='word_1_172' title='bbox 2304 2249 2619 2319; x_wconf 86' lang='lat' dir='ltr'><strong>impressio-</strong></span> 
     </span>
    </p>
   </div>
   <div class='ocr_carea' id='block_1_25' title="bbox 1040 2339 2618 2408">
    <p class='ocr_par' dir='ltr' id='par_1_25' title="bbox 1040 2339 2618 2408">
     <span class='ocr_line' id='line_1_25' title="bbox 1040 2339 2618 2408; baseline -0.004 -9"><span class='ocrx_word' id='word_1_173' title='bbox 1040 2360 1161 2399; x_wconf 90' lang='lat' dir='ltr'><strong>nem</strong></span> <span class='ocrx_word' id='word_1_174' title='bbox 1198 2343 1272 2399; x_wconf 88' lang='lat' dir='ltr'><strong>sit</strong></span> <span class='ocrx_word' id='word_1_175' title='bbox 1317 2341 1546 2397; x_wconf 84' lang='lat' dir='ltr'><strong>factura.</strong></span> <span class='ocrx_word' id='word_1_176' title='bbox 1587 2341 1790 2398; x_wconf 76' lang='lat' dir='ltr'><strong>Nonius</strong></span> <span class='ocrx_word' id='word_1_177' title='bbox 1831 2353 2011 2395; x_wconf 87' lang='lat' dir='ltr'><strong>autem</strong></span> <span class='ocrx_word' id='word_1_178' title='bbox 2055 2341 2253 2395; x_wconf 89' lang='lat' dir='ltr'><strong>dicitur</strong></span> <span class='ocrx_word' id='word_1_179' title='bbox 2299 2341 2366 2393; x_wconf 88' lang='lat' dir='ltr'><strong>ab</strong></span> <span class='ocrx_word' id='word_1_180' title='bbox 2401 2339 2485 2393; x_wconf 84' lang='lat' dir='ltr'><strong>Itis</strong></span> <span class='ocrx_word' id='word_1_181' title='bbox 2528 2340 2618 2408; x_wconf 89' lang='lat' dir='ltr'><strong>qui</strong></span> 
     </span>
    </p>
   </div>
   <div class='ocr_carea' id='block_1_26' title="bbox 1044 2432 2622 2504">
    <p class='ocr_par' dir='ltr' id='par_1_26' title="bbox 1044 2432 2622 2504">
     <span class='ocr_line' id='line_1_26' title="bbox 1044 2432 2622 2504; baseline -0.001 -17"><span class='ocrx_word' id='word_1_182' title='bbox 1044 2435 1318 2503; x_wconf 79' lang='lat' dir='ltr'><strong>regionem</strong></span> <span class='ocrx_word' id='word_1_183' title='bbox 1350 2432 1731 2504; x_wconf 63' lang='lat' dir='ltr'><strong>Egyptiornm</strong></span> <span class='ocrx_word' id='word_1_184' title='bbox 1785 2432 1948 2504; x_wconf 74' lang='lat'><strong>285</strong></span> <span class='ocrx_word' id='word_1_185' title='bbox 1988 2433 2251 2498; x_wconf 88' lang='lat' dir='ltr'><strong>incolunt,</strong></span> <span class='ocrx_word' id='word_1_186' title='bbox 2291 2447 2622 2501; x_wconf 63' lang='lat' dir='ltr'><strong>unaquaeque</strong></span> 
     </span>
    </p>
   </div>
   <div class='ocr_carea' id='block_1_27' title="bbox 1038 2525 2622 2595">
    <p class='ocr_par' dir='ltr' id='par_1_27' title="bbox 1038 2525 2622 2595">
     <span class='ocr_line' id='line_1_27' title="bbox 1038 2525 2622 2595; baseline -0.001 -17"><span class='ocrx_word' id='word_1_187' title='bbox 1038 2526 1230 2578; x_wconf 74' lang='lat' dir='ltr'><strong>tivitas</strong></span> <span class='ocrx_word' id='word_1_188' title='bbox 1270 2532 1325 2579; x_wconf 91' lang='lat' dir='ltr'><strong>et</strong></span> <span class='ocrx_word' id='word_1_189' title='bbox 1364 2525 1530 2580; x_wconf 90' lang='lat' dir='ltr'><strong>vicini</strong></span> <span class='ocrx_word' id='word_1_190' title='bbox 1576 2526 1713 2595; x_wconf 70' lang='lat' dir='ltr'><strong>agri,</strong></span> <span class='ocrx_word' id='word_1_191' title='bbox 1754 2536 1807 2580; x_wconf 87' lang='lat' dir='ltr'><strong>et</strong></span> <span class='ocrx_word' id='word_1_192' title='bbox 1854 2526 1971 2595; x_wconf 73' lang='lat' dir='ltr'><strong>pagi</strong></span> <span class='ocrx_word' id='word_1_193' title='bbox 2014 2526 2104 2594; x_wconf 89' lang='lat' dir='ltr'><strong>qui</strong></span> <span class='ocrx_word' id='word_1_194' title='bbox 2139 2526 2186 2579; x_wconf 90' lang='lat' dir='ltr'><strong>ei</strong></span> <span class='ocrx_word' id='word_1_195' title='bbox 2248 2525 2499 2588; x_wconf 83' lang='lat' dir='ltr'><strong>subsunt,</strong></span> <span class='ocrx_word' id='word_1_196' title='bbox 2557 2538 2622 2577; x_wconf 86' lang='lat' dir='ltr'><strong>ac</strong></span> 
     </span>
    </p>
   </div>
   <div class='ocr_carea' id='block_1_28' title="bbox 1044 2613 2621 2683">
    <p class='ocr_par' dir='ltr' id='par_1_28' title="bbox 1044 2613 2621 2683">
     <span class='ocr_line' id='line_1_28' title="bbox 1044 2613 2621 2683; baseline 0.002 -19"><span class='ocrx_word' id='word_1_197' title='bbox 1044 2614 1169 2667; x_wconf 85' lang='lat' dir='ltr'><strong>trita</strong></span> <span class='ocrx_word' id='word_1_198' title='bbox 1209 2622 1294 2667; x_wconf 89' lang='lat' dir='ltr'><strong>est</strong></span> <span class='ocrx_word' id='word_1_199' title='bbox 1332 2613 1470 2683; x_wconf 88' lang='lat' dir='ltr'><strong>apud</strong></span> <span class='ocrx_word' id='word_1_200' title='bbox 1506 2630 1601 2668; x_wconf 87' lang='lat' dir='ltr'><strong>eos</strong></span> <span class='ocrx_word' id='word_1_201' title='bbox 1633 2617 1745 2670; x_wconf 76' lang='lat' dir='ltr'><strong>lucc</strong></span> <span class='ocrx_word' id='word_1_202' title='bbox 1784 2615 1972 2669; x_wconf 84' lang='lat' dir='ltr'><strong>dictio.</strong></span> <span class='ocrx_word' id='word_1_203' title='bbox 2008 2616 2212 2671; x_wconf 87' lang='lat' dir='ltr'><strong>Deinde</strong></span> <span class='ocrx_word' id='word_1_204' title='bbox 2234 2615 2310 2668; x_wconf 87' lang='lat' dir='ltr'><strong>ait</strong></span> <span class='ocrx_word' id='word_1_205' title='bbox 2356 2631 2371 2668; x_wconf 88' lang='lat'><strong>:</strong></span> <span class='ocrx_word' id='word_1_206' title='bbox 2407 2614 2621 2668; x_wconf 83' lang='lat' dir='ltr'><strong>Turba-</strong></span> 
     </span>
    </p>
   </div>
   <div class='ocr_carea' id='block_1_29' title="bbox 1040 2705 2619 2777">
    <p class='ocr_par' dir='ltr' id='par_1_29' title="bbox 1040 2705 2619 2777">
     <span class='ocr_line' id='line_1_29' title="bbox 1040 2705 2619 2777; baseline -0.001 -18"><span class='ocrx_word' id='word_1_207' title='bbox 1040 2705 1186 2761; x_wconf 90' lang='lat' dir='ltr'><strong>bitnr</strong></span> <span class='ocrx_word' id='word_1_208' title='bbox 1235 2705 1462 2775; x_wconf 88' lang='lat' dir='ltr'><strong>spiritus</strong></span> <span class='ocrx_word' id='word_1_209' title='bbox 1504 2705 1884 2777; x_wconf 60' lang='lat' dir='ltr'><strong>Egyptiormn</strong></span> <span class='ocrx_word' id='word_1_210' title='bbox 1938 2707 1991 2760; x_wconf 91' lang='lat' dir='ltr'><strong>in</strong></span> <span class='ocrx_word' id='word_1_211' title='bbox 2039 2706 2191 2775; x_wconf 87' lang='lat' dir='ltr'><strong>ipsis,</strong></span> <span class='ocrx_word' id='word_1_212' title='bbox 2242 2716 2297 2759; x_wconf 89' lang='lat' dir='ltr'><strong>et</strong></span> <span class='ocrx_word' id='word_1_213' title='bbox 2335 2705 2619 2760; x_wconf 87' lang='lat' dir='ltr'><strong>consilium</strong></span> 
     </span>
    </p>
   </div>
   <div class='ocr_carea' id='block_1_30' title="bbox 1041 2798 2619 2869">
    <p class='ocr_par' dir='ltr' id='par_1_30' title="bbox 1041 2798 2619 2869">
     <span class='ocr_line' id='line_1_30' title="bbox 1041 2798 2619 2869; baseline -0.001 -16"><span class='ocrx_word' id='word_1_214' title='bbox 1041 2814 1228 2853; x_wconf 86' lang='lat' dir='ltr'><strong>eorum</strong></span> <span class='ocrx_word' id='word_1_215' title='bbox 1264 2800 1561 2867; x_wconf 81' lang='lat' dir='ltr'><strong>dissipabo.</strong></span> <span class='ocrx_word' id='word_1_216' title='bbox 1598 2801 1839 2855; x_wconf 83' lang='lat' dir='ltr'><strong>Dicimus</strong></span> <span class='ocrx_word' id='word_1_217' title='bbox 1880 2810 2059 2853; x_wconf 89' lang='lat' dir='ltr'><strong>autem</strong></span> <span class='ocrx_word' id='word_1_218' title='bbox 2091 2800 2232 2869; x_wconf 89' lang='lat' dir='ltr'><strong>quod</strong></span> <span class='ocrx_word' id='word_1_219' title='bbox 2264 2815 2389 2852; x_wconf 88' lang='lat' dir='ltr'><strong>cum</strong></span> <span class='ocrx_word' id='word_1_220' title='bbox 2442 2798 2619 2853; x_wconf 87' lang='lat' dir='ltr'><strong>diver-</strong></span> 
     </span>
    </p>
   </div>
   <div class='ocr_carea' id='block_1_31' title="bbox 1043 2891 2620 2961">
    <p class='ocr_par' dir='ltr' id='par_1_31' title="bbox 1043 2891 2620 2961">
     <span class='ocr_line' id='line_1_31' title="bbox 1043 2891 2620 2961; baseline -0.002 -15"><span class='ocrx_word' id='word_1_221' title='bbox 1043 2892 1118 2947; x_wconf 86' lang='lat' dir='ltr'><strong>sis</strong></span> <span class='ocrx_word' id='word_1_222' title='bbox 1158 2893 1490 2947; x_wconf 88' lang='lat' dir='ltr'><strong>dissiderent</strong></span> <span class='ocrx_word' id='word_1_223' title='bbox 1542 2893 1909 2961; x_wconf 89' lang='lat' dir='ltr'><strong>opinionibus,</strong></span> <span class='ocrx_word' id='word_1_224' title='bbox 1958 2891 2266 2945; x_wconf 86' lang='lat' dir='ltr'><strong>tumultuati</strong></span> <span class='ocrx_word' id='word_1_225' title='bbox 2324 2899 2453 2945; x_wconf 79' lang='lat' dir='ltr'><strong>sunt</strong></span> <span class='ocrx_word' id='word_1_226' title='bbox 2515 2903 2620 2943; x_wconf 88' lang='lat' dir='ltr'><strong>non</strong></span> 
     </span>
    </p>
   </div>
   <div class='ocr_carea' id='block_1_32' title="bbox 1045 2982 2620 3046">
    <p class='ocr_par' dir='ltr' id='par_1_32' title="bbox 1045 2982 2620 3046">
     <span class='ocr_line' id='line_1_32' title="bbox 1045 2982 2620 3046; baseline -0.003 -8"><span class='ocrx_word' id='word_1_227' title='bbox 1045 2984 1436 3039; x_wconf 85' lang='lat' dir='ltr'><strong>mediocriter:</strong></span> <span class='ocrx_word' id='word_1_228' title='bbox 1468 2983 1565 3039; x_wconf 89' lang='lat' dir='ltr'><strong>sed</strong></span> <span class='ocrx_word' id='word_1_229' title='bbox 1618 3000 1739 3038; x_wconf 89' lang='lat' dir='ltr'><strong>cum</strong></span> <span class='ocrx_word' id='word_1_230' title='bbox 1792 2986 1997 3038; x_wconf 81' lang='lat' dir='ltr'><strong>seducti</strong></span> <span class='ocrx_word' id='word_1_231' title='bbox 2056 2983 2240 3036; x_wconf 86' lang='lat' dir='ltr'><strong>turbas</strong></span> <span class='ocrx_word' id='word_1_232' title='bbox 2298 2982 2620 3046; x_wconf 71' lang='lat' dir='ltr'><strong>excitarent,</strong></span> 
     </span>
    </p>
   </div>
   <div class='ocr_carea' id='block_1_33' title="bbox 1045 3071 2625 3137">
    <p class='ocr_par' dir='ltr' id='par_1_33' title="bbox 1045 3071 2625 3137">
     <span class='ocr_line' id='line_1_33' title="bbox 1045 3071 2625 3137; baseline 0 -11"><span class='ocrx_word' id='word_1_233' title='bbox 1045 3081 1099 3126; x_wconf 82' lang='lat' dir='ltr'><strong>et</strong></span> <span class='ocrx_word' id='word_1_234' title='bbox 1126 3073 1261 3129; x_wconf 89' lang='lat' dir='ltr'><strong>bella</strong></span> <span class='ocrx_word' id='word_1_235' title='bbox 1292 3083 1483 3128; x_wconf 88' lang='lat' dir='ltr'><strong>contra</strong></span> <span class='ocrx_word' id='word_1_236' title='bbox 1519 3074 1827 3137; x_wconf 87' lang='lat' dir='ltr'><strong>credentes,</strong></span> <span class='ocrx_word' id='word_1_237' title='bbox 1876 3071 2244 3126; x_wconf 87' lang='lat' dir='ltr'><strong>universitatis</strong></span> <span class='ocrx_word' id='word_1_238' title='bbox 2304 3073 2468 3125; x_wconf 89' lang='lat' dir='ltr'><strong>Deum</strong></span> <span class='ocrx_word' id='word_1_239' title='bbox 2511 3071 2625 3126; x_wconf 86' lang='lat' dir='ltr'><strong>bel-</strong></span> 
     </span>
    </p>
   </div>
   <div class='ocr_carea' id='block_1_34' title="bbox 1047 3163 2624 3235">
    <p class='ocr_par' dir='ltr' id='par_1_34' title="bbox 1047 3163 2624 3235">
     <span class='ocr_line' id='line_1_34' title="bbox 1047 3163 2624 3235; baseline 0.001 -20"><span class='ocrx_word' id='word_1_240' title='bbox 1047 3164 1245 3221; x_wconf 81' lang='lat' dir='ltr'><strong>lantem</strong></span> <span class='ocrx_word' id='word_1_241' title='bbox 1286 3180 1408 3222; x_wconf 85' lang='lat' dir='ltr'><strong>cum</strong></span> <span class='ocrx_word' id='word_1_242' title='bbox 1442 3165 1576 3234; x_wconf 90' lang='lat' dir='ltr'><strong>ipsis</strong></span> <span class='ocrx_word' id='word_1_243' title='bbox 1611 3174 1665 3221; x_wconf 89' lang='lat' dir='ltr'><strong>et</strong></span> <span class='ocrx_word' id='word_1_244' title='bbox 1696 3175 2081 3235; x_wconf 75' lang='lat' dir='ltr'><strong>repugnantem</strong></span> <span class='ocrx_word' id='word_1_245' title='bbox 2125 3164 2419 3217; x_wconf 85' lang='lat' dir='ltr'><strong>invenient.</strong></span> <span class='ocrx_word' id='word_1_246' title='bbox 2457 3163 2624 3217; x_wconf 83' lang='lat' dir='ltr'><strong>Dissi-</strong></span> 
     </span>
    </p>
   </div>
   <div class='ocr_carea' id='block_1_35' title="bbox 2707 599 4286 671">
    <p class='ocr_par' dir='ltr' id='par_1_35' title="bbox 2707 599 4286 671">
     <span class='ocr_line' id='line_1_35' title="bbox 2707 599 4286 671; baseline -0.001 -18"><span class='ocrx_word' id='word_1_247' title='bbox 2707 599 2913 671; x_wconf 79' lang='grc' dir='ltr'>μητρὸς</span> <span class='ocrx_word' id='word_1_248' title='bbox 2938 600 3130 669; x_wconf 81' lang='grc' dir='ltr'>αὐτῆς,</span> <span class='ocrx_word' id='word_1_249' title='bbox 3147 601 3243 653; x_wconf 72' lang='grc' dir='ltr'>καὶ</span> <span class='ocrx_word' id='word_1_250' title='bbox 3271 599 3493 670; x_wconf 88' lang='grc' dir='ltr'>νύμφην</span> <span class='ocrx_word' id='word_1_251' title='bbox 3508 599 3649 653; x_wconf 83' lang='grc' dir='ltr'>κατά</span> <span class='ocrx_word' id='word_1_252' title='bbox 3673 600 3775 670; x_wconf 84' lang='grc' dir='ltr'>τῆς</span> <span class='ocrx_word' id='word_1_253' title='bbox 3811 600 4081 670; x_wconf 77' lang='grc' dir='ltr'><strong>πενθερᾶς</strong></span> <span class='ocrx_word' id='word_1_254' title='bbox 4101 601 4286 671; x_wconf 81' lang='grc' dir='ltr'>αὑτῆς-</span> 
     </span>
    </p>
   </div>
   <div class='ocr_carea' id='block_1_36' title="bbox 2704 691 4283 763">
    <p class='ocr_par' dir='ltr' id='par_1_36' title="bbox 2704 691 4283 763">
     <span class='ocr_line' id='line_1_36' title="bbox 2704 691 4283 763; baseline -0.002 -17"><span class='ocrx_word' id='word_1_255' title='bbox 2704 693 2800 746; x_wconf 72' lang='grc' dir='ltr'>καὶ</span> <span class='ocrx_word' id='word_1_256' title='bbox 2853 691 3037 762; x_wconf 61' lang='grc' dir='ltr'><strong>ἰεχθροί⁸</strong></span> <span class='ocrx_word' id='word_1_257' title='bbox 3069 692 3272 754; x_wconf 88' lang='grc' dir='ltr'>πάντες</span> <span class='ocrx_word' id='word_1_258' title='bbox 3295 694 3343 744; x_wconf 88' lang='grc' dir='ltr'><strong>οἰ</strong></span> <span class='ocrx_word' id='word_1_259' title='bbox 3374 691 3565 763; x_wconf 82' lang='grc' dir='ltr'>ἄνδρες</span> <span class='ocrx_word' id='word_1_260' title='bbox 3595 692 3644 743; x_wconf 87' lang='grc' dir='ltr'><strong>οἰ</strong></span> <span class='ocrx_word' id='word_1_261' title='bbox 3679 693 3736 744; x_wconf 76' lang='grc' dir='ltr'>ὲν</span> <span class='ocrx_word' id='word_1_262' title='bbox 3764 691 3841 762; x_wconf 81' lang='grc' dir='ltr'>τῷ</span> <span class='ocrx_word' id='word_1_263' title='bbox 3865 693 3999 762; x_wconf 79' lang='grc' dir='ltr'>οῖκῳ</span> <span class='ocrx_word' id='word_1_264' title='bbox 4038 692 4226 746; x_wconf 75' lang='grc' dir='ltr'>αὑτοῦ.</span> <span class='ocrx_word' id='word_1_265' title='bbox 4266 712 4283 743; x_wconf 75' lang='grc' dir='ltr'><strong>ι</strong></span> 
     </span>
    </p>
   </div>
   <div class='ocr_carea' id='block_1_37' title="bbox 2718 782 4287 854">
    <p class='ocr_par' dir='ltr' id='par_1_37' title="bbox 2718 782 4287 854">
     <span class='ocr_line' id='line_1_37' title="bbox 2718 782 4287 854; baseline -0.001 -17"><span class='ocrx_word' id='word_1_266' title='bbox 2718 782 3188 854; x_wconf 82' lang='grc' dir='ltr'>Ἀναφωνηθέντος</span> <span class='ocrx_word' id='word_1_267' title='bbox 3208 782 3315 853; x_wconf 86' lang='grc' dir='ltr'>γὰρ</span> <span class='ocrx_word' id='word_1_268' title='bbox 3337 783 3437 854; x_wconf 68' lang='grc' dir='ltr'><strong>ἤδη</strong></span> <span class='ocrx_word' id='word_1_269' title='bbox 3458 782 3551 835; x_wconf 74' lang='grc' dir='ltr'>τοῦ</span> <span class='ocrx_word' id='word_1_270' title='bbox 3575 782 3719 836; x_wconf 86' lang='grc' dir='ltr'>θείου</span> <span class='ocrx_word' id='word_1_271' title='bbox 3741 800 3801 836; x_wconf 84' lang='grc' dir='ltr'><strong>τε</strong></span> <span class='ocrx_word' id='word_1_272' title='bbox 3823 782 3917 835; x_wconf 70' lang='grc' dir='ltr'><strong>καὶ</strong></span> <span class='ocrx_word' id='word_1_273' title='bbox 3938 783 4287 851; x_wconf 78' lang='grc' dir='ltr'>εὑαγγελικοῦ</span> 
     </span>
    </p>
   </div>
   <div class='ocr_carea' id='block_1_38' title="bbox 2706 876 4287 948">
    <p class='ocr_par' dir='ltr' id='par_1_38' title="bbox 2706 876 4287 948">
     <span class='ocr_line' id='line_1_38' title="bbox 2706 876 4287 948; baseline -0.002 -18"><span class='ocrx_word' id='word_1_274' title='bbox 2706 876 3082 948; x_wconf 78' lang='grc' dir='ltr'><strong>κηρύγματος,</strong></span> <span class='ocrx_word' id='word_1_275' title='bbox 3125 877 3219 930; x_wconf 73' lang='grc' dir='ltr'><strong>καὶ</strong></span> <span class='ocrx_word' id='word_1_276' title='bbox 3242 877 3340 947; x_wconf 81' lang='grc' dir='ltr'>τῆς</span> <span class='ocrx_word' id='word_1_277' title='bbox 3367 876 3449 938; x_wconf 86' lang='grc' dir='ltr'><strong>εἰς</strong></span> <span class='ocrx_word' id='word_1_278' title='bbox 3470 876 3662 945; x_wconf 79' lang='grc' dir='ltr'><strong>γονέας</strong></span> <span class='ocrx_word' id='word_1_279' title='bbox 3693 876 3872 939; x_wconf 79' lang='grc' dir='ltr'>αἰδοῦς</span> <span class='ocrx_word' id='word_1_280' title='bbox 3909 876 4287 946; x_wconf 82' lang='grc' dir='ltr'>κατημεληκό-</span> 
     </span>
    </p>
   </div>
   <div class='ocr_carea' id='block_1_39' title="bbox 2707 966 4291 1040">
    <p class='ocr_par' dir='ltr' id='par_1_39' title="bbox 2707 966 4291 1040">
     <span class='ocr_line' id='line_1_39' title="bbox 2707 966 4291 1040; baseline -0.003 -17"><span class='ocrx_word' id='word_1_281' title='bbox 2707 986 2797 1032; x_wconf 87' lang='grc' dir='ltr'><strong>τες</strong></span> <span class='ocrx_word' id='word_1_282' title='bbox 2827 966 3125 1040; x_wconf 79' lang='grc' dir='ltr'>ἄνθρωποι,</span> <span class='ocrx_word' id='word_1_283' title='bbox 3161 969 3569 1038; x_wconf 81' lang='grc' dir='ltr'>πεφρονήκασιν</span> <span class='ocrx_word' id='word_1_284' title='bbox 3606 967 3777 1040; x_wconf 80' lang='grc' dir='ltr'>ἐχθρά</span> <span class='ocrx_word' id='word_1_285' title='bbox 3807 968 3901 1021; x_wconf 73' lang='grc' dir='ltr'><strong>καὶ</strong></span> <span class='ocrx_word' id='word_1_286' title='bbox 3946 967 4291 1037; x_wconf 81' lang='grc' dir='ltr'>μεμισημένα</span> 
     </span>
    </p>
   </div>
   <div class='ocr_carea' id='block_1_40' title="bbox 2710 1057 4288 1129">
    <p class='ocr_par' dir='ltr' id='par_1_40' title="bbox 2710 1057 4288 1129">
     <span class='ocr_line' id='line_1_40' title="bbox 2710 1057 4288 1129; baseline -0.003 -14"><span class='ocrx_word' id='word_1_287' title='bbox 2710 1060 2915 1121; x_wconf 83' lang='grc' dir='ltr'>αὑτοῖς,</span> <span class='ocrx_word' id='word_1_288' title='bbox 2933 1058 3029 1111; x_wconf 72' lang='grc' dir='ltr'><strong>καὶ</strong></span> <span class='ocrx_word' id='word_1_289' title='bbox 3054 1059 3335 1129; x_wconf 77' lang='grc' dir='ltr'>μονονουχὶ</span> <span class='ocrx_word' id='word_1_290' title='bbox 3355 1058 3446 1111; x_wconf 81' lang='grc' dir='ltr'>τὸν</span> <span class='ocrx_word' id='word_1_291' title='bbox 3468 1058 3597 1110; x_wconf 86' lang='grc' dir='ltr'>πολέ</span> <span class='ocrx_word' id='word_1_292' title='bbox 3607 1059 3709 1128; x_wconf 80' lang='grc' dir='ltr'><strong>μου</strong></span> <span class='ocrx_word' id='word_1_293' title='bbox 3732 1057 3896 1129; x_wconf 89' lang='grc' dir='ltr'>νόμον</span> <span class='ocrx_word' id='word_1_294' title='bbox 3915 1057 4115 1129; x_wconf 81' lang='grc' dir='ltr'>έξηρτυ</span> <span class='ocrx_word' id='word_1_295' title='bbox 4123 1058 4288 1128; x_wconf 87' lang='grc' dir='ltr'>μένοι,</span> 
     </span>
    </p>
   </div>
   <div class='ocr_carea' id='block_1_41' title="bbox 2710 1150 4292 1222">
    <p class='ocr_par' dir='ltr' id='par_1_41' title="bbox 2710 1150 4292 1222">
     <span class='ocr_line' id='line_1_41' title="bbox 2710 1150 4292 1222; baseline -0.003 -16"><span class='ocrx_word' id='word_1_296' title='bbox 2710 1152 3185 1222; x_wconf 82' lang='grc' dir='ltr'>κατεξανέστησαν</span> <span class='ocrx_word' id='word_1_297' title='bbox 3225 1151 3489 1219; x_wconf 79' lang='grc' dir='ltr'>ἀδελφῶν.</span> <span class='ocrx_word' id='word_1_298' title='bbox 3548 1152 3612 1203; x_wconf 83' lang='lat' dir='ltr'><strong>Ui</strong></span> <span class='ocrx_word' id='word_1_299' title='bbox 3666 1150 3767 1221; x_wconf 81' lang='grc' dir='ltr'>μὲν</span> <span class='ocrx_word' id='word_1_300' title='bbox 3823 1150 3934 1220; x_wconf 76' lang='grc' dir='ltr'>γὰρ</span> <span class='ocrx_word' id='word_1_301' title='bbox 3979 1154 4045 1222; x_wconf 81' lang='grc' dir='ltr'>τῇ</span> <span class='ocrx_word' id='word_1_302' title='bbox 4094 1150 4292 1221; x_wconf 74' lang='grc' dir='ltr'>ἀρχαίᾳ</span> 
     </span>
    </p>
   </div>
   <div class='ocr_carea' id='block_1_42' title="bbox 2712 1242 4292 1315">
    <p class='ocr_par' dir='ltr' id='par_1_42' title="bbox 2712 1242 4292 1315">
     <span class='ocr_line' id='line_1_42' title="bbox 2712 1242 4292 1315; baseline -0.002 -17"><span class='ocrx_word' id='word_1_303' title='bbox 2712 1243 3164 1315; x_wconf 81' lang='grc' dir='ltr'><strong>συναγορεύοντες</strong></span> <span class='ocrx_word' id='word_1_304' title='bbox 3195 1243 3391 1314; x_wconf 84' lang='grc' dir='ltr'>πλάνῃ,</span> <span class='ocrx_word' id='word_1_305' title='bbox 3428 1242 3523 1296; x_wconf 73' lang='grc' dir='ltr'><strong>καὶ</strong></span> <span class='ocrx_word' id='word_1_306' title='bbox 3561 1244 3682 1306; x_wconf 87' lang='grc' dir='ltr'>ταῖς</span> <span class='ocrx_word' id='word_1_307' title='bbox 3733 1242 3841 1296; x_wconf 88' lang='grc' dir='ltr'><strong>τῶν</strong></span> <span class='ocrx_word' id='word_1_308' title='bbox 3885 1243 4122 1296; x_wconf 81' lang='grc' dir='ltr'><strong>εἰδώλων</strong></span> <span class='ocrx_word' id='word_1_309' title='bbox 4154 1242 4292 1296; x_wconf 88' lang='grc' dir='ltr'>άπά-</span> 
     </span>
    </p>
   </div>
   <div class='ocr_carea' id='block_1_43' title="bbox 2709 1334 4289 1407">
    <p class='ocr_par' dir='ltr' id='par_1_43' title="bbox 2709 1334 4289 1407">
     <span class='ocr_line' id='line_1_43' title="bbox 2709 1334 4289 1407; baseline -0.003 -16"><span class='ocrx_word' id='word_1_310' title='bbox 2709 1354 2831 1401; x_wconf 83' lang='grc' dir='ltr'>ταις</span> <span class='ocrx_word' id='word_1_311' title='bbox 2857 1335 3125 1407; x_wconf 85' lang='grc' dir='ltr'>ὰχαλίνως</span> <span class='ocrx_word' id='word_1_312' title='bbox 3164 1334 3638 1406; x_wconf 82' lang='grc' dir='ltr'>προσνενευκότες,</span> <span class='ocrx_word' id='word_1_313' title='bbox 3665 1334 4047 1405; x_wconf 82' lang='grc' dir='ltr'>άπαράδεκτον</span> <span class='ocrx_word' id='word_1_314' title='bbox 4078 1335 4289 1391; x_wconf 69' lang='grc' dir='ltr'>ποιοῦνο</span> 
     </span>
    </p>
   </div>
   <div class='ocr_carea' id='block_1_44' title="bbox 2711 1428 4294 1499">
    <p class='ocr_par' dir='ltr' id='par_1_44' title="bbox 2711 1428 4294 1499">
     <span class='ocr_line' id='line_1_44' title="bbox 2711 1428 4294 1499; baseline -0.001 -15"><span class='ocrx_word' id='word_1_315' title='bbox 2711 1449 2801 1485; x_wconf 89' lang='grc' dir='ltr'><strong>ται</strong></span> <span class='ocrx_word' id='word_1_316' title='bbox 2837 1430 2928 1484; x_wconf 81' lang='grc' dir='ltr'><strong>τὸν</strong></span> <span class='ocrx_word' id='word_1_317' title='bbox 2966 1430 3066 1499; x_wconf 71' lang='grc' dir='ltr'>τῆς</span> <span class='ocrx_word' id='word_1_318' title='bbox 3114 1428 3351 1493; x_wconf 81' lang='grc' dir='ltr'>πίστεως</span> <span class='ocrx_word' id='word_1_319' title='bbox 3387 1430 3563 1497; x_wconf 88' lang='grc' dir='ltr'>λόγον,</span> <span class='ocrx_word' id='word_1_320' title='bbox 3608 1430 3671 1482; x_wconf 89' lang='grc' dir='ltr'>Οἰ</span> <span class='ocrx_word' id='word_1_321' title='bbox 3717 1428 3775 1482; x_wconf 86' lang='grc' dir='ltr'><strong>δὲ</strong></span> <span class='ocrx_word' id='word_1_322' title='bbox 3816 1429 4221 1497; x_wconf 82' lang='grc' dir='ltr'>καταγέλαστόν</span> <span class='ocrx_word' id='word_1_323' title='bbox 4248 1448 4294 1483; x_wconf 86' lang='grc' dir='ltr'><strong>τι</strong></span> 
     </span>
    </p>
   </div>
   <div class='ocr_carea' id='block_1_45' title="bbox 2713 1517 4294 1592">
    <p class='ocr_par' dir='ltr' id='par_1_45' title="bbox 2713 1517 4294 1592">
     <span class='ocr_line' id='line_1_45' title="bbox 2713 1517 4294 1592; baseline -0.005 -17"><span class='ocrx_word' id='word_1_324' title='bbox 2713 1520 2908 1592; x_wconf 85' lang='grc' dir='ltr'>χρῆμα</span> <span class='ocrx_word' id='word_1_325' title='bbox 2936 1520 3031 1575; x_wconf 76' lang='grc' dir='ltr'>καὶ</span> <span class='ocrx_word' id='word_1_326' title='bbox 3075 1519 3290 1573; x_wconf 83' lang='grc' dir='ltr'>ἀνόσιον</span> <span class='ocrx_word' id='word_1_327' title='bbox 3335 1517 3615 1582; x_wconf 81' lang='grc' dir='ltr'><strong>παντελῶς</strong></span> <span class='ocrx_word' id='word_1_328' title='bbox 3655 1518 3948 1589; x_wconf 82' lang='grc' dir='ltr'>ἡγούμενοι</span> <span class='ocrx_word' id='word_1_329' title='bbox 3976 1518 4294 1590; x_wconf 72' lang='grc' dir='ltr'>προελέσθαι</span> 
     </span>
    </p>
   </div>
   <div class='ocr_carea' id='block_1_46' title="bbox 2715 1610 4294 1685">
    <p class='ocr_par' dir='ltr' id='par_1_46' title="bbox 2715 1610 4294 1685">
     <span class='ocr_line' id='line_1_46' title="bbox 2715 1610 4294 1685; baseline 0.001 -21"><span class='ocrx_word' id='word_1_330' title='bbox 2715 1613 3041 1685; x_wconf 80' lang='grc' dir='ltr'>προσκυνεῖν</span> <span class='ocrx_word' id='word_1_331' title='bbox 3076 1613 3190 1675; x_wconf 87' lang='grc' dir='ltr'>τοῖς</span> <span class='ocrx_word' id='word_1_332' title='bbox 3224 1612 3354 1677; x_wconf 79' lang='grc' dir='ltr'>παρ’</span> <span class='ocrx_word' id='word_1_333' title='bbox 3382 1610 3561 1663; x_wconf 83' lang='grc' dir='ltr'>αὑτῶν</span> <span class='ocrx_word' id='word_1_334' title='bbox 3588 1612 4107 1682; x_wconf 86' lang='grc' dir='ltr'>τεχνουργουμένοις</span> <span class='ocrx_word' id='word_1_335' title='bbox 4139 1612 4294 1676; x_wconf 82' lang='grc' dir='ltr'>θεοῖς.</span> 
     </span>
    </p>
   </div>
   <div class='ocr_carea' id='block_1_47' title="bbox 2715 1702 4297 1775">
    <p class='ocr_par' dir='ltr' id='par_1_47' title="bbox 2715 1702 4297 1775">
     <span class='ocr_line' id='line_1_47' title="bbox 2715 1702 4297 1775; baseline -0.001 -17"><span class='ocrx_word' id='word_1_336' title='bbox 2715 1709 2828 1768; x_wconf 88' lang='grc' dir='ltr'>τοῖς</span> <span class='ocrx_word' id='word_1_337' title='bbox 2861 1704 2967 1775; x_wconf 78' lang='grc' dir='ltr'>τῆς</span> <span class='ocrx_word' id='word_1_338' title='bbox 2999 1702 3259 1774; x_wconf 79' lang='grc' dir='ltr'><strong>ἀληθείας</strong></span> <span class='ocrx_word' id='word_1_339' title='bbox 3283 1702 3803 1774; x_wconf 82' lang='grc' dir='ltr'>προσδεδραμήκασι</span> <span class='ocrx_word' id='word_1_340' title='bbox 3839 1703 4021 1771; x_wconf 80' lang='grc' dir='ltr'><strong>λόγοις</strong></span> <span class='ocrx_word' id='word_1_341' title='bbox 4042 1744 4058 1767; x_wconf 93' lang='grc'><strong>,</strong></span> <span class='ocrx_word' id='word_1_342' title='bbox 4083 1706 4179 1757; x_wconf 65' lang='grc' dir='ltr'>καὶ</span> <span class='ocrx_word' id='word_1_343' title='bbox 4202 1724 4297 1773; x_wconf 86' lang='grc' dir='ltr'>μα-</span> 
     </span>
    </p>
   </div>
   <div class='ocr_carea' id='block_1_48' title="bbox 2716 1795 4297 1870">
    <p class='ocr_par' dir='ltr' id='par_1_48' title="bbox 2716 1795 4297 1870">
     <span class='ocr_line' id='line_1_48' title="bbox 2716 1795 4297 1870; baseline -0.018 2"><span class='ocrx_word' id='word_1_344' title='bbox 2716 1797 2856 1870; x_wconf 65' lang='grc' dir='ltr'>κρὰν</span> <span class='ocrx_word' id='word_1_345' title='bbox 2889 1798 3040 1861; x_wconf 74' lang='grc' dir='ltr'>ὄντες</span> <span class='ocrx_word' id='word_1_346' title='bbox 3069 1796 3219 1859; x_wconf 75' lang='grc' dir='ltr'>ποτὲ,</span> <span class='ocrx_word' id='word_1_347' title='bbox 3249 1796 3537 1864; x_wconf 90' lang='grc' dir='ltr'>γεγόνασιν</span> <span class='ocrx_word' id='word_1_348' title='bbox 3559 1795 3746 1865; x_wconf 82' lang='grc' dir='ltr'>ὲγγὺς.</span> <span class='ocrx_word' id='word_1_349' title='bbox 3766 1795 3860 1848; x_wconf 73' lang='grc' dir='ltr'><strong>καὶ</strong></span> <span class='ocrx_word' id='word_1_350' title='bbox 3875 1797 4063 1848; x_wconf 83' lang='grc' dir='ltr'>οἰκεῖοι</span> <span class='ocrx_word' id='word_1_351' title='bbox 4093 1796 4183 1848; x_wconf 72' lang='grc' dir='ltr'><strong>διὰ</strong></span> <span class='ocrx_word' id='word_1_352' title='bbox 4207 1797 4297 1864; x_wconf 74' lang='grc' dir='ltr'>τῆς</span> 
     </span>
    </p>
   </div>
   <div class='ocr_carea' id='block_1_49' title="bbox 2720 1886 4296 1959">
    <p class='ocr_par' dir='ltr' id='par_1_49' title="bbox 2720 1886 4296 1959">
     <span class='ocr_line' id='line_1_49' title="bbox 2720 1886 4296 1959; baseline -0.003 -15"><span class='ocrx_word' id='word_1_353' title='bbox 2720 1890 2958 1953; x_wconf 88' lang='grc' dir='ltr'>πίστεως</span> <span class='ocrx_word' id='word_1_354' title='bbox 2990 1887 3424 1959; x_wconf 85' lang='grc' dir='ltr'>άναδεδειγμένοι</span> <span class='ocrx_word' id='word_1_355' title='bbox 3475 1886 3737 1958; x_wconf 73' lang='grc' dir='ltr'>Χριστοῦ,</span> <span class='ocrx_word' id='word_1_356' title='bbox 3796 1888 3928 1941; x_wconf 81' lang='grc' dir='ltr'>εἵσω</span> <span class='ocrx_word' id='word_1_357' title='bbox 3959 1905 4018 1941; x_wconf 90' lang='grc' dir='ltr'><strong>τε</strong></span> <span class='ocrx_word' id='word_1_358' title='bbox 4047 1889 4296 1957; x_wconf 76' lang='grc' dir='ltr'>γεγόνασι</span> 
     </span>
    </p>
   </div>
   <div class='ocr_carea' id='block_1_50' title="bbox 2688 1975 4298 2054">
    <p class='ocr_par' dir='ltr' id='par_1_50' title="bbox 2688 1975 4298 2054">
     <span class='ocr_line' id='line_1_50' title="bbox 2688 1975 4298 2054; baseline -0.002 -17"><span class='ocrx_word' id='word_1_359' title='bbox 2688 1975 2819 2054; x_wconf 78' lang='grc' dir='ltr'>’τῆς</span> <span class='ocrx_word' id='word_1_360' title='bbox 2847 1983 2955 2035; x_wconf 86' lang='grc' dir='ltr'><strong>τῶν</strong></span> <span class='ocrx_word' id='word_1_361' title='bbox 2980 1982 3151 2051; x_wconf 81' lang='grc' dir='ltr'>ἁγίων</span> <span class='ocrx_word' id='word_1_362' title='bbox 3175 1981 3406 2043; x_wconf 78' lang='grc' dir='ltr'>ἐλπίδος.</span> <span class='ocrx_word' id='word_1_363' title='bbox 3433 1980 3529 2035; x_wconf 72' lang='grc' dir='ltr'>καὶ</span> <span class='ocrx_word' id='word_1_364' title='bbox 3552 1980 3879 2052; x_wconf 80' lang='grc' dir='ltr'>κληρονόμοι</span> <span class='ocrx_word' id='word_1_365' title='bbox 3907 1980 4177 2034; x_wconf 82' lang='grc' dir='ltr'><strong>τέθεινται</strong></span> <span class='ocrx_word' id='word_1_366' title='bbox 4207 1981 4298 2048; x_wconf 74' lang='grc' dir='ltr'>τῆς</span> 
     </span>
    </p>
   </div>
   <div class='ocr_carea' id='block_1_51' title="bbox 2719 2070 4297 2145">
    <p class='ocr_par' dir='ltr' id='par_1_51' title="bbox 2719 2070 4297 2145">
     <span class='ocr_line' id='line_1_51' title="bbox 2719 2070 4297 2145; baseline -0.004 -17"><span class='ocrx_word' id='word_1_367' title='bbox 2719 2077 2798 2139; x_wconf 88' lang='grc' dir='ltr'><strong>εἰς</strong></span> <span class='ocrx_word' id='word_1_368' title='bbox 2819 2074 2990 2128; x_wconf 82' lang='grc' dir='ltr'>αἰῶνα</span> <span class='ocrx_word' id='word_1_369' title='bbox 3018 2072 3183 2145; x_wconf 78' lang='grc' dir='ltr'>ζωῆς.</span> <span class='ocrx_word' id='word_1_370' title='bbox 3225 2072 3753 2143; x_wconf 84' lang='grc' dir='ltr'>Κατασεσεισμένων</span> <span class='ocrx_word' id='word_1_371' title='bbox 3774 2070 3974 2136; x_wconf 80' lang='grc' dir='ltr'>τοίνυν,</span> <span class='ocrx_word' id='word_1_372' title='bbox 4020 2072 4179 2142; x_wconf 73' lang='grc' dir='ltr'>φησὶ,</span> <span class='ocrx_word' id='word_1_373' title='bbox 4204 2074 4297 2125; x_wconf 75' lang='grc' dir='ltr'><strong>τῶν</strong></span> 
     </span>
    </p>
   </div>
   <div class='ocr_carea' id='block_1_52' title="bbox 2718 2160 4297 2238">
    <p class='ocr_par' dir='ltr' id='par_1_52' title="bbox 2718 2160 4297 2238">
     <span class='ocr_line' id='line_1_52' title="bbox 2718 2160 4297 2238; baseline -0.004 -18"><span class='ocrx_word' id='word_1_374' title='bbox 2718 2167 3113 2238; x_wconf 80' lang='grc' dir='ltr'>χειροποιήτων</span> <span class='ocrx_word' id='word_1_375' title='bbox 3137 2188 3145 2194; x_wconf 66' lang='grc' dir='ltr'><strong>ο</strong></span> <span class='ocrx_word' id='word_1_376' title='bbox 3166 2164 3470 2233; x_wconf 75' lang='grc' dir='ltr'>Αἰγύπτου,</span> <span class='ocrx_word' id='word_1_377' title='bbox 3524 2163 3614 2217; x_wconf 86' lang='grc' dir='ltr'><strong>διά</strong></span> <span class='ocrx_word' id='word_1_378' title='bbox 3642 2163 3703 2216; x_wconf 78' lang='grc' dir='ltr'><strong>τὸ</strong></span> <span class='ocrx_word' id='word_1_379' title='bbox 3731 2163 3908 2217; x_wconf 76' lang='grc' dir='ltr'>ἐλθεῖν</span> <span class='ocrx_word' id='word_1_380' title='bbox 3959 2163 4020 2215; x_wconf 83' lang='grc' dir='ltr'><strong>έν</strong></span> <span class='ocrx_word' id='word_1_381' title='bbox 4054 2162 4195 2233; x_wconf 65' lang='grc' dir='ltr'>αὑτῇ</span> <span class='ocrx_word' id='word_1_382' title='bbox 4220 2160 4297 2214; x_wconf 69' lang='grc' dir='ltr'>τὸν</span> 
     </span>
    </p>
   </div>
   <div class='ocr_carea' id='block_1_53' title="bbox 2718 2250 4299 2329">
    <p class='ocr_par' dir='ltr' id='par_1_53' title="bbox 2718 2250 4299 2329">
     <span class='ocr_line' id='line_1_53' title="bbox 2718 2250 4299 2329; baseline -0.004 -17"><span class='ocrx_word' id='word_1_383' title='bbox 2718 2260 2924 2329; x_wconf 77' lang='grc' dir='ltr'>Κύριον</span> <span class='ocrx_word' id='word_1_384' title='bbox 2952 2257 3044 2310; x_wconf 71' lang='grc' dir='ltr'><strong>ἐπὶ</strong></span> <span class='ocrx_word' id='word_1_385' title='bbox 3063 2255 3293 2327; x_wconf 78' lang='grc' dir='ltr'><strong>νεφέλης</strong></span> <span class='ocrx_word' id='word_1_386' title='bbox 3311 2254 3543 2325; x_wconf 79' lang='grc' dir='ltr'><strong>κούφης,</strong></span> <span class='ocrx_word' id='word_1_387' title='bbox 3579 2254 3947 2316; x_wconf 73' lang='grc' dir='ltr'>ἐπανάστασις</span> <span class='ocrx_word' id='word_1_388' title='bbox 3965 2251 4123 2307; x_wconf 75' lang='grc' dir='ltr'>ἔσται</span> <span class='ocrx_word' id='word_1_389' title='bbox 4144 2250 4299 2319; x_wconf 78' lang='grc' dir='ltr'>πολλὴ</span> 
     </span>
    </p>
   </div>
   <div class='ocr_carea' id='block_1_54' title="bbox 2719 2343 4300 2415">
    <p class='ocr_par' dir='ltr' id='par_1_54' title="bbox 2719 2343 4300 2415">
     <span class='ocr_line' id='line_1_54' title="bbox 2719 2343 4300 2415; baseline -0.006 -12"><span class='ocrx_word' id='word_1_390' title='bbox 2719 2350 2815 2404; x_wconf 78' lang='grc' dir='ltr'><strong>καὶ</strong></span> <span class='ocrx_word' id='word_1_391' title='bbox 2846 2348 3061 2403; x_wconf 80' lang='grc' dir='ltr'>οἰκείων</span> <span class='ocrx_word' id='word_1_392' title='bbox 3093 2348 3189 2401; x_wconf 75' lang='grc' dir='ltr'>καὶ</span> <span class='ocrx_word' id='word_1_393' title='bbox 3219 2346 3521 2415; x_wconf 82' lang='grc' dir='ltr'>συγγενῶν,</span> <span class='ocrx_word' id='word_1_394' title='bbox 3578 2346 3675 2399; x_wconf 74' lang='grc' dir='ltr'><strong>καὶ</strong></span> <span class='ocrx_word' id='word_1_395' title='bbox 3726 2343 3852 2399; x_wconf 83' lang='grc' dir='ltr'>καθ’</span> <span class='ocrx_word' id='word_1_396' title='bbox 3892 2344 3992 2398; x_wconf 72' lang='grc' dir='ltr'><strong>ἕνα</strong></span> <span class='ocrx_word' id='word_1_397' title='bbox 4040 2345 4140 2398; x_wconf 78' lang='grc' dir='ltr'><strong>καὶ</strong></span> <span class='ocrx_word' id='word_1_398' title='bbox 4172 2343 4300 2397; x_wconf 75' lang='grc' dir='ltr'>κατὰ</span> 
     </span>
    </p>
   </div>
   <div class='ocr_carea' id='block_1_55' title="bbox 2721 2435 4301 2512">
    <p class='ocr_par' dir='ltr' id='par_1_55' title="bbox 2721 2435 4301 2512">
     <span class='ocr_line' id='line_1_55' title="bbox 2721 2435 4301 2512; baseline -0.004 -18"><span class='ocrx_word' id='word_1_399' title='bbox 2721 2441 2933 2512; x_wconf 73' lang='grc' dir='ltr'>πληθὺν</span> <span class='ocrx_word' id='word_1_400' title='bbox 2994 2440 3043 2493; x_wconf 87' lang='grc' dir='ltr'><strong>οἰ</strong></span> <span class='ocrx_word' id='word_1_401' title='bbox 3092 2440 3341 2510; x_wconf 84' lang='grc' dir='ltr'>πόλεμοι,</span> <span class='ocrx_word' id='word_1_402' title='bbox 3389 2438 3529 2492; x_wconf 76' lang='grc' dir='ltr'>ὥστε</span> <span class='ocrx_word' id='word_1_403' title='bbox 3564 2439 3657 2492; x_wconf 50' lang='grc' dir='ltr'><strong>καὶ⁸</strong></span> <span class='ocrx_word' id='word_1_404' title='bbox 3691 2436 3845 2491; x_wconf 85' lang='grc' dir='ltr'>πόλιν</span> <span class='ocrx_word' id='word_1_405' title='bbox 3893 2437 3989 2490; x_wconf 71' lang='grc' dir='ltr'><strong>καὶ</strong></span> <span class='ocrx_word' id='word_1_406' title='bbox 4025 2436 4195 2508; x_wconf 71' lang='grc' dir='ltr'>νομὸν</span> <span class='ocrx_word' id='word_1_407' title='bbox 4220 2435 4301 2487; x_wconf 70' lang='grc' dir='ltr'><strong>ἐπὶ</strong></span> 
     </span>
    </p>
   </div>
   <div class='ocr_carea' id='block_1_56' title="bbox 2720 2526 4302 2600">
    <p class='ocr_par' dir='ltr' id='par_1_56' title="bbox 2720 2526 4302 2600">
     <span class='ocr_line' id='line_1_56' title="bbox 2720 2526 4302 2600; baseline -0.003 -17"><span class='ocrx_word' id='word_1_408' title='bbox 2720 2530 2884 2598; x_wconf 75' lang='grc' dir='ltr'>νομὸν</span> <span class='ocrx_word' id='word_1_409' title='bbox 2909 2531 3177 2584; x_wconf 84' lang='grc' dir='ltr'>ποιεῖσθαι</span> <span class='ocrx_word' id='word_1_410' title='bbox 3202 2530 3299 2594; x_wconf 82' lang='grc' dir='ltr'><strong>τὰς</strong></span> <span class='ocrx_word' id='word_1_411' title='bbox 3330 2530 3569 2599; x_wconf 74' lang='grc' dir='ltr'>ἐφόδους.</span> <span class='ocrx_word' id='word_1_412' title='bbox 3600 2529 3780 2600; x_wconf 79' lang='grc' dir='ltr'>Νομδς</span> <span class='ocrx_word' id='word_1_413' title='bbox 3811 2529 3869 2582; x_wconf 84' lang='grc' dir='ltr'><strong>δὲ</strong></span> <span class='ocrx_word' id='word_1_414' title='bbox 3894 2528 4117 2597; x_wconf 84' lang='grc' dir='ltr'>λέγεται</span> <span class='ocrx_word' id='word_1_415' title='bbox 4165 2526 4302 2597; x_wconf 70' lang='grc' dir='ltr'>παρὰ</span> 
     </span>
    </p>
   </div>
   <div class='ocr_carea' id='block_1_57' title="bbox 2719 2616 4303 2694">
    <p class='ocr_par' dir='ltr' id='par_1_57' title="bbox 2719 2616 4303 2694">
     <span class='ocr_line' id='line_1_57' title="bbox 2719 2616 4303 2694; baseline -0.005 -18"><span class='ocrx_word' id='word_1_416' title='bbox 2719 2626 2838 2686; x_wconf 86' lang='grc' dir='ltr'>τοῖς</span> <span class='ocrx_word' id='word_1_417' title='bbox 2862 2623 2963 2693; x_wconf 79' lang='grc' dir='ltr'><strong>τὴν</strong></span> <span class='ocrx_word' id='word_1_418' title='bbox 2988 2622 3304 2691; x_wconf 75' lang='grc' dir='ltr'>Αἰγυπτίων</span> <span class='ocrx_word' id='word_1_419' title='bbox 3342 2621 3547 2674; x_wconf 79' lang='grc' dir='ltr'>οἰκοῦσι</span> <span class='ocrx_word' id='word_1_420' title='bbox 3572 2617 3773 2694; x_wconf 79' lang='grc' dir='ltr'>χώραν,</span> <span class='ocrx_word' id='word_1_421' title='bbox 3798 2619 4004 2688; x_wconf 76' lang='grc' dir='ltr'>ἑκάστη</span> <span class='ocrx_word' id='word_1_422' title='bbox 4038 2616 4197 2679; x_wconf 80' lang='grc' dir='ltr'>πόλις</span> <span class='ocrx_word' id='word_1_423' title='bbox 4221 2617 4303 2669; x_wconf 70' lang='grc' dir='ltr'>καὶ</span> 
     </span>
    </p>
   </div>
   <div class='ocr_carea' id='block_1_58' title="bbox 2721 2710 4303 2788">
    <p class='ocr_par' dir='ltr' id='par_1_58' title="bbox 2721 2710 4303 2788">
     <span class='ocr_line' id='line_1_58' title="bbox 2721 2710 4303 2788; baseline -0.006 -17"><span class='ocrx_word' id='word_1_424' title='bbox 2721 2717 2779 2771; x_wconf 85' lang='grc' dir='ltr'>αί</span> <span class='ocrx_word' id='word_1_425' title='bbox 2807 2716 3138 2788; x_wconf 81' lang='grc' dir='ltr'>περιοικίδες</span> <span class='ocrx_word' id='word_1_426' title='bbox 3158 2716 3329 2785; x_wconf 82' lang='grc' dir='ltr'>αὐτῆς</span> <span class='ocrx_word' id='word_1_427' title='bbox 3373 2714 3466 2769; x_wconf 73' lang='grc' dir='ltr'><strong>καὶ</strong></span> <span class='ocrx_word' id='word_1_428' title='bbox 3493 2717 3548 2767; x_wconf 88' lang='grc' dir='ltr'><strong>αἰ</strong></span> <span class='ocrx_word' id='word_1_429' title='bbox 3575 2714 3666 2766; x_wconf 80' lang='grc' dir='ltr'>ὑπ’</span> <span class='ocrx_word' id='word_1_430' title='bbox 3689 2714 3827 2783; x_wconf 73' lang='grc' dir='ltr'>αὑτῇ</span> <span class='ocrx_word' id='word_1_431' title='bbox 3849 2710 4041 2783; x_wconf 81' lang='grc' dir='ltr'>κῶμαι</span> <span class='ocrx_word' id='word_1_432' title='bbox 4058 2728 4074 2742; x_wconf 79' lang='grc' dir='ltr'><strong>ο</strong></span> <span class='ocrx_word' id='word_1_433' title='bbox 4106 2710 4205 2764; x_wconf 69' lang='grc' dir='ltr'><strong>καὶ</strong></span> <span class='ocrx_word' id='word_1_434' title='bbox 4231 2710 4303 2762; x_wconf 85' lang='grc' dir='ltr'>τέ-</span> 
     </span>
    </p>
   </div>
   <div class='ocr_carea' id='block_1_59' title="bbox 2719 2797 4304 2879">
    <p class='ocr_par' dir='ltr' id='par_1_59' title="bbox 2719 2797 4304 2879">
     <span class='ocr_line' id='line_1_59' title="bbox 2719 2797 4304 2879; baseline -0.006 -18"><span class='ocrx_word' id='word_1_435' title='bbox 2719 2824 2946 2879; x_wconf 83' lang='grc' dir='ltr'>τριπται</span> <span class='ocrx_word' id='word_1_436' title='bbox 2974 2807 3101 2877; x_wconf 80' lang='grc' dir='ltr'>παρ’</span> <span class='ocrx_word' id='word_1_437' title='bbox 3134 2807 3318 2869; x_wconf 81' lang='grc' dir='ltr'>αὑτοῖς</span> <span class='ocrx_word' id='word_1_438' title='bbox 3344 2806 3378 2875; x_wconf 86' lang='grc' dir='ltr'>ἠ</span> <span class='ocrx_word' id='word_1_439' title='bbox 3408 2804 3584 2858; x_wconf 81' lang='grc' dir='ltr'>τοιάδε</span> <span class='ocrx_word' id='word_1_440' title='bbox 3611 2804 3783 2874; x_wconf 82' lang='grc' dir='ltr'>φωνή.</span> <span class='ocrx_word' id='word_1_441' title='bbox 3831 2797 3967 2854; x_wconf 79' lang='grc' dir='ltr'>Εἶτά</span> <span class='ocrx_word' id='word_1_442' title='bbox 4004 2817 4203 2871; x_wconf 79' lang='grc' dir='ltr'>φησιν,</span> <span class='ocrx_word' id='word_1_443' title='bbox 4232 2800 4304 2853; x_wconf 78' lang='grc' dir='ltr'>ὅτι</span> 
     </span>
    </p>
   </div>
   <div class='ocr_carea' id='block_1_60' title="bbox 2724 2892 4301 2971">
    <p class='ocr_par' dir='ltr' id='par_1_60' title="bbox 2724 2892 4301 2971">
     <span class='ocr_line' id='line_1_60' title="bbox 2724 2892 4301 2971; baseline -0.006 -19"><span class='ocrx_word' id='word_1_444' title='bbox 2724 2898 3140 2971; x_wconf 82' lang='grc' dir='ltr'>Ταραχθήσεται</span> <span class='ocrx_word' id='word_1_445' title='bbox 3187 2897 3247 2949; x_wconf 72' lang='grc' dir='ltr'>τὸ</span> <span class='ocrx_word' id='word_1_446' title='bbox 3287 2896 3503 2966; x_wconf 81' lang='grc' dir='ltr'>πνεῦμα</span> <span class='ocrx_word' id='word_1_447' title='bbox 3537 2895 3644 2948; x_wconf 83' lang='grc' dir='ltr'><strong>τῶν</strong></span> <span class='ocrx_word' id='word_1_448' title='bbox 3673 2893 3985 2963; x_wconf 81' lang='grc' dir='ltr'>Αἰγυπτίων</span> <span class='ocrx_word' id='word_1_449' title='bbox 4020 2893 4082 2945; x_wconf 85' lang='grc' dir='ltr'>ὲν</span> <span class='ocrx_word' id='word_1_450' title='bbox 4110 2892 4301 2953; x_wconf 67' lang='grc' dir='ltr'>αὑτοῖς,</span> 
     </span>
    </p>
   </div>
   <div class='ocr_carea' id='block_1_61' title="bbox 2726 2983 4306 3061">
    <p class='ocr_par' dir='ltr' id='par_1_61' title="bbox 2726 2983 4306 3061">
     <span class='ocr_line' id='line_1_61' title="bbox 2726 2983 4306 3061; baseline -0.006 -16"><span class='ocrx_word' id='word_1_451' title='bbox 2726 2991 2821 3045; x_wconf 75' lang='grc' dir='ltr'><strong>καὶ</strong></span> <span class='ocrx_word' id='word_1_452' title='bbox 2842 2990 2939 3061; x_wconf 79' lang='grc' dir='ltr'><strong>τὴν</strong></span> <span class='ocrx_word' id='word_1_453' title='bbox 2962 2988 3156 3060; x_wconf 83' lang='grc' dir='ltr'>βουλὴν</span> <span class='ocrx_word' id='word_1_454' title='bbox 3182 2988 3362 3041; x_wconf 83' lang='grc' dir='ltr'>αὑτῶν</span> <span class='ocrx_word' id='word_1_455' title='bbox 3389 2987 3747 3041; x_wconf 81' lang='grc' dir='ltr'>διασκεδάσω.</span> <span class='ocrx_word' id='word_1_456' title='bbox 3777 2985 3964 3055; x_wconf 75' lang='grc' dir='ltr'>Φαμὲν</span> <span class='ocrx_word' id='word_1_457' title='bbox 3998 2983 4060 3037; x_wconf 84' lang='grc' dir='ltr'><strong>δὲ</strong></span> <span class='ocrx_word' id='word_1_458' title='bbox 4089 2986 4172 3037; x_wconf 79' lang='grc' dir='ltr'>ὅτι</span> <span class='ocrx_word' id='word_1_459' title='bbox 4200 2983 4306 3036; x_wconf 79' lang='grc' dir='ltr'>διά-</span> 
     </span>
    </p>
   </div>
   <div class='ocr_carea' id='block_1_62' title="bbox 2726 3073 4305 3153">
    <p class='ocr_par' dir='ltr' id='par_1_62' title="bbox 2726 3073 4305 3153">
     <span class='ocr_line' id='line_1_62' title="bbox 2726 3073 4305 3153; baseline -0.005 -19"><span class='ocrx_word' id='word_1_460' title='bbox 2726 3098 2890 3153; x_wconf 85' lang='grc' dir='ltr'>φορον</span> <span class='ocrx_word' id='word_1_461' title='bbox 2925 3080 3218 3151; x_wconf 73' lang='grc' dir='ltr'>ἐσχηκότες</span> <span class='ocrx_word' id='word_1_462' title='bbox 3240 3081 3361 3133; x_wconf 80' lang='grc' dir='ltr'>κατ’</span> <span class='ocrx_word' id='word_1_463' title='bbox 3396 3078 3640 3149; x_wconf 82' lang='grc' dir='ltr'>ἀλλήλων</span> <span class='ocrx_word' id='word_1_464' title='bbox 3667 3077 3728 3130; x_wconf 81' lang='grc' dir='ltr'><strong>τὸ</strong></span> <span class='ocrx_word' id='word_1_465' title='bbox 3762 3076 4045 3147; x_wconf 83' lang='grc' dir='ltr'>φρόνημα,</span> <span class='ocrx_word' id='word_1_466' title='bbox 4091 3073 4305 3145; x_wconf 76' lang='grc' dir='ltr'>τεθορὺο</span> 
     </span>
    </p>
   </div>
   <div class='ocr_carea' id='block_1_63' title="bbox 2728 3166 4305 3245">
    <p class='ocr_par' dir='ltr' id='par_1_63' title="bbox 2728 3166 4305 3245">
     <span class='ocr_line' id='line_1_63' title="bbox 2728 3166 4305 3245; baseline -0.008 -16"><span class='ocrx_word' id='word_1_467' title='bbox 2728 3174 2922 3245; x_wconf 74' lang='grc' dir='ltr'>δηνται</span> <span class='ocrx_word' id='word_1_468' title='bbox 2951 3174 3049 3245; x_wconf 77' lang='grc' dir='ltr'><strong>μὲν</strong></span> <span class='ocrx_word' id='word_1_469' title='bbox 3077 3175 3136 3227; x_wconf 89' lang='grc' dir='ltr'><strong>οὑ</strong></span> <span class='ocrx_word' id='word_1_470' title='bbox 3163 3171 3428 3244; x_wconf 81' lang='grc' dir='ltr'>μετρίως·</span> <span class='ocrx_word' id='word_1_471' title='bbox 3474 3168 3869 3231; x_wconf 78' lang='grc' dir='ltr'>ἐπαναστάσεις</span> <span class='ocrx_word' id='word_1_472' title='bbox 3898 3168 3958 3221; x_wconf 78' lang='grc' dir='ltr'><strong>δὲ</strong></span> <span class='ocrx_word' id='word_1_473' title='bbox 4001 3168 4098 3220; x_wconf 68' lang='grc' dir='ltr'>καὶ</span> <span class='ocrx_word' id='word_1_474' title='bbox 4140 3166 4305 3237; x_wconf 80' lang='grc' dir='ltr'>μάχας</span> 
     </span>
    </p>
   </div>
   <div class='ocr_carea' id='block_1_64' title="bbox 1046 3241 2957 3341">
    <p class='ocr_par' dir='ltr' id='par_1_64' title="bbox 1046 3241 2957 3341">
     <span class='ocr_line' id='line_1_64' title="bbox 1046 3241 2957 3341; baseline 0 -34"><span class='ocrx_word' id='word_1_475' title='bbox 1046 3258 1184 3325; x_wconf 87' lang='lat' dir='ltr'><strong>pabo</strong></span> <span class='ocrx_word' id='word_1_476' title='bbox 1216 3258 1382 3321; x_wconf 88' lang='lat' dir='ltr'><strong>enim,</strong></span> <span class='ocrx_word' id='word_1_477' title='bbox 1412 3258 1603 3329; x_wconf 89' lang='lat' dir='ltr'><strong>inquit,</strong></span> <span class='ocrx_word' id='word_1_478' title='bbox 1629 3259 1865 3328; x_wconf 86' lang='lat' dir='ltr'><strong>ipsorum</strong></span> <span class='ocrx_word' id='word_1_479' title='bbox 1900 3258 2147 3321; x_wconf 87' lang='lat' dir='ltr'><strong>consilia,</strong></span> <span class='ocrx_word' id='word_1_480' title='bbox 2175 3258 2224 3311; x_wconf 89' lang='lat' dir='ltr'><strong>id</strong></span> <span class='ocrx_word' id='word_1_481' title='bbox 2255 3268 2361 3321; x_wconf 86' lang='lat' dir='ltr'><strong>est,</strong></span> <span class='ocrx_word' id='word_1_482' title='bbox 2412 3271 2624 3312; x_wconf 87' lang='lat' dir='ltr'><strong>onmem</strong></span> <span class='ocrx_word' id='word_1_483' title='bbox 2653 3241 2695 3298; x_wconf 71' lang='grc' dir='ltr'>ο</span> <span class='ocrx_word' id='word_1_484' title='bbox 2734 3241 2957 3341; x_wconf 59' lang='grc' dir='ltr'>μέλετῶέ</span> 
     </span>
    </p>
   </div>
   <div class='ocr_carea' id='block_1_65' title="bbox 2391 3241 4302 3341">
    <p class='ocr_par' dir='ltr' id='par_1_65' title="bbox 2412 3241 4302 3341">
     <span class='ocr_line' id='line_1_65' title="bbox 2412 3241 4302 3341; baseline -0.007 -19"><span class='ocrx_word' id='word_1_485' title='bbox 2412 3271 2624 3312; x_wconf 72' lang='lat' dir='ltr'><strong>omnem</strong></span> <span class='ocrx_word' id='word_1_486' title='bbox 2653 3241 2695 3298; x_wconf 67' lang='grc' dir='ltr'>ο</span> <span class='ocrx_word' id='word_1_487' title='bbox 2734 3268 3067 3341; x_wconf 85' lang='grc' dir='ltr'>μελετῶντες</span> <span class='ocrx_word' id='word_1_488' title='bbox 3094 3265 3238 3320; x_wconf 83' lang='grc' dir='ltr'>κατὰ</span> <span class='ocrx_word' id='word_1_489' title='bbox 3262 3265 3369 3319; x_wconf 79' lang='grc' dir='ltr'><strong>τῶν</strong></span> <span class='ocrx_word' id='word_1_490' title='bbox 3396 3261 3835 3317; x_wconf 80' lang='grc' dir='ltr'>πεπιστευκότων</span> <span class='ocrx_word' id='word_1_491' title='bbox 3864 3260 3913 3313; x_wconf 87' lang='grc' dir='ltr'><strong>οἰ</strong></span> <span class='ocrx_word' id='word_1_492' title='bbox 3950 3257 4302 3329; x_wconf 78' lang='grc' dir='ltr'>πλανώμενοι,</span> 
     </span>
    </p>
   </div>
   <div class='ocr_carea' id='block_1_66' title="bbox 1040 3350 2629 3417">
    <p class='ocr_par' dir='ltr' id='par_1_66' title="bbox 1040 3350 2629 3417">
     <span class='ocr_line' id='line_1_66' title="bbox 1040 3350 2629 3417; baseline 0.001 -15"><span class='ocrx_word' id='word_1_493' title='bbox 1040 3365 1233 3403; x_wconf 81' lang='lat' dir='ltr'><strong>eorum</strong></span> <span class='ocrx_word' id='word_1_494' title='bbox 1268 3350 1542 3404; x_wconf 86' lang='lat' dir='ltr'><strong>solertiam</strong></span> <span class='ocrx_word' id='word_1_495' title='bbox 1578 3365 1767 3404; x_wconf 87' lang='lat' dir='ltr'><strong>vanam</strong></span> <span class='ocrx_word' id='word_1_496' title='bbox 1801 3364 1923 3404; x_wconf 85' lang='lat' dir='ltr'><strong>esse</strong></span> <span class='ocrx_word' id='word_1_497' title='bbox 1955 3351 2258 3417; x_wconf 80' lang='lat' dir='ltr'><strong>oStendam,</strong></span> <span class='ocrx_word' id='word_1_498' title='bbox 2305 3358 2360 3404; x_wconf 91' lang='lat' dir='ltr'><strong>et</strong></span> <span class='ocrx_word' id='word_1_499' title='bbox 2414 3350 2629 3405; x_wconf 88' lang='lat' dir='ltr'><strong>inutiles</strong></span> 
     </span>
    </p>
   </div>
   <div class='ocr_carea' id='block_1_67' title="bbox 1044 3438 2626 3509">
    <p class='ocr_par' dir='ltr' id='par_1_67' title="bbox 1044 3438 2626 3509">
     <span class='ocr_line' id='line_1_67' title="bbox 1044 3438 2626 3509; baseline 0.001 -16"><span class='ocrx_word' id='word_1_500' title='bbox 1044 3439 1268 3494; x_wconf 84' lang='lat' dir='ltr'><strong>omnino</strong></span> <span class='ocrx_word' id='word_1_501' title='bbox 1308 3448 1535 3494; x_wconf 84' lang='lat' dir='ltr'><strong>conatus</strong></span> <span class='ocrx_word' id='word_1_502' title='bbox 1586 3439 1796 3494; x_wconf 86' lang='lat' dir='ltr'><strong>illorum</strong></span> <span class='ocrx_word' id='word_1_503' title='bbox 1842 3438 1934 3509; x_wconf 91' lang='lat' dir='ltr'><strong>qui</strong></span> <span class='ocrx_word' id='word_1_504' title='bbox 1978 3441 2237 3496; x_wconf 87' lang='lat' dir='ltr'><strong>adversus</strong></span> <span class='ocrx_word' id='word_1_505' title='bbox 2281 3454 2377 3494; x_wconf 83' lang='lat' dir='ltr'><strong>eos</strong></span> <span class='ocrx_word' id='word_1_506' title='bbox 2426 3438 2517 3509; x_wconf 90' lang='lat' dir='ltr'><strong>qui</strong></span> <span class='ocrx_word' id='word_1_507' title='bbox 2561 3441 2626 3494; x_wconf 89' lang='lat' dir='ltr'><strong>ad</strong></span> 
     </span>
    </p>
   </div>
   <div class='ocr_carea' id='block_1_68' title="bbox 1052 3529 1911 3603">
    <p class='ocr_par' dir='ltr' id='par_1_68' title="bbox 1052 3529 1911 3603">
     <span class='ocr_line' id='line_1_68' title="bbox 1052 3529 1911 3603; baseline 0.002 -18"><span class='ocrx_word' id='word_1_508' title='bbox 1052 3548 1138 3589; x_wconf 83' lang='lat' dir='ltr'><strong>mc</strong></span> <span class='ocrx_word' id='word_1_509' title='bbox 1162 3529 1501 3603; x_wconf 84' lang='lat' dir='ltr'><strong>confugiunt,</strong></span> <span class='ocrx_word' id='word_1_510' title='bbox 1536 3532 1911 3590; x_wconf 78' lang='lat' dir='ltr'><strong>intenduntur.</strong></span> 
     </span>
    </p>
   </div>
   <div class='ocr_carea' id='block_1_69' title="bbox 1123 3814 2627 3888">
    <p class='ocr_par' dir='ltr' id='par_1_69' title="bbox 1123 3814 2627 3888">
     <span class='ocr_line' id='line_1_69' title="bbox 1123 3814 2627 3888; baseline 0.001 -17"><span class='ocrx_word' id='word_1_511' title='bbox 1123 3814 1287 3871; x_wconf 70' lang='lat' dir='ltr'><strong>Vens.</strong></span> <span class='ocrx_word' id='word_1_512' title='bbox 1320 3815 1372 3870; x_wconf 69' lang='grc'><strong>6.</strong></span> <span class='ocrx_word' id='word_1_513' title='bbox 1424 3815 1489 3869; x_wconf 79' lang='lat' dir='ltr'><strong>Et</strong></span> <span class='ocrx_word' id='word_1_514' title='bbox 1530 3818 1926 3888; x_wconf 72' lang='lat' dir='ltr'><strong>interrogabant</strong></span> <span class='ocrx_word' id='word_1_515' title='bbox 1961 3819 2085 3873; x_wconf 80' lang='lat' dir='ltr'><strong>deos</strong></span> <span class='ocrx_word' id='word_1_516' title='bbox 2119 3836 2241 3874; x_wconf 74' lang='lat' dir='ltr'><strong>suos</strong></span> <span class='ocrx_word' id='word_1_517' title='bbox 2269 3828 2317 3874; x_wconf 79' lang='lat' dir='ltr'><strong>et</strong></span> <span class='ocrx_word' id='word_1_518' title='bbox 2342 3818 2627 3873; x_wconf 76' lang='lat' dir='ltr'><strong>simulacra</strong></span> 
     </span>
    </p>
   </div>
   <div class='ocr_carea' id='block_1_70' title="bbox 1048 3906 2625 3981">
    <p class='ocr_par' dir='ltr' id='par_1_70' title="bbox 1048 3906 2625 3981">
     <span class='ocr_line' id='line_1_70' title="bbox 1048 3906 2625 3981; baseline 0.003 -22"><span class='ocrx_word' id='word_1_519' title='bbox 1048 3916 1231 3970; x_wconf 76' lang='lat' dir='ltr'><strong>sua,et</strong></span> <span class='ocrx_word' id='word_1_520' title='bbox 1263 3922 1347 3959; x_wconf 76' lang='lat' dir='ltr'><strong>eos</strong></span> <span class='ocrx_word' id='word_1_521' title='bbox 1376 3906 1465 3974; x_wconf 81' lang='lat' dir='ltr'><strong>qui</strong></span> <span class='ocrx_word' id='word_1_522' title='bbox 1496 3908 1559 3960; x_wconf 81' lang='lat' dir='ltr'><strong>de</strong></span> <span class='ocrx_word' id='word_1_523' title='bbox 1579 3916 1719 3960; x_wconf 83' lang='lat' dir='ltr'><strong>terra</strong></span> <span class='ocrx_word' id='word_1_524' title='bbox 1754 3925 1921 3963; x_wconf 74' lang='lat' dir='ltr'><strong>vocem</strong></span> <span class='ocrx_word' id='word_1_525' title='bbox 1960 3909 2149 3974; x_wconf 83' lang='lat' dir='ltr'><strong>edunt,</strong></span> <span class='ocrx_word' id='word_1_526' title='bbox 2179 3918 2223 3964; x_wconf 80' lang='lat' dir='ltr'><strong>et</strong></span> <span class='ocrx_word' id='word_1_527' title='bbox 2253 3910 2625 3981; x_wconf 71' lang='lat' dir='ltr'><strong>venti-iloquos,</strong></span> 
     </span>
    </p>
   </div>
   <div class='ocr_carea' id='block_1_71' title="bbox 1048 3997 2625 4070">
    <p class='ocr_par' dir='ltr' id='par_1_71' title="bbox 1048 3997 2625 4070">
     <span class='ocr_line' id='line_1_71' title="bbox 1048 3997 2625 4070; baseline 0.003 -19"><span class='ocrx_word' id='word_1_528' title='bbox 1048 4011 1094 4051; x_wconf 83' lang='lat' dir='ltr'><strong>et</strong></span> <span class='ocrx_word' id='word_1_529' title='bbox 1128 3998 1342 4051; x_wconf 77' lang='lat' dir='ltr'><strong>ariolus.</strong></span> <span class='ocrx_word' id='word_1_530' title='bbox 1380 3997 1443 4051; x_wconf 79' lang='lat' dir='ltr'><strong>Et</strong></span> <span class='ocrx_word' id='word_1_531' title='bbox 1473 4003 1683 4053; x_wconf 81' lang='lat' dir='ltr'><strong>tradam</strong></span> <span class='ocrx_word' id='word_1_532' title='bbox 1710 3999 2000 4070; x_wconf 64' lang='lat' dir='ltr'><strong>zEgyptmn</strong></span> <span class='ocrx_word' id='word_1_533' title='bbox 2032 4003 2087 4055; x_wconf 83' lang='lat' dir='ltr'><strong>in</strong></span> <span class='ocrx_word' id='word_1_534' title='bbox 2141 4019 2325 4058; x_wconf 73' lang='lat' dir='ltr'><strong>manus</strong></span> <span class='ocrx_word' id='word_1_535' title='bbox 2361 4004 2625 4057; x_wconf 81' lang='lat' dir='ltr'><strong>hominum</strong></span> 
     </span>
    </p>
   </div>
   <div class='ocr_carea' id='block_1_72' title="bbox 1048 4091 2631 4163">
    <p class='ocr_par' dir='ltr' id='par_1_72' title="bbox 1048 4091 2631 4163">
     <span class='ocr_line' id='line_1_72' title="bbox 1048 4091 2631 4163; baseline 0.003 -21"><span class='ocrx_word' id='word_1_536' title='bbox 1048 4094 1380 4143; x_wconf 80' lang='lat' dir='ltr'><strong>dominorum</strong></span> <span class='ocrx_word' id='word_1_537' title='bbox 1415 4091 1691 4154; x_wconf 86' lang='lat' dir='ltr'><strong>durorum,</strong></span> <span class='ocrx_word' id='word_1_538' title='bbox 1743 4104 1790 4146; x_wconf 84' lang='lat' dir='ltr'><strong>et</strong></span> <span class='ocrx_word' id='word_1_539' title='bbox 1842 4110 1986 4163; x_wconf 80' lang='lat' dir='ltr'><strong>reges</strong></span> <span class='ocrx_word' id='word_1_540' title='bbox 2040 4096 2163 4147; x_wconf 79' lang='lat' dir='ltr'><strong>duri</strong></span> <span class='ocrx_word' id='word_1_541' title='bbox 2221 4096 2631 4148; x_wconf 76' lang='lat' dir='ltr'><strong>dominabuntur</strong></span> 
     </span>
    </p>
   </div>
   <div class='ocr_carea' id='block_1_73' title="bbox 1054 4183 1177 4247">
    <p class='ocr_par' dir='ltr' id='par_1_73' title="bbox 1054 4183 1177 4247">
     <span class='ocr_line' id='line_1_73' title="bbox 1054 4183 1177 4247; baseline -0.008 -13"><span class='ocrx_word' id='word_1_542' title='bbox 1054 4183 1177 4247; x_wconf 70' lang='lat' dir='ltr'><strong>ipsis</strong></span> 
     </span>
    </p>
   </div>
   <div class='ocr_carea' id='block_1_74' title="bbox 1138 4356 2630 4435">
    <p class='ocr_par' dir='ltr' id='par_1_74' title="bbox 1138 4356 2630 4435">
     <span class='ocr_line' id='line_1_74' title="bbox 1138 4356 2630 4435; baseline 0.01 -28"><span class='ocrx_word' id='word_1_543' title='bbox 1138 4356 1440 4422; x_wconf 84' lang='lat' dir='ltr'><strong>Quomodo,</strong></span> <span class='ocrx_word' id='word_1_544' title='bbox 1469 4370 1521 4411; x_wconf 88' lang='lat' dir='ltr'><strong>et</strong></span> <span class='ocrx_word' id='word_1_545' title='bbox 1544 4374 1650 4427; x_wconf 87' lang='lat' dir='ltr'><strong>quo</strong></span> <span class='ocrx_word' id='word_1_546' title='bbox 1680 4361 1839 4417; x_wconf 85' lang='lat' dir='ltr'><strong>etiam</strong></span> <span class='ocrx_word' id='word_1_547' title='bbox 1870 4370 2134 4430; x_wconf 89' lang='lat' dir='ltr'><strong>tempore,</strong></span> <span class='ocrx_word' id='word_1_548' title='bbox 2155 4363 2404 4419; x_wconf 85' lang='lat' dir='ltr'><strong>salutaris</strong></span> <span class='ocrx_word' id='word_1_549' title='bbox 2439 4367 2630 4435; x_wconf 71' lang='lat' dir='ltr'><strong>praedi-</strong></span> 
     </span>
    </p>
   </div>
   <div class='ocr_carea' id='block_1_75' title="bbox 1060 4450 2630 4524">
    <p class='ocr_par' dir='ltr' id='par_1_75' title="bbox 1060 4450 2630 4524">
     <span class='ocr_line' id='line_1_75' title="bbox 1060 4450 2630 4524; baseline 0.008 -25"><span class='ocrx_word' id='word_1_550' title='bbox 1060 4450 1293 4503; x_wconf 70' lang='lat' dir='ltr'><strong>mtionis</strong></span> <span class='ocrx_word' id='word_1_551' title='bbox 1328 4450 1547 4504; x_wconf 84' lang='lat' dir='ltr'><strong>divitias</strong></span> <span class='ocrx_word' id='word_1_552' title='bbox 1568 4453 1878 4520; x_wconf 79' lang='lat' dir='ltr'><strong>aereperint</strong></span> <span class='ocrx_word' id='word_1_553' title='bbox 1907 4452 2166 4524; x_wconf 64' lang='lat' dir='ltr'><strong>IEgyptii,</strong></span> <span class='ocrx_word' id='word_1_554' title='bbox 2191 4459 2428 4511; x_wconf 83' lang='lat' dir='ltr'><strong>studiose</strong></span> <span class='ocrx_word' id='word_1_555' title='bbox 2468 4474 2630 4511; x_wconf 79' lang='lat' dir='ltr'><strong>cnna-</strong></span> 
     </span>
    </p>
   </div>
   <div class='ocr_carea' id='block_1_76' title="bbox 2732 3348 4304 3431">
    <p class='ocr_par' dir='ltr' id='par_1_76' title="bbox 2732 3348 4304 3431">
     <span class='ocr_line' id='line_1_76' title="bbox 2732 3348 4304 3431; baseline -0.009 -17"><span class='ocrx_word' id='word_1_556' title='bbox 2732 3360 3074 3431; x_wconf 82' lang='grc' dir='ltr'>πολεμοῦντα</span> <span class='ocrx_word' id='word_1_557' title='bbox 3123 3358 3306 3419; x_wconf 88' lang='grc' dir='ltr'>αὑτοῖς</span> <span class='ocrx_word' id='word_1_558' title='bbox 3340 3354 3434 3408; x_wconf 76' lang='grc' dir='ltr'>καὶ</span> <span class='ocrx_word' id='word_1_559' title='bbox 3478 3352 3849 3425; x_wconf 83' lang='grc' dir='ltr'>ἀνθεστηκότα</span> <span class='ocrx_word' id='word_1_560' title='bbox 3882 3350 3975 3403; x_wconf 77' lang='grc' dir='ltr'><strong>τὸν</strong></span> <span class='ocrx_word' id='word_1_561' title='bbox 4022 3349 4135 3404; x_wconf 84' lang='grc' dir='ltr'>τῶν</span> <span class='ocrx_word' id='word_1_562' title='bbox 4181 3348 4304 3401; x_wconf 78' lang='grc' dir='ltr'>ὅλων</span> 
     </span>
    </p>
   </div>
   <div class='ocr_carea' id='block_1_77' title="bbox 2730 3440 4302 3528">
    <p class='ocr_par' dir='ltr' id='par_1_77' title="bbox 2730 3440 4302 3528">
     <span class='ocr_line' id='line_1_77' title="bbox 2730 3440 4302 3528; baseline -0.009 -21"><span class='ocrx_word' id='word_1_563' title='bbox 2730 3454 3021 3528; x_wconf 80' lang='grc' dir='ltr'>εὑρήσουσι</span> <span class='ocrx_word' id='word_1_564' title='bbox 3045 3451 3200 3504; x_wconf 86' lang='grc' dir='ltr'>Θεόν.</span> <span class='ocrx_word' id='word_1_565' title='bbox 3222 3446 3571 3503; x_wconf 83' lang='grc' dir='ltr'>Διασκεδάσω</span> <span class='ocrx_word' id='word_1_566' title='bbox 3616 3446 3724 3516; x_wconf 85' lang='grc' dir='ltr'><strong>γάρ</strong></span> <span class='ocrx_word' id='word_1_567' title='bbox 3757 3444 3935 3499; x_wconf 84' lang='grc' dir='ltr'>αὑτῶν</span> <span class='ocrx_word' id='word_1_568' title='bbox 3955 3442 4057 3504; x_wconf 79' lang='grc' dir='ltr'>τὰς</span> <span class='ocrx_word' id='word_1_569' title='bbox 4100 3440 4302 3513; x_wconf 78' lang='grc' dir='ltr'>βουλάς.</span> 
     </span>
    </p>
   </div>
   <div class='ocr_carea' id='block_1_78' title="bbox 2731 3532 4306 3617">
    <p class='ocr_par' dir='ltr' id='par_1_78' title="bbox 2731 3532 4306 3617">
     <span class='ocr_line' id='line_1_78' title="bbox 2731 3532 4306 3617; baseline -0.011 -18"><span class='ocrx_word' id='word_1_570' title='bbox 2731 3545 2915 3617; x_wconf 73' lang='grc' dir='ltr'>φησὶν,</span> <span class='ocrx_word' id='word_1_571' title='bbox 2952 3543 3098 3597; x_wconf 78' lang='grc' dir='ltr'>τοῦτ’</span> <span class='ocrx_word' id='word_1_572' title='bbox 3128 3541 3265 3605; x_wconf 81' lang='grc' dir='ltr'>ἔστι,</span> <span class='ocrx_word' id='word_1_573' title='bbox 3299 3541 3480 3594; x_wconf 77' lang='grc' dir='ltr'>πᾶσαν</span> <span class='ocrx_word' id='word_1_574' title='bbox 3510 3536 3690 3591; x_wconf 83' lang='grc' dir='ltr'>αὑτῶν</span> <span class='ocrx_word' id='word_1_575' title='bbox 3720 3536 3913 3605; x_wconf 78' lang='grc' dir='ltr'>σκέψιν</span> <span class='ocrx_word' id='word_1_576' title='bbox 3936 3533 4154 3587; x_wconf 82' lang='grc' dir='ltr'>εἰκαίαν</span> <span class='ocrx_word' id='word_1_577' title='bbox 4182 3532 4306 3584; x_wconf 79' lang='grc' dir='ltr'>ἀπο-</span> 
     </span>
    </p>
   </div>
   <div class='ocr_carea' id='block_1_79' title="bbox 2730 3622 4307 3704">
    <p class='ocr_par' dir='ltr' id='par_1_79' title="bbox 2730 3622 4307 3704">
     <span class='ocr_line' id='line_1_79' title="bbox 2730 3622 4307 3704; baseline -0.008 -16"><span class='ocrx_word' id='word_1_578' title='bbox 2730 3634 2905 3704; x_wconf 87' lang='grc' dir='ltr'>φανῶ,</span> <span class='ocrx_word' id='word_1_579' title='bbox 2963 3634 3055 3687; x_wconf 76' lang='grc' dir='ltr'><strong>καὶ</strong></span> <span class='ocrx_word' id='word_1_580' title='bbox 3106 3632 3339 3701; x_wconf 83' lang='grc' dir='ltr'>ἀνόνητα</span> <span class='ocrx_word' id='word_1_581' title='bbox 3394 3628 3695 3689; x_wconf 82' lang='grc' dir='ltr'>παντελῶςι</span> <span class='ocrx_word' id='word_1_582' title='bbox 3729 3625 3800 3679; x_wconf 76' lang='grc' dir='ltr'><strong>τά</strong></span> <span class='ocrx_word' id='word_1_583' title='bbox 3850 3625 3993 3679; x_wconf 83' lang='grc' dir='ltr'>κατὰ</span> <span class='ocrx_word' id='word_1_584' title='bbox 4040 3622 4154 3676; x_wconf 79' lang='grc' dir='ltr'>τῶν</span> <span class='ocrx_word' id='word_1_585' title='bbox 4193 3623 4307 3694; x_wconf 67' lang='grc' dir='ltr'>ἐμοὶ</span> 
     </span>
    </p>
   </div>
   <div class='ocr_carea' id='block_1_80' title="bbox 2730 3721 3781 3799">
    <p class='ocr_par' dir='ltr' id='par_1_80' title="bbox 2730 3721 3781 3799">
     <span class='ocr_line' id='line_1_80' title="bbox 2730 3721 3781 3799; baseline -0.008 -19"><span class='ocrx_word' id='word_1_586' title='bbox 2730 3725 3294 3798; x_wconf 80' lang='grc' dir='ltr'>προσδεδραμηκότων</span> <span class='ocrx_word' id='word_1_587' title='bbox 3327 3721 3781 3799; x_wconf 56' lang='grc' dir='ltr'>ἐπιχειρήματα..</span> 
     </span>
    </p>
   </div>
   <div class='ocr_carea' id='block_1_81' title="bbox 2800 3804 4306 3882">
    <p class='ocr_par' dir='ltr' id='par_1_81' title="bbox 2800 3804 4306 3882">
     <span class='ocr_line' id='line_1_81' title="bbox 2800 3804 4306 3882; baseline -0.008 -13"><span class='ocrx_word' id='word_1_588' title='bbox 2800 3815 2911 3869; x_wconf 83' lang='grc' dir='ltr'><strong>Καὶ</strong></span> <span class='ocrx_word' id='word_1_589' title='bbox 2940 3815 3388 3882; x_wconf 76' lang='grc' dir='ltr'>ἑπερωτήσουσι</span> <span class='ocrx_word' id='word_1_590' title='bbox 3420 3811 3560 3876; x_wconf 86' lang='grc' dir='ltr'>τοὺς</span> <span class='ocrx_word' id='word_1_591' title='bbox 3600 3808 3774 3879; x_wconf 83' lang='grc' dir='ltr'>θεοὺς</span> <span class='ocrx_word' id='word_1_592' title='bbox 3825 3805 4048 3871; x_wconf 78' lang='grc' dir='ltr'>αὐτῶν,</span> <span class='ocrx_word' id='word_1_593' title='bbox 4105 3805 4202 3860; x_wconf 80' lang='grc' dir='ltr'><strong>καί</strong></span> <span class='ocrx_word' id='word_1_594' title='bbox 4240 3804 4306 3858; x_wconf 78' lang='grc' dir='ltr'>τὰ</span> 
     </span>
    </p>
   </div>
   <div class='ocr_carea' id='block_1_82' title="bbox 2728 3896 4305 3977">
    <p class='ocr_par' dir='ltr' id='par_1_82' title="bbox 2728 3896 4305 3977">
     <span class='ocr_line' id='line_1_82' title="bbox 2728 3896 4305 3977; baseline -0.008 -15"><span class='ocrx_word' id='word_1_595' title='bbox 2728 3906 3042 3977; x_wconf 76' lang='grc' dir='ltr'>ἀγάλματα</span> <span class='ocrx_word' id='word_1_596' title='bbox 3071 3904 3287 3970; x_wconf 80' lang='grc' dir='ltr'>αὐτῶν,</span> <span class='ocrx_word' id='word_1_597' title='bbox 3316 3903 3412 3956; x_wconf 82' lang='grc' dir='ltr'><strong>καί</strong></span> <span class='ocrx_word' id='word_1_598' title='bbox 3463 3902 3604 3971; x_wconf 83' lang='grc' dir='ltr'>τοὺς</span> <span class='ocrx_word' id='word_1_599' title='bbox 3638 3900 3706 3954; x_wconf 81' lang='grc' dir='ltr'>ἐκ</span> <span class='ocrx_word' id='word_1_600' title='bbox 3736 3900 3849 3969; x_wconf 84' lang='grc' dir='ltr'>τῆς</span> <span class='ocrx_word' id='word_1_601' title='bbox 3892 3898 4007 3969; x_wconf 78' lang='grc' dir='ltr'>γῆς</span> <span class='ocrx_word' id='word_1_602' title='bbox 4045 3896 4305 3968; x_wconf 52' lang='lat' dir='ltr'><strong>pws-miro</strong></span> 
     </span>
    </p>
   </div>
   <div class='ocr_carea' id='block_1_83' title="bbox 2730 3990 4304 4067">
    <p class='ocr_par' dir='ltr' id='par_1_83' title="bbox 2730 3990 4304 4067">
     <span class='ocr_line' id='line_1_83' title="bbox 2730 3990 4304 4067; baseline -0.009 -12"><span class='ocrx_word' id='word_1_603' title='bbox 2730 4019 2857 4067; x_wconf 83' lang='grc' dir='ltr'>τας,</span> <span class='ocrx_word' id='word_1_604' title='bbox 2886 3999 2987 4053; x_wconf 78' lang='grc' dir='ltr'>καὶ</span> <span class='ocrx_word' id='word_1_605' title='bbox 3016 3998 3155 4064; x_wconf 82' lang='grc' dir='ltr'>τοὺς</span> <span class='ocrx_word' id='word_1_606' title='bbox 3175 3996 3702 4066; x_wconf 66' lang='grc' dir='ltr'>ἐγγαστριμύθους,</span> <span class='ocrx_word' id='word_1_607' title='bbox 3724 3993 3823 4046; x_wconf 80' lang='grc' dir='ltr'><strong>καὶ</strong></span> <span class='ocrx_word' id='word_1_608' title='bbox 3855 3990 3997 4056; x_wconf 84' lang='grc' dir='ltr'>τοὺς</span> <span class='ocrx_word' id='word_1_609' title='bbox 4018 3990 4304 4059; x_wconf 66' lang='grc' dir='ltr'>γνώστας.</span> 
     </span>
    </p>
   </div>
   <div class='ocr_carea' id='block_1_84' title="bbox 2730 4081 4306 4161">
    <p class='ocr_par' dir='ltr' id='par_1_84' title="bbox 2730 4081 4306 4161">
     <span class='ocr_line' id='line_1_84' title="bbox 2730 4081 4306 4161; baseline -0.011 -13"><span class='ocrx_word' id='word_1_610' title='bbox 2730 4095 2835 4149; x_wconf 72' lang='grc' dir='ltr'><strong>Καὶ</strong></span> <span class='ocrx_word' id='word_1_611' title='bbox 2884 4091 3216 4161; x_wconf 79' lang='grc' dir='ltr'>παραδώσω</span> <span class='ocrx_word' id='word_1_612' title='bbox 3270 4090 3574 4157; x_wconf 75' lang='grc' dir='ltr'>Αἴγυπτον</span> <span class='ocrx_word' id='word_1_613' title='bbox 3615 4089 3703 4151; x_wconf 80' lang='grc' dir='ltr'>εἰς</span> <span class='ocrx_word' id='word_1_614' title='bbox 3736 4084 3940 4155; x_wconf 81' lang='grc' dir='ltr'>χεῖρας</span> <span class='ocrx_word' id='word_1_615' title='bbox 3989 4081 4306 4151; x_wconf 71' lang='grc' dir='ltr'>ἀνθρώπων</span> 
     </span>
    </p>
   </div>
   <div class='ocr_carea' id='block_1_85' title="bbox 2730 4176 4305 4252">
    <p class='ocr_par' dir='ltr' id='par_1_85' title="bbox 2730 4176 4305 4252">
     <span class='ocr_line' id='line_1_85' title="bbox 2730 4176 4305 4252; baseline -0.008 -14"><span class='ocrx_word' id='word_1_616' title='bbox 2730 4184 2951 4252; x_wconf 76' lang='grc' dir='ltr'>κυρίων</span> <span class='ocrx_word' id='word_1_617' title='bbox 2986 4179 3301 4250; x_wconf 57' lang='grc' dir='ltr'>σκληρῶν</span> <span class='ocrx_word' id='word_1_618' title='bbox 3353 4178 3453 4233; x_wconf 79' lang='grc' dir='ltr'><strong>καί</strong></span> <span class='ocrx_word' id='word_1_619' title='bbox 3486 4177 3769 4249; x_wconf 71' lang='grc' dir='ltr'>,ϐασιλεῖς</span> <span class='ocrx_word' id='word_1_620' title='bbox 3793 4176 4052 4244; x_wconf 73' lang='grc' dir='ltr'>σκληροὶ</span> <span class='ocrx_word' id='word_1_621' title='bbox 4082 4176 4305 4243; x_wconf 61' lang='lat' dir='ltr'><strong>iri-pisti—</strong></span> 
     </span>
    </p>
   </div>
   <div class='ocr_carea' id='block_1_86' title="bbox 2730 4275 3188 4330">
    <p class='ocr_par' dir='ltr' id='par_1_86' title="bbox 2730 4275 3188 4330">
     <span class='ocr_line' id='line_1_86' title="bbox 2730 4275 3188 4330; baseline -0.002 -1"><span class='ocrx_word' id='word_1_622' title='bbox 2730 4290 2952 4330; x_wconf 76' lang='grc' dir='ltr'>σουσιν</span> <span class='ocrx_word' id='word_1_623' title='bbox 2972 4275 3188 4330; x_wconf 76' lang='grc' dir='ltr'><strong>αὐτῶν.</strong></span> 
     </span>
    </p>
   </div>
   <div class='ocr_carea' id='block_1_87' title="bbox 2798 4361 4309 4441">
    <p class='ocr_par' dir='ltr' id='par_1_87' title="bbox 2798 4361 4309 4441">
     <span class='ocr_line' id='line_1_87' title="bbox 2798 4361 4309 4441; baseline -0.006 -20"><span class='ocrx_word' id='word_1_624' title='bbox 2798 4370 2935 4423; x_wconf 87' lang='grc' dir='ltr'>Τίνα</span> <span class='ocrx_word' id='word_1_625' title='bbox 2969 4369 3031 4439; x_wconf 76' lang='grc' dir='ltr'><strong>δὴ</strong></span> <span class='ocrx_word' id='word_1_626' title='bbox 3070 4369 3290 4441; x_wconf 80' lang='grc' dir='ltr'>τρόπον,</span> <span class='ocrx_word' id='word_1_627' title='bbox 3322 4369 3353 4439; x_wconf 77' lang='grc' dir='ltr'><strong>ἦ</strong></span> <span class='ocrx_word' id='word_1_628' title='bbox 3396 4366 3535 4420; x_wconf 81' lang='grc' dir='ltr'>κατὰ</span> <span class='ocrx_word' id='word_1_629' title='bbox 3561 4367 3709 4418; x_wconf 81' lang='grc' dir='ltr'>ποῖον</span> <span class='ocrx_word' id='word_1_630' title='bbox 3731 4364 3867 4425; x_wconf 78' lang='grc' dir='ltr'>ὅλως</span> <span class='ocrx_word' id='word_1_631' title='bbox 3904 4363 4117 4433; x_wconf 76' lang='grc' dir='ltr'>καιρὸν,</span> <span class='ocrx_word' id='word_1_632' title='bbox 4152 4361 4309 4427; x_wconf 75' lang='grc' dir='ltr'>Αίγύο</span> 
     </span>
    </p>
   </div>
   <div class='ocr_carea' id='block_1_88' title="bbox 2735 4453 4306 4531">
    <p class='ocr_par' dir='ltr' id='par_1_88' title="bbox 2735 4453 4306 4531">
     <span class='ocr_line' id='line_1_88' title="bbox 2735 4453 4306 4531; baseline -0.008 -15"><span class='ocrx_word' id='word_1_633' title='bbox 2735 4481 2882 4517; x_wconf 88' lang='grc' dir='ltr'>πτιοι</span> <span class='ocrx_word' id='word_1_634' title='bbox 2933 4462 3345 4531; x_wconf 76' lang='grc' dir='ltr'>πεπλουτήκασι</span> <span class='ocrx_word' id='word_1_635' title='bbox 3376 4460 3434 4513; x_wconf 82' lang='grc' dir='ltr'><strong>τὸ</strong></span> <span class='ocrx_word' id='word_1_636' title='bbox 3484 4461 3750 4529; x_wconf 72' lang='grc' dir='ltr'>σωτήριον</span> <span class='ocrx_word' id='word_1_637' title='bbox 3790 4457 4079 4527; x_wconf 82' lang='grc' dir='ltr'>κήρυγμα.</span> <span class='ocrx_word' id='word_1_638' title='bbox 4116 4453 4306 4521; x_wconf 74' lang='grc' dir='ltr'>σπουδὴ</span> 
     </span>
    </p>
   </div>
   <div class='ocr_carea' id='block_1_89' title="bbox 1061 4540 2972 4637">
    <p class='ocr_par' dir='ltr' id='par_1_89' title="bbox 1061 4540 2972 4637">
     <span class='ocr_line' id='line_1_89' title="bbox 1061 4540 2972 4637; baseline 0.008 -46"><span class='ocrx_word' id='word_1_639' title='bbox 1061 4548 1150 4592; x_wconf 75' lang='lat' dir='ltr'><strong>tm-</strong></span> <span class='ocrx_word' id='word_1_640' title='bbox 1177 4540 1436 4609; x_wconf 85' lang='lat' dir='ltr'><strong>propheta</strong></span> <span class='ocrx_word' id='word_1_641' title='bbox 1464 4541 1773 4610; x_wconf 82' lang='lat' dir='ltr'><strong>explanare.</strong></span> <span class='ocrx_word' id='word_1_642' title='bbox 1814 4542 2122 4614; x_wconf 84' lang='lat' dir='ltr'><strong>Sensusth</strong></span> <span class='ocrx_word' id='word_1_643' title='bbox 2152 4548 2388 4602; x_wconf 73' lang='lat' dir='ltr'><strong>historiae</strong></span> <span class='ocrx_word' id='word_1_644' title='bbox 2432 4551 2513 4603; x_wconf 74' lang='lat' dir='ltr'><strong>liis</strong></span> <span class='ocrx_word' id='word_1_645' title='bbox 2536 4553 2627 4619; x_wconf 91' lang='lat' dir='ltr'><strong>qui</strong></span> <span class='ocrx_word' id='word_1_646' title='bbox 2666 4586 2705 4637; x_wconf 71' lang='grc' dir='ltr'>υ</span> <span class='ocrx_word' id='word_1_647' title='bbox 2732 4555 2806 4623; x_wconf 81' lang='grc' dir='ltr'>τῷ</span> <span class='ocrx_word' id='word_1_648' title='bbox 2841 4572 2972 4624; x_wconf 65' lang='grc' dir='ltr'>προς</span> 
     </span>
    </p>
   </div>
   <div class='ocr_carea' id='block_1_90' title="bbox 2395 4540 4306 4637">
    <p class='ocr_par' dir='ltr' id='par_1_90' title="bbox 2432 4546 4306 4637">
     <span class='ocr_line' id='line_1_90' title="bbox 2432 4546 4306 4637; baseline -0.003 -35"><span class='ocrx_word' id='word_1_649' title='bbox 2432 4551 2513 4603; x_wconf 84' lang='lat' dir='ltr'><strong>bis</strong></span> <span class='ocrx_word' id='word_1_650' title='bbox 2536 4553 2627 4619; x_wconf 88' lang='lat' dir='ltr'><strong>qui</strong></span> <span class='ocrx_word' id='word_1_651' title='bbox 2666 4586 2705 4637; x_wconf 71' lang='grc' dir='ltr'>υ</span> <span class='ocrx_word' id='word_1_652' title='bbox 2732 4555 2806 4623; x_wconf 81' lang='grc' dir='ltr'>τῷ</span> <span class='ocrx_word' id='word_1_653' title='bbox 2841 4554 3092 4624; x_wconf 76' lang='grc' dir='ltr'>προφήτῃ</span> <span class='ocrx_word' id='word_1_654' title='bbox 3123 4550 3461 4623; x_wconf 80' lang='grc' dir='ltr'>διατρανοῦν.</span> <span class='ocrx_word' id='word_1_655' title='bbox 3498 4552 3610 4602; x_wconf 82' lang='grc' dir='ltr'><strong>υὺκ</strong></span> <span class='ocrx_word' id='word_1_656' title='bbox 3642 4548 3896 4617; x_wconf 80' lang='grc' dir='ltr'>ἀνόνητος</span> <span class='ocrx_word' id='word_1_657' title='bbox 3925 4547 3982 4599; x_wconf 82' lang='grc' dir='ltr'>δὲ</span> <span class='ocrx_word' id='word_1_658' title='bbox 4023 4549 4123 4617; x_wconf 81' lang='grc' dir='ltr'><strong>τῆς</strong></span> <span class='ocrx_word' id='word_1_659' title='bbox 4171 4546 4306 4596; x_wconf 82' lang='grc' dir='ltr'>ἰστο-</span> 
     </span>
    </p>
   </div>
   <div class='ocr_carea' id='block_1_91' title="bbox 1061 4631 2629 4700">
    <p class='ocr_par' dir='ltr' id='par_1_91' title="bbox 1061 4631 2629 4700">
     <span class='ocr_line' id='line_1_91' title="bbox 1061 4631 2629 4700; baseline 0.01 -20"><span class='ocrx_word' id='word_1_660' title='bbox 1061 4646 1240 4683; x_wconf 87' lang='lat' dir='ltr'><strong>rernm</strong></span> <span class='ocrx_word' id='word_1_661' title='bbox 1272 4631 1533 4685; x_wconf 82' lang='lat' dir='ltr'><strong>bonarum</strong></span> <span class='ocrx_word' id='word_1_662' title='bbox 1564 4633 1743 4687; x_wconf 85' lang='lat' dir='ltr'><strong>stadio</strong></span> <span class='ocrx_word' id='word_1_663' title='bbox 1792 4638 2062 4700; x_wconf 83' lang='lat' dir='ltr'><strong>tenentur,</strong></span> <span class='ocrx_word' id='word_1_664' title='bbox 2112 4654 2216 4692; x_wconf 89' lang='lat' dir='ltr'><strong>non</strong></span> <span class='ocrx_word' id='word_1_665' title='bbox 2266 4641 2369 4693; x_wconf 85' lang='lat' dir='ltr'><strong>erit</strong></span> <span class='ocrx_word' id='word_1_666' title='bbox 2404 4641 2629 4695; x_wconf 86' lang='lat' dir='ltr'><strong>inutilis.</strong></span> 
     </span>
    </p>
   </div>
   <div class='ocr_carea' id='block_1_92' title="bbox 1057 4722 2637 4802">
    <p class='ocr_par' dir='ltr' id='par_1_92' title="bbox 1057 4722 2637 4802">
     <span class='ocr_line' id='line_1_92' title="bbox 1057 4722 2637 4802; baseline 0.006 -26"><span class='ocrx_word' id='word_1_667' title='bbox 1057 4722 1191 4776; x_wconf 83' lang='lat' dir='ltr'><strong>Cum</strong></span> <span class='ocrx_word' id='word_1_668' title='bbox 1232 4731 1499 4779; x_wconf 83' lang='lat' dir='ltr'><strong>vastasset</strong></span> <span class='ocrx_word' id='word_1_669' title='bbox 1551 4725 1714 4795; x_wconf 77' lang='lat' dir='ltr'><strong>igitur</strong></span> <span class='ocrx_word' id='word_1_670' title='bbox 1771 4725 2077 4782; x_wconf 64' lang='lat' dir='ltr'><strong>Iudaeorum</strong></span> <span class='ocrx_word' id='word_1_671' title='bbox 2127 4731 2397 4799; x_wconf 79' lang='lat' dir='ltr'><strong>regionem</strong></span> <span class='ocrx_word' id='word_1_672' title='bbox 2433 4732 2637 4802; x_wconf 85' lang='lat' dir='ltr'><strong>Vespa-</strong></span> 
     </span>
    </p>
   </div>
   <div class='ocr_carea' id='block_1_93' title="bbox 1059 4816 2636 4895">
    <p class='ocr_par' dir='ltr' id='par_1_93' title="bbox 1059 4816 2636 4895">
     <span class='ocr_line' id='line_1_93' title="bbox 1059 4816 2636 4895; baseline 0.01 -29"><span class='ocrx_word' id='word_1_673' title='bbox 1059 4816 1268 4878; x_wconf 88' lang='lat' dir='ltr'><strong>sianus,</strong></span> <span class='ocrx_word' id='word_1_674' title='bbox 1298 4826 1355 4869; x_wconf 90' lang='lat' dir='ltr'><strong>et</strong></span> <span class='ocrx_word' id='word_1_675' title='bbox 1383 4816 1713 4872; x_wconf 83' lang='lat' dir='ltr'><strong>incendisset</strong></span> <span class='ocrx_word' id='word_1_676' title='bbox 1752 4817 2143 4890; x_wconf 71' lang='lat' dir='ltr'><strong>Hierosolyma,</strong></span> <span class='ocrx_word' id='word_1_677' title='bbox 2184 4824 2436 4878; x_wconf 89' lang='lat' dir='ltr'><strong>omnibus</strong></span> <span class='ocrx_word' id='word_1_678' title='bbox 2468 4827 2636 4895; x_wconf 81' lang='lat' dir='ltr'><strong>copiis</strong></span> 
     </span>
    </p>
   </div>
   <div class='ocr_carea' id='block_1_94' title="bbox 1058 4907 2632 4982">
    <p class='ocr_par' dir='ltr' id='par_1_94' title="bbox 1058 4907 2632 4982">
     <span class='ocr_line' id='line_1_94' title="bbox 1058 4907 2632 4982; baseline 0.008 -24"><span class='ocrx_word' id='word_1_679' title='bbox 1058 4922 1124 4961; x_wconf 88' lang='lat' dir='ltr'><strong>ac</strong></span> <span class='ocrx_word' id='word_1_680' title='bbox 1154 4907 1361 4963; x_wconf 84' lang='lat' dir='ltr'><strong>viribus</strong></span> <span class='ocrx_word' id='word_1_681' title='bbox 1385 4908 1669 4964; x_wconf 90' lang='lat' dir='ltr'><strong>descendit</strong></span> <span class='ocrx_word' id='word_1_682' title='bbox 1703 4911 1756 4964; x_wconf 92' lang='lat' dir='ltr'><strong>in</strong></span> <span class='ocrx_word' id='word_1_683' title='bbox 1797 4910 2110 4982; x_wconf 67' lang='lat' dir='ltr'><strong>Egyptum,</strong></span> <span class='ocrx_word' id='word_1_684' title='bbox 2160 4929 2321 4982; x_wconf 82' lang='lat' dir='ltr'><strong>quam</strong></span> <span class='ocrx_word' id='word_1_685' title='bbox 2364 4916 2525 4969; x_wconf 83' lang='lat' dir='ltr'><strong>etiam</strong></span> <span class='ocrx_word' id='word_1_686' title='bbox 2582 4918 2632 4970; x_wconf 91' lang='lat' dir='ltr'><strong>in</strong></span> 
     </span>
    </p>
   </div>
   <div class='ocr_carea' id='block_1_95' title="bbox 1062 5004 2628 5075">
    <p class='ocr_par' dir='ltr' id='par_1_95' title="bbox 1062 5004 2628 5075">
     <span class='ocr_line' id='line_1_95' title="bbox 1062 5004 2628 5075; baseline 0.006 -25"><span class='ocrx_word' id='word_1_687' title='bbox 1062 5013 1278 5051; x_wconf 84' lang='lat' dir='ltr'><strong>manum</strong></span> <span class='ocrx_word' id='word_1_688' title='bbox 1311 5013 1461 5053; x_wconf 87' lang='lat' dir='ltr'><strong>suam</strong></span> <span class='ocrx_word' id='word_1_689' title='bbox 1495 5015 1558 5054; x_wconf 91' lang='lat' dir='ltr'><strong>ac</strong></span> <span class='ocrx_word' id='word_1_690' title='bbox 1589 5011 1910 5068; x_wconf 89' lang='lat' dir='ltr'><strong>potestatem</strong></span> <span class='ocrx_word' id='word_1_691' title='bbox 1954 5004 2178 5072; x_wconf 86' lang='lat' dir='ltr'><strong>redegit.</strong></span> <span class='ocrx_word' id='word_1_692' title='bbox 2223 5004 2375 5070; x_wconf 85' lang='lat' dir='ltr'><strong>Quod</strong></span> <span class='ocrx_word' id='word_1_693' title='bbox 2413 5007 2628 5075; x_wconf 89' lang='lat' dir='ltr'><strong>quidem</strong></span> 
     </span>
    </p>
   </div>
   <div class='ocr_carea' id='block_1_96' title="bbox 1062 5090 2633 5167">
    <p class='ocr_par' dir='ltr' id='par_1_96' title="bbox 1062 5090 2633 5167">
     <span class='ocr_line' id='line_1_96' title="bbox 1062 5090 2633 5167; baseline 0.008 -26"><span class='ocrx_word' id='word_1_694' title='bbox 1062 5104 1124 5142; x_wconf 82' lang='lat' dir='ltr'><strong>ex</strong></span> <span class='ocrx_word' id='word_1_695' title='bbox 1158 5090 1433 5144; x_wconf 80' lang='lat' dir='ltr'><strong>voluntate</strong></span> <span class='ocrx_word' id='word_1_696' title='bbox 1487 5092 1578 5146; x_wconf 89' lang='lat' dir='ltr'><strong>Dei</strong></span> <span class='ocrx_word' id='word_1_697' title='bbox 1640 5091 1788 5156; x_wconf 87' lang='lat' dir='ltr'><strong>fecit,</strong></span> <span class='ocrx_word' id='word_1_698' title='bbox 1845 5094 1934 5162; x_wconf 90' lang='lat' dir='ltr'><strong>qui</strong></span> <span class='ocrx_word' id='word_1_699' title='bbox 1991 5093 2352 5150; x_wconf 83' lang='lat' dir='ltr'><strong>Romanorum</strong></span> <span class='ocrx_word' id='word_1_700' title='bbox 2406 5100 2633 5167; x_wconf 89' lang='lat' dir='ltr'><strong>sceptris</strong></span> 
     </span>
    </p>
   </div>
   <div class='ocr_carea' id='block_1_97' title="bbox 1062 5180 2633 5253">
    <p class='ocr_par' dir='ltr' id='par_1_97' title="bbox 1062 5180 2633 5253">
     <span class='ocr_line' id='line_1_97' title="bbox 1062 5180 2633 5253; baseline 0.009 -25"><span class='ocrx_word' id='word_1_701' title='bbox 1062 5180 1369 5247; x_wconf 80' lang='lat' dir='ltr'><strong>provincias</strong></span> <span class='ocrx_word' id='word_1_702' title='bbox 1401 5196 1588 5236; x_wconf 87' lang='lat' dir='ltr'><strong>onmes</strong></span> <span class='ocrx_word' id='word_1_703' title='bbox 1609 5182 1769 5234; x_wconf 84' lang='lat' dir='ltr'><strong>simul</strong></span> <span class='ocrx_word' id='word_1_704' title='bbox 1801 5192 1854 5236; x_wconf 87' lang='lat' dir='ltr'><strong>ct</strong></span> <span class='ocrx_word' id='word_1_705' title='bbox 1884 5183 2130 5240; x_wconf 87' lang='lat' dir='ltr'><strong>civitates</strong></span> <span class='ocrx_word' id='word_1_706' title='bbox 2158 5185 2404 5253; x_wconf 87' lang='lat' dir='ltr'><strong>subjecit.</strong></span> <span class='ocrx_word' id='word_1_707' title='bbox 2431 5188 2633 5243; x_wconf 81' lang='lat' dir='ltr'><strong>Existi-</strong></span> 
     </span>
    </p>
   </div>
   <div class='ocr_carea' id='block_1_98' title="bbox 1063 5273 2631 5350">
    <p class='ocr_par' dir='ltr' id='par_1_98' title="bbox 1063 5273 2631 5350">
     <span class='ocr_line' id='line_1_98' title="bbox 1063 5273 2631 5350; baseline 0.008 -28"><span class='ocrx_word' id='word_1_708' title='bbox 1063 5283 1277 5326; x_wconf 84' lang='lat' dir='ltr'><strong>marunt</strong></span> <span class='ocrx_word' id='word_1_709' title='bbox 1329 5275 1546 5344; x_wconf 89' lang='lat' dir='ltr'><strong>quidem</strong></span> <span class='ocrx_word' id='word_1_710' title='bbox 1592 5273 1834 5345; x_wconf 73' lang='lat' dir='ltr'><strong>Aigyptii</strong></span> <span class='ocrx_word' id='word_1_711' title='bbox 1904 5274 2063 5331; x_wconf 78' lang='lat' dir='ltr'><strong>facile</strong></span> <span class='ocrx_word' id='word_1_712' title='bbox 2123 5280 2400 5334; x_wconf 86' lang='lat' dir='ltr'><strong>servitutis</strong></span> <span class='ocrx_word' id='word_1_713' title='bbox 2446 5281 2631 5350; x_wconf 75' lang='lat' dir='ltr'><strong>jttgum</strong></span> 
     </span>
    </p>
   </div>
   <div class='ocr_carea' id='block_1_99' title="bbox 1062 5365 2636 5436">
    <p class='ocr_par' dir='ltr' id='par_1_99' title="bbox 1062 5365 2636 5436">
     <span class='ocr_line' id='line_1_99' title="bbox 1062 5365 2636 5436; baseline 0.006 -20"><span class='ocrx_word' id='word_1_714' title='bbox 1062 5365 1293 5432; x_wconf 72' lang='lat' dir='ltr'><strong>t-ﬂ&#39;ngere</strong></span> <span class='ocrx_word' id='word_1_715' title='bbox 1320 5383 1377 5421; x_wconf 89' lang='lat' dir='ltr'><strong>se</strong></span> <span class='ocrx_word' id='word_1_716' title='bbox 1404 5368 1667 5436; x_wconf 85' lang='lat' dir='ltr'><strong>potuisse,</strong></span> <span class='ocrx_word' id='word_1_717' title='bbox 1701 5381 1868 5435; x_wconf 76' lang='lat' dir='ltr'><strong>seque</strong></span> <span class='ocrx_word' id='word_1_718' title='bbox 1901 5378 2051 5420; x_wconf 80' lang='lat' dir='ltr'><strong>extra</strong></span> <span class='ocrx_word' id='word_1_719' title='bbox 2094 5368 2264 5421; x_wconf 87' lang='lat' dir='ltr'><strong>aleam</strong></span> <span class='ocrx_word' id='word_1_720' title='bbox 2311 5370 2636 5436; x_wconf 86' lang='lat' dir='ltr'><strong>captivitatis</strong></span> 
     </span>
    </p>
   </div>
   <div class='ocr_carea' id='block_1_100' title="bbox 1066 5459 2631 5531">
    <p class='ocr_par' dir='ltr' id='par_1_100' title="bbox 1066 5459 2631 5531">
     <span class='ocr_line' id='line_1_100' title="bbox 1066 5459 2631 5531; baseline 0.006 -24"><span class='ocrx_word' id='word_1_721' title='bbox 1066 5460 1288 5526; x_wconf 84' lang='lat' dir='ltr'><strong>positos,</strong></span> <span class='ocrx_word' id='word_1_722' title='bbox 1323 5463 1465 5529; x_wconf 88' lang='lat' dir='ltr'><strong>quod</strong></span> <span class='ocrx_word' id='word_1_723' title='bbox 1522 5460 1676 5528; x_wconf 84' lang='lat' dir='ltr'><strong>aquis</strong></span> <span class='ocrx_word' id='word_1_724' title='bbox 1720 5459 1967 5527; x_wconf 87' lang='lat' dir='ltr'><strong>plurimis</strong></span> <span class='ocrx_word' id='word_1_725' title='bbox 2023 5460 2195 5512; x_wconf 87' lang='lat' dir='ltr'><strong>cincta</strong></span> <span class='ocrx_word' id='word_1_726' title='bbox 2237 5460 2412 5514; x_wconf 82' lang='lat' dir='ltr'><strong>fuerat</strong></span> <span class='ocrx_word' id='word_1_727' title='bbox 2467 5464 2631 5531; x_wconf 81' lang='lat' dir='ltr'><strong>regio.</strong></span> 
     </span>
    </p>
   </div>
   <div class='ocr_carea' id='block_1_101' title="bbox 1068 5551 2637 5623">
    <p class='ocr_par' dir='ltr' id='par_1_101' title="bbox 1068 5551 2637 5623">
     <span class='ocr_line' id='line_1_101' title="bbox 1068 5551 2637 5623; baseline 0.006 -23"><span class='ocrx_word' id='word_1_728' title='bbox 1068 5552 1166 5603; x_wconf 70' lang='lat' dir='ltr'><strong>Sed</strong></span> <span class='ocrx_word' id='word_1_729' title='bbox 1192 5566 1442 5606; x_wconf 85' lang='lat' dir='ltr'><strong>errarunt</strong></span> <span class='ocrx_word' id='word_1_730' title='bbox 1483 5570 1510 5606; x_wconf 91' lang='lat' dir='ltr'><strong>a</strong></span> <span class='ocrx_word' id='word_1_731' title='bbox 1557 5567 1672 5619; x_wconf 89' lang='lat' dir='ltr'><strong>spe.</strong></span> <span class='ocrx_word' id='word_1_732' title='bbox 1730 5552 1869 5603; x_wconf 87' lang='lat' dir='ltr'><strong>Deus</strong></span> <span class='ocrx_word' id='word_1_733' title='bbox 1913 5551 2056 5603; x_wconf 90' lang='lat' dir='ltr'><strong>enim</strong></span> <span class='ocrx_word' id='word_1_734' title='bbox 2106 5553 2149 5604; x_wconf 88' lang='lat' dir='ltr'><strong>si</strong></span> <span class='ocrx_word' id='word_1_735' title='bbox 2204 5553 2330 5620; x_wconf 88' lang='lat' dir='ltr'><strong>quid</strong></span> <span class='ocrx_word' id='word_1_736' title='bbox 2379 5556 2637 5623; x_wconf 73' lang='lat' dir='ltr'><strong>pellicere</strong></span> 
     </span>
    </p>
   </div>
   <div class='ocr_carea' id='block_1_102' title="bbox 1071 5641 2630 5712">
    <p class='ocr_par' dir='ltr' id='par_1_102' title="bbox 1071 5641 2630 5712">
     <span class='ocr_line' id='line_1_102' title="bbox 1071 5641 2630 5712; baseline 0.007 -22"><span class='ocrx_word' id='word_1_737' title='bbox 1071 5645 1210 5709; x_wconf 70' lang='lat' dir='ltr'><strong>velit,</strong></span> <span class='ocrx_word' id='word_1_738' title='bbox 1254 5646 1433 5698; x_wconf 85' lang='lat' dir='ltr'><strong>omnia</strong></span> <span class='ocrx_word' id='word_1_739' title='bbox 1476 5647 1674 5698; x_wconf 89' lang='lat' dir='ltr'><strong>cedunt</strong></span> <span class='ocrx_word' id='word_1_740' title='bbox 1719 5641 1875 5696; x_wconf 88' lang='lat' dir='ltr'><strong>facile</strong></span> <span class='ocrx_word' id='word_1_741' title='bbox 1928 5662 1939 5697; x_wconf 91' lang='lat'><strong>:</strong></span> <span class='ocrx_word' id='word_1_742' title='bbox 1992 5653 2042 5697; x_wconf 87' lang='lat' dir='ltr'><strong>et</strong></span> <span class='ocrx_word' id='word_1_743' title='bbox 2099 5658 2216 5712; x_wconf 66' lang='lat' dir='ltr'><strong>quae</strong></span> <span class='ocrx_word' id='word_1_744' title='bbox 2263 5645 2534 5703; x_wconf 84' lang='lat' dir='ltr'><strong>inaccessa</strong></span> <span class='ocrx_word' id='word_1_745' title='bbox 2578 5657 2630 5701; x_wconf 92' lang='lat' dir='ltr'><strong>ct</strong></span> 
     </span>
    </p>
   </div>
   <div class='ocr_carea' id='block_1_103' title="bbox 1133 5797 1763 5863">
    <p class='ocr_par' dir='ltr' id='par_1_103' title="bbox 1133 5797 1763 5863">
     <span class='ocr_line' id='line_1_103' title="bbox 1133 5797 1763 5863; baseline -0.003 -11"><span class='ocrx_word' id='word_1_746' title='bbox 1133 5800 1177 5829; x_wconf 74' lang='grc'><strong>⁵⁵</strong></span> <span class='ocrx_word' id='word_1_747' title='bbox 1220 5798 1408 5854; x_wconf 81' lang='lat' dir='ltr'><strong>Matth.</strong></span> <span class='ocrx_word' id='word_1_748' title='bbox 1447 5816 1537 5863; x_wconf 78' lang='lat' dir='ltr'><strong>xx,</strong></span> <span class='ocrx_word' id='word_1_749' title='bbox 1579 5797 1763 5851; x_wconf 66' lang='lat'><strong>54—36.</strong></span> 
     </span>
    </p>
   </div>
   <div class='ocr_carea' id='block_1_104' title="bbox 2738 4637 4306 4717">
    <p class='ocr_par' dir='ltr' id='par_1_104' title="bbox 2738 4637 4306 4717">
     <span class='ocr_line' id='line_1_104' title="bbox 2738 4637 4306 4717; baseline -0.008 -20"><span class='ocrx_word' id='word_1_750' title='bbox 2738 4647 2853 4717; x_wconf 90' lang='grc' dir='ltr'>ρίας</span> <span class='ocrx_word' id='word_1_751' title='bbox 2887 4649 2914 4699; x_wconf 91' lang='grc' dir='ltr'>ὀ</span> <span class='ocrx_word' id='word_1_752' title='bbox 2935 4646 3091 4713; x_wconf 83' lang='grc' dir='ltr'>λόγος</span> <span class='ocrx_word' id='word_1_753' title='bbox 3122 4648 3233 4707; x_wconf 76' lang='grc' dir='ltr'>τοῖς</span> <span class='ocrx_word' id='word_1_754' title='bbox 3288 4661 3349 4712; x_wconf 85' lang='grc' dir='ltr'><strong>γε</strong></span> <span class='ocrx_word' id='word_1_755' title='bbox 3380 4642 3527 4707; x_wconf 83' lang='grc' dir='ltr'>ἆπαξ</span> <span class='ocrx_word' id='word_1_756' title='bbox 3562 4640 3965 4714; x_wconf 81' lang='grc' dir='ltr'>χρηστομαθεῖν</span> <span class='ocrx_word' id='word_1_757' title='bbox 3994 4637 4306 4710; x_wconf 76' lang='grc' dir='ltr'>ᾑρημένοις.</span> 
     </span>
    </p>
   </div>
   <div class='ocr_carea' id='block_1_105' title="bbox 2733 4728 4311 4808">
    <p class='ocr_par' dir='ltr' id='par_1_105' title="bbox 2733 4728 4311 4808">
     <span class='ocr_line' id='line_1_105' title="bbox 2733 4728 4311 4808; baseline -0.009 -16"><span class='ocrx_word' id='word_1_758' title='bbox 2733 4737 3108 4808; x_wconf 78' lang='grc' dir='ltr'>Καταδῃώσας</span> <span class='ocrx_word' id='word_1_759' title='bbox 3141 4737 3318 4789; x_wconf 83' lang='grc' dir='ltr'>τοίνυν</span> <span class='ocrx_word' id='word_1_760' title='bbox 3349 4737 3444 4805; x_wconf 76' lang='grc' dir='ltr'><strong>τὴν</strong></span> <span class='ocrx_word' id='word_1_761' title='bbox 3471 4735 3579 4787; x_wconf 81' lang='grc' dir='ltr'><strong>τῶν</strong></span> <span class='ocrx_word' id='word_1_762' title='bbox 3632 4733 3900 4787; x_wconf 83' lang='grc' dir='ltr'>Ἰουδαίων</span> <span class='ocrx_word' id='word_1_763' title='bbox 3960 4731 4145 4803; x_wconf 80' lang='grc' dir='ltr'>χώραν</span> <span class='ocrx_word' id='word_1_764' title='bbox 4178 4728 4311 4782; x_wconf 81' lang='grc' dir='ltr'>Οὑε-</span> 
     </span>
    </p>
   </div>
   <div class='ocr_carea' id='block_1_106' title="bbox 2735 4823 4312 4898">
    <p class='ocr_par' dir='ltr' id='par_1_106' title="bbox 2735 4823 4312 4898">
     <span class='ocr_line' id='line_1_106' title="bbox 2735 4823 4312 4898; baseline -0.011 -14"><span class='ocrx_word' id='word_1_765' title='bbox 2735 4831 3053 4893; x_wconf 83' lang='grc' dir='ltr'>σπασιανὸς,</span> <span class='ocrx_word' id='word_1_766' title='bbox 3088 4830 3183 4883; x_wconf 69' lang='grc' dir='ltr'><strong>καὶ</strong></span> <span class='ocrx_word' id='word_1_767' title='bbox 3216 4828 3614 4898; x_wconf 81' lang='grc' dir='ltr'>κατεμπρήσας</span> <span class='ocrx_word' id='word_1_768' title='bbox 3642 4824 3712 4877; x_wconf 85' lang='grc' dir='ltr'>τὰ</span> <span class='ocrx_word' id='word_1_769' title='bbox 3754 4823 4137 4895; x_wconf 82' lang='grc' dir='ltr'>Ἰεροσόλυμα,</span> <span class='ocrx_word' id='word_1_770' title='bbox 4181 4836 4312 4870; x_wconf 87' lang='grc' dir='ltr'>παν-</span> 
     </span>
    </p>
   </div>
   <div class='ocr_carea' id='block_1_107' title="bbox 2735 4910 4311 4994">
    <p class='ocr_par' dir='ltr' id='par_1_107' title="bbox 2735 4910 4311 4994">
     <span class='ocr_line' id='line_1_107' title="bbox 2735 4910 4311 4994; baseline -0.011 -18"><span class='ocrx_word' id='word_1_771' title='bbox 2735 4922 2966 4994; x_wconf 76' lang='grc' dir='ltr'>στρατιᾷ</span> <span class='ocrx_word' id='word_1_772' title='bbox 3028 4919 3404 4990; x_wconf 71' lang='grc' dir='ltr'>καταῦέόηκεν</span> <span class='ocrx_word' id='word_1_773' title='bbox 3450 4922 3530 4981; x_wconf 85' lang='grc' dir='ltr'>εἰς</span> <span class='ocrx_word' id='word_1_774' title='bbox 3578 4920 3678 4987; x_wconf 74' lang='grc' dir='ltr'>τὴν</span> <span class='ocrx_word' id='word_1_775' title='bbox 3739 4915 4058 4983; x_wconf 84' lang='grc' dir='ltr'>Αἰγυπτίων</span> <span class='ocrx_word' id='word_1_776' title='bbox 4112 4910 4311 4994; x_wconf 83' lang='grc' dir='ltr'>χώραν,</span> 
     </span>
    </p>
   </div>
   <div class='ocr_carea' id='block_1_108' title="bbox 2733 4992 4313 5087">
    <p class='ocr_par' dir='ltr' id='par_1_108' title="bbox 2733 4992 4313 5087">
     <span class='ocr_line' id='line_1_108' title="bbox 2733 4992 4313 5087; baseline -0.011 -19"><span class='ocrx_word' id='word_1_777' title='bbox 2733 4992 3134 5087; x_wconf 80' lang='grc' dir='ltr'>χειρωσόμενος</span> <span class='ocrx_word' id='word_1_778' title='bbox 3164 5012 3259 5065; x_wconf 72' lang='grc' dir='ltr'>καὶ</span> <span class='ocrx_word' id='word_1_779' title='bbox 3309 5011 3502 5081; x_wconf 81' lang='grc' dir='ltr'>αὑτήν.</span> <span class='ocrx_word' id='word_1_780' title='bbox 3544 5009 3716 5079; x_wconf 84' lang='grc' dir='ltr'>Ἔδρα</span> <span class='ocrx_word' id='word_1_781' title='bbox 3741 5007 3796 5059; x_wconf 83' lang='grc' dir='ltr'>δὲ</span> <span class='ocrx_word' id='word_1_782' title='bbox 3825 5005 3985 5058; x_wconf 75' lang='grc' dir='ltr'>τοῦτο</span> <span class='ocrx_word' id='word_1_783' title='bbox 4025 5003 4164 5057; x_wconf 70' lang='grc' dir='ltr'>κατὰ</span> <span class='ocrx_word' id='word_1_784' title='bbox 4185 4992 4313 5069; x_wconf 51' lang='lat' dir='ltr'><strong>poi-</strong></span> 
     </span>
    </p>
   </div>
   <div class='ocr_carea' id='block_1_109' title="bbox 2734 5092 4312 5176">
    <p class='ocr_par' dir='ltr' id='par_1_109' title="bbox 2734 5092 4312 5176">
     <span class='ocr_line' id='line_1_109' title="bbox 2734 5092 4312 5176; baseline -0.01 -17"><span class='ocrx_word' id='word_1_785' title='bbox 2734 5107 2889 5176; x_wconf 85' lang='grc' dir='ltr'>λησιν</span> <span class='ocrx_word' id='word_1_786' title='bbox 2919 5105 3012 5159; x_wconf 83' lang='grc' dir='ltr'>τοῦ</span> <span class='ocrx_word' id='word_1_787' title='bbox 3044 5104 3201 5167; x_wconf 75' lang='grc' dir='ltr'>Θεοῦ,</span> <span class='ocrx_word' id='word_1_788' title='bbox 3254 5105 3366 5166; x_wconf 84' lang='grc' dir='ltr'>τοῖς</span> <span class='ocrx_word' id='word_1_789' title='bbox 3427 5100 3713 5171; x_wconf 84' lang='grc' dir='ltr'>Ῥωμαίων</span> <span class='ocrx_word' id='word_1_790' title='bbox 3755 5097 4125 5165; x_wconf 77' lang='grc' dir='ltr'>ὑποφέροντος</span> <span class='ocrx_word' id='word_1_791' title='bbox 4176 5092 4312 5160; x_wconf 76' lang='grc' dir='ltr'>σκήο</span> 
     </span>
    </p>
   </div>
   <div class='ocr_carea' id='block_1_110' title="bbox 2737 5181 4315 5267">
    <p class='ocr_par' dir='ltr' id='par_1_110' title="bbox 2737 5181 4315 5267">
     <span class='ocr_line' id='line_1_110' title="bbox 2737 5181 4315 5267; baseline -0.011 -18"><span class='ocrx_word' id='word_1_792' title='bbox 2737 5213 2930 5267; x_wconf 84' lang='grc' dir='ltr'>πτροις</span> <span class='ocrx_word' id='word_1_793' title='bbox 2974 5193 3157 5266; x_wconf 72' lang='grc' dir='ltr'>χώρας</span> <span class='ocrx_word' id='word_1_794' title='bbox 3195 5209 3254 5245; x_wconf 87' lang='grc' dir='ltr'><strong>τε</strong></span> <span class='ocrx_word' id='word_1_795' title='bbox 3313 5191 3530 5253; x_wconf 80' lang='grc' dir='ltr'>ἁπάσας</span> <span class='ocrx_word' id='word_1_796' title='bbox 3589 5188 3725 5259; x_wconf 80' lang='grc' dir='ltr'>ὁμοῦ</span> <span class='ocrx_word' id='word_1_797' title='bbox 3769 5188 3862 5240; x_wconf 80' lang='grc' dir='ltr'><strong>καί</strong></span> <span class='ocrx_word' id='word_1_798' title='bbox 3908 5186 4115 5246; x_wconf 84' lang='grc' dir='ltr'>πόλεις.</span> <span class='ocrx_word' id='word_1_799' title='bbox 4173 5181 4315 5233; x_wconf 76' lang='grc' dir='ltr'>Ἀλλ’</span> 
     </span>
    </p>
   </div>
   <div class='ocr_carea' id='block_1_111' title="bbox 2737 5268 4317 5357">
    <p class='ocr_par' dir='ltr' id='par_1_111' title="bbox 2737 5268 4317 5357">
     <span class='ocr_line' id='line_1_111' title="bbox 2737 5268 4317 5357; baseline -0.012 -21"><span class='ocrx_word' id='word_1_800' title='bbox 2737 5285 2906 5357; x_wconf 73' lang='grc' dir='ltr'>ᾤοντο</span> <span class='ocrx_word' id='word_1_801' title='bbox 2937 5286 3032 5355; x_wconf 81' lang='grc' dir='ltr'><strong>μὲν</strong></span> <span class='ocrx_word' id='word_1_802' title='bbox 3050 5283 3341 5345; x_wconf 80' lang='grc' dir='ltr'>Αἰγύπτιοι</span> <span class='ocrx_word' id='word_1_803' title='bbox 3374 5282 3466 5333; x_wconf 65' lang='grc' dir='ltr'><strong>καὶ</strong></span> <span class='ocrx_word' id='word_1_804' title='bbox 3495 5279 3778 5345; x_wconf 83' lang='grc' dir='ltr'>διαφυγεῖν</span> <span class='ocrx_word' id='word_1_805' title='bbox 3809 5273 4077 5328; x_wconf 80' lang='grc' dir='ltr'>δύνασθαι</span> <span class='ocrx_word' id='word_1_806' title='bbox 4120 5268 4317 5343; x_wconf 72' lang='grc' dir='ltr'>ῥᾳδίως</span> 
     </span>
    </p>
   </div>
   <div class='ocr_carea' id='block_1_112' title="bbox 2739 5358 4315 5446">
    <p class='ocr_par' dir='ltr' id='par_1_112' title="bbox 2739 5358 4315 5446">
     <span class='ocr_line' id='line_1_112' title="bbox 2739 5358 4315 5446; baseline -0.024 -2"><span class='ocrx_word' id='word_1_807' title='bbox 2739 5378 2829 5430; x_wconf 82' lang='grc' dir='ltr'><strong>τδν</strong></span> <span class='ocrx_word' id='word_1_808' title='bbox 2862 5378 2959 5446; x_wconf 77' lang='grc' dir='ltr'><strong>τῆς</strong></span> <span class='ocrx_word' id='word_1_809' title='bbox 2998 5375 3244 5438; x_wconf 84' lang='grc' dir='ltr'>δουλείας</span> <span class='ocrx_word' id='word_1_810' title='bbox 3268 5373 3451 5441; x_wconf 71' lang='grc' dir='ltr'>ζυγὸν,</span> <span class='ocrx_word' id='word_1_811' title='bbox 3478 5368 3618 5424; x_wconf 79' lang='grc' dir='ltr'>εἷναί</span> <span class='ocrx_word' id='word_1_812' title='bbox 3638 5386 3694 5422; x_wconf 90' lang='grc' dir='ltr'><strong>τε</strong></span> <span class='ocrx_word' id='word_1_813' title='bbox 3720 5367 3991 5421; x_wconf 85' lang='grc' dir='ltr'>ἀνάλωτοι</span> <span class='ocrx_word' id='word_1_814' title='bbox 4019 5358 4315 5422; x_wconf 79' lang='grc' dir='ltr'>παντελῶς,</span> 
     </span>
    </p>
   </div>
   <div class='ocr_carea' id='block_1_113' title="bbox 2741 5450 4319 5530">
    <p class='ocr_par' dir='ltr' id='par_1_113' title="bbox 2741 5450 4319 5530">
     <span class='ocr_line' id='line_1_113' title="bbox 2741 5450 4319 5530; baseline -0.012 -8"><span class='ocrx_word' id='word_1_815' title='bbox 2741 5470 2913 5523; x_wconf 89' lang='grc' dir='ltr'>διάτοι</span> <span class='ocrx_word' id='word_1_816' title='bbox 2940 5469 3001 5522; x_wconf 73' lang='grc' dir='ltr'>τὸ</span> <span class='ocrx_word' id='word_1_817' title='bbox 3034 5469 3308 5529; x_wconf 79' lang='grc' dir='ltr'>πλείστοις</span> <span class='ocrx_word' id='word_1_818' title='bbox 3339 5461 3797 5526; x_wconf 74' lang='grc' dir='ltr'>ὑδασιδιεζῶσθαι</span> <span class='ocrx_word' id='word_1_819' title='bbox 3820 5458 3917 5530; x_wconf 78' lang='grc' dir='ltr'><strong>τὴν</strong></span> <span class='ocrx_word' id='word_1_820' title='bbox 3941 5456 4140 5528; x_wconf 75' lang='grc' dir='ltr'>χώραν.</span> <span class='ocrx_word' id='word_1_821' title='bbox 4167 5450 4319 5504; x_wconf 78' lang='grc' dir='ltr'>Ἀλλ’</span> 
     </span>
    </p>
   </div>
   <div class='ocr_carea' id='block_1_114' title="bbox 2744 5541 4320 5630">
    <p class='ocr_par' dir='ltr' id='par_1_114' title="bbox 2744 5541 4320 5630">
     <span class='ocr_line' id='line_1_114' title="bbox 2744 5541 4320 5630; baseline -0.012 -18"><span class='ocrx_word' id='word_1_822' title='bbox 2744 5562 3094 5630; x_wconf 73' lang='grc' dir='ltr'>ἡμαρτήκασι</span> <span class='ocrx_word' id='word_1_823' title='bbox 3141 5560 3239 5628; x_wconf 74' lang='grc' dir='ltr'>τῆς</span> <span class='ocrx_word' id='word_1_824' title='bbox 3290 5556 3522 5619; x_wconf 79' lang='grc' dir='ltr'>ἐλπίδος,</span> <span class='ocrx_word' id='word_1_825' title='bbox 3580 5552 3715 5607; x_wconf 74' lang='grc' dir='ltr'>Θεοῦ</span> <span class='ocrx_word' id='word_1_826' title='bbox 3759 5554 3869 5623; x_wconf 85' lang='grc' dir='ltr'><strong>γάρ</strong></span> <span class='ocrx_word' id='word_1_827' title='bbox 3916 5568 3969 5602; x_wconf 84' lang='grc' dir='ltr'><strong>τι</strong></span> <span class='ocrx_word' id='word_1_828' title='bbox 4025 5541 4320 5612; x_wconf 77' lang='grc' dir='ltr'>κατορθοῦν</span> 
     </span>
    </p>
   </div>
   <div class='ocr_carea' id='block_1_115' title="bbox 2740 5635 4321 5717">
    <p class='ocr_par' dir='ltr' id='par_1_115' title="bbox 2740 5635 4321 5717">
     <span class='ocr_line' id='line_1_115' title="bbox 2740 5635 4321 5717; baseline -0.005 -16"><span class='ocrx_word' id='word_1_829' title='bbox 2740 5649 3031 5713; x_wconf 79' lang='grc' dir='ltr'>ἐθέλοντος,</span> <span class='ocrx_word' id='word_1_830' title='bbox 3061 5648 3234 5703; x_wconf 86' lang='grc' dir='ltr'>πάντα</span> <span class='ocrx_word' id='word_1_831' title='bbox 3266 5648 3482 5702; x_wconf 82' lang='grc' dir='ltr'>ὑπείκει</span> <span class='ocrx_word' id='word_1_832' title='bbox 3539 5645 3754 5717; x_wconf 71' lang='grc' dir='ltr'>ῥᾳδίως,</span> <span class='ocrx_word' id='word_1_833' title='bbox 3813 5642 3909 5696; x_wconf 69' lang='grc' dir='ltr'><strong>καὶ</strong></span> <span class='ocrx_word' id='word_1_834' title='bbox 3958 5639 4024 5695; x_wconf 84' lang='grc' dir='ltr'><strong>τὰ</strong></span> <span class='ocrx_word' id='word_1_835' title='bbox 4054 5635 4321 5703; x_wconf 72' lang='grc' dir='ltr'>ἀνέφικτα</span> 
     </span>
    </p>
   </div>
  </div>
