4110 6510
221 398 319 475 t57

1321 403 1388 459 ΙΝ
1430 404 1658 459 ιεΑιΑλι
1699 402 1828 460 LIB.
1869 400 1932 457 ll.
1976 400 2211 458 TOMUS
2250 396 2338 458 IV.

218 509 308 562 καὶ
329 506 609 576 δυσήνυτα
662 500 976 573 παραδόξως
1002 500 1484 571 κατευμαρίζεται.
1534 498 1648 570 Τὴν
1687 499 1793 569 γὰρ

1902 499 2120 553 immota
2167 508 2314 563 sunt,
2349 497 2624 567 inopinato
2665 500 3017 571 dissipantur.
3076 501 3288 558 Manum
3324 521 3467 561 enim

219 603 372 669 χεῖρα
398 596 501 667 τὴν
529 593 734 665 ὑψηλὴν
762 594 847 657 τίς
873 592 1209 663 ἀποστρέψει
1242 609 1257 657 ;
1285 592 1427 644 κατὰ
1455 590 1514 644 τὸ
1543 607 1793 662 γεγραμ-

220 690 397 759 μένον.
462 685 785 755 Συμὸἐσηκε
837 682 1017 737 τοίνυν
1083 684 1261 737 πάντα
1320 684 1388 737 τὰ
1436 683 1565 754 παρ’
1609 683 1794 745 αὐτοῖς

219 777 431 838 ὕδατος,
467 775 542 828 τά
568 789 625 826 τε
653 774 710 825 ὲν
735 772 972 841 λίμναις,
1004 772 1097 824 καί¹
1133 771 1231 841 μέν
1270 788 1350 824 τοι
1398 770 1491 823 καὶ
1529 770 1794 839 ποταμοῖς

218 866 584 935 ἀφανισθῆναι
613 863 910 928 παντελῶς,
951 864 1027 927 ὡς
1068 863 1396 918 διοδεῦεσθαι
1426 861 1603 917 ποσίν.
1638 860 1794 914 Οὕτω

218 978 273 1013 τε
293 957 483 1012 λοιπὸν
513 957 829 1027 δυσχερείας
862 956 1083 1027 ἁπάσης
1109 954 1449 1025 ἐψιλωμένην
1486 954 1582 1025 τὴν
1623 954 1791 1021 Λίγυ-

218 1050 386 1102 πτίων
456 1045 659 1117 εὑρὼν,
727 1045 1067 1117 κεκράτηκεν
1117 1044 1289 1114 αὐτῆς
1362 1043 1787 1107 Οὐεσπασιανός.

219 1142 347 1195 Κατ’
399 1140 581 1192 ἐκεῖνο
611 1137 675 1208 δὴ
706 1132 798 1191 οῦν
834 1136 928 1189 τοῦ
980 1135 1194 1208 καιροῦ,
1233 1135 1579 1205 συμϐέϐηκεν
1618 1134 1792 1187 είσελ-

215 1232 324 1285 θεῖν
344 1230 428 1291 είς
457 1228 563 1299 τὴν
590 1227 902 1295 Αἰγυπτίων
929 1227 1055 1290 τοὺς
1079 1227 1137 1279 τὸ
1169 1226 1308 1279 θεῖόν
1335 1242 1393 1279 τε
1417 1227 1510 1279 καὶ
1529 1226 1792 1297 σωτήριον

219 1318 635 1392 ἰερουργοῦντας
674 1319 957 1390 κήρυγμα,
999 1320 1093 1370 καὶ
1122 1316 1192 1370 τὰ
1222 1317 1347 1387 ἔθνη
1398 1314 1793 1388 σαγηνεύοντας

151 1399 154 1403 ’
216 1415 299 1467 διὰ
324 1412 569 1475 πίστεως
599 1411 703 1481 τῆς
731 1414 789 1464 ἐν
818 1410 1058 1481 Χριστῷ,
1094 1411 1230 1481 πρὸς
1263 1411 1362 1482 τὴν
1400 1414 1498 1482 τῆς
1536 1410 1793 1481 ἀληθείας

215 1504 528 1570 ἐπίγνωσιν.
586 1501 985 1573 Μεμαθηκότες
1035 1500 1213 1554 τοίνυν
1268 1501 1575 1570 Αἰγύπτιοι,
1635 1503 1790 1572 φησὶ,

217 1597 307 1664 τῆς
347 1591 640 1662 Ῥωμαίων
693 1593 954 1663 στρατιᾶς
997 1592 1093 1662 τὴν
1144 1593 1393 1663 παναλκῆ
1436 1593 1527 1647 καὶ
1562 1595 1793 1646 δυσκατ-

216 1680 510 1748 αγώνιστον
568 1680 781 1750 ἔφοδον,
808 1680 1237 1751 τεθορυϐημένοι
1286 1699 1345 1735 τε
1365 1682 1506 1745 λίαν,
1532 1684 1626 1735 καὶ
1669 1684 1790 1735 ὅποι

218 1770 339 1822 ποτε
384 1770 575 1833 αὐτοῖς
632 1770 693 1822 τὸ
747 1769 844 1822 τοῦ
900 1769 1225 1842 πράγματος
1275 1771 1567 1841 ἐκϐήσεται
1597 1772 1788 1844 πέρας,

216 1857 509 1928 ἀναμαθεῐν
536 1858 835 1923 ἐθέλοντες,
874 1859 1283 1929 ὲπερωτήσουσι
1335 1862 1464 1923 τοὺς
1513 1862 1668 1925 θεοὺς
1713 1863 1803 1914 αὐ-

216 1951 338 2013 τῶν,
372 1951 462 2004 καὶ
490 1950 562 2005 τὰ
594 1950 885 2019 ἀγάλματα
904 1950 1082 2003 αὐτῶν
1103 1990 1118 2013 ,
1156 1952 1247 2004 καὶ
1282 1952 1408 2015 τοὺς
1436 1953 1501 2004 ἐκ
1538 1955 1638 2022 τῆς
1690 1953 1793 2022 γῆς

218 2043 549 2112 φωνοῦντας,
603 2043 697 2096 καί
732 2044 858 2106 τοὺς
909 2042 1408 2114 ἐγγαστριμύθους,
1458 2043 1553 2097 καί.
1610 2045 1793 2114 μέντοι

220 2135 303 2188 καὶ
325 2134 599 2202 γνώστας.
643 2133 900 2205 Διάφοροι
948 2135 1057 2205 γὰρ
1107 2136 1237 2205 παρ’
1275 2136 1459 2197 αὐτοῖς
1492 2136 1795 2206 ψευδομαν-

221 2226 353 2288 τείας
388 2222 541 2296 ἦσαν
583 2225 802 2295 τρόποι,
855 2227 949 2278 καὶ
984 2225 1359 2297 πεπλασμένοι
1400 2228 1697 2298 προφῆται.
1730 2230 1792 2281 Οἰ

219 2314 310 2383 μὲν
333 2315 454 2377 τοὺς
494 2315 732 2384 νεκροὺς
778 2315 1061 2384 ἐπερωτᾷν
1109 2314 1564 2386 προσποιούμενοι
1599 2331 1614 2346 ο
1645 2316 1694 2368 οἱ
1734 2315 1792 2367 δὲ

221 2407 305 2458 καὶ
345 2404 452 2458 ἀπὸ
482 2409 595 2475 τῆς
625 2404 776 2473 σφῶν
801 2404 983 2458 αὐτῶν
1032 2404 1260 2475 καρδίας
1303 2405 1651 2476 ἐρευγόμενοι
1707 2404 1790 2457 λό-

223 2513 357 2567 γους.
386 2498 616 2569 Ἐτεροι
661 2496 718 2550 δὲ
763 2497 859 2551 καὶ
902 2496 1163 2565 γνῶσται,
1206 2496 1351 2549 τοῦτ’
1390 2496 1525 2561 ἔστι,
1570 2495 1697 2558 τοὺς
1729 2497 1792 2548 ὲκ

223 2586 405 2639 θυσιῶν
442 2589 717 2651 καπνοὺς,
749 2588 993 2650 καὶτοὺς
1014 2588 1071 2639 ὲν
1099 2589 1210 2650 τοῖς
1229 2588 1403 2657 ἥπασι
1442 2586 1549 2641 τῶν
1584 2588 1789 2655 σφαζο-

223 2674 384 2745 μένων
409 2676 576 2739 ζώων
623 2675 871 2746 παλμοὺς
919 2675 1505 2747 πολυπραγμονοῦντες
1538 2677 1787 2741 ἀνοσίως.

233 2765 357 2819 ’Δλλ’
385 2766 650 2835 οὐδεμιᾶς
675 2766 849 2831 ἔσται,
896 2768 1080 2836 φησὶν,
1124 2768 1189 2820 ὲκ
1229 2767 1484 2837 μαντείας
1522 2768 1703 2831 αὐτοῖς
1756 2769 1790 2837 ἡ

224 2860 403 2927 Ινήσις·
457 2855 593 2909 οὔτε
627 2857 733 2929 μὴν
769 2857 1046 2927 ἐπαμῦναι
1092 2858 1423 2928 δυναμένους
1468 2860 1667 2921 αὐτοὺς
1696 2860 1790 2913 sib-

226 2951 452 3019 ρήσουσι,
478 2950 617 3013 τοὺς
662 2949 1017 3019 νομισθέντας
1063 2944 1202 3003 εῖναι
1250 2949 1427 3013 θεούς.
1477 2950 1793 3022 Παραδὼσω

225 3039 319 3109 γὰρ
342 3040 618 3107 Αἴγυπτον
658 3040 736 3103 εἰς
783 3042 974 3110 χεῖρας
1026 3038 1331 3111 ἀνθρώπων
1378 3040 1587 3112 κυρίων
1624 3041 1791 3113 σκλη-

225 3130 341 3199 ρῶν,
409 3132 499 3185 καὶ
575 3130 813 3201 βασιλεῖς
872 3132 1097 3204 σκληροί⁸
1150 3132 1529 3203 κυριεύσουσιν
1587 3132 1786 3186 αὐτῶν.

227 3221 478 3293 Σκληροὺς
495 3223 564 3277 δὲ
584 3224 711 3277 ὅταν
736 3223 996 3294 ἀκούσῃς,
1034 3225 1107 3295 μὴ
1136 3225 1542 3295 ἀπήνεστάτους
1564 3227 1782 3298 νοήσῃς,

1902 590 2171 646 excelsam
2188 591 2309 659 quis
2324 592 3012 660 avertet?quemadmodum
3029 596 3286 663 scriptum
3300 606 3383 652 est
3398 601 3464 653 ".

1899 680 2111 734 Accidit
2134 695 2286 749 ergo,
2312 695 2500 736 omnes
2518 695 2703 736 eorum
2739 697 2908 752 aquas
2943 686 2995 738 in
3039 685 3260 741 lacubus
3282 698 3336 743 et
3364 689 3467 743 llu-

1901 769 2139 823 minibus
2193 769 2393 826 aul'erri
2441 773 2674 842 penitus,
2722 784 2782 829 ut
2824 775 3048 844 pedibus
3102 779 3408 846 trajecerint
3450 797 3465 833 :

1901 861 2081 927 itaque
2111 859 2383 929 deince‘ps,
2420 875 2542 915 cum
2586 865 2841 918 nudatam
2872 865 3164 937 zEgyptum
3200 870 3470 924 inveniret

1902 950 2282 1020 Vespasianus,
2309 967 2426 1006 eam
2483 952 2738 1010 facillime
2786 957 3000 1012 devicit.
3050 958 3230 1023 Quare
3277 961 3376 1016 sub
3414 963 3465 1016 id

1901 1043 2158 1111 temporis
2190 1044 2389 1107 evenit,
2418 1055 2475 1097 ut
2501 1045 2911 1113 ingrederentur
2942 1047 3231 1118 Egyptum
3273 1053 3466 1108 divinas

1898 1144 1963 1186 ac
2000 1130 2253 1187 salutaris
2292 1133 2688 1201 praedicationis
2721 1138 2865 1191 sacri
2902 1139 3157 1203 ministri,
3189 1150 3244 1194 et
3277 1151 3465 1210 gentes

1900 1235 1997 1290 per
2025 1220 2183 1276 ﬁdem
2214 1223 2380 1293 286
2413 1226 2461 1276 in
2489 1224 2710 1279 Christo
2743 1227 2808 1278 ad
2854 1227 3101 1281 veritatis
3136 1229 3464 1297 agnitionem

1900 1312 2265 1368 irretiverunt.
2308 1315 2489 1383 Itaque
2522 1315 2609 1368 ubi
2644 1314 2871 1370 Romani
2919 1319 3193 1373 exercitus
3233 1319 3465 1375 fortissi-

1900 1421 2041 1460 mam
2078 1420 2141 1460 ac
2169 1405 2581 1475 insuperabilem
2622 1405 2984 1461 incursionem
3022 1406 3262 1479 Egyptii
3302 1408 3465 1463 intel-

1898 1498 2177 1561 lexissent,
2240 1497 2396 1551 valde
2446 1497 2775 1561 tumultuati,
2811 1506 2867 1551 et
2914 1499 3053 1552 scire
3100 1499 3466 1555 desiderantes

1898 1604 2007 1658 quo
2032 1589 2246 1645 tandem
2277 1589 2353 1643 rei
2387 1590 2564 1644 exitus
2598 1604 2859 1644 evasurus
2892 1591 2983 1659 sit,
3013 1592 3142 1646 deos
3171 1600 3226 1647 et
3276 1592 3466 1662 imagi-

1900 1695 1994 1735 nes
2016 1694 2164 1747 suas,
2208 1692 2264 1735 et
2292 1682 2358 1734 de
2409 1691 2548 1734 terra
2590 1695 2772 1735 vocem
2807 1683 3048 1746 edentes,
3104 1694 3160 1738 et
3205 1685 3463 1738 ventrilo-

1897 1787 2052 1841 quos,
2081 1781 2135 1826 et
2165 1772 2366 1827 ariolos
2398 1773 2825 1842 iuterrogabunt.
2885 1774 3101 1829 Diversa
3140 1777 3284 1830 enim
3326 1778 3463 1844 apud

1835 1874 1877 1928 Β
1901 1876 1995 1916 eos
2024 1872 2177 1916 erant
2208 1863 2462 1917 falsarum
2508 1865 2946 1920 vaticinationum
2982 1880 3197 1933 genera,
3250 1874 3305 1920 et
3352 1866 3461 1921 ﬁcti

1899 1955 2190 2023 prophetae,
2241 1954 2331 2008 alii
2368 1956 2460 2024 qui
2504 1971 2562 2010 se
2619 1967 2859 2011 mortuos
2914 1957 3175 2012 sciscitari
3242 1956 3465 2025 simula-

1895 2047 2044 2108 bant.
2075 2048 2164 2101 alii
2196 2049 2287 2115 qui
2318 2063 2383 2103 ex
2413 2064 2511 2103 suo
2538 2060 2754 2120 pectore
2787 2051 2948 2105 verba
2983 2051 3326 2105 eructahant.
3359 2050 3462 2103 Alii

1896 2137 2056 2191 etiam
2087 2150 2243 2192 erant
2272 2139 2450 2203 arioli,
2479 2139 2530 2193 id
2560 2152 2665 2207 est,
2708 2141 2798 2209 qui
2846 2140 3018 2194 fumos
3049 2154 3113 2192 ex
3153 2138 3461 2201 sacrificiis.

1893 2238 1947 2283 et
1977 2229 2350 2299 palpitationes
2378 2231 2429 2285 in
2477 2232 2667 2302 hepate
2717 2241 3068 2287 mactatorum
3105 2230 3461 2285 animantium

1896 2320 2150 2388 indagant
2188 2320 2403 2375 curiose
2435 2332 2489 2377 et
2521 2323 2706 2392 impie.
2736 2322 2842 2377 Sed
2894 2323 3059 2388 nulla,
3121 2322 3313 2391 inquit,
3354 2321 3463 2376 erit

1895 2410 2270 2465 vaticiniorum
2303 2412 2524 2467 utilitas.
2565 2411 2676 2468 Nec
2721 2414 2865 2467 enim
2909 2414 2999 2483 qui
3051 2412 3124 2467 dii
3181 2420 3458 2481 putantur,

1893 2514 1987 2554 cos
2020 2501 2277 2555 auxilium
2312 2503 2506 2559 all'erre
2550 2505 2787 2574 potuisse
2826 2504 3179 2559 inveniemus.
3225 2501 3457 2558 Tradam

1894 2589 2035 2643 enim
2087 2588 2379 2661 Egyptum
2436 2592 2491 2647 in
2546 2609 2736 2647 manus
2793 2594 3067 2648 hominum
3117 2593 3468 2647 dominorum

1893 2683 2169 2748 durorum,
2211 2696 2265 2739 et
2303 2700 2455 2754 reges
2492 2686 2609 2740 duri
2669 2684 3085 2741 dominabuntur
3142 2684 3245 2741 eis.
3290 2684 3460 2736 Duros

1894 2782 2073 2827 autem
2107 2788 2229 2828 cum
2278 2774 2451 2836 audis,
2488 2789 2595 2827 non
2630 2774 3021 2828 immitissimos
3068 2786 3191 2826 esse
3236 2772 3458 2840 cogites,

1894 2866 1988 2917 sed
2019 2864 2250 2918 invictus
2296 2866 2477 2934 potius
2523 2874 2578 2919 et
2619 2863 3054 2925 invulnerabiles.
3092 2876 3143 2917 et
3176 2861 3461 2916 victoriam

1893 2957 2084 3008 cedere
2114 2956 2366 3024 cuiquam
2407 2956 2638 3012 nescios.
2678 2955 2875 3022 Quales
2904 2953 3228 3009 exstiterunt
3268 2950 3462 3005 Roma-

1895 3060 2083 3099 norum
2123 3045 2462 3100 celeberrimi
2492 3046 2867 3115 imperatores,
2912 3043 3094 3099 divino
3140 3054 3196 3098 et
3250 3049 3461 3099 secreto

1894 3136 2141 3201 consilio,
2168 3135 2506 3200 utdicebam,
2531 3135 2638 3190 illis
2661 3135 2980 3204 subjiciente
3007 3132 3191 3190 omnia
3221 3151 3238 3189 :
3265 3132 3467 3203 quippe

1894 3228 2077 3282 urbem
2108 3236 2372 3282 terrarum
2407 3226 2781 3297 subjugarunt.

228 3312 554 3383 ἀθραύστους
585 3316 641 3368 δὲ
686 3314 908 3386 μᾶλλον,
947 3315 1041 3369 καὶ
1092 3318 1440 3387 παραχωρεῖν
1508 3315 1719 3379 εἰδότας
1750 3316 1811 3369 τὸ
1844 3318 1999 3387 νικᾷν
2060 3316 2256 3371 οὐδενί.
2308 3317 2532 3371 Τοιοῦτο
2583 3316 2690 3389 γὰρ
2739 3318 2789 3370 οἰ
2847 3314 3133 3385 Ῥωμαίων
3174 3311 3469 3381 γεγόνασιν

226 3403 590 3460 εὐκλεέστατοι
620 3406 879 3477 βασιλεῖς,
913 3409 1014 3477 τῆς
1043 3407 1190 3470 θείας
1228 3425 1287 3461 τε
1333 3408 1428 3462 καὶ
1464 3407 1778 3479 ἀπορρήτου
1848 3408 2044 3480 βουλῆς
2103 3410 2473 3481 ὑποτιθείσης,
2511 3410 2587 3474 ὼς
2616 3410 2774 3478 ἔφην,
2801 3409 2870 3463 τὰ
2899 3409 3080 3462 πάντα
3108 3407 3311 3468 αὐτοῖς.
3348 3403 3460 3458 Καὶ

228 3497 340 3563 γοῦν
362 3502 740 3571 κεκρατήκασι
769 3505 867 3574 τῆς
906 3501 998 3554 ὑπ’
1024 3501 1274 3573 οὐρανόν.

293 3591 425 3645 Τάδε
470 3591 641 3661 λέγει
696 3594 914 3660 Κύριος
966 3592 1240 3647 Σαϐαὼθ·
1296 3593 1407 3649 Καὶ
1453 3595 1689 3649 πίονται
1736 3598 1791 3649 οι
1818 3603 1864 3665 (ζ

226 3684 497 3752 Αἰγύπτιοι
537 3685 603 3737 τὸ
625 3684 779 3752 ὕδωρ
817 3686 884 3738 τὸ
922 3686 1083 3752 παρὰ
1111 3684 1468 3741 θάλασσαν’
1503 3689 1538 3741 ὀ
1565 3686 1635 3741 δὲ
1682 3702 1792 3741 πο-

229 3777 391 3843 ταμὸς
418 3777 716 3844 ἐκλείψει,
769 3776 867 3829 καὶ
917 3776 1381 3846 ξηρανθήσεται.
1452 3778 1795 3847 Ἐκλείψου-

228 3882 322 3919 σιν
344 3868 678 3938 οίποταμοι
720 3868 820 3922 καὶ
859 3868 1144 3938 διώρυγες
1187 3870 1293 3924 τοῦ
1344 3870 1634 3941 ποταμοῦ,
1698 3871 1797 3924 καί

230 3957 654 4025 ξηρανθήσεται
676 3959 845 4015 πᾶσα
873 3961 1197 4030 συναγωγὴ
1233 3961 1471 4027 ὕδατος,
1510 3962 1583 4017 ἐν
1617 3963 1797 4016 παντί

228 4046 337 4102 ἕλει
360 4050 659 4120 καλάμου,
697 4050 800 4104 καὶ
824 4052 1126 4120 παπύρου,
1178 4052 1275 4104 καί
1310 4052 1375 4105 τὸ
1399 4052 1502 4122 dxi
1541 4052 1607 4106 τὸ
1640 4057 1794 4121 χλω-

226 4140 343 4204 ρὸν,
378 4140 495 4197 πᾶν
533 4142 598 4196 τὸ
634 4144 841 4206 κύκλῳ
866 4142 972 4196 τοῦ
1009 4142 1301 4211 ποταμοῦ,
1353 4142 1477 4197 πᾶν
1519 4144 1585 4196 τὸ
1622 4158 1792 4198 σπει-

229 4229 460 4297 ρόμενον
486 4232 593 4286 διὰ
623 4232 730 4286 τοῦ
775 4231 1046 4300 ποταμοῦ
1105 4231 1547 4300 ξηρανθήσεται
1579 4234 1792 4301 ἀνεμο-

1969 3593 2126 3649 ὶέιιε.
2181 3592 2333 3648 5-10.
2383 3592 2513 3646 Han:
2555 3592 2681 3645 dicit
2736 3588 2990 3645 Dominus
3043 3587 3275 3645 Sabaoth
3322 3604 3343 3645 :
3394 3589 3464 3646 Et

1894 3686 2061 3741 bibent
2108 3684 2353 3755 Egyptii
2398 3701 2587 3755 aquam
2628 3699 2745 3753 qum
2778 3683 2939 3752 juxta
2996 3698 3139 3735 mare
3195 3695 3216 3733 .'
3272 3683 3462 3751 ﬂuvius

1892 3786 2067 3832 autem
2096 3777 2295 3842 deﬁciet
2322 3786 2369 3830 et
2390 3785 2671 3830 exarescet.
2696 3774 2940 3840 Deﬁcient
2972 3773 3119 3841 ﬂuvii
3141 3782 3187 3826 et
3234 3773 3332 3827 rivi
3353 3777 3463 3842 [lu-

1894 3872 1980 3922 rii.
2014 3868 2083 3923 Et
2102 3868 2444 3922 exsiccabitur
2472 3870 2638 3921 omnis
2669 3865 2997 3935 congregatio
3045 3880 3195 3934 aqua:
3226 3866 3281 3919 in
3321 3866 3463 3918 omni

1892 3962 2082 4030 palude
2106 3961 2358 4015 calamiet
2388 3961 2589 4030 papyri.
2625 3957 2693 4011 Et
2724 3958 2842 4011 achi
2872 3958 3059 4020 viride,
3092 3971 3244 4010 omne
3265 3956 3460 4009 circum

1892 4056 2107 4123 ﬂumen,
2143 4070 2294 4108 omne
2316 4055 2452 4123 quod
2483 4052 2773 4106 seminatur
2810 4050 2971 4120 juxta
2993 4050 3210 4118 ﬂumen,
3242 4056 3460 4110 arescet,

1892 4156 2131 4212 ventoque
2152 4143 2360 4212 peribit.
2394 4142 2462 4195 Et
2490 4153 2687 4212 gement
2710 4143 3015 4207 piscatores,
3046 4150 3091 4193 et
3118 4146 3320 4208 gement
3351 4150 3464 4190 out-‘-

1889 4254 1977 4290 nes
2013 4239 2269 4291 mittentes
2296 4237 2506 4288 hamum
2532 4236 2580 4287 in
2613 4234 2848 4303 ﬂuvium,
2873 4242 2919 4287 et
2945 4232 3202 4284 mittentes
3218 4245 3460 4299 sagenas,

230 4322 443 4389 φθορίᾳ.
471 4322 590 4377 Καί
625 4322 1034 4387 στενάξουσιν
1070 4327 1123 4377 οὶ
1162 4323 1371 4389 ἁλιεῖς,
1421 4323 1789 4388 στενάξουσι

1895 4339 1935 4383 et
1955 4331 2208 4399 jacientes
2234 4329 2364 4383 retia
2389 4326 2687 4397 plorabant.
2735 4325 2804 4379 Et
2835 4324 3072 4391 confusio
3116 4321 3464 4391 apprehendet

233 4412 432 4480 πάντες
465 4418 525 4469 οἱ
546 4413 891 4480 βάλλοντες
914 4414 1242 4484 ἄγκιστρον
1261 4417 1348 4481 εις
1368 4416 1475 4469 τὸν
1495 4415 1786 4483 ποταμὸν,

233 4503 319 4557 καί
356 4508 407 4559 oi
444 4506 796 4573 ,βάλλοντες
847 4506 1145 4575 σογήνας,
1206 4507 1305 4561 καὶ
1339 4511 1392 4560 οὶ
1440 4505 1789 4576 ἀιιφισολεῖς

234 4596 611 4666 πει-θήσουσι,
658 4599 765 4653 Καὶ
810 4600 848 4665 ἡ
898 4600 1162 4668 αἰσχύνη
1208 4598 1469 4667 λήψεται
1502 4598 1641 4664 τοὺς
1682 4600 1792 4668 ἐρ-

1891 4430 2164 4489 operantes
2226 4420 2391 4473 linunt
2452 4419 2634 4486 ﬁssile,
2691 4426 2740 4471 et
2799 4424 3070 4484 operantes
3133 4413 3362 4482 byssum,
3414 4422 3463 4465 et

1895 4511 2249 4579 operabuntur
2273 4526 2333 4563 ea
2356 4511 2410 4561 in
2442 4509 2640 4573 dolore,
2674 4518 2722 4561 et
2756 4523 2931 4560 omnes
2964 4506 3175 4575 sythum
3213 4503 3461 4572 facientes

1895 4601 2361 4663 contristabuntur,
2394 4610 2441 4653 et
2470 4598 2659 4651 animis
2687 4598 2951 4650 dolebant.

237 4685 572 4757 γαζομένους
595 4690 663 4743 τὸ
695 4684 896 4742 ’.λῖν-ον
953 4689 1020 4743 τὸ
1076 4692 1354 4758 σχιστὸν,
1397 4690 1494 4743 καὶ
1532 4691 1674 4756 τοὺς
1721 4690 2148 4761 ἐργαζομένους
2203 4689 2317 4758 τὴν
2352 4691 2638 4755 ,βύσσονο
2696 4688 2792 4741 καί
2834 4689 3079 4742 ἔσονται
3130 4686 3184 4737 οί
3230 4678 3460 4772 ἐργαζό-

236 4794 386 4843 μενοι
428 4779 581 4835 αὐτὰ
622 4780 692 4833 ἐν
729 4780 937 4847 ὀδύνῃ.
992 4780 1090 4832 καὶ
1126 4779 1348 4845 πάντες
1378 4781 1432 4833 οὶ
1475 4779 1583 4833 τὸν
1613 4778 1789 4839 ζύθον
1857 4781 2169 4846 ποιοῦντες
2227 4779 2703 4847 λυπηθήσονται,
2754 4778 2850 4831 καὶ
2898 4776 3003 4842 τὰς
3034 4772 3238 4843 ψυχὰς
3283 4777 3459 4823 xore-

238 4884 458 4924 σουσιν.

300 4959 657 5030 Συναρμόσεις
683 4961 777 5015 καὶ
805 4961 932 5014 τάδε
971 4964 1083 5025 τοῖς
1130 4961 1333 5032 ἀρτίως
1374 4961 1504 5031 ἡμῖν
1562 4960 1790 5032 εἰρημέ-

1966 4958 2188 5029 Aptabis
2214 4967 2267 5011 et
2294 4957 2405 5009 haec
2436 4954 2539 5008 illis
2579 4966 2697 5019 qua:
2734 4936 2859 5003 sunt
2902 4964 2930 5001 a
2973 4947 3127 5003 nobis
3167 4946 3278 5017 jam
3320 4963 3467 5003 com-

242 5065 359 5111 istc.
398 5050 780 5122 Εὑυγροτὰτην
800 5053 908 5119 γὰρ
933 5050 1107 5112 οὕτως
1132 5051 1231 5122 τὴν
1252 5051 1585 5119 Αἰγυπτίων,
1620 5050 1792 5123 ξηρὰν

240 5141 495 5213 ἀπέφηνεν
523 5148 553 5200 ὁ
584 5144 763 5199 πάντα
798 5146 998 5216 ίσχὺων
1037 5144 1187 5207 Θεὸς,
1243 5143 1381 5196 ὥστε
1411 5144 1503 5197 καὶ
1537 5144 1795 5215 ἀνιδρωτὶ

245 5229 453 5302 βάσιμον
500 5234 639 5290 εἶναι
678 5238 791 5299 τοῖς
836 5234 1079 5289 ἐθέλουσι
1138 5234 1226 5288 διὰ
1274 5233 1480 5305 λιμνῶν
1526 5234 1661 5288 ἰέναι
1699 5233 1793 5287 καὶ

245 5324 505 5392 ποταμῶν.
542 5325 802 5398 Διῄρηται
824 5327 880 5380 δέ
911 5343 1027 5389 πως
1055 5325 1162 5377 τῶν
1191 5325 1501 5395 Αἰγυπτίων
1527 5327 1559 5398 ή
1594 5324 1745 5396 χώρα
1775 5340 1790 5356 ο

247 5412 331 5465 καὶ
349 5415 395 5468 οἰ
415 5418 508 5485 μὲν
527 5416 709 5488 ἔχουσι
738 5419 837 5489 τὴν
858 5417 962 5487 γῆν
994 5416 1092 5487 τὴν
1123 5417 1403 5488 ἀρόσιμον,
1427 5417 1521 5471 καὶ
1558 5433 1794 5486 γονιμω-

248 5500 414 5573 τάτην,
455 5509 545 5561 καὶ
569 5508 883 5580 ἀμπελῶσιν
916 5510 997 5562 ὃτι
1045 5506 1277 5578 μάλιστα
1306 5507 1613 5577 μελεδωνοί.
1650 5507 1717 5560 υί
1739 5505 1795 5559 δὲ

251 5593 371 5663 πρὸς
403 5598 583 5663 αὐταῖς
612 5598 820 5654 οἰκοῦσι
852 5604 970 5666 ταῖς
1020 5600 1254 5670 λίμναις,
1278 5602 1346 5655 τὰ
1374 5600 1431 5667 ἐξ
1465 5599 1644 5663 αὐτῶν
1669 5599 1792 5669 δρε-

316 5748 359 5779 "
392 5750 486 5808 lsa.
531 5770 639 5817 xiv,
670 5756 760 5809 27.
1275 5815 1278 5818 .

556 5849 821 5908 Ριτιιοι..
865 5848 981 5907 (in.
1034 5847 1227 5908 LXX.

1900 5058 2217 5104 memorata.
2258 5045 2480 5098 Terram
2532 5041 2675 5096 enim
2736 5036 3114 5110 [Egyptiorum
3164 5036 3468 5093 humidissio

1901 5154 2064 5203 mam,
2116 5136 2321 5191 aridam
2379 5132 2557 5188 etfacit
2603 5132 2944 5201 omnipotens
2996 5129 3154 5192 Deus,
3213 5138 3272 5181 ut
3324 5127 3466 5183 enim

1900 5230 2062 5301 287
2094 5228 2213 5284 sine
2241 5228 2439 5281 sudore
2466 5224 2647 5293 pervia
2678 5223 2768 5288 sit,
2814 5230 3003 5291 stagna
3034 5231 3087 5275 et
3115 5219 3310 5275 ﬂuvios
3346 5233 3471 5288 pera

1902 5323 2136 5377 transire
2164 5318 2489 5374 volentibus.
2516 5315 2697 5369 Divisa
2731 5321 2815 5369 est
2865 5322 3041 5366 autem
3072 5311 3471 5380 quodammodo

1899 5412 2276 5483 Egyptiorum
2311 5408 2457 5478 regio
2486 5416 2577 5461 :et
2610 5405 2697 5459 alii
2727 5405 2924 5460 habent
2963 5412 3167 5457 terram
3211 5400 3468 5456 arabilem

1897 5513 1952 5560 et
1984 5500 2449 5567 fecundissimam,
2473 5508 2528 5554 et
2564 5498 2760 5553 .vitium
2794 5505 2923 5552 sunt
2972 5496 3207 5551 cultores
3264 5492 3471 5548 studio-

1900 5593 2118 5652 sissimi.
2159 5593 2261 5649 Alii
2317 5603 2497 5649 autem
2552 5592 2701 5648 lacus
2754 5588 3026 5652 accolunt,
3086 5598 3136 5642 et
3183 5600 3302 5654 quae
3348 5584 3470 5636 inde

3121 5831 3192 5891 15

3366 414 3468 467 433
3522 438 3525 441 ·
