4840 6568
963 401 1067 461 159

1943 390 2001 445 s.
2042 385 2311 443 evrum
2354 377 2823 439 ALEXANDRINI
2861 346 3179 434 autumn
4077 373 4164 428 ιω

966 518 1309 591 proveniunt,
1352 515 1680 583 decerpunt.
1728 509 2037 565 Piscatores
2084 508 2227 563 enim
2279 514 2425 567 sunt,
2482 513 2537 556 ct
2566 500 2877 570 Απόμενοι.

2279 514 2425 567 sunt,
2482 500 2885 570 ειΑπόμενοι.
2950 492 3287 567 Ἰχθυοθῆραί
3338 508 3395 544 τε
3455 489 3564 561 γάρ
3625 488 3749 553 εἰσι,
3821 489 3912 542 καὶ
3955 489 4167 562 adnepos

965 624 1226 683 papyrum
1257 610 1535 668 desecant,
1568 618 1631 659 ac
1662 602 1863 657 chartae
1912 609 2040 654 sunt
2084 600 2343 665 artifices,
2386 607 2442 650 et
2469 595 2533 648 li-

966 680 1091 753 num
1123 694 1289 752 fissile
1346 700 1661 763 operantur.
1717 687 1994 743 Palustres
2053 694 2233 739 autem
2292 680 2535 736 homines

964 790 1078 843 sive
1112 784 1329 842 bubulci
1385 781 1822 839 denominantur.
1886 777 2024 832 Sunt
2067 775 2211 829 enim
2259 772 2397 843 apud
2443 785 2536 826 eos

965 879 1245 932 innumera
1266 875 1432 929 boum
1476 879 1722 926 armenta
1761 867 1980 938 :panis,
2021 865 2153 930 vini,
2203 862 2537 927 aliarumque

964 982 1144 1023 rerum
1178 979 1374 1035 magna
1406 960 1653 1033 penuria.
1696 956 2079 1013 Deficientibus
2133 954 2317 1023 itaque
2357 949 2533 1019 aquis,

966 1056 1162 1126 inquit,
1199 1053 1387 1108 bibent
1416 1066 1634 1122 aquam.
1672 1048 1803 1102 Natu
1834 1047 1888 1102 in
1912 1045 2188 1101 littoribus
2215 1041 2538 1112 quandoque

968 1146 1254 1207 fodientes,
1281 1140 1570 1212 potabilem
1600 1138 1725 1193 inde
1751 1137 1962 1191 laticem
2011 1132 2356 1189 exhauriunt.
2393 1128 2535 1183 Defi-

968 1236 1114 1290 cient
1143 1242 1319 1288 autem
1370 1238 1426 1285 et
1471 1238 1789 1284 exarescent
1830 1240 2019 1282 omnes
2069 1223 2216 1278 fluvii
2271 1230 2325 1276 et
2377 1218 2535 1274 alvei.

970 1327 1087 1382 Erit
1119 1335 1299 1380 autem
1340 1322 1395 1377 in
1422 1321 1567 1376 omni
1606 1318 1795 1388 palude
1825 1316 2015 1372 calami
2045 1324 2097 1369 et
2123 1313 2307 1385 papyri
2347 1312 2540 1364 raritas

970 1432 1254 1487 aquarum.
1282 1414 1346 1468 Et
1374 1426 1534 1467 omne
1557 1410 1697 1477 quod
1731 1409 1784 1462 in
1828 1406 1984 1475 aquis
2031 1404 2292 1467 nascitur,
2344 1402 2538 1470 inquit,

970 1505 1355 1571 exsiccabitur,
1383 1510 1441 1556 ut
1474 1511 1529 1556 et
1551 1502 1762 1570 lugeant
1804 1498 2124 1568 piscatores,
2163 1504 2218 1550 et
2246 1494 2334 1562 qui
2371 1493 2539 1546 linum

971 1594 1261 1650 coniiciunt
1300 1591 1483 1655 fissile,
1512 1598 1567 1646 et
1596 1590 1648 1644 in
1683 1587 1867 1643 dolore
1910 1601 2103 1654 magno
2142 1589 2424 1638 versentur
2448 1578 2539 1649 qui

962 1700 1036 1739 ea
1061 1690 1356 1748 exercent;
1387 1690 1442 1737 et
1472 1690 1729 1751 praeterea
1761 1679 1850 1748 qui
1880 1677 2020 1747 apud
2052 1690 2143 1731 eos
2175 1674 2395 1745 zythum
2439 1684 2538 1739 ap-

960 1783 1182 1843 :parant.
1208 1773 1374 1843 Aquis
1400 1773 1543 1827 enim
1573 1769 1970 1831 deficientibus,
2008 1765 2185 1836 inopia
2226 1763 2543 1819 laborabunt

972 1865 1216 1920 omnium
1247 1878 1369 1932 quae
1398 1861 1705 1916 exhilarare
1742 1858 1938 1922 solent,
1966 1867 2018 1912 et
2050 1858 2115 1911 ad
2154 1855 2316 1909 vitam
2344 1867 2542 1923 oppor-
2574 1836 2616 1891 Β

976 1966 1104 2010 tuna
1151 1964 1205 2010 et
1260 1954 1605 2009 accommoda
1655 1952 1857 2007 all‘atim
1908 1950 2269 2020 suppeditare.
2330 1948 2394 2001 Et
2446 1947 2547 2001 hoc

973 2045 1189 2115 quidem
1218 2052 1485 2113 quatenus
1533 2045 1599 2097 ad
1631 2043 1872 2098 historiae
1921 2040 2333 2095 declarationem
2378 2039 2546 2107 perti-

978 2146 1091 2202 net,
1126 2136 1271 2190 clare
1299 2134 1501 2189 dictum
1525 2143 1629 2188 est.
1664 2134 1758 2188 Sin
1789 2133 1913 2187 velit
1946 2134 2068 2202 quis
2108 2146 2369 2200 aquarum
2410 2130 2546 2184 rari.

979 2236 1144 2282 tatem
1195 2226 1355 2280 aliter
1402 2224 1668 2294 accipere,
1717 2233 1771 2278 et
1808 2222 1872 2277 ad
1912 2219 2207 2277 subtilioris
2249 2218 2547 2289 intelligen-

979 2319 1066 2373 tia:
1095 2314 1509 2389 profunditatem
1532 2315 1879 2378 descendere,
1908 2328 2013 2367 nou
2058 2327 2086 2365 a
2114 2325 2277 2381 scopo
2313 2310 2547 2374 recedet,

979 2411 1025 2466 si
1057 2409 1255 2465 anilem
1275 2417 1330 2464 et
1355 2406 1613 2465 insulsam
1643 2406 1943 2461 orationem
1981 2404 2293 2458 Graecorum
2335 2401 2547 2471 sapien-

984 2515 1094 2556 tum
1123 2500 1280 2570 aquis
1328 2506 1623 2565 comparet,
1672 2496 1908 2566 piscibus
1950 2504 2129 2548 autem
2161 2502 2216 2548 et
2248 2507 2454 2564 papyro
2494 2499 2548 2547 et

964 2593 1209 2661 calamo,
1232 2592 1481 2661 aliisque,
1502 2605 1731 2660 quorum
1764 2588 1976 2643 alumna
2000 2597 2055 2642 et
2080 2587 2257 2641 nutrix
2282 2596 2363 2642 est
2386 2600 2551 2655 aqua-

968 2699 1106 2738 ‘rum
1162 2692 1377 2749 natura,
1418 2681 1695 2737 hominum
1754 2679 2129 2747 frequentiam.
2188 2677 2552 2734 Piscatoribus

971 2788 1133 2839 ivero,
1173 2782 1227 2827 et
1280 2787 1458 2827 rerum
1516 2770 1835 2841 aquatilium
1897 2768 2258 2835 curatoribus,
2317 2782 2411 2824 eos
2458 2767 2550 2837 qui

977 2865 1234 2921 inescare
1279 2872 1492 2919 norunt
1535 2862 1835 2934 gregariam
1892 2860 2313 2926 multitudinem,
2363 2870 2417 2915 et
2462 2859 2550 2928 qui

970 2956 1204 3012 student
1232 2955 1575 3010 sermonibus
1603 2954 1656 3007 in
1695 2966 1935 3008 errorem
1997 2952 2381 3007 dcducentibus
2434 2964 2553 3005 eam

984 3047 1138 3117 quasi
1177 3045 1305 3101 linis
1345 3044 1667 3114 quibusdam
1720 3041 2018 3111 implicare.
2070 3040 2132 3093 lli
2192 3040 2448 3110 lugebth
2503 3048 2557 3093 et

2633 588 3036 661 ἀποκείροντες,
3092 585 3291 656 χάρτου
3320 581 3381 636 τέ
3410 582 3516 635 εἰσι
3545 580 3885 651 δημιουργοὶ,
3932 581 4019 634 καὶ
4055 582 4171 635 λίνον

2635 682 2958 756 ἐργάζονται
2986 680 3047 733 τὸ
3074 676 3311 748 σχιστόν.
3362 674 3565 728 Ἕλειοι
3593 674 3649 727 δὲ
3682 673 3871 744 ἀνδρες
3892 673 4044 743 ἤγουν
4072 673 4172 742 βου-

2635 774 2783 828 κόλοι
2841 768 3334 840 κατονομάζονταιο
3391 766 3486 819 καὶ
3546 765 3651 835 γάρ
3700 765 3807 817 εἰσι
3864 764 3984 833 παρ’
4021 764 4174 829 αὐτοῖς

2637 861 2871 936 ἀριθμοῦ
2906 860 3215 932 κρείττονες
3244 859 3298 911 αἱ
3325 856 3463 927 βοῶν
3489 854 3681 925 ἀγέλαι
3700 868 3712 882 ·
3765 853 3988 921 πλείστη
4016 870 4068 906 τε
4096 854 4176 924 ἀρ-

2636 975 2730 1012 του
2767 956 2860 1010 καὶ
2888 954 3031 1009 οῖνου
3083 953 3182 1007 καὶ
3234 952 3343 1005 τῶν
3404 951 3578 1005 ἄλλων
3616 951 3649 1019 ἡ
3686 948 3897 1010 σπάνις.
3957 948 4178 1003 Ἐκλελοιι

2639 1048 2819 1102 πότων
2859 1044 3145 1117 τοιγαροῦν
3182 1042 3290 1097 τῶν
3325 1041 3555 1105 ὑδάτων,
3579 1041 3768 1111 φησιν,
3800 1039 4008 1093 πίονται
4033 1039 4173 1110 ὕδωρ.

2651 1138 2994 1210 Ὀρύττοντες
3039 1136 3149 1207 γάρ
3203 1137 3261 1189 ὲν
3307 1136 3421 1197 τοῖς
3463 1132 3728 1200 αἰγιαλοῖς
3781 1130 3892 1183 ἐσθ’
3919 1131 4001 1183 ὅτε
4043 1131 4179 1196 τινὲς,

2641 1227 2873 1296 πότιμον
2897 1224 3158 1297 ἀρύονται
3192 1223 3361 1295 νάμα.
3422 1221 3763 1290 Ἐκλείψουσι
3803 1221 3862 1274 δὲ
3906 1222 3995 1274 καὶ
4021 1221 4181 1290 ξηραν-

2641 1317 2896 1388 θήσονται
2926 1318 2973 1369 οἱ
3018 1315 3272 1385 ποταμοὶ,
3302 1313 3396 1367 καὶ
3430 1315 3600 1367 πᾶσαι
3630 1312 3687 1365 ai
3722 1310 4004 1382 διώρυγες.
4026 1312 4181 1365 Ἔσται

2640 1408 2695 1461 δὲ
2726 1407 2921 1470 σπάνις
2955 1405 3162 1459 ὑδάτων
3187 1405 3244 1457 ἐν
3283 1404 3447 1456 πανιτί⁵
3482 1403 3594 1455 ἕλει
3631 1400 3902 1471 καλάμου,
3930 1402 4017 1456 καὶ
4034 1402 4182 1456 παπύι

2645 1516 2758 1571 pou.
2794 1499 2903 1552 Καὶ
2926 1500 3034 1552 πᾶν
3060 1497 3123 1551 τὸ
3151 1499 3209 1551 ὲν
3236 1499 3349 1560 τοῖς
3378 1494 3532 1548 ὑδασι
3576 1494 3849 1565 φυόμενον
3886 1492 4186 1565 ξηρανθήοε-

2640 1608 2749 1654 ται,
2801 1589 2987 1660 φησὶν,
3058 1587 3199 1642 ὥστε
3244 1589 3339 1641 κα)⁸
3393 1586 3655 1653 στενάξαι
3698 1585 3810 1641 τῶν
3867 1584 4052 1655 ἰχθύων
4085 1586 4186 1648 τούς

2644 1682 2931 1754 θηρευτὰς,
2948 1682 3188 1744 καὶτοὺς
3216 1678 3281 1733 τδ
3307 1678 3451 1732 λῖνον
3480 1675 3882 1749 ἐργαζομένους
3904 1676 3963 1728 τὸ
3989 1677 4186 1745 σχιστὸν,

2644 1775 2738 1827 καὶ
2764 1774 2822 1825 ὲν
2856 1771 3017 1843 ὀδύνῃ
3070 1769 3325 1839 γενέσθαι
3378 1768 3574 1840 πολλῇ,
3631 1768 3759 1831 τοὺς
3830 1764 4189 1838 ἐργαζομένους

2646 1866 2786 1920 αὐτά
2809 1880 2823 1894 ·
2878 1864 2973 1918 καὶ
3008 1864 3146 1935 πρὸς
3184 1863 3395 1926 τούτοις
3439 1862 3542 1926 ἔτι,
3593 1862 3721 1925 τοὺς
3748 1862 3842 1914 τὸν
3887 1859 4008 1931 παρ’
4043 1860 4191 1921 αὐτοῖς

2647 1956 2807 2020 ζύθον
2851 1954 3167 2026 ἀρτύοντας.
3225 1951 3654 2006 Ἐκλελοιπότων
3698 1951 3811 2024 γάρ
3859 1950 3967 2004 τῶν
3996 1948 4188 2009 ὑδάτων,

2647 2049 2705 2100 έν
2736 2046 2912 2119 ἐνδείᾳ
2961 2045 3162 2109 παντὸς
3191 2042 3404 2098 ἔσονται
3429 2043 3522 2095 τοῦ
3561 2041 3976 2111 κατευφραίνειν
4006 2040 4189 2103 εἰδότος,

2647 2141 2741 2193 καὶ
2787 2139 2856 2191 τὰ
2894 2137 3028 2211 πρὸς
3090 2136 3238 2207 ζωὴν
3281 2136 3467 2197 αὐτοῖς
3522 2133 3807 2204 ἐπιτήδεια
3846 2132 4192 2204 παρατιθέντος

2648 2230 2935 2292 πλουσίως.
2977 2228 3087 2281 Καὶ
3135 2226 3297 2279 ταυτὶ
3346 2225 3446 2295 μὲν
3478 2224 3539 2276 τό
3569 2241 3633 2292 γε
3672 2219 3810 2296 ἧκον
3838 2226 3921 2287 εἰς
3951 2224 4008 2277 τὸ
4036 2224 4092 2276 ἐκ
4114 2222 4193 2291 τῆς

2652 2321 2888 2393 ἱστορίας
2943 2318 3271 2390 δηλούμενον
3334 2317 3552 2389 εἴρηται
3606 2316 3815 2386 σαφῶς.
3866 2317 3927 2369 Ei
3975 2316 4028 2370 δὲ
4057 2315 4111 2386 δή
4129 2331 4195 2377 τις

2648 2414 2819 2468 ἕλοιτο
2846 2413 2953 2466 τῶν
2995 2412 3204 2467 ὑδάτων
3233 2409 3331 2482 τὴν
3364 2409 3562 2463 σπάνιν
3588 2409 3682 2462 καὶ
3722 2408 3926 2479 ἑτέρως
3955 2405 4190 2468 ἐκλαϐεῖν,

2650 2504 2744 2559 καὶ
2778 2503 3097 2575 ἰσχνοτέρων
3145 2501 3361 2556 ἐννοιῶν
3414 2503 3494 2564 εἰς
3543 2500 3706 2571 βάθος
3754 2498 3955 2562 ἐλθεῖν,
3987 2497 4076 2551 οὐκ
4111 2495 4195 2549 ἀπὸ

2653 2598 2857 2652 σκοποῦ
2911 2596 3190 2668 βαδιεῖται,
3242 2594 3593 2666 παρεικάζων
3653 2592 3815 2647 ὕδασι
3846 2591 3935 2645 τὸν
3967 2591 4105 2662 παρά
4148 2607 4194 2642 τε

2652 2692 2763 2751 τοῖς
2791 2688 2899 2741 τῶν
2945 2687 3215 2757 Ἐλλήνων
3245 2689 3451 2757 σοφοῖς,
3483 2685 3702 2757 γραὼδη
3756 2700 3818 2737 τε
3866 2683 3957 2737 καὶ
3982 2682 4199 2736 ἀσύνετον

2654 2780 2808 2849 λόγον
2829 2797 2842 2810 ·
2873 2778 3050 2850 ἰχθύσι
3072 2794 3136 2847 γε
3169 2778 3276 2850 μὴν
3299 2777 3397 2849 τὴν
3432 2777 3540 2831 τῶν
3565 2775 3873 2846 ἀνθρώπων
3902 2774 4109 2844 πληθὺν,
4126 2771 4199 2823 καὶ

2658 2871 2765 2943 μὴν
2818 2871 2909 2924 καὶ
2951 2870 3210 2941 παπύρῳ,
3251 2869 3482 2940 καλάμῳ
3515 2886 3574 2922 τε
3607 2868 3703 2922 καὶ
3749 2869 3867 2930 τοῖς
3905 2865 4115 2928 λοιποῖς,
4141 2856 4199 2917 ὧν

2656 2963 2772 3015 ἐστι
2803 2962 3002 3033 τροφὸς
3027 2964 3060 3032 ἡ
3095 2960 3207 3015 τῶν
3259 2960 3466 3015 ὑδάτων
3518 2958 3701 3029 φύσις.
3742 2957 3983 3012 ’Δλιεῦσί
4012 2974 4068 3026 γε
4098 2955 4198 3026 μὴν,

2658 3052 2750 3106 καὶ
2777 3046 2858 3115 οἷς
2886 3051 2954 3105 ἀν
3008 3051 3165 3122 ἔργον
3199 3050 3285 3120 εῐη
3317 3049 3385 3104 τά
3426 3052 3484 3104 ὲν
3528 3053 3641 3113 τοῖς
3676 3048 3858 3114 ὕδασι,
3906 3049 4023 3111 τοὺς
4066 3062 4201 3115 σαγη-

986 3136 1484 3202 eontristabuntur,
1527 3142 1581 3189 et
1628 3122 1830 3187 animis
1883 3132 2159 3195 dolebant,
2202 3146 2322 3185 cum
2368 3146 2553 3185 eorum
2584 3162 2626 3218 ϐ
2658 3139 2834 3193 νεύειν
2864 3158 2889 3193 ε

2290 3148 2322 3184 Il
2368 3146 2553 3185 eorum
2584 3162 2626 3218 (ς
2658 3139 2834 3193 νεύειν
2864 3140 3074 3204 εἰδότας
3100 3142 3197 3211 τὴν
3218 3140 3325 3195 τῶν
3348 3139 3616 3209 ἀγελαίων
3639 3140 3877 3210 πληθὺν,
3896 3140 3983 3193 καὶ
3995 3137 4201 3206 καθάπερ

972 3229 1159 3283 -oratio
1182 3227 1349 3283 diluta
1392 3228 1486 3288 sit,
1530 3235 1585 3279 et
1624 3224 1890 3288 ineﬂicax,
1943 3240 2103 3294 quam
2158 3225 2353 3278 merito
2408 3224 2560 3292 aquis

988 3318 1293 3388 comparari
1335 3331 1492 3387 posse
1531 3316 1657 3370 hinc
1694 3324 1872 3385 patet,
1908 3318 2049 3385 quod
2082 3330 2143 3369 ea
2174 3329 2398 3385 prorsus
2432 3314 2562 3369 defi-

974 3413 1120 3477 ciat,
1149 3419 1204 3465 et
1235 3409 1416 3465 omnia
1444 3407 1566 3462 inde
1609 3406 1843 3460 enutrita
1878 3414 2216 3461 exarescant.
2245 3404 2311 3461 ili
2356 3404 2561 3460 faciunt

992 3501 1213 3570 zytlium
1257 3518 1271 3554 :
1319 3512 1423 3554 non
1471 3496 1615 3554 enim
1671 3496 1851 3551 vinum
1900 3496 2133 3551 oiferunt
2158 3498 2299 3567 quod
2332 3495 2563 3552 hominis

980 3608 1089 3649 -cor
1120 3591 1408 3657 exbilarat,
1444 3590 1545 3645 sed
1593 3590 1830 3660 spuriam
1875 3590 2164 3659 quamdam
2216 3600 2271 3645 et
2320 3591 2561 3646 inutilem

994 3684 1321 3749 doctrinam,
1368 3696 1596 3753 eamque
1645 3681 1824 3735 verbis
1877 3678 2161 3736 subtilibus
2215 3690 2270 3735 et
2309 3681 2563 3747 elimatis,

996 3788 1051 3831 ut
1080 3776 1294 3846 quidem
1331 3782 1539 3845 putant,
1588 3771 1841 3829 efferunt.
1891 3770 2006 3827 Hoc
2041 3772 2207 3836 enim,
2255 3782 2313 3826 ut
2353 3772 2564 3841 opinor,

994 3872 1190 3939 byssus
1211 3865 1499 3938 signiﬁcat,
1527 3875 1586 3919 ut
1615 3865 1757 3920 dicat
1785 3864 1952 3935 288
1975 3878 2068 3919 eos
2098 3864 2323 3919 nimium
2357 3865 2569 3920 subtili-

998 3960 1092 4014 tati
1136 3956 1445 4028 etargutiis
1469 3956 1706 4011 studere.
1760 3955 1826 4008 Et
1880 3956 2045 4009 linum
2097 3954 2280 4011 tissile.
2332 3955 2570 4010 Minutia:

996 4050 1141 4106 enim
1183 4050 1324 4120 apud
1356 4063 1451 4103 eos
1487 4047 1760 4102 subtiliter
1814 4060 1878 4101 ac
1916 4047 2151 4101 tenuiter
2207 4047 2568 4111 disseruntur,

998 4156 1185 4195 verum
1221 4154 1444 4221 prorsus
1490 4139 1705 4204 frivola,
1754 4146 1809 4193 et
1856 4136 2068 4208 frigidis
2114 4137 2572 4208 speculationibus

1001 4232 1221 4288 referta.
1250 4229 1496 4299 Frigidus
1531 4231 1674 4284 enim
1705 4231 1916 4300 zythus.
1949 4228 2042 4283 Est
2081 4238 2259 4284 autem
2294 4227 2573 4299 [Egyptia-

1001 4338 1120 4377 rum
1152 4322 1370 4392 quidam
1411 4330 1586 4391 potus,
1633 4322 1728 4376 sed
1773 4321 2000 4391 frigidus
2048 4330 2101 4375 et
2140 4321 2401 4385 turbidus,
2454 4321 2575 4377 talis

1001 4414 1266 4484 siquidem
1301 4424 1385 4469 est
1417 4428 1602 4469 eorum
1643 4413 1838 4480 oratio,
1865 4422 1919 4468 et
1952 4414 2085 4469 tales
2129 4423 2253 4468 sunt
2287 4414 2572 4478 doctrinae,

2661 3232 2825 3296 λίνοις
2851 3234 2993 3287 τισὶν
3043 3233 3389 3304 ὲμπλακῆναι
3442 3234 3968 3303 παρασκευάζοντας
4018 3234 4115 3293 τοῖς
4142 3231 4203 3290 εἰς

2661 3325 2876 3395 ἀπάτην
2907 3324 3105 3389 αὐτοὺς
3128 3325 3466 3398 ἀποφέρουσι
3499 3324 3699 3394 λόγοις.
3736 3319 3900 3380 Οὗτοι
3940 3319 4203 3385 στενάξουσι

2662 3416 2758 3470 καὶ
2788 3415 3218 3487 λυπηθήσονται,
3243 3417 3339 3470 καὶ
3372 3416 3470 3480 τάς
3495 3416 3671 3487 ψυχὰς
3694 3416 4029 3480 πονέσουσιν,
4059 3414 4199 3480 ἀπρα·

2663 3503 2916 3568 κτοῦντος
2948 3504 3049 3576 ἤδη
3101 3522 3219 3568 πως
3270 3505 3364 3558 τοῦ
3395 3508 3527 3577 παρ’
3549 3506 3733 3569 αὐτοῖς
3765 3506 3921 3569 ὄντος
3965 3505 4105 3573 λόγου
4125 3519 4136 3532 ’
4161 3500 4207 3552 ὃν

2664 3595 2757 3647 καὶ
2778 3592 2933 3649 ὕδασι
2964 3595 3389 3667 παρεικάζοντες
3416 3594 3877 3666 διεϐεϐαιούμεθα
3921 3593 4109 3662 σαφῶς,
4140 3588 4207 3642 διὰ

2663 3685 2725 3738 τὸ
2756 3684 3123 3739 ἐκλελοιπέναι
3163 3686 3442 3749 παντελῶς
3479 3686 3666 3752 αὐτὸν,
3718 3683 4131 3759 ξηρανθήσεσθαι
4163 3679 4205 3731 δὲ

2667 3772 2845 3827 πάντα
2901 3773 2971 3828 τά
3023 3774 3094 3827 δι’
3131 3774 3298 3828 αὐτοῦ
3350 3775 3682 3846 τρεφόμενα.
3723 3771 3887 3830 Οὗτοι
3920 3768 4209 3827 ποιοῦσιτδν

2669 3862 2863 3927 ζύθοψ
2914 3864 2975 3917 οὐ
3022 3865 3131 3936 γάρ
3170 3862 3312 3919 οἶνον
3362 3867 3699 3937 προσάγουσι
3745 3867 3844 3921 τὸν
3894 3862 4207 3935 εὐφραίνοντα

2670 3957 2899 4028 καρδίαν
2950 3956 3261 4027 ἀνθρώπου,
3322 3958 3460 4013 ἀλλά
3498 3959 3659 4030 νόθην
3697 3961 3822 4013 τινὰ
3863 3959 3955 4012 καὶ
3985 3957 4210 4027 ἄχρηστον

2670 4048 3031 4113 διδασκαλίαν,
3062 4049 3157 4103 καὶ
3184 4052 3297 4112 τοῖς
3327 4050 3528 4120 ἰσχνοῖς
3559 4050 3725 4121 αὐτὴν
3758 4050 3951 4121 ὥσπερ
3988 4045 4073 4102 οὖν
4111 4045 4212 4099 οἷον·

2673 4156 2764 4193 ται
2800 4138 3296 4209 κατασεμνύνοντες
3326 4139 3521 4209 λόγοις.
3568 4140 3973 4195 Ύπαινίττεται
4013 4138 4126 4209 γὰρ,
4154 4129 4211 4187 οἷ·

2677 4247 2797 4301 μαι,
2830 4230 2979 4282 τουτὶ
3002 4229 3063 4282 τὸ
3090 4228 3286 4299 βύσσον
3326 4228 3506 4298 λέγειν
3544 4228 3744 4293 αὐτοὺς
3769 4227 4102 4301 ἐργάζεσθαι,
4136 4222 4212 4292 τὴν

2679 4320 2998 4391 ἰσχνοτάτην
3027 4321 3188 4389 άγαν.
3217 4321 3330 4374 Καὶ
3360 4320 3503 4374 λῖνον
3533 4322 3591 4375 δὲ
3616 4321 3677 4375 τὸ
3707 4322 3949 4391 ο-χιστόν.
3972 4314 4214 4373 Σχινδάλα-

2681 4430 2770 4483 μοι
2808 4413 2917 4483 γάρ
2943 4410 3135 4484 ὥσπερ
3175 4412 3523 4484 ίσχνομυθίας
3582 4414 3650 4466 τά
3694 4416 3827 4485 παρ’
3861 4415 4063 4475 αὐτοῖς·
4103 4406 4214 4475 πλὴν

1001 4518 1121 4573 quae
1159 4504 1303 4560 sitim
1363 4519 1467 4559 non
1522 4505 1713 4560 sedant
1761 4504 2040 4571 imbibitre,
2092 4505 2186 4559 sed
2244 4503 2579 4559 inflammant
2609 4505 2912 4575 Βάνόνητα

2303 4503 2579 4559 flammant
2609 4505 2653 4561 D
2681 4505 2912 4575 ἀνόνητα
2952 4504 3251 4570 παντελῶς,
3296 4504 3391 4559 καὶ
3422 4505 3649 4577 ψυχρῶν
3699 4504 4063 4578 θεωρημάτων
4107 4500 4210 4553 ἀνα·

1003 4595 1201 4665 potius,
1229 4604 1282 4649 et
1309 4593 1561 4651 insuaves
1586 4603 1714 4650 sunt
1742 4594 2064 4661 bibentibus,
2103 4604 2157 4650 et
2190 4594 2259 4650 ob
2289 4593 2570 4651 vehemen-

1007 4697 1109 4741 tem
1135 4685 1484 4757 frigiditatem
1520 4688 1738 4744 morbos
1774 4687 2103 4744 insanabiles
2138 4688 2374 4759 pariunt.

1079 4968 1241 5023 Vsus.
1275 4969 1361 5023 Η.
1393 4967 1463 5022 Et
1498 4967 1646 5023 stulti
1684 4976 1835 5023 erunt
1899 4966 2156 5036 principes
2204 4966 2430 5032 Taueos,
2483 4984 2573 5022 sa-

1008 5060 1203 5128 pientes
1228 5060 1517 5114 consiliarii
1542 5061 1697 5129 regis,
1747 5066 1796 5113 et
1821 5056 2097 5112 consilium
2117 5073 2297 5112 eorum
2342 5058 2580 5128 infatua—

1011 5153 1169 5205 bitur.

1082 5242 1404 5297 lmminente
1429 5239 1679 5298 videlicet
1713 5241 1989 5312 Egyptiis
2020 5241 2314 5297 inevitabili
2356 5242 2583 5296 calami-

1010 5346 1143 5400 tate,
1176 5345 1230 5391 ct
1269 5335 1487 5405 regione
1515 5336 1806 5405 captivitati
1841 5336 2107 5404 proxima,
2142 5344 2335 5388 etcum
2362 5334 2584 5403 jamjam

1012 5430 1139 5483 licet
1181 5426 1333 5482 inviti
1387 5424 1564 5479 alieno
1616 5426 1745 5495 jugo
1793 5427 2059 5481 cervicem
2114 5424 2293 5479 daturi
2359 5434 2577 5480 essent:

1013 5526 1393 5574 consternatus
1416 5516 1557 5571 haud
1597 5516 1965 5582 mediocriter,
1997 5524 2051 5570 et
2091 5515 2429 5571 intolerando
2470 5524 2581 5571 ter-

1015 5622 1137 5661 rore
1195 5606 1471 5677 perculsus
1498 5604 1547 5661 is
1597 5605 1688 5674 qui
1729 5604 2085 5674 principatum
2143 5604 2371 5659 sortitus
2425 5615 2580 5675 erat,

2682 4596 3049 4667 πλιμπλάντα.
3084 4596 3306 4667 Ψυχρδς
3335 4596 3443 4669 γὰρ
3473 4599 3502 4650 ὁ
3544 4595 3703 4662 ζύθος
3734 4597 3811 4667 (1)
3836 4636 3851 4653 .
3898 4639 3910 4651 .
3953 4637 3966 4650 .
4008 4636 4020 4648 .
4060 4634 4071 4647 .
4108 4632 4120 4645 .
4157 4630 4166 4642 .
4199 4626 4210 4639 -

2688 4717 4213 4746 ...σοιοοιιιοοοσοιοοδαιοι⁹⁹⁹

2748 4971 2857 5026 Καὶ
2886 4971 3071 5041 μωροὶ
3129 4972 3372 5027 ἔσονται
3402 4976 3458 5028 οι
3482 4972 3771 5044 ἄρχοντες
3806 4976 4042 5040 Τάνεως,
4064 4973 4110 5025 ol
4133 4983 4215 5022 σο·

2680 5061 2780 5128 εροὶ
2840 5060 3176 5129 σύμϐουλοι
3228 5062 3335 5117 τοῦ
3370 5063 3699 5131 βασιλέως,
3733 5065 3772 5132 ἠ
3813 5064 4012 5132 ,βουλὴ
4055 5055 4215 5115 αὐτῶν

2677 5151 3151 5222 μωρανθήσεται.

2768 5244 3181 5316 Ἐπηρτημένης
3212 5246 3321 5319 γὰρ
3356 5248 3673 5317 Αἰγυπτίοις
3709 5248 3809 5319 τῆς
3841 5246 4070 5318 ἀφύκτου
4107 5255 4215 5309 cmi‘“

2688 5335 2880 5404 φορᾶς,
2924 5337 3017 5388 καὶ
3048 5336 3348 5409 μελλούσης
3378 5339 3581 5392 ἁλῶναι
3616 5341 3718 5410 τῆς
3764 5339 3961 5411 χώρας,
3997 5336 4080 5389 καὶ
4119 5333 4215 5385 ὅσον

2687 5425 2898 5478 οὐδέπω
2933 5430 3046 5490 τοῖς
3080 5429 3285 5500 ἑτέρων
3344 5430 3553 5499 ζυγοῖς,
3601 5428 3716 5484 ’κᾶν
3771 5433 3819 5483 εἰ
3871 5429 3942 5501 μὴ
3989 5425 4215 5497 βούλοιντο

2686 5517 2868 5586 τυχὸν,
2933 5519 3254 5588 ὑπενεγκεῖν
3298 5522 3390 5575 τὸν
3441 5523 3663 5595 αὐχένα,
3716 5518 4125 5593 τεθορυϐημένος
4164 5509 4214 5563 θῦ

2693 5608 2948 5680 μετρίως,
2998 5612 3093 5664 καὶ
3143 5612 3439 5683 ἀφορήτυις
3474 5613 3691 5685 δείμασι
3753 5600 4214 5680 κατεπτοημένος6

1087 5761 1163 5833 (ι)
1194 5761 1407 5817 Lacuna
1434 5758 1524 5815 hic
1563 5758 1750 5814 relicta
1782 5765 1885 5825 est,
1920 5756 2042 5812 licet
2080 5756 2133 5813 in
2168 5754 2431 5813 Vaticano
2463 5768 2517 5815 et
2541 5760 2707 5831 [legio
2749 5762 2895 5818 nulla
2934 5763 3258 5834 reperiatur.
