4110 6514
211 411 315 468 ιιι

1327 393 1390 447 ΙΝ
1445 389 1678 448 ISAIAM
1721 387 1852 444 LIB.
1892 385 1956 441 li.
1998 381 2237 441 TGMUS
2273 378 2366 436 Ν.

213 528 574 603 καθηγεῖσθαι
627 522 828 595 λαχὼν,
887 517 1213 587 συνεκόμισε
1256 514 1354 585 μὲν
1409 513 1536 577 τοὺς
1576 509 1840 579 ἐπίκλην,

1943 506 2205 578 apicntes,
2236 503 2326 573 qui
2357 510 2413 556 et
2448 497 2583 570 magi
2628 496 2900 561 dicuntur,
2929 494 3125 565 coegit,
3159 501 3213 549 et
3235 495 3301 548 ad
3333 508 3494 564 quem

214 601 441 694 σοφοὺς,
469 618 615 675 τοῦτ’
654 617 792 680 ἔστι,
829 614 955 676 τοὺς
991 610 1198 682 μάγους
1225 623 1238 637 ⁸
1269 608 1434 679 ἤρετο
1465 605 1523 659 δὲ
1562 604 1657 658 καί⁵
1689 601 1810 655 λίαν

216 712 694 784 ἐσπουδασμένως,
736 710 860 762 ὅποι
913 704 1047 758 ποτὲ
1085 703 1195 774 ἄρα
1224 700 1284 755 τὸ
1311 700 1421 753 τῶν
1468 694 1812 769 πραγμάτων

218 811 406 872 αὐτοῖς
449 805 712 876 βαδιεῖται
760 799 935 863 τέλος,
987 796 1083 849 καὶ
1142 793 1266 847 τίνα
1306 790 1510 863 τρόπον
1550 784 1811 857 διακρού-

220 916 413 957 σαιντο
456 896 553 951 τοῦ
590 892 828 963 πολέμου
856 890 957 961 τὴν
987 887 1193 956 ἔφοδον.
1219 886 1283 938 Οἰ
1312 883 1369 937 δὲ
1398 876 1653 934 τοσοῦτον
1710 876 1815 943 ἀφ-

224 994 519 1065 εστήκασι,
563 987 719 1059 φησὶ,
770 982 864 1037 τοῦ
912 979 1173 1035 δύνασθαί
1226 995 1277 1030 τι
1310 974 1419 1029 τῶν
1477 968 1813 1065 ἀναγκαίων,

223 1057 399 1158 ἤγουν
430 1057 666 1154 ἀληθῶν,
701 1077 896 1139 εἰπεῖν,
958 1073 1035 1135 ὡς
1082 1070 1175 1125 καὶ
1223 1068 1310 1120 ἐπ’
1354 1063 1581 1135 ἀκράτῳ
1636 1057 1817 1131 μωρίᾳ

225 1156 755 1245 καταγινώσκεσθαι.
782 1166 917 1221 Θεοῦ
951 1164 1060 1235 γὰρ
1091 1161 1294 1216 κακοῦν
1317 1158 1615 1222 ἐθέλοντος,
1636 1156 1815 1245 άπρα-

227 1243 486 1338 κτήσειεν
515 1262 581 1316 ἂν
612 1262 647 1331 ἡ
673 1257 874 1321 παντὸς
919 1251 1205 1325 ἀνθρώπου
1242 1249 1403 1321 βουλή
1433 1265 1494 1300 τε
1526 1246 1621 1300 καὶ
1657 1243 1811 1338 δύναι

230 1331 347 1427 μιςί
388 1353 513 1408 Ἐὰν
542 1350 651 1422 γὰρ
688 1348 881 1418 κλείσῃ
930 1344 1052 1398 κατ’
1103 1340 1418 1414 ἀνθρώπου,
1452 1336 1536 1399 τίς
1578 1331 1816 1399 ἀνοίξεις

230 1425 380 1500 κατὰ
406 1444 468 1497 τὸ
497 1438 901 1513 γεγραμμένον.
944 1434 1150 1505 Σοφοὺς
1168 1428 1262 1486 οῦν
1293 1432 1403 1503 ἄρα
1429 1428 1651 1490 Τάνεως
1688 1425 1821 1487 τοὺς

232 1540 294 1591 ὲν
318 1538 462 1608 αὐτῇ
501 1551 633 1605 φησι
668 1528 1119 1602 ψευδοπροφήτας
1148 1542 1208 1578 τε
1241 1524 1336 1578 καὶ
1366 1521 1482 1575 τῶν
1506 1521 1564 1573 ὲν
1582 1521 1695 1581 τοῖς
1738 1533 1826 1569 τε-

1915 600 2131 654 tandem
2164 596 2323 651 linem
2358 595 2472 648 haec
2508 607 2593 645 res
2644 590 2838 653 exiret,
2893 599 2949 643 et
3000 602 3109 658 quo
3162 594 3320 657 pacto
3376 585 3499 640 belli

1913 689 2173 760 impetum
2227 686 2479 754 frangere
2523 690 2763 752 possem,
2805 678 3218 747 diligentissime
3268 676 3500 732 interro-

1917 779 2083 851 gavit.
2126 778 2360 833 Tantum
2396 775 2569 839 abest,
2602 783 2659 827 ut
2692 771 2747 825 hi
2772 769 2974 841 aliquid
2999 780 3361 841 Opportunum
3408 779 3503 822 ant

1918 886 2103 925 verum
2144 867 2422 940 potuerint
2459 865 2664 929 dicere,
2704 873 2761 917 ut
2816 863 2981 917 etiam
3009 862 3237 931 insignis
3264 860 3504 916 stultitiae

1920 966 2332 1019 damnarentur.
2369 958 2481 1013 Deo
2539 957 2683 1013 enim
2744 955 2958 1011 volente
3007 955 3206 1009 malum
3280 955 3503 1022 inferre,

1924 1067 2114 1121 parum
2145 1049 2343 1105 valebit
2363 1060 2523 1103 omne
2550 1044 2834 1099 consilium
2898 1043 3190 1098 humanum
3215 1054 3274 1097 et
3320 1053 3507 1113 poteu-

1927 1146 2022 1199 tia.
2044 1144 2101 1199 Si
2128 1144 2271 1199 enim
2290 1142 2550 1197 clauseris
2579 1148 2766 1195 contra
2798 1138 3091 1200 hominem,
3120 1135 3240 1204 quis
3259 1136 3504 1204 aperiet?

1931 1239 2090 1295 sicuti
2136 1238 2398 1307 scriptum
2439 1247 2525 1290 est
2552 1235 2621 1289 ⁵⁷.
2658 1233 2869 1302 Sophos
2893 1232 3055 1299 igitur
3084 1230 3316 1292 Tuneos,
3355 1244 3507 1298 pseu-

1929 1332 2293 1401 doprophetas
2324 1327 2443 1398 ejus
2493 1325 2841 1382 delubrorum
2878 1332 3155 1376 curatores
3184 1319 3353 1383 dicit;
3416 1317 3507 1386 qui

1929 1439 2051 1476 cntn
2087 1430 2205 1475 arte
2234 1419 2439 1489 magica
2464 1433 2524 1473 se
2576 1414 2857 1476 eiierrent.
2882 1430 2947 1467 cx
2976 1414 3107 1482 ipsis
3156 1413 3320 1466 rebus
3376 1411 3507 1464 nihil

1930 1529 2052 1569 esse
2075 1526 2296 1581 prorsus
2322 1509 2710 1581 arguebantur.

236 1592 462 1702 μένεσιν
514 1592 889 1698 ὶύιιμελητάςί
920 1592 1106 1676 (limi.
1151 1618 1245 1672 ἐπὶ
1315 1615 1477 1688 μάγῳ
1515 1614 1681 1685 τέχνῃ
1754 1606 2082 1681 φρονοῦντες
2142 1606 2305 1676 μέγα,
2365 1603 2432 1657 δι’
2476 1602 2657 1656 αὐτῶν
2696 1599 2984 1671 ἠλέγχοντο
3023 1599 3132 1650 τῶν
3172 1592 3513 1666 πραγμάτων

234 1723 390 1776 οὐδὲν
421 1720 572 1782 ὄντες
600 1715 897 1779 παντελῶς.

313 1817 445 1883 Πῶς
495 1814 680 1883 ἐρεῖτε
728 1812 807 1878 τῷ
853 1809 1137 1877 ,ϐασιλεῖ’
1177 1808 1295 1862 Υἱοὶ
1324 1804 1597 1861 συνετῶν
1633 1800 1826 1873 ἡμεῖς,

2010 1794 2173 1847 Vens.
2206 1791 2291 1845 12.
2337 1789 2611 1856 Quomodo
2645 1788 2831 1841 dicetis
2864 1787 3013 1855 regi:
3048 1784 3175 1840 Filii
3213 1784 3511 1856 intelligen-

239 1909 357 1963 υἱοὶ
388 1906 701 1973 ,Βασιλέων
725 1902 845 1957 τῶν
870 1901 939 1966 ἐξ
968 1898 1204 1969 ἀρχῆς;
1252 1897 1376 1951 Ποῦ
1429 1896 1550 1949 δίο-ι
1612 1892 1731 1947 νῦν
1775 1891 1831 1944 οὶ

238 1998 428 2068 σοφοί
471 2007 611 2061 σου,
658 1992 757 2047 καὶ
799 1986 1334 2060 ἁναγγειλάτωσάν
1370 2000 1492 2048 σοι,
1530 1983 1631 2038 καί
1665 1981 1831 2036 εἰπά-

243 2104 449 2143 τωσαν
470 2102 486 2118 ⁸
524 2086 584 2139 Τί
615 2082 1015 2149 βεϐούλευται
1049 2079 1263 2147 Κύριος
1307 2075 1550 2131 Σαϐαὼθ
1586 2072 1680 2128 ἐπ’
1729 2071 1832 2126 Ατ-

242 2194 479 2248 τυπτον
492 2189 513 2241 ;

328 2272 456 2324 Ἐπι
514 2268 716 2332 ποίοις,
784 2249 958 2335 φησί,
1018 2259 1440 2332 κατορθώμασιν
1487 2254 1833 2311 ἁνασπάσετε

245 2362 348 2433 τὴν
409 2358 615 2432 όφρύν;
665 2355 731 2408 Τί
790 2355 890 2425 τὴν
948 2350 1259 2418 Αἰγυπτίων
1304 2348 1596 2419 όνήσαντες
1651 2343 1835 2413 χώραν

250 2449 707 2525 θαυμασθήσεσθε
774 2447 904 2517 παρ’
950 2443 1152 2509 αὐτῶν,
1209 2442 1242 2513 ἢ
1309 2441 1483 2503 ποίοις
1559 2435 1834 2508 κέχρησθε

249 2546 433 2613 λόγοις
493 2543 586 2596 τὸν
668 2537 1023 2611 βασιλεύοντα
1108 2531 1580 2603 συναρπάζοντες⁸
1650 2528 1834 2595 λέγονέ

254 2652 374 2701 τες,
409 2638 496 2690 ὅτι
531 2634 651 2688 Υἱοὶ
682 2630 917 2684 συνετῶν
942 2630 1124 2699 ἡμεῖς.
1160 2623 1302 2678 τοῦτ’
1333 2623 1472 2687 ἐστι,
1508 2618 1835 2693 προφητῶν;

249 2733 438 2799 Μάγοι
487 2727 582 2781 καὶ
631 2728 698 2780 ἐκ
751 2723 973 2795 μάγων·
1009 2719 1059 2773 οἳ
1115 2716 1339 2787 καὶτῆς
1365 2715 1550 2786 χώρας
1593 2712 1836 2782 ἁπάσης,

256 2818 551 2892 μονονουχὶ
578 2811 1015 2886 βεϐασιλεύκασι,
1062 2805 1343 2876 διαϐόητον
1392 2800 1685 2872 ἐσχηκότες
1736 2815 1840 2853 πα-

253 2887 331 2982 ρὰ
375 2910 487 2971 τοῖς
518 2887 627 2958 τῶν
674 2901 906 2956 εἰδώλων
965 2896 1333 2968 θεραπευταῖς
1387 2891 1486 2962 τὴν
1525 2891 1703 2955 δόξαν,
1747 2887 1841 2942 xei.

249 3003 372 3064 τοίς
400 2995 695 3070 κρατοῦσιν
728 2994 816 3047 tisi.
859 2990 1106 3051 συνόντες
1144 3004 1205 3039 τε
1243 2984 1339 3039 καὶ
1368 2982 1835 3049 συνδιαιτώμενον

251 3090 355 3143 at:
377 3087 445 3159 δὴ
470 3087 563 3140 καὶ
604 3083 799 3154 βουλὰς
836 3081 921 3150 ἐφ’
957 3080 1130 3134 ἅπασι
1181 3077 1295 3137 τοῖς
1336 3072 1630 3147 πρακτέοις
1667 3070 1844 3159 εἰσκο-

1933 1887 2060 1939 tium
2087 1901 2201 1948 nos,
2253 1884 2358 1952 ﬁlii
2387 1897 2567 1951 regum
2601 1880 2666 1934 ab
2697 1879 2847 1934 initio
2869 1881 2894 1932 ?
2938 1878 3039 1932 Ubi
3087 1888 3206 1932 sunt
3246 1894 3382 1932 nunc
3415 1895 3508 1933 sa-

1933 1979 2129 2044 pientes
2174 1976 2273 2038 tui,
2303 1984 2353 2027 et
2398 1973 2712 2026 annuntient
2742 1972 2855 2036 tibi,
2892 1980 2939 2025 et
2968 1971 3142 2023 dicunt
3174 1984 3194 2022 :
3225 1970 3369 2035 Quid
3389 1986 3512 2024 con-

1931 2067 2041 2120 silii
2071 2067 2201 2135 cepit
2241 2064 2498 2119 Dominus
2535 2062 2769 2119 Sabaoth
2792 2078 2949 2133 super
2979 2062 3302 2133 Egyptum.’

2005 2241 2086 2298 Ob
2119 2259 2388 2314 quaenam,
2445 2244 2638 2314 inquit,
2666 2242 2919 2313 praeclara
2954 2242 3214 2306 facinora,
3249 2242 3510 2297 attolletis

1936 2335 2282 2404 supercilium
2309 2336 2333 2388 't
2366 2334 2502 2402 Quid
2562 2334 2853 2405 adjumenti
2903 2334 3109 2404 regioni
3140 2332 3407 2403 Aigyptite
3432 2343 3516 2387 at-

1941 2427 2160 2491 tulistis,
2195 2427 2334 2482 utin
2366 2428 2724 2483 admiratione
2773 2431 2913 2496 apud
2946 2441 3038 2482 eos
3064 2426 3224 2482 sitis?
3256 2425 3353 2481 Vel
3410 2442 3518 2497 qua

1938 2519 2187 2574 oratione
2214 2519 2461 2583 utemini,
2512 2534 2633 2575 cum
2671 2534 2850 2589 regem
2886 2519 3182 2587 corripitis,
3238 2518 3517 2576 dicentes:

1939 2608 2060 2664 Filii
2092 2610 2508 2679 intelligentium
2553 2625 2671 2677 nos,
2710 2612 2759 2667 id
2788 2620 2895 2677 est,
2950 2613 3375 2681 prophetarum?
3406 2612 3520 2666 Ma-

1940 2702 1990 2770 gi
2018 2715 2082 2755 ex
2115 2702 2318 2774 magis:
2371 2704 2462 2773 qui
2516 2703 2676 2757 etiam
2732 2718 2832 2773 per
2876 2702 3186 2757 universam
3245 2703 3519 2772 regionem

1945 2802 2154 2846 tantum
2186 2807 2291 2847 non
2318 2801 2635 2862 regnarunt,
2660 2791 2753 2860 qui
2783 2790 2924 2859 apud
2953 2790 3196 2846 cultores
3248 2791 3517 2849 idolorum

1942 2885 2401 2941 existimationem
2462 2892 2517 2939 et
2594 2884 2761 2956 289
2826 2883 3053 2954 gloriam
3106 2883 3521 2940 celeberrimam

1943 2977 2120 3046 adepti
2153 2985 2321 3031 sunt:
2362 2976 2451 3046 qui
2520 2991 2639 3029 cum
2703 2975 3014 3045 potentibus
3052 2974 3253 3031 versati
3307 2989 3526 3046 semper

1944 3064 2183 3132 fuerunt,
2217 3075 2272 3119 et
2300 3065 2638 3129 victitarunt,
2669 3065 2867 3135 quippe
2898 3065 3119 3119 consilia
3170 3066 3221 3118 in
3270 3066 3524 3121 omnibus

472 3140 745 3235 εἰωθότες,
930 3164 1296 3239 ψευδωνύμων
1332 3140 1470 3216 θεῶν
1509 3158 1840 3231 ὲνηχούντων

1948 3160 2108 3213 rebus
2162 3157 2387 3227 agendis
2413 3155 2605 3211 aﬂ'erre
2642 3157 2806 3220 soliti,
2875 3156 3016 3212 falso
3074 3157 3369 3213 nominatis
3419 3160 3523 3213 diis

254 3268 448 3330 αὐτοῖς
500 3265 598 3335 τὴν
644 3262 737 3317 τοῦ
786 3259 1160 3331 συμφέροντος
1206 3255 1398 3327 θήραν.
1452 3254 1618 3307 Ὅταν
1664 3251 1842 3305 τοίνυν

254 3356 726 3431 ψευδηγοροῦντες
751 3350 1164 3424 ἐλεγχθήσεσθε,
1185 3349 1338 3419 φησί,
1364 3346 1459 3401 καὶ
1485 3345 1595 3398 τῶν
1627 3343 1844 3414 ἀληθῶν

257 3450 467 3511 εἰδότες
511 3447 683 3512 οὐδὲν,
715 3444 833 3509 πῶς
865 3445 1037 3515 ἐρεῖτε
1075 3440 1154 3510 τῷ
1186 3438 1431 3509 βασιλεῖ·
1461 3437 1578 3490 Υἰοί.
1610 3434 1846 3489 συνετῶν

257 3542 465 3613 ὴμεῖςς
501 3539 605 3593 uici.
637 3535 902 3610 βασιλέων
932 3533 1039 3587 τῶν
1073 3529 1132 3596 ἐξ
1160 3529 1335 3602 ἀρχῆς
1355 3546 1371 3595 ;
1395 3528 1508 3581 Καὶ
1529 3527 1720 3596 γέγονε
1749 3525 1846 3595 μὲν

260 3634 326 3685 ὲν
352 3628 565 3692 τούτοις
586 3628 615 3680 ό
644 3624 980 3700 προφητικδς
1006 3625 1137 3694 ἡμῖν
1165 3621 1343 3689 λόγος,
1367 3619 1442 3685 ὡς
1468 3618 1605 3689 πρός
1626 3634 1690 3686 γε
1722 3616 1848 3679 τοὺς

259 3720 561 3783 δοκοῦντας
588 3714 728 3773 εἶναι
758 3715 955 3787 σοφούς
976 3733 990 3746 ·
1024 3712 1142 3768 εἶτα
1172 3713 1413 3785 μέτεισιν
1455 3711 1550 3765 ἐπὶ
1581 3711 1644 3764 τὸ
1682 3708 1848 3765 αὐτοῦ

263 3814 566 3886 πρόσωπον
586 3811 681 3865 τοῦ
712 3806 1070 3878 καθηγεῖσθαι
1093 3807 1371 3876 λαχόντος,
1400 3804 1495 3856 καὶ
1517 3802 1709 3874 φησίν’
1736 3800 1848 3856 Ποῦ

263 3908 383 3960 εἰσι
410 3904 505 3957 νῦν
535 3904 584 3956 oi
609 3900 763 3971 σοφοί
796 3916 930 3965 σου;
972 3899 1065 3951 καὶ
1109 3894 1590 3964 ἁναγγειλάτωσάν
1625 3910 1728 3958 σοι,
1754 3891 1850 3945 καὶ

265 3999 587 4053 εἰπάτωσαν
615 3993 669 4048 τί
700 3991 1045 4064 βεϐούλευται
1077 3987 1281 4059 Κύριος
1311 3984 1538 4039 Σαϐαὼθ
1576 3985 1663 4037 ἐπ’
1685 3982 1853 4051 Αἴγυ-

267 4103 429 4141 πτον.
467 4085 531 4139 Εἰ
563 4083 637 4154 μὴ
668 4081 778 4152 γάρ
817 4082 922 4133 εἱσι
956 4077 1185 4148 φένακες
1207 4116 1221 4141 ,
1249 4074 1435 4145 φησὶν,
1467 4074 1501 4144 ἧ
1540 4072 1854 4136 ἀπατεῶνες

268 4180 374 4233 καὶ
396 4176 718 4249 βωμολόχοι,
746 4174 838 4227 καὶ
854 4170 1209 4241 ψευδηγορεῖν
1241 4166 1514 4229 εἰωθότες,
1540 4167 1634 4219 καὶ⁹
1662 4164 1728 4219 τὰ
1746 4163 1855 4218 ἀπὸ

267 4270 507 4343 καρδίας
540 4267 719 4323 αὐτῶν
748 4263 1032 4323 λαλοῦντες
1061 4261 1245 4332 μόνης,
1277 4257 1372 4312 καὶ
1392 4257 1492 4311 οὐκ
1521 4256 1628 4310 άπὸ
1655 4255 1856 4326 στόμα·

266 4380 371 4427 τος
392 4360 628 4431 Κυρίουο
667 4357 905 4430 μάνθανε
933 4355 1063 4427 παρ’
1094 4351 1274 4408 αὐτῶν
1301 4350 1371 4404 τὰ
1398 4351 1511 4413 τοῖς
1541 4348 1857 4417 Αἰγυπτίοις

270 4451 660 4524 ὲπηρτημένα,
694 4450 791 4503 καί⁵
829 4447 1024 4500 αὐτίκα
1054 4445 1120 4516 δὴ
1152 4442 1297 4516 μάλα
1328 4441 1720 4513 συμϐησόμενα
1768 4440 1857 4494 διὰ

274 4545 479 4619 βουλῆς
504 4542 707 4616 Κυρίου
742 4538 992 4593 Σαϐαὼθ.
1023 4534 1382 4600 Ἐπιτωθάζει
1414 4533 1471 4588 δὲ
1494 4533 1683 4604 ὥσπερ
1707 4533 1736 4585 ό
1769 4531 1857 4584 λό-

270 4656 377 4710 γος
414 4640 527 4701 τοῖς
571 4637 673 4689 οὐκ
704 4634 867 4688 εἰδόσι
895 4630 1050 4695 Θεὸν,
1087 4630 1198 4684 ἀλλ’
1230 4624 1342 4684 οἷον
1382 4629 1440 4681 ὲν
1484 4626 1661 4697 σκότῳ
1705 4623 1860 4697 βαθεῖ

271 4730 593 4801 κειμένοις,
624 4726 714 4781 διὰ
752 4724 847 4778 τοῦ
884 4722 1241 4795 προσκεῖσθαι
1281 4719 1456 4789 φιλεῖν
1491 4722 1612 4783 ταῖς
1648 4717 1756 4771 τῶν
1784 4719 1860 4770 εί-

273 4820 469 4875 δὼλων
498 4817 796 4890 λατρείαις.
830 4815 1114 4870 Πάνδεινον
1156 4808 1249 4866 οὖν
1278 4813 1409 4883 ἄρα,
1443 4810 1643 4879 μᾶλλον
1679 4809 1735 4863 δὲ
1765 4809 1861 4862 καὶ

276 4916 493 4969 εἰκαῖον
511 4910 811 4976 παντελῶς,
827 4908 889 4961 τὸ
916 4908 1038 4970 ταῖς
1062 4905 1170 4958 τῶν
1190 4903 1603 4975 ψευδομάντεων
1624 4900 1861 4963 ἀπάταις

278 5007 623 5079 ὲπθαρσείνο
653 5004 852 5066 εἰδότες
883 5002 993 5074 γὰρ
1014 5002 1154 5065 ὅλως
1176 4999 1236 5053 τὸ
1266 4998 1488 5068 σύμπαν
1509 4994 1730 5065 οὐδὲν,ἢ
1760 4993 1868 5047 τῶν

280 5098 584 5169 ἐσομένων,
613 5097 647 5169 ἢ
689 5094 785 5149 καὶ
813 5087 888 5148 ὧν
924 5094 990 5148 ἂν
1015 5091 1265 5164 ἐπιφέροι
1288 5088 1444 5152 Θεὸς,
1467 5084 1868 5159 ἁργυρολογίας

282 5187 547 5240 ὑπόθεσιν
569 5185 849 5238 ποιοῦνται
875 5182 974 5254 τὴν
997 5179 1413 5251 ψευδομαντίαν,
1450 5178 1543 5231 καὶ
1565 5176 1872 5229 θεοκλυτεῖν

283 5276 748 5339 ὐποπλάττοντες,
763 5274 833 5328 τά
847 5273 954 5327 ἀπὸ
969 5273 1133 5344 μόνης
1154 5270 1251 5341 τῆς
1270 5269 1420 5339 σφῶν
1441 5267 1635 5340 βουλῆς
1654 5266 1873 5337 ἐρευγό-

1944 3249 2072 3319 quid
2128 3249 2459 3303 conduceret
2529 3247 2937 3317 inspirantibus.
2993 3245 3128 3302 Cum
3177 3247 3340 3317 igitur
3388 3247 3524 3303 falsa

1945 3338 2350 3401 corteionantes,
2404 3336 2598 3405 inquit,
2635 3345 2690 3390 et
2736 3337 2845 3389 veri
2898 3333 3030 3390 nihil
3098 3334 3333 3390 scientes
3390 3350 3525 3392 cou-

1946 3429 2261 3495 vincemini,
2317 3429 2593 3498 quomodo
2623 3428 2813 3484 dicetis
2840 3427 2990 3497 regi:
3044 3427 3165 3482 Filii
3218 3427 3529 3499 intelligen-

1951 3522 2084 3576 tium
2120 3521 2259 3575 uos?
2299 3519 2420 3573 Filii
2477 3534 2659 3588 regum
2718 3520 2808 3589 qui
2862 3533 2893 3573 a
2947 3519 3139 3589 primis
3201 3520 3529 3575 exstiterunt

1950 3612 2317 3684 temporibus?
2349 3611 2404 3665 ln
2431 3611 2517 3666 bis
2542 3618 2719 3666 autem
2756 3624 2933 3666 sermo
2993 3610 3340 3680 prOpheticus
3406 3626 3531 3682 spe-

1950 3716 2063 3763 ctat
2089 3705 2154 3760 ad
2179 3719 2275 3760 eos
2331 3703 2421 3773 qui
2483 3717 2604 3758 esse
2647 3702 2967 3757 videbantur
3040 3704 3341 3772 sapientes;
3400 3704 3524 3758 dein

1951 3812 2081 3852 vero
2108 3795 2394 3851 transitum
2435 3792 2566 3847 facit
2596 3792 2663 3848 ad
2689 3807 2974 3862 personam
3028 3794 3146 3865 ejus
3178 3795 3269 3865 qui
3322 3796 3529 3866 princi-

1954 3900 2134 3961 patum
2163 3890 2388 3946 surtitus
2413 3897 2552 3951 erat,
2594 3897 2649 3942 et
2688 3882 2798 3940 ait:
2843 3885 2939 3940 Ubi
2970 3896 3094 3941 sunt
3131 3886 3401 3955 sapientes
3449 3889 3528 3943 tui

1954 3981 2582 4039 uune?Etannuntient
2642 3978 2758 4043 tibi,
2786 3988 2841 4033 et
2901 3978 3082 4032 dicant
3141 3978 3268 4048 quid
3317 3980 3531 4034 consilii

1955 4075 2161 4146 ceperit
2186 4074 2446 4130 Dominus
2482 4071 2719 4128 Sabaoth
2749 4072 2813 4126 de
2852 4068 3108 4141 Egypto.
3164 4069 3401 4135 Etenim,
3444 4072 3530 4125 iu-

1955 4168 2090 4238 quit,
2127 4167 2302 4223 sinon
2339 4173 2466 4220 sunt
2491 4163 2813 4235 impostores
2839 4172 2894 4217 et
2933 4163 3267 4232 deceptores,
3296 4171 3351 4217 et
3375 4175 3533 4218 scur-

1959 4275 2053 4320 rte.
2125 4257 2170 4311 si
2203 4272 2307 4311 non
2341 4255 2472 4310 falsa
2500 4254 2793 4325 praedicare
2819 4251 3015 4315 solent,
3043 4252 3145 4307 nisi
3180 4267 3246 4307 ex
3290 4266 3388 4308 suo
3440 4265 3538 4321 pe-

1957 4360 2109 4405 ctore
2164 4348 2279 4402 solo
2307 4347 2617 4415 loquantur,
2651 4360 2757 4400 non
2784 4344 2852 4399 ab
2882 4358 2977 4399 ore
3010 4343 3217 4399 Domini
3253 4360 3268 4399 :
3298 4344 3445 4399 disce
3467 4343 3539 4397 ah

1886 4477 1935 4537 υ
1961 4440 2065 4537 illis
2084 4455 2204 4510 qua:
2227 4437 2494 4537 Egyptiis
2527 4437 2856 4506 impendent,
2889 4445 2943 4491 et
3000 4450 3121 4505 quae
3180 4449 3248 4489 ex
3312 4432 3540 4489 consilio

1964 4532 2176 4588 Domini
2215 4530 2455 4587 Sabaoth
2485 4530 2660 4599 primo
2688 4543 2903 4598 quoque
2935 4536 3174 4597 tempore
3191 4534 3320 4581 sunt
3375 4539 3540 4580 even-

1967 4634 2110 4679 tura.
2142 4622 2369 4678 lnsultat
2398 4621 2553 4693 quasi
2588 4619 2694 4674 illis
2726 4619 2816 4689 qui
2870 4618 3038 4675 Deum
3101 4633 3206 4673 non
3275 4631 3541 4684 cognove-

1968 4728 2115 4782 runt,
2149 4716 2241 4772 sed
2272 4715 2418 4770 velut
2474 4714 2529 4771 in
2596 4712 2882 4785 profundis
2946 4711 3183 4767 tenebris
3223 4709 3540 4780 iacuerunt,

1967 4825 2033 4865 eo
2062 4809 2205 4878 quod
2247 4798 2517 4863 idolorum.
2540 4804 2709 4861 cultui
2739 4802 3103 4873 aﬂigerentur.
3143 4800 3540 4857 Gravissimum

1970 4901 2153 4971 igitur,
2187 4901 2296 4955 imo
2321 4914 2450 4956 vero
2498 4912 2724 4970 prorsus
2776 4897 3161 4961 frustraneum,
3232 4891 3545 4962 imposturis

1969 4992 2230 5048 falsorum
2285 5002 2466 5047 vatum
2498 4990 2792 5047 conﬁdere.
2862 4989 3000 5044 Cum
3052 4986 3197 5041 enim
3256 4984 3435 5039 futura
3487 4994 3544 5037 et.

1968 5099 2087 5153 quae
2109 5084 2248 5137 Deus
2270 5082 2457 5149 infert,
2480 5082 2703 5137 omnino
2736 5081 3007 5150 ignorent,
3059 5075 3418 5133 coacervaudi
3448 5091 3542 5129 ar-
3642 5138 3645 5139 ν

1967 5173 2114 5246 genti
2157 5172 2438 5229 materiam
2464 5173 2672 5227 faciunt
2700 5179 2872 5226 artem
2897 5165 3413 5240 pseudomanticam,
3460 5181 3551 5219 va-

1973 5265 2337 5330 ticinationes,
2356 5275 2411 5320 et
2440 5281 2467 5319 a
2485 5265 2593 5319 Deo
2625 5263 2814 5317 audire
2841 5276 2901 5317 se
2933 5260 3138 5331 ﬁngunt
3160 5273 3278 5328 qua:
3304 5270 3403 5313 suo
3427 5255 3547 5310 solo

3391 373 3497 429 462
3579 409 3583 413 ~

289 5384 471 5439 μενοι,
515 5368 611 5422 καὶ
649 5366 742 5421 τὸν
787 5364 898 5419 τῶν
925 5361 1338 5434 προσκειμένων
1375 5360 1559 5423 αὐτοῖς
1593 5374 1837 5427 καταγοη

1972 5360 2234 5414 arbitratu
2252 5366 2521 5423 eructant,
2539 5357 2889 5424 animumque
2907 5367 3090 5407 eorum
3110 5352 3199 5422 qui
3220 5348 3348 5419 ipsis
3365 5347 3551 5402 adim-

286 5437 542 5523 τεύοντες
570 5459 716 5514 νοῦν.
751 5456 988 5512 Λαλοῦσι
1021 5456 1130 5526 γὰρ
1171 5454 1209 5509 ἃ.
1245 5454 1311 5508 ἂν
1344 5451 1587 5523 βούλοιτό
1621 5467 1727 5515 τις,
1774 5466 1840 5502 κα

1980 5461 2126 5515 rent,
2162 5458 2474 5505 excantant.
2500 5448 2818 5517 Loquuntur
2842 5443 2985 5500 enim
3020 5458 3137 5513 quae
3165 5442 3376 5512 placent
3404 5437 3549 5503 aliis,

292 5552 461 5622 μόνον
488 5550 665 5605 ἐκεῖνό
693 5566 881 5619 φασιν,
909 5548 1044 5621 ὅπερ
1081 5546 1147 5602 ἂν
1178 5542 1320 5600 εἶναι
1346 5544 1716 5615 τεκμήραιντο
1757 5542 1840 5594 τοῖ

1974 5541 2102 5597 illud
2127 5541 2313 5596 dicunt
2363 5539 2536 5596 solum
2569 5538 2710 5609 quod
2765 5535 3019 5606 voluptati
3072 5548 3191 5588 esse
3212 5526 3550 5585 audientibus

291 5621 672 5711 ἀκροωμένοις
697 5638 819 5693 καθ’
850 5638 1063 5709 ἡδονήν.
1097 5635 1237 5689 Ἀλλ’
1268 5636 1296 5689 ὅ
1329 5651 1392 5704 γε
1416 5634 1556 5696 θεῖος
1586 5634 1720 5702 ἡμῖν
1749 5632 1840 5685 ἐπι

1977 5630 2291 5702 conjiciunt.
2324 5629 2589 5687 Caeterum
2622 5630 2801 5685 divina
2821 5628 2904 5685 lex
2957 5625 3202 5696 praecipit
3234 5624 3301 5676 ab
3360 5621 3553 5690 hujus-

367 5794 413 5827 ⁸⁷
453 5792 553 5849 Job
581 5810 676 5859 xu,
713 5796 797 5849 14.
