4110 6514
606 402 713 456 ιιιπ

1592 399 1647 453 S.
1690 396 1967 453 CYRILLI
2005 394 2471 453 ALEXANDRINI
2513 394 2836 452 ARCIHEP.
3740 406 3825 460 ίθί

611 523 753 578 modi
793 518 1103 576 hominibus
1155 517 1428 573 recedere.
1491 517 1662 573 Habet
1711 519 1856 572 enim
1918 518 2087 572 siczi
2120 515 2175 570 Si

2291 519 2473 572 τάττει
2521 520 2679 589 νόμος
2737 518 2845 571 τῶν
2882 490 3137 570 τοιούτων
3186 515 3505 586 ἀποφοιτᾷν.
3556 515 3700 587 Ἔχει
3743 522 3829 593 γὰρ

614 616 885 682 ingressus
930 609 1006 664 sis
1054 608 1106 662 in
1177 616 1374 661 terram
1435 622 1596 676 quam
1626 609 1719 662 dat
1776 609 1870 663 tibi
1922 607 2183 661 Dominus

612 704 751 758 Deus
778 712 918 763 tuus,
960 714 1065 754 non
1113 699 1289 754 disces
1315 699 1496 754 facere
1555 700 1849 754 secundum
1906 698 2183 753 abomina-

613 792 788 846 tiones
848 789 1081 860 gentium
1132 804 1342 843 earum.
1396 786 1513 843 Non
1562 789 1865 843 invenietur
1909 789 1961 842 in
2006 798 2058 841 te
2097 790 2185 858 qui

609 881 804 936 lustrat
841 880 1007 937 lilium
1038 895 1194 935 suum
1234 880 1315 934 vel
1347 880 1506 934 ﬁliam
1542 894 1691 934 suam
1742 879 1876 949 igni,
1919 889 2013 935 aut
2047 880 2188 934 vati-

610 971 1141 1037 cinansvaticinium,
1160 970 1242 1024 vel
1262 970 1480 1035 ariolus,
1500 970 1579 1025 vel
1603 984 1794 1039 augur,
1813 970 1893 1025 vel
1911 971 1999 1040 qni
2027 985 2189 1025 vene-

613 1062 750 1118 ﬁciis
796 1063 1158 1127 incantat,aut
1181 1061 1569 1130 ventriloquus.
1587 1060 1665 1115 vel
1686 1061 1777 1129 qui
1793 1070 1998 1114 ostenta
2054 1075 2190 1116 eon-

611 1154 836 1217 siderat,
876 1162 969 1206 aut
994 1154 1084 1222 qui
1129 1152 1429 1221 interrOgat
1480 1162 1740 1206 mortuos.
1792 1151 2003 1205 Etenim
2060 1151 2191 1206 abo-

616 1245 838 1299 minatio
870 1242 1094 1298 Domino
1130 1243 1236 1299 Deo
1276 1254 1367 1297 tuo
1401 1244 1707 1313 quicunque
1748 1243 1874 1297 talia
1908 1241 2037 1298 facit
2058 1243 2125 1296 ⁸⁸.
2164 1262 2184 1294 s

619 1344 874 1413 Adiungit
902 1358 1064 1413 porro
1100 1343 1205 1406 bis,
1232 1351 1285 1396 et
1326 1342 1441 1396 ait:
1496 1360 1515 1392 s
1551 1340 1841 1396 Perfectus
1865 1342 1971 1397 eris
2009 1356 2187 1396 coram

616 1434 844 1489 Domino
880 1433 991 1488 Deo
1040 1443 1134 1488 tuo
1180 1432 1251 1484 ⁸⁸.
1292 1450 1310 1482 ι
1361 1429 1495 1484 Nam
1552 1441 1737 1500 gentes
1802 1431 1904 1485 illa:
1949 1447 2081 1501 quas
2135 1439 2188 1483 tu

617 1525 931 1580 haereditate
974 1522 1240 1593 possides,
1284 1522 1635 1576 ariolationes
1687 1531 1743 1576 et
1777 1521 2190 1575 vaticinationes

617 1617 853 1671 audiunt.
885 1613 1002 1669 Tibi
1057 1628 1187 1669 vero
1226 1628 1330 1667 non
1391 1613 1472 1668 sic
1526 1613 1672 1668 dedit
1744 1613 2002 1667 Dominus
2048 1613 2188 1665 Deus

620 1718 747 1761 tuus
781 1723 794 1760 :
833 1723 851 1757 ι
892 1704 1214 1772 Prophetam
1243 1703 1308 1756 de
1339 1700 1602 1757 fratribus
1636 1704 1741 1756 tuis
1790 1702 2043 1756 excitabit
2094 1700 2188 1754 tibi

618 1796 875 1851 Dominus
924 1796 1062 1849 Deus
1126 1803 1268 1859 tuus,
1327 1795 1501 1863 ipsum
1556 1793 1788 1847 audietis
1822 1807 1918 1863 per
1986 1791 2187 1852 omnia,

2288 611 2459 673 οὕτως
2478 627 2490 640 ο
2520 629 2538 659 ι
2570 610 2694 662 Ἐὰν
2720 607 2965 680 εἰσέλθῃς
2991 607 3072 670 είς
3098 605 3196 677 τὴν
3223 605 3325 676 γῆν
3347 606 3415 674 ἢν
3444 604 3643 676 Κύριος
3676 610 3702 661 6
3720 609 3829 676 Θεός

2291 717 2383 753 σου
2412 699 2593 753 δίδωσί
2628 716 2732 764 σοι,
2764 700 2826 752 οὐ
2872 699 3091 770 μαθήσῃ
3117 699 3292 749 ποιεῖν
3336 696 3483 749 κατά
3524 696 3830 771 βδελύγματα

2289 792 2396 846 τῶν
2428 791 2597 845 ἐθνῶν
2663 792 2909 847 ἐκείνων.
2965 793 3077 862 Οὐχ
3115 790 3478 862 εὑρεθήσεται
3505 790 3562 841 ἐν
3598 791 3678 843 σοὶ
3703 809 3831 864 περι-

2290 881 2569 952 καθαίρων
2603 882 2694 935 τὸν
2736 881 2849 935 υίδν
2883 882 3047 935 αὑτοῦ
3079 882 3112 952 ἢ
3163 881 3263 952 τὴν
3293 880 3571 949 θυγατέρα
3602 881 3750 934 αὐτοῦ
3783 886 3833 937 ἐν

2291 972 2444 1042 πυρὶ,
2491 972 2891 1042 μαντευόμενος
2937 972 3215 1043 μαντείαν,
3260 968 3730 1041 κληδωνιζόμενος,
3754 975 3826 1026 καὶ

2290 1062 2702 1133 οἰωνιζόμενος,
2738 1062 3058 1133 φαρμακός,
3105 1061 3354 1132 ἐπᾴδων,
3392 1060 3829 1130 ἐγγαστρίμυθος,

2291 1150 2387 1203 καὶ
2412 1150 2836 1221 τερατοσκόπος,
2860 1150 2957 1204 καὶ
2987 1149 3280 1221 ἐπερωτῶν
3296 1149 3425 1211 τοὺς
3440 1145 3684 1217 νεκρούς.
3701 1148 3829 1202 Ἐστι

2290 1244 2400 1313 γὰρ
2426 1242 2700 1313 βδέλυγμα
2717 1243 2903 1313 Κυρίῳ
2920 1242 2998 1313 τῷ
3026 1242 3147 1313 Θεῷ
3176 1259 3270 1295 σου
3297 1242 3408 1304 πᾶς
3440 1239 3608 1292 ποιῶν
3635 1240 3829 1294 ταῦτα.»

2290 1335 2633 1405 Προσεπάγει
2658 1334 2715 1387 δὲ
2748 1334 2956 1398 τούτοις
2982 1334 3077 1387 καὶ
3105 1332 3270 1404 φησί’
3297 1351 3315 1384 ι
3338 1331 3558 1394 Τέλειος
3588 1329 3679 1400 ἔσῃ
3704 1332 3829 1384 ἐναν-

2290 1426 2402 1478 τίον
2431 1426 2636 1496 Κυρίου
2664 1424 2758 1478 τοῦ
2786 1424 2922 1478 Θεοῦ
2951 1442 3065 1478 σου.
3095 1444 3114 1477 s
3141 1425 3186 1476 Τ
3186 1424 3222 1476 ἀ
3256 1422 3365 1493 γὰρ
3385 1422 3517 1491 ἔθνη
3554 1419 3733 1486 ταῦτα,
3755 1419 3830 1481 οὓς

2291 1517 2357 1569 συ
2389 1517 2886 1587 κατακληρονομεῖς
2913 1516 3131 1579 αὐτοὺς,
3173 1507 3320 1568 οὗτοι
3348 1509 3727 1581 κληδωνισμῶν
3755 1512 3830 1564 καὶ

2294 1606 2559 1678 μαντειῶν
2593 1606 2938 1661 ἀκούσονται.
2974 1605 3065 1658 Σοὶ
3102 1603 3158 1658 δὲ
3195 1604 3292 1674 οὐχ
3329 1602 3475 1656 οὕτω
3500 1601 3719 1654 δέδωκεν
3740 1600 3830 1653 Κύ-

2294 1714 2407 1769 ριος
2445 1699 2473 1750 6
2499 1697 2630 1760 Θεός
2669 1713 2790 1749 σου⁹
2845 1714 2864 1747 s
2900 1696 3191 1766 Προφήτην
3224 1696 3286 1747 ἐκ
3324 1693 3435 1747 τῶν
3481 1689 3713 1759 ἀδελφῶν
3754 1707 3829 1744 σου

2292 1786 2585 1857 ἀναστήσει
2619 1803 2699 1839 σοι
2740 1784 2948 1856 Κύριος
2989 1788 3017 1838 6
3044 1784 3175 1849 Θεός
3203 1801 3294 1838 σου
3317 1822 3331 1846 ,
3362 1781 3529 1836 αὐτοῦ
3568 1780 3828 1835 ἀκούσεσθε

618 1884 782 1957 290
840 1898 1177 1953 quaecunque
1244 1883 1495 1952 loquetur
1560 1881 1711 1937 vobis
1741 1882 1807 1934 ⁶⁰.
1889 1900 1907 1933 ι
1963 1880 2188 1935 Omnino

2292 1878 2433 1931 κατά
2462 1880 2638 1933 πάντα
2678 1878 2778 1931 ὅσα
2805 1876 2871 1931 ἂν
2895 1876 3107 1949 λαλήσῃ
3131 1875 3277 1947 τπρδς
3309 1875 3480 1945 ὑμᾶς.
3507 1892 3525 1925 ι
3560 1870 3831 1940 ’Δφιλόθεος

618 1979 762 2030 eiiini
800 1975 890 2029 Dei
921 1989 1105 2030 amore
1136 1988 1334 2029 vacuus
1357 1974 1486 2036 erit,
1515 1983 1569 2029 et
1604 1973 1819 2043 pietatis
1853 1973 2187 2027 ornamentis

623 2067 928 2130 nudabitur,
960 2067 1052 2134 qui
1094 2064 1390 2125 vaticiniis.
1461 2064 1889 2131 ariolationibus,
1947 2063 2190 2135 auguriis

620 2167 676 2212 et
715 2158 1114 2211 incantatorum
1146 2155 1284 2211 l'ucis
1341 2155 1578 2209 animum
1637 2154 1964 2210 adhibuerit.
2014 2154 2083 2208 At
2144 2154 2189 2207 is

621 2245 733 2315 spei
763 2245 911 2298 bona:
939 2260 1064 2299 vere
1090 2246 1278 2314 plenus
1307 2244 1435 2311 erit,
1465 2244 1556 2313 qui
1584 2244 1909 2315 evangelicis
1954 2245 2189 2300 oraculis

621 2338 858 2391 animum
897 2335 1212 2399 intenderit,
1266 2346 1319 2390 et
1340 2335 1425 2390 his
1459 2350 1579 2403 quas
1597 2335 1848 2390 Christus
1864 2335 2025 2401 dicit,
2048 2336 2190 2390 veri-

624 2428 752 2485 tatis
780 2426 1042 2482 calculum
1073 2426 1336 2480 attulerit.
1369 2424 1645 2493 Siquidem
1684 2424 1771 2479 ille
1818 2434 1902 2479 est
1954 2426 2190 2496 prophe-

626 2527 799 2570 tarum
871 2515 1145 2575 Dominus,
1217 2522 1272 2568 et
1326 2514 1501 2568 omnis
1553 2513 1876 2583 cognitionis
1943 2516 2187 2583 largitor,

621 2606 834 2661 etiamsi
860 2620 958 2676 pro
998 2619 1248 2659 mensura
1286 2604 1641 2659 humanitatis
1700 2605 1961 2676 propheta
2011 2605 2188 2659 nomi-

623 2708 802 2752 ηθιυτ.

696 2782 857 2838 Vens.
909 2768 1097 2838 4-5—15.
1170 2781 1481 2850 Defecerunt
1546 2781 1803 2853 principes
1862 2780 2085 2842 Taucos.
2140 2791 2190 2836 et

621 2877 781 2930 evecti
814 2873 953 2929 sunt.
967 2875 1224 2944 principes
1266 2874 1582 2943 Memphcos,
1606 2882 1656 2928 et
1707 2874 1960 2943 decipient
2018 2871 2191 2943 Egy-

621 2977 767 3034 ptum
793 2966 1075 3020 secundum
1101 2966 1289 3018 tribus.
1319 2964 1570 3018 Dominus
1604 2966 1742 3019 enim
1800 2964 2035 3032 confudit
2097 2979 2185 3017 eos

622 3057 807 3125 spiritu
835 3056 1049 3117 erroris,
1076 3066 1121 3107 et
1155 3056 1463 3121 deceperunt
1509 3052 1800 3123 [Egyptum
1864 3053 1919 3106 in
1952 3051 2190 3105 omnibus

622 3147 859 3215 operibus
885 3147 1017 3213 ejus,
1042 3145 1173 3197 sicut
1211 3152 1351 3197 errat
1404 3144 1578 3196 sbrius
1642 3152 1687 3195 et
1744 3158 1951 3197 vomens
1993 3144 2189 3206 simul;

2288 1969 2397 2041 γὰρ
2431 1969 2744 2034 παντελῶς,
2788 1970 2883 2023 καὶ
2923 1967 3030 2021 τῶν
3078 1969 3156 2030 εἰς
3201 1965 3485 2020 εὐσέϐειαν
3533 1964 3831 2034 αὐχημάτων

2288 2058 2439 2111 ἔσται
2469 2058 2673 2128 γυμνὸς
2724 2059 2754 2110 6
2808 2056 3088 2127 μαντείαις
3129 2055 3416 2126 προσέχων
3467 2052 3562 2107 καὶ
3606 2051 3831 2122 κληδωνι-

2291 2151 2466 2219 σμοῖς,
2501 2147 2916 2210 οίωνοσκοπίαις
2941 2163 3000 2199 τε
3033 2144 3129 2199 καὶ
3173 2146 3283 2207 τοῖς
3310 2145 3421 2196 τῶν
3457 2142 3665 2213 γοητῶν
3694 2159 3830 2212 φενα·

2289 2242 2525 2309 κισμοῖς.
2559 2237 2801 2301 Ἐλπίδος
2830 2255 2891 2305 γε
2919 2238 3024 2309 μὴν
3055 2234 3265 2305 ἀγαθῆς
3296 2234 3594 2303 ἐπίμεστος
3627 2232 3832 2303 ἀληθῶς,

2289 2332 2320 2383 6
2342 2334 2454 2395 τοῖς
2492 2329 2864 2397 εὑαγγελικοῐς
2903 2328 3236 2397 θεσπίσμασι
3267 2325 3553 2397 προσέχων
3596 2322 3680 2376 τὸν
3711 2322 3830 2387 νοῦν,

2292 2423 2384 2475 καὶ
2425 2417 2506 2483 οἷς
2553 2421 2619 2475 ἂν
2650 2420 2797 2488 λέγοι
2826 2419 3078 2490 Χριστὸς,
3109 2417 3207 2488 τὴν
3244 2416 3342 2487 τῆς
3380 2414 3643 2484 ἀληθείας
3684 2414 3833 2485 ψῆφον

2290 2512 2572 2575 ἐπιτιθείς.
2618 2512 2728 2565 Καὶ
2782 2512 2890 2582 γάρ
2918 2515 3034 2564 ἐστι
3076 2508 3369 2580 προφητῶν
3427 2508 3722 2578 Δεσπότης,
3758 2507 3833 2559 καὶ

2292 2604 2508 2674 ἀπάσης
2534 2603 2787 2671 γνώσεως
2824 2601 3094 2673 χωρηγδς,
3127 2603 3174 2654 εί
3202 2602 3294 2654 καὶ
3327 2599 3617 2671 προφήτης
3654 2597 3837 2667 ὠνόμα-.

2293 2713 2443 2759 σται,
2468 2695 2639 2749 διάτοι
2669 2695 2729 2748 τὸ
2766 2696 2865 2765 τῆς
2894 2693 3313 2766 ἀνθρωπότητος
3341 2691 3562 2763 μέτρον.

2374 2788 2689 2850 Ἐξέλιπον
2719 2788 2771 2840 οι
2809 2786 3095 2856 ἄρχοντες
3130 2783 3373 2849 Teii-suc,
3407 2782 3508 2838 καὶ
3541 2781 3837 2849 ὐψὼθησον

2292 2879 2346 2931 οι
2365 2877 2654 2946 ἄρχοντες
2677 2875 2980 2945 Μέμφεως,
3004 2869 3559 2938 καίπλανήσουσιν
3572 2870 3835 2939 Αἴγυπτον

2292 2966 2441 3020 κατὰ
2470 2966 2691 3036 φυλάς.
2720 2966 2935 3033 Κύριος
2957 2963 3069 3033 γὰρ
3095 2963 3383 3032 ἐκέρασεν
3416 2961 3619 3028 αὐτοῖς
3638 2957 3834 3026 πνεῦμα

2293 3057 2685 3127 πλανήσεως,
2721 3058 2820 3110 καὶ
2867 3056 3226 3124 erucis-near
3268 3057 3581 3125 Αιγυπτον
3604 3054 3669 3108 ἐν
3712 3050 3832 3106 πᾶσι

2292 3148 2417 3214 τοῖς
2435 3150 2630 3218 ἔργοις
2656 3147 2876 3211 αὐτῶν,
2902 3148 2979 3213 ὡς
3023 3144 3322 3201 πλανᾶται
3354 3149 3387 3201 ό
3416 3145 3670 3215 μεθύων,
3705 3141 3788 3196 καὶ
3808 3143 3834 3193 ό

624 3208 714 3289 nec
771 3208 935 3287 ullum
974 3249 1099 3301 Opus
1119 3232 1303 3285 habent
1340 3230 1579 3300 Aigyptii
1624 3231 1760 3300 quod
1813 3231 1975 3300 facint
2034 3243 2188 3303 caput

2292 3208 2621 3309 epuli/(ipa:
2647 3239 2755 3292 Καὶ
2792 3208 2900 3293 οὐκ
2931 3208 3101 3292 ἔσται
3137 3236 3261 3301 τοῖς
3301 3208 3646 3306 Αὶγξλπτίοις
3668 3234 3831 3302 ἔργον,

620 3339 669 3381 ct
695 3328 939 3389 caudam,
977 3322 1288 3392 principium
1323 3334 1368 3376 ct
1396 3321 1575 3390 (insin.

697 3417 919 3474 Deridet
938 3416 1091 3469 nobis
1119 3413 1515 3483 quodammodo
1543 3412 1802 3468 falsorum
1830 3424 2010 3470 vatum
2024 3429 2193 3487 nugas

623 3520 680 3564 et
712 3513 976 3562 vanitates
1038 3506 1087 3559 iu
1146 3505 1295 3560 hisce
1340 3504 1520 3560 verbis
1585 3520 1763 3560 sermo
1825 3508 2189 3577 propheticus.

627 3599 1003 3671 Aigyptiorum
1030 3597 1174 3653 enim
1207 3596 1514 3667 praefectus,
1545 3596 1780 3666 quicum
1808 3598 1925 3668 ipso
1982 3612 2193 3668 semper

625 3700 781 3745 erant
854 3688 1271 3759 praestigiatores
1321 3696 1376 3742 et
1438 3702 1605 3742 vanos
1658 3696 1840 3751 vates,
1885 3688 1976 3758 qui
2029 3691 2191 3743 etiam

627 3782 1040 3838 nominabantur
1098 3780 1273 3849 sophi,
1314 3778 1664 3849 interrogavit
1688 3779 1741 3834 in
1775 3793 1936 3849 quem
1979 3780 2191 3835 tandem

628 3874 787 3928 tinem
820 3881 1126 3942 exspectata
1150 3871 1484 3927 devenirent.
1513 3869 1802 3941 Postquam
1837 3880 2014 3927 autem
2068 3886 2195 3937 con-

624 3964 746 4020 silio
776 3963 1015 4019 frustrati
1046 3974 1195 4027 sunt,
1218 3972 1271 4017 et
1298 3964 1561 4021 mendacii
1604 3964 1862 4031 convicti,
1910 3964 2193 4035 nullusth

624 4064 767 4110 esset
790 4057 877 4125 qni
915 4055 1123 4109 consilii
1158 4054 1302 4110 utilis
1329 4056 1472 4109 viam
1532 4056 1815 4119 indicaret,
1870 4055 2019 4109 nihili
2066 4055 2191 4111 iacti

626 4156 774 4209 sunt,
805 4161 866 4201 ac
898 4146 988 4199 alii
1040 4146 1297 4215 deinceps
1334 4146 1604 4216 sapientes
1668 4147 2081 4216 quazrebantur:
2139 4156 2192 4200 et

626 4237 842 4307 quidam
894 4237 1227 4291 mirabantur
1279 4237 1549 4307 principes
1606 4235 1943 4308 llempheos,
2000 4237 2053 4292 id
2087 4247 2190 4301 est,

628 4329 938 4385 sacerdotes
963 4338 1018 4382 et
1044 4341 1257 4397 magos,
1284 4328 1401 4396 qui,
1430 4327 1669 4396 inquam,
1698 4326 1967 4399 Memphin
1991 4328 2192 4385 incole-

626 4421 773 4473 bant.
804 4419 1000 4474 Esimii
1039 4420 1183 4474 enim
1226 4420 1377 4489 quasi
1411 4419 1731 4475 videbantur
1758 4420 1811 4475 bi
1869 4429 1979 4475 tum
2051 4430 2187 4477 tem-

2295 3332 2325 3386 ὃ
2358 3332 2597 3401 ποιήσει
2630 3331 2905 3401 κεφαλὴν
2934 3331 3033 3386 καὶ
3063 3330 3267 3396 οὐρὰν,
3320 3329 3526 3399 ἀρχὴν
3552 3327 3644 3381 καί
3672 3325 3836 3390 τέλος.

2376 3424 2681 3496 Ἐπιμειδιᾷ
2704 3424 2903 3496 τρόπον
2925 3423 3047 3477 τινὰ
3069 3426 3181 3487 τοῖς
3208 3422 3313 3475 τῶν
3333 3420 3670 3491 ψευδολόγων
3696 3417 3836 3489 ἀθύρο

2296 3536 2450 3589 μασι,
2475 3521 2570 3572 καὶ
2603 3518 2956 3587 κενοφωνὶαις
2991 3519 3019 3571 ὁ
3046 3515 3381 3589 προφητεκὸς
3412 3517 3548 3586 ἡμῖν
3581 3516 3635 3567 ἐν
3662 3511 3838 3573 τούτοις

2292 3608 2466 3676 λόγος.
2495 3609 2697 3680 Ἦρετο
2737 3608 2835 3679 μὲν
2860 3610 2887 3661 6
2916 3607 3024 3661 τῶν
3065 3604 3377 3675 Αίγυπτίων
3417 3604 3710 3674 ἡγούμενος
3734 3600 3835 3662 τοὺς

2293 3700 2378 3753 ἀεὶ
2408 3699 2665 3763 συνόντας
2695 3698 2874 3771 αὐτῷ,
2910 3698 3114 3768 γόητάς
3144 3714 3205 3749 τε
3243 3697 3338 3751 καὶ
3367 3695 3762 3766 ψευδομάντεις,
3793 3690 3833 3743 οἳ

2294 3790 2388 3844 καὶ
2424 3791 2768 3862 ὠνομάζοντο
2801 3790 2974 3860 σοφοί.
3006 3788 3151 3860 Πρὸς
3185 3790 3336 3841 ποῖον
3362 3786 3515 3857 αὐτῷ
3543 3783 3833 3853 καταντήσει

2292 3880 2444 3943 τέλος
2470 3880 2537 3934 τά
2563 3880 3007 3951 προσδοκώμενα.
3037 3877 3259 3949 Ἐπειδὴ
3289 3877 3346 3930 δέ
3388 3876 3585 3947 βουλῆς
3616 3873 3832 3945 ἡμάρτα-

2293 3988 2402 4035 νον,
2428 3972 2519 4024 καὶ
2547 3970 2971 4041 ψευδοεποῦντες
3001 3970 3313 4041 ήλέγχοντο,
3348 3969 3446 4022 καὶ
3484 3966 3652 4029 οὐδεὶς
3673 3962 3735 4036 ἦν
3757 3963 3834 4016 αὺ-

2293 4061 2402 4122 τοῖς
2430 4061 2457 4112 ό
2489 4058 2682 4131 βουλῆς
2714 4060 3038 4131 ὀνησιφόρον
3071 4060 3167 4113 καὶ
3204 4057 3540 4128 σκεμμάτων
3575 4053 3832 4123 ἐπωφελῶν

2293 4149 2621 4220 εἰσκομίζων
2648 4150 2785 4204 ὁδόν.
2813 4150 3292 4222 Κατελογίσθησαν
3321 4149 3420 4220 μὲν
3456 4148 3537 4212 εἰς
3561 4146 3722 4213 οὐδὲν,
3743 4144 3832 4198 ἕτε-

2297 4257 2378 4310 ροι
2405 4240 2461 4293 δὲ
2488 4240 2671 4293 λοιπὸν
2707 4240 3000 4312 ἐζητοῦντο
3032 4240 3183 4311 σοφοί
3204 4257 3219 4273 ⁸
3252 4240 3347 4295 καὶ
3373 4239 3440 4311 δὴ
3469 4239 3563 4294 καὶ
3596 4236 3833 4307 τεθαυμάο

2292 4331 2420 4383 κασί
2444 4348 2586 4394 τινες
2623 4332 2749 4395 τοὺς
2778 4331 3043 4401 ἄρχοντας
3073 4330 3368 4401 Μέμφεως,
3402 4329 3549 4384 τοῦτ’
3577 4330 3705 4395 ἐστι,
3731 4327 3831 4389 τοὺς

2296 4422 2456 4495 ίερεῖς
2481 4439 2541 4474 τε
2568 4422 2662 4476 καὶ⁸
2689 4422 2917 4492 μάγους,
2936 4423 3060 4485 τοὺς
3089 4422 3233 4476 κατά
3254 4421 3316 4489 γέ
3341 4439 3486 4492 φημι
3505 4420 3601 4493 τὴν
3624 4420 3828 4489 Μέμφιν.

626 4510 792 4581 poris,
820 4518 1021 4564 etcum
1048 4510 1113 4564 ad
1141 4511 1362 4575 magicae
1409 4510 1614 4579 peritiae
1683 4525 1949 4566 summum
1999 4526 2188 4581 perve-

2305 4509 2744 4581 Ἀπόλεκτοι-γὰρ
2774 4510 2960 4581 ὥσπερ
2985 4511 3205 4565 ἐδόκουν
3230 4506 3371 4564 είναι
3393 4510 3457 4565 τὸ
3480 4509 3736 4581 τηνικάδε,
3755 4506 3831 4561 καὶ

627 4601 831 4654 nissent
870 4600 1333 4668 fastigium,omni
1376 4600 1722 4657 veneratione
1770 4601 1916 4672 digni
1966 4601 2191 4658 idolola-

627 4692 726 4746 tris
756 4692 1107 4746 habebantur.
1154 4692 1472 4746 Delecerunt
1502 4692 1687 4763 igitur,
1718 4693 2195 4763 inquit,principes

625 4780 855 4849 Tancos,
889 4783 939 4836 id
978 4792 1085 4848 est,
1116 4800 1211 4853 pro
1237 4785 1404 4838 nihilo
1428 4785 1592 4838 habiti
1625 4794 1770 4850 sunt,
1803 4794 1858 4839 et
1887 4786 2082 4840 summi
2128 4800 2193 4840 ac

627 4870 969 4925 admirabiles
993 4873 1103 4940 regi
1133 4887 1195 4925 ac
1224 4873 1476 4927 omnibus
1500 4874 1590 4943 qui
1619 4873 1823 4928 circum
1856 4875 2006 4929 illum
2037 4882 2192 4929 erant

626 4974 745 5014 esse
780 4960 881 5013 visi
915 4971 1042 5015 sunt
1095 4961 1511 5033 Memphitarum
1540 4966 1795 5034 przesides
1824 4974 1877 5019 et
1901 4967 2186 5022 antistites.

632 5049 827 5103 Verum
894 5045 1223 5106 seduxerunt
1279 5063 1335 5108 et
1403 5054 1476 5108 illi
1532 5052 1826 5125 A‘ngptum
1893 5056 2187 5111 secundum

622 5142 820 5208 tribus,
854 5143 1030 5207 idest,
1060 5144 1354 5213 oppidatim
1409 5155 1465 5201 et
1534 5147 1772 5213 vicatim,
1818 5161 1926 5202 non
1985 5148 2187 5202 viritim

624 5231 818 5296 solum,
847 5234 937 5287 sed
960 5236 1120 5288 etiam
1177 5238 1515 5291 catervatim.
1564 5237 1843 5293 Habebant
1894 5239 2039 5293 enim
2084 5240 2190 5294 illis

625 5322 813 5387 tidem,
836 5325 1045 5381 etiamsi
1074 5329 1214 5395 quod
1240 5343 1272 5382 e
1323 5343 1381 5383 re
1408 5337 1553 5386 esset
1582 5329 1712 5385 nihil
1745 5331 2026 5385 dicerent:
2063 5346 2187 5384 nam

622 5416 891 5483 quomodo
914 5416 1100 5472 conﬁsi
1140 5428 1264 5473 sunt
1288 5419 1311 5473 Ἰ
1336 5417 1596 5475 Dominus
1626 5421 1791 5485 enim,
1828 5420 2031 5490 inquit,
2053 5435 2185 5475 con-

584 5536 588 5540 Α
624 5503 759 5559 fudit
798 5521 892 5560 eos
914 5507 1109 5577 spiritu
1139 5510 1364 5574 erroris,
1412 5510 1465 5565 id
1506 5520 1608 5574 est,
1672 5525 1885 5565 omnem
1944 5511 2188 5565 veritatis

622 5606 923 5671 sermonem
965 5596 1033 5649 ab
1068 5611 1254 5651 eorum
1282 5597 1461 5668 lingua
1521 5599 1782 5663 excussit,
1820 5606 1877 5652 ut
1907 5598 2043 5653 nihil
2066 5600 2183 5654 veri

692 5765 741 5800 ⁸⁸
768 5768 921 5825 Deut.
948 5785 1099 5840 xvtn,
1130 5771 1320 5827 60-42.
1395 5772 1440 5805 "
1472 5772 1598 5828 ibid.
1632 5773 1715 5829 13.
1794 5774 1838 5804 ⁸ο
1870 5773 2002 5830 ibid.
2040 5773 2124 5828 15.

2300 4602 2540 4672 μαγικῆς
2570 4602 2861 4674 ἐμπειρίας
2886 4604 2965 4666 είς
2995 4603 3163 4674 ἀκρον
3192 4603 3517 4675 ἐληλακότες
3545 4601 3635 4655 τοῦ
3663 4600 3828 4660 παντὸς

2296 4692 2434 4758 ἄξιοι
2465 4691 2623 4760 λόγου
2659 4696 2773 4755 τοῖς
2800 4693 3214 4765 εἰδωλολάτραις
3244 4696 3548 4765 ἐφαίνοντο.
3590 4692 3826 4757 Ἐξέλιπον

2295 4780 2509 4846 τοίνυν,
2557 4781 2749 4850 φησὶν,
2787 4783 2841 4834 οἱ
2892 4783 3149 4853 ἄρχοντες
3194 4784 3505 4854 Μέμφεως,
3533 4782 3668 4837 τοῦτ’
3714 4781 3826 4844 ἔστι,

2297 4870 2754 4942 κατελογίσθησαν
2787 4874 2866 4936 εἰς
2893 4873 3063 4935 οὐδὲν,
3095 4874 3290 4944 ὑψηλοί
3305 4893 3362 4927 τε
3390 4872 3528 4929 εἶναι
3551 4876 3641 4927 καὶ
3663 4871 3826 4925 τεθαυ-

2300 4960 2567 5030 μασμένοι
2618 4962 2771 5033 παρά
2795 4980 2853 5015 τε
2886 4963 2965 5033 τῷ
3002 4963 3212 5033 βασιλεί
3260 4966 3354 5019 καὶ
3386 4966 3557 5019 ἀπασι
3581 4969 3684 5029 τοῖς
3713 4961 3823 5033 ἀμφ’

2295 5050 2457 5106 αὑτὸν
2508 5052 2694 5118 ἔδοξαν
2727 5049 2866 5107 εἶναι
2904 5055 3003 5126 τῆς
3042 5057 3316 5127 Μέμφεως
3356 5061 3406 5111 οἱ
3444 5056 3823 5129 προεστηκότες.

2294 5144 2439 5215 Πλὴν
2490 5145 2872 5216 πεπλανήκασι
2912 5147 3006 5199 καὶ
3060 5148 3215 5201 αὐτοὶ
3270 5149 3367 5220 τὴν
3412 5150 3677 5218 Αἴγυπτον
3710 5144 3824 5199 κατὰ

2289 5235 2480 5305 φυλὰς,
2519 5236 2663 5289 τοῦτ’
2698 5237 2833 5303 ἐστι,
2888 5239 3028 5291 κατὰ
3060 5238 3240 5304 πόλεις
3280 5240 3375 5293 καὶ
3411 5241 3632 5311 κώμας·
3666 5237 3748 5291 καὶ
3772 5235 3819 5287 οὐ

2288 5328 2409 5381 καθ’
2431 5328 2526 5381 ἕνα
2556 5329 2737 5398 μόνον,
2776 5328 2912 5383 ἀλλά
2950 5329 3058 5401 γάρ
3096 5332 3189 5384 καὶ
3226 5333 3366 5385 κατά
3399 5332 3620 5401 πληθύν.
3651 5327 3820 5395 Τεταρ-

2289 5422 2489 5493 σήκασι
2539 5420 2649 5493 γὰρ
2696 5421 2913 5486 αὐτοῖς,
2960 5422 3137 5476 καίτοι
3193 5422 3303 5476 τῶν
3351 5423 3651 5491 ἀναγκαίων
3694 5417 3821 5471 οὐδὲν

2287 5512 2496 5583 ἔχουσιν
2526 5511 2727 5564 εἰπεῖν·
2778 5511 3152 5583 τεθαρσήκασι
3180 5511 3288 5584 γὰρ
3317 5513 3440 5567 τίνα
3476 5512 3692 5584 τρόπον,
3725 5502 3822 5560 Κύ-

2290 5619 2400 5674 ριος
2422 5604 2550 5672 γὰρ,
2576 5602 2763 5673 φησὶν,
2782 5603 3043 5674 ἐκέρασεν
3072 5604 3254 5669 αὐτοῖς
3275 5603 3489 5674 πνεῦμα
3517 5600 3816 5665 πλανήσεωςι
