4110 6488
243 390 352 441 ωε

1366 397 1432 453 IN
1468 398 1699 454 ISAIAM
1734 396 1862 453 LIB.
1902 396 1966 451 II.
2007 393 2244 451 TOIIUS
2276 394 2363 449 IV.

3384 398 3487 454 ισε
3541 400 3543 404 ⁴

242 502 410 556 τοῦτ’-
438 504 589 567 lett,
645 507 821 562 πάντα
880 510 1034 580 λόγον
1075 514 1333 585 ἀληθείας
1383 516 1672 580 ἀπετίναξε
1725 516 1822 585 τῆς

1931 514 2209 582 potuerint,
2279 514 2360 567 vel
2392 514 2650 585 cogitare,
2683 514 2761 569 vel
2823 514 3023 571 dicere.
3080 514 3287 570 Etenim
3328 516 3490 587 29],

241 589 495 665 γλώττης
526 597 728 664 αὐτῶν,
759 601 834 664 ὼς
864 604 985 673 μηδ’
1017 605 1193 659 ότιοῦν
1232 607 1449 677 ίσχῦσαι
1475 608 1581 663 τῶν
1608 605 1820 676 ἀληθῶν

244 682 451 753 ῆνοεῖν
488 685 521 757 ἢ
567 688 765 757 λέγειν.
813 694 886 746 Ού
927 694 1037 765 γὰρ
1073 695 1181 749 ἔδει
1232 699 1351 761 ταῖς
1392 698 1500 751 τῶν
1547 697 1825 750 εἰδωλολα-

244 772 519 843 τρούντων
556 776 829 845 γλώσσαις
864 782 1113 853 ἐνιζῆσαι
1156 785 1254 857 τὴν
1296 786 1571 857 ἀλήθειαν.
1612 787 1824 840 Πεπλα-

244 864 447 932 νηκασι
473 866 653 922 τοίνυν
679 871 778 941 τὴν
820 873 1112 941 Αἴγυπτον,
1153 876 1226 940 ὡς
1260 878 1523 931 πλανᾶται
1553 880 1581 930 ό
1612 878 1824 949 μεθύων

249 953 347 1005 καὶ
373 956 401 1007 ό
447 955 595 1029 ἐμων
656 959 795 1029 ἅμα.
821 960 983 1026 Ἐθος
1014 965 1123 1034 γὰρ
1154 970 1264 1029 τοῖς
1313 967 1589 1036 μεθύουσι,
1615 968 1674 1021 τὸ
1705 970 1825 1030 ταῖς

249 1042 310 1107 ἐξ
333 1045 543 1113 ἐμέτων
565 1049 911 1118 περιπίπτειν
934 1053 1315 1125 ἀκαθαρσίαις.
1334 1055 1621 1128 Ταύτῃτοι,
1640 1054 1821 1125 φησίν*

250 1133 367 1187 Ούκ
389 1134 542 1189 ἔσται
572 1140 684 1203 τοῖς
714 1141 1030 1209 Αἰγυπτίοις
1064 1144 1244 1213 ἔργον,
1281 1146 1312 1199 ὃ
1342 1148 1553 1217 ποιήσει
1587 1147 1825 1218 κεφαλὴν

252 1224 351 1275 καὶ
372 1226 559 1295 οὐρὰν,
596 1228 769 1301 ἀρχὴν
793 1233 886 1285 καὶ
908 1234 1075 1297 τέλος.
1105 1236 1238 1289 Οὐδὲ
1268 1237 1376 1307 γάρ
1414 1239 1826 1309 ἐγχειρημάτων

252 1314 484 1384 autem;
512 1322 795 1377 νεανικῶν.
820 1323 990 1377 Τοῦτο
1014 1324 1121 1397 γὰρ
1152 1327 1295 1397 ἀρχὴ
1319 1328 1410 1381 καὶ
1437 1330 1665 1398 κεφαλή.
1689 1328 1824 1383 οὔτε

254 1404 369 1472 μὴν
425 1407 506 1470 είς
548 1408 929 1466 εὐκταιότατον
955 1413 1138 1478 αὐτοῖς
1180 1419 1508 1488 καταντήσει
1560 1418 1710 1482 τέλος
1758 1419 1825 1472 τά

250 1492 511 1564 δρώμενα
532 1514 546 1528 ·
576 1499 735 1553 τοῦτο
762 1502 870 1572 γὰρ
898 1505 930 1574 η
964 1505 1100 1574 οὐρά
1126 1508 1220 1561 καὶ
1244 1507 1305 1561 τὸ
1330 1508 1480 1573 τέλος
1499 1525 1514 1541 ο
1547 1512 1696 1564 πᾶσα
1718 1510 1828 1581 γὰρ

255 1582 450 1651 σκέψις
495 1585 796 1657 ἀνθρώπων
844 1590 1138 1661 ἀνόνητος,
1196 1596 1291 1650 καὶ
1336 1598 1444 1651 πᾶν
1481 1597 1828 1669 ἐπικούρημα

255 1671 488 1744 σαθρὸν,
523 1678 616 1730 καὶ
653 1680 773 1733 κατ’
798 1680 988 1735 οὐδένα
1020 1683 1222 1758 τρόπον
1266 1686 1457 1757 ὀνῆσαι
1493 1689 1823 1759 δυνάμενον·

252 1760 391 1814 Θεοῦ
427 1764 532 1837 γάρ
570 1768 885 1836 κακοῦντος,
926 1773 1002 1837 ὡς
1040 1773 1197 1846 ἔφην,
1230 1778 1324 1831 καὶ
1354 1782 1511 1851 χεῖρα
1557 1782 1659 1853 τὴν
1691 1799 1829 1837 παν-

251 1854 399 1924 αλκῆ
429 1858 538 1920 τοῖς
601 1859 1005 1930 ἀποσκιρτῶσιν
1031 1844 1468 1934 ἐπάγοντοςξκαῖ
1492 1872 1570 1933 είς
1592 1844 1655 1924 τὸ
1680 1872 1828 1942 αύτῷ
1861 1844 1902 1898 Β

249 1942 445 1997 δοκοῦν
484 1948 913 2019 μετατρέποντος
942 1953 1049 2007 τῶν
1078 1957 1419 2026 πραγμάτων
1451 1959 1548 2022 τὰς
1580 1959 1791 2029 φύσεις.

330 2037 408 2106 Τῇ
433 2038 503 2092 δὲ
530 2040 719 2109 ἡμέρᾳ
749 2043 949 2114 ἐκείνῃ
981 2045 1223 2101 ἔσονται
1249 2052 1304 2102 οί
1333 2050 1639 2118 Αἰγύπτιοι
1667 2051 1747 2117 ὠς
1770 2055 1830 2105 αι

252 2127 537 2195 γυναῖκες
561 2130 634 2183 ἐν
667 2132 831 2201 φόϐῳ
869 2136 965 2188 καί
999 2137 1068 2189 ἐν
1094 2137 1285 2207 τρόμῳ
1302 2177 1317 2201 ,
1350 2138 1468 2191 ἀπὸ
1507 2139 1830 2208 προσώπου

252 2216 365 2284 τῆς
392 2219 589 2289 χειρὸς
633 2223 855 2292 Κυρίου
900 2225 1179 2292 Σαϐαὼθ,
1223 2226 1303 2294 ῆν
1346 2228 1528 2295 αὐτὸς
1569 2230 1834 2285 ἑπιόαλεῖ

250 2306 348 2359 ἐπ’
383 2311 621 2377 αὐτούς.
644 2313 754 2367 Καὶ
779 2312 952 2369 ἔσται
982 2316 1020 2385 ἡ
1047 2316 1208 2386 χώρα
1229 2317 1346 2373 τῶν
1376 2318 1680 2374 Ἰουδαίων
1708 2320 1831 2388 τοῖς

252 2401 600 2469 Αἰγυπτίοις
636 2406 724 2471 είς
761 2406 1081 2475 φόϐητρον.
1146 2408 1272 2474 Πᾶς
1312 2408 1380 2475 ὃς
1429 2409 1507 2464 ἂν
1558 2410 1829 2480 ὀνομάσῃ

251 2490 453 2559 αὐτὴν
473 2494 678 2560 αὐτοῖς
702 2496 1168 2566 φοϐηθήσονται,
1212 2499 1313 2553 διὰ
1341 2498 1454 2567 τὴν
1493 2500 1728 2569 βουλὴν
1753 2501 1833 2569 ἣν

248 2581 649 2645 βεϐούλευται
682 2588 895 2656 Κύριος
923 2588 1017 2641 ἐπ’
1038 2589 1249 2656 αὐτήν.

328 2674 397 2726 Oi
425 2674 535 2745 γὰρ
566 2676 732 2730 πάλαι
762 2675 983 2748 θρασεῖς
1011 2679 1103 2732 καὶ
1138 2681 1424 2752 ἀνήμεροι,
1464 2683 1558 2736 καὶ
1586 2682 1830 2737 κινδύνου

258 2766 463 2827 παντὸς
492 2768 917 2839 καταφρονηταὶ,
959 2770 1227 2840 περιδεεῖς
1263 2772 1509 2837 ἔσονται,
1546 2777 1708 2846 φησὶ,
1739 2777 1833 2829 καὶ

256 2855 642 2928 τεθρυμμένην
672 2859 991 2930 εὑρήσουσιν
1021 2861 1079 2914 ἐν
1110 2862 1322 2927 ἑαυτοῖς
1358 2864 1457 2936 τὴν
1490 2865 1735 2935 καρδίαν,
1758 2865 1833 2929 ὡς

259 2948 540 3014 γυναικῶν
587 2950 695 3003 τῶν
768 2951 1174 3007 ἀσθενεστάτων
1225 2954 1440 3007 ἀποδεῖν
1487 2956 1667 3019 οὐδὲν,
1715 2955 1832 3009 ἀλλ’

256 3040 545 3103 οίονείπως
604 3043 685 3103 είς
745 3041 1091 3114 θηλυπρεπὲς
1147 3045 1435 3116 ἀνανδρίας
1476 3044 1827 3099 κατολισθεῖν.

1924 607 1975 661 in
2010 604 2210 676 linguis
2249 604 2650 661 idololatrarum
2703 606 2904 661 veritas
2937 608 3174 663 residere
3204 606 3351 663 nullo
3377 622 3493 663 mo-

1924 698 1992 751 do
2019 697 2212 767 potuit.
2261 696 2796 766 Deceperuntitaque
2811 697 3123 771 Egyptum,
3159 699 3317 755 sicuti
3347 710 3495 754 errat

1924 783 2109 837 ebrius
2134 793 2190 839 et
2220 797 2441 838 vomens
2472 784 2658 839 simul.
2689 784 2876 839 Solent
2906 787 3050 839 enim
3107 785 3241 841 ebrii
3293 787 3344 841 in
3398 802 3493 840 vo-

1926 874 2205 929 ntitionutn
2236 875 2471 930 incidere
2538 877 3028 947 intemperantiam.
3084 876 3269 948 Itaque
3313 879 3490 933 dicit:

1925 963 2040 1020 Non
2065 966 2265 1021 habent
2296 965 2529 1037 Egyptii
2566 967 2732 1021 ullum
2770 984 2903 1036 opus
2935 969 3076 1037 quod
3129 968 3293 1023 faciat
3332 981 3495 1039 caput

1924 1062 1979 1108 et
2010 1054 2259 1120 caudam,
2324 1054 2642 1124 principium
2699 1067 2753 1110 et
2772 1057 2951 1110 linem.
2986 1055 3095 1111 Nec
3147 1058 3290 1111 enim
3337 1072 3493 1129 egre-

1926 1144 2009 1215 gia
2039 1154 2212 1214 coepta
2249 1143 2554 1213 iuveniliter
2602 1149 3001 1217 aggrediantur,
3070 1149 3173 1204 hoc
3208 1148 3353 1202 enim
3410 1158 3495 1204 est

1927 1235 2245 1303 principium
2275 1244 2331 1291 et
2358 1242 2709 1306 caput;‘nec
2782 1237 2835 1292 in
2886 1240 3281 1308 Optatissimum
3337 1239 3494 1294 linem

1926 1332 2211 1380 occurrent
2253 1340 2373 1394 qua:
2425 1337 2729 1394 geruntur:
2759 1328 2859 1383 hoc
2894 1330 3037 1383 enim
3071 1338 3152 1385 cst
3208 1328 3378 1383 cauda
3443 1338 3499 1382 et

1931 1411 2094 1466 linis:
2129 1414 2303 1468 omnis
2325 1414 2469 1469 enim
2496 1415 2727 1469 humana
2778 1417 3103 1473 consultatio
3161 1417 3495 1472 infructuosa

1927 1511 1983 1557 et
2010 1517 2169 1558 cuine
2197 1505 2503 1572 praesidium
2559 1506 2907 1572 imbecillum,
2952 1522 3050 1562 nec
3086 1495 3192 1562 ulla
3229 1521 3295 1562 ex
3341 1516 3495 1577 parte

1922 1594 2114 1663 juvarc
2143 1604 2339 1663 potest,
2370 1597 2414 1651 si
2464 1598 2624 1662 Deus,
2687 1606 2743 1651 ιιι
2790 1596 2923 1664 dixi,
2981 1598 3173 1653 multat
3214 1613 3279 1653 ac
3340 1613 3497 1667 paena

1927 1681 2109 1749 allicit,
2137 1700 2459 1755 manumque
2479 1688 2895 1753 omnipotentem
2915 1688 3282 1744 resilientibus
3314 1686 3495 1750 affert,

1928 1779 1984 1825 ct
2012 1774 2077 1827 ad
2105 1788 2256 1828 suam
2305 1776 2632 1831 voluntatem
2691 1792 2872 1833 rerum
2932 1786 3159 1834 naturas
3205 1779 3493 1834 convertit.

2003 2056 2165 2112 Vsus.
2202 2055 2289 2121 I6,
2334 2057 2421 2110 I7.
2475 2056 2569 2111 Die
2602 2073 2724 2111 vero
2766 2057 2861 2111 illa
2896 2069 3049 2111 erunt
3084 2058 3325 2130 Egyptii
3366 2061 3498 2115 velut

1929 2148 2172 2203 mulieres
2198 2149 2252 2201 in
2285 2149 2470 2202 timore
2489 2158 2537 2201 et
2556 2149 2610 2201 in
2641 2160 2862 2201 tremore
2879 2166 2911 2201 a
2929 2148 3064 2217 [acie
3086 2165 3272 2203 manus
3291 2150 3498 2205 Domini

1932 2238 2186 2303 Sabaoth,
2223 2256 2379 2309 quam
2402 2239 2490 2293 ille
2522 2238 2722 2306 injiciet
2755 2239 2852 2293 eis.
2884 2240 2950 2294 Et
2979 2240 3076 2295 erit
3108 2242 3248 2309 regio
3282 2240 3500 2297 Judae-

1932 2345 2045 2382 rum
2071 2327 2337 2399 zEggptiis
2366 2328 2576 2382 terrori.
2612 2326 2672 2383 Si
2701 2328 2818 2396 quis
2842 2329 3184 2383 nominaverit
3206 2343 3321 2383 eam
3349 2330 3494 2398 ipsis,

1930 2427 2265 2485 expavesceut
2294 2418 2357 2471 ob
2380 2416 2654 2471 consilium
2680 2418 2817 2486 quod
2846 2416 3066 2473 decreuit
3106 2422 3159 2473 in
3208 2419 3355 2471 illam
3396 2417 3499 2472 Do-

1920 2506 2126 2559 minus.

2002 2686 2101 2753 Qui
2138 2686 2278 2741 enim
2318 2686 2444 2740 olim
2476 2689 2709 2743 audaces
2739 2698 2795 2742 et
2836 2688 3071 2745 immites
3128 2696 3183 2743 et
3258 2688 3497 2742 omnium

1933 2777 2289 2844 periculorum
2328 2785 2729 2848 contemptores
2792 2778 3030 2843 fuerunt,
3063 2779 3261 2847 pavidi,
3297 2779 3495 2849 inquit.

1935 2878 1985 2920 et
2011 2868 2183 2942 lractp
2212 2869 2377 2923 corde
2404 2881 2583 2934 erunt,
2613 2878 2672 2923 ut
2710 2884 2739 2923 a
2764 2869 3079 2925 mulieribus
3113 2869 3501 2926 infirmissimis

1934 2958 2066 3011 nihil
2097 2958 2371 3024 differant,
2400 2962 2493 3014 sed
2527 2971 2780 3030 tanquam
2812 2960 3145 3017 muliebriter
3189 2959 3502 3017 eiIeminen-

1937 3058 2040 3101 tur.
2079 3048 2255 3105 Causa
2307 3066 2432 3105 vero
2486 3060 2658 3106 metus
2701 3060 2756 3106 et
2808 3053 3030 3106 terroris
3093 3050 3274 3119 hujus,
3307 3067 3499 3107 manus

259 3130 544 3201 Πρόφασις
566 3131 623 3184 δέ
657 3133 839 3196 αὐτοῖς
866 3134 956 3186 τοῦ
983 3133 1255 3204 δείματος,
1291 3137 1387 3187 καὶ
1416 3135 1511 3205 τῆς
1541 3136 1635 3188 ἐπὶ
1661 3135 1830 3203 τούτῳ

1935 3139 2038 3192 erit
2058 3140 2268 3201 Domini
2300 3141 2560 3208 Sabaoth,
2593 3156 2754 3210 quam
2792 3143 2905 3211 ipse
2942 3142 3149 3212 iujiciet
3176 3145 3275 3199 eis.
3314 3142 3502 3197 Manus

258 3219 476 3285 πτοίας,
511 3221 544 3291 ἡ
574 3222 695 3292 χεὶρ
722 3220 874 3274 ἐσται
899 3222 1106 3291 Κυρίου
1144 3221 1391 3286 Σαϐαὼθ,
1418 3223 1484 3293 ἢν
1519 3222 1678 3286 αὐτὸς
1711 3225 1831 3275 ἐπι-

260 3311 421 3364 σαλεῖ
450 3312 538 3364 ἐπ’
566 3313 781 3376 αὐτούς.
822 3313 991 3383 Χεῖρα
1019 3313 1075 3367 δὲ
1110 3314 1313 3386 Κυρίου
1352 3314 1578 3367 Σαϐαὼθ
1622 3315 1679 3367 ἐν
1711 3314 1833 3367 τού·

256 3418 376 3465 τοις
428 3402 490 3456 τὸ
538 3404 808 3467 παναλκές
863 3404 1075 3476 θέλημα
1122 3405 1216 3458 τοῦ
1248 3405 1382 3460 Θεοῦ
1428 3405 1718 3475 διορίζεται
1764 3409 1831 3478 τῇ

269 3494 560 3563 Ῥωμαίων
604 3494 849 3565 βασιλείᾳ
878 3496 937 3547 τὸ
983 3495 1090 3549 τῶν
1134 3495 1443 3563 Αἰγυπτίων
1477 3495 1834 3565 ὑποφέροντος

258 3583 435 3646 ἔθνος.
458 3584 703 3658 ’Ᾱμαχος
726 3584 781 3637 δέ
823 3584 1098 3647 παντελῶς
1126 3586 1179 3655 ὴ.
1200 3583 1321 3639 θεία
1356 3585 1519 3656 βουλὴ
1540 3624 1555 3648 ,
1597 3586 1692 3638 καὶ
1722 3590 1835 3652 τοῖς

255 3674 360 3743 τῆς
392 3674 649 3729 ἀνωτάτω
676 3674 886 3744 φύσεως
931 3677 1210 3745 σκέμμασι
1234 3676 1295 3728 τὸ
1324 3676 1511 3730 δοκοῦν
1542 3678 1692 3731 πᾶσά
1720 3694 1835 3742 πως

258 3765 479 3834 ἀνάγκη
534 3764 988 3836 διαπεραίνεσθαι.
1028 3766 1220 3819 Ἔσται
1267 3765 1324 3818 δὲ
1370 3766 1505 3836 πρὸς
1555 3766 1763 3831 τούτοις
1800 3768 1834 3838 ἡ

257 3854 417 3926 χώρα
443 3854 551 3908 τῶν
590 3855 857 3909 Ἰουδαίων
898 3858 1010 3920 τοῖς
1042 3856 1356 3924 Αἰγυπτίοις
1407 3858 1486 3920 εἰς
1526 3857 1793 3929 φόϐητρον
1817 3875 1831 3889 ο

260 3946 359 3999 καὶ
398 3946 449 3998 τί
480 3946 547 4017 δὴ
575 3946 683 4017 ἀρα
713 3947 875 4017 φησὶν
913 3947 972 3999 ἐν
1018 3946 1243 4010 τούτοις,
1280 3947 1510 4018 εἴδωμεν
1551 3949 1792 4020 ἀκριϐῶς
1816 3963 1829 3977 ·

260 4034 474 4102 ἀσαφὲς
504 4033 611 4105 γάρ
637 4034 755 4087 λίαν
779 4033 837 4088 τὸ
858 4034 1204 4106 δηλούμενον.
1234 4036 1441 4089 Οὐκοῦν
1477 4036 1707 4102 ἐσώζετο
1736 4038 1835 4109 μὲν

262 4124 436 4178 πάλαι
454 4124 562 4179 τῶν
577 4126 843 4181 Ἰουδαίων
872 4129 906 4199 ἡ
933 4127 1083 4198 χώρα
1110 4126 1538 4199 προασπίζοντος
1562 4127 1718 4194 Θεοῦ,
1740 4130 1835 4182 καὶ

258 4215 763 4285 δυσκαταγώνιστον
801 4217 970 4288 αὐτὴν
1017 4218 1409 4287 ἀποφαίνοντος
1458 4217 1719 4282 ἀπάσαις,
1758 4219 1835 4275 ὡς

259 4310 397 4373 ἔπος
447 4310 618 4362 εἰπεῖν
640 4350 656 4375 ,
690 4311 809 4371 ταῖς
838 4311 895 4362 ἐν
947 4308 1129 4380 κύκλῳ
1161 4307 1456 4378 βασιλείαις
1493 4307 1601 4360 τῶν
1643 4306 1830 4360 ἐθνῶν.

274 4399 439 4455 ama
472 4399 644 4453 καίτοι
669 4398 918 4451 τοσοῦτον
939 4398 1136 4469 ἔχουσα
1164 4397 1253 4451 τὸν
1282 4397 1591 4468 ἐπίκουρον,
1608 4396 1722 4468 ἥλω
1745 4396 1836 4448 καὶ

1937 3231 2143 3285 Domini
2168 3230 2404 3287 Sabaoth
2436 3234 2525 3289 hic
2554 3234 2811 3290 delinitur
2852 3249 2971 3290 esse
3015 3235 3358 3304 omnipotens
3406 3250 3503 3291 vo-

1937 3320 2113 3376 luntas
2143 3322 2257 3386 Dei,
2284 3323 2659 3394 Egyptiacam
2691 3332 2902 3393 gentem
2938 3325 3303 3380 Romanorum
3336 3340 3503 3395 regno

1934 3412 2240 3482 subjiciens.
2278 3414 2539 3469 Invictum
2571 3424 2655 3470 est
2686 3415 2924 3470 divinum
2951 3416 3326 3493 consilium,et
3358 3416 3502 3483 quod

1934 3518 2197 3573 supremae
2224 3516 2431 3560 naturae
2458 3506 2743 3575 placuerit,
2785 3522 3008 3576 prorsus
3036 3506 3228 3561 conﬁci
3277 3520 3503 3561 necesse

1934 3603 2036 3649 est.
2054 3592 2171 3649 Erit
2203 3606 2459 3664 praeterea
2481 3598 2628 3666 regio
2644 3595 2948 3652 Judmorum
2982 3597 3174 3652 terrori
3207 3594 3499 3665 Egyptiis.

1934 3684 2071 3750 Quid
2131 3696 2309 3742 autem
2363 3687 2449 3742 hic
2502 3688 2667 3754 dicat,
2724 3688 3128 3742 consideremus
3182 3686 3501 3755 diligenter;

1936 3774 2092 3830 valde
2120 3775 2261 3828 enim
2301 3777 2589 3831 obscurum
2612 3786 2693 3831 est
2717 3779 2858 3846 quod
2898 3776 3117 3831 dicitur.
3151 3774 3336 3844 Itaque
3365 3790 3499 3829 con-

1935 3870 2149 3916 servata
2203 3864 2417 3933 quidem
2452 3865 2578 3919 olim
2610 3873 2696 3918 est
2745 3862 3053 3917 Judaeorum
3099 3864 3265 3932 regio,
3301 3878 3497 3933 propu-

1934 3963 2133 4022 guante
2160 3955 2374 4017 Deo,ita
2407 3965 2462 4009 ut
2488 3954 2725 4020 nulla,ut
2746 3954 2819 4008 ita
2843 3955 3041 4018 dicam,
3067 3967 3228 4021 regna
3257 3954 3497 4020 gentium

1934 4057 2053 4112 qua:
2087 4043 2438 4097 circumcirca
2474 4050 2618 4107 sunt,
2664 4054 2972 4110 expugnare
3002 4040 3287 4109 potuerint.
3326 4038 3498 4093 Caete-

1937 4142 2054 4182 rum
2084 4127 2211 4184 licet
2247 4138 2451 4182 tantum
2488 4128 2711 4184 haberet
2744 4128 3151 4198 opitulatorem,
3199 4136 3351 4199 capta
3396 4135 3498 4189 est,

1934 4228 1986 4271 et
2015 4218 2271 4273 Romanis
2300 4218 2568 4286 subjecta,
2606 4228 2659 4273 et
2707 4234 2896 4274 onmes
2949 4219 3109 4281 urbes
3163 4219 3418 4281 incensw,
3447 4225 3501 4269 et

1936 4310 2126 4364 domus
2160 4310 2313 4380 juxta
2369 4325 2433 4365 ac
2462 4310 2567 4365 vici
2623 4311 2753 4365 viris
2802 4312 2958 4365 vacui
3010 4317 3404 4363 remanserunt.
3438 4306 3503 4360 Et

1934 4414 2056 4467 quae
2109 4401 2323 4454 tandem
2384 4414 2543 4455 causa
2594 4400 2695 4455 fuit
2724 4410 2781 4455 ut
2824 4401 3177 4469 caperentur?
3202 4399 3499 4455 Consilium

257 4495 484 4563 γέγονεν
530 4491 633 4544 ὑπὸ
662 4489 969 4559 Ῥωμαίοις,
1004 4490 1096 4542 καὶ
1137 4489 1517 4559 ἐμπέπρησται
1560 4487 1657 4557 μὲν
1688 4488 1830 4540 πᾶσα

1940 4488 2192 4541 nimirum
2231 4490 2374 4557 quod
2398 4499 2586 4543 contra
2613 4489 2757 4542 illam
2787 4489 2952 4558 292
2971 4490 3205 4543 decrevit
3223 4488 3494 4541 Dominus.

256 4585 436 4649 πόλις,
462 4581 742 4653 κένανδροι
766 4581 822 4635 δὲ
855 4581 1227 4653 μεμενήκασιν
1251 4575 1388 4633 οἶκοί
1415 4597 1473 4632 τε
1502 4580 1595 4633 καὶ
1626 4578 1829 4650 κῶμαι.

258 4678 371 4730 Καὶ
402 4674 533 4728 ποία
560 4674 779 4742 γέγονεν
810 4674 991 4738 αὐτοῖς
1011 4675 1045 4744 ἡ
1078 4672 1171 4726 τοῦ
1195 4672 1394 4726 ἀλῶναι
1434 4672 1737 4741 πρόφασις;
1767 4671 1831 4724 'II

258 4766 426 4838 βουλὴ
456 4765 697 4835 δηλονότι
720 4764 1031 4836 Κυρίου,ἢν
1058 4766 1150 4818 καὶ
1176 4765 1263 4817 ἐπ’
1294 4764 1429 4834 αὐτῇ
1463 4762 1829 4833 βεόούλευται.

259 4856 633 4928 Παραδέδοται
681 4855 789 4926 γὰρ
844 4855 939 4909 καὶ
985 4855 1122 4927 αὐτὴ
1172 4858 1292 4918 ταῖς
1340 4856 1525 4919 ἄλλαις
1573 4854 1707 4925 ὁμοῦ
1762 4858 1828 4927 τῇ

268 4948 563 5019 Ῥωμαίων
623 4946 1055 5018 πανσθενεστάτῃ
1111 4946 1272 5017 χειρί.
1312 4947 1503 4999 Ἔσται
1562 4946 1739 4999 τοίνυν
1798 4947 1831 5014 ὴ

255 5040 415 5111 χώρα
443 5038 552 5093 τῶν
579 5038 846 5093 Ἰουδαίων
868 5041 980 5102 τοῖς
1012 5038 1327 5106 Αἰγυπτίοις
1357 5040 1435 5102 είς
1460 5038 1747 5107 φόϐητρον.
1770 5039 1832 5091 υί

258 5130 363 5200 μὲν
413 5130 522 5200 γὰρ
575 5128 683 5181 τῶν
724 5127 1137 5198 ψευδομάντεων
1183 5128 1337 5196 λόγος
1394 5127 1832 5198 παραθαρσύνειν

257 5215 475 5286 ἧθελον,
506 5217 587 5269 ὅτι
623 5215 717 5268 καὶ
759 5214 1012 5284 ἀμείνους
1057 5214 1264 5268 ἔσονται
1294 5216 1391 5284 τῆς
1424 5215 1530 5268 τῶν
1573 5217 1832 5269 ἐπιόντων

258 5311 477 5382 χειρὸς,
534 5309 629 5362 καὶ
680 5309 1045 5380 κρατήσουσιν
1097 5309 1502 5378 ἀντεξάγοντες.
1542 5311 1616 5363 Τὸ
1663 5311 1719 5363 δὲ
1767 5311 1830 5381 δὴ

259 5397 657 5471 παραδεδόσθαι
686 5400 779 5451 καὶ
824 5399 991 5469 αὐτὴν
1033 5400 1214 5462 αὐτοῖς
1272 5402 1371 5471 τὴν
1418 5400 1525 5452 τῶν
1568 5400 1831 5454 Ἰουδαίων

260 5490 467 5562 χώραν,
500 5490 674 5544 καίτοι
702 5490 833 5543 Θεὸν
863 5491 1090 5561 ἔχουσαν
1116 5491 1205 5543 τὸν
1244 5492 1345 5543 ύπε
1357 5490 1654 5559 ραθλοῦντά
1678 5508 1828 5551 ποτε,

265 5583 542 5637 πάνδεινον
562 5582 741 5645 αὐτοῖς
762 5582 985 5635 ἐνετίθει
1014 5583 1073 5635 τὸ
1088 5583 1266 5652 δεῖμα.
1290 5582 1702 5654 Προσεδόκησαν
1727 5582 1833 5650 γὰρ

263 5682 379 5725 εντε
388 5671 531 5733 ῦθεν,
545 5672 715 5741 πάντη
728 5688 783 5724 τε
802 5673 892 5725 καὶ
905 5673 1117 5736 παντως
1128 5675 1236 5736 τοῖς
1252 5672 1552 5743 καταδηοῦν
1565 5673 1833 5726 ἐθέλουσιν

264 5762 606 5828 ὑποκεῖσθαι,
650 5762 927 5835 παθούσης
962 5764 1120 5819 τοῦτο
1151 5766 1244 5821 καὶ
1284 5766 1379 5836 τῆς
1414 5764 1676 5819 Ἰουδαίων
1706 5762 1829 5834 γῆς,

1936 4578 2153 4633 Tradita
2193 4578 2336 4634 enim
2373 4589 2457 4633 est
2486 4589 2541 4633 et
2572 4594 2634 4633 ea
2670 4595 2773 4633 una
2805 4595 2925 4634 cum
2960 4579 3078 4632 aliis
3135 4580 3496 4631 Romanorum

1934 4670 2113 4724 manui
2167 4669 2569 4739 potentissimae.
2637 4669 2749 4723 Erit
2808 4683 2936 4738 ergo
2982 4668 3129 4738 regio
3182 4666 3494 4723 Judtenrum

1934 4760 2205 4832 Egyptiis
2240 4759 2456 4815 terrori.
2478 4759 2619 4816 Falsi
2644 4760 2785 4815 enim
2813 4770 2983 4826 vates,
3019 4759 3131 4815 suis
3165 4758 3343 4814 verbis
3374 4760 3496 4813 ani-

1935 4867 2078 4906 mum
2110 4850 2305 4906 addere
2331 4850 2435 4905 illis
2467 4850 2927 4921 voluerunt,quod
2954 4863 3010 4905 et
3042 4865 3204 4903 manu
3240 4849 3496 4905 invaden-

1937 4946 2066 5002 tium
2097 4946 2423 5000 robustiores
2448 4956 2648 5009 essent,
2676 4952 2749 5009 et,
2781 4946 2823 4999 si
2853 4952 3184 5013 opponerent
3223 4957 3304 5006 se,
3337 4958 3494 5011 supeo

1935 5045 2137 5091 rarent.
2167 5033 2366 5088 Verum
2408 5050 2529 5089 cum
2584 5034 2696 5103 ipsa
2726 5033 2945 5088 Judaica
3002 5031 3149 5101 regio
3182 5034 3341 5085 etiam
3371 5045 3491 5099 quas

1935 5127 2100 5180 Deum
2127 5123 2385 5180 victorem
2435 5124 2563 5179 olim
2615 5123 2866 5187 habebat,
2901 5123 3004 5177 illis
3033 5122 3226 5176 tradita
3266 5123 3357 5186 sit,
3390 5124 3491 5178 hoc

1934 5214 2311 5284 gravissimum
2355 5215 2601 5268 timorem
2654 5212 2785 5281 ipsis
2836 5212 3041 5279 injecit.
3104 5213 3493 5282 Exspectarqu

1932 5308 2074 5360 enim
2110 5306 2235 5360 inde
2265 5320 2500 5375 semper,
2531 5314 2589 5357 ut
2622 5304 2951 5374 quibuslibet
2995 5305 3330 5375 populaturis
3366 5304 3494 5359 sub-

1927 5399 2246 5469 jicerentur,
2274 5412 2418 5460 cum,
2440 5397 2646 5460 utdixi,
2671 5396 2908 5453 Judaicae
2939 5408 3097 5453 teme
3127 5399 3230 5453 hoc
3262 5395 3489 5451 accidis-

1933 5498 2016 5543 set
2050 5506 2064 5542 :
2095 5503 2197 5541 non
2228 5487 2366 5556 quod
2396 5488 2439 5541 is
2468 5487 2782 5556 quiserval,
2806 5488 3032 5563 debilior
3055 5496 3217 5551 esset,
3238 5484 3329 5539 sed
3348 5482 3489 5551 quod

1934 5595 2033 5635 suo
2083 5594 2200 5633 eam
2240 5578 2530 5647 subiiceret
2561 5578 2738 5645 nutui,
2774 5590 2828 5634 et
2851 5578 3213 5633 Romanorum
3266 5574 3490 5643 sceptris

1933 5672 2297 5728 submitteret.
2328 5669 2459 5725 Aliis
2488 5670 2665 5741 placet
2701 5674 2864 5727 etiam
2894 5673 3047 5726 aliter
3068 5672 3167 5723 hoc
3194 5666 3334 5736 quod
3362 5680 3489 5735 pro-

1934 5765 2149 5833 ponitur
2173 5762 2494 5834 intelligerc.
2524 5762 2811 5834 Postquam
2841 5766 2983 5819 cnim
3027 5760 3265 5815 visitavit
3288 5757 3340 5813 in
3370 5758 3488 5814 uni-
