4110 6510
706 390 809 445 ἂθἹ

1688 386 1745 447 S.
1785 391 2056 449 CYRILLI
2097 390 2566 449 ALEXANDRINI
2600 388 2928 449 ARCHIEP.

3788 398 3865 460 ιιι

704 518 921 559 versum
957 502 1257 574 Egyptios,
1284 510 1336 558 et
1362 518 1391 556 a
1417 504 1653 561 tenebris
1688 505 1743 561 in
1783 505 1957 561 lucem
1995 507 2269 562 transtulit
2297 512 2327 569 Α

2241 518 2269 560 ιι
2297 512 2344 569 Α
2369 506 2446 570 ώς
2464 506 2620 576 ἔφην,
2640 508 2739 559 οὐκ
2760 505 3118 576 ἠσθενηκότας
3146 502 3240 557 τοῦ
3268 503 3623 569 διασώζοντος,
3639 506 3734 561 ἀλλ’
3755 511 3864 578 ίδῖοίς

690 593 1073 649 universitatis
1121 593 1283 659 Deus,
1314 603 1370 648 et
1398 610 1428 649 a
1459 595 1563 649 ritu
1622 595 1963 652 idololatrico
2010 598 2270 663 traduxit,

701 682 956 751 deditque
988 693 1044 738 ut
1086 684 1152 739 de
1204 694 1399 739 czelero
1430 676 1966 755 cognosceréntquis
2003 695 2151 742 esset
2178 704 2273 741 na-

702 785 817 828 tura
848 790 911 830 ac
938 791 1066 831 vere
1088 776 1252 844 Deus,
1275 793 1338 833 ac
1383 779 1754 834 universitatis
1795 778 2094 834 fabricator
2127 780 2270 851 (creo

697 866 950 921 diderunt
996 867 1226 923 enimriu
1253 869 1551 935 Christum,
1583 878 1636 926 et
1671 885 1766 938 per
1793 869 1943 925 illum
1971 879 2027 927 et
2077 871 2128 925 in
2179 870 2271 926 illo

699 966 964 1012 noverunt
994 973 1212 1028 quoque
1230 957 1473 1029 Patrem)
1488 960 1612 1015 hinc
1648 961 1748 1026 ait,
1780 971 1999 1031 propter
2018 977 2266 1031 magnam

695 1048 937 1115 ipsorum
980 1052 1303 1120 probitatem
1340 1061 1392 1106 et
1420 1052 1758 1123 religionem,
1798 1053 1926 1122 ipsis
1947 1052 2064 1108 fore
2094 1054 2268 1123 regio-

698 1152 821 1192 nem
888 1140 1194 1197 Judaorum
1234 1145 1449 1199 terrori.
1483 1143 1697 1198 Terrori
1733 1153 1911 1199 autem
1946 1159 2069 1198 cum
2116 1144 2263 1210 dicit,

696 1237 901 1283 metum
935 1245 1004 1285 ex
1032 1232 1233 1301 pietate
1263 1233 1528 1303 intelliges
1565 1235 1887 1304 proiectum.
1912 1232 2263 1288 Coluutenim

693 1332 884 1375 omnes
912 1322 1299 1395 Hierosolyma,
1333 1341 1399 1381 eo
1430 1326 1571 1396 quod
1598 1326 1672 1382 ibi
1704 1334 1861 1381 natus
1906 1325 2066 1379 fuerit
2107 1325 2263 1379 Chri-

693 1418 834 1476 stus,
865 1421 921 1466 et
949 1428 1162 1469 crucem
1208 1432 1306 1486 pro
1358 1418 1541 1472 mundi
1569 1416 1742 1472 salute
1770 1415 2073 1487 pertulerit,
2099 1425 2152 1469 et
2210 1416 2261 1468 in

692 1515 1041 1561 monumento
1071 1509 1295 1576 positus,
1324 1510 1500 1564 denuo
1526 1509 1805 1569 revixerit.
1843 1509 2018 1578 adque
2046 1507 2260 1563 Patrem

691 1592 991 1661 migrarit.
1023 1596 1159 1652 Olim
1204 1599 1400 1669 quippe
1424 1598 1800 1671 Egyptiorum
1843 1601 1968 1654 odio
2018 1599 2262 1670 ﬂagravit

688 1680 994 1740 Judaeorum
1053 1690 1223 1759 regio,
1245 1701 1361 1743 erat
1389 1692 1534 1746 enim
1568 1706 1813 1761 pugnans
1839 1701 1894 1745 et
1940 1691 2260 1759 discrepans

686 1786 874 1829 eorum
901 1777 1109 1848 religio.
1142 1780 1228 1835 illi
1254 1782 1399 1836 enim
1430 1792 1739 1837 creaturam
1761 1792 1816 1836 et
1844 1796 2007 1851 opera
2040 1796 2257 1835 suarum

2374 598 2469 652 καὶ
2504 598 2673 668 αὐτὴν
2706 596 3046 659 ὑποτιθέντος
3075 594 3357 665 νεύμασιν,
3398 595 3487 647 καὶ
3518 597 3621 659 τοῖς
3642 598 3867 669 Ῥωμαίων

2375 691 2674 760 σκήπτροις
2699 688 3021 756 ὑπάγοντος.
3050 689 3207 740 Δοκεῖ
3233 686 3290 739 δέ
3312 702 3419 739 τισι
3459 686 3545 739 καὶ
3572 687 3744 757 ἑτέρως
3763 695 3867 747 νοεῖν

2369 783 2431 836 τὸ
2457 781 2833 853 προκείμενον.
2865 778 3083 850 Ἐπειδὴ
3116 779 3225 849 γὰρ
3256 778 3391 842 ὅλως
3435 778 3740 848 ἐπεσκέψατο
3773 784 3867 847 τοὺς

2369 874 2722 942 Αίγυπτίους,
2757 872 2853 926 καὶ
2895 871 3253 941 μετεκόμισεν
3283 871 3347 922 ἐκ
3396 870 3607 932 σκότους
3641 872 3708 932 είς
3738 872 3866 939 φῶςό

2369 966 2476 1021 τῶν
2513 966 2648 1019 ὅλων
2678 964 2831 1028 Θεὸς,
2874 965 2967 1017 καὶ
3002 962 3278 1032 ἀπέστησε
3323 960 3420 1030 μὲν
3443 960 3540 1030 τῆς
3566 959 3663 1013 τῶν
3701 962 3865 1017 εἰδωλο-

2369 1055 2627 1126 λατρείας
2659 1055 2820 1119 ἐθῶν,
2854 1054 3154 1124 δεδώρηται
3191 1052 3249 1106 δὲ
3284 1051 3347 1104 τὸ
3381 1050 3574 1104 εἰδέναι
3612 1050 3783 1116 λοιπὸν,
3805 1056 3866 1118 τίς

2366 1150 2395 1201 ό
2426 1146 2586 1216 φύσει
2630 1147 2724 1200 καὶ
2768 1145 2985 1216 ἀληθῶς
3023 1147 3139 1198 ἐστι
3167 1144 3320 1207 Θεὸς,
3365 1142 3459 1197 καὶ
3504 1141 3604 1195 τῶν
3649 1142 3763 1195 ὅλων
3796 1142 3865 1214 δη.

2368 1239 2645 1310 μιουργός.
2678 1238 3080 1291 Πεπιστεύκασι
3124 1237 3234 1307 γὰρ
3263 1238 3344 1300 είς
3376 1234 3629 1307 Χριστόνο
3654 1235 3866 1301 ἐγνώκασι

2362 1329 2420 1382 δὲ
2449 1328 2516 1382 δι’
2549 1326 2716 1381 αὑτοῦ
2755 1343 2814 1380 τε
2846 1327 2939 1381 καὶ
2961 1329 3019 1380 ἐν
3051 1325 3200 1398 αὐτῷ
3226 1326 3318 1379 τὸν
3355 1324 3587 1396 Πατέρα.
3607 1322 3767 1394 Ταύτῃ
3789 1339 3864 1384 τοι.

2363 1420 2548 1489 φησὶν,
2585 1419 2649 1471 ἐκ
2679 1417 2882 1488 πολλῆς
2927 1417 3068 1485 ἄγαν
3088 1414 3386 1479 ἐπιεικείας
3419 1430 3479 1467 τε
3504 1412 3595 1467 καὶ
3622 1412 3864 1475 εὐλαϐείας,

2362 1509 2514 1562 ἔσται
2548 1509 2730 1571 αὐτοῖς
2759 1510 2792 1579 ἡ
2815 1507 2967 1579 χώρα
2995 1509 3105 1562 τῶν
3132 1506 3398 1561 Ἰουδαίων
3426 1507 3503 1569 είς
3535 1502 3788 1574 φόϐητρον.
3813 1503 3867 1554 Τὸ

2360 1601 2419 1654 δὲ
2446 1602 2526 1665 είς
2566 1602 2837 1673 φόϐητρόν
2859 1604 2986 1655 ὅταν
3015 1601 3171 1671 λέγῃ,
3201 1600 3416 1670 νοήσεις
3444 1598 3531 1651 τὸν
3559 1598 3617 1649 ἐκ
3639 1595 3727 1663 τῆς
3748 1594 3867 1646 rdie-

2361 1691 2513 1755 δείας
2543 1691 2726 1760 φόϐον.
2767 1691 2982 1762 Τιμῶσι
3033 1690 3144 1762 γὰρ
3185 1690 3421 1753 ἅπαντες
3464 1687 3529 1741 τὰ
3563 1683 3866 1755 Ἰεροσόλυμα,

2359 1781 2449 1836 διά
2472 1798 2556 1835 τοι
2581 1780 2643 1835 τὸ
2676 1783 2855 1836 ἐκεῖσε
2881 1781 3132 1851 γενέσθαι
3163 1781 3417 1850 Χριστὸν,
3448 1779 3541 1833 καὶ
3564 1777 3649 1830 τὸν
3668 1776 3868 1846 strip-ri};

685 1881 944 1923 manuum
973 1872 1331 1927 adoraverunt
1357 1891 1371 1940 ;
1398 1873 1451 1928 bi
1471 1888 1600 1928 vero
1632 1872 1978 1929 sanctissimo
2009 1873 2118 1927 Deo
2140 1888 2253 1927 ser-
2284 1856 2308 1915 1

2242 1900 2253 1912 ·
2284 1856 2329 1915 Β
2356 1872 2449 1927 τοῦ
2482 1873 2687 1944 κόσμου
2724 1874 2994 1945 σωτηρίας
3016 1873 3309 1943 ἀνατλῆναι
3346 1868 3595 1939 σταυρὸν,
3617 1864 3804 1935 τεθῆναί
3824 1878 3865 1914 τε

684 1955 919 2024 vierunt,
950 1969 1006 2015 et
1053 1960 1261 2031 legibus
1293 1963 1408 2032 ejus
1436 1963 1743 2033 gubernati,
1774 1963 2004 2020 sincerze
2031 1977 2255 2019 conver-

2242 1993 2255 2004 -
2359 1966 2452 2019 ἐπὶ
2487 1966 2788 2035 μνήματος,
2826 1964 3123 2019 ἀναϐιῶναί
3147 1980 3205 2016 τε
3248 1955 3337 2028 αὖ,
3371 1960 3464 2013 καὶ
3498 1956 3738 2026 ἀναϐῆναι
3766 1953 3865 2024 πρὸς

696 2048 927 2105 sationis
956 2051 1257 2110 imitatores
1276 2055 1624 2111 exstiterunt.
1642 2054 1766 2109 ιιωε
1793 2056 1955 2126 igitur
1980 2055 2250 2125 quondam

2242 2071 2250 2108 I
2354 2056 2446 2109 τὸν
2492 2056 2734 2127 Πατέρα.
2782 2055 2960 2109 Πάλαι
3018 2056 3115 2125 μὲν
3166 2052 3260 2109 οῦν
3300 2052 3565 2126 μεμίσητο
3608 2048 3740 2118 παρά
3784 2049 3865 2106 7074

682 2140 857 2195 invisa
888 2144 1061 2211 regio,
1082 2154 1259 2201 terror
1287 2145 1449 2202 veluti
1486 2148 1725 2217 quidam,
1753 2157 1809 2204 et
1844 2148 2122 2217 religionis
2149 2148 2252 2201 erit

2240 2158 2252 2201 L
2355 2144 2673 2213 Αἰγυπτίοις
2691 2144 2800 2198 τῶν
2826 2145 3093 2198 Ἰουδαίων
3122 2146 3156 2215 ἠ
3179 2143 3335 2215 χώρα
3354 2160 3371 2176 ο
3400 2143 3493 2196 καὶ
3524 2139 3626 2210 γὰρ
3644 2133 3704 2208 ἦν
3735 2134 3863 2207 μαχόε

680 2246 844 2288 causa
878 2242 938 2289 et
962 2237 1208 2303 materia,
1234 2248 1519 2309 propterea
1543 2241 1685 2310 quod
1717 2240 1770 2295 in
1798 2254 1861 2295 ea
1879 2239 2127 2296 Christus
2152 2254 2249 2292 na-

2243 2268 2249 2279 ι
2358 2252 2520 2307 μενος
2552 2236 2736 2301 αὐτοῖς
2786 2236 2885 2307 τῆς
2914 2235 3211 2307 Θρησκείας
3249 2238 3278 2289 ὁ
3327 2235 3548 2307 τρόπος.
3576 2232 3637 2284 0i
3683 2228 3765 2299 μὲν
3786 2227 3866 2295 γὰρ

681 2331 768 2377 tus
800 2322 984 2395 fuerit,
1015 2337 1074 2382 ut
1095 2328 1227 2395 dixi,
1255 2332 1348 2400 qui
1376 2346 1440 2386 ex
1468 2332 1704 2388 tenebris
1734 2347 1828 2388 eos
1851 2331 1917 2387 ad
1946 2331 2249 2387 mirabilem

2241 2347 2249 2385 ι
2357 2328 2726 2399 προσεκύνουν
2758 2332 2824 2400 τῇ
2863 2329 3061 2393 κτίσει,
3098 2329 3193 2383 καὶ
3236 2330 3350 2393 τοῖς
3401 2327 3578 2397 ἔργοις
3616 2322 3714 2377 τῶν
3757 2319 3864 2373 ἰδίων

680 2413 855 2484 ipsius
879 2417 1048 2476 lucem
1084 2423 1316 2477 vocavit.

2356 2419 2588 2490 χειρῶν⁹
2619 2422 2668 2473 οῖ
2713 2419 2771 2473 δέ
2806 2418 3198 2490 λελατρεύκασι
3240 2418 3317 2490 τῷ
3356 2415 3602 2483 παναγίῳ
3642 2410 3761 2481 Θεῷ,
3796 2408 3864 2460 καὶ

674 2512 789 2574 τοῖς
842 2513 972 2584 παρ’
1015 2514 1180 2567 αὐτοῦ
1226 2514 1584 2585 διοικούμενοι
1610 2516 1833 2587 Νόμοις,
1904 2516 2006 2586 τῆς
2052 2511 2284 2583 εύαγοῦς
2344 2510 2619 2573 πολιτείας
2655 2510 2942 2579 γεγόνασιν
2984 2508 3331 2580 ἐπιμεληταί.
3386 2507 3451 2560 Ἦ
3481 2503 3648 2558 τοίνυν
3682 2514 3865 2571 μεμιση-

677 2605 812 2676 μένη
845 2608 998 2679 χώρα
1040 2610 1190 2675 ποτέ,
1225 2611 1494 2683 φόϐητρον
1525 2612 1712 2683 ὥσπερ
1743 2630 1796 2665 τι
1826 2612 1921 2666 καὶ
1965 2609 2252 2671 εὐλαδείας
2317 2606 2504 2669 αὐτοῖς
2547 2604 2803 2668 ὑπόθεσις
2848 2603 3023 2671 ἔσται,
3086 2603 3257 2657 διάτοι
3301 2601 3364 2655 τὸ
3409 2602 3467 2653 ἐν
3497 2599 3627 2668 αὐτῇ
3666 2592 3865 2664 γενέσθαι

673 2701 929 2771 Χριστὸν,
956 2702 1031 2766 ώς
1063 2702 1220 2775 ἔφην,
1244 2705 1337 2759 τὸν
1360 2707 1423 2758 ἐκ
1463 2708 1685 2771 σκότους
1708 2706 1905 2770 αὐτοὺς
1934 2706 2238 2760 καλέσαντα
2278 2701 2417 2771 πρὸς
2439 2699 2499 2754 τὸ
2528 2699 2842 2771 θαυμαστὸν
2871 2700 3037 2755 αὑτοῦ
3074 2703 3208 2771 φῶς-

748 2790 910 2847 νειιε.
944 2794 1031 2848 l8.
1067 2794 1274 2850 Dieilla
1310 2798 1536 2867 quinque
1565 2799 1798 2853 civitates
1837 2800 1891 2852 in
1919 2797 2247 2869 AS‘gyplolo-

668 2894 896 2951 quentnr
913 2884 1093 2953 lingua
1112 2885 1436 2954 Clmnamea,
1455 2901 1499 2941 et
1510 2888 1769 2958 jurubunt
1786 2891 1990 2943 nomine
2011 2888 2240 2942 Domini.

669 2974 863 3029 Civitas
898 2977 1090 3032 Asedec
1116 2979 1385 3033 vocabitur
1410 2996 1515 3033 una
1542 2981 1749 3035 civitas.

738 3152 923 3207 Mirari
959 3155 1083 3223 quis
1116 3156 1313 3224 poterit
1362 3159 1416 3211 in
1460 3156 1568 3222 itis,
1601 3166 1657 3212 et
1692 3156 1845 3213 valde
1871 3158 2087 3227 quidem
2137 3171 2241 3211 me-

668 3244 797 3309 rito,
824 3254 1069 3315 argutam
1100 3254 1155 3299 et
1192 3246 1518 3315 exquisitam
1541 3248 1682 3303 beati
1732 3249 2011 3319 prophetae
2043 3257 2242 3303 tracta-

669 3340 895 3401 tionem,
926 3337 1019 3405 qui
1069 3336 1230 3407 293
1261 3352 1448 3393 eorum
1500 3352 1723 3407 prorsus
1767 3339 1900 3393 nihil
1954 3339 2238 3409 ignoravit,

668 3441 789 3495 quae
838 3428 1044 3498 regioni
1073 3429 1447 3499 Egyptiorum
1490 3429 1756 3485 adventus
1789 3437 2033 3500 tempore
2058 3442 2241 3488 essent

668 3517 853 3571 futura
887 3517 1016 3588 :qui
1050 3527 1105 3573 et
1158 3518 1429 3587 sigillatim
1478 3520 1722 3590 praedicit
1754 3521 2126 3590 particular-ia,
2184 3530 2238 3577 et

668 3607 943 3675 quomodo
997 3608 1306 3678 evangelica
1362 3609 1674 3677 praedicatio
1738 3619 1989 3680 suscepta
2051 3608 2237 3678 fuerit,

667 3699 817 3753 clare
854 3699 1089 3753 disserit.
1130 3698 1460 3769 Loquentur,
1501 3700 1696 3771 inquit,
1718 3702 1958 3773 quinque
1989 3702 2238 3757 civitates

667 3792 723 3845 in
756 3789 993 3862 Egypto
1036 3791 1215 3865 lingua
1260 3790 1583 3858 Chananzea,
1630 3792 1682 3847 id
1717 3801 1819 3859 est,
1858 3792 2118 3864 Syrorum
2155 3792 2239 3849 vel

666 3880 1094 3935 l’alwstinorum.
1123 3880 1237 3936 Una
1258 3881 1400 3936 enim
1426 3882 1603 3952 lingua
1634 3882 1929 3950 loquuntur
1949 3882 2238 3938 Phoenices

663 3981 717 4025 ct
746 3971 1034 4027 Palaestini.
1073 3973 1212 4027 Sunt
1263 3984 1439 4028 autem
1480 3974 1799 4029 contermini
1835 3974 2046 4044 sibique
2108 3975 2238 4043 ipsis

665 4064 902 4133 contigui
939 4064 1209 4119 Palmstiui
1263 4075 1318 4120 et
1372 4066 1633 4136 .‘Egyptii,
1668 4080 1767 4120 nec
1810 4066 2104 4136 quidquam
2156 4076 2239 4121 est

664 4156 1071 4223 intermedium,
1091 4156 1182 4212 sed
1219 4157 1402 4211 statim
1425 4159 1477 4212 iu
1506 4158 1762 4212 extremis
1790 4157 1988 4213 ﬁnibus
2018 4155 2235 4229 IEgypti

663 4261 784 4314 quae
810 4249 876 4299 ad
904 4245 1167 4300 orientem
1202 4256 1259 4301 et
1290 4249 1355 4301 ad
1398 4261 1547 4301 mare
1595 4256 1824 4317 spectat,
1857 4248 2101 4318 inquam,
2133 4246 2237 4302 Pa-

663 4336 884 4391 laestinae
926 4347 1080 4393 terra:
1116 4338 1273 4408 primi
1293 4338 1546 4393 introitus
1583 4346 1637 4393 et
1662 4342 1815 4407 quasi
1843 4338 2029 4394 fauces
2065 4355 2233 4410 appa-

665 4437 801 4482 rent.
854 4427 1097 4484 Coulinis
1154 4430 1318 4500 igitur
1376 4429 1629 4485 Chanaan
1662 4429 1928 4502 Egyptus
1956 4448 1969 4485 :
1999 4432 2225 4502 ideoque

2428 2791 2509 2860 Τῇ
2539 2792 2728 2862 ἡμέρᾳ
2759 2793 2959 2862 ἐκείνῃ
2996 2794 3239 2849 ἔσονται
3269 2791 3452 2845 πέντε
3496 2787 3690 2851 πόλεις
3710 2784 3768 2837 ἐν
3790 2784 3864 2835 At-

2350 2883 2554 2953 τύπτφ
2583 2882 2885 2938 λαλοῦσαι
2930 2884 3006 2953 τῇ
3031 2883 3281 2953 γλώσσῃ
3322 2880 3399 2949 τῇ
3427 2873 3759 2938 Χανανίτιδι,
3791 2869 3865 2923 καί

2351 2974 2685 3043 ὀμνύουσαι
2728 2973 2810 3041 τῷ
2863 2977 3106 3045 ὀνόματι
3154 2975 3398 3044 Κυρίου.
3455 2972 3631 3035 Πόλις
3678 2961 3863 3021 laedes

2350 3062 2719 3131 κληθήσεται
2748 3066 2786 3133 ἠ
2811 3066 2920 3134 μία
2952 3066 3149 3131 πόλις.

2412 3152 2905 3224 Καταθαυμάσειεν
2951 3154 3017 3207 ἄν
3054 3171 3141 3218 τις
3178 3155 3273 3210 καὶ
3316 3153 3523 3225 σφόδρα
3564 3149 3761 3211 εἰκότως
3793 3145 3865 3215 τῆς

2342 3241 2401 3295 ἐν
2439 3258 2503 3311 γε
2545 3241 2757 3307 τούτοις
2799 3243 3148 3315 ίσχνομυθίας
3185 3243 3277 3297 τὸν
3315 3243 3582 3314 μακάριον
3614 3236 3865 3309 προφήτην,

2343 3334 2440 3387 καὶ
2466 3334 2772 3405 ὴγνοηκότα
2821 3334 2922 3405 μὲν
2963 3336 3241 3398 παντελῶς
3286 3335 3440 3389 οὐδὲν
3478 3333 3584 3388 τῶν
3623 3329 3863 3400 ἐσομένων,

2342 3425 2484 3479 κατά
2528 3427 2657 3488 τοὺς
2701 3426 2800 3496 τῆς
2860 3427 3152 3498 ἐπιδημίας
3200 3428 3428 3499 καιροὺς
3475 3428 3540 3497 τῇ
3595 3424 3691 3477 τῶν
3736 3421 3862 3484 ΔὶΥυ⁸

2340 3515 2513 3568 πτίων
2540 3515 2712 3587 χώρᾳ.
2763 3518 3262 3588 Προαναφωνοῦντα
3303 3519 3362 3572 δέ
3395 3518 3467 3571 τὰ
3511 3516 3628 3571 καθ’
3661 3515 3865 3569 ἕκαστον.

2338 3607 2462 3661 τίνα
2519 3606 2720 3678 τρόπον
2765 3608 2827 3661 τὸ
2867 3609 3220 3679 εὐαγγελικὸν
3280 3608 3605 3682 παρεδείχθη
3659 3607 3867 3676 κήρυγμα

2338 3700 2725 3770 διαγορεύοντα
2767 3701 2973 3771 σαφῶς.
3024 3704 3277 3756 Ἔσονται
3307 3702 3513 3765 τοίνυν,
3561 3697 3702 3768 φησὶ,
3745 3694 3867 3747 πέντε

2339 3799 2524 3863 πόλεις
2558 3801 2616 3853 ἐν
2658 3797 2921 3868 Αἰγύπτῳ
2964 3794 3221 3851 λαλοῦσαι
3268 3797 3332 3864 τῇ
3375 3791 3596 3864 γλώσσῃ
3634 3792 3700 3859 τῇ
3729 3786 3868 3838 Χανα-

2339 3890 2517 3956 νίτιδι,
2547 3890 2693 3945 τοῦτ’
2719 3890 2833 3943 ἔστι
2877 3893 2944 3960 τῇ
2971 3888 3182 3961 Σύρων,
3226 3887 3344 3958 ἢτοι
3392 3888 3461 3956 τῇ
3496 3882 3635 3937 κατά
3669 3880 3756 3950 τὴν
3782 3877 3868 3929 Πα-

2340 3981 2641 4053 λαιστίνην.
2692 3983 2810 4053 Μιᾷ
2854 3982 2964 4052 γὰρ
3002 3979 3221 4034 λαλοῦσι
3268 3976 3490 4049 γλώσσῃ
3541 3973 3762 4031 Φοίνικες
3800 3964 3870 4018 καὶ

2339 4073 2707 4127 Παλαιστινοί.
2746 4073 3165 4143 Ἀγχιτέρμονες
3207 4070 3265 4123 δὲ
3306 4069 3470 4127 πάλιν
3516 4064 3753 4135 ἀλλήλοις
3789 4057 3871 4112 εἰσὶ

2340 4163 2689 4219 Παλαιστινοί
2724 4181 2784 4217 τε
2829 4165 2924 4217 καὶ
2963 4161 3253 4231 Αἰγύπτιοι
3278 4204 3292 4226 ,
3344 4161 3443 4213 καὶ
3474 4158 3536 4213 τὺ
3588 4148 3869 4228 μεσολαόοῦν

2339 4254 2510 4316 οὐδὲν,
2538 4254 2654 4307 ἀλλ’
2689 4255 2747 4306 ἐν
2776 4255 2888 4316 τοῖς
2912 4254 3012 4323 τῆς
3061 4250 3338 4319 Αἰγύπτου
3383 4249 3607 4319 πέρασι,
3639 4246 3740 4304 τοῖς
3764 4238 3871 4308 πρός

2338 4344 2403 4413 γέ
2444 4361 2587 4415 φημι
2624 4342 2722 4415 τὴν
2778 4344 2891 4407 ἔω,
2929 4343 3023 4397 καὶ
3061 4341 3341 4395 θάλασσαν
3390 4339 3492 4409 τῆς
3544 4327 3869 4389 Παλαιπινῶν

2337 4438 2461 4508 γῆς.
2492 4438 2547 4491 αἱ
2577 4435 2792 4508 πρῶται
2818 4436 3001 4490 λοιπὸν
3032 4434 3343 4504 ἀνίσχουσιν
3387 4427 3645 4485 είσϐολαί.
3674 4427 3870 4493 Ὄμορος

660 4519 907 4573 civitates
934 4520 1039 4575 illa:
1067 4521 1120 4575 in
1154 4520 1389 4575 conﬁnio
1422 4517 1660 4590 Egypti,
1682 4521 1910 4588 primum
1948 4520 2224 4592 Evangelii
2259 4524 2283 4581 1

2259 4524 2306 4581 D
2332 4528 2511 4583 τοίνυν
2532 4531 2599 4599 τῇ
2630 4528 2949 4582 Χαναναίων
2978 4527 3011 4598 ἡ
3046 4524 3380 4594 Αἰγυπτίων.
3417 4522 3606 4592 Ταύτῃ
3626 4534 3699 4571 τοι
3726 4514 3806 4569 καὶ
3826 4509 3867 4563 ai

660 4620 985 4679 receperunt
1055 4610 1493 4681 praedicationem
1549 4628 1561 4664 :
1624 4608 1841 4664 luerunt
1897 4620 2079 4665 autem
2150 4611 2233 4667 ha:

659 4701 922 4770 quinque,
951 4716 1181 4772 quarum
1208 4702 1437 4770 primam
1472 4714 1592 4755 eam
1628 4714 1748 4769 quae
1781 4713 1923 4754 nunc
1957 4698 2235 4756 Rhinoco-

662 4800 970 4845 ruretarum
990 4798 1094 4857 est,
1109 4790 1356 4845 dicimus.
1379 4788 1697 4858 Loquuntur
1710 4788 1851 4842 enim
1873 4788 2035 4843 etiam
2054 4788 2231 4860 lingua

662 4882 984 4939 Chananma.
1016 4880 1128 4938 Illis
1171 4884 1315 4936 enim
1356 4881 1578 4935 urbibus
1608 4881 1785 4936 studio
1838 4891 1942 4946 est,
1974 4895 2080 4936 non
2121 4889 2234 4935 tan-

665 4985 777 5026 tum
807 4987 984 5043 operae
1011 4987 1261 5040 curaeque
1288 4972 1341 5026 in
1359 4970 1735 5042 Egyptiorum
1768 4984 2039 5035 sermone,
2063 4985 2234 5041 quan-

665 5069 776 5112 tum
809 5059 862 5112 in
908 5057 1129 5129 Syriaca
1162 5059 1342 5129 lingua
1387 5074 1611 5128 ponere.
1647 5057 1875 5125 Quidam
1909 5060 2072 5114 etiam
2108 5074 2233 5114 nar-

666 5151 790 5196 rant
823 5144 875 5197 in
911 5144 1023 5199 suis
1062 5145 1277 5214 scriptis
1320 5143 1615 5215 Josephum
1670 5145 1875 5202 diserte
1899 5161 2230 5203 commemo-

664 5249 787 5287 rare
812 5235 1098 5303 quemdam
1140 5238 1357 5291 nomine
1389 5235 1598 5291 Joniatn
1652 5237 1953 5293 ministerio
1987 5238 2227 5293 functum

662 5323 807 5380 inter
834 5341 929 5382 eos
959 5327 1049 5395 qui
1074 5328 1336 5397 sanguine
1369 5326 1612 5384 Levitico
1644 5327 1858 5383 oriundi
1889 5336 2035 5395 sunt,
2062 5338 2117 5383 et
2145 5344 2231 5383 sa-

661 5418 905 5473 cerdotio
934 5433 999 5473 ex
1030 5419 1145 5489 lege
1170 5430 1421 5476 ornatum
1452 5422 1633 5488 simul,
1667 5423 1761 5491 qui
1790 5434 1847 5477 ut
1869 5438 1934 5479 ex
1970 5433 2114 5479 terra
2146 5422 2234 5479 Ju-

580 5511 584 5515 ’
663 5510 819 5566 daica
848 5510 1227 5581 demigrasset,
1255 5513 1399 5580 quod
1458 5513 1791 5569 simultatem
1823 5530 1944 5569 cum
2002 5516 2231 5584 quodam

661 5612 894 5672 cognato
934 5616 1032 5657 suo
1078 5604 1431 5667 exercuisset,
1468 5603 1552 5657 vel
1606 5603 1749 5659 forte
1801 5608 2227 5675 persecutionem

664 5706 953 5763 perpessus
990 5692 1205 5759 luisset,
1267 5694 1331 5747 ad
1376 5694 1617 5764 quinque
1647 5695 1742 5751 ltas
1786 5697 1948 5753 urbes
1975 5698 2232 5754 ﬁnitimas

672 5782 921 5841 Chanaan
960 5785 1263 5858 pertigisse.
1307 5785 1425 5853 llic,
1454 5785 1649 5859 inquit,
1688 5788 1894 5847 infinita
1918 5800 2101 5848 coacta
2142 5790 2229 5847 lu-

2336 4620 2475 4693 πρὸς
2499 4623 2612 4683 τοῖς
2637 4620 2834 4691 πέρασι
2864 4619 2961 4689 τῆς
3003 4617 3278 4686 Αἰγύπτου
3315 4615 3524 4677 πόλεις,
3564 4610 3765 4693 πρῶτον
3791 4620 3870 4655 πα-

2339 4690 2649 4784 ραδέχονται
2689 4690 2752 4765 τὸ
2797 4712 3059 4782 σωτήριον
3102 4710 3394 4780 κήρυγμαο
3426 4706 3588 4761 πέντε
3629 4702 3682 4754 δὲ
3712 4690 3867 4756 αὗται,

2334 4798 2409 4856 ὧν
2447 4801 2512 4874 δὴ
2554 4801 2652 4854 καὶ¹
2701 4799 2925 4872 πρώτην
2975 4795 3115 4853 εἷναί
3150 4814 3329 4868 φαμεν
3372 4796 3473 4868 τὴν
3521 4794 3634 4849 νυνὶ
3673 4791 3869 4843 Ῥινοκο-

2336 4890 2633 4961 ρουρητῶν.
2665 4888 2899 4945 Λαλοῦσι
2940 4890 3039 4960 μὲν
3074 4888 3168 4941 καὶ
3212 4889 3277 4958 τῇ
3322 4885 3544 4956 γλώσσῃ
3581 4875 3866 4938 Χανανίτιδι.

2348 4981 2740 5035 Ἐσπούδασται
2769 4980 2877 5051 γάρ
2910 4983 3021 5042 τοῖς
3049 4979 3105 5031 ἐν
3134 4977 3359 5040 ταύταις
3380 4980 3503 5039 ταῖς
3528 4974 3751 5032 πόλεσιν,
3774 4962 3866 5033 οὐχὶ

2333 5073 2430 5143 τῆς
2451 5071 2767 5138 Αἰγυπτίων
2810 5070 2992 5139 φωνῆς
3035 5066 3445 5138 μεταποιεῖσθαι
3482 5063 3740 5123 τοσοῦτον,
3770 5057 3866 5109 ὅσον

2333 5166 2431 5234 τῆς
2460 5163 2667 5234 Σύρων.
2698 5161 2834 5214 Φασὶ
2870 5160 2928 5213 δέ
2952 5176 3099 5220 τινες
3139 5160 3196 5210 ἐν
3240 5157 3397 5221 ἰδίαις
3421 5152 3748 5225 συγγραφαῖς
3774 5146 3863 5197 δια-

2337 5251 2706 5326 μνημονεῦσαι
2739 5251 2925 5320 σαφῶς
2960 5249 3049 5302 τὸν
3083 5247 3365 5318 Ἰώσηπον,
3404 5249 3486 5302 ότι
3513 5245 3611 5316 τῆς
3637 5237 3864 5295 Ἰουδαίων

2332 5345 2706 5416 ἀποφοιτήσας
2735 5344 2861 5413 γῆς,
2892 5340 3096 5403 Ἰωνίας
3123 5356 3206 5401 τις
3232 5337 3455 5408 ὀνόματι
3499 5334 3663 5390 τελῶν
3692 5333 3743 5383 ἐν
3774 5326 3863 5384 τοῖς

2333 5435 2587 5508 ἐξαίμασι
2628 5434 2725 5488 τοῦ
2756 5432 2887 5488 Λευϊ
2930 5432 3025 5485 καὶ
3057 5432 3122 5501 τῇ
3158 5429 3297 5483 κατά
3334 5429 3496 5499 νόμον
3528 5421 3770 5496 ἱερωσύνῃ
3794 5431 3861 5466 τε·

2331 5527 2632 5597 τιμημένος
2658 5567 2673 5592 ,
2711 5524 2786 5587 ώς
2829 5522 3061 5593 ὁμόρους
3096 5520 3203 5572 τῶν
3249 5518 3565 5572 Χαναναίων
3606 5513 3695 5574 τὰς
3728 5510 3859 5561 ’πέντε

2333 5617 2560 5670 ταυτασὶ
2580 5614 2909 5669 κατελάϐετο
2946 5611 3150 5675 πόλεις,
3189 5610 3562 5680 φιλονεικήσας
3588 5603 3712 5674 πρός
3735 5611 3856 5656 τινας

2333 5707 2439 5761 τῶν
2479 5706 2773 5778 ὁμογενῶν,
2810 5704 2843 5775 ἢ
2885 5704 3027 5774 τάχα
3073 5719 3176 5755 που
3226 5703 3319 5756 καὶ
3363 5697 3539 5763 δίωξιν
3579 5690 3851 5762 ὑπομείνας.

2335 5797 2523 5867 Οὖτις,
2544 5802 2726 5873 κρησὶν,
2745 5799 2847 5854 οὐκ
2874 5796 3234 5869 εὐαρίθμητον
3260 5792 3521 5850 Ἰουδαίων
3542 5785 3733 5861 πληθὺν
3754 5795 3849 5834 συν-
