4110 6486
261 411 360 472 ιῦθ

1381 410 1450 468 ιΝ
1494 412 1721 470 ΙδΑΙΑΜ
1765 412 1894 474 LIB.
1937 417 2000 471 I1.
2044 414 2277 474 TOMUS
2316 420 2403 477 IV.

3407 418 3530 476 mw
3567 399 3570 404 ’

255 535 609 606 αγηγερκὼς,
661 533 984 608 κατῴκηκεν
1015 538 1073 590 ὲν
1125 538 1225 608 μιᾷ
1266 536 1374 590 τῶν
1411 537 1571 591 πέντε
1613 538 1844 591 τουτωνὶ⁸

1954 539 2184 596 timorum
2215 541 2576 610 multitudine,
2607 544 2868 598 ad‘unam
2897 543 3087 597 harum
3120 539 3515 610 quinqueciri—

255 625 488 692 πόλεων,
517 627 552 698 ἢ
584 627 680 681 καὶ
712 627 1026 697 ὠνόμασται
1062 628 1217 691 πόλις
1251 627 1469 681 Ἀσεδὲκ
1489 666 1504 693 ,
1540 625 1687 680 τοῦτ’
1724 625 1839 681 ἐστι

251 716 624 790 δικαιοσύνης.
670 718 950 773 Ἐντεῦθεν
996 737 1142 790 φασι,
1174 721 1300 784 τοὺς
1341 720 1480 792 πρὸς
1514 721 1625 783 τοῖς
1673 721 1840 787 Αἰγυ-

253 810 427 862 πτίων
459 810 692 881 τέρμασι
738 811 1063 883 κατηθίσθαι
1092 830 1152 866 τε
1198 813 1291 866 καὶ
1348 813 1566 883 ἀγαπᾷν
1611 815 1677 882 τῇ
1735 811 1842 864 τῶν

253 899 583 954 Χαναναίων
610 901 834 974 γλώσσῃ
861 903 1064 957 λαλεῖν.
1109 905 1456 973 Μαθήσονται
1486 903 1542 956 δέ
1581 921 1714 974 φησι
1747 905 1842 958 καὶ

251 991 481 1059 ὀμνύειν
505 992 585 1064 τῷ
607 994 833 1066 ὀνόματι
861 996 1089 1067 Κυρίου,
1115 994 1423 1067 Παράδοξον
1453 995 1510 1048 δὲ
1544 995 1636 1049 καὶ
1664 995 1840 1050 τοῦτο.

258 1080 424 1145 Ἔθος
465 1083 564 1153 μὲν
605 1084 715 1155 γὰρ
748 1088 862 1150 τοῖς
911 1086 1156 1156 ματαίων
1205 1088 1610 1158 προσκυνηταῖς
1661 1088 1843 1156 ὅρκιον

256 1174 532 1230 ποιεῖσθαι
577 1175 637 1229 τὸ
674 1175 889 1247 ἑκάστῳ
918 1176 1107 1231 δοκοῦν
1146 1177 1254 1230 τῶν
1302 1177 1396 1230 τοῦ
1444 1175 1650 1247 κόσμου
1696 1193 1840 1230 στοις

255 1263 445 1332 χείων.
479 1265 542 1320 Οί
575 1266 674 1336 μὲν
716 1268 826 1339 γὰρ
857 1267 948 1322 τὸν
985 1267 1215 1340 οὐρανὸν
1267 1267 1645 1337 ὀνομάζουσιν,
1693 1268 1743 1319 oi
1788 1266 1845 1319 δὲ

254 1355 352 1408 τὸν
385 1355 559 1426 ἥλιον,
602 1357 779 1425 ἕτεροι
818 1358 876 1412 δὲ
926 1358 1020 1412 καὶ
1048 1360 1116 1413 τὰ
1152 1360 1210 1412 ὲν
1236 1361 1427 1429 σηκοῖς
1453 1359 1838 1430 χειρότευκτα·

255 1445 658 1516 διαμέμνηνται
701 1447 758 1500 δὲ
802 1447 920 1500 κατ’
945 1446 1135 1523 οεδένα
1161 1446 1365 1518 τρόπον
1406 1446 1499 1500 τοῦ
1547 1447 1667 1499 κατ’
1713 1443 1846 1514 ἀλήσ-

257 1536 415 1591 θειαν
455 1537 589 1591 Θεοῦ
614 1556 627 1569 ο
658 1539 720 1593 ού
761 1538 870 1610 γὰρ
923 1538 1226 1608 ἐγνώκασιν
1260 1537 1442 1594 αὐτόν.
1491 1537 1611 1590 Τῶν
1641 1553 1706 1605 γε
1740 1534 1845 1606 μὴν

259 1629 653 1696 ὲπεγνωκότων
709 1629 811 1701 ιἤδη
842 1631 937 1684 καὶ
978 1629 1443 1696 πεπιστευκότων,
1479 1628 1596 1682 ἐστὶ
1643 1627 1705 1682 τὸ
1752 1626 1847 1679 καὶ

258 1719 487 1790 ὀμνύειν
526 1721 604 1792 τῷ
654 1721 878 1793 όνόματι
926 1721 1111 1777 αὑτοῦ.
1145 1721 1302 1776 Οὕτω
1347 1721 1444 1775 καὶ
1493 1721 1521 1774 ό
1570 1718 1846 1788 πάνσοφος

258 1811 469 1882 Μωσῆς
524 1813 624 1884 τῆς
678 1817 738 1867 ὲν
791 1813 1052 1885 Αἰγύπτῳ
1103 1813 1359 1885 λατρείας
1410 1809 1846 1881 ἐκπεφοιτηκότα

257 1899 354 1951 τὸν
383 1901 598 1973 Ἰσραὴλ
644 1903 780 1974 πρὸς
817 1903 1114 1973 ἐπίγνωσιν
1144 1900 1237 1956 τοῦ
1271 1903 1390 1956 κατ’
1420 1900 1679 1973 ἀλήθειαν
1707 1896 1844 1953 Θεοῦ

259 1991 626 2063 προσεκόμιξε
655 1993 848 2062 λέγων·
875 2012 893 2045 t
924 1993 1127 2065 Κύριον
1145 1995 1235 2048 τὸν
1265 1992 1396 2047 Θεόν
1423 2009 1516 2046 σου
1540 1991 1848 2064 προσκυνή-

260 2096 398 2146 σεις,
429 2084 524 2136 καὶ
551 2082 698 2154 αὐτῷ
727 2083 872 2155 μόνῳ
893 2081 1231 2155 λατρεύσεις.
1256 2103 1274 2135 ι
1296 2080 1610 2152 Προσετίθει
1641 2079 1698 2132 δὲ
1723 2077 1846 2132 τού-

258 2187 396 2236 τοις.
433 2173 514 2226 ὅτι
545 2175 654 2228 Kal
679 2173 757 2246 τῷ
778 2175 1003 2246 όνόματι
1039 2173 1202 2230 αὐτοῦ
1233 2175 1364 2247 όμῇ.
1403 2171 1701 2241 Ἀπόδειξις
1732 2173 1845 2227 τοί-

258 2279 357 2315 νυν
385 2265 620 2337 ὲναργὴς
642 2264 737 2320 τοῦ
766 2266 1170 2340 παραδέξασθαι
1193 2266 1292 2338 τὴν
1319 2267 1502 2322 πίστιν
1551 2267 1653 2330 τὰς
1680 2265 1846 2320 πέντε

1942 639 2112 685 latum
2162 633 2560 704 commigravit,
2585 648 2706 703 quae
2743 633 2907 688 etiam
2954 631 3148 688 civitas
3200 629 3428 694 Asedec,
3459 629 3513 685 id

1940 731 2043 787 est,
2076 721 2321 793 iustitiae,
2342 723 2486 780 dicta
2520 734 2624 780 est.
2670 723 2806 778 Hinc
2837 723 2990 778 aiunt
3013 736 3108 779 eos
3141 722 3193 776 in
3221 736 3315 775 ora
3343 719 3515 790 Egy-

1943 812 2174 881 ptiorum
2208 815 2395 870 solitos
2427 815 2664 886 linguam
2708 830 2904 872 sonare
2943 813 3390 869 Chananzeorum.
3428 810 3516 866 Di-

1943 911 2101 958 scent
2154 903 2340 969 etiam,
2401 903 2598 975 inquit,
2638 904 2822 975 iurare
2878 903 3095 959 nomine
3141 901 3371 956 Domini.
3405 899 3519 957 Hoc

1943 992 2106 1047 etiam
2136 993 2292 1063 plane
2319 1003 2402 1050 est
2430 995 2766 1050 incredibile.
2794 993 2891 1050 Est
2927 992 3073 1048 enim
3101 991 3340 1048 solemne
3370 991 3521 1045 vani-

1947 1091 2122 1138 tatum
2179 1083 2500 1151 cultoribus,
2532 1083 2904 1155 iuramentum
2952 1098 3050 1152 pro
3105 1097 3206 1139 suo
3257 1081 3522 1153 cuiusque

1945 1172 2231 1240 arbitratu,
2281 1175 2463 1230 mundi
2511 1175 2796 1230 elementis
2832 1187 3163 1243 nuncupare.
3223 1171 3327 1227 Alii
3376 1173 3520 1227 enim

1944 1260 2191 1318 coelestia
2221 1263 2523 1327 nominant,
2551 1263 2641 1318 alii
2675 1263 2866 1331 solem,
2898 1261 2991 1316 alii
3022 1262 3189 1316 etiam
3249 1259 3317 1314 ia-
3349 1260 3524 1330 adytis

1947 1351 2276 1417 manulacta,
2306 1354 2400 1408 sed
2436 1353 2581 1408 nullo
2614 1353 2774 1409 modo
2811 1352 2924 1408 veri
2955 1351 3046 1407 Dei
3089 1349 3417 1406 mentionem
3454 1349 3526 1402 l'eo

1947 1452 2158 1510 cerunt,
2183 1459 2345 1514 quem
2377 1460 2444 1499 ne
2495 1454 2765 1500 noverunt
2823 1443 3068 1514 quident.
3102 1439 3525 1511 Agnoscentium

1946 1543 2125 1590 autem
2155 1543 2210 1589 et
2236 1534 2568 1590 credentium
2596 1550 2790 1589 munus
2818 1543 2873 1590 et
2892 1531 3125 1588 cilicium
3153 1539 3257 1595 est,
3277 1529 3441 1586 etiam
3472 1527 3524 1581 in

1948 1625 2165 1681 nomine
2188 1625 2356 1696 ipsius
2378 1625 2584 1696 jurare.
2607 1624 2697 1682 Sic
2711 1626 2876 1681 etiam
2908 1623 3084 1680 Moses
3095 1619 3528 1693 sapientissimus

1947 1715 2196 1772 Israelem
2210 1717 2278 1771 ab
2289 1715 2610 1787 Egyptiaco
2633 1716 2782 1772 cultu
2813 1716 3201 1786 demigrantem
3219 1713 3286 1767 ad
3307 1708 3529 1780 agnitio-

1947 1808 2194 1863 nemveri
2226 1808 2318 1863 Dei
2336 1808 2820 1871 traduxit,dicens:
2849 1828 2868 1861 ι
2892 1805 3180 1862 Dominum
3195 1804 3524 1858 Deum-tuum

1948 1898 2217 1966 adorabis,
2249 1899 2391 1956 etilli
2419 1899 2584 1971 294
2611 1901 2710 1954 soli
2735 1899 2942 1955 servies
2967 1898 3032 1951 “.
3064 1916 3095 1950 ι-
3113 1893 3376 1966 Apposuit
3396 1891 3526 1946 illud

1953 1989 2432 2064 quoque,.Nomine
2454 1993 2572 2062 eius
2597 1991 2829 2061 iurabis.
2847 1991 3237 2060 Argumentum
3256 1994 3340 2042 est
3362 1984 3524 2052 igitur

1951 2097 2004 2141 et
2050 2085 2439 2140 demonstratio
2457 2069 2706 2148 evidens,
2734 2081 2854 2138 illas
2889 2081 3128 2151 quinque
3156 2079 3318 2134 urbes
3354 2075 3514 2131 [idem

1951 2177 2254 2242 admisisse,
2279 2176 2420 2245 quod
2439 2178 2491 2231 in
2510 2174 2658 2230 nullo
2679 2189 2818 2230 vano
2836 2172 2978 2228 idolo
2998 2170 3323 2239 iuraverint,
3349 2165 3446 2222 sed
3462 2164 3529 2219 ad

1947 2265 2299 2337 iurisiurandi
2324 2281 2478 2320 usum
2510 2279 2706 2320 nomen
2742 2262 2954 2318 Domini
2986 2259 3333 2330 sumpserint.

259 2356 467 2423 ταύτας
517 2359 721 2426 πόλεις,
747 2363 807 2415 τὸ
837 2360 1066 2434 ὀμνῦναι
1101 2362 1200 2434 μὲν
1245 2361 1334 2417 ἐπ’
1375 2362 1553 2417 οὐδενὶ
1591 2362 1700 2416 τῶν
1741 2360 2008 2434 ματαίων,
2073 2361 2325 2432 δέχεσθαι
2359 2361 2418 2416 δὲ
2449 2361 2650 2434 μᾶλλον
2693 2361 2774 2424 είς
2837 2360 3002 2431 ὅρκου
3057 2355 3245 2429 χρείαν
3270 2353 3330 2408 τὸ
3359 2352 3529 2422 όνομα

261 2455 495 2525 Κυρίου.

339 2545 419 2616 Τῇ
450 2548 637 2618 ἡμέρᾳ
662 2550 862 2620 ἐκείνῃ
888 2551 1062 2609 ἔσται
1091 2552 1525 2622 θυσιαστήριον
1547 2549 1629 2617 τῷ
1657 2551 1853 2620 Κυρίῳ

257 2635 332 2688 ἐν
371 2638 534 2707 χώρᾳ
566 2642 871 2712 Αἰγύπτου
895 2686 910 2711 ,
963 2644 1064 2698 καὶ
1121 2643 1322 2714 στήλη
1371 2642 1523 2714 πρὸς
1565 2643 1632 2697 τὸ
1686 2641 1854 2711 ὅριον

259 2726 456 2797 αὐτῆς
494 2729 574 2794 τῷ
606 2732 829 2801 Κυρίῳ·
873 2735 976 2788 καί
1010 2733 1183 2789 ἔσται
1211 2736 1300 2801 εἱς
1342 2731 1595 2803 σημεῖον
1625 2733 1712 2798 εἰς
1746 2729 1854 2786 τὸν

263 2815 460 2870 αἰῶνα
491 2817 571 2884 τῷ
598 2821 794 2888 Κυρίῳ
821 2822 892 2876 ἐν
923 2823 1083 2892 χώρᾳ
1105 2823 1430 2892 Αἰγύπτου.

348 2905 414 2959 Ἦ
456 2907 553 2977 μὲν
586 2908 695 2980 γὰρ
725 2910 1035 2977 Αἰγυπτίων
1069 2910 1334 2982 σύμπασα
1389 2913 1459 2981 γῆ
1493 2909 1746 2981 τεμένεσι
1790 2925 1850 2961 τε

263 2996 536 3068 πεπλήθει
583 2999 678 3052 καὶ
718 3000 1037 3071 μεμεστωτο
1070 3001 1269 3073 βωμῶν
1290 3018 1303 3032 ·
1349 3000 1571 3054 σπονδαὶ
1606 3000 1664 3053 δὲ
1708 2995 1851 3070 ἦσαν

262 3089 364 3143 καὶ
386 3088 566 3143 θυσίαι
595 3094 864 3164 πανταχῆ,
893 3092 1052 3148 τοῦτο
1083 3096 1182 3166 μὲν
1207 3097 1319 3158 τοῖς
1346 3093 1442 3146 τοῦ
1478 3093 1682 3164 κόσμου
1712 3109 1854 3144 στοι-

261 3180 438 3250 χείοις
491 3183 996 3254 προσκομιζόμεναι
1031 3186 1162 3255 παρ’
1215 3182 1429 3238 αὐτῶν⁹
1474 3181 1635 3236 τοῦτο
1671 3181 1747 3247 δὲ,
1777 3181 1852 3246 ὡς

2022 2542 2184 2597 Vens.
2216 2538 2302 2596 l9.
2328 2537 2425 2592 Die
2456 2537 2548 2592 illa
2593 2538 2696 2592 erit
2745 2536 2916 2590 altare
2949 2535 3176 2590 Domino
3219 2535 3275 2589 t'n
3322 2537 3531 2607 regione

1949 2633 2342 2704 zEgyplt'orum,
2376 2641 2424 2685 et
2461 2629 2710 2684 columna
2771 2629 2840 2681 ad
2868 2627 3102 2696 conﬁnia
3132 2627 3247 2697 ejus
3280 2626 3528 2693 Domino,

1948 2739 1993 2780 et
2017 2727 2113 2778 erit
2139 2725 2196 2778 in
2219 2723 2446 2793 signum,
2468 2733 2515 2777 et
2566 2721 2922 2776 testimonium
2950 2721 3006 2774 in
3039 2721 3384 2776 alernitalem
3427 2718 3530 2774 Do-

1949 2816 2090 2869 mino
2116 2815 2171 2868 in
2203 2813 2411 2883 regione
2425 2810 2670 2883 /Egypti.

2020 2905 2189 2961 Terra
2221 2904 2365 2960 enim
2399 2904 2577 2960 omnis
2598 2901 2975 2974 Egyptiorum
3024 2901 3166 2957 fanis
3190 2901 3525 2965 abundabat,

1948 2997 2130 3054 etaris
2145 2996 2300 3064 plena
2326 3003 2484 3051 erat:
2513 2993 2716 3063 passim
2742 2993 2847 3048 liba
2872 3000 3051 3055 erant,
3081 3000 3133 3047 et
3157 2992 3519 3048 sacriﬁcatio—

1951 3103 2066 3152 nes,
2098 3098 2208 3142 tum
2233 3085 2418 3141 mundi
2460 3084 2780 3148 elementis,
2803 3093 2913 3137 tum
2941 3083 3128 3148 etiam,
3153 3082 3361 3147 utdixi,
3399 3084 3534 3138 ima-

1953 3180 2168 3250 ginibus
2204 3193 2324 3248 quae
2355 3177 2409 3232 in
2454 3175 2595 3232 fanis
2630 3175 3059 3242 collocabantur,
3088 3173 3307 3240 oblatas,
3341 3182 3396 3229 et
3425 3174 3506 3244 dte

260 3244 428 3340 ἔφην,
461 3244 554 3324 καί
584 3244 792 3337 τοῖς-ὲν
811 3244 998 3345 σηκοῖς
1023 3244 1329 3345 ἱδρυμένοις
1362 3274 1641 3346 ἀγάλμασι
1669 3244 1853 3344 δηλονξ-

1956 3244 2259 3326 moniorum
2293 3277 2450 3323 erant
2494 3267 2775 3324 columnas.
2805 3265 2875 3320 At
2905 3265 3034 3334 quid
3089 3265 3194 3320 hoc
3236 3265 3376 3330 dico,
3411 3281 3534 3320 cum

259 3359 350 3412 ότι
380 3361 474 3413 καὶ
508 3361 797 3432 δαιμονίων
825 3361 1067 3431 στήλαις.
1113 3361 1225 3414 Καὶ
1261 3361 1317 3414 τί
1363 3358 1522 3414 τοῦτο
1547 3359 1691 3429 λέγω
1713 3400 1728 3426 ,
1764 3359 1854 3411 ὅτε

263 3452 366 3504 καὶ
397 3451 607 3520 ἀλόγων
648 3451 802 3517 ζώων
845 3451 1138 3516 ἀναθέντες
1171 3451 1405 3523 μορφὰς,
1437 3450 1536 3522 τὴν
1565 3449 1683 3520 Θεῷ
1719 3447 1853 3520 πρέ-

265 3557 482 3595 πουσαν
531 3539 688 3606 δόξαν
741 3543 922 3606 αὐτοῖς
979 3541 1333 3612 ἑχαρίζοντος
1385 3540 1526 3610 Ὅρα
1575 3540 1752 3593 τοίνυν
1796 3537 1856 3604 ἐξ

263 3634 399 3687 οἴων
438 3634 518 3696 είς
541 3627 630 3687 οἷα
660 3634 1062 3704 μεταπέπτωκε
1091 3635 1160 3690 τὰ
1180 3632 1496 3703 Αἰγυπτίων
1530 3633 1853 3705 πράγματα.

265 3725 337 3781 υἱ
357 3724 467 3798 γὰρ
492 3725 660 3780 πάλαι
677 3725 788 3780 τῶν
808 3726 984 3782 ἄλλων
1007 3727 1265 3780 ἁπάντων
1289 3725 1854 3796 δεισιδαιμονέστεροι,

267 3818 369 3871 καὶ
397 3818 666 3888 ἀχαλίνως
713 3817 1024 3881 νενευκότες
1069 3819 1151 3881 είς
1194 3817 1256 3870 τὸ
1304 3817 1533 3888 ὲξήνιον,
1568 3818 1634 3886 τῇ
1673 3815 1860 3887 ἡμέρᾳ

268 3910 485 3982 ἐκείνῃ,
535 3910 689 3980 φησὶ,
720 3909 864 3964 τοῦτ’
897 3909 1034 3975 ἔστι,
1068 3911 1191 3963 κατ’
1220 3911 1398 3963 ἐκεῖνο
1424 3906 1638 3977 καιροῦ,
1674 3906 1794 3961 καθ’
1831 3905 1860 3959 ὃ

265 4001 342 4056 ἂν
401 4003 687 4076 ἐπιλάμψῃ
737 4003 871 4074 παρ’
920 4002 1106 4065 αὐτοῖς
1149 4002 1213 4055 τὸ
1255 4001 1522 4072 σωτήριον
1572 4000 1859 4071 κήρυγμα,

268 4093 670 4164 παραδέξονται
729 4093 830 4165 τὴν
892 4093 1260 4165 προσκύνησιν
1309 4091 1404 4145 τοῦ
1451 4090 1610 4160 φύσει
1655 4107 1716 4144 τε
1770 4091 1862 4143 καὶ

1955 3362 2118 3417 etiam
2149 3359 2502 3415 animantium
2530 3358 2738 3412 ratione
2767 3357 3065 3412 carentium
3090 3356 3286 3411 erectis
3322 3355 3536 3420 formis,

1959 3454 2186 3523 gloriam
2224 3467 2345 3522 qua:
2385 3449 2492 3506 Deo
2524 3450 2792 3518 congruit,
2839 3449 2922 3504 bis
2962 3448 3348 3504 attribuerint?
3401 3445 3533 3503 Vide

1959 3548 2140 3618 itaque
2165 3561 2232 3602 ex
2250 3546 2444 3615 quibus
2457 3544 2790 3615 {Egyptiacaz
2810 3557 2895 3597 res
2913 3557 3188 3599 conversa:
3211 3552 3266 3597 et
3291 3541 3542 3613 collapsa:

1961 3647 2108 3695 sunt.
2145 3638 2246 3705 Qui
2279 3636 2424 3692 enim
2461 3635 2732 3706 quondam
2761 3633 2882 3688 aliis
2917 3633 3168 3688 omnibus
3197 3633 3542 3702 superstitio-

1961 3731 2134 3786 siores
2176 3729 2410 3792 fuerunt,
2451 3734 2506 3782 et
2536 3725 2798 3782 ell'renate
2824 3724 2962 3779 laxis
3013 3725 3237 3780 habenis
3289 3739 3518 3793 prorue-

1962 3828 2084 3875 runt
2123 3837 2137 3875 :
2175 3818 2284 3886 illa,
2316 3817 2524 3889 inquit,
2562 3817 2684 3881 die,
2718 3816 2769 3870 id
2801 3824 2884 3870 est
2905 3853 2920 3879 ,
2953 3830 3019 3870 et
3066 3829 3132 3870 eo
3166 3822 3410 3885 tempore
3437 3831 3544 3886 quo

1961 3909 2217 3966 salutaris
2241 3908 2558 3980 praedicatio
2598 3907 2685 3962 bis
2714 3907 3018 3971 illucescet,
3050 3907 3252 3962 cultum
3283 3908 3543 3963 naturalis

1960 4011 2015 4057 et
2036 4001 2146 4058 veri
2181 4000 2271 4056 Dei
2305 4000 2719 4070 amplectentur.
2755 3999 2874 4054 Erit
2906 3999 3051 4055 enim
3096 3998 3270 4054 altare
3317 4000 3544 4055 Domino

1963 4096 2018 4150 in
2043 4093 2262 4166 regione
2290 4092 2686 4164 Egyptiorum.
2728 4090 3041 4158 Emphasim
3074 4105 3320 4160 magnam
3349 4100 3403 4145 et
3433 4091 3542 4145 vim

266 4185 491 4256 ἀληθῶς
519 4187 670 4250 ὄντος
691 4185 847 4240 Θεοῦ.
873 4186 1064 4240 Ἔσται
1089 4184 1199 4256 γὰρ
1229 4184 1620 4254 θυσιαστήριον
1642 4180 1720 4253 τῷ
1750 4183 1853 4236 Ku-

1963 4179 2127 4236 babet
2163 4181 2276 4235 haec
2299 4179 2496 4244 oratio,
2542 4180 2740 4250 quippe
2787 4195 2890 4235 non
2917 4179 3036 4234 sine
3065 4179 3426 4234 admiratione
3459 4181 3544 4234 di-

265 4278 380 4350 ρίῳ
416 4279 473 4331 ὲν
508 4277 662 4350 χώρᾳ
694 4278 802 4331 τῶν
834 4277 1165 4345 Αἰγυπτίων.
1199 4275 1480 4346 Ἐμφασιν
1517 4273 1628 4344 ἔχει
1659 4271 1853 4342 πολλὴν

1963 4277 2126 4322 ctum.
2162 4269 2352 4323 Annon
2373 4268 2516 4323 enim
2538 4279 2622 4324 est
2642 4270 2710 4324 ab
2732 4269 2983 4339 Opinione
3013 4284 3078 4324 ac
3108 4268 3211 4324 llde
3235 4269 3471 4324 alienum
3491 4281 3545 4326 et

264 4373 300 4424 6
344 4371 526 4440 λόγος.
554 4372 783 4443 Εἴρηται
811 4369 919 4441 γὰρ
962 4368 1099 4439 μετὰ
1147 4368 1448 4439 θαύματος.
1491 4366 1618 4430 Πῶς
1646 4365 1754 4439 γὰρ
1798 4368 1853 4421 οὐ

1960 4361 2121 4428 plane
2165 4360 2494 4428 paradoxum
2530 4360 2690 4415 etiam
2727 4361 2780 4415 in
2837 4362 2950 4431 ipsa
2994 4362 3215 4432 regione
3259 4361 3543 4433 [Egyptia-

265 4460 586 4528 παράδοξον
613 4461 674 4514 τὸ
709 4461 805 4514 καὶ
833 4461 891 4514 ὲν
921 4459 1057 4531 αὐτῇ
1096 4461 1161 4530 τῇ
1203 4457 1520 4526 Αἰγυπτίων
1560 4455 1737 4529 χώρᾳ,
1768 4457 1862 4511 θυ-

267 4553 592 4626 σιαστήριον
613 4549 842 4622 ὁρᾶσθαι
871 4549 1077 4620 Κυρίου
1101 4566 1116 4614 ;
1147 4548 1256 4603 Καὶ
1282 4548 1420 4619 πρός
1453 4563 1515 4618 γε
1540 4547 1738 4619 τούτῳ,
1767 4550 1862 4604 καὶ
1894 4581 1938 4636 D

268 4646 482 4717 στήλην
518 4643 656 4714 πρὸς
704 4642 765 4695 τὸ
802 4641 948 4713 ὅριον
985 4641 1155 4712 αὐτῆς
1191 4639 1270 4710 τῷ
1299 4639 1512 4712 Κυρίῳ.
1543 4639 1751 4710 Στήλην
1778 4639 1856 4705 δὲ,

266 4737 462 4808 φησὶν,
516 4737 576 4788 ὲν
612 4732 843 4796 τούτοις,
878 4731 953 4796 ὥς
1001 4732 1050 4800 γ’
1093 4730 1216 4802 ἐμοὶ
1260 4729 1488 4800 sexeni}
1543 4729 1667 4784 ναὸν
1705 4730 1859 4799 ἅγιον

263 4825 443 4888 Θεοῦ,
478 4823 624 4877 τοῦτ’
669 4822 782 4876 ἔστι
828 4821 929 4892 τὴν
966 4819 1328 4895 Ἐκκλησίαν,
1363 4819 1397 4889 ἢ
1431 4819 1571 4889 τάχα
1613 4835 1715 4872 που
1765 4819 1859 4873 καὶ

268 4917 468 4992 πρώτη
495 4915 605 4970 τῶν
639 4914 813 4970 ἄλλων
849 4915 1146 4986 ἐγήγερται
1184 4912 1322 4983 πρὸς
1359 4910 1421 4964 τὺ
1470 4911 1617 4982 ὅριον
1664 4911 1854 4981 αὐτῆς.

265 5012 442 5081 ἧγουν
463 5007 525 5062 τὸ
562 5003 657 5060 τοῦ
686 5004 843 5073 ἁγίου
869 5001 1100 5073 σταυροῦ
1143 5003 1388 5072 σημεῖον,
1412 4993 1456 5068 ᾧ
1488 5000 1856 5070 περιφράττε-

269 5100 402 5154 σθαι
438 5099 564 5161 τοὺς
597 5095 957 5158 πιστεύοντας
987 5092 1127 5156 ἔθος.
1163 5089 1497 5161 Κεχρήμεθα
1523 5090 1633 5160 γὰρ
1663 5091 1752 5145 ἀεὶ
1782 5089 1860 5160 τῷ

266 5190 584 5262 πράγματι,
608 5189 788 5242 πᾶσαν
817 5182 1128 5254 διαϐολικὴν
1157 5183 1423 5253 ἐπήρειαν
1441 5180 1858 5253 ἀνατρέποντες,

267 5282 374 5337 καὶ
393 5282 492 5346 τὰς
520 5280 627 5334 τῶν
654 5276 944 5350 δαιμονίων
971 5276 1193 5346 ἐφόδους
1215 5275 1644 5346 διακρουόμενοι.
1671 5274 1860 5344 Τεῖχος

266 5375 387 5446 γὰρ
417 5376 550 5444 ἡμῖν
579 5372 856 5444 ἄρρηκτον
881 5370 910 5424 ό
943 5370 1196 5441 σταυρὸς,
1226 5369 1318 5422 καὶ
1357 5367 1419 5420 τὸ
1454 5369 1540 5419 ἐπ’
1561 5365 1711 5436 αὐτῷ
1736 5365 1862 5420 καύ-

270 5483 435 5537 χημα
477 5465 741 5534 σωτήριον
771 5461 1015 5532 ἀληθῶς·
1045 5480 1062 5512 ε
1099 5459 1253 5531 Ἐμοὶ
1287 5458 1346 5513 δὲ
1383 5458 1458 5530 μὴ
1490 5459 1698 5527 γένοιτο
1723 5475 1858 5512 καυ-

271 5554 499 5627 χᾶσθαι,
531 5554 579 5606 εἰ
627 5551 708 5621 μὴ
734 5551 790 5602 ὲν
830 5548 908 5619 τῷ
941 5548 1163 5619 σταυρῷ
1199 5548 1293 5601 τοῦ
1338 5547 1595 5619 Χριστοῦ.
1623 5567 1641 5599 ι
1670 5547 1858 5618 Παρά-

270 5647 409 5712 δοξα
443 5643 640 5707 τοίνυν,
685 5641 753 5695 τὰ
787 5643 851 5695 ὲκ
878 5642 977 5711 τῆς
1021 5640 1358 5712 προφητείας
1407 5640 1862 5712 προηγορευμένα

349 5799 392 5833 ⁸⁸
429 5799 585 5855 Deut.
619 5813 692 5865 vr,
726 5799 811 5855 l5.
889 5799 932 5829 θ’
970 5796 1144 5851 Galat.
1183 5810 1255 5863 vt,
1293 5795 1374 5848 13.
1469 5804 1478 5808 ’

1966 4467 2106 4518 rum,
2139 4451 2308 4506 altare
2333 4452 2543 4507 Domini
2581 4454 2770 4518 videri,
2795 4462 2850 4508 et
2873 4455 2938 4507 ad
2971 4454 3086 4509 haec
3129 4456 3293 4509 etiam
3338 4454 3542 4510 colum-

1969 4557 2092 4596 nam
2128 4543 2194 4597 ad
2221 4543 2453 4598 conlinia
2483 4543 2602 4613 eius
2634 4544 2896 4598 Domino?
2926 4543 3248 4599 Columnam
3297 4560 3424 4600 vero
3453 4546 3542 4600 hic

1967 4631 2117 4697 dicit,
2155 4641 2213 4687 ut
2258 4632 2386 4686 mihi
2450 4633 2686 4696 videtur,
2713 4633 2795 4687 vel
2824 4633 3084 4703 templum
3135 4647 3402 4701 sanetum,
3441 4637 3542 4691 hoc

1965 4733 2049 4780 est
2089 4724 2385 4780 Ecclesiam
2406 4765 2423 4790 ,
2449 4739 2568 4794 quae
2599 4723 2737 4779 forte
2767 4724 2940 4794 prima
2961 4724 3189 4780 aliarum
3215 4727 3282 4782 ad
3310 4726 3541 4782 conﬁnia

1964 4816 2080 4887 eins
2119 4817 2352 4871 excitata
2382 4826 2467 4871 est
2501 4835 2515 4872 :
2551 4817 2632 4870 vel
2681 4827 2881 4872 sanctae
2926 4816 3106 4873 crucis
3154 4815 3389 4889 signum,
3434 4835 3553 4889 quo-

1964 4907 2199 4976 obsepiri
2251 4909 2538 4962 credentes
2569 4907 2747 4961 solent
2784 4914 2838 4959 et
2867 4907 3209 4962 communiri.
3265 4907 3357 4964 Usi
3394 4911 3550 4972 enim.

1966 5012 2180 5068 semper
2211 5012 2401 5053 sumus
2429 4998 2529 5052 hac
2563 5012 2643 5060 re,
2673 5010 3026 5051 cumomnem
3054 4996 3248 5053 diaboli
3281 4999 3564 5056 insultum‘.

1963 5089 2351 5152 evertimus,et
2380 5091 2680 5142 diemonum
2711 5087 2942 5157 impetus
2972 5088 3337 5160 infringimus.
3356 5092 3540 5148 Murus

1962 5179 2106 5234 enim
2140 5179 2403 5236 infractus
2429 5191 2512 5235 est
2547 5179 2702 5234 nobis
2731 5194 2884 5245 crux,
2915 5188 2968 5234 et
2986 5167 3053 5234 ’in
3078 5193 3140 5235 ea
3168 5192 3250 5237 est
3266 5183 3547 5252 gloriatio,-

1962 5286 2089 5326 vere
2111 5271 2340 5326 salutem
2381 5270 2636 5326 all‘erens.
2664 5271 2873 5325 Idcirco
2908 5269 3105 5326 Paulus
3138 5276 3352 5343 sapiens
3396 5277 3536 5332 seri.-

1964 5363 2043 5418 bit
2112 5381 2126 5418 :
2167 5381 2185 5415 ι
2215 5364 2370 5418 Absit
2419 5378 2546 5418 vero
2582 5373 2642 5416 ut
2692 5378 2791 5432 ego
2840 5362 3056 5432 glorier,
3093 5365 3193 5421 nisi
3251 5367 3313 5420 in.
3371 5383 3534 5424 cruce

1963 5456 2162 5510 Christi
2181 5458 2244 5511 ".
2270 5476 2287 5510 ι
2311 5455 2575 5513 Mirabilia
2591 5466 2745 5509 erant
2767 5454 2930 5522 igitur
2961 5467 3015 5508 et
3037 5468 3200 5525 supra
3227 5459 3535 5525 opinionem

1965 5546 2260 5617 vulgarem,
2295 5562 2415 5617 qua:
2441 5555 2568 5600 tunc
2593 5546 2908 5617 propltetice
2933 5545 3187 5614 praedicta
3215 5547 3452 5610 luerunt,
3477 5555 3532 5601 et

1964 5657 2104 5697 nunc
2127 5642 2298 5698 etiam.
2326 5643 2392 5698 ad
2423 5644 2583 5702 linem
2616 5651 2742 5700 sunt
2779 5638 3054 5712 perducta.
3088 5646 3209 5696 Anu
3246 5643 3389 5698 enim
3439 5659 3530 5700 ex-
