4110 6520
610 368 708 419 471

1597 370 1655 424 S.
1695 370 1971 425 CYRlLLl
2007 371 2473 428 ALEXANDRINI
2515 374 2829 431 ARCHIEP.

3741 385 3845 443 ΓΗ

613 481 871 536 stiterunt
939 481 1164 537 Domino
1203 486 1510 556 complures
1552 498 1605 543 et
1632 489 2052 545 innumerabiles
2096 506 2193 561 per

2298 494 2356 546 τὸ
2376 495 2624 565 τηνικάδε
2646 534 2659 557 ,
2709 497 2824 549 νυνὶ
2848 496 2902 548 δὲ
2943 495 3005 566 δὴ
3036 495 3129 549 xui
3161 496 3241 559 εἰς
3282 497 3451 568 πέρας
3491 496 3845 568 ἐκϐεϐηκότα.

615 572 905 643 Egyptum
954 591 969 627 :
1023 584 1078 629 et
1127 576 1302 632 crucis
1352 579 1561 647 signum
1622 582 1812 637 incolis
1859 585 2180 639 venerabile.

617 662 830 718 Etenim
855 663 905 716 in
938 663 1216 718 Dominum
1248 666 1410 736 295
1435 678 1679 723 nostrum
1706 668 1885 724 Jesum
1912 671 2181 727 Christum

616 754 979 810 crediderunt.
1020 754 1294 811 Nonnullis
1346 768 1523 814 autem
1558 763 1919 830 expositorum
1960 765 2182 832 placuit,

618 860 717 914 pro
766 845 1013 898 columna
1067 846 1278 900 titulum
1326 848 1783 921 dicere,enmque
1828 852 2006 907 lerunt
2061 869 2184 910 esse

619 936 761 991 hunc
815 952 1220 997 sacrosanctum
1292 944 1658 1015 Es'angelium.
1732 947 1943 1002 Jndieet
2005 960 2181 1003 autem

617 1041 806 1081 rursus
829 1031 1088 1098 prudens,
1112 1035 1242 1103 quid
1264 1036 1553 1106 optimum,
1588 1047 1642 1092 et
1676 1038 1801 1107 quid
1820 1039 2180 1094 rectissimum

618 1132 737 1172 esse
767 1120 1033 1176 videnlur.

696 1300 856 1355 Vsus.
890 1302 981 1369 20,
1001 1304 1091 1360 2|.
1119 1304 1259 1369 Quia
1276 1305 1657 1360 clamabantur!
1679 1308 1956 1361 Dominum
1974 1320 2186 1379 propter

621 1394 922 1462 afflictantes
940 1410 1010 1458 se,
1035 1407 1080 1448 et
1102 1399 1263 1450 mittet
1282 1396 1389 1449 iliis
1410 1398 1665 1451 Dominus
1686 1400 1943 1452 hominem
1961 1403 2052 1469 qui
2073 1418 2186 1455 ser-

618 1485 759 1536 vabit
795 1499 901 1551 eos,
943 1494 1159 1538 etnotus
1182 1488 1277 1539 erit
1302 1486 1557 1541 Dominus
1582 1488 1873 1558 zEgyptiis,
1915 1501 1961 1543 et
1991 1508 2186 1560 cogno-

621 1583 760 1626 scent
788 1573 1063 1627 Dominum
1088 1574 1329 1646 JEgyplii
1362 1579 1411 1630 in
1440 1579 1525 1632 die
1556 1578 1670 1644 illa,
1693 1590 1739 1630 et
1760 1579 1951 1648 facim!
1981 1583 2185 1649 sacriﬁ-

620 1664 723 1728 cia,
754 1674 799 1717 et
827 1665 1077 1720 vovebant
1104 1682 1221 1721 vota
1257 1668 1502 1735 Domino,
1532 1683 1575 1724 et
1618 1674 1853 1726 reddent.

694 1928 1075 1997 Contempl‘are
1112 1929 1240 1984 mihi
1308 1933 1500 1986 iterum
1561 1935 1851 2003 prophetia:
1918 1940 2185 2008 egregiam

620 2027 673 2073 et
707 2017 1047 2072 artiﬁciosam
1088 2019 1446 2090 vigilantiam.
1483 2021 1613 2075 Nam
1668 2026 1887 2090 perinde
1916 2030 2067 2096 quasi
2105 2030 2187 2084 iu-

625 2119 863 2178 terroget
925 2111 1219 2181 quispiam,
1272 2127 1336 2168 ac
1386 2113 1577 2169 dicat:
1616 2115 1753 2182 Quid
1811 2118 1911 2173 hoc
1950 2121 2024 2174 rei
2072 2123 2191 2177 est?

623 2200 748 2268 quid
797 2215 991 2265 causae,
1042 2213 1099 2255 ut
1163 2202 1418 2258 Dominus
1469 2206 1674 2261 veniret
1710 2207 1777 2262 lin
1812 2208 2099 2280 Egyptum
2137 2213 2188 2266 in

623 2287 766 2341 nube
823 2291 944 2351 levi,
997 2301 1159 2360 atque
1219 2294 1319 2348 hoc
1374 2302 1431 2349 et
1477 2296 1603 2352 illud
1659 2301 1825 2365 gratis
1883 2303 2192 2357 conferret?

625 2392 1011 2450 praeoccupans
1088 2383 1343 2452 propheta
1416 2390 1703 2456 respondet
1758 2400 1812 2444 et
1879 2393 1953 2446 ait
2001 2412 2014 2448 :
2057 2393 2189 2460 Quia

625 2469 934 2526 clamabunt
973 2476 1038 2528 ad
1091 2477 1371 2533 Dominum
1428 2492 1646 2550 propter
1691 2481 1985 2554 amigentes
2011 2500 2105 2552 se,
2139 2496 2193 2541 et

625 2563 804 2618 mittet
845 2565 971 2635 ipsis
1016 2565 1274 2622 Dominus
1320 2570 1590 2628 hominem
1634 2574 1725 2644 qui
1787 2578 2028 2632 servabit
2075 2593 2188 2632 eos.

623 2655 901 2711 lnsultavit
952 2660 1151 2713 etenim
1214 2663 1425 2730 peccati
1466 2674 1638 2733 pater,
1694 2665 1745 2719 id
1805 2676 1888 2721 est
1942 2666 2191 2732 Satanas,

625 2747 894 2804 universae
947 2760 1106 2806 terra:
1139 2752 1351 2816 incolis,
1376 2764 1431 2807 et
1475 2756 1727 2824 nequitiae
1750 2770 1860 2810 suae
1882 2757 2194 2827 jugoimpoo

627 2841 732 2895 sito
777 2840 1048 2906 omnibus,
1101 2843 1244 2897 velut
1271 2860 1301 2897 a
1330 2846 1497 2914 septis
1553 2846 1746 2901 divinae
1773 2847 2057 2904 charitatis
2093 2851 2190 2903 ab-

627 2932 801 2999 duxit,
835 2945 890 2989 et
923 2942 1129 2989 tantum
1152 2951 1259 2989 non
1290 2936 1477 3004 ligatos
1524 2937 1732 2992 habens
1762 2938 1900 3008 apud
1927 2953 1986 2993 se
2022 2938 2191 3008 rigide

628 3036 682 3079 et
707 3025 869 3094 impie
911 3027 955 3080 vi
1003 3029 1259 3081 coercuit.
1298 3028 1563 3083 Caeterum
1618 3031 1695 3085 rei
1734 3037 1926 3107 natura
1975 3006 2211 3101 gravem.

629 3123 685 3169 et
736 3130 842 3170 non
898 3116 1171 3172 ferendam
1215 3118 1266 3171 in
1309 3133 1367 3172 se
1410 3119 1613 3174 habens
1638 3120 1973 3186 violentiam,
2007 3132 2192 3175 contra

635 3208 977 3278 tyrannidem
1041 3209 1157 3276 ejus
1217 3212 1507 3266 vociferata
1587 3221 1689 3267 est.
1779 3212 1870 3267 Sic
1933 3213 2195 3282 intelliges

632 3301 896 3355 clamasse
923 3299 1224 3373 Egyptios.
1280 3303 1466 3372 Atqui
1516 3320 1699 3357 verum
1740 3319 1843 3358 non
1877 3304 1945 3358 sit
1995 3305 2193 3370 dicere,

632 3404 725 3442 eos
755 3393 845 3458 qui
891 3403 1081 3445 natura
1145 3394 1507 3448 universitatis
1544 3394 1826 3448 Dominum
1879 3404 2195 3464 cognorant,

632 3482 852 3535 omnino
885 3483 951 3535 ad
993 3484 1163 3550 ipsum
1197 3500 1299 3538 non
1350 3484 1651 3539 clamasse?
1673 3485 1741 3537 At
1769 3486 1911 3538 enim
1942 3486 2200 3553 quemad-

634 3574 846 3641 modum
882 3576 1101 3645 sanguis
1152 3576 1333 3631 Abelis
1392 3576 1655 3631 clatuasse
1683 3576 1860 3631 diclur
1910 3579 1975 3629 ad
2010 3576 2198 3641 Deum,

633 3667 841 3721 etiamsi
880 3668 991 3735 ipse
1040 3670 1309 3736 propriam
1348 3683 1531 3725 vocem
1582 3684 1802 3738 prorsus
1832 3683 1935 3722 non
1982 3668 2198 3732 habeat,

634 3757 890 3825 sedquod
925 3758 1096 3825 ipsam
1129 3759 1279 3826 quasi
1316 3760 1389 3813 rei
1424 3759 1793 3828 indignitatem
1842 3759 1984 3813 Deus
2016 3773 2201 3828 prose-

632 3855 833 3917 quatur
870 3866 882 3902 :
916 3848 981 3901 ad
1012 3848 1256 3902 eunnletn
1287 3858 1416 3919 puto
1469 3852 1684 3905 modum
1719 3850 2019 3921 intelligere
2080 3852 2201 3920 quis

633 3940 855 4009 poterit,
892 3940 957 3994 de
991 3939 1074 3993 his
1111 3939 1291 3994 etiam.
1319 3940 1411 4008 qui
1441 3941 1673 3995 adorare
1704 3932 1947 3995 solebant
1978 3941 2203 3994 immun-

634 4035 732 4087 dos
753 4032 995 4101 spiritus.
1030 4031 1141 4085 Etsi
1178 4031 1321 4085 enim
1359 4032 1729 4087 univcrsitatis
1759 4034 1926 4087 Deum
1961 4048 2064 4087 non
2102 4033 2201 4085 ha~

631 4126 1142 4194 hebautcnguitum,
1179 4134 1353 4178 tamen
1404 4125 1530 4194 quia
1572 4126 1675 4177 vim
1707 4126 1850 4191 passi
1882 4134 2007 4178 sunt
2040 4140 2066 4177 a
2104 4123 2205 4177 Sa-

636 4228 784 4282 tana,
844 4218 958 4286 ipsa
1010 4218 1410 4285 quodammodo
1443 4232 1499 4271 re
1530 4217 1937 4281 exclamarunt,
1984 4218 2203 4271 omnino

635 4312 736 4365 sibi
777 4310 1035 4364 auxilium
1101 4310 1473 4378 implorantes.
1543 4310 1634 4364 Sic
1672 4311 1934 4366 clamasse
1975 4311 2204 4365 dicimus

636 4414 691 4458 ct
733 4401 1020 4472 Egyptios
1053 4403 1119 4457 ad
1153 4400 1321 4456 Deum
1377 4410 1594 4471 propter
1622 4401 1944 4458 amictantes
1980 4417 2093 4468 eos,
2148 4402 2200 4457 id

2285 590 2677 659 Θυσιαστήριον
2711 587 2820 657 γὰρ
2848 586 2925 658 τῷ
2959 585 3176 657 Κυρίῳο
3222 587 3449 641 πλεῖστά
3485 605 3544 639 τε
3592 588 3726 652 ὅσα,
3757 590 3847 642 xui

2285 678 2516 750 ἀριθμοῦ
2537 677 2838 748 κρείττονα,
2872 676 3012 729 κατὰ
3038 675 3137 744 τὴν
3164 676 3475 745 Αἰγυπτίων
3495 693 3507 705 ⁸
3546 677 3638 729 xui
3670 677 3729 729 τὸ
3754 678 3848 730 τοῦ

2286 770 2517 840 σταυροῦ
2558 771 2778 839 σημεῖον
2811 771 2921 830 τοῖς
2959 766 3227 821 ἐνοικοῦσι
3258 768 3648 838 προσκυνητόν.
3684 769 3849 825 [ism-

2286 861 2541 915 στεύκασι
2566 859 2673 929 γὰρ
2702 860 2781 921 εἰς
2816 858 2905 911 τὸν
2937 858 3140 927 Κύριον
3170 857 3328 929 ἡμῶν
3367 856 3572 927 Ἰησοῦν
3603 858 3692 910 τὸν
3717 858 3851 928 Χρι-

2286 950 2429 1003 στόν.
2452 947 2635 1011 Ἔδοξε
2671 946 2726 999 δέ
2747 963 2856 999 τισι
2884 945 2990 997 τῶν
3027 944 3323 1015 ἐξηγητῶν,
3358 946 3477 999 ἀντὶ
3502 946 3603 1015 τῆς
3651 946 3850 1015 στήλης

2284 1034 2457 1092 τίτλον
2478 1037 2759 1106 όνομὰσαι,
2803 1036 2894 1088 καί
2926 1051 3087 1103 φασιν
3112 1030 3247 1087 εἶναι
3285 1033 3440 1087 τοῦτο
3469 1034 3529 1087 τὸ
3560 1034 3713 1102 ἇγιον
3745 1034 3849 1087 E9—

2284 1126 2550 1195 αγγέλιον.
2575 1124 2852 1191 Δοξαζὲτω
2882 1124 2939 1175 δὲ
2959 1124 3115 1176 πάλιν
3145 1127 3172 1177 ὁ
3196 1124 3452 1194 νουνεχὴς
3477 1125 3537 1177 τὸ
3561 1123 3636 1187 ὡς
3658 1124 3852 1195 ἄριστὰ

2283 1234 2341 1269 τε
2366 1218 2459 1269 xui
2484 1211 2542 1268 εὖ
2577 1215 2719 1284 ἔχειν
2746 1214 2954 1268 δοκοῦν.

2355 1305 2482 1356 Ὀτι
2530 1302 2914 1370 κεκράξονται
2963 1302 3111 1368 πρὸς
3154 1303 3374 1371 Κύριον
3416 1302 3515 1357 διὰ
3559 1304 3701 1369 τοὺς
3732 1304 3855 1359 θλί-

2286 1399 2497 1459 ϐοντας
2523 1394 2761 1460 αὐτοὺς,
2791 1394 2887 1446 καὶ
2926 1392 3252 1447 ἀποστελεῖ
3279 1393 3483 1459 αὐτοῖς
3504 1396 3716 1462 Κύριος
3756 1394 3857 1447 ἇν-

2286 1491 2518 1556 θρωπον
2563 1486 2631 1552 ὃς
2685 1485 2869 1539 σώσει
2915 1478 3156 1551 autalt.
3216 1486 3324 1537 Καὶ
3361 1486 3632 1554 γνωστὸς
3686 1485 3858 1538 ἔσται

2286 1581 2499 1647 Κύριος
2549 1576 2669 1643 τοῖς
2728 1576 3087 1646 Αἰγυπτίοις.
3150 1577 3260 1631 Kal
3305 1576 3635 1646 γνώσονται
3670 1578 3723 1628 οι
3772 1578 3859 1628 Αἰ-

2286 1672 2519 1740 γύπτιοι
2561 1670 2667 1723 τὸν
2714 1670 2929 1736 Κύριον
2974 1670 3044 1721 ἐν
3092 1668 3166 1736 τῇ
3230 1668 3419 1737 ἡμέρᾳ
3478 1668 3699 1734 ἐκείνῃ.
3753 1668 3860 1720 Καὶ

2294 1762 2616 1831 ποιήσουσι
2643 1761 2878 1827 θυσίας,
2938 1761 3036 1813 καὶ
3071 1761 3347 1825 εὔξονται
3394 1760 3578 1829 εὐχὰς
3615 1758 3694 1824 τῷ
3743 1762 3859 1813 Κυ-

2286 1856 2417 1921 ρίῳ,
2441 1854 2537 1907 καὶ
2576 1850 2979 1906 ἀποδώσουσι.

2365 1945 2554 2012 Ἀθρει
2586 1944 2649 2013 δή
2694 1961 2784 2013 μοι
2840 1943 3001 1997 πάλιν
3047 1944 3144 2013 τῆς
3204 1943 3551 2013 προῃητικῆς
3583 1939 3864 2011 εὐτεχνίας

2291 2036 2389 2105 τὴν
2421 2034 2599 2105 νῆψιν.
2640 2035 2849 2103 Ὥσπερ
2873 2034 2979 2105 γὰρ
3019 2032 3534 2104 ἀναπυνθανομένου
3566 2030 3711 2095 τινὸς
3773 2031 3865 2083 xui

2291 2128 2558 2195 λέγοντος·
2592 2126 2656 2178 Τί
2677 2125 2736 2178 τὸ
2762 2125 2980 2196 χρῆμα;
3014 2126 3149 2180 Ποία
3179 2125 3233 2178 δὲ
3253 2124 3440 2194 γέγονε
3473 2123 3745 2194 πρόφασις
3773 2122 3861 2175 τοῦ

2291 2220 2381 2273 τὸν
2402 2219 2604 2289 Κύριον
2632 2217 2803 2270 ἐλθεῖν
2831 2220 2910 2281 είς
2937 2217 3207 2285 Αἴγυπτον
3238 2218 3328 2269 ὲπὶ
3369 2214 3597 2286 νεφέλης
3634 2212 3864 2283 κούφης.

2293 2310 2620 2383 χαρίσασθαί
2648 2328 2708 2362 τε
2735 2311 2915 2374 αὐτοῖς
2946 2309 3103 2363 τοῦτό
3151 2327 3209 2361 τε
3244 2308 3501 2373 κὰκεῖνο;
3532 2303 3804 2361 διαλαὸὼν
3839 2307 3867 2358 ό

2293 2404 2576 2475 προφήτης
2603 2402 2954 2472 ἀποκρίνεται
2990 2401 3082 2454 xui
3114 2400 3297 2471 φησίν·
3340 2401 3462 2452 Ὅτι
3511 2395 3867 2467 κεκράξονται

2296 2496 2431 2566 πρὸς
2476 2494 2680 2564 Κύριον
2728 2491 2815 2545 διὰ
2843 2491 2968 2555 τοὺς
3028 2490 3306 2552 θλίϐοντας
3348 2490 3570 2552 αὐτοὺς,
3604 2488 3699 2540 xui
3726 2489 3867 2540 ἀπο-

2298 2586 2474 2639 στελεῖ
2531 2583 2713 2646 αὐτοῖς
2748 2580 2955 2652 Κύριος
3006 2579 3291 2648 ἄνθρωπον
3341 2578 3399 2641 ὃς
3454 2576 3616 2629 σώσει
3649 2576 3864 2637 αὐτούς.

2308 2675 2648 2746 Ἐπεπήδησε
2677 2672 2775 2743 μὲν
2798 2673 2908 2743 γὰρ
2942 2673 2969 2724 ὁ
3007 2671 3107 2739 τῆς
3159 2669 3428 2740 ἁμαρτίας
3458 2666 3674 2738 πατὴρ.
3725 2665 3868 2719 τοῦτ’

2297 2768 2442 2821 εστιν
2472 2768 2501 2820 ὁ
2531 2764 2792 2828 Σατανᾶς,
2846 2765 2957 2825 τοῖς
2988 2761 3091 2815 ἀνὰ
3125 2762 3307 2813 πᾶσαν
3345 2758 3444 2827 τὴν
3472 2758 3602 2826 γῆν,
3646 2756 3740 2808 xui
3770 2754 3867 2823 τῆς

2298 2856 2491 2910 ἑαυτοῦ
2519 2855 2845 2924 δυστροπίας
2870 2852 3081 2914 ἐπιθεὶς
3103 2849 3274 2904 ἅπασι
3303 2849 3391 2901 τὸν
3425 2848 3606 2916 ζυγὸν,
3635 2844 3868 2900 ἀπεδουο

2298 2948 2497 3018 κόλησε
2524 2949 2622 3018 μὲν
2654 2945 2755 3016 τῆς
2779 2946 2857 3008 εἰς
2885 2944 3017 2997 Θεὸν
3051 2944 3291 3012 ἀγάπης.
3327 2941 3502 2994 Μόνον
3531 2938 3589 2993 δὲ
3626 2937 3746 3007 οὐχὶ
3790 2936 3869 2988 δε·

2298 3039 2553 3109 δεμένους
2573 3037 2710 3107 ἔχων
2754 3037 2842 3104 ὑφ’
2874 3033 3072 3104 ἑαυτῷ,
3121 3025 3336 3104 πικρῶς
3382 3048 3439 3084 τε
3493 3029 3587 3083 xui
3634 3026 3869 3089 ἀνοσίως

2300 3129 2650 3193 κατεὸιάζετο
2667 3145 2679 3157 °
2718 3126 2830 3179 ἀλλ’
2854 3127 2888 3196 ἡ
2911 3124 3005 3178 τοῦ
3029 3124 3351 3194 πράγματος
3373 3120 3551 3190 φύσις,
3576 3118 3754 3190 δεινὴν
3780 3119 3869 3171 καὶ

2302 3219 2575 3289 ἀφόρητον
2607 3219 2801 3286 ἔχουσα
2821 3215 2919 3285 τὴν
2945 3210 3278 3276 πλεονεξίαν,
3324 3212 3426 3281 τῆς
3474 3209 3682 3262 ἐκείνου
3738 3222 3870 3260 κατι

2301 3311 2495 3380 εϐόησε
2547 3308 2879 3381 τυραννίδος.
2938 3305 3093 3359 Οῦτω
3135 3304 3347 3373 νοήσεις
3369 3300 3737 3371 κεκράξοντας
3779 3298 3871 3350 Δί-

2301 3403 2579 3473 γυπτίους.
2628 3400 2821 3454 Καίτοι
2866 3398 2982 3461 πῶς
3036 3397 3135 3449 οὐκ
3168 3394 3365 3466 ἀληθὲς
3421 3394 3618 3457 εἰπεῖν,
3649 3391 3729 3443 ὅτι
3782 3389 3869 3441 τὸν

2302 3495 2459 3564 φύσει
2510 3493 2616 3546 τῶν
2661 3493 2795 3544 ὅλων
2843 3489 3117 3559 Δεσπότην
3156 3488 3257 3539 οὐκ
3307 3483 3630 3554 ἐγνωκότες,
3677 3481 3782 3535 οὐδ’
3810 3480 3871 3532 ἂν

2302 3588 2434 3647 ὅλως
2470 3584 2699 3654 ἐϐόησαν
2726 3581 2858 3652 πρὸς
2888 3579 3048 3633 αὐτόν
3076 3597 3089 3645 ;
3125 3576 3264 3629 Ἀλλ’
3292 3575 3477 3644 ὥσπερ
3516 3572 3579 3625 τὸ
3616 3566 3753 3640 αἷμα
3780 3568 3869 3622 τοῦ

2304 3676 2469 3729 ’Ἅϐελ
2494 3675 2684 3745 βοῆσαι
2704 3672 2919 3739 λέγεται
2942 3668 3075 3739 πρὸς
3094 3668 3185 3719 τὸν
3197 3666 3351 3727 Θεὸν,
3376 3665 3468 3718 xui
3492 3664 3591 3716 οὐκ
3616 3660 3747 3715 αὑτό
3769 3676 3863 3711 που

2304 3766 2541 3829 πάντως,
2572 3764 2707 3817 ἰδίαν
2736 3763 2858 3832 ἔχον
2889 3760 3094 3830 φωνήν·
3122 3757 3236 3812 ἀλλ’
3275 3757 3437 3809 οἱονεὶ
3463 3754 3560 3825 τὴν
3587 3753 3753 3822 αὐτὴν
3780 3749 3869 3804 τοῦ

2304 3858 2626 3928 πράγματος
2642 3851 2870 3907 ἀτοπίαν
2898 3847 3364 3915 κατεστυγηκότος
3390 3843 3546 3897 Θεοῦ·
3574 3842 3667 3895 τὸν
3695 3840 3867 3906 αὑτὸν,

2304 3945 2479 4017 οἶμαι,
2508 3944 2709 4015 τρόπον
2732 3940 2921 4010 νοῆσαι
2951 3955 3036 4000 τις
3068 3937 3133 3990 ἂν
3182 3934 3275 3987 xui
3322 3933 3414 3986 ἐπὶ
3462 3931 3571 3985 τῶν
3612 3930 3870 3984 εἰωθότων

2307 4037 2626 4109 προσκυνεῖν
2654 4034 2762 4094 τοῖς
2794 4028 3123 4099 ἀκαθάρτοις
3142 4026 3408 4093 δαίμοσιν.
3438 4024 3502 4077 Εἰ
3522 4022 3633 4094 γὰρ
3656 4022 3748 4075 xui
3778 4022 3869 4075 οῦκ

2306 4132 2452 4183 ἴσασι
2484 4126 2574 4179 τὸν
2601 4124 2708 4178 τῶν
2737 4122 2873 4176 ὅλων
2904 4121 3057 4182 Θεὸν,
3087 4118 3200 4172 ἀλλ’
3234 4113 3326 4171 οῦν
3355 4118 3433 4171 ὅτι
3451 4114 3868 4182 πεπλεονέκτην-

2306 4234 2391 4273 ται
2424 4216 2575 4287 παρὰ
2625 4214 2719 4269 τοῦ
2774 4213 3007 4273 Σατανᾶ,
3062 4210 3128 4263 δι’
3173 4209 3336 4263 αὑτοῦ
3385 4208 3585 4278 τρόπον
3634 4205 3751 4258 τινὰ
3781 4203 3867 4257 τοῦ

2307 4313 2626 4382 πράγματος
2648 4305 3052 4375 ἀνακεκράγασι
3076 4302 3172 4372 τὴν
3202 4304 3283 4369 ἐφ’
3303 4302 3511 4362 ἑαυτοῖς
3539 4315 3643 4351 που
3667 4298 3869 4358 πάντως

2305 4401 2579 4463 αἰτοῦντες
2618 4396 2953 4467 ἐπικουρίαν.
2998 4392 3155 4446 υῦτω
3207 4390 3397 4461 βοῆσαί
3440 4405 3621 4459 φαμεν
3652 4388 3743 4440 xui
3780 4388 3867 4449 Ai-

634 4506 739 4559 est,
772 4494 873 4549 sub
903 4509 1118 4549 mamnn
1167 4508 1351 4549 eorum
1402 4508 1465 4548 ac
1512 4502 1829 4563 potestatem
1871 4494 2195 4565 redigentvs.

2303 4495 2563 4565 γυπτίους
2599 4492 2735 4581 πρὸς
2758 4489 2908 4554 Θεὸν,
2930 4486 3015 4540 διὰ
3037 4486 3161 4549 τοὺς
3185 4484 3461 4547 θλίϐοντας
3498 4483 3715 4545 αὐτοὺς,
3736 4479 3864 4533 τοῦτ’

633 4599 683 4641 et
718 4589 863 4643 velut
898 4588 1243 4643 acerbissima
1276 4589 1503 4658 quadam
1528 4589 1788 4643 servitute
1812 4588 2196 4658 opprintentes,

632 4681 882 4735 videlicet
917 4681 1158 4748 impuros
1204 4682 1494 4735 daemonas.
1547 4679 1815 4734 Cancrum
1880 4679 2055 4733 mittet
2100 4677 2203 4731 illis

635 4772 894 4825 Dominus
943 4772 1212 4826 hominem
1235 4771 1323 4840 qui
1352 4781 1767 4825 conservaturus
1818 4779 1901 4824 est
1924 4785 2034 4823 eos.
2072 4768 2204 4835 Quis

638 4860 851 4915 tandem
881 4862 1083 4916 homo?
1115 4877 1291 4915 atmon
1323 4860 1573 4916 Christus
1606 4860 1833 4923 scilicet,
1884 4859 1938 4912 in
1967 4860 2201 4912 humana

636 4955 802 5033 296
847 4953 1018 5008 forma
1073 4963 1255 5017 natus,
1291 4954 1627 5023 unigenitum
1678 4950 1767 5005 Dei
1806 4949 2063 5014 Verbum,
2117 4947 2205 5003 hic

639 5049 915 5114 servavit,
966 5062 1073 5101 non
1121 5045 1403 5114 Egyptios
1458 5045 1635 5107 modo,
1684 5043 1775 5097 sed
1834 5056 1995 5111 porro
2042 5040 2203 5096 etiam

640 5153 836 5196 terram
872 5138 1219 5215 universam?
1249 5137 1605 5204 Servavitque
1644 5136 1917 5203 judicans.
1966 5133 2034 5188 Et
2074 5131 2204 5202 quid

637 5244 718 5288 est
745 5233 899 5296 illud,
928 5227 1463 5299 judicans?scilicet,
1492 5225 1698 5294 justum
1737 5226 1788 5279 iu
1817 5239 1911 5280 eos
1941 5222 2204 5292 judicium

638 5324 1010 5394 pronuntians.
1068 5323 1327 5376 Satanam
1388 5321 1531 5374 enim
1585 5318 1672 5386 qui
1742 5317 1847 5370 vim
1896 5315 2099 5381 intulit,
2151 5324 2206 5367 et

637 5431 758 5469 cum
793 5428 859 5469 eo
913 5415 1056 5480 ipsos
1109 5411 1348 5478 impuros
1405 5409 1681 5462 daemonas
1738 5404 1950 5460 calculo
2018 5414 2205 5458 sancto

560 5553 564 5557 .
637 5505 891 5574 subjecit,
919 5503 1123 5558 catenis
1157 5502 1497 5556 tenebrarum
1539 5500 1592 5554 in
1625 5498 1857 5552 Tartaro
1891 5496 2202 5561 custodivit,

638 5597 963 5664 tradiditque
1009 5603 1066 5648 ut
1131 5595 1185 5647 in
1234 5592 1498 5661 judicium
1559 5589 1738 5659 magni
1790 5589 1892 5643 diei
1951 5588 2201 5658 puniendi

638 5702 939 5747 serve-mur.
974 5687 1072 5752 Qui
1119 5698 1279 5754 porro
1316 5683 1653 5753 tyrannidem
1685 5682 2076 5745 sustinuerunt,
2112 5696 2203 5735 eos

640 5778 978 5833 conservavit
1013 5786 1066 5831 et
1098 5775 1316 5844 eripuit,
1339 5783 1392 5830 et
1417 5787 1544 5830 suos
1574 5771 1749 5830 eliecit
1795 5772 2024 5829 cultores
2056 5790 2071 5827 :
2108 5788 2202 5828 ve-

2304 4589 2437 4650 ἕστι,
2472 4586 2596 4647 τοὺς
2637 4570 2741 4636 ῦπὸ
2770 4582 2928 4651 χεῖρα
2949 4578 3046 4648 τὴν
3077 4575 3281 4629 ἑαυτῶν
3316 4573 3717 4643 πεποιημένους
3737 4614 3749 4633 ,
3784 4570 3866 4633 xui

2302 4681 2489 4752 ὥσπερ
2517 4678 2621 4731 τινὶ
2650 4675 2952 4746 πικροτάτῃ
2976 4670 3189 4741 δουλείᾳ
3233 4668 3690 4730 καταπιέσαντας,
3726 4664 3865 4734 δῆλον

2302 4772 2360 4826 δὲ
2392 4773 2473 4825 ὃτι
2502 4772 2626 4833 τοὺς
2653 4767 2992 4837 ἀκαθάρτους
3021 4762 3301 4831 δαίμονας.
3346 4758 3505 4811 Ἀλλὰ
3544 4758 3749 4828 πέμψει
3782 4756 3864 4808 αὐ-

2302 4864 2412 4926 τοῖς
2439 4860 2641 4931 Κύριος
2688 4857 2970 4926 ἄνθρωπον
3023 4853 3080 4916 ὃς
3115 4851 3275 4904 σώσει
3329 4849 3545 4912 αὐτούς.
3586 4850 3696 4902 Kui
3734 4848 3813 4911 τίς
3846 4849 3869 4898 ὁ

2305 4953 2587 5026 ἄνθρωπος
2610 4991 2624 5015 ,
2652 4948 2683 5020 ἧ
2721 4946 2959 5017 δηλονότι
2986 4945 3013 4997 ό
3037 4942 3303 5013 Χριστός;
3338 4940 3484 4994 τοῦτ’
3508 4942 3674 5002 ἔστιν,
3705 4941 3763 4992 ὲν
3792 4940 3870 4991 ἀν-

2306 5042 2551 5115 θρωπεία
2581 5042 2762 5111 μορφῇ
2794 5036 3048 5107 πεφηνὼς
3083 5038 3109 5088 ὁ
3156 5033 3450 5105 μονογενὴς
3479 5032 3574 5085 τοῦ
3612 5031 3746 5085 Θεοῦ
3778 5030 3867 5084 A6-

2304 5152 2417 5204 γος·
2454 5126 2607 5193 οὗτος
2634 5130 2873 5182 σέσωκεν
2910 5128 3009 5181 οὐκ
3038 5126 3365 5193 Αἰγυπτίους
3389 5125 3569 5194 μόνον,
3597 5121 3733 5175 ἀλλά
3776 5120 3867 5189 γὰρ

2305 5225 2399 5277 xui
2417 5223 2516 5293 τὴν
2542 5220 2829 5291 σύμπασαν
2858 5219 2979 5289 γῆν.
3004 5216 3215 5269 Σέσωκε
3240 5215 3296 5267 δὲ
3328 5215 3550 5283 κρίνων·
3586 5213 3677 5265 xui
3714 5212 3767 5265 τί
3797 5211 3864 5273 τὸ,

2306 5315 2526 5386 κρίνων,
2547 5311 2726 5377 ὲστίν;
2764 5310 2908 5363 Ἀντὶ
2934 5308 3048 5372 τοῦ,
3075 5307 3285 5360 δικαίαν
3315 5306 3402 5358 ἐπ’
3434 5306 3616 5369 αὐτοῖς
3639 5304 3738 5373 τὴν
3764 5299 3866 5372 κρί⁸

2309 5422 2391 5457 σιν
2428 5404 2695 5473 ἐκφέρων.
2726 5400 2829 5454 Τὸν
2855 5399 2953 5471 μὲν
2989 5398 3099 5470 γὰρ
3123 5396 3591 5464 πλεονεκτήσαντα
3612 5393 3861 5454 Σατανᾶν,

2305 5498 2397 5551 xui
2454 5497 2549 5548 σὺν
2618 5492 2764 5563 αύτῷ
2815 5493 2941 5554 τοὺς
2971 5489 3311 5562 ἀκαθάρτους
3364 5487 3623 5558 δαίμονας
3678 5486 3862 5555 ψήφοις

2304 5588 2480 5649 ὁσίαις
2510 5585 2801 5647 ὑποτιθεὶς,
2834 5584 3041 5653 σειραῖς
3098 5581 3260 5648 ζόφου
3325 5578 3682 5649 ταρταρώσας
3738 5590 3857 5642 παρα

2306 5679 2506 5732 ἔδωκεν
2540 5681 2617 5742 εἰς
2640 5679 2819 5747 κρίσιν
2862 5675 3100 5745 μεγάλης
3124 5674 3333 5744 ἡμέρας
3378 5667 3856 5739 κολασθησομένους

2307 5772 2511 5842 τηρεῖν.
2548 5769 2684 5831 Τοὺς
2712 5766 2766 5819 δέ
2797 5784 2857 5835 γε
2892 5766 2990 5836 τὴν
3029 5765 3201 5831 οὓτως
3229 5763 3499 5833 ἀφόρητον
3537 5758 3855 5819 amnem;
