4110 6512
262 385 356 441 ιτς)

1349 379 1414 433 ΙΝ
1457 379 1682 435 ΙΒΛΙΑΜ
1723 381 1852 436 LIB.
1894 382 1956 436 ll.
1997 380 2237 438 TOMUS
2279 380 2367 436 IV.

3387 379 3484 434 Et

264 493 564 560 πλεονεξίαν,
597 493 797 547 σέσωκέ
823 511 879 547 τε
909 496 1001 548 καὶ
1041 493 1296 560 ἐξείλετο,
1353 496 1446 550 καὶ
1493 495 1654 559 ἰδίους
1687 498 1793 550 ἀπ-

1905 497 2072 551 ritatis
2100 497 2219 550 lucc
2255 510 2350 550 eos
2379 495 2720 561 collustrans,
2751 506 2806 552 et
2845 496 3115 552 libertatis
3157 503 3479 552 ornamento

262 597 408 659 ἐφηνε
443 584 834 658 προσκυνητάς,
858 585 918 638 τὸ
948 586 1047 656 τῆς
1068 585 1323 656 ἀληθείας
1341 587 1522 650 αὑτοῖς
1548 588 1804 657 ὲναστράο

258 687 348 754 ipa;
375 683 501 752 φῶς·
535 679 754 741 καὶτοῖς
780 679 878 749 τῆς
908 678 1220 749 ἐλευθερίας
1263 681 1541 751 αὐχήμασι
1576 681 1803 751 περιϐα-

258 775 368 828 λών.
419 771 568 824 υὺτω
608 771 697 823 καὶ
749 769 910 832 αὑτός
972 787 1076 823 που
1113 772 1276 842 φησὶν
1316 773 1344 824 ό
1393 773 1605 843 Σωτήρο
1634 791 1653 823 ι
1689 771 1804 824 Νῦν

258 863 415 934 κρίσις
447 861 562 913 ἐστὶ
617 858 704 912 τοῦ
741 859 944 929 κόσμου
989 860 1196 914 τούτου.
1263 860 1377 914 Νῦν
1424 864 1452 914 ό
1485 862 1666 932 ἄρχων
1708 860 1802 914 τοῦ

257 956 437 1025 κόσμον
473 953 658 1006 τούτου
697 953 1088 1024 ἐκϐληθήσεται
1115 953 1238 1019 ἔξω.
1259 952 1429 1022 Κάγὼ
1459 953 1554 1006 ἐάν
1581 952 1798 1022 ὑψωθῶ,

256 1048 440 1107 πάντας
467 1043 677 1096 ἑλκύσω
707 1044 842 1114 πρὸς
897 1044 1149 1112 ἐμαυτόν.
1183 1064 1200 1095 ι
1240 1044 1401 1115 Ὁρᾷς
1433 1045 1515 1097 ὅτι
1555 1031 1800 1098 δεδίκακε

252 1135 320 1204 τῷ
349 1133 552 1203 κόσμῳ,
577 1133 670 1186 καί⁵
701 1133 791 1184 τὸν
827 1130 992 1186 πάλαι
1035 1132 1445 1203 τυραννήσαντα
1492 1137 1611 1186 κατ’
1636 1133 1799 1186 αὑτοῦ

252 1224 472 1278 Σατανᾶν
520 1221 850 1292 ἐκϐέϐληκεν
872 1263 886 1283 ,
920 1221 1138 1274 εἵλκυσέ
1164 1237 1222 1273 τε
1273 1221 1479 1284 πάντας
1511 1222 1647 1292 πρὸς
1673 1223 1794 1275 ἑαυ-

250 1316 346 1370 τόν.
375 1311 666 1383 Ἐγνὼκασι
688 1313 797 1382 γάρ
825 1313 986 1366 αὑτὸν
1015 1313 1110 1366 καὶ
1143 1312 1446 1382 Αἰγύπτιοι.
1477 1315 1587 1368 Καὶ
1609 1313 1672 1384 δὴ
1708 1314 1800 1366 καὶ

249 1403 600 1473 ἐπεγνωκότες
626 1401 840 1455 ποιοῦσι
875 1401 1086 1466 θυσίας,
1120 1401 1366 1471 εὑχονται
1404 1403 1460 1455 δὲ
1490 1405 1581 1456 καὶ
1611 1404 1797 1474 εὑχάς,

249 1495 328 1547 καὶ
364 1494 438 1555 εἰς
463 1492 636 1562 πέρας
663 1491 854 1560 ἄγουσι
905 1493 975 1546 τά
1028 1493 1430 1563 ἐπηγγελμένα.
1473 1493 1642 1545 Τοῦτο
1693 1494 1798 1566 γάρ

248 1584 350 1634 ἐστι
374 1581 431 1633 τὸ
457 1580 543 1634 διὰ
585 1582 770 1650 φωνῆς
805 1580 898 1633 τοῦ
925 1580 1088 1633 Δαὸὶδ
1120 1581 1544 1651 μελῳδούμενον·
1579 1601 1596 1632 ι
1623 1581 1797 1648 Εὑξα-

247 1673 326 1725 σθε
353 1673 440 1724 καὶ
459 1672 704 1726 ἀποδῶτε
733 1672 810 1742 τῷ
838 1672 1026 1743 Κυρίῳ
1045 1671 1162 1742 Θεῷ
1186 1672 1364 1742 ήμῶν.
1392 1690 1414 1723 ι
1449 1673 1590 1745 Ὅρα
1621 1674 1797 1726 τοίνυν

248 1763 516 1832 καινότητα
545 1764 906 1834 πραγμάτων.
941 1763 1006 1817 Οί
1038 1763 1146 1834 γάρ
1178 1763 1344 1816 πάλαι
1365 1767 1476 1827 τοῖς
1501 1764 1794 1835 δαιμονίοις

245 1851 513 1904 καταθύειν
547 1851 821 1916 εἰωθότες,
854 1854 902 1905 οί
954 1852 1030 1923 τῷ
1076 1853 1285 1924 Σατανᾷ
1335 1856 1796 1924 προσκομίζοντες
1833 1833 1871 1886 Β

243 1943 327 2005 τὰς
350 1941 598 2011 λατρείας
628 1943 724 1995 καὶ
765 1943 1107 2006 ἀνατιθέντες
1159 1946 1511 2014 χαριστήρια,
1561 1947 1654 2000 καὶ
1689 1948 1794 2017 μὴν

243 2034 324 2086 καὶ
347 2034 524 2103 εὐχάς,
548 2035 718 2106 ήγουν
740 2037 1064 2106 ὑποσχέσεις
1113 2036 1556 2107 ἀποπληροῦντες
1600 2040 1796 2092 ἐσπου-

241 2128 516 2198 δασμένωςο
552 2131 963 2200 πεφωτισμένοι
1005 2129 1095 2183 τὸν
1119 2130 1242 2183 νοῦν
1287 2130 1374 2184 διὰ
1417 2132 1671 2200 Χριστοῦ.
1701 2134 1794 2185 καὶ

239 2221 334 2280 τοῖς
357 2217 451 2287 τῆς
475 2217 742 2288 ἀληθείας
784 2220 1049 2290 δόγμασιν
1096 2220 1658 2292 ὲκλελαμπρυσμένοι,
1701 2223 1800 2292 τῆς

241 2309 326 2378 μὲν
348 2310 576 2380 ἀρχαίας
612 2311 1047 2383 ἀποδραμοῦνται
1090 2313 1318 2384 πλάνης,
1353 2316 1720 2382 ἐπεγνωκότες
1742 2315 1798 2368 δὲ

237 2400 365 2466 ἅπαξ
386 2401 471 2454 τὸν
518 2403 638 2456 τῶν
680 2404 816 2458 ὅλων
842 2407 1221 2479 γενεσιουργὸν
1279 2408 1373 2460 καὶ
1401 2407 1623 2479 Κύριον,
1651 2407 1800 2480 αὑτῷ

235 2489 320 2560 τὴν
341 2492 393 2543 ὲν
416 2492 694 2562 πνεύματι
721 2495 1146 2565 προσκομίζουσι
1167 2495 1442 2568 λατρείαν,
1489 2497 1798 2566 πανάγνους

1908 591 2188 649 amiciens.
2232 588 2306 642 Ita
2363 589 2526 643 etiam
2565 591 2679 659 ipse
2728 591 2858 644 dicit
2917 587 3116 643 alicubi
3174 585 3475 642 Servator:

1911 700 1930 733 ι
1971 682 2125 736 Nunc
2149 679 2415 752 judicium
2455 690 2539 735 est
2581 679 2740 749 hujus
2773 681 2958 734 mundi
3001 697 3016 734 :
3055 693 3197 733 nunc
3230 677 3480 747 princeps

1906 772 2088 827 mundi
2156 771 2314 840 huius
2369 771 2615 841 ejicietur
2659 770 2827 826 foras.
2878 769 2946 824 Et
2993 783 3093 842 ego
3133 768 3178 823 si
3207 765 3478 822 exaltatus

1908 861 2060 916 luero
2096 863 2162 917 de
2192 872 2356 926 terra,
2412 877 2600 918 omnes
2652 863 2863 915 traham
2923 861 2990 913 ad
3046 859 3306 928 meipsum
3347 856 3407 911 “.
3450 874 3471 908 ι

1905 951 2094 1007 Viden'
2129 953 2300 1016 illum,
2337 954 2594 1008 mundum
2626 950 2942 1021 judicasse?
2974 959 3027 1005 et
3061 949 3316 1004 Satanam
3347 947 3474 1001 olim

1903 1053 2087 1097 contra
2129 1044 2302 1114 ipsum
2353 1043 2690 1116 tyrannidem
2736 1050 3076 1098 exercentem
3109 1037 3372 1109 eiecisse?
3411 1037 3475 1092 ad

1905 1147 1965 1186 se
1997 1148 2186 1188 omnes
2215 1133 2491 1189 traxisse?
2526 1131 2800 1187 Noverunt
2842 1131 3039 1188 etenim
3073 1130 3245 1199 ipsum
3306 1127 3476 1199 [Egy-

1903 1221 2021 1290 ptii.
2075 1222 2138 1277 Et
2176 1222 2261 1276 tibi
2285 1231 2641 1293 agnoverunt,
2676 1223 2878 1277 l'aciuut
2908 1222 3172 1277 sacriﬁcia
3196 1258 3212 1285 ,
3242 1229 3474 1274 vovent-

1901 1325 2004 1380 que
2028 1321 2169 1374 vota,
2223 1322 2276 1365 et
2307 1328 2426 1380 quae
2454 1322 2578 1366 sunt
2609 1311 2870 1382 promissa
2904 1321 3293 1380 exsequuntur.
3333 1307 3476 1363 Istud

1902 1401 2044 1456 enim
2099 1412 2180 1456 est
2220 1418 2352 1458 voce
2405 1403 2623 1458 Davidis
2680 1403 3023 1458 decantatum
3059 1418 3072 1454 :
3112 1419 3130 1451 ι
3170 1397 3368 1452 Vovete
3423 1405 3480 1451 et

1905 1493 2109 1547 reddite
2143 1493 2367 1548 Domino
2403 1494 2510 1550 Deo
2544 1504 2730 1548 nostro
2753 1493 2818 1549 “.
2851 1513 2870 1545 ›
2902 1493 3116 1547 Intuere
3165 1491 3346 1559 itaque
3379 1502 3477 1541 no-

1903 1584 2119 1638 vitalem
2160 1599 2358 1640 rerum.
2397 1585 2496 1652 Qui
2533 1589 2732 1642 etenim
2765 1587 3036 1656 quondam
3081 1581 3360 1637 dannoniis
3390 1594 3450 1634 sa

1901 1675 2147 1731 criticare
2201 1687 2620 1741 consueverunt,
2667 1679 2756 1748 qui
2794 1677 3054 1732 Satanam
3093 1674 3241 1729 cultu
3291 1685 3477 1742 prosc-

1901 1766 2006 1819 ciiti
2033 1777 2174 1833 sunt,
2199 1777 2349 1838 grata
2375 1781 2757 1824 consecrarunt
2799 1769 3062 1833 carmina,
3095 1777 3151 1821 et
3181 1774 3304 1818 rota
3341 1778 3478 1832 quo-

1901 1872 2004 1925 que
2043 1859 2474 1929 adimpleverunt
2521 1860 2764 1914 studiose
2793 1877 2806 1913 :
2839 1857 3119 1912 illuminati
3175 1862 3353 1908 mente
3384 1865 3479 1920 per

1901 1949 2198 2015 Christum,
2238 1962 2290 2006 et
2316 1951 2560 2006 veritatis
2598 1951 2942 2018 dogmatibus
2981 1945 3252 2007 illustrati.
3285 1944 3351 1998 ab
3377 1957 3477 1995 an-

1903 2042 2050 2110 tiquo
2074 2056 2261 2097 errore
2297 2041 2628 2111 refugerunt,
2675 2051 2726 2096 et
2763 2048 3121 2110 agnoscentes
3163 2033 3332 2090 semel
3358 2032 3478 2085 nni-

1902 2135 2175 2204 versitatis
2199 2146 2598 2204 procreatorcm
2647 2144 2700 2188 et
2747 2132 3055 2195 Dominum,
3097 2129 3196 2198 ipsi
3259 2126 3310 2180 in
3366 2125 3478 2193 spi-

1907 2203 2015 2280 ridu
2067 2226 2270 2280 cultum
2327 2225 2582 2290 oderunt,
2609 2226 2893 2294 purissima
2926 2232 3048 2276 vota
3103 2216 3393 2288 implendo.
3425 2221 3478 2268 et

1903 2316 2166 2372 sacrilicia
2202 2318 2500 2382 offerendo,
2527 2334 2632 2372 non
2673 2316 2784 2386 jam
2836 2331 2931 2385 per
2977 2325 3228 2368 cruorem
3261 2319 3318 2363 et
3347 2309 3474 2360 bru-

1905 2416 2080 2461 torum
2146 2409 2370 2471 aedem,
2420 2409 2534 2474 sed,
2608 2408 2682 2462 uti
2737 2407 3005 2469 dicebam,
3056 2398 3377 2472 spiritualia,
3424 2404 3479 2449 et

1895 2513 2118 2568 propter
2140 2501 2539 2556 immaculatam
2557 2500 2842 2566 puritatem
2871 2505 3115 2563 accepta.

235 2584 541 2656 πληρούνειε
582 2589 766 2658 εὖχάςν
801 2592 893 2644 καὶ
952 2591 1139 2655 θυσίας
1178 2593 1560 2664 ἀναφέροντες,
1603 2593 1664 2647 οὑ
1729 2594 1827 2658 τὰς
1864 2595 1930 2650 δι’
1959 2597 2208 2668 αἱμάτων
2251 2597 2330 2650 ἔτι
2368 2597 2462 2649 καὶ
2528 2595 2628 2666 τῆς
2657 2593 2765 2646 τῶν
2807 2591 3015 2658 ἀλόγων
3052 2585 3285 2656 σφαγῆς*
3315 2599 3478 2636 πνευ-

238 2677 447 2748 parma;
464 2677 519 2730 δὲ
555 2679 785 2748 μᾶλλον,
814 2680 889 2744 ὼς
912 2681 1068 2752 ἔφην,
1105 2683 1197 2736 καὶ
1227 2682 1653 2753 εὐπροσδέκτους
1696 2684 1784 2737 διά
1814 2685 1874 2737 τὸ
1896 2686 2124 2757 ἄμωμον
2147 2721 2167 2735 ρ

293 2770 392 2824 Kal
441 2770 701 2836 πατάξει
743 2774 956 2840 Κύριος
1002 2774 1145 2841 τοὺς
1199 2777 1562 2845 Αἰγυπτίους
1597 2775 1803 2845 πληγῇ

231 2857 460 2928 μεγάλῃ,
487 2860 594 2914 καὶ
618 2860 845 2916 ἰάσεται
867 2863 1089 2930 αὐτοὺς
1117 2864 1290 2918 (cicer
1313 2865 1414 2919 καὶ
1446 2867 1808 2936 ἐπιστραφή-

234 2955 424 3005 vortat
451 2951 612 3021 πρὸς
639 2955 877 3022 Κύριον,
895 2955 993 3009 καί
1017 2957 1439 3011 εἰσακούσεται
1466 2959 1683 3021 αὐτῶν,
1706 2959 1804 3014 καί

237 3041 443 3096 triuerat
475 3045 553 3098 αὑ
569 3045 730 3110 τούς.

1915 2792 1920 2796 ·
1975 2780 2136 2834 Vsus.
2186 2779 2278 2834 22.
2329 2776 2397 2831 Et
2435 2779 2689 2848 percutiet
2733 2775 2989 2830 Dominus
3013 2769 3291 2841 «Egyptior
3324 2766 3481 2838 plaga

1903 2885 2114 2937 magna,
2159 2881 2208 2923 et
2247 2869 2453 2924 sanabit
2496 2885 2582 2922 eos
2631 2867 2927 2921 sanatione.
2990 2861 3062 2916 Et
3114 2871 3482 2914 convertentur

1904 2961 1972 3012 ad
1997 2959 2301 3025 Dominum,
2335 2970 2382 3015 et
2413 2961 2654 3014 exaudiet
2679 2974 2786 3024 eos,
2817 2969 2862 3010 et
2896 2955 3125 3009 sanabit.

295 3134 452 3188 Ὅταν
501 3137 916 3206 ἑπισκέπτηται
965 3135 1117 3202 θεὸς,
1161 3137 1389 3208 πλήττει
1445 3139 1546 3210 μὲν
1575 3138 1685 3191 ἔσθ’
1713 3141 1802 3193 ὅτε

1976 3145 2201 3212 Quando
2232 3142 2414 3196 visitat
2467 3141 2628 3204 Deus,
2680 3136 2911 3206 percutit
2955 3132 3170 3204 quidem
3197 3129 3483 3202 designau-

233 3226 344 3289 τοὺς
371 3227 610 3289 ἀνοσίως
640 3228 1008 3298 πεπραχότας,
1042 3229 1137 3282 καὶ
1169 3228 1267 3293 τὰς
1305 3229 1447 3302 ὑπὲρ
1480 3225 1556 3284 ὧν
1588 3233 1667 3294 είς
1709 3233 1806 3285 αὑ-

231 3316 310 3369 τὸν
350 3317 792 3389 πεπαρῳνήκασι
860 3318 1163 3389 πράττεται
1256 3320 1434 3384 δίκας,
1490 3321 1697 3389 ὀνίνησι
1749 3321 1804 3374 δὲ

233 3409 419 3480 σφόδρα
450 3410 604 3464 κατά
643 3410 832 3464 τοῦτον
879 3410 970 3463 τὸν
999 3411 1222 3483 τρόπον.
1258 3412 1331 3464 Οὑ
1363 3412 1472 3482 γὰρ
1498 3411 1807 3482 ἡττώμενος

230 3501 461 3572 ἐπιφέρει
493 3502 601 3574 τὴν
656 3502 916 3573 μάστιγα,
949 3504 1256 3573 μετατιθεὶς
1299 3505 1354 3558 δὲ
1395 3504 1596 3576 μᾶλλον
1631 3506 1722 3558 ἐπὶ
1747 3505 1806 3558 τὸ

231 3594 453 3664 ἄμεινον.
474 3597 550 3648 Ἢ
583 3595 692 3666 γάρ
719 3597 783 3648 ὲκ
811 3595 1017 3666 πλάνης
1061 3596 1381 3666 μεθίστησιν
1411 3599 1489 3661 εἰς
1523 3597 1802 3668 ἀλήθειαν,

229 3684 258 3752 ἦ
293 3687 379 3738 καὶ
409 3686 738 3750 ἀκαθέκτως
761 3686 1152 3751 ἀποκλίνοντας
1176 3690 1255 3751 είς
1281 3687 1340 3741 τὸ
1363 3688 1706 3760 πλημμελεῖν
1739 3688 1806 3742 τά

229 3775 403 3844 αίσχίω
469 3776 722 3829 διδάσκει
793 3777 1266 3846 μεταμανθάνειν,
1321 3779 1416 3831 καὶ
1475 3781 1805 3850 μεταφοιτᾷν

228 3868 521 3936 ἐπείγεσθαι
583 3867 720 3937 πρὸς
763 3867 823 3920 τὸ
881 3868 1116 3938 ἄρεσκον
1171 3867 1338 3938 αὑτῷ.
1373 3869 1661 3940 Τοιγάρτοι
1712 3870 1806 3924 καὶ

227 3959 530 4032 ὀνησιφόρον
569 3959 769 4024 εἰδότες
795 3959 855 4012 τὸ
884 3959 1072 4030 χρῆμα
1097 4000 1112 4023 ,
1145 3959 1206 4012 τὸ
1250 3959 1598 4013 παιδεύεσθαι
1638 3961 1803 4030 φημὶ,

228 4053 515 4123 κεκράγασι
559 4051 693 4123 πρὸς
723 4051 883 4104 αὑτὸν
915 4051 962 4104 οί
991 4050 1247 4122 μακάριοι
1294 4051 1591 4122 προφῆται·
1631 4069 1648 4100 ι
1675 4050 1806 4103 Παί-

227 4144 592 4215 δευσονήμᾶς,
614 4145 805 4216 Κύριε,
826 4143 963 4214 πλὴν
987 4146 1044 4196 ὲν
1072 4143 1270 4214 κρίσει,
1286 4143 1380 4196 καὶ
1408 4142 1483 4212 μὴ
1507 4143 1565 4194 ἐν
1590 4140 1765 4212 θυμῷ.
1781 4160 1798 4193 ι

231 4239 325 4290 Καὶ
375 4238 544 4293 πάλιν
568 4254 582 4268 ο
627 4256 645 4290 t
682 4237 878 4308 Κύριε,
922 4238 979 4290 ὲν
1011 4235 1186 4306 θλίψει
1225 4234 1575 4306 ἐμνήσθημεν
1607 4252 1723 4297 σου,
1748 4236 1805 4288 ὲν

228 4329 388 4399 θλίψει
415 4332 598 4403 μικρᾷ
626 4330 900 4400 ήπαιδεία
935 4346 1028 4383 σου
1064 4331 1215 4399 ἡμῖν.
1239 4349 1255 4379 ι
1299 4329 1442 4397 Ἔφη
1476 4327 1532 4381 δέ
1557 4345 1659 4381 που
1713 4328 1806 4381 καὶ

1907 3247 1986 3291 tes
2022 3233 2208 3304 impia,
2240 3241 2294 3287 et
2326 3230 2468 3300 quod
2519 3228 2570 3282 in
2612 3243 2732 3282 eum
2759 3224 3077 3280 debaccbati
3106 3230 3251 3290 sunt,
3292 3235 3483 3292 pinnas

1905 3329 2095 3398 exigit,
2141 3325 2238 3380 sed
2288 3324 2386 3378 bac
2440 3319 2628 3375 eadem
2670 3317 2880 3372 ratione
2927 3316 3102 3386 juvat.
3158 3313 3272 3368 Non
3327 3311 3474 3368 enim

1907 3419 1984 3474 ira
2049 3417 2222 3471 victus
2293 3411 2455 3468 infert
2537 3407 2828 3480 ﬂagellum,
2887 3408 2982 3462 sed
3038 3406 3092 3460 in
3150 3403 3341 3461 melius
3393 3418 3484 3474 po.

1907 3513 2011 3566 tius
2065 3507 2353 3565 convertit.
2422 3503 2517 3559 Vel
2577 3501 2719 3557 enim
2777 3500 2846 3556 ab
2898 3513 3085 3554 errore
3141 3496 3376 3552 traducit
3414 3495 3481 3549 ad

1908 3600 2221 3661 veritatem,
2271 3594 2436 3666 297
2489 3591 2570 3646 vel
2621 3591 2787 3646 etiam
2845 3588 3242 3644 incontinenter
3311 3585 3477 3642 decli-

1909 3698 2097 3746 nantes
2123 3687 2189 3742 ad
2213 3685 2440 3755 turpiter
2476 3680 2919 3752 delinquendum,
2951 3680 3109 3734 docet
3139 3678 3483 3748 resipiscere.

1906 3791 1960 3837 et
1983 3780 2230 3837 celeriter
2252 3778 2317 3831 ad
2344 3777 2394 3830 id
2425 3775 2565 3844 quod
2613 3772 2715 3840 ipsi
2752 3773 2924 3826 visum
2958 3783 3040 3826 est
3067 3786 3188 3827 sese
3216 3772 3482 3840 recipere.

1906 3871 2213 3942 lgiturcum
2245 3867 2448 3922 scirent
2485 3863 2626 3918 beati
2671 3861 2944 3932 propheta:
2971 3875 3080 3914 rem
3112 3859 3296 3914 utilem
3337 3874 3482 3922 esse.

1907 3960 2184 4029 castigari,
2217 3959 2456 4026 inquam,
2492 3953 2795 4008 clamarunt
2823 3951 2888 4005 ad
2944 3950 3116 4019 ipsum
3148 3967 3162 4002 :
3197 3966 3216 4000 ι
3261 3946 3480 4016 Castiga

1907 4069 2027 4118 nos,
2062 4049 2512 4114 Domine,\'erum
2551 4046 2602 4098 in
2633 4043 2852 4111 indicio,
2897 4058 3002 4096 non
3055 4041 3108 4095 in
3157 4038 3340 4094 lurore
3359 4038 3424 4089 ⁸⁸.
3458 4057 3477 4088 ι

1906 4147 1972 4202 Ει
1993 4159 2238 4200 rursum:
2267 4160 2285 4193 ι
2311 4140 2552 4205 Domine,
2571 4138 2622 4191 in
2636 4134 2922 4191 afﬂictione
2939 4132 3288 4189 meminimus
3311 4131 3409 4197 tui,
3427 4131 3482 4186 in

1907 4237 2197 4292 afﬂictione
2243 4234 2435 4302 exigua
2467 4230 2746 4300 castigatio
2777 4239 2865 4283 tua
2893 4227 3068 4282 nobis.
3098 4246 3116 4278 ι
3145 4225 3292 4280 Dixit
3316 4226 3480 4280 etiam

1909 4329 2204 4401 Synagogae
2231 4325 2538 4381 Iudaeorum
2565 4341 2579 4378 :
2607 4321 2665 4376 la
2700 4321 2963 4401 dolorcet
2997 4319 3220 4373 verbere
3251 4317 3484 4388 castiga-

227 4420 351 4490 πρὸς
378 4419 474 4491 τὴν
515 4420 634 4472 τῶν
671 4418 940 4472 Ἰουδαίων
987 4419 1337 4490 συναγωγήν·
1371 4418 1526 4489 Πόνῳ
1555 4419 1650 4472 καὶ
1702 4419 1802 4490 μά-

1911 4397 2410 4482 beris,.lerusalem.
2426 4415 2664 4482 Castigat
2682 4413 2862 4481 itaque
2884 4397 3017 4478 quos
3031 4409 3179 4477 eligit
3197 4407 3481 4462 etamat".

229 4523 359 4571 στιγι
393 4508 760 4580 παιδευθήσῃ,
800 4508 1174 4579 Ἰερουσαλήμ.
1205 4505 1458 4561 Ῑιαιδεύει
1503 4507 1682 4560 τοίνυν
1713 4506 1806 4572 οὒς

226 4599 284 4651 ἀν
307 4600 476 4654 ἕλοιτο
511 4601 614 4654 καὶ
650 4602 858 4672 ἀγαπᾷ.
895 4601 1065 4653 Τοῦτο
1099 4600 1408 4670 χαριεῖσθαι
1441 4600 1536 4652 καὶ
1571 4603 1686 4662 τοῖς
1712 4601 1807 4652 Al-

225 4691 462 4758 γυπτίοις
501 4693 538 4745 ὁ
593 4693 875 4762 προφήτης
919 4691 1072 4760 φησί’
1116 4689 1353 4756 Πατάξει
1385 4691 1495 4762 γάρ
1550 4692 1743 4754 αὑτοὺς
1777 4690 1805 4743 ό

227 4780 418 4852 Κύριος
449 4782 640 4853 πληγῇ
675 4783 908 4853 μεγάλῃ,
939 4781 1031 4836 καὶ
1065 4782 1276 4836 ἰάσεται
1315 4783 1511 4847 αὐτοὺς
1535 4784 1696 4837 ίάσει.
1743 4785 1804 4836 Ei

225 4873 324 4943 γὰρ
349 4875 439 4926 καὶ
468 4874 708 4926 δέδονται
755 4874 916 4944 τυχὸν
947 4875 1058 4938 τοῖς
1098 4873 1385 4944 Ῥωμαίων
1434 4876 1800 4946 στρατηγοῖς,

226 4965 310 5016 καὶ
352 4965 440 5017 τὸν
477 4965 720 5035 πολέμου
771 4965 938 5036 νόμον
998 4965 1393 5036 ἐξωπλισμένοι
1426 4969 1803 5038 κεκρατήκασι

225 5055 316 5125 τῆς
360 5057 464 5127 γῆς
489 5059 540 5110 οί
569 5058 660 5110 ὑπ’
684 5058 878 5121 αὑτοὺς
893 5057 1201 5130 δορυφόροι,
1220 5058 1335 5111 ἀλλ’
1352 5054 1621 5113 οὑντόπον
1645 5061 1805 5131 ἐσχη-

227 5145 374 5208 κότες
405 5148 536 5213 παρ’
566 5147 748 5209 αὑτοῖς
784 5145 876 5198 τοὺ
907 5145 1050 5200 θείου
1079 5147 1455 5219 κηρύγματος,
1484 5151 1582 5222 τὴν
1608 5151 1705 5221 μὲν
1740 5151 1805 5203 ὲκ

223 5237 312 5288 τοὺ
335 5237 714 5308 πεπλανῆσθαι.
756 5237 962 5309 ζημίαν
1005 5240 1462 5312 ἀπεφορτίσαντο,
1490 5258 1804 5311 μετακεγω-

230 5330 421 5399 ρήκασι
443 5330 502 5381 δὲ
527 5330 663 5400 πρὸς
685 5328 746 5383 τὸ
770 5329 912 5382 θεῖόν
936 5347 993 5383 τε
1030 5331 1122 5384 καὶ
1153 5331 1402 5402 οὐράνιον
1429 5333 1564 5402 φῶς,
1590 5334 1682 5386 καὶ
1703 5349 1798 5404 την

226 5419 453 5489 ἀρχαίαν
479 5421 692 5492 ἐκείνην
712 5423 1183 5494 ἀποκρουσάμενοι
1212 5425 1368 5491 δόξαν
1387 5467 1402 5491 ,
1439 5426 1568 5493 ὑγιᾶ
1612 5425 1800 5479 λοιπὸν

227 5511 501 5592 ἐσχήκασιί
524 5514 620 5586 τὴν
650 5514 900 5586 καρδίαν.
943 5515 1472 5589 Ἐπιστραφήσονται
1508 5518 1616 5590 γὰρ
1664 5518 1799 5590 πρὸς

227 5605 450 5675 Κύριον,
486 5607 579 5662 καὶ
605 5608 979 5664 είσακούσεται
1009 5609 1210 5673 αὐτῶν,
1249 5609 1391 5663 τοῦτ’
1417 5610 1582 5677 ἐστιν,
1614 5611 1662 5663 οἱ
1692 5610 1798 5662 πάο

300 5783 342 5813 ⁸³
369 5779 525 5837 Joan.
561 5801 655 5849 xit,
689 5785 778 5849 5|,
810 5787 898 5840 32.
977 5787 1019 5817 “
1051 5785 1192 5841 Psal.
1231 5802 1374 5853 uti,
1406 5788 1491 5841 ll.
1569 5787 1612 5817 "
1646 5785 1820 5842 Jcrcm
1880 5802 1929 5850 χ,
1967 5783 2057 5840 ει.

1912 4511 2022 4565 lloc
2043 4509 2206 4564 etiam
2231 4507 2548 4576 largiturum
2567 4501 2834 4573 Egyptiis
2855 4515 3068 4570 quoque
3089 4499 3164 4552 ait
3187 4499 3445 4568 propbeta
3467 4514 3483 4551 :

1909 4622 1928 4656 ι
1963 4600 2234 4656 Percutiet
2253 4598 2396 4652 enim
2419 4610 2512 4649 eos
2539 4594 2794 4647 Dominus
2819 4593 2972 4661 plaga
3001 4606 3215 4660 magna,
3245 4598 3297 4642 et
3323 4603 3484 4644 sana-

1902 4695 1981 4750 bit
2003 4707 2098 4748 eos
2127 4689 2427 4744 sanatione.
2456 4705 2473 4737 ι
2502 4683 2611 4740 Etsi
2638 4682 2779 4737 enim
2817 4680 2999 4734 traditi
3031 4688 3178 4742 sunt,
3207 4687 3331 4748 puta
3371 4675 3481 4729 Ro-

1903 4786 2078 4842 manis
2114 4782 2360 4844 ducibus,
2390 4776 2584 4845 ctjure
2615 4773 2735 4830 belli
2765 4771 2954 4826 armati
2988 4785 3175 4826 eorum
3220 4767 3486 4824 satellites

1905 4891 2103 4934 terram
2128 4876 2458 4944 subegerunt
2486 4889 2498 4924 :
2525 4879 2764 4923 attamen
2785 4867 2962 4920 divina
2989 4863 3378 4932 praedicatione
3404 4862 3487 4915 Ιος

1902 4987 2023 5028 cum
2054 4967 2192 5038 apud
2219 4981 2311 5021 eos
2335 4965 2585 5025 habente,
2616 4961 2716 5014 boc
2737 4956 2940 5012 erroris
2967 4957 3047 5011 sui
3082 4956 3278 5008 damno
3314 4954 3478 5009 levati

1902 5072 2062 5126 sunt,
2124 5068 2178 5114 et
2241 5059 2307 5112 ad
2356 5056 2593 5109 divinam
2644 5067 2707 5106 ac
2749 5049 3020 5104 caelestem
3067 5047 3239 5100 lucem
3301 5055 3483 5100 trans-

1906 5157 2112 5215 ierunt,
2174 5160 2230 5206 et
2289 5150 2582 5202 inveterata
2639 5144 2725 5199 illa
2770 5144 3020 5213 opinione
3063 5138 3304 5211 depulsa,
3349 5153 3489 5194 sano

1903 5249 2158 5315 deinceps
2221 5243 2386 5297 corde
2442 5237 2680 5292 fuerunt.
2738 5235 3136 5290 Convertentur
3217 5231 3362 5285 enim
3413 5232 3484 5284 ad

1905 5339 2212 5397 Dominum,
2263 5342 2317 5386 et
2340 5330 2591 5386 exaudiet
2616 5343 2730 5392 eos,
2759 5327 2809 5380 Id
2839 5335 2940 5389 est,
2975 5326 3065 5394 qui
3102 5323 3229 5378 olim
3261 5330 3481 5393 propter

1909 5428 2132 5481 inultam
2162 5424 2496 5494 impietatem
2541 5434 2570 5472 a
2623 5416 2731 5472 Deo
2755 5416 3036 5486 proscripti
3065 5423 3245 5478 erant,
3275 5411 3342 5465 de
3371 5426 3478 5466 eteo

1911 5530 2027 5574 tero
2072 5519 2280 5572 discent
2335 5529 2439 5568 non
2499 5511 2612 5580 jam
2659 5509 2817 5564 idolis
2852 5505 3230 5562 abominandis
3261 5519 3356 5572 pro
3387 5501 3474 5556 bis

1909 5626 2028 5678 qum
2067 5609 2178 5663 lieri
2240 5606 2458 5669 vellent,
2509 5603 2929 5674 supplicationes
2978 5598 3206 5661 olTerre,
3247 5597 3340 5652 sed
3401 5595 3472 5651 ad

2137 5783 2180 5813 ⁶⁶
2211 5782 2368 5838 l‘t'ov.
2407 5795 2484 5843 ttt,
2515 5778 2604 5832 19..
