4110 6546
637 423 745 480 475
1623 430 1682 486 S.
1721 429 1994 486 CYRILLI
2035 425 2509 484 ALEXANDRINI
2549 419 2875 481 ARCIIIEP.
3785 427 3868 487 176

639 544 815 612 ipsum
859 541 1190 608 clamabunt,
1255 543 1344 610 qui
1391 559 1484 597 cor
1537 556 1690 600 sanat
1723 547 2041 601 contritum.
2100 545 2262 607 Erit,

2251 553 2292 607 Α
2321 544 2408 598 λαι
2439 544 2527 598 διὰ
2557 543 2758 614 πολλὴν
2803 539 3058 594 ἀσέϐειαν
3099 537 3156 590 ἐν
3188 537 3507 610 ἀποστροφῇ
3536 541 3796 606 γεγονότες
3817 550 3867 618 τῇ

641 644 816 689 autem
850 649 953 687 non
993 633 1178 688 tardus
1216 633 1374 698 Dens,
1410 635 1504 689 sed
1557 637 1732 704 potius
1760 639 1825 690 ad
1858 639 2214 692 annuemlmn

2323 637 2474 707 ποιρά
2502 635 2640 706 Θεῷ,
2669 635 3004 705 μαθήσονται
3028 629 3214 684 λοιπὸν
3237 629 3420 682 οὐκέτι
3441 631 3552 693 τοῖς
3584 629 3870 706 βδελύγμασι

641 728 747 781 illis
784 734 1027 794 paratus,
1078 725 1346 793 prppitius
1397 734 1451 779 et
1497 725 1798 796 placabilis.
1828 729 2003 782 Causa
2053 730 2218 800 igitur

2324 729 2620 798 προσάγειν
2649 727 2748 790 τάς
2785 725 3012 787 ἱκεσίας,
3037 724 3136 786 τὰς
3167 722 3306 792 ὑπὲρ
3327 715 3402 776 ὧν
3424 721 3489 776 ἂν
3507 722 3705 778 ἕλοιντο
3733 731 3870 782 ποιεί-

639 816 877 871 alliciens
903 825 956 869 et
995 815 1296 871 concilians
1321 817 1504 871 omnia
1543 817 1682 872 bona
1701 819 1847 872 omni
1877 820 2078 874 homini
2112 831 2214 888 est,

2326 820 2450 873 σθαι
2499 820 2682 890 τυχὸν,
2743 817 2881 888 πρὸς
2919 815 3081 869 αὑτὸν
3107 813 3164 867 δὲ
3188 813 3385 885 μᾶλλον
3437 813 3778 885 κεκράξονται
3800 803 3870 874 τὸν

642 916 836 959 natura
875 919 940 959 ac
992 919 1120 960 vere
1177 906 1342 961 Deum
1392 906 1760 962 universitatis
1818 907 2130 966 Creatorem
2163 920 2220 967 et

2329 913 2556 982 ἰώμενον
2583 911 2710 974 τοὺς
2750 905 3245 978 συντετριμμένους
3294 905 3393 977 τὴν
3438 905 3683 977 καρδίαν.
3713 909 3870 966 Ἔσται

644 995 928 1050 Dominum
960 1011 1273 1067 agnoscere.

2326 1002 2384 1056 δὲ
2413 1003 2598 1065 αὐτοῖς
2646 999 2707 1052 ού
2756 998 2975 1071 βραδὺς,
3033 997 3252 1068 ἕτοιμος
3295 997 3353 1050 δὲ
3383 995 3592 1068 μᾶλλον
3615 997 3690 1061 εἰς
3713 999 3766 1052 τὺ
3793 1019 3870 1054 κα-

641 1091 900 1147 τανεῦσαι
927 1091 1078 1160 Θεὸς,
1107 1093 1266 1160 ἵλεώς
1304 1113 1363 1149 τε
1395 1099 1488 1151 καὶ
1522 1099 1778 1172 εὐμενής.
1810 1098 2074 1170 Πρόξενον
2117 1093 2210 1152 οὖν
2250 1097 2360 1168 ἄρα
2421 1095 2622 1160 παντὸς
2667 1093 2887 1165 ,ἀγαθοῦ
2958 1092 3157 1162 γένοιτ’
3186 1092 3253 1145 ἂν
3306 1089 3585 1164 ἀνθρώπῳ
3640 1095 3801 1151 παντὶ.
3826 1096 3872 1148 τὸ

643 1189 842 1242 εἰδέναι
864 1188 956 1243 τὸν
991 1189 1149 1260 φύσει
1179 1208 1240 1245 τε
1300 1193 1393 1245 καὶ
1421 1193 1638 1265 ἀληθῶς
1661 1194 1792 1248 δντα
1828 1194 1980 1257 Θεὸν,
2023 1195 2116 1248 καὶ
2143 1193 2231 1247 τὸν
2265 1191 2372 1246 τῶν
2396 1192 2534 1246 ὅλων
2567 1188 2954 1261 Γενεσιουργδν
2986 1189 3080 1242 καὶ
3119 1186 3343 1257 Κύριον.

714 1282 880 1340 Vens.
930 1286 1021 1340 23.
1056 1286 1150 1341 Die
1179 1288 1271 1341 illa
1290 1289 1387 1342 erit
1422 1290 1502 1343 via
1540 1289 1808 1360 zEgyptiis
1854 1291 1920 1342 nd
1953 1291 2222 1360 Assyrios,

2408 1287 2488 1357 Τῇ
2520 1285 2711 1356 ἡμέρᾳ
2747 1285 2951 1352 ἐκείνῃ
2992 1284 3165 1338 ἔσται
3212 1280 3353 1346 ὁδὸς
3390 1281 3732 1348 Αἰγυπτίοις
3755 1295 3873 1351 προς

647 1377 984 1430 etimrnbnnt
1010 1377 1211 1448 Assyrii
1261 1382 1313 1432 in
1338 1378 1646 1449 .Egyplum,
1690 1393 1736 1435 et
1771 1381 2014 1452 ngyplii
2040 1383 2220 1437 nudent

2343 1377 2726 1446 Ἀσσυρίους.
2778 1374 2888 1428 Καὶ
2953 1371 3412 1428 είσελεύσονται
3484 1371 3764 1441 Ἀσσύριοι
3807 1377 3872 1442 είς

648 1468 719 1520 ad
751 1469 1013 1539 Assyrios,
1045 1480 1092 1524 et
1112 1472 1335 1524 servient
1362 1470 1602 1542 gyplii
1632 1474 1884 1544 Assyriis.

2327 1470 2653 1540 Αιγυπτον,
2685 1467 2784 1522 καὶ
2817 1466 3126 1535 Αἰγύπτιοι
3173 1463 3578 1532 πορεύσονται
3611 1461 3750 1530 πρὸς
3778 1464 3873 1517 Ἀσ-

2326 1560 2607 1628 συρὶους,
2655 1556 2756 1610 καί
2809 1555 3261 1610 δουλεύσουσιν
3310 1554 3364 1606 οἰ
3439 1550 3739 1620 Αἰγύπτιοι
3780 1551 3875 1618 τοῖς

2340 1649 2695 1716 Ἁσσιφίυις.

730 1727 927 1783 Beatus
991 1727 1189 1784 Paulus
1238 1729 1306 1785 de
1364 1732 1605 1787 omnium
1652 1744 1892 1787 nostrum
1940 1734 2232 1790 Servatore

2411 1740 2468 1792 ὐ
2527 1740 2794 1810 μακάριος
2837 1735 3039 1808 γράφει
3096 1732 3308 1796 ιῐαῦλος
3363 1728 3500 1796 περὶ
3548 1727 3642 1781 τοῦ
3697 1728 3875 1783 πάντων

647 1817 866 1872 Christo
896 1819 1087 1873 scribit
1112 1822 1254 1888 quod
1283 1821 1395 1889 ipse
1417 1821 1484 1874 sit
1517 1836 1618 1890 pax
1649 1832 1829 1877 nostra
1850 1824 1915 1876 ".
1949 1823 2068 1878 Non
2088 1825 2228 1878 enim
2266 1849 2270 1901 ι

2266 1849 2305 1902 Β
2333 1831 2490 1902 ἡμῶν
2511 1831 2766 1901 Σωτῆρος
2812 1825 3075 1900 Χριστοῦ,
3123 1825 3206 1878 ὅτι
3253 1822 3418 1884 αὐτός
3472 1820 3682 1890 ἐστινὴ
3720 1821 3873 1891 εἰρήνη

651 1908 808 1963 modo
839 1910 1212 1978 superioribus
1242 1912 1593 1980 administris,
1620 1923 1674 1968 et
1702 1916 1907 1970 sanctis
1951 1916 2233 1984 spiritibus

2335 1921 2511 1993 ἡμῶν.
2549 1920 2624 1973 Οὐ
2672 1921 2783 1991 γὰρ
2812 1919 2972 1989 μόνον
3000 1918 3114 1980 τοῖς
3145 1915 3259 1969 ἀνω
3308 1912 3588 1983 πνεύμασι
3621 1910 3874 1983 λειτουργι-

652 2010 810 2054 terrae
841 2001 1048 2057 incolas
1074 2003 1378 2072 conjunxit,
1437 2006 1532 2059 sed
1590 2015 1778 2075 gentes
1809 2022 1931 2061 cum
1983 2008 2233 2078 gentibus

2335 2019 2450 2080 κοῖς
2484 2017 2578 2068 καὶ
2604 2013 2778 2084 ἀγίοις
2806 2011 3009 2082 συνῆψε
3039 2012 3166 2073 τοὺς
3215 2010 3306 2062 ἐπὶ
3334 2008 3437 2078 τῆς
3483 2006 3608 2076 γῆς,
3647 2006 3767 2059 ἀλλά
3792 2007 3873 2078 γὰρ

650 2093 903 2162 congredi
938 2109 1003 2148 ac
1051 2094 1333 2150 celebrare
1382 2105 1556 2152 coetus
1590 2098 1731 2152 inter
1770 2114 1830 2152 se
1853 2099 2107 2155 instituit.
2133 2101 2234 2154 An-

2335 2107 2546 2160 έθνεσιν
2571 2105 2700 2176 έθνη
2755 2103 3032 2174 συμϐῆναι
3086 2099 3527 2172 παρεσκεύασεν.
3557 2097 3666 2168 Πρδ
3688 2097 3776 2168 μὲν
3793 2098 3874 2170 γὰρ

652 2193 867 2252 tequam
891 2185 1035 2240 enim
1060 2187 1158 2242 hoc
1181 2188 1562 2244 commercium
1591 2189 1818 2244 aliorum
1846 2207 1966 2246 cum
1994 2192 2114 2246 aliis
2135 2207 2232 2246 ve-

2331 2202 2430 2272 τῆς
2450 2199 2763 2270 ἐπιδημίας,
2779 2197 2878 2268 τῆς
2895 2197 2972 2260 εἰς
2993 2192 3196 2264 ἄλληλα
3212 2188 3517 2258 ἐπιμιξίας,
3535 2186 3873 2256 ἀπενοσφίζετο

654 2271 815 2335 niret.
863 2285 1123 2342 separata:
1182 2285 1338 2329 erant
1375 2277 1668 2346 provinciae
1707 2288 1761 2332 et
1811 2279 1994 2344 urbes,
2025 2280 2231 2334 crebrae

2333 2271 2485 2363 χώρα
2515 2309 2574 2344 τε
2615 2290 2710 2344 καὶ
2751 2289 2926 2352 πόλις,
2979 2283 3166 2354 συχναί
3223 2298 3279 2335 τε
3327 2277 3474 2352 ἦσαν
3535 2279 3872 2346 ὲξαναστάσεις

649 2363 944 2420 seditiones
970 2381 1032 2421 ac
1067 2367 1423 2432 turbationes,
1459 2367 1723 2423 bellorum
1761 2370 1962 2437 passim
1997 2371 2228 2438 impres-

2334 2383 2426 2436 καὶ
2456 2382 2710 2453 πολέμων
2770 2378 2948 2448 ἔφοδοι
3001 2372 3278 2444 πανταχοῦ
3322 2373 3423 2426 καὶ
3471 2371 3582 2424 τῶν
3631 2371 3873 2440 ἰσχυόντων

651 2455 855 2522 siones,
911 2467 968 2512 et
1023 2459 1354 2514 vincentium
1415 2470 1602 2516 contra
1693 2460 1862 2516 victos
1923 2461 2113 2529 palmae
2167 2477 2231 2518 ac

2333 2469 2471 2527 ἆθλα
2493 2474 2562 2526 τὰ
2583 2473 2689 2525 τῶν
2706 2469 3058 2542 ἡττωμένων,
3077 2466 3170 2519 καὶ
3184 2463 3543 2532 ἀνουθέτητος
3562 2463 3595 2533 ὴ
3619 2461 3872 2526 πλεονεξία,

653 2549 892 2616 prannia,
943 2562 997 2604 et
1041 2549 1299 2606 eli'renata
1336 2552 1416 2608 vis
1445 2551 1891 2618 dominabantur,
1920 2561 1974 2608 et
2009 2553 2230 2623 quosvis

2333 2566 2426 2618 καὶ
2446 2566 2507 2618 τὸ
2528 2565 2733 2618 ἀδικεῖν
2760 2561 2852 2626 οὓς
2885 2561 2950 2615 ἂν
2981 2557 3194 2612 δύναιτό
3244 2572 3348 2620 τις,
3385 2553 3641 2616 εὐκλείας
3661 2547 3786 2605 εἷναί
3807 2570 3872 2616 τι,

652 2638 1063 2712 quibuscunque
1150 2643 1318 2714 298
1378 2647 1551 2702 modis
1631 2648 1962 2718 opprimere,
2047 2644 2230 2700 nobile

2335 2657 2430 2710 καὶ
2470 2655 2580 2709 τῶν
2620 2655 2701 2708 ὃτι
2749 2653 2987 2724 μάλιστα
3041 2645 3373 2718 θαυμαστῶν
3417 2642 3708 2714 ἐνομίζετο.
3747 2642 3870 2695 ’Λλλά

651 2731 907 2799 quiddam
943 2742 996 2787 et
1021 2748 1154 2788 sane
1206 2750 1368 2804 quam
1398 2737 1719 2794 admirabile
1764 2737 2084 2794 ducebatur.
2121 2735 2233 2792 Ca:-

2333 2744 2557 2814 γέγονεν
2605 2744 2738 2813 ἡμῖν
2801 2739 3030 2811 εἰρήνη,
3098 2736 3193 2789 καὶ
3245 2733 3388 2786 κατά
3444 2730 3602 2784 τοῦτο
3660 2730 3869 2800 Χριστός.

655 2833 826 2878 termn
873 2824 1035 2879 etiam
1090 2826 1178 2881 hic
1223 2826 1380 2882 nobis
1422 2843 1522 2899 pax
1590 2829 1838 2885 Christus
1904 2828 2079 2883 factus
2124 2837 2228 2882 est.

2345 2833 2566 2904 Ἐπειδὴ
2602 2832 2709 2903 γὰρ
2748 2833 2862 2893 τοῖς
2928 2826 3302 2895 εὐαγγελικοῖς
3361 2821 3720 2893 θεσπίσμασιν
3753 2839 3871 2892 περι·

653 2912 945 2984 Postquam
969 2917 1113 2970 enim
1141 2917 1470 2987 evangelicis
1499 2920 1773 2974 vaticiniis
1809 2920 1997 2974 orbem
2055 2929 2229 2972 terra-

2333 2943 2436 2980 αστ
2447 2925 2662 2996 ράπτων
2678 2923 2746 2993 τῇ
2776 2921 2867 2973 ὑπ’
2887 2916 3136 2989 οὐρανὸν,
3171 2911 3410 2978 ἐδίδαξεν
3447 2912 3684 2973 ἅπαντας
3709 2913 3788 2981 τῆς
3805 2912 3869 2964 εύ-

655 3021 774 3060 rum
823 3007 1175 3072 collustrans,
1223 3025 1415 3064 υιιιιισε
1460 3012 1604 3065 viam
1657 3011 1874 3080 pictatis
1934 3009 2228 3076 docuisset,

2335 3016 2549 3079 satiata;
2594 3013 2694 3085 τὴν
2744 3011 2882 3074 ὁδὸν,
2919 3009 3016 3063 καὶ
3071 3007 3171 3077 τῆς
3222 3007 3302 3069 είς
3335 3004 3473 3058 Θεὸν
3528 3003 3621 3057 καὶ
3661 3002 3870 3072 ἀλλήλους

650 3108 707 3152 et
763 3109 820 3152 ut
877 3100 1197 3154 charitatem
1245 3115 1374 3170 erga
1419 3102 1584 3156 Deum
1663 3111 1721 3156 et
1759 3117 1887 3172 erga
1938 3117 1998 3156 se
2045 3110 2230 3155 mutuo

2336 3106 2560 3176 ἀγάπης
2607 3101 2953 3173 ἀντέχεσθαι,
3022 3099 3303 3152 πέπαυται
3367 3095 3471 3166 μὲν
3511 3095 3682 3148 ἐκεῖνα
3725 3094 3868 3156 πάλαι,

652 3192 1105 3261 amplecterentur
1131 3233 1147 3257 ,
1182 3193 1269 3246 illa
1326 3193 1550 3263 antiqua
1588 3193 1988 3256 obsoleverunt,
2045 3201 2227 3246 vetera
2256 3181 2275 3239 (

2256 3181 2299 3239 c
2339 3196 2636 3268 παρῴχηκε
2664 3194 2720 3247 δὲ
2756 3192 2824 3246 τά
2845 3193 3066 3262 ἀρχαῖα,
3100 3189 3194 3241 καὶ
3236 3187 3435 3255 γέγονε
3463 3185 3643 3249 καινὰ,
3666 3184 3786 3238 καθά
3808 3185 3868 3251 γέ-

656 3293 1020 3348 recesserunt,
1067 3294 1122 3336 et
1175 3299 1311 3338 nova
1359 3284 1498 3338 facta
1553 3294 1695 3346 sunt,
1754 3285 1910 3339 sicuti
1968 3284 2228 3353 scriptum

2338 3305 2603 3359 γραπται.
2631 3284 2960 3358 Κεκράτηκε
3004 3281 3116 3352 γάρ
3149 3281 3183 3351 ἡ
3234 3278 3430 3350 εἰρήνη
3488 3276 3763 3348 πανταχοῦ.
3790 3277 3865 3330 Καὶ

651 3381 775 3440 est;
824 3375 1056 3429 obtinuit
1108 3376 1253 3429 enim
1314 3393 1417 3446 pax
1507 3376 1706 3446 ubique
1770 3375 2036 3446 gentium.
2117 3372 2232 3430 llnc

2338 3379 2516 3441 τοῦτο,
2545 3373 2718 3447 οἶμαι,
2743 3375 2910 3438 ἐστὶν,
2934 3373 2962 3427 ὃ
2979 3373 3074 3426 καὶ
3102 3370 3332 3441 ἑτέρωθί
3349 3369 3456 3422 πού
3483 3387 3640 3440 φησιν
3657 3371 3682 3422 ὁ
3708 3369 3866 3439 προφή-

653 3465 818 3522 ctiam
849 3477 950 3533 est,
973 3467 1183 3531 opinor.
1212 3467 1353 3537 quod
1385 3476 1439 3523 et
1473 3467 1597 3521 alibi
1620 3466 1752 3522 dicit
1779 3467 2040 3534 propheta
2065 3465 2233 3521 Isaias

2339 3489 2440 3543 της
2477 3471 2703 3534 Ἡσαΐας
2743 3466 2869 3538 περί
2898 3465 3116 3519 πάντων
3148 3463 3255 3516 τῶν
3279 3461 3472 3515 ἐθνῶνο
3521 3480 3539 3512 ι
3576 3461 3683 3514 Καὶ
3723 3457 3866 3527 συγκό·

656 3557 724 3610 de
746 3555 994 3611 omnibus
1009 3556 1259 3626 gentibus
1287 3579 1298 3613 :
1329 3574 1348 3609 ι
1381 3557 1448 3612 Ει
1475 3556 1761 3612 concident
1785 3556 1991 3628 gladios
2016 3571 2144 3612 suos
2179 3556 2232 3611 in

2340 3564 2501 3634 ψουσι
2524 3561 2623 3625 τάς
2659 3559 2931 3631 μαχαίρας
2961 3555 3140 3611 αὐτῶν
3171 3556 3252 3616 εἰς
3299 3554 3529 3624 ἄροτρα,
3572 3551 3662 3606 καὶ
3695 3550 3776 3613 τὰς
3799 3549 3865 3619 C1;-

658 3658 877 3712 aratra,
929 3659 984 3702 et
1042 3647 1262 3704 lanceas
1311 3663 1437 3704 suas
1499 3648 1552 3702 in
1607 3647 1790 3712 falces,
1822 3657 1877 3702 et
1919 3663 2024 3702 non
2087 3646 2236 3702 tollet

2344 3654 2511 3719 ϐύνας
2536 3651 2716 3708 αὐτῶν
2749 3652 2830 3714 εἰς
2861 3648 3126 3721 δρέπανα,
3161 3645 3253 3699 καὶ
3287 3645 3350 3697 ού
3389 3644 3468 3714 μὴ
3505 3642 3610 3714 ἄρῃ
3652 3641 3781 3702 ἔθνος
3803 3636 3866 3691 ἐπὶ

658 3751 790 3808 gens
834 3739 887 3793 in
944 3750 1154 3810 gentem
1188 3740 1442 3812 gladium,
1495 3745 1550 3794 et
1603 3754 1706 3792 non
1761 3738 1971 3794 discent
2007 3737 2236 3806 amplius

2349 3747 2500 3812 ἔθνος
2542 3746 2842 3818 μάχαιραν,
2871 3740 2966 3795 καὶ
2991 3740 3052 3792 ού
3100 3738 3174 3808 μὴ
3211 3735 3460 3806 μάθωσιν
3488 3734 3566 3787 ἔτι
3598 3732 3864 3802 πολεμεῖν.ι

657 3829 859 3885 bellare
892 3830 959 3885 ⁸⁸.
989 3830 1176 3899 [Ναιιι
1215 3845 1338 3886 cum
1369 3829 1460 3884 nni
1513 3827 1642 3899 jugo
1717 3837 1974 3898 parerent
2021 3843 2233 3890 omnes.

2344 3838 2631 3908 Γεγονότες
2661 3836 2770 3906 γὰρ
2799 3834 3038 3895 ἅπαντες
3072 3828 3178 3882 ὑπὸ
3211 3827 3377 3895 ζυγὸν
3406 3826 3527 3888 ἕνα,
3551 3819 3869 3894 πνευματικῶς

658 3923 1010 3992 spiritualiter
1059 3923 1274 3993 quidem
1346 3921 1458 3986 Dei,
1505 3922 1860 3992 corporaliter
1891 3933 2070 3977 autem
2131 3921 2239 3976 ιιο-

2349 3933 2447 4004 μὲν
2473 3928 2564 3985 τὸν
2593 3928 2698 3983 ύπδ
2717 3923 2857 3997 Θεῷ,
2896 3918 3223 3993 σωματικῶς
3249 3917 3304 3970 δὲ
3333 3916 3425 3970 τὸν
3461 3915 3566 3969 ὑπὸ
3603 3912 3867 4004 Ῥωμαίοις,

662 4032 944 4072 manorum
977 4037 990 4072 :
1023 4019 1267 4072 sedatam
1305 4025 1360 4072 et
1383 4015 1708 4071 inturbidam
1731 4024 1785 4069 et.
1809 4015 1932 4070 belli
1957 4025 2236 4084 expertem

2346 4001 2438 4076 τὸν
2469 4021 2736 4093 ἠρεμαῖον
2765 4016 2861 4071 καὶ
2889 4013 3217 4083 ἀσύγχυτον,
3244 4008 3341 4063 καὶ
3371 4007 3608 4078 πολέμου
3653 4005 3760 4074 δίχα
3788 4001 3869 4054 δια-

661 4111 824 4162 vitam
874 4111 1080 4172 vivunt,
1132 4120 1210 4172 nt,
1244 4110 1389 4162 omni
1436 4107 1646 4163 liberati
1702 4116 1870 4172 metu,
1918 4106 2080 4162 etiam
2109 4107 2238 4162 olim

2349 4113 2485 4180 ζῶσι
2517 4113 2650 4184 βίον,
2680 4110 2822 4164 ὥστε
2870 4105 3071 4169 παντὸς
3124 4101 3469 4176 ἐξῃρημένον
3511 4100 3759 4170 δείματος,
3804 4094 3868 4146 καὶ

661 4199 1040 4264 mimicissimi,
1069 4199 1158 4253 alii
1188 4216 1309 4254 cum
1352 4200 1474 4254 aliis
1522 4199 1826 4253 animorum
1863 4197 2242 4270 conjunctione

2347 4208 2472 4270 τοὺς
2521 4204 2688 4259 πάλαι
2738 4197 3183 4271 πολεμιωτάτους
3244 4193 3498 4265 ἀλλήλοις
3562 4185 3867 4261 συμφέρεσθαι

660 4290 1021 4343 consentiant.
1080 4287 1349 4360 Egyptiis
1407 4289 1572 4352 enim,
1615 4289 1810 4359 inquit,
1879 4288 1965 4344 via
2020 4289 2122 4345 erit
2173 4290 2241 4344 ad

2349 4298 2484 4370 πρὸς
2511 4293 2835 4367 ὁμοψυχίαν.
2875 4288 3162 4360 Αἰγύπτιοι
3193 4286 3324 4359 γὰρ,
3361 4286 3549 4355 φησιν,
3591 4283 3697 4336 όδδν
3731 4278 3866 4370 ἕξουσι

660 4381 934 4452 Assyrios,
965 4392 1020 4436 et
1045 4383 1284 4454 Assyriis
1333 4382 1398 4436 ad
1448 4381 1754 4454 Egyptios,
1790 4393 1846 4437 et
1895 4383 2051 4436 ibunt
2075 4380 2245 4453 Egy-

2242 4411 2245 4422 ’
2349 4369 2486 4460 πρὸς
2548 4384 2890 4457 Ἀσσυρίους,
2939 4381 3032 4435 καὶ
3074 4378 3350 4448 Ἀσσύριοι
3394 4376 3533 4448 πρὸς
3581 4369 3865 4460 ΑἰγυπτίαιςΓ

663 4472 761 4541 ptii
804 4471 872 4526 ad
901 4472 1173 4544 Assyrios,
1203 4483 1255 4526 et
1293 4475 1530 4529 servient
1574 4472 1812 4545 Egyptii
1838 4475 2100 4546 Assyriis,
2135 4488 2240 4528 non
2279 4538 2286 4550 '

2279 4538 2315 4550 _
2359 4457 2470 4534 Καὶ
2531 4476 2883 4550 πορεύσονται
2934 4471 3220 4542 Αἰγύπτιοι
3276 4470 3412 4540 πρὸς
3467 4465 3770 4536 Ἀσσυρίους,
3799 4457 3865 4550 καὶ

664 4538 723 4618 ut
757 4561 862 4617 illis
888 4538 1076 4631 iugum
1136 4538 1414 4620 servitutis
1471 4538 1747 4632 injician't,
1803 4565 1900 4621 sed
1945 4538 2006 4619 ut
2041 4538 2287 4619 amorisl

2242 4583 2248 4616 ι
2279 4538 2322 4594 D
2348 4538 2724 4625 δουλεύσουσιν
2755 4567 2805 4619 οἱ
2826 4538 3112 4634 Αἰγύπτιοι
3147 4564 3259 4625 τοῖς
3318 4538 3638 4631 Ἃσσυρίοις,
3668 4555 3721 4607 οὐ
3746 4549 3865 4616 ζυγὸν

663 4651 878 4707 vinculo
933 4661 1122 4724 captos
1161 4666 1218 4708 et
1251 4656 1675 4723 comprehensos
1730 4664 1969 4717 teneant,
2017 4665 2074 4710 et
2118 4671 2247 4710 sua-

2238 4685 2247 4696 -
2349 4659 2593 4722 δουλείας
2643 4654 3112 4728 έπιῤῥιπτούντων
3173 4651 3421 4714 ἐκείνων,
3480 4646 3611 4702 ἀλλά
3653 4644 3760 4704 τοὺς
3792 4641 3861 4707 τῆς

664 4743 914 4799 vissimas
943 4744 1232 4799 societates
1263 4753 1472 4798 coeant.
1507 4744 1759 4814 Assyrios
1792 4747 2037 4800 nominat
2065 4748 2247 4802 orien-

2238 4777 2247 4790 -
2349 4752 2571 4823 ἀγάπης
2590 4749 2825 4820 δεσμοὺς
2854 4745 3279 4816 ἐνειλημμένους
3299 4741 3543 4813 ἔχοντας,
3566 4738 3653 4792 καὶ
3669 4733 3861 4823 ἡδείστας

667 4834 827 4889 talem
865 4837 1137 4905 regionem
1167 4835 1486 4891 incolentes.

2348 4819 2707 4914 ποιουμένους
2730 4838 2832 4902 τὰς
2846 4836 3174 4908 ὲπιμιξείας.
3192 4831 3514 4902 Ἀσσυρίους
3531 4845 3590 4899 γε
3610 4826 3701 4898 μὴν
3717 4819 3858 4889 όνομὰ·

2349 4934 2431 4999 ζει
2457 4935 2581 4998 τοὺς
2601 4933 2699 5001 τὴν
2728 4933 2803 4984 ἕω
2834 4929 3118 4992 οἰκοῦντας
3143 4925 3352 5000 χώραν.
3705 5006 3714 5009 Α
3824 4998 3842 5009 .

737 5012 904 5068 Vens.
935 5011 1026 5077 2'5,
1077 5013 1167 5068 2i.
1205 5013 1299 5069 Die
1348 5013 1443 5068 illa
1487 5016 1586 5068 erit
1645 5014 1817 5070 Israel
1858 5018 2044 5072 tertius
2115 5021 2241 5081 inter

2236 5037 2241 5060 ν
2421 5022 2499 5091 Τῇ
2538 5019 2726 5091 ἡμέρᾳ
2745 5018 2948 5086 ἐκείνῃ
2977 5015 3150 5070 ἔσται
3209 5013 3459 5083 Ἰσραὴλ
3484 5012 3665 5080 τρίτος
3692 5006 3750 5058 ἐν
3773 5006 3859 5062 τοῖς

667 5104 912 5172 Assyrios
946 5113 993 5158 et
1026 5103 1308 5174 .Egyptios
1341 5107 1641 5160 benedictus
1674 5107 1729 5161 in
1759 5119 1897 5163 terra
1957 5112 2039 5163 cui
2091 5113 2246 5166 bene-

2236 5141 2246 5152 -
2357 5113 2693 5180 Ἀσσυρίοις
2728 5109 2827 5164 καί
2872 5109 2941 5162 ἐν
2971 5106 3096 5173 τοῖς
3139 5105 3490 5174 Αἰγυπτίοις
3523 5092 3859 5166 εὐλογημένος

668 5197 803 5249 dixit
846 5195 1102 5249 Dominus
1147 5194 1407 5262 Sabaoth,
1433 5199 1610 5252 dicens
1635 5215 1653 5253 :
1678 5198 1993 5256 Benedictus
2020 5203 2246 5272 populus

2232 5221 2246 5257 ι
2343 5210 2414 5263 ἐν
2451 5206 2523 5276 τῇ
2546 5204 2644 5276 τῇ,
2674 5197 2714 5276 ᾗ
2743 5202 3084 5270 εὐλόγησεν·
3128 5201 3160 5252 ὁ
3188 5199 3403 5265 Κύριος
3435 5188 3855 5276 Σαϐαὼθλὴτυν·

668 5303 812 5341 meus
833 5289 922 5356 qui
951 5288 1005 5340 in
1031 5286 1288 5358 zEgypto,
1335 5299 1382 5343 et
1408 5291 1496 5359 qui
1533 5291 1587 5343 in
1610 5291 1862 5363 Assyriis,
1890 5304 1937 5348 et
1965 5295 2244 5350 hwreditas

2236 5313 2244 5350 ι
2345 5275 2765 5370 Εὐλογημένος
2790 5297 2822 5348 ὀ
2855 5293 3006 5357 λαός
3030 5307 3149 5360 μου
3187 5291 3219 5343 ό
3241 5289 3312 5341 ἑν
3344 5287 3625 5356 Αἰγύπτῳ,
3651 5278 3733 5332 καί
3763 5275 3859 5326 ’Λσο

671 5397 786 5434 mea
813 5378 1007 5434 Israel.

2350 5390 2608 5458 συρίοις,
2649 5385 2747 5439 καὶ
2779 5384 2815 5452 ἡ
2849 5377 3216 5448 κληρονομία
3233 5394 3350 5447 μου
3383 5369 3634 5441 Ἰσραήλ.

743 5472 946 5526 Dicitur
967 5471 1131 5527 Israel
1171 5473 1560 5545 primogenitus
1597 5477 1736 5532 inter
1785 5477 1941 5531 filios.
1981 5477 2114 5532 Cum
2147 5494 2245 5531 an-

2230 5509 2245 5520 -
2435 5457 2760 5551 Ὦνόμασται
2797 5477 2893 5548 μὲν
2926 5477 2954 5527 ὁ
2985 5471 3202 5544 Ἰσραὴλ
3235 5469 3568 5540 πρωτότοκος
3601 5464 3652 5514 ἓν
3681 5457 3853 5551 τέκνξκς’

589 5551 594 5554 ’
671 5574 776 5620 tem
823 5566 875 5620 in
911 5564 1185 5621 Christum
1221 5567 1709 5635 debaccharentur,
1741 5571 1994 5640 gentibus
2041 5571 2212 5626 subdil

2232 5572 2246 5626 i
2367 5541 2587 5642 Ἐπειδῆ
2606 5570 2662 5623 δὲ
2683 5541 3088 5638 πεπαρῴνηκεν
3124 5563 3203 5625 είς
3219 5558 3474 5631 Χριστὸν,
3505 5552 3707 5608 κατόπιν
3729 5541 3855 5642 τέθει-

671 5665 818 5723 sunt,
855 5665 909 5712 et
940 5659 1231 5713 secundum
1265 5658 1411 5714 velut
1466 5659 1700 5716 classem
1736 5663 1912 5720 sortiti
1958 5672 2103 5720 sunt.
2153 5663 2250 5720 lla-

2232 5694 2250 5704 -
2356 5681 2445 5718 ται
2479 5634 2587 5717 τῶν
2609 5659 2798 5726 ἐθνῶν,
2833 5657 2928 5712 καὶ
2958 5653 3219 5728 δευτέραν
3263 5651 3452 5723 ῶσπερ
3483 5634 3853 5720 μετεκληρόηατο

744 5839 790 5873 ⁸³
830 5842 1027 5913 Ephes.
1057 5867 1116 5917 ιι,
1167 5849 1245 5904 Η.
1327 5852 1369 5884 ⁸⁸
1401 5849 1499 5908 lsa.
1540 5862 1596 5912 ιι,
1628 5839 1681 5895 4ο
