4110 6522
257 407 365 464 477

1359 399 1425 469 IN
1468 414 1697 470 ISAIAM
1736 411 1864 469 Lzs.
1910 412 1969 466 ιι.
2003 409 2243 468 'rouus
2280 409 2366 467 IV.

254 526 429 591 τάξιν.
473 526 782 598 Τετὴρηται
816 526 922 599 γὰρ
960 529 1053 582 καὶ
1115 531 1263 602 αὐτῷ
1304 533 1403 603 τῆς
1444 534 1781 605 ἐπιστροφῆς
1814 537 1832 587 ί

1946 534 2069 589 bent
2097 533 2242 589 enim
2274 540 2330 586 et
2381 527 2454 583 illi
2499 529 2829 583 destinatum
2876 527 2978 583 sibi
3028 539 3234 601 tempus
3260 545 3370 585 sua:
3401 548 3532 585 eon-

258 616 470 686 καιρός.
500 615 814 686 Γέγραπται
848 617 1001 686 γοῦν,
1030 620 1112 673 ὅτι
1141 640 1159 671 ι
1195 623 1363 675 Ὅταν
1397 622 1453 675 δὲ
1481 624 1542 677 τὸ
1569 624 1845 694 πλήρωμα

254 707 367 760 τῶν
398 706 566 761 ἐθνῶν
597 707 835 779 εἰσέλθῃ,
860 708 981 762 τότε
1039 713 1146 775 πᾶς
1185 713 1403 785 Ἰσραὴλ
1458 713 1784 784 σωθήσεται.
1820 733 1839 765 ι

261 799 456 870 ’Δθρει
486 799 549 870 δὴ
575 794 689 864 οὖν,
720 800 876 872 ἄθρει
895 801 1077 872 τρίτον
1112 804 1170 856 ἐν
1191 805 1402 868 τούτοις
1431 805 1843 876 ὠνομασμένον,

258 893 318 943 ἐν
367 894 481 955 τοῖς
521 892 826 963 Ἀσσυρίοις
869 894 964 947 καὶ
1012 896 1351 964 Αἰγυπτίοις.
1411 899 1728 969 Ἀσσυρίους
1787 897 1845 950 δέ

258 998 427 1050 φησιν
446 983 503 1035 ἐν
532 982 761 1049 τούτοις,
790 982 865 1047 ὡς
914 984 1072 1055 ἔφην,
1131 988 1259 1050 τοὺς
1313 987 1455 1040 κατά
1478 1004 1540 1054 γε
1571 988 1671 1056 τὴν
1697 986 1843 1056 ἑῴαν

258 1072 478 1125 ἃπασαν
502 1075 626 1143 γῆν,
666 1075 901 1144 μάλιστα
929 1076 984 1130 δὲ
1006 1076 1104 1146 τὴν
1141 1078 1315 1148 μέσην
1339 1078 1446 1131 τῶν
1474 1077 1755 1148 ποταμῶν,
1786 1079 1843 1130 ἐν

257 1157 292 1237 ᾖ
318 1165 415 1216 καὶ
435 1161 575 1219 εἷναί
610 1184 742 1234 φασι
767 1167 1026 1239 γνησίους
1052 1170 1454 1240 προσκυνητὰς,
1486 1171 1580 1223 καὶ
1608 1169 1844 1239 ἀδελφὴν

255 1256 353 1308 καὶ
382 1258 599 1325 γείτονα
628 1259 728 1329 τῆς
758 1261 1068 1329 Αἰγυπτίων
1124 1261 1543 1331 ἐπιτηδεύοντας
1583 1263 1839 1332 ἄσκησιν,

253 1345 334 1409 ὡς
373 1347 652 1418 ίσάμιλλον
684 1350 829 1420 ἔχειν
863 1351 965 1421 τήν
997 1369 1057 1405 τε
1103 1354 1184 1416 είς
1207 1354 1317 1406 πᾶν
1346 1352 1522 1406 ὁτιοῦν
1545 1352 1653 1405 τῶν
1702 1355 1841 1422 ἀγα·

254 1435 368 1490 θῶν
392 1438 581 1507 ἐφεσίν
615 1457 675 1493 τε
706 1441 800 1493 καὶ
834 1442 1165 1513 προθυμίαν,
1213 1444 1308 1497 καὶ
1350 1443 1451 1514 μέν
1482 1463 1565 1498 τοι
1592 1445 1687 1499 καὶ
1714 1447 1842 1516 ἀρε-

249 1528 375 1597 τήν.
407 1527 698 1601 Τοιγάρτοι
719 1533 882 1602 φησὶν
902 1533 931 1584 6
964 1533 1073 1587 τῶν
1106 1535 1244 1588 ὅλων
1274 1535 1429 1599 Θεὸς
1462 1534 1843 1605 Εὐλογημένος

248 1619 281 1671 6
314 1618 442 1683 λαός
491 1637 616 1689 μου,
650 1622 677 1674 6
704 1622 761 1675 ἐν
786 1622 1047 1694 Αἰγύπτῳ
1095 1626 1188 1679 καὶ
1233 1629 1291 1679 ἐν
1353 1626 1659 1698 Ἀσσυρίοις
1686 1644 1699 1656 ·
1744 1629 1842 1680 ἐπ-

247 1710 573 1782 αριθμεῖται
596 1712 653 1765 δέ
675 1714 857 1786 τρίτος
889 1718 919 1769 6
957 1718 1191 1790 Ἰσραήλ.
1228 1719 1578 1790 Προσεπάγει
1606 1718 1714 1791 γὰρ
1747 1722 1829 1774 ὃτι

247 1803 368 1855 Καὶ
409 1803 742 1876 κληρονομία
782 1824 884 1876 μου
932 1808 1166 1879 Ἰσραήλ.
1221 1809 1332 1862 Καὶ
1388 1808 1583 1862 τούτου
1634 1810 1691 1862 δὲ
1741 1810 1839 1880 τὴν

247 1896 530 1964 πρόφασιν
560 1898 947 1968 προαπέδειξεν
965 1902 1097 1972 ἡμῖν
1130 1901 1159 1952 6
1187 1900 1363 1969 λόγος’
1382 1902 1837 1975 κεκυριοκτὸνηκε

245 1986 359 2057 γὰρ
390 1987 484 2038 καὶ
509 1985 746 2041 τέθειται
776 1990 855 2051 είς
881 1989 1070 2054 νῶτον,
1106 1989 1252 2043 καθά
1272 1993 1484 2060 φησινὸ
1515 1990 1697 2045 Δαδίδ.
1729 1991 1837 2045 Καὶ

247 2080 310 2131 ἐν
338 2082 453 2142 τοῖς
475 2080 813 2153 περιλοίποις
838 2081 1064 2151 γέγονεν
1099 2084 1127 2136 6
1155 2083 1516 2154 πρωτότοκος.

322 2256 439 2310 Τοῦ
483 2256 660 2324 ἔτους
702 2254 773 2315 οὗ
817 2257 1103 2327 εἰσῆλθεν
1146 2260 1412 2315 Ταναθὰν
1455 2264 1542 2329 εὶς
1569 2258 1833 2325 Ἄζωτον,

243 2347 434 2415 ἡνίκα
464 2348 778 2419 ἀπεστάλη
806 2352 921 2406 ὑπὸ
958 2352 1136 2421 Ἀρνὰ
1154 2353 1462 2420 βασιλέως
1486 2355 1831 2422 Ἀσσυρίων,

241 2439 350 2492 καὶ
378 2440 724 2512 ἐπολέμησε
751 2444 866 2512 τὴν
890 2444 1154 2511 Ἄζωτον,
1195 2446 1295 2500 καὶ
1339 2446 1699 2500 κατελάϐετο
1729 2448 1835 2500 αὐ-

240 2531 382 2597 τὴν,
411 2534 547 2586 τότε
590 2533 863 2603 ἐλάλησε
887 2538 1101 2605 Κύριος
1130 2537 1280 2605 πρὸς
1318 2539 1565 2594 Ἡσαΐαν
1605 2538 1830 2608 λέγων’

237 2624 515 2691 Πορεύου
544 2625 643 2679 καὶ
665 2625 855 2695 ἄφελε
877 2627 985 2681 τὸν
1006 2627 1241 2682 σάκκον
1283 2630 1402 2683 ἀπὸ
1452 2628 1562 2698 τῆς
1604 2631 1835 2698 όσερύος

236 2729 383 2777 σου,
428 2714 529 2769 καὶ
567 2715 639 2769 τὰ
684 2716 988 2771 σανδάλιὰ
1030 2734 1146 2772 σου
1190 2720 1498 2773 ὑπόλυσαι
1547 2719 1668 2774 ἀπὸ
1715 2718 1835 2772 τῶν

238 2807 451 2861 ποδῶν
490 2822 608 2862 σου
630 2825 644 2838 ·
688 2808 785 2862 καὶ
835 2809 1128 2877 ἐποίησεν
1178 2811 1387 2877 οὕτως,
1429 2813 1832 2881 πορευόμενος

236 2900 474 2968 γυμνὸς
524 2900 624 2954 καὶ
673 2901 1062 2967 ἁνυπόδετος.
1117 2902 1230 2956 Καὶ
1269 2900 1402 2956 εἷπε
1438 2905 1681 2970 Κύριος·
1725 2905 1834 2956 Ὃν

238 2991 471 3059 τρόπον
516 2995 877 3061 πεπόρευται
908 2994 1150 3060 Ἡσαΐας
1198 2997 1230 3048 ό
1269 2993 1411 3060 παῖς
1440 3011 1560 3062 μου
1607 2995 1834 3063 γυμνὸς

238 3082 343 3136 καὶ
368 3083 763 3150 ἀνυπόδετος,
797 3084 930 3152 τρία
960 3083 1063 3151 ἐτη
1092 3083 1263 3137 ἔσται
1286 3082 1506 3153 σημεῖα
1534 3082 1632 3136 καὶ
1667 3083 1834 3151 τέρα-

235 3192 316 3230 τα
336 3175 464 3241 τοῖς
488 3177 834 3245 Αἰγυπτίοις
873 3176 969 3230 καὶ
997 3177 1275 3245 Αίθίοψιγ
1296 3192 1309 3205 ·
1347 3175 1435 3227 ὅτι
1478 3174 1664 3240 οὕτως
1703 3173 1833 3239 ἄξει

1949 623 2235 678 versionis.
2279 621 2413 676 Nam
2446 622 2706 689 scriptum
2739 631 2820 675 est
2848 641 2860 675 :
2898 640 2916 671 ι
2945 622 3171 688 Quando
3198 636 3326 677 vero
3360 623 3531 693 pleni-

1949 716 2076 769 tudo
2104 716 2345 783 gentium
2401 713 2706 775 intraverit,
2760 720 2871 765 tum
2935 714 3112 767 omnis
3161 712 3323 767 Israel
3350 712 3530 767 salvus

1946 803 2135 858 erit”.
2168 821 2187 855 ι
2225 800 2602 871 Contemplare
2660 803 2855 872 igitur,
2910 805 3283 873 contemplare
3336 805 3389 859 in
3441 805 3529 859 his

1950 894 2166 950 tertium
2194 894 2602 948 denominatum
2656 894 2794 948 inter
2850 894 3105 965 Assyrios
3140 906 3192 950 et
3217 895 3525 967 Egyptios.

1946 988 2197 1057 Assyrios
2254 985 2341 1040 hic
2380 985 2531 1050 dicit,
2590 995 2647 1038 ut
2710 986 2941 1049 aiebam,
3002 986 3092 1055 qui
3152 994 3320 1040 totam
3382 986 3528 1041 velut

1944 1080 2263 1135 orientalem
2329 1089 2527 1134 terram
2578 1088 2891 1146 occupant,
2940 1078 3176 1133 maxime
3228 1094 3352 1133 eam
3407 1094 3529 1149 qua:

1947 1169 2087 1224 inter
2144 1167 2338 1224 ﬂuvios
2389 1169 2491 1224 sita
2553 1178 2655 1231 est,
2694 1168 2746 1221 in
2796 1182 2900 1237 qua
2933 1167 3097 1222 etiam
3144 1184 3433 1238 germanos
3472 1178 3527 1224 et

1945 1261 2208 1331 ingenuos
2247 1260 2559 1313 adoratores
2584 1272 2709 1313 esse
2733 1257 2931 1323 lerunt,
2955 1258 3045 1327 qui
3076 1268 3132 1311 et
3154 1266 3442 1327 cognatam
3470 1267 3527 1312 et

1944 1353 2178 1407 vicinam
2199 1349 2576 1422 Egyptiorum
2605 1348 2859 1403 excolunt
2888 1346 3249 1416 disciplinam.
3274 1349 3344 1402 ita
3380 1356 3439 1400 ut
3469 1348 3522 1400 iu

1943 1444 2207 1499 bonarum
2239 1456 2419 1496 rerqu
2451 1442 2652 1505 studio,
2687 1440 2969 1495 alacritate
3030 1450 3087 1495 et
3130 1441 3332 1496 virtute
3358 1439 3529 1511 299

1942 1549 2097 1604 :eqno
2144 1548 2365 1604 prorsus
2398 1542 2571 1586 marte
2628 1532 2908 1587 deceitare
2959 1532 3263 1586 videantur.
3294 1531 3528 1587 Proinde

1943 1622 2073 1677 dicit
2116 1621 2488 1676 universitatis
2512 1619 2656 1676 Deus
2689 1636 2701 1673 :
2741 1621 3066 1677 Benedictus
3088 1622 3315 1690 populus
3373 1635 3526 1677 meus

1942 1716 2032 1785 qui
2065 1726 2148 1770 est
2184 1715 2238 1770 in
2269 1713 2526 1786 :Egypto,
2564 1724 2617 1769 et
2654 1715 2744 1783 qui
2779 1716 2831 1768 in
2864 1715 3138 1786 Assyriis,
3177 1723 3527 1768 numeratur-

1942 1821 2047 1875 que
2097 1808 2291 1861 tertius
2354 1806 2547 1861 Israel.
2605 1804 2797 1860 Subdit
2840 1808 3027 1861 enim:
3074 1805 3373 1860 Hazreditas
3405 1819 3525 1859 mea

1873 1870 1914 1928 Β
1943 1897 2127 1955 Israel.
2155 1898 2382 1954 Causam
2413 1909 2591 1953 autem
2637 1899 3085 1969 prmsignilicavit
3114 1897 3272 1953 nobis
3302 1899 3478 1952 oratio
3509 1914 3523 1963 ;

1941 1988 2227 2043 Dominum
2289 1989 2434 2045 enim
2470 1990 2693 2053 occidit,
2762 1998 2819 2043 et
2846 1990 3056 2059 positus
3082 1999 3163 2043 est
3195 1989 3248 2043 in
3292 1998 3525 2059 tergum,

1938 2080 2393 2149 quemadmodum
2424 2080 2501 2134 ait
2555 2080 2721 2134 David
2751 2081 2823 2146 ⁷⁸,
2872 2091 2928 2135 et
2978 2081 3028 2134 in
3066 2080 3307 2150 reliquiis
3332 2095 3523 2135 cense-

1940 2183 2026 2228 tur
2054 2174 2466 2243 primOgeuitus.

2008 2264 2136 2318 CAP.
2192 2263 2307 2319 ΧΧ.
2365 2263 2523 2320 Vens.
2573 2264 2695 2318 1-4.
2757 2265 2908 2318 Anno
2972 2279 3074 2333 quo
3126 2265 3391 2332 ingressus
3448 2271 3521 2314 est

1940 2355 2220 2411 Tauatltan
2273 2358 2327 2409 in
2383 2357 2630 2418 Azotum,
2674 2355 2882 2427 quando
2916 2356 3108 2409 missus
3137 2355 3202 2407 ab
3230 2354 3376 2409 Arna
3404 2369 3524 2423 rege

1935 2450 2294 2518 Assyriorum,
2332 2458 2378 2501 et
2406 2448 2632 2500 Azotum
2678 2463 2956 2515 aggressus
2997 2454 3072 2500 est
3111 2457 3158 2499 et
3186 2446 3361 2513 cepit,
3395 2455 3518 2497 tunc

1935 2539 2142 2594 loculus
2167 2550 2243 2595 est
2282 2540 2539 2594 Dominus
2597 2538 2781 2605 Isaiae,
2821 2539 3000 2593 dicens
3028 2552 3047 2591 :
3111 2536 3272 2605 Vade,
3304 2548 3353 2591 et
3391 2551 3522 2590 exue

1937 2644 1969 2680 a
2007 2627 2181 2681 lumbo
2229 2637 2319 2681 tuo
2362 2644 2596 2689 saccum.
2631 2638 2679 2683 et
2711 2628 2914 2682 calceos
2944 2640 3060 2682 tuos
3088 2628 3301 2682 detrahe
3335 2628 3399 2681 de
3432 2643 3521 2695 pe-

1936 2718 2088 2771 dibus
2120 2719 2245 2772 tuis.
2275 2718 2344 2771 Et
2365 2719 2487 2787 fecit
2518 2720 2615 2781 sic,
2648 2719 2893 2772 incedens
2934 2722 3107 2773 nudus
3143 2730 3193 2773 ει
3234 2718 3523 2772 dissolua-

1935 2818 2040 2861 tus.
2091 2807 2158 2861 Et
2202 2808 2336 2862 dixit
2401 2808 2656 2862 Dominus
2693 2823 2713 2862 :
2779 2810 3234 2875 Quemadmodum
3284 2808 3522 2862 ambulat

1937 2897 2113 2953 Isaias
2154 2915 2334 2953 servus
2383 2917 2525 2955 metu
2562 2904 2734 2955 nudus
2765 2912 2813 2955 et
2844 2901 3217 2965 discalceatus,
3246 2902 3324 2955 sic
3352 2902 3521 2954 tribus

1935 2992 2090 3046 annis
2123 3002 2281 3046 erunt
2320 2994 2473 3063 signa
2514 3004 2560 3047 et
2609 2996 2853 3064 prodigia
2882 2994 3149 3065 ίΕθνριὶὶδ
3172 3006 3220 3048 ει
3248 2992 3521 3063 ΑΞιΙιὶομὶ-

1937 3085 2073 3149 bus,
2125 3086 2252 3152 quia
2305 3085 2382 3138 sic
2431 3087 2585 3140 ducet
2636 3102 2730 3140 res:
2774 3090 3111 3157 Assyriorum
3164 3088 3522 3154 captivitatem

1937 3174 2162 3245 zEgypti
2203 3189 2250 3230 ει
2304 3174 2615 3243 ΑέιΙιίομιιηι
2658 3194 2878 3247 Iuvenes
2945 3194 3194 3248 senesque
3254 3179 3424 3232 nudos
3472 3188 3522 3230 et

231 3268 541 3335 ,ϐασιλεὺς
575 3269 905 3338 Ἀσσυρίων
935 3269 1048 3338 τὴν
1087 3268 1509 3337 αἰχμαλωσίαν
1528 3268 1832 3337 Αἰγύπτου

1938 3266 2307 3334 discalceatos,
2349 3277 2558 3335 opertos
2596 3270 2849 3323 dedecore
2887 3269 3129 3339 ﬁgypti.

234 3361 342 3415 καὶ
404 3363 723 3417 Αίθιόπων.
809 3361 1184 3426 Νεανίσκους
1232 3358 1332 3413 καὶ
1378 3356 1860 3427 πρεσϐυτέρους,

234 3457 357 3526 τὴν
388 3458 696 3528 αἰσχύνη-ν
722 3458 1047 3527 Αίγύπτου.

315 3554 665 3625 Διαπεράνας
688 3550 745 3607 εὖ
773 3553 918 3624 μάλα
942 3554 1031 3608 τὸν
1058 3555 1152 3608 ἐπὶ
1180 3557 1292 3617 τοῖς
1314 3552 1628 3622 Αἰγυπτίοις
1650 3552 1828 3621 λόγον,

231 3642 334 3698 καὶ
366 3643 491 3696 τίνα
519 3643 717 3715 τρόπον
746 3642 1101 3715 κεκλήσονται
1132 3643 1221 3696 διὰ
1247 3642 1481 3706 πίστεως
1515 3645 1594 3706 είς
1616 3641 1713 3713 τὴν
1733 3641 1832 3712 τῆς

230 3734 497 3812 ἀληθείας
536 3734 830 3803 ἐπίγνωσιν
865 3733 1313 3807 προηγορευκὼς,
1344 3737 1619 3805 οἰκονομεῖ
1642 3752 1695 3787 τι
1726 3734 1828 3787 πά-

229 3824 321 3878 λιν
356 3823 467 3880 τῶν
497 3825 703 3895 ὅσαπερ
735 3820 804 3899 ἦν
832 3824 1077 3895 χρήσιμά
1124 3841 1185 3877 τε
1231 3824 1327 3879 κα)⁸
1374 3824 1648 3892 ἀναγκαῖα
1694 3821 1830 3894 πρὸς

230 3918 427 3989 δνησιν
461 3919 573 3981 τοῖς
604 3916 662 3985 ἐξ
704 3916 942 3992 Ἰσραήλ’
975 3916 1071 3970 καὶ
1102 3917 1229 3969 ποῖα
1255 3915 1321 3986 δὴ
1345 3914 1521 3969 ταῦτά
1550 3917 1717 3979 ἐστιν,
1753 3915 1830 3979 ὡς

232 4012 294 4063 ἐν
325 4008 587 4080 βραχέσιν
610 4009 737 4082 ἐρῶ.
756 4007 1301 4100 Ἀφειδήσαντεςπὰρ
1324 4008 1418 4061 καὶ
1438 4007 1607 4077 αὐτῆς
1629 4006 1728 4077 τῆς
1750 4008 1830 4070 εἰς

231 4101 328 4155 τὸν
357 4100 448 4154 διὰ
477 4101 755 4164 Μωῡσέως
785 4101 949 4172 νόμον
975 4096 1192 4165 αἰδοῦς,⁷
1211 4100 1304 4152 καὶ
1338 4098 1442 4170 μὴν
1490 4101 1587 4151 καὶ
1614 4096 1716 4168 τῆς
1748 4098 1829 4160 είς

230 4193 373 4248 Θεὸν
422 4193 642 4264 ἀγάπης
685 4192 1139 4264 ὀλιγωρήσαντες,
1172 4188 1553 4247 ἀσυνετώτατα
1592 4186 1828 4258 κατεφέ-

229 4301 397 4356 ροντο
435 4283 571 4354 πρός
602 4299 665 4353 γε
697 4283 759 4336 τὸ
792 4284 901 4336 δεῖν
933 4283 1014 4345 είς
1044 4280 1305 4335 πολύόεον
1334 4280 1660 4334 καθικέσθαι
1690 4279 1826 4333 πλά-

232 4392 420 4445 νησιν,
452 4374 547 4430 καὶ
589 4377 699 4438 τοῖς
742 4374 924 4446 ἔργοις
954 4373 1062 4428 τῶν
1095 4374 1241 4427 ίδίων
1268 4372 1466 4444 χειρῶν
1508 4370 1821 4442 λατρεῦσαι.

230 4468 363 4530 Τοῖς
395 4467 451 4520 δὲ
482 4465 630 4531 ἅπαξ
662 4467 742 4530 είς
769 4465 926 4519 τοῦτο
966 4463 1192 4535 γνώμης
1246 4462 1606 4535 ὼλισθηκόσιν
1638 4464 1826 4516 ἀνεπι-

1945 3357 2204 3428 γουμνοὺς
2255 3358 2357 3413 καὶ
2410 3360 2821 3429 ἀνυποόἐτους
2846 3403 2861 3428 ,
2912 3362 3522 3435 ἀνακεκαλυμμένους

2012 3548 2144 3603 Cum
2194 3549 2432 3604 sermoni
2494 3548 2561 3604 de
2615 3547 2887 3620 [Egyptiis
2930 3549 3090 3604 linem
3122 3550 3327 3619 Optime
3353 3550 3523 3622 impo-

1883 3657 1892 3667 '
1939 3642 2148 3705 suerit,
2206 3651 2255 3694 et
2286 3642 2740 3711 quemadmodum
2772 3642 2998 3697 vocandi
3027 3654 3214 3698 essent
3242 3658 3337 3714 per
3361 3643 3521 3699 ﬁdem

1938 3732 2005 3786 ad
2052 3732 2302 3787 veritatis
2352 3731 2685 3802 agnitionem
2744 3732 3074 3801 praedixerit,
3129 3749 3316 3787 rursus
3377 3735 3521 3804 quod

1940 3821 2202 3879 lsraelitis
2226 3824 2459 3895 perutile
2481 3831 2536 3879 et
2558 3825 3022 3894 pernecessarium
3047 3835 3289 3896 est,apte
3309 3826 3517 3881 intexit.

1937 3914 2012 3969 Ea
2066 3932 2185 3985 quae
2227 3917 2336 3971 sint
2383 3916 2574 3986 paucis
2600 3916 2799 3971 dicam.
2834 3915 3153 3985 Contempla
3182 3916 3326 3970 enim
3351 3916 3520 3986 ipsius

1932 4006 2070 4079 legis
2126 4008 2379 4062 Mosaicae
2431 4007 2738 4077 religione,
2798 4016 2853 4061 et
2915 4007 3182 4061 charitate
3233 4007 3287 4061 in
3347 4009 3515 4062 Deum

1930 4110 2139 4171 spreta,
2161 4114 2226 4155 eo
2250 4099 2488 4154 devoluti
2518 4109 2643 4153 sunt
2675 4098 3197 4168 itnprudeutissime,
3232 4108 3291 4153 ut
3324 4114 3514 4155 errore

1932 4195 2223 4247 multorum
2275 4192 2499 4246 deorum
2552 4192 2995 4256 involvereutur,
3044 4200 3100 4246 et
3142 4206 3362 4246 suarum
3404 4208 3517 4247 ma-

1924 4299 2090 4339 nuum
2152 4284 2409 4352 operibus
2467 4285 2762 4339 servirent.
2823 4284 2943 4352 Quo
2976 4286 3145 4339 semel
3176 4287 3228 4339 in
3266 4285 3505 4339 animum

1927 4376 2188 4442 demisso,
2244 4375 2376 4431 nihil
2429 4378 2698 4432 malorum
2735 4391 2842 4432 non
2890 4377 3365 4449 aggrediebantur.
3399 4377 3514 4445 Qua

1928 4470 1994 4526 de
2033 4485 2195 4526 causa
2237 4485 2610 4538 saepenumero
2660 4469 3028 4524 universitatis
3077 4469 3216 4525 Deus
3266 4470 3419 4524 bellis
3461 4478 3516 4523 et

230 4559 495 4629 τήδευτον
537 4554 607 4630 ἧν
654 4558 763 4612 τῶν
819 4557 1037 4629 φαύλων
1081 4558 1251 4611 οὐδέν.
1280 4558 1495 4629 Ταύτης
1529 4557 1694 4611 ἕνεκα
1721 4556 1821 4627 τῆς

1934 4561 2128 4631 ρηείὶἰε
2151 4577 2242 4615 eos
2264 4561 2493 4625 vexavit,
2515 4576 2635 4615 cmn
2654 4576 2748 4629 per
2772 4561 3030 4615 finitimas
3051 4572 3257 4628 gentes,
3278 4573 3391 4615 tum
3419 4576 3514 4630 per

229 4653 419 4715 αἰτίας
461 4652 684 4723 ἐπηφίει
726 4651 1040 4715 πλειστάκις
1083 4651 1265 4714 αὐτοῖς
1305 4653 1333 4705 6
1363 4650 1471 4705 τῶν
1504 4650 1642 4705 ὅλων
1691 4652 1823 4717 Θεὸς

230 4745 508 4815 πολέμους
530 4746 623 4799 xui.
652 4745 849 4816 μάχας,
877 4745 1035 4799 τοῦτο
1064 4746 1164 4816 μὲν
1190 4746 1317 4809 τοὺς
1344 4746 1453 4799 ἀπό
1478 4762 1540 4815 γε
1560 4746 1668 4799 τῶν
1689 4747 1821 4817 ὁμό-

233 4853 349 4912 ρων
375 4836 564 4900 ἐθνῶν,
597 4836 754 4891 τοῦτο
780 4838 836 4895 δὲ
858 4839 985 4901 τοὺς
1022 4836 1173 4906 παρὰ
1205 4837 1430 4910 Περσῶν
1465 4855 1526 4891 τε
1568 4838 1662 4892 καὶ
1700 4839 1820 4909 Μή-

230 4926 345 4979 δων
371 4945 383 4955 ·
435 4929 483 4981 oi
533 4927 589 4981 δέ
636 4945 699 4997 γε
749 4930 847 4999 τῆς
885 4927 1143 4992 Ἰουδαίας
1184 4928 1717 5000 κατεξανιστάμενοι,
1753 4928 1822 4982 τὰ

230 5022 405 5091 ἔτερα
448 5020 555 5074 τῶν
593 5019 764 5073 ἐθνῶν
806 5018 1310 5092 προκαταδῃοῦντες
1346 5019 1457 5074 ἔσθ’
1483 5022 1594 5085 ὅτε,
1632 5021 1824 5087 δεινοῖς

231 5114 335 5170 καὶ
367 5113 661 5183 ἀφορήτοις
701 5111 949 5183 δείμασιν
996 5112 1203 5182 ὁμιλεῖν
1250 5112 1663 5183 παρεσκεύαζον
1697 5115 1824 5178 τοὺς

231 5204 300 5271 ἐξ
344 5204 578 5275 Ἰσραήλ.
608 5205 673 5257 Ol
698 5204 756 5257 δὲ
781 5205 954 5257 καίτοι
983 5204 1100 5257 δέον
1128 5203 1219 5256 τὸν
1250 5203 1358 5257 τῶν
1389 5205 1524 5258 ὅλων
1550 5205 1824 5275 ἐκμειλίσο

232 5295 430 5350 σεσθαι
461 5294 613 5360 Θεὸν,
645 5296 738 5347 καὶ
771 5295 997 5348 ἀνοσίων
1030 5296 1128 5365 μὲν
1150 5297 1450 5367 ἀποφοιτᾷν
1474 5297 1825 5369 σπουδασμά-

240 5402 367 5448 των,
406 5384 795 5455 μεταχωρῆσαι
844 5386 899 5438 δὲ
952 5385 1149 5454 μᾶλλον
1176 5387 1269 5439 ἐπὶ
1299 5389 1361 5441 τὸ
1402 5388 1550 5457 αὐτῷ
1591 5388 1781 5443 δοκοῦν
1805 5432 1820 5457 ,

233 5475 336 5528 καὶ
378 5475 763 5544 ἀπολογεῖσθαι
811 5475 1186 5549 λελυπημένῳ,
1218 5480 1308 5533 διά
1352 5497 1413 5548 γε
1458 5480 1560 5552 τῆς
1603 5483 1668 5535 ἐκ
1714 5484 1822 5537 τῶν

1929 4653 2126 4709 Persas
2156 4662 2210 4709 et
2234 4653 2418 4708 Medos
2449 4670 2463 4707 :
2498 4654 2589 4722 qui
2625 4654 2677 4707 in
2700 4652 2938 4707 Judzeam
2970 4653 3333 4721 impressione
3366 4652 3509 4706 facta

1931 4746 2053 4801 aliis
2105 4746 2358 4816 gentibus
2410 4746 2559 4817 prius
2619 4745 2885 4807 vastatis,
2948 4743 3223 4798 lsraelitas
3259 4743 3407 4810 gravi
3460 4754 3511 4795 et

1930 4838 2270 4894 intolerando
2307 4850 2451 4893 metu
2505 4855 2611 4892 non
2647 4854 2770 4892 raro
2806 4836 3207 4891 exauimarunt.
3263 4834 3329 4889 lli
3385 4850 3515 4889 vero

1928 4945 2052 4985 cum
2085 4930 2458 4985 universitatis
2511 4930 2674 4984 Deum
2709 4928 2957 4983 emollire
2993 4937 3048 4982 et
3083 4927 3321 4997 placare,
3354 4936 3409 4982 et
3443 4930 3511 4983 ab

1928 5023 2109 5093 impiis
2159 5022 2356 5077 studiis
2387 5020 2577 5091 pedem
2614 5020 2840 5084 referre,
2874 5028 2929 5073 et
2960 5019 3139 5088 potius
3167 5020 3232 5071 ad
3264 5018 3357 5073 Dei
3394 5019 3510 5089 pla-

1927 5116 2095 5169 citum
2144 5129 2204 5170 se
2253 5114 2522 5176 conferre,
2560 5124 2613 5168 et
2643 5128 2703 5166 se
2733 5112 2779 5166 ei
2815 5110 3028 5166 oll'enso
3063 5123 3315 5179 purgare,
3348 5120 3511 5178 atque

1926 5222 1955 5259 a
2012 5205 2341 5275 turpiorilius
2394 5205 2459 5258 ad
2518 5203 2738 5257 meliora
2784 5200 3101 5270 confugere,
3142 5211 3196 5254 et
3240 5202 3312 5254 ita
3352 5201 3419 5254 ab
3443 5216 3508 5255 eo

1927 5300 2179 5363 salutem,
2226 5297 2523 5367 etquidem
2559 5294 2723 5364 300
2750 5293 2921 5348 solam
2957 5308 3223 5363 quaarere,
3258 5308 3506 5347 manum-

1924 5408 2029 5462 que
2056 5407 2277 5461 semper
2311 5399 2727 5445 conservantem
2784 5396 2838 5440 et
2860 5387 3223 5442 vindicantem
3255 5397 3507 5457 expetere

1922 5485 2220 5539 deberent:
2272 5484 2324 5538 id
2364 5499 2496 5538 sane
2528 5482 2723 5538 miselli
2757 5495 2861 5535 non
2896 5482 3160 5546 fecerunt,
3193 5482 3285 5535 sed
3316 5493 3501 5534 corro-

231 5565 525 5635 αἰσχιόνων
556 5569 636 5629 εἰς
673 5567 733 5620 τὺ
771 5567 990 5637 ἄμεινον
1035 5569 1401 5639 μταδρομῆς,
1433 5570 1575 5625 οὕτω
1617 5590 1676 5627 τε
1722 5573 1820 5647 τὴν

1934 5577 2059 5648 gatis
2092 5588 2144 5635 et
2168 5578 2518 5635 emendicatis
2542 5578 2610 5632 ab
2634 5578 2944 5634 hominibus
2968 5573 3208 5638 auxiliis,
3234 5572 3502 5627 interdum

234 5658 369 5728 παρ’
408 5656 572 5710 αὐτοῦ
619 5658 712 5711 καὶ
764 5658 927 5729 μόνου
962 5660 1230 5730 σωτηρίαν
1262 5663 1561 5733 ἐπιζητεῖν,
1595 5666 1689 5720 καὶ
1721 5665 1817 5737 τὴν

1934 5668 2177 5726 luitinios
2227 5669 2495 5739 quosdam
2557 5672 2623 5725 ad
2680 5670 2782 5726 hoc
2826 5676 3142 5733 evocarunt,
3186 5662 3399 5719 interim
3452 5670 3505 5716 et

308 5841 353 5872 ι’
396 5839 552 5894 llum.
594 5855 670 5907 xl,
704 5839 793 5895 ‘25.
870 5840 913 5871 ⁷⁰
943 5839 1084 5896 Psal.
1111 5857 1198 5911 xx,
1233 5843 1318 5899 l5.

3428 412 3535 469 473
3604 438 3607 441 ·
