4110 6508
247 393 341 450 631

1342 392 1405 447 lN
1449 389 1681 447 ISAIAM
1724 391 1850 447 LIB.
1890 390 1957 446 ll.
2000 390 2237 447 TOMUS
2277 388 2369 444 IV.

244 515 373 584 ἡμῖν
384 512 617 575 λαλεῖτε,
637 512 732 566 καὶ
755 511 1111 580 ἀναγγέλλετε
1135 514 1263 584 ημῖν
1287 511 1480 582 ἐτέραν
1500 511 1802 583 πλάνησιν.;

1929 510 2228 577 scitentur,
2286 517 2340 563 et
2375 507 2518 562 scire
2561 505 2844 577 cupientes
2899 516 2998 557 cur
3024 501 3126 556 hoc
3158 498 3371 562 fecerit,
3403 515 3498 551 va-

242 604 424 675 ταύτῃ
447 619 531 655 τοι
560 602 656 656 καὶ
676 602 822 674 μάλα
852 603 1037 672 σαφῶς
1066 605 1094 656 6
1120 602 1371 674 σώφρων,
1406 605 1434 655 6
1461 602 1706 674 κόσμιος,
1730 604 1824 655 καὶ

238 696 440 771 ἀρετῆς
464 694 682 765 ἀπάσης
699 693 971 764 ἔμπλεως,
998 697 1026 748 6
1055 698 1366 766 προφητικῇ
1385 694 1823 765 κατεστεμμένος

236 787 442 858 χάριτι,
467 786 565 840 καὶ
593 788 652 840 ἐν
684 787 917 857 ἀσκήσει
963 788 1290 858 περιφανὴς,
1344 787 1440 840 καὶ
1486 784 1646 839 αὐτὸν
1688 786 1824 839 ἀπο-

233 880 419 932 δύεται
460 879 553 932 τὸν
599 879 823 941 σάκκον,
875 878 937 931 οὐ
980 877 1251 950 τρυφερὸν
1301 878 1532 946 ἱμάτιον,
1577 876 1722 947 παχὺ
1765 875 1821 928 δὲ

236 970 441 1040 μᾶλλον
488 970 582 1024 καὶ⁵
632 968 846 1032 εὐτελές
868 985 881 999 ⁸
928 969 1155 1024 ἀπολύει
1186 968 1242 1022 δὲ
1273 970 1365 1021 καὶ
1410 967 1518 1021 τῶν
1552 966 1725 1020 ποδῶν
1753 967 1823 1020 τὰ

234 1063 517 1127 σανδάλια,
551 1062 645 1116 καὶ
676 1062 732 1114 ἐν
748 1060 825 1131 τῷ
844 1061 1031 1131 τοιῷδε
1056 1060 1261 1130 βαδίζει
1293 1062 1531 1131 σχήματι
1551 1075 1565 1090 ·
1599 1060 1665 1113 ἵν’
1690 1059 1821 1112 αὐτὸ

229 1152 292 1221 δὴ
339 1150 503 1204 τοῦτο
537 1149 906 1219 θαυμάζοντες
937 1151 985 1203 οἰ
1022 1149 1254 1220 ὁρῶντες
1299 1149 1481 1212 αὑτὸν,
1513 1147 1821 1202 ἀναπυνθά-

229 1257 434 1293 νωνται
482 1241 580 1304 τάς
624 1241 824 1304 αἰτίας,
866 1242 961 1294 καὶ
994 1241 1079 1310 ἐφ’
1112 1241 1218 1311 ὅτῳ
1247 1240 1404 1293 τοῦτο
1437 1239 1720 1312 πέπραχεν
1744 1240 1820 1292 εἰ-

226 1331 379 1385 δέναι
433 1331 846 1397 σπουδάζοντες,
903 1330 1401 1402 πληροφορηθεῖενο
1448 1332 1531 1385 ὅτι
1585 1331 1818 1401 ματαίαν

225 1422 416 1493 ἔχουσι
465 1422 563 1494 τὴν
596 1424 685 1475 ἐπ’
711 1422 1018 1493 ἀνθρώποις
1056 1423 1243 1476 ἐλπίδα
1264 1441 1280 1456 ο
1315 1424 1410 1476 καὶ
1436 1424 1573 1494 χρῆν
1615 1422 1677 1494 δή
1714 1441 1816 1476 που

227 1512 436 1581 μᾶλλον
457 1512 652 1575 αὐτοὺς
691 1511 976 1582 γλίχεσθαι
1001 1513 1101 1582 μὲν
1122 1512 1222 1582 τῆς
1243 1512 1450 1567 ἀνωθεν
1494 1510 1813 1583 εὐημερίας,

221 1600 527 1673 ἐπίκουρον
551 1601 607 1653 δέ
631 1601 901 1654 ποιεῖσθαι
932 1599 1105 1671 φιλεῖν
1125 1599 1215 1652 τὸν
1241 1600 1327 1652 ἀεὶ
1359 1598 1637 1652 σεσωκότα
1658 1596 1811 1651 Θεόν.

221 1690 450 1759 Γυμνοῦ
493 1691 674 1743 τοίνυν
727 1691 821 1743 καὶ
869 1688 1197 1744 ἀνυποδέτου
1231 1687 1677 1760 περινοστοῦντος
1715 1687 1816 1759 τὴν

233 1780 502 1834 Ἰουδαίαν
528 1781 621 1836 τοῦ
667 1780 938 1853 μακαρίου
973 1782 1275 1851 προφήτου,
1314 1781 1408 1833 καὶ
1441 1779 1631 1843 πτοίας
1661 1780 1813 1848 ἐγγι-

1928 616 2049 655 nant
2108 616 2169 655 se
2224 614 2373 669 spem
2430 598 2684 653 habuisse
2723 596 2774 650 in
2804 594 3132 659 hominibus,
3159 592 3497 663 exploratum

1925 690 2203 746 habeant:
2254 706 2378 744 cum
2437 691 2762 759 oportuisset
2818 687 3013 756 potius,
3064 701 3096 741 e
3140 686 3389 755 supernis
3418 685 3500 738 fa-

1922 796 2106 836 vorem
2170 782 2403 846 ambire,
2446 786 2725 849 Deumque
2750 778 2850 833 sibi
2879 778 3167 832 conciliare
3192 776 3497 831 adminicu-

1927 871 2183 934 latorem,
2209 870 2302 939 qui
2343 884 2557 939 semper
2586 869 2841 925 servavit.
2872 868 3102 923 Proinde
3128 869 3268 923 nndo
3294 878 3349 923 et
3378 867 3498 923 sine

1925 961 2126 1014 calceis
2154 962 2566 1031 perambulante
2597 961 2836 1015 .ludzram
2870 962 3026 1015 beato
3055 961 3338 1028 propheta,
3373 976 3493 1015 cum

1923 1051 2323 1119 spectatoribus
2361 1065 2463 1103 non
2498 1050 2726 1118 exiguus
2762 1050 2923 1104 timor
2956 1050 3310 1114 incuteretttr,
3344 1048 3495 1103 Dixit

1922 1140 2203 1205 Dominus,
2252 1142 2469 1210 inquit:
2523 1141 2985 1209 Quemadmodum
3043 1141 3282 1195 ambulat
3330 1141 3494 1196 lsaias

1920 1247 2052 1303 puer
2081 1246 2234 1286 meus
2280 1233 2452 1286 nudus
2520 1242 2575 1287 et
2608 1231 2982 1297 discalceatus,
3024 1232 3103 1287 sic
3135 1232 3305 1286 tribus
3337 1233 3493 1287 annis

1919 1332 2081 1376 erunt
2130 1324 2279 1392 signa
2319 1332 2372 1377 et
2410 1322 2650 1392 prodigia
2682 1322 2733 1376 in
2789 1320 3072 1393 Egyptios
3110 1331 3163 1378 et
3189 1321 3491 1392 Ethiopes.

1919 1408 2072 1474 Nam,
2107 1420 2163 1463 ut
2218 1410 2467 1479 superius
2514 1411 2646 1470 dixi,
2696 1424 2818 1464 cum
2876 1412 3109 1481 Assyriae
3141 1427 3234 1466 rex
3262 1413 3496 1467 triennio

1921 1509 2032 1556 toto
2083 1500 2370 1572 Egyptum
2399 1541 2414 1566 ,
2474 1500 2867 1571 Ethiopesque
2903 1503 3131 1567 vicinos,
3190 1513 3244 1557 et
3281 1502 3496 1561 Theba-

1921 1608 2112 1646 norum
2170 1601 2373 1646 terram
2429 1593 2738 1647 accolentes
2787 1593 3162 1662 depopulatus,
3191 1595 3494 1664 complures

1917 1688 2161 1757 captivos
2203 1688 2450 1751 haberet,
2483 1684 2859 1757 Egyptiorum
2885 1687 3285 1743 calamitatibus
3309 1689 3493 1743 exsul-

1920 1790 2038 1833 tans
2082 1788 2137 1833 et
2190 1779 2526 1834 insolescens
2558 1795 2573 1833 :
2609 1788 2759 1844 tunc,
2815 1788 2941 1833 tunc
3002 1780 3226 1834 illustris
3278 1781 3492 1834 domum

217 1869 464 1940 νομένης
499 1873 611 1933 τοῖς
654 1870 852 1940 ὁρῶσιν
900 1872 1061 1926 αὐτὸν
1087 1873 1148 1925 οὐ
1182 1873 1405 1943 μικρᾶς,
1441 1868 1629 1936 Εἶπεν,
1656 1872 1802 1941 φησὶ,

1919 1872 2111 1924 iterum
2152 1870 2451 1925 reducitur.

217 1958 434 2029 Κύριος
457 1976 472 1990 ν
510 1961 606 2013 Ὀν
624 1961 822 2032 τρόπον
848 1962 1177 2033 πεπόρευται
1214 1962 1444 2025 Ἡσαΐας
1469 1964 1498 2015 6
1522 1963 1650 2025 παῖς
1710 1978 1835 2032 μου,
1875 1960 2081 2031 γυμνὸς
2146 1961 2240 2015 καὶ
2281 1960 2626 2027 ἀνυπόδετος,
2653 1961 2778 2031 τρία
2828 1960 2922 2032 ἐτη
2969 1960 3122 2015 ἔσται
3166 1964 3367 2032 σημεῖα
3400 1961 3495 2014 καὶ

215 2052 437 2123 τέρατα
477 2056 589 2117 τοῖς
635 2056 952 2123 Αἰγυπτίοις
1000 2057 1094 2111 καὶ
1134 2055 1397 2126 Αἰθίοψιν.
1414 2057 1502 2121 Ὧς
1529 2057 1638 2128 γὰρ
1674 2056 1810 2128 ἔφην
1885 2055 2116 2126 φθάσας.
2172 2058 2228 2110 ἐν
2259 2055 2459 2125 ὀλίγοις
2490 2055 2634 2110 ἔτεσι
2678 2057 2822 2128 τρισί
2864 2056 3223 2131 καταδῃώσας
3261 2058 3360 2127 τὴν
3395 2058 3491 2109 Αἰ-

215 2144 474 2211 γυπτίων
497 2149 525 2200 6
551 2147 658 2200 τῶν
689 2149 984 2221 Ἀσσυρίων
1015 2149 1286 2219 βασιλεὺς,
1320 2150 1415 2203 καὶ
1446 2148 1552 2223 μὴν
1575 2150 1814 2213 καὶτοὺς
1851 2146 2279 2221 προσοικοῦντας
2341 2148 2603 2212 Αἰθίοπας
2647 2149 2806 2219 αὐτῇ,
2859 2149 2952 2201 καὶ
2994 2150 3059 2219 τῇ
3092 2146 3341 2219 Θηϐαίων
3375 2148 3491 2215 γεί-

212 2253 406 2300 τονας,
456 2238 717 2309 πλείστην
765 2240 908 2311 ἔχων
959 2241 1359 2311 αἰχμαλωσίαν,
1428 2243 1522 2297 καὶ
1568 2244 1690 2306 ταῖς
1730 2241 2041 2310 Αἰγυπτίων
2084 2239 2497 2311 ἐνσπαταλὴσας
2558 2242 2896 2312 συμφοραῖς·
2931 2240 3051 2294 τότε
3100 2240 3166 2312 δὴ
3192 2239 3312 2293 τότε
3353 2238 3493 2311 λαμ-

215 2327 363 2397 πρὸς
392 2330 535 2384 οἶκοι
574 2331 734 2385 πάλιν
765 2331 1138 2404 ἀνεκομίζετο.

289 2426 410 2481 Καί
456 2426 899 2494 ἡττηθήσονται
942 2426 1374 2496 αἰσχυνθέντες
1417 2432 1470 2484 οἱ
1499 2429 1804 2500 Αἰγύπτιοι

211 2516 320 2570 ἐπὶ
365 2514 494 2582 τοῖς
541 2515 834 2584 Αἰθίοψιν,
880 2516 972 2585 ἐφ’
1019 2518 1109 2582 οἷς
1153 2514 1317 2587 ἦσαν
1355 2519 1705 2585 πεποιθότες
1751 2521 1804 2573 οἱ

210 2609 532 2677 Αἰγύπτιοι
551 2624 565 2639 ο
595 2603 758 2677 ἦσαν
780 2608 889 2677 γὰρ
912 2609 1115 2675 αὐτοῖς
1136 2608 1302 2674 δόξα.
1334 2609 1442 2664 Καὶ
1471 2609 1718 2678 ἐροῦσιν
1749 2613 1804 2664 οι

212 2700 645 2765 κατοικοῦντες
696 2701 765 2754 ἐν
804 2699 877 2768 τῇ
927 2702 1096 2768 νήσῳ
1136 2703 1323 2769 ταύτῃ
1347 2719 1361 2733 ·
1430 2701 1584 2756 Ἰδοὺ
1631 2701 1803 2773 ἡμεῖς

208 2786 376 2861 ἦμεν
400 2788 769 2855 πεποιθότες,
807 2788 914 2843 τοῦ
951 2790 1164 2859 φυγεῖν
1184 2794 1271 2857 εις
1296 2790 1518 2857 αὐτοὺς
1554 2795 1637 2859 είς
1651 2792 1803 2859 βοή·

211 2884 410 2943 θεισν,
451 2879 549 2934 καί
586 2882 699 2935 οὐκ
724 2879 1025 2948 ἠδύναντο
1065 2881 1333 2951 σωθῆναι
1362 2884 1478 2937 ἀπὸ
1496 2884 1804 2951 ,ϐασιλέως

221 2971 584 3039 Ἀσσυρίων,
614 2970 711 3025 καί
749 2970 871 3036 πῶς
898 2971 1065 3041 ἡμεῖς
1094 2974 1487 3043 σωθησόμεθα
1504 2991 1523 3038 ;

286 3061 374 3114 Τὰ
396 3060 659 3132 πρόσοικα
687 3064 753 3132 τῇ
784 3062 1033 3132 Θηϐαίων
1057 3062 1184 3133 ἔθνη
1216 3063 1488 3135 βάρϐαρα,
1519 3064 1801 3136 Βλέμμυες

1973 2422 2139 2479 Vens.
2172 2425 2225 2491 5,
2259 2423 2311 2479 6.
2341 2422 2407 2476 Et
2438 2423 2734 2478 ernbescent
2769 2424 2891 2477 victi
2922 2438 3081 2490 super
3110 2421 3486 2490 zEthiopibus,

1898 2518 2085 2588 quibus
2127 2516 2311 2585 conﬁsi
2347 2528 2467 2571 sunt
2508 2516 2785 2586 Egyptii;
2810 2525 2957 2569 erant
3000 2514 3137 2569 enim
3176 2516 3248 2569 eis
3290 2516 3485 2585 gloria.

1906 2609 1972 2663 Et
2005 2611 2174 2663 dicent
2207 2609 2522 2663 habitatores
2551 2609 2737 2663 insqu
2769 2609 2920 2661 istius
2958 2623 2975 2660 :
3010 2608 3144 2662 Ecce
3176 2626 3268 2663 nos
3302 2609 3491 2677 conﬁsi

1900 2718 2104 2763 sumus,
2134 2711 2186 2754 ut
2222 2701 2611 2771 confugeremus
2646 2701 2714 2754 ad
2746 2716 2831 2753 eos
2867 2702 2921 2753 in
2943 2699 3223 2765 auxilium,
3262 2702 3349 2771 qui
3385 2717 3490 2755 non

1919 2800 2201 2860 patuerunt
2235 2791 2445 2860 defendi
2481 2802 2661 2844 contra
2700 2806 2867 2861 regem
2900 2790 3255 2861 Assyriorum.
3286 2790 3354 2846 Et
3389 2808 3490 2862 quo

1912 2896 2061 2953 pacto
2087 2886 2412 2939 servabimur
2438 2885 2572 2937 nos?

1977 3060 2188 3115 Accolae
2217 3059 2595 3115 Thebanorum
2634 3070 2759 3116 sunt
2792 3071 2978 3132 gentes
3014 3063 3279 3129 barbarae,
3309 3063 3489 3119 Blem-

207 3152 264 3206 δὲ
292 3145 467 3217 οὗτοι,
496 3153 545 3206 οἲ
572 3154 667 3206 καὶ
697 3156 832 3208 εἰσὶν
863 3154 1136 3217 Αἰθίοπες,
1171 3156 1562 3226 εὐτεχνέστατα
1591 3157 1689 3227 μὲν
1706 3156 1802 3220 τὰς

1907 3167 2077 3224 ntyes,
2100 3154 2190 3222 qui
2224 3152 2361 3207 idem
2395 3162 2521 3209 sunt
2547 3151 2849 3225 Ethiopes,
2874 3154 3035 3226 302
3071 3156 3314 3212 homines
3350 3158 3489 3227 peri-

209 3243 392 3315 βελῶν
424 3245 741 3317 ἀφαιρέσεις
773 3247 1041 3301 ποιεῖσθαι
1072 3248 1497 3319 μεμελετήκασι.
1521 3249 1804 3321 Φαρμάκῳ

206 3336 265 3389 ἢ
320 3335 525 3400 ταύτας
569 3338 921 3409 ἀποχρίοντες
966 3338 1338 3409 ὁλεθριωτάτῳ
1376 3340 1640 3409 ἐπαφίασι
1691 3343 1805 3405 τοῖς

210 3429 555 3500 μαχομένοις
574 3446 590 3461 ο
636 3429 738 3483 κᾶν
763 3432 810 3482 εί
838 3430 1266 3501 προσψαύσειαν,
1295 3431 1613 3504 τεθνήξεται
1661 3433 1801 3487 πάν-

206 3535 324 3581 τως
356 3520 385 3570 6
420 3518 669 3589 πληγεὶς,
704 3521 797 3573 καὶ
837 3520 1026 3592 ὥσπερ
1069 3539 1155 3586 τις
1199 3522 1517 3595 όφιόδηκτος
1563 3523 1802 3594 γεγονὼς

209 3612 560 3683 παραχρῆμα
605 3608 984 3666 πεσεῖταιῙΗν
1025 3607 1122 3667 οὖν
1155 3614 1214 3667 ἐν
1243 3612 1352 3667 ἔθει
1392 3616 1485 3668 καὶ
1512 3615 1671 3687 τριϐῇ
1706 3618 1803 3670 Αί-

208 3704 487 3771 γυπτίοις,
526 3703 760 3773 πολέμου
794 3705 889 3758 καὶ
922 3705 1099 3776 μάχης
1127 3706 1545 3778 ἐπηρτημένων,
1569 3708 1666 3771 τάς
1692 3708 1800 3763 τῶν

207 3795 491 3848 Αἰθιόπων
512 3795 880 3865 καταμισθοῦν
897 3813 955 3849 τε
978 3796 1280 3867 φάλαγγας,
1306 3802 1399 3851 καὶ
1423 3799 1562 3869 μέγα
1584 3804 1799 3870 φρονεῖν

208 3888 304 3940 ἐπ’
343 3888 529 3950 αὐτοῖς
552 3902 566 3914 ⁸
596 3886 709 3940 ἀλλ’
738 3887 955 3959 ἥλωσαν
988 3889 1084 3942 σὺν
1115 3890 1299 3953 αὐτοῖς
1328 3891 1426 3962 τῆς
1461 3891 1569 3946 τῶν
1607 3892 1794 3946 Ἀσσυ-

211 3980 349 4050 ρίων
384 3979 635 4052 ἀνδρείας
678 3980 999 4052 ἡττώμενοι.
1039 3983 1493 4055 Αἰηυνθὴσονται
1531 3985 1710 4039 τοίνυν
1747 3988 1799 4040 οἰ

206 4070 527 4137 Αἰγύπτιοι,
571 4072 756 4142 φησὶν,
804 4073 897 4125 ἐπὶ
946 4075 1059 4137 τοῖς
1106 4073 1374 4144 Αἰθίοψιν.
1417 4077 1504 4145 ἐφ’
1531 4071 1612 4141 οἷς
1656 4074 1797 4149 ἦσαν

206 4161 559 4226 πεποιθότες.
588 4163 1054 4235 Κατειλημμένων
1081 4163 1191 4238 γὰρ
1221 4165 1314 4219 καὶ
1340 4167 1517 4220 αὐτῶν
1544 4168 1637 4221 καί
1666 4187 1795 4223 νενι-

206 4252 492 4323 κημένων,
527 4253 741 4325 ἐροῦσιν
762 4256 812 4307 οἰ
837 4256 894 4309 ἐν
925 4257 992 4326 τῇ
1026 4258 1174 4327 νήσῳ
1190 4256 1361 4328 ταύτῃ
1382 4258 1757 4325 κατοικοῦντες
1777 4278 1791 4292 ·

217 4344 356 4396 Ἰδοὺ
389 4346 552 4414 ἡμεῖς
586 4340 729 4416 ἦμεν
761 4346 1075 4411 πεποιθότες
1099 4348 1229 4402 ποτέ
1257 4349 1350 4402 τοῦ
1383 4352 1573 4419 φυγεῖν
1593 4352 1672 4414 εἰς
1694 4352 1792 4405 αὐ-

203 4438 337 4500 τοὺς
365 4436 447 4501 εἰς
482 4436 755 4509 βοήθειαν,
791 4440 841 4492 οῖ
874 4440 975 4493 οὐκ
1003 4440 1263 4511 ἠδύναντο
1295 4442 1532 4513 σωθῆναι
1564 4444 1672 4499 ἀπὸ
1705 4446 1795 4516 βα-

1912 3242 2128 3307 tissimi,
2159 3241 2277 3296 telis
2311 3243 2583 3298 mittendis
2637 3253 2799 3314 atque
2837 3246 3151 3315 torquendis
3183 3247 3488 3311 exercitati,

1909 3349 2028 3404 qua:
2060 3348 2267 3388 Veneno
2298 3333 2757 3405 perniciosissimo
2786 3336 3000 3391 inuncta
3019 3377 3035 3404 ,
3064 3337 3113 3390 in
3146 3353 3240 3394 eos
3267 3341 3489 3409 qnibus~

1909 3441 2029 3480 cum
2058 3425 2480 3494 congrediuntur
2503 3425 2910 3496 ejaculabantur
2934 3446 2949 3483 :
2977 3429 3019 3483 si
3050 3430 3340 3499 tetigerint,
3366 3447 3489 3501 per-

1909 3532 2095 3571 cussus
2127 3517 2347 3571 omnino
2374 3518 2620 3581 moritur,
2647 3528 2700 3572 et
2726 3518 2949 3588 perinde
2979 3530 3142 3590 atque
3172 3536 3202 3575 a
3235 3536 3488 3591 serpente

1908 3622 2143 3671 morsus,
2180 3607 2468 3662 confestim
2504 3608 2760 3666 concidit.
2792 3609 2921 3664 Erat
2954 3611 3118 3679 igitur
3152 3612 3203 3667 in
3244 3629 3394 3670 more
3432 3626 3486 3671 et

1908 3700 2300 3754 consuetudine
2345 3698 2635 3771 Egyptiis,
2671 3700 2810 3755 bello
2856 3711 2910 3755 et
2956 3717 3131 3773 pugna
3182 3705 3483 3774 ingruente.

1905 3788 2242 3860 Ethiopicas
2272 3791 2566 3862 phalanges
2599 3793 2959 3849 conductitios
2992 3810 3300 3866 corrogare,
3330 3806 3385 3852 et
3417 3800 3483 3852 de

1906 3882 2009 3936 illis
2037 3882 2323 3952 plurimum
2353 3884 2665 3952 superbire;
2692 3900 2876 3938 verum
2904 3901 3024 3940 cum
3058 3887 3161 3941 illis
3182 3890 3323 3959 capti
3355 3902 3481 3945 sunt

1907 3972 2219 4028 fortitudine
2262 3976 2604 4045 Assyriorum
2650 3975 2871 4030 devicti.
2911 3976 3245 4033 Erubescent
3291 3980 3475 4050 igitur,

1904 4064 2108 4135 inquit,
2158 4065 2393 4138 Egyptii
2458 4067 2510 4121 in
2565 4066 2907 4138 [Ethiopibus
2964 4069 3159 4139 quibus
3217 4070 3474 4127 fidebant.

1902 4157 2082 4227 Captis
2128 4161 2271 4214 enim
2322 4160 2423 4214 illis
2471 4170 2524 4215 et
2571 4162 2872 4231 superatis,
2903 4162 3081 4217 dicent
3127 4162 3241 4233 ejus
3287 4164 3475 4220 insnlre

1902 4250 2232 4307 habitatores
2259 4268 2273 4305 :
2306 4252 2442 4307 Ecce
2476 4268 2572 4308 nos
2599 4254 2788 4309 confisi
2821 4269 3038 4310 eramus
3066 4264 3125 4309 ut
3155 4256 3475 4327 confugere-

1903 4356 2021 4396 mus
2054 4341 2120 4393 ad
2153 4354 2247 4395 eos
2276 4343 2459 4397 auxilii
2487 4344 2680 4412 gratia,
2708 4343 2797 4413 qni
2832 4360 2934 4398 non
2968 4355 3253 4414 potuerunt
3284 4354 3470 4402 c‘ontra

1903 4446 2078 4500 regem
2113 4432 2457 4491 Letvriornm
2493 4434 2743 4502 defendi;
2770 4452 3001 4505 quonam
3040 4446 3198 4506 pacto
3232 4439 3470 4494 servabi-

206 4526 408 4589 σιλέως
439 4506 768 4596 Ἀσσυρίων·
801 4527 896 4581 καὶ
1062 4529 1226 4600 ἡμεῖς
1261 4506 1618 4601 σωθησόμεθα
1643 4547 1658 4597 ;
1684 4506 1793 4601 Νῆα

1907 4536 2019 4575 mur
2067 4524 2195 4576 nosi
2243 4524 2476 4577 msttlam
2533 4524 2698 4595 igitur
2743 4524 3030 4595 Egyptum
3086 4526 3357 4592 nominat,
3403 4542 3470 4581 eo

204 4629 302 4665 σαν
331 4612 435 4683 μέν
473 4608 566 4667 οὖν
605 4614 708 4684 τὴν
736 4615 1008 4684 Αἴγυπτον
1034 4614 1308 4687 ὀνομάζει.
1335 4618 1423 4671 διά
1451 4635 1533 4672 τοι
1567 4619 1629 4672 τὸ
1655 4615 1793 4673 εἶναι

205 4704 544 4776 περίρρυτον
578 4709 865 4777 ποταμοῖς,
899 4707 991 4761 καὶ
1018 4707 1236 4779 λίμναις
1273 4709 1478 4763 ὑδάτων
1506 4710 1792 4774 διεζῶσθαι

206 4794 517 4865 πανταχοῶ
537 4797 841 4867 εἰσκομίζει
866 4815 929 4868 γε
956 4798 1061 4870 μὴν
1086 4799 1210 4863 τοὺς
1240 4800 1577 4866 ἐνοικοῦντας
1603 4802 1791 4874 αὐτὴν,

203 4884 305 4953 τῆς
356 4884 451 4936 ἐπὶ
496 4886 608 4949 τοῖς
647 4884 892 4955 Αἰθίοψιν
924 4886 1138 4950 ἐλπίδος
1170 4887 1697 4955 καταγινώσκοντας.
1728 4891 1793 4944 Εἰ

203 4974 315 5044 γὰρ
358 4974 580 5044 ἥλωσαν
629 4976 804 5043 αὐτοὶ,
841 4977 1025 5047 φησὶν,
1064 4976 1181 5041 πῶς
1213 4977 1279 5033 ἂν
1310 4978 1608 5033 ἐκσώσειαν
1664 4982 1790 5045 τοὺς

203 5065 292 5118 ἐπ’
316 5065 503 5129 αὐτοῖς
527 5066 887 5135 πεποιθότας;
924 5067 1149 5136 Ἀγαθὸν
1181 5065 1273 5122 οὖν
1301 5069 1410 5140 ἄρα
1454 5070 1514 5123 τὸ
1548 5070 1788 5136 ἐλπίζειν

203 5157 546 5228 ἐπὶζΚύριον,
568 5157 602 5229 ἢ
623 5157 940 5212 πεποιθέναι
962 5160 1048 5212 ἐπ’
1069 5159 1352 5232 ἄνθρωπον
1372 5178 1386 5192 ·
1413 5163 1507 5215 καὶ
1527 5161 1602 5226 ὦς
1624 5180 1787 5235 φησιν

203 5247 230 5298 3
273 5249 565 5318 προφήτης
604 5247 901 5319 Ἰερεμίαςο
948 5268 966 5300 ι
992 5250 1418 5321 Ἐπικατάρατος
1450 5253 1548 5323 μὲν
1579 5253 1789 5324 ἀνθρω-

202 5353 302 5401 πος
352 5337 414 5400 ὃς
455 5338 556 5410 τὴν
591 5338 780 5395 ἐλπίδα
808 5340 923 5411 ἔχει
945 5342 1031 5393 ἐπ’
1058 5340 1341 5414 ἄνθρωπον
1361 5384 1375 5408 ,
1409 5341 1503 5396 καὶ
1543 5343 1786 5414 στηρίξει

204 5428 387 5498 σάρκα
431 5426 711 5499 βραχίονος
737 5430 900 5485 αὐτοῦ
919 5448 934 5462 ·
967 5432 1326 5503 εὐλογημένος
1353 5450 1416 5501 γε
1443 5432 1568 5505 μὴν,
1604 5434 1662 5496 ὃς
1688 5435 1784 5487 πέ-

204 5518 392 5573 ποιθεν
419 5520 514 5574 ἐπὶ
536 5519 614 5591 τῷ
642 5521 831 5593 Κυρίῳ
852 5523 942 5575 καὶ
970 5522 1122 5576 ἔσται
1153 5524 1355 5594 Κΰριος
1379 5524 1535 5588 ἐλπὶς
1560 5523 1776 5578 αὐτοῦ.»

216 5609 329 5665 Ἀεὶ
355 5611 411 5664 δέ
442 5628 559 5676 πως
586 5613 733 5681 ἡμᾶς
763 5613 793 5664 6
818 5613 1153 5684 προφητικδς
1197 5612 1402 5683 ὀνίνησι
1448 5613 1604 5683 λόγος
1625 5629 1640 5646 ⁸
1681 5615 1785 5669 κᾶν

284 5783 351 5818 ’δ’
381 5782 581 5841 Jerem.
620 5800 754 5851 st'tt,
786 5786 841 5849 5,
862 5787 914 5839 7.

1890 4614 2033 4681 quod
2060 4612 2369 4669 ﬂuminibus
2400 4614 2738 4670 circumﬂuat
2766 4625 2820 4671 et
2846 4618 3052 4686 stagnis
3078 4633 3337 4688 aquarum
3370 4635 3469 4673 un-

1892 4704 2053 4773 dique
2088 4705 2352 4774 cingatur.
2422 4705 2717 4761 lntroducit
2749 4706 2864 4775 eius
2902 4707 3228 4763 habitatores
3263 4707 3469 4778 seipsos

1892 4797 2004 4865 spei
2036 4796 2089 4850 in
2122 4793 2468 4867 Ethiopibus
2500 4797 2771 4853 collocata:
2800 4798 3139 4855 damnantes.
3161 4797 3218 4855 Si
3245 4800 3465 4867 etenim,

1894 4888 2096 4956 inquit,
2147 4888 2291 4958 capti
2342 4890 2646 4960 snntjpsi,
2698 4890 2931 4945 confisos
2979 4890 3082 4947 sibi
3111 4890 3200 4962 qui
3250 4906 3469 4947 servare

1892 4978 2176 5048 poterunt?
2208 4978 2397 5036 Melius
2426 4991 2508 5036 est
2533 4978 2663 5051 ergo
2693 4996 2914 5050 sperare
2949 4981 3001 5037 in
3027 4980 3275 5047 Domino,
3305 4998 3465 5053 quam

1888 5068 2159 5124 confidere
2189 5070 2240 5124 in
2273 5070 2512 5137 homine,
2538 5083 2613 5137 et,
2644 5072 2850 5127 utdicit
2873 5072 3138 5128 leremias
3167 5076 3465 5146 pr0pheta:

1896 5180 1916 5211 ι
1957 5159 2269 5215 Maledictus
2316 5162 2477 5216 homo
2518 5163 2612 5232 qui
2659 5178 2810 5232 spem
2849 5163 3010 5219 habet
3051 5164 3102 5217 in
3145 5164 3379 5229 homine,
3413 5176 3471 5221 et

1890 5252 2136 5307 innititur
2186 5254 2335 5307 carni
2399 5254 2609 5309 brachii
2658 5255 2738 5309 sui
2790 5272 2805 5309 :
2853 5255 3168 5310 benedictus
3211 5255 3301 5326 qui
3353 5255 3470 5310 fidit

1892 5342 2146 5411 Domino,
2164 5354 2217 5400 et
2239 5347 2343 5400 erit
2368 5346 2624 5400 Dominus
2649 5359 2772 5413 spes
2792 5344 2912 5414 eius
2933 5345 3018 5399 7’”.
3032 5363 3053 5397 ι
3080 5343 3265 5401 Oratio
3285 5353 3469 5400 autem

1887 5434 2198 5503 prophetica
2247 5434 2407 5489 nobis
2449 5447 2661 5504 semper
2702 5432 2850 5487 utilis
2892 5442 3005 5498 est,
3056 5441 3113 5487 et
3154 5444 3470 5502 quanquam

1893 5524 2031 5579 forte
2082 5525 2417 5591 spiritualem
2476 5525 2877 5580 enarrationem
2937 5537 3045 5577 non
3105 5520 3301 5576 haheat
3350 5518 3471 5572 haec

1892 5616 2345 5682 Ιιίειοι·ἰει,·ι;ιιιιυη
2382 5617 2521 5672 haud
2550 5616 2775 5687 exiguus
2804 5617 3012 5671 fructus
3042 5612 3164 5669 inde
3196 5608 3479 5681 pervenit.

3399 384 3500 440 682
3612 432 3615 435 .
