4110 6486
222 364 336 421 485

1318 358 1387 415 IN
1428 357 1661 415 ISAIAM
1701 356 1831 414 LIB.
1876 358 1939 413 ll.
1979 356 2218 415 TOMUS
2259 357 2347 413 IV.

3394 362 3498 422 ‘36
3550 410 3553 413 .

208 478 591 551 εσκευασμένη
618 478 755 549 πρὸς
786 476 1041 548 πόλεμον,
1070 476 1306 549 σκληρὸν
1330 480 1629 550 ἐμποιῆσαι
1652 478 1812 549 δεῖμα

1920 479 1985 534 ad
2030 476 2227 532 bellum
2280 478 2579 545 instructa,
2612 479 2860 533 timorem
2907 480 3278 534 vehementem
3331 480 3504 551 injicit

208 574 325 635 τοῖς
354 570 671 641 θεωμένοις.
690 569 829 622 Ἀλλ’
861 570 922 621 οὐ
966 567 1255 623 τεθεᾶσθαί
1286 588 1418 641 φησι
1455 570 1636 641 μόνον,
1674 569 1809 623 ἀλλὰ

209 661 324 732 γὰρ
354 660 449 714 καὶ
489 659 792 729 Ἀνηγγέλη
828 676 941 729 μοι,
975 658 1167 728 φησιν’
1189 659 1325 729 ὁμοῦ
1350 660 1537 731 γὰρτῇ
1570 658 1688 729 θέᾳ,
1717 658 1811 711 καὶ

210 752 323 807 τῶν
354 751 701 824 πραγμάτων
728 750 826 821 τὴν
855 751 1083 804 ἔκϐασιν
1115 750 1444 817 ὲδιδάσκετο,
1468 750 1624 821 δῆλον
1647 751 1705 804 δὲ
1728 751 1809 805 ὅτι

212 842 368 913 παρὰ
391 840 550 894 Θεοῦ.

366 933 422 984 Ὀ
456 930 682 985 ἀθετῶν
709 930 926 995 ἀθετεῖ,
961 931 1061 984 καὶ
1090 934 1123 985 ὀ
1149 929 1394 1000 ἁνομῶν
1420 932 1648 1001 ἀνομεῖ.

299 1022 757 1093 ’Λνεπίπληκτον,
788 1022 943 1093 φησὶ,
972 1022 1083 1075 τῶν
1108 1023 1371 1075 ἐπιόντων
1400 1022 1460 1075 τὸ
1494 1022 1713 1095 θράσος.
1734 1024 1808 1077 Οὐ

212 1115 325 1186 γὰρ
359 1115 641 1185 λογισμοῖς
666 1114 1033 1186 ἀνθρωπίνοις
1065 1114 1398 1168 ἀνάπτονται
1432 1115 1569 1186 πρὸς
1595 1116 1656 1169 τὸ
1680 1116 1812 1187 ἥμε-

213 1224 342 1281 ρον·
373 1206 489 1261 ἀλλ’
516 1206 639 1259 οὐδέ
675 1223 761 1269 τις
787 1206 897 1259 τῶν
929 1207 990 1258 ὲν
1017 1207 1201 1269 αὐτοῖς
1228 1206 1591 1277 διενθυμεῖταί
1622 1225 1674 1260 τι
1703 1208 1811 1262 τῶν

214 1299 464 1368 ἡκόντων
486 1315 500 1328 ο
530 1299 726 1368 ἁνομεῖ
752 1296 809 1350 δὲ
842 1297 1186 1364 ἀκαθέκτως,
1226 1299 1321 1351 καὶ
1362 1297 1547 1352 ἀθετεῖ
1579 1299 1721 1353 κατὰ
1750 1301 1811 1353 τὸ

214 1388 372 1460 αὐτῷ
405 1388 616 1450 δοκοῦν,
641 1388 701 1440 οὐ
733 1387 951 1456 φειδοῦς
980 1387 1207 1457 ἐνούσης
1238 1387 1415 1452 τινός·
1456 1389 1531 1441 Οὐ
1573 1389 1683 1461 γὰρ
1731 1392 1811 1455 είς

214 1479 372 1532 ἔλεον
399 1478 709 1549 βλέπουσιν,
740 1479 856 1531 ἀλλ’
890 1477 1049 1549 ἔργον
1075 1479 1258 1544 αὐτοῖς
1289 1480 1352 1533 τὸ
1376 1481 1811 1551 ἐσπουδασμένον

213 1570 395 1637 ἔσται,
412 1570 598 1641 φησὶν,
623 1569 684 1623 τὸ
705 1571 927 1640 ἁνομεῖν
948 1588 1006 1624 τε
1024 1572 1117 1625 κα)⁸
1140 1572 1529 1645 ἁθετεῖν.Ἐφη
1554 1591 1607 1627 τι
1633 1572 1811 1626 τοιοῦ-

211 1678 309 1717 τον
338 1663 434 1717 καὶ
459 1662 549 1716 διὰ
588 1663 773 1735 φωνῆς
804 1661 900 1716 τοῦ
934 1662 1124 1729 αὐτοῦ,
1157 1665 1295 1736 πρὸς
1325 1666 1453 1728 τοὺς
1494 1665 1594 1736 τῆς
1628 1665 1814 1718 Ἀσσυο

216 1754 355 1826 ρίων
381 1756 701 1825 οἰκήτορας·
739 1755 870 1808 ’ἰδοὺ
898 1755 1010 1824 ἐγὼ
1043 1757 1235 1826 ἐπάγω
1266 1758 1394 1828 ὑμῖν
1423 1756 1550 1821 τοὺς
1572 1757 1809 1829 Μήδους,

1917 569 2337 639 spectatoribus.
2377 568 2485 625 Sed
2529 585 2634 624 non
2670 571 2904 639 spectari
2938 581 3145 625 tantum
3189 571 3348 634 dicit,
3377 576 3493 639 sed,

1916 659 2312 713 Annuntiatum
2342 667 2426 713 est
2453 659 2608 721 mihi,
2637 658 2845 729 inquit;
2875 659 3030 713 simul
3056 660 3198 714 enim
3222 674 3345 714 cum
3376 674 3501 730 spe-

1917 750 2131 805 ctaculo
2160 765 2342 805 rerum
2375 760 2630 804 eventum
2659 751 2862 814 docuit,
2894 766 2924 803 a
2963 749 3070 804 Deo
3099 749 3327 805 scilicet.

1988 920 2358 977 Prwraricans
2392 922 2793 992 pra'varicatnr,
2824 925 3032 993 iniquus
3065 925 3237 994 inique
3266 929 3396 996 agit.

1989 1013 2155 1085 304
2190 1014 2617 1083 lmperterritam
2648 1031 2768 1070 esse
2796 1018 2893 1082 ait,
2922 1028 2969 1070 et
3006 1028 3317 1087 proruptam
3351 1033 3502 1089 gras-

1918 1116 2161 1160 satorum
2193 1105 2497 1168 audaciam,
2526 1106 2615 1173 qui
2654 1120 2759 1159 non
2799 1106 3099 1160 ratiociniis
3131 1106 3384 1162 humanis
3414 1122 3502 1161 re-

1920 1206 2181 1251 vocantur
2211 1197 2278 1250 ad
2313 1195 2753 1266 placabilitatem,
2788 1198 2883 1250 sed
2922 1214 3080 1251 nemo
3118 1213 3308 1253 eorum
3341 1201 3501 1270 quid-

1918 1303 2081 1358 quam
2116 1302 2241 1342 cum
2278 1287 2452 1342 oilicio
2489 1297 2541 1342 et
2572 1288 2772 1342 decoro
2807 1287 3157 1356 coniunctum
3192 1290 3413 1360 cogitat,
3448 1298 3505 1345 at

1918 1378 2327 1448 prmvaricatur,
2360 1392 2460 1432 nec
2494 1380 2712 1448 reprimi
2752 1390 2946 1449 potest,
2981 1381 3231 1450 nulloque
3266 1381 3501 1438 suﬂusus

1918 1474 2123 1542 pudore
2158 1488 2255 1543 pro
2288 1488 2384 1527 sua
2421 1473 2645 1527 libidine
2679 1475 2935 1544 opprimit
2969 1492 2983 1529 :
3016 1475 3131 1531 Non
3159 1477 3301 1531 enim
3333 1476 3497 1532 mise-

1920 1564 2206 1619 ricordiam
2238 1573 2504 1633 spectant,
2535 1565 2627 1618 sed
2664 1580 2821 1633 opus,
2854 1565 3047 1635 inquit,
3080 1567 3273 1621 horum
3307 1578 3362 1622 et
3391 1568 3495 1622 hoc

1919 1656 2154 1708 studium
2182 1664 2286 1719 est,
2323 1655 2511 1721 iniqua
2547 1671 2733 1724 agere,
2777 1667 2830 1710 et
2864 1658 3190 1727 Opprimere.
3224 1657 3356 1712 lluic
3391 1674 3499 1714 non

1920 1746 2178 1801 dissimile
2216 1745 2351 1801 dixit
2378 1762 2510 1801 voce
2538 1746 2777 1815 ejusdem
2809 1749 2875 1802 ad
2906 1749 3247 1817 Assyriorum
3278 1749 3498 1803 habita~

212 1848 268 1899 σῖ
318 1848 383 1899 οὐ
435 1847 740 1915 λογίζονται
795 1849 1078 1920 ἀργύριον,
1138 1848 1260 1902 οὐδὲ
1318 1849 1542 1921 χρυσίου
1625 1848 1812 1921 χρείαν

1920 1847 2065 1893 tores
2093 1856 2106 1892 :
2141 1838 2281 1893 Ecce
2310 1838 2505 1894 induco
2530 1854 2629 1908 ego
2658 1839 2811 1894 vobis
2850 1839 3057 1904 Medos,
3087 1841 3177 1909 qui
3214 1850 3497 1909 argentum

214 1937 424 2007 ἔχουσι.
458 1936 777 2007 Τοξεύματα
808 1938 1109 1991 νεανίσκων
1135 1937 1509 2008 συντρίψουσι.
1534 1937 1670 1991 Θεοῦ
1701 1938 1813 2009 γὰρ

214 2028 391 2099 ὀργὴν
428 2029 543 2091 τοῖς
577 2028 995 2099 πλημμελοῦσιν
1031 2028 1353 2098 ἐπάγοντος,
1388 2029 1542 2083 οὐδὲν
1569 2030 1722 2083 ἔσται
1751 2029 1813 2083 τὸ

215 2120 536 2190 ιπικουρεῖν
565 2118 884 2189 δυνάμενον.
917 2118 1310 2190 Θηριοπρεπὴς
1361 2120 1417 2173 δὲ
1471 2119 1670 2191 μᾶλλον
1696 2123 1811 2186 τοῖς

214 2209 463 2263 ἐθέλουσι
492 2209 799 2281 καταδηοῦν
837 2211 965 2274 τοὺς
994 2210 1082 2279 ἐφ’
1111 2203 1193 2274 οἷς
1220 2209 1287 2264 ἂν
1317 2211 1581 2283 τρέχοιεν,
1611 2212 1810 2266 ἐνοικί-

214 2298 375 2363 ζεται
404 2298 551 2362 νοῦς.

298 2389 428 2443 Ἐπ’
460 2387 589 2458 ἐμοὶ
630 2391 684 2442 οἱ
733 2389 1037 2460 Ἑλαμῖται
1056 2431 1074 2457 ,
1127 2390 1228 2444 καί
1270 2392 1326 2445 οι
1367 2391 1647 2460 πρέσϐεις
1694 2391 1813 2448 τῶν

212 2478 469 2546 Περσῶν
494 2478 587 2531 ἐπ’
613 2478 719 2547 ἐμὲ
756 2480 1056 2548 ἔρχονται.
1089 2480 1220 2534 Νῦν
1246 2481 1539 2547 στενάξω,
1574 2484 1671 2537 καί
1696 2498 1811 2538 πα-

207 2567 534 2637 ρακαλέσω
590 2569 869 2637 ἐμαυτόν.
937 2569 1041 2625 Διὰ
1108 2570 1287 2625 τοῦτο
1347 2572 1700 2643 ἐνεπλήσθη
1770 2576 1809 2643 ἠ

214 2661 417 2729 ὀσφύς
447 2677 568 2729 μου
601 2660 930 2727 ἐκλύσεως,
971 2660 1071 2714 καὶ
1107 2661 1316 2729 ὠδῖνες
1341 2663 1568 2719 ἔλαϐόν
1604 2683 1701 2735 με,
1730 2667 1812 2734 ὠς

210 2752 332 2817 τὴν
356 2752 687 2804 τίκτουσαν
707 2767 719 2779 ·
747 2751 1014 2820 ἠδίκησα
1042 2754 1149 2808 τοῦ
1171 2753 1259 2823 μὴ
1282 2755 1566 2820 ἀκοῦσαι,
1588 2758 1811 2812 ἐσπού-

210 2846 380 2899 δασα
421 2845 531 2900 τοῦ
584 2844 671 2915 μὴ
714 2845 995 2910 βλέπειν.
1014 2846 1083 2899 Ἡ
1108 2847 1321 2915 καρδία
1340 2866 1462 2918 μου
1490 2848 1810 2917 πλανᾶται,

213 2939 319 2993 καί
344 2940 385 3007 ἠ
411 2938 631 3007 ἀνομία
647 2954 725 3008 με
741 2937 1042 3003 βαπτίζει,
1069 2937 1108 3005 ἠ
1137 2938 1310 3007 ψυχή
1331 2956 1453 3008 μου
1471 2941 1811 3010 ἐφέστηκεν

210 3032 301 3095 εἰς
327 3029 539 3097 φόϐον-

286 3120 741 3191 Προσωποποιΐας
764 3120 878 3190 ἔχει
904 3119 1135 3191 δύναμιν
1158 3121 1186 3174 ό
1209 3120 1266 3173 εν
1289 3138 1352 3189 γε
1372 3123 1608 3176 τουτοισὶ
1628 3123 1806 3192 λόγος.

211 3181 608 3281 Είσκομίζεται
652 3181 760 3279 γὰρ
856 3181 1164 3280 Ἀσσύριος,
1205 3181 1313 3262 καὶ.
1345 3210 1531 3275 δεδιὼς
1577 3211 1677 3283 τὴν
1701 3181 1808 3282 ἐῷ.
1836 3181 1881 3241 C

210 3303 355 3367 οδον,
387 3302 484 3356 καὶ
510 3302 618 3355 τῶν
642 3301 917 3372 πολεμίων
940 3300 1041 3365 τὰς
1069 3300 1357 3371 φάλαγγας
1380 3302 1480 3356 οὐκ
1501 3300 1809 3374 ἧγνοηκὼς,

211 3395 315 3449 καὶ
348 3395 441 3447 ἐπὶ
482 3393 634 3457 τίνας
666 3394 858 3456 αὑταῖς
887 3394 916 3446 ό
940 3391 1034 3445 τοῦ
1071 3392 1316 3463 πολέμου
1348 3395 1571 3455 σκοπός.
1602 3396 1677 3449 Οὐ
1702 3397 1812 3468 γὰρ

212 3487 305 3553 ἐφ’
338 3484 563 3557 ἐτέρους
597 3484 905 3548 τινὰς,ἀλλ’
931 3483 1075 3554 ἐμοὶ,
1099 3486 1284 3555 φησιν,
1302 3486 1352 3538 oi
1392 3484 1695 3557 Ἐλαμῖται,
1717 3490 1813 3542 καὶ

209 3580 265 3631 οἱ
311 3578 639 3648 πανάριστοι
684 3576 794 3630 τῶν
828 3577 1056 3647 Περσῶν
1096 3577 1417 3649 ὼρμήκασι.
1448 3579 1701 3647 Στενάξω
1748 3580 1812 3652 δὴ

210 3662 310 3720 οὖν
350 3668 447 3719 καὶ
490 3665 858 3737 παρακαλέσω
887 3666 1144 3737 ἐμαυτόν.
1174 3667 1302 3731 Τοῖς
1346 3666 1456 3738 γὰρ
1502 3669 1561 3720 ὲν
1607 3668 1810 3739 ἐσχάτῃ

213 3759 477 3829 συμφορᾷ
505 3757 757 3827 γεγονόσι
789 3757 949 3811 δοκεῖ
1000 3760 1286 3829 προσεῖναί
1330 3777 1415 3822 τις
1458 3760 1812 3833 παραμυθίας

209 3851 441 3922 τρόπος,
473 3850 535 3903 τὸ
575 3850 795 3921 θρηνεῖν
822 3867 879 3903 τε
922 3850 1017 3904 καὶ
1066 3849 1811 3923 ὀλοφύρεσθαι.Ὲκθλί6εται

208 3941 326 4009 τὰρ
354 3941 413 4007 ea
443 3940 635 4011 ὀδύνης
666 3941 728 3994 τὸ
756 3940 1011 4012 δάκρυον.
1060 3942 1303 4012 Πρᾶγμα
1334 3942 1387 3996 δὲ
1419 3940 1571 4007 ξένον
1600 3945 1650 3996 εί
1686 3944 1813 4015 θρη-

214 4031 409 4085 νοῦσιν
450 4032 752 4103 Ἀσσύριοι,
780 4032 1007 4103 σκληροὶ
1054 4032 1151 4086 καὶ
1199 4033 1473 4105 ἀγέρωχοι
1525 4036 1811 4103 γεγονότες

212 4126 329 4192 ἀεὶ,
359 4123 760 4197 ὲξοφρυωμένοι
788 4142 848 4178 τε
883 4126 1022 4193 ἄγαν
1054 4125 1197 4179 κατὰ
1229 4126 1447 4179 πάντων
1474 4125 1585 4179 τῶν
1615 4126 1809 4191 ἐθνῶν,

211 4218 314 4272 καὶ
332 4217 436 4271 οὐκ
450 4216 746 4287 εὐάντητον
772 4216 916 4287 ἔχειν
938 4216 1175 4287 οἰόμενοι
1196 4215 1297 4287 τὴν
1318 4216 1653 4271 ἀντίστασιν.
1673 4217 1810 4271 Ἀλλ’

208 4310 265 4362 οί
294 4308 520 4378 θρασεῖς
553 4306 696 4361 οὕτω
731 4308 825 4360 καὶ
854 4309 1172 4380 φρονήμασι
1198 4311 1313 4371 τοῖς
1350 4308 1491 4379 ὑπὲρ
1525 4307 1812 4380 ἄνθρωπον

212 4400 627 4471 ἐξογκούμενοι,
664 4400 1104 4469 γυναικοπρεπὲς
1125 4399 1455 4469 είσδέχονται
1477 4399 1538 4453 τὸ
1555 4399 1809 4471 δάκρυον,

1916 1942 2023 1981 non
2056 1937 2272 1991 curant,
2304 1942 2402 1982 nec
2437 1942 2570 1982 auro
2604 1942 2739 1994 opus
2776 1928 2997 1982 habent.
3028 1931 3205 1985 Arcus
3236 1928 3498 1995 iuvenum

1915 2027 2217 2074 conterent.
2249 2018 2358 2073 Deo
2386 2020 2529 2073 enim
2565 2020 2700 2072 iram
2732 2018 3166 2087 delinquentibus
3200 2019 3497 2089 inlligente,

1914 2109 2047 2165 nihil
2078 2124 2234 2179 opem
2264 2109 2461 2165 aﬂ‘erre
2492 2112 2687 2181 poterit
2720 2128 2736 2166 :
2779 2112 2886 2166 imo
2922 2122 2977 2166 et
3014 2112 3064 2166 in
3102 2111 3208 2165 illis
3239 2114 3329 2180 qui
3362 2129 3500 2182 quos

1917 2201 2221 2266 incursant,
2255 2200 2482 2270 perdere
2515 2201 2924 2271 aggrediuntur,
2952 2201 3188 2257 belluina
3226 2218 3379 2258 mens
3417 2206 3499 2257 iu-

1913 2292 2072 2348 sidet.

1986 2382 2151 2437 Vsus.
2181 2383 2237 2450 ὅ,
2264 2384 2319 2440 4.
2347 2383 2413 2437 In
2443 2400 2523 2438 me
2554 2384 2823 2450 Elantilw,
2855 2396 2901 2439 et
2940 2384 3225 2440 Persarum
3256 2387 3410 2456 legati
3443 2388 3497 2440 in

1913 2490 1993 2527 me
2015 2475 2233 2528 venient.
2258 2474 2311 2528 Ν
2318 2492 2414 2530 unc
2441 2477 2775 2546 ingentiscam
2797 2488 2843 2531 et
2868 2478 3178 2532 consolabor
3224 2480 3495 2547 meipsuin‘

1917 2565 2205 2635 Propterea
2260 2568 2462 2636 impleti
2511 2580 2630 2622 sunt
2681 2569 2843 2623 lumbi
2887 2572 2986 2625 mei
3033 2573 3403 2637 dissolutione,
3446 2588 3498 2626 e.‘

1916 2657 2124 2713 dolores
2160 2670 2402 2727 ceperunt
2433 2677 2512 2715 me
2546 2662 2682 2715 sicut
2717 2666 3004 2732 parientem
3037 2681 3058 2719 .'
3093 2665 3287 2733 injuste
3319 2668 3398 2735 egi
3435 2683 3498 2720 ne

1915 2749 2177 2813 audirent,
2200 2765 2409 2818 Operam
2434 2753 2556 2806 dedi
2587 2770 2649 2807 ae
2674 2756 2921 2809 viderem.
2947 2755 3052 2809 Cor
3073 2773 3242 2810 meum
3265 2759 3496 2824 aberrat,

1913 2849 1959 2890 et
1988 2838 2238 2907 iniquitas
2273 2856 2353 2893 me
2385 2842 2668 2912 demergit,
2699 2845 2880 2897 anima
2913 2860 3026 2899 mea
3063 2846 3298 2915 conjecta
3332 2857 3407 2900 est
3442 2852 3496 2901 in

1912 2940 2170 2985 umorem.

1984 3111 2385 3183 Prosopopteiaa
2438 3113 2546 3167 vim
2603 3114 2767 3169 habet
2821 3115 2935 3169 lucc
2979 3118 3173 3171 oratio.
3223 3117 3498 3173 luducitur

1914 3207 2054 3261 enim
2089 3206 2377 3277 Assyrius,
2414 3206 2671 3275 impetum
2718 3208 3138 3277 pertimescens.
3171 3220 3226 3263 et
3260 3212 3492 3264 hostium

1914 3297 2206 3367 phalanges
2240 3311 2345 3351 non
2378 3299 2627 3352 nesciens
2652 3338 2666 3361 ,
2696 3309 2749 3352 et
2772 3308 2959 3353 contra
2990 3315 3148 3370 quem
3186 3303 3341 3372 hujus
3373 3303 3496 3358 belli

1912 3404 2109 3458 scopus
2166 3390 2369 3443 tendat.
2415 3389 2529 3443 Non
2581 3390 2763 3455 enim,
2816 3392 3021 3462 inquit,
3077 3402 3264 3448 contra
3319 3395 3487 3450 alium

1912 3496 2199 3550 quemque,
2224 3482 2317 3535 sed
2348 3490 2539 3537 contra
2572 3497 2657 3537 me
2686 3482 2927 3536 Elamiue
2984 3493 3037 3536 et
3066 3485 3497 3553 praastantissimi

1913 3573 2153 3627 omnium
2217 3571 2511 3627 Persarum
2574 3574 2820 3628 fecerunt
2874 3576 3155 3644 impetum.
3204 3575 3498 3645 lngemisca

1916 3664 2078 3735 igitur
2106 3674 2160 3720 et
2192 3664 2512 3719 consolabor
2541 3667 2823 3734 meipsum.
2884 3666 2983 3731 Qui
3021 3681 3251 3735 namque
3285 3668 3337 3723 in
3373 3668 3497 3722 ulti-

1914 3758 2015 3811 mis
2039 3757 2297 3811 aerumnis
2326 3765 2471 3823 sunt,
2498 3757 2582 3810 his
2613 3757 3000 3812 consolationis
3032 3774 3201 3826 genus
3228 3761 3495 3827 quoddam

1913 3863 2033 3903 esse
2077 3848 2307 3915 videtur,
2339 3848 2466 3903 ﬂere
2502 3858 2559 3902 et
2603 3848 2838 3918 plorare.
2872 3849 3198 3903 Extunditur
3240 3852 3384 3904 enim
3429 3865 3497 3906 ex

1916 3941 2102 3996 dolore
2133 3940 2393 4013 laeryma.
2437 3940 2642 3997 Novum
2680 3956 2808 3996 vero
2836 3952 2889 3996 et
2924 3942 3291 4011 peregrinum,
3327 3945 3497 4014 Assy-

1913 4032 2054 4097 rios,
2090 4035 2254 4087 duros
2295 4043 2351 4088 et
2392 4033 2663 4087 fastuosos
2708 4046 2941 4102 semper,
2978 4043 3033 4087 et
3077 4043 3263 4088 contra
3307 4050 3498 4090 omnes

1912 4134 2099 4193 gentes
2131 4124 2691 4193 superciliosissimos,
2719 4140 2949 4195 quorum
2986 4139 3248 4181 occursus
3282 4127 3494 4182 omino-

1911 4230 2039 4278 sus,
2091 4225 2146 4269 et
2202 4214 2566 4272 formidabilis
2619 4230 2744 4272 esse
2799 4216 3127 4285 putabatur,
3179 4217 3489 4290 lacrymari.

1911 4304 2179 4359 Caeterum
2213 4306 2265 4360 hi
2306 4316 2414 4360 tam
2452 4306 2686 4361 audaces
2718 4316 2773 4360 et
2804 4307 2999 4362 animis
3035 4322 3194 4376 supra
3253 4308 3499 4365 homines

1917 4398 2159 4461 tumidis,
2200 4398 2542 4454 muliebriter
2575 4399 2802 4453 fundunt
2834 4399 3119 4470 lacrymas,
3138 4409 3191 4454 et
3212 4410 3337 4454 ante
3371 4403 3495 4457 belli

208 4494 311 4547 καὶ
341 4493 539 4564 θρῆνον
561 4492 648 4563 ἐφ’
675 4493 891 4555 ἑαυτοῖς
932 4492 1215 4562 ἀρτύουσι,
1244 4493 1350 4564 πρὸ
1383 4493 1482 4563 τῆς
1523 4492 1619 4546 τοῦ
1652 4492 1809 4547 πολέ-

1916 4488 2211 4557 periculum
2254 4488 2531 4544 debilitate
2577 4489 2732 4544 fracti
2775 4500 2829 4544 et
2873 4491 3126 4556 contusi,
3162 4491 3343 4545 ﬂetum
3393 4494 3493 4547 sibi

211 4601 319 4656 μου
363 4584 564 4654 πείρας
609 4582 1026 4654 κατακλώμενοι
1055 4583 1191 4654 πρὸς
1228 4583 1537 4638 ἀσθένειαν.
1555 4583 1813 4655 Ἑνεπλή-

210 4673 317 4744 σθη
366 4673 477 4745 γὰρ
528 4674 563 4744 ἡ
610 4673 781 4743 ὀσφύς
819 4690 923 4744 μου
956 4672 1250 4739 ὲκλύσεως,
1280 4674 1376 4727 καὶ
1396 4674 1583 4738 ὠδῖνες
1622 4674 1813 4729 ἐλασόν

212 4781 285 4835 με
320 4763 400 4827 ὡς
425 4764 527 4835 τὴν
552 4764 866 4818 τίκτουσαν.
886 4764 1030 4817 Ἀλλ’
1058 4765 1181 4819 ὅτου
1210 4764 1462 4835 δὴνχάριν
1493 4764 1564 4819 τὰ
1590 4764 1815 4819 τοιαῦτά

211 4874 298 4910 σοι
330 4855 697 4927 συμϐήσεται,
737 4856 925 4928 φησὶν,
961 4850 1007 4909 ὧ
1048 4855 1335 4929 Ἀσσύριες
1375 4856 1618 4928 Φράσαις
1644 4856 1712 4911 ἂν
1735 4856 1814 4928 τῷ

210 4948 468 5018 ἐρομένῳ
490 4964 505 4979 ο
536 4947 667 5012 Ναὶ,
705 4942 1043 5018 φησίνοοίδα
1090 4947 1196 5022 γὰρ
1236 4948 1699 5019 προσκεκρουκὼς
1727 4947 1815 5001 διὰ

210 5039 420 5112 πολλὴν
438 5039 715 5110 ἁμαρτίαν
731 5040 808 5111 τῷ
834 5039 1050 5093 πάντων
1073 5038 1368 5111 κρατοῦντι
1390 5038 1531 5110 Θεῷ.
1551 5038 1813 5109 Ἦδίκησα

209 5130 276 5183 τὸ
303 5130 381 5202 μὴ
408 5130 663 5192 ἀκοῦσαι,
684 5130 993 5184 ἐσπούδασα
1011 5130 1073 5184 τὸ
1095 5131 1171 5202 μὴ
1194 5128 1438 5201 βλέπειν.
1455 5128 1614 5183 Κατὰ
1632 5128 1810 5192 τοῦτο.

212 5222 406 5293 φησιν,
450 5221 691 5292 ἐμαυτὸν
735 5221 992 5291 ἠδίκησα.
1033 5222 1117 5275 ὅτι
1165 5221 1516 5294 μεμελέτηκα
1565 5221 1701 5275 πολὺ
1751 5221 1813 5275 τὸ

210 5312 502 5382 δυσήκοον,
533 5312 629 5366 καὶ
672 5313 908 5384 σπουδῆς
945 5312 1107 5385 ἔργον
1137 5313 1341 5385 ἐθέμην
1363 5314 1425 5367 τδ
1466 5312 1541 5385 μὴ
1574 5312 1811 5382 βλέπειν,

208 5404 363 5458 τοῦτ’
387 5403 527 5469 ἐστι,
557 5404 643 5467 τίς
668 5406 697 5457 ό
717 5404 877 5474 φύσει
906 5406 1001 5458 καὶ
1028 5404 1245 5476 ἀληθῶς
1276 5407 1394 5459 ἐστι
1412 5404 1812 5467 θεός.Ἦκουον

214 5494 319 5565 μὲν
345 5495 457 5567 γὰρ
482 5496 583 5567 τὴν
622 5494 898 5549 Ἰουδαίων
940 5495 1219 5567 λατρείαν,
1254 5489 1398 5549 εἷλον
1432 5493 1575 5549 κατὰ
1611 5494 1813 5565 κράτος

209 5586 315 5657 τὴν
342 5588 505 5655 ἁγίαν
528 5587 703 5653 πόλιν,
724 5587 1050 5659 πεπόρθηκα
1064 5587 1158 5641 τὸν
1187 5587 1554 5656 νεών.Ἔσχον
1581 5586 1645 5639 ὲκ
1676 5602 1815 5657 παρ·

211 5678 583 5748 ακουσμάτων
636 5680 737 5748 τὴν
783 5679 1011 5751 μετρίαν
1041 5678 1247 5750 εῐδησιν
1267 5677 1374 5730 τῶν
1405 5675 1812 5747 ἐντεταλμένων

210 5771 331 5833 τοῖς
356 5768 416 5836 ἐξ
446 5769 687 5840 Ἰσραήλ.
718 5770 937 5827 Μᾶλλον
985 5770 1042 5825 δὲ
1082 5773 1175 5825 καὶ
1225 5772 1254 5824 ό
1300 5769 1591 5839 προφήτης
1626 5767 1811 5832 Ἰωνᾶς

1917 4578 2050 4647 ipsis
2097 4578 2439 4633 consciscunt
2487 4586 2542 4632 et
2588 4578 2831 4634 eliciunt.
2872 4580 3082 4649 Repleti
3138 4590 3267 4636 sunt
3312 4582 3493 4649 enim,

1917 4670 2122 4738 inquit,
2153 4670 2317 4724 lumbi
2354 4670 2459 4724 mei
2493 4670 2876 4739 dissolutione,
2904 4682 2958 4727 et
2990 4672 3204 4728 dolores
3237 4684 3497 4743 ceperunt

1916 4776 2003 4817 me
2030 4761 2169 4815 sicut
2195 4761 2609 4830 parturientem.
2635 4761 3123 4835 Seolquamobretn
3155 4764 3247 4819 tibi
3281 4767 3495 4820 contin-

1913 4865 2041 4924 gent
2083 4853 2229 4919 haec,
2268 4853 2471 4924 inquit.
2510 4869 2544 4909 ο
2593 4854 2856 4925 Assyrie?
2903 4853 3000 4910 Dic
3046 4856 3252 4927 roganti
3304 4875 3318 4911 :
3369 4857 3492 4923 Nae,

1915 4945 2109 5014 inquit,
2130 4945 2383 5000 conscius
2413 4944 2543 4999 mihi
2574 4960 2693 4998 sum
2724 4942 3017 5000 oll'endisse
3046 4945 3231 5000 multis
3259 4948 3495 5014 peccatis

1912 5036 2333 5108 omnipotentem
2375 5036 2562 5090 Deum.
2591 5033 2789 5102 lnjuste
2822 5035 2905 5106 egi
2940 5051 3008 5091 nc
3044 5038 3306 5101 audirem,
3332 5037 3494 5107 305

1912 5144 2133 5200 operam
2184 5127 2307 5183 dedi
2354 5142 2423 5181 ne
2468 5124 2729 5181 viderem.
2777 5126 2833 5181 In
2886 5126 3015 5192 hoc,
3070 5127 3177 5191 ait,
3230 5129 3491 5198 meipsum

1914 5223 2132 5287 damno,
2161 5228 2216 5276 et
2245 5220 2427 5289 inique
2459 5217 2583 5283 feci,
2617 5218 2760 5288 quod
2791 5218 2985 5289 insigni
3012 5220 3407 5287 pervicacia.et
3439 5221 3492 5273 in

1914 5314 2182 5371 audiendo
2227 5312 2522 5382 pertinacia
2578 5326 2706 5366 usus
2737 5312 2860 5379 sim,
2906 5320 2960 5365 et
3000 5327 3218 5381 operam
3265 5312 3385 5367 dedi
3429 5326 3495 5367 ne

1914 5407 2192 5470 viderem,
2228 5404 2281 5458 id
2318 5416 2432 5467 est,
2469 5406 2592 5473 quis
2627 5405 2695 5459 sit
2728 5403 2819 5459 ille
2854 5414 3045 5459 natura
3082 5415 3136 5459 et
3169 5418 3295 5459 vere
3331 5403 3490 5457 Deus.

1915 5498 2207 5552 Audieram
2242 5496 2385 5551 enim
2418 5495 2724 5551 Judaaorum
2762 5495 2985 5563 cultum,
3018 5506 3260 5551 sanctam
3301 5495 3489 5549 urbem

1912 5591 1963 5644 vi
1999 5588 2145 5657 cepi,
2181 5588 2438 5657 templum
2485 5588 2685 5650 everti,
2721 5603 2787 5643 es
2823 5588 3106 5657 disciplina
3143 5586 3328 5640 auditu
3370 5600 3491 5653 per-

1912 5688 2086 5749 cepta,
2122 5679 2444 5733 mediocrem
2491 5679 2847 5750 cognitionem
2890 5693 3076 5733 eorum
3120 5690 3240 5746 quae
3282 5674 3491 5729 Israeli-

1914 5769 2021 5823 tico
2060 5767 2255 5837 popqu
2295 5776 2561 5838 praecepta
2599 5778 2761 5824 erant
2796 5775 3116 5825 consecutus
3155 5777 3277 5820 sum
3321 5781 3337 5821 :
3382 5762 3492 5819 imo
