4110 6552
217 436 318 499 ιςο

1302 423 1374 485 'IN
1413 425 1654 486 [SAIA‘M
1693 427 1822 484 LIB.
1854 425 1926 484 1t.
1968 426 2202 485 ‘l‘uat'bs
2244 427 2329 483 η.

3354 447 3456 491 tuo
3521 413 3524 418 ’

215 555 402 608 παθεῖν
434 551 628 613 αὐτοὺς
653 548 750 619 τήν
776 547 1149 618 αἰχμαλωσίαν
1178 547 1264 601 ait
1290 547 1490 617 πολλὴν
1513 547 1787 619 ἁμαρτίαν

1893 561 2109 602 servare
2197 545 2314 601 illos
2373 548 2602 612 volebat,
2663 555 2717 602 et
2781 547 3098 604 ineffabilem
3169 551 3261 606 Dei
3338 568 3458 622 qua:

214 643 617 716 ἐπενηνοχότος.
654 641 726 694 Ού
766 639 872 711 μὴν
919 638 1026 693 ἔδει
1070 640 1346 711 ᾑρηκότας
1388 641 1467 703 εἰς
1495 638 1652 692 τοῦτο
1685 656 1784 691 πε-

215 741 326 791 σεῖν
356 734 597 806 ἀμαθίας
630 734 725 787 καὶ
769 730 1044 785 ἀσυνέτων
1082 730 1320 795 ἐννοιῶν,
1341 728 1420 794 ὡς
1450 729 1658 784 οἴεσθαι
1691 730 1784 782 καὶ

1891 653 2052 708 super
2114 639 2290 692 omnia
2348 649 2524 695 exstat
2583 652 2637 696 et
2689 643 2910 707 eminet,
2946 643 3238 712 potentiam
3271 644 3456 699 debel-

1893 730 1938 782 In
1948 745 2024 785 re.

213 835 429 905 φρονεῖν
451 831 550 903 τὴν
572 830 666 884 τοῦ
695 828 888 894 σώζειν
910 828 1106 891 αὐτοὺς
1131 827 1404 888 ἐθέλοντος
1424 826 1810 896 πλεονεκτῆσαι
1857 825 2036 898 χεῖρα,
2066 825 2159 878 καὶ
2186 824 2438 894 ἀμείνους
2467 826 2721 893 ’γενέσθαι
2743 829 2840 899 τῆς
2870 828 3148 900 ἀφράστοιι
3180 828 3460 900 δυνάμεως

207 924 305 977 ’τοῦ
349 923 527 977 πάντα
556 919 954 991 ὑπερκειμένου
984 919 1084 972 καὶ
1119 917 1478 989 ἀνεστηκότος
1516 916 1614 987 τὴν
1644 916 1821 970 κτίσιν
1848 917 1924 980 ὡς
1961 917 2120 972 Θεοῦ.

286 1016 415 1067 Ὅτι
444 1013 636 1077 οὕτως
671 1009 801 1065 εἷπε
831 1011 1046 1079 Κύριος
1079 1011 1228 1078 πρός
1252 1026 1330 1079 με
1351 1027 1366 1042 ·
1399 1008 1666 1074 Βαδίσας
1703 1025 1795 1063 σε·

209 1102 373 1168 αυτῷ
403 1100 644 1170 στῆσον
673 1099 910 1154 σκοπόν
931 1114 945 1130 ·
989 1098 1086 1151 καὶ
1123 1096 1155 1150 ὃ
1193 1096 1302 1149 ἐὰν
1330 1093 1485 1164 ἴδῃς,
1525 1094 1794 1163 ἀνήγγειο

210 1197 350 1248 λον.
385 1190 492 1244 Καὶ
529 1180 694 1242 εἶδον
717 1182 1017 1252 ἀναϐἄτας
1049 1182 1249 1250 ἱππεῖς
1281 1182 1390 1238 δύο
1413 1199 1426 1212 ·
1491 1180 1795 1249 ἀναϐάτην

210 1283 383 1343 ὄνου,
415 1282 514 1335 καὶ
543 1279 854 1348 ἀναϐάτην
886 1277 1183 1347 καμήλου.

288 1374 455 1437 ἘΘος
481 1375 597 1436 τοῖς
634 1370 810 1439 ἁγίοις
849 1369 1157 1440 προφήταις
1195 1369 1253 1420 ἐν
1292 1366 1371 1436 τῷ
1403 1367 1500 1437 τῆς
1540 1364 1794 1428 θεοπτίας

208 1470 334 1538 ἢτοι
358 1465 466 1518 τῶν
493 1460 740 1534 ὀράσεων
771 1460 970 1532 καιρῷ,
995 1457 1270 1528 συλλέγειν
1290 1459 1478 1528 ὥσπερ
1501 1457 1562 1510 ἐν
1583 1458 1795 1520 ἑαυτοῖς

208 1558 306 1610 τὸν
332 1555 479 1621 νοῦν,
509 1553 606 1606 καὶ
646 1550 1043 1623 ἀπερισπάστῳ
1071 1548 1280 1618 διανοίᾳ
1318 1545 1793 1601 κατασκέπτεσθαι

206 1648 282 1700 τὰ
321 1645 653 1716 δεικνύμενα
701 1641 855 1714 παρά
902 1640 1060 1694 Θεοῦ.
1111 1639 1225 1694 Καὶ
1268 1634 1380 1693 οἷον
1413 1637 1550 1707 ὑψοῦ
1603 1637 1696 1691 καὶ
1735 1637 1794 1688 ἐν

206 1739 518 1809 ἀπορρήτῳ
553 1735 662 1789 τινὶ
697 1739 950 1804 περιωπῇ
984 1732 1273 1801 γεγονότας
1327 1730 1434 1784 τῶν
1486 1729 1644 1782 θείων
1690 1729 1793 1780 ἐπ-

1963 1007 2130 1064 νειις.
2159 1009 2215 1074 6,
2241 1009 2294 1065 7.
2326 1010 2463 1075 Quia
2505 1012 2579 1064 sic
2609 1012 2744 1064 dixit
2788 1013 3040 1065 Dominus
3076 1013 3202 1066 mihi
3229 1030 3246 1066 :
3289 1013 3338 1079 Ι,
3367 1015 3461 1067 tibi

1890 1101 2148 1154 constitue
2191 1101 2586 1169 speculatorem,
2635 1112 2682 1155 et
2732 1103 2870 1171 quod
2923 1102 3133 1166 sideris,
3188 1107 3452 1159 renuntia.

1891 1188 1958 1242 Et
2001 1190 2106 1242 vidi
2139 1206 2362 1244 sessores
2412 1191 2606 1260 equites
2675 1190 2807 1244 duos
2843 1203 2860 1242 :
2893 1207 3147 1246 sessorem
3197 1194 3378 1260 asina’,
3412 1204 3459 1250 et

1891 1296 2141 1334 sessorem
2195 1280 2402 1335 cameli.

1961 1369 2021 1425 In
2071 1386 2218 1426 more
2271 1382 2355 1426 est
2403 1373 2608 1427 sanctis
2663 1373 2958 1444 prophetis,
2988 1374 3183 1431 divinae
3229 1378 3465 1433 contem;

1891 1460 2143 1530 plationis
2192 1477 2284 1516 seu
2321 1463 2583 1518 visionum
2641 1474 2902 1534 tempore,
2931 1466 3076 1522 velut
3125 1468 3179 1522 in
3210 1482 3270 1523 se
3327 1468 3463 1538 ipsis

1891 1553 2131 1608 animum
2191 1569 2385 1624 cogere
2427 1564 2479 1609 et
2530 1556 2802 1626 colligere,
2834 1565 2888 1611 et
2948 1559 3216 1614 acerrima
3290 1568 3465 1614 atten-

1891 1645 2205 1714 tissimaque
2249 1631 2578 1715 cogitatione
2629 1662 2659 1702 a
2689 1648 2798 1703 Deo
2849 1665 2936 1704 res
2977 1660 3222 1706 ostensas
3281 1652 3464 1722 perlu-

1889 1745 2086 1802 strare,
2117 1747 2172 1792 et
2196 1737 2336 1792 velut
2368 1741 2419 1793 in
2444 1739 2658 1794 sublimi
2698 1756 2760 1796 ac
2782 1751 2990 1797 secreta
3023 1744 3238 1813 specula
3267 1744 3463 1800 divinis

217 1828 539 1900 ἀκροᾶσθαι
567 1827 762 1894 λόγων.
795 1823 899 1877 Καὶ
936 1822 1066 1892 γοῦν
1097 1821 1200 1892 ἔφη
1225 1839 1310 1885 τις
1335 1821 1441 1873 τῶν
1474 1819 1644 1888 ἁγίων
1669 1835 1791 1888 προ-

1903 1828 2078 1883 verbis
2122 1844 2304 1883 aurem
2337 1833 2595 1899 pra-bere.
2626 1831 2831 1903 Quippe
2864 1849 2930 1887 ex
2961 1810 3166 1889 sanctis
3188 1836 3464 1904 prophetis

207 1919 404 1990 φητῶν
425 1933 440 1948 ’
481 1937 500 1968 ‹
547 1917 670 1969 Ἐπὶ
697 1918 796 1986 τῆς
826 1913 1071 1984 φυλακῆς
1103 1930 1204 1983 μου
1239 1913 1527 1982 στήσομαι,
1560 1909 1655 1962 καὶ
1680 1911 1790 1962 ἐπι-

205 2009 456 2080 δήσομαι
487 2007 578 2061 ἐπὶ
622 2007 850 2077 πέτραν,
887 2005 985 2058 καὶ
1021 2003 1436 2068 ἀποσκοπεύσω,
1466 2002 1560 2055 τοῦ
1590 2003 1716 2054 ἰδεῖν
1737 2000 1788 2052 τί

205 2101 442 2170 λαλήσει
471 2101 527 2152 ἐν
561 2098 705 2168 ἐμοὶ,
737 2097 830 2150 καὶ
866 2097 918 2149 τί
960 2093 1243 2165 ἀποκριθῶ
1289 2093 1381 2146 ἐπὶ
1419 2093 1512 2145 τὸν
1571 2091 1791 2160 ἑλεγχόν

209 2208 340 2261 μου.
377 2210 396 2242 ι
441 2185 692 2243 Τοιοῦτόν
721 2205 772 2240 τι
795 2186 892 2240 νῦν
914 2187 942 2239 ὁ
971 2185 1252 2256 προφήτης
1271 2183 1530 2246 διδάσκει,
1569 2183 1661 2235 καί
1689 2200 1792 2252 φη-

209 2299 299 2334 σιν
330 2279 565 2333 ἀκοῦσαι
595 2276 745 2349 παρά
769 2275 926 2328 Θεοῦ·
951 2275 1181 2336 Βαδίσας
1204 2272 1414 2343 σεαυτῷ
1439 2273 1634 2342 στῆσον
1665 2289 1789 2326 σκο-

207 2373 339 2436 πὸν,
364 2372 461 2425 καὶ
494 2370 523 2423 ὃ
551 2369 646 2423 έάν
674 2369 788 2439 ἴδῃς
818 2366 1138 2434 ἁνάγγειλον
1162 2381 1175 2393 ·
1214 2365 1308 2419 καὶ
1339 2364 1436 2434 ούχ
1462 2363 1647 2434 ἕτερόν
1668 2380 1787 2416 τινα

209 2462 420 2516 σκοπὸν
452 2462 606 2532 ίστᾷν
637 2460 936 2524 ἐκελεύετο,
971 2457 1085 2511 ἀλλ’
1119 2456 1310 2510 ἑαυτόν
1335 2471 1436 2508 που
1458 2455 1676 2518 πάντως
1703 2456 1790 2507 εύ-

205 2549 473 2620 τρεπίσαι
512 2547 651 2618 πρὸς
681 2546 956 2611 θεοπτίαν,
987 2546 1078 2598 καὶ
1119 2539 1228 2598 οἷόν
1260 2561 1381 2598 τινα
1423 2543 1624 2596 σκοπὸν
1654 2543 1788 2612 ὑψοῦ

206 2639 480 2707 γεγονότα
501 2638 580 2708 τῷ
606 2638 682 2707 νῷ
699 2678 714 2702 ,
737 2636 1028 2709 καταθρεῖν
1047 2636 1118 2689 τὰ
1140 2635 1372 2706 ἐσόμενα
1389 2674 1404 2701 ,
1435 2634 1529 2687 καὶ
1562 2634 1682 2704 ὕψει
1701 2634 1788 2687 δέ·

206 2732 408 2802 χεσοαι
438 2731 550 2784 τῶν
589 2729 928 2800 πραγμάτων
951 2729 1052 2797 τὴν
1085 2727 1231 2781 θέαν.
1274 2723 1426 2780 Εἶδον
1463 2723 1574 2790 οὖν,
1603 2724 1785 2796 φησιν,

207 2823 489 2887 ἀναϐάτας
527 2822 709 2884 ἱππεῖς
737 2820 860 2874 δύο⁶
891 2819 1167 2890 ἀναϐάτην
1197 2819 1342 2885 ὄνου,
1378 2805 1473 2872 καὶ
1514 2817 1788 2888 ἀναϐάτην

207 2914 490 2985 καμήλου.
531 2913 642 2967 Καὶ
688 2913 740 2966 τί
772 2912 836 2982 δὴ
883 2911 1042 2964 τοῦτό
1096 2913 1263 2977 ἐστιν,
1287 2912 1317 2964 ό
1349 2910 1456 2962 τῶν
1492 2909 1790 2980 Ἀσσυρίων

208 3005 416 3077 Θρῆνος
476 3003 676 3068 διδάξει
723 3004 926 3071 σαφῶς.
983 3001 1228 3071 Ἔφασκε
1285 3001 1427 3071 γάρ’
1495 3002 1612 3054 Ἐπ’
1667 3002 1789 3071 ἐμοὶ

219 3099 534 3168 Ἐλαμίται,
567 3096 664 3150 καὶ
703 3098 751 3148 0i.
791 3094 1047 3165 πρέσϐεις
1096 3093 1205 3146 τῶν
1247 3093 1470 3164 Περσῶν
1518 3091 1654 3162 πρὸς
1688 3091 1788 3162 ἐμὲ

205 3161 508 3258 ἔρχονται·
541 3183 638 3237 καὶ
679 3161 962 3254 Ἐλαμῖται
1012 3183 1112 3253 μέν
1161 3161 1439 3253 βάρῦαρον
1481 3161 1653 3246 ἔθνος,
1687 3161 1786 3236 κα·
1817 3161 1860 3215 C

209 3278 412 3348 μήλοις
467 3274 777 3346 ἐποχεῖσθαι
809 3269 1200 3345 μεμελετηκός.
1248 3274 1304 3326 ’0
1334 3273 1390 3325 δέ
1415 3289 1478 3341 γε
1518 3273 1791 3342 ἀναδάτης

205 3373 308 3440 τῆς
339 3368 469 3422 ὄνου
523 3367 607 3430 τίς
639 3366 706 3420 ἂν
735 3366 921 3436 ἐτερος
967 3366 1050 3434 εἴη
1088 3363 1239 3434 παρά
1283 3380 1346 3432 γε
1397 3365 1523 3426 τοὺς
1567 3364 1792 3434 Περσῶν

206 3456 649 3527 ἐξειλεγμένους;
674 3455 769 3519 οὒς
791 3453 854 3526 δή
877 3456 966 3509 καί
992 3471 1154 3524 φασιν
1177 3455 1419 3525 ἡμιόνοις
1443 3471 1501 3506 τε
1524 3454 1616 3507 καὶ
1639 3470 1792 3507 σκια-

204 3549 342 3612 δίοις
375 3547 455 3617 (ί)
486 3545 862 3618 ἐμϐεϐηκότας
907 3546 1043 3598 ἰέναι
1091 3545 1226 3615 πρὸς
1269 3545 1468 3615 μάχην,
1493 3544 1569 3608 ὡς
1613 3544 1682 3598 ἂν
1715 3546 1789 3614 μή

204 3659 290 3704 τις
321 3639 530 3703 αὐτοὺς
566 3637 924 3710 ἀπονευρώσῃ
963 3638 1143 3698 πόνος.
1192 3636 1442 3690 Ἐπειδὰν
1475 3635 1532 3688 δὲ
1577 3635 1668 3688 τὸν
1692 3637 1791 3705 τῆς

209 3731 402 3801 μάχης
438 3730 586 3782 ἴδωσι
627 3728 825 3800 χῶρον,
873 3729 934 3781 τὸ
961 3726 1214 3798 τηνικάδε
1250 3725 1358 3778 τῶν
1406 3725 1659 3778 σκιαδίων
1687 3741 1788 3776 κα-

203 3821 662 3891 ταπηδήσαντες,
737 3821 924 3881 ἵπποις
1001 3819 1300 3887 κέχρηνται
1370 3815 1785 3885 ἐξειλεγμένοις.

208 3911 381 3964 Ὄνου
417 3909 596 3964 τοίνυν
632 3908 910 3978 ἀναϐάτην
942 3907 1034 3960 τὸν
1067 3908 1187 3967 ταῖς
1219 3903 1463 3974 ἡμιόνοις
1501 3902 1790 3973 ἐποχούμε-

202 4001 298 4054 νὸν
335 4017 528 4070 φησιν.
561 4000 626 4054 Εἰ
652 3999 746 4053 καὶ
772 3997 894 4051 καθ’
925 3997 1112 4066 ἓτερον
1137 3994 1334 4063 τρόπον
1365 3992 1661 4048 Θεάσασοαι
1692 3992 1789 4064 μὲν

200 4091 360 4155 εἰκὸς
401 4091 492 4143 τὸν
519 4091 825 4160 προφήτην,
867 4088 1050 4149 ἵπποις
1091 4083 1454 4155 ἐποχούμενον
1478 4083 1587 4137 τῶν
1634 4083 1790 4136 πολε-

205 4181 355 4252 μίων
403 4181 465 4233 τὸ
498 4183 718 4249 στῖφος,
753 4178 1028 4248 ἑπομένην
1071 4175 1130 4228 δὲ
1159 4175 1368 4246 πληθὺν
1398 4174 1661 4244 καμήλων
1697 4174 1790 4226 καὶ

200 4273 484 4343 ἡμιόνων,
535 4268 982 4342 ηὐτρεπισμένων
1027 4267 1168 4338 τάχα
1208 4283 1311 4319 που
1359 4265 1496 4335 πρὸς
1547 4262 1644 4333 τὴν
1681 4262 1789 4315 τῶν

199 4363 474 4434 λαφύρων
514 4360 896 4432 μετακομιδήν.
930 4359 1100 4412 Τοῦτο
1130 4356 1238 4428 γὰρ
1286 4354 1512 4424 ἑτέρωθί
1554 4352 1656 4405 πού
1689 4370 1790 4423 φη-

1897 1915 2112 1985 quidam
2143 1917 2278 1972 dixit
2307 1936 2321 1972 :
2360 1917 2454 1973 «in
2487 1920 2728 1974 custodia
2765 1936 2877 1974 mea
2910 1922 3090 1986 stabo,
3123 1931 3174 1977 et
3205 1937 3463 1978 conscen-

1899 2007 2020 2060 dam
2069 2016 2296 2077 petram,
2329 2018 2382 2063 et
2416 2009 2756 2079 Speculabor,
2792 2019 2848 2064 ut
2875 2010 3085 2065 videam
3118 2011 3246 2080 quid
3276 2012 3464 2080 loque-

1898 2105 1987 2151 tur
2037 2099 2090 2151 in
2137 2114 2241 2162 me,
2281 2108 2336 2154 et
2383 2101 2510 2170 quid
2557 2101 2905 2170 respondeam
2949 2102 3015 2156 ad
3051 2103 3462 2172 castigationem

1892 2199 2068 2238 meam
2095 2185 2156 2238 εί.
2188 2205 2206 2237 ι
2251 2185 2361 2241 Hoc
2410 2188 2588 2257 itaque
2648 2189 2905 2257 propheta
2973 2188 3131 2244 docet
3177 2204 3238 2245 se
3281 2202 3309 2244 a
3354 2189 3464 2245 Deo

1895 2276 2110 2332 audire:
2166 2275 2206 2344 l,
2243 2288 2295 2333 et
2340 2280 2606 2332 constitue
2654 2280 3064 2349 speculatorem,
3096 2291 3151 2334 et
3206 2282 3346 2351 quod
3381 2283 3462 2335 vi-

1897 2365 2041 2422 deris
2099 2370 2364 2424 renuntia.
2399 2369 2510 2423 Non
2554 2368 2773 2439 juhetnr
2842 2371 3002 2425 alium
3073 2371 3462 2441 Speculatorem

1895 2463 2151 2522 statuere,
2180 2466 2234 2510 at
2259 2457 2492 2526 scipsum
2549 2458 2767 2512 omnino
2817 2458 2881 2512 ad
2933 2459 3167 2512 divinam
3214 2467 3461 2514 content-

1896 2544 2182 2614 plationem
2247 2561 2581 2616 comparare,
2625 2556 2678 2602 et
2734 2546 2879 2602 velut
2949 2548 3345 2619 Speculatorem
3408 2549 3462 2603 in

1894 2637 2041 2694 edito
2064 2636 2203 2704 loco,
2234 2639 2413 2695 animo
2445 2654 2510 2694 ac
2543 2649 2748 2706 mente,
2788 2639 3010 2706 factum,
3044 2639 3462 2710 circumspicere

1893 2727 2097 2795 futura,
2143 2736 2196 2783 et
2255 2743 2432 2784 rerum
2497 2729 2881 2800 inSpectionem
2959 2731 3073 2785 visu
3133 2739 3463 2801 aspectuque

1897 2819 2172 2886 consequi.
2222 2818 2340 2872 Vidi
2418 2819 2599 2888 igitur,
2634 2819 2732 2884 ait,
2772 2834 3015 2875 sessores
3040 2822 3248 2891 equites
3305 2822 3462 2890 duos,

1895 2908 2056 2977 307
2081 2922 2343 2963 sessorem
2385 2909 2569 2975 asiam,
2606 2918 2662 2964 et
2689 2923 2955 2965 sessorem
2994 2909 3207 2965 cameli.
3240 2911 3305 2966 Et
3334 2912 3462 2981 quid

1897 2999 1998 3052 hoc
2066 3007 2170 3063 est,
2207 2997 2519 3054 lamentatio
2597 3000 2939 3070 Assyriorum
3002 2986 3158 3070 plane
3227 3000 3461 3057 docebit.

1898 3087 2038 3142 Dixit
2097 3090 2270 3144 enim:
2306 3091 2359 3143 In
2415 3105 2500 3144 me
2531 3089 2791 3158 Elamitaa,
2833 3098 2887 3144 et
2954 3091 3112 3162 legati
3173 3091 3460 3147 Persarum

1895 3177 1959 3230 ad
1987 3191 2073 3230 me
2119 3177 2361 3231 veniunt.
2423 3178 2662 3232 Elamita:
2735 3194 2865 3249 gens
2926 3179 3156 3233 bat-hara
3215 3189 3359 3247 sunt,
3409 3188 3460 3234 et

1893 3268 2111 3324 camelis
2167 3269 2284 3323 vehi
2315 3269 2489 3323 solita.
2517 3268 2707 3325 Sessor
2733 3280 2909 3324 autem
2949 3269 3114 3325 asina:
3161 3271 3283 3341 quis
3328 3271 3461 3327 alius

1893 3361 1962 3413 sit
1993 3369 2188 3429 praeter
2219 3361 2418 3416 electos
2444 3370 2498 3416 et
2526 3361 2753 3416 eximios
2793 3362 3076 3417 Persarum
3129 3361 3300 3417 viros?
3323 3378 3461 3432 quos

1893 3450 2040 3504 aiunt
2061 3451 2217 3504 mulis
2236 3461 2288 3504 et
2317 3451 2536 3507 sciadiis
2568 3453 2974 3518 conscensis,ad
3000 3467 3230 3523 pugnam
3267 3453 3461 3519 fuisse,

1894 3554 1961 3594 ne
1994 3541 2113 3610 quis
2141 3555 2234 3595 eos
2264 3541 2416 3596 labor
2441 3551 2660 3597 enervet
2691 3560 2704 3597 :
2733 3543 2818 3597 ubi
2851 3552 3029 3598 autem
3058 3559 3246 3614 pugna?
3285 3543 3461 3598 locum

1892 3632 2096 3698 vident,
2131 3643 2241 3687 tum
2293 3649 2324 3688 e
2366 3635 2586 3690 sciadiis
2656 3636 3009 3702 desultantes,
3051 3637 3204 3706 equis
3231 3644 3461 3691 utuntur

1894 3723 2216 3781 lectissimis.
2253 3726 2432 3781 Asinae
2471 3741 2600 3798 ergo
2648 3729 2972 3783 insessorem
3015 3728 3169 3792 dicit,
3202 3742 3324 3782 eum
3359 3726 3457 3798 qui

1892 3815 2136 3870 mulahus
2187 3825 2374 3872 vectus
2413 3828 2510 3873 est.
2551 3818 2641 3875 Vel
2691 3820 2852 3873 etiam
2901 3819 3005 3873 alio
3036 3819 3233 3873 modo:
3275 3818 3461 3874 verisi-

1892 3906 2018 3960 mile
2057 3917 2142 3961 est
2175 3909 2392 3962 -vidisse
2422 3908 2759 3978 prophetam,
2789 3907 3026 3963 hostium
3057 3922 3286 3962 cuneum
3307 3908 3461 3977 equis

1891 4005 2123 4061 vectum,
2152 4005 2207 4050 et
2266 3997 2590 4051 camelorum
2639 4007 2694 4052 et
2745 3998 3006 4052 mulorum
3070 3999 3458 4052 instructorum

1890 4088 2285 4142 multitudinem
2325 4098 2662 4157 sequentem,
2707 4087 2958 4143 fortassis
3004 4090 3070 4143 ad
3117 4089 3285 4158 spolia
3333 4103 3462 4144 ave-

1893 4179 2084 4234 henda.
2127 4179 2239 4234 Hoc
2277 4179 2537 4249 siquidem
2581 4179 2710 4234 dicit
2756 4179 2911 4233 alibi:
2950 4198 2969 4230 ι
3007 4181 3068 4233 In
3094 4178 3379 4236 amictione
3406 4188 3462 4236 et

1892 4269 2136 4338 angustia
2161 4270 2242 4324 leo
2269 4279 2322 4324 et
2376 4268 2700 4326 leunculns:
2740 4269 2831 4332 ibi,
2859 4279 2916 4324 et
2961 4271 3174 4339 aspides
3223 4279 3280 4324 et
3338 4285 3463 4341 pro-

1892 4358 2074 4429 genies
2109 4360 2354 4428 aSpidum
2395 4359 2710 4422 volantium,
2735 4359 2823 4426 qui
2890 4358 3178 4426 portabant
3215 4358 3384 4413 asinis
3409 4366 3462 4413 et

199 4469 331 4510 σινο
377 4471 400 4505 ι
451 4452 538 4504 Ἐν
566 4453 632 4521 τῇ
664 4450 839 4519 Θλίψει
890 4451 981 4503 καὶ
1012 4451 1079 4518 τῇ
1127 4445 1478 4516 στενοχωρίᾳ,
1511 4444 1648 4498 λέων
1696 4447 1790 4499 καὶ

1894 4455 2114 4511 camelis
2173 4456 2391 4511 divitias
2452 4472 2578 4513 suas
2614 4457 2744 4512 ⁸³.»
2800 4455 3032 4511 Leonem
3089 4456 3353 4524 siquidem
3408 4466 3463 4510 et

199 4545 460 4614 σκύμνος
517 4541 761 4604 λέοντος·
810 4540 1019 4593 ἐκεῖθεν
1049 4538 1143 4592 καὶ
1181 4536 1407 4599 ἀσπίδες
1451 4536 1545 4589 καὶ
1589 4535 1787 4603 ἔγγονα

197 4635 458 4690 ἀσπίδων
487 4633 820 4702 πετομένων,
845 4632 896 4684 οἳ
921 4630 1114 4700 ἔφερον
1139 4628 1224 4680 ἐπ’
1248 4627 1385 4680 ὄνων
1411 4626 1506 4680 καὶ
1531 4627 1792 4698 καμήλων

191 4725 300 4778 τὸν
332 4723 569 4776 πλοῦτον
591 4722 789 4774 αὐτῶν.
824 4739 842 4772 ι
873 4721 1076 4774 Λέοντα
1103 4718 1212 4788 γὰρ
1233 4718 1328 4771 καὶ
1363 4716 1599 4788 σκύμνον
1643 4717 1791 4771 λέον-

193 4833 296 4880 τος
323 4814 424 4868 τὸν
450 4812 631 4884 Κύρον
663 4811 847 4865 ἐκάλει
866 4826 880 4840 ⁸
913 4808 1153 4872 καὶτοὺς
1175 4807 1268 4860 ὑπ’
1296 4805 1448 4877 αύτῷ
1476 4806 1693 4878 Πέρσας
1730 4825 1790 4862 τε

192 4907 305 4962 καὶ
333 4905 581 4976 Μήδους.
621 4903 878 4967 ’Δσπίδας
905 4902 964 4955 δὲ
997 4902 1090 4957 καὶ
1116 4899 1359 4956 ἀσπίδων
1387 4899 1588 4968 ἔγγονα
1627 4915 1789 4952 πετο-

198 4999 395 5068 μένων
419 5011 433 5025 ’
488 4997 646 5050 τοῦτο
675 4995 841 5057 ἔστιν,
869 4993 1034 5058 ὀξέως
1066 4992 1302 5047 διάττειν
1345 4991 1441 5044 καὶ
1480 4992 1708 5062 πτηνοῖς
1730 4992 1788 5044 ἐν

1893 4544 2126 4600 catulum
2188 4546 2362 4600 leonis
2421 4545 2619 4618 Cyrum
2674 4546 2905 4610 vocavit,
2928 4554 2983 4598 et
3019 4545 3215 4600 Persas
3252 4544 3352 4599 sub
3396 4557 3462 4599 eo

1905 4635 2238 4706 Medosque:
2276 4636 2490 4705 aspidas
2540 4646 2595 4691 et
2626 4635 2872 4706 aspidem
2925 4634 3219 4688 volantium
3278 4646 3460 4702 proge-

1893 4723 2059 4786 niem,
2098 4725 2147 4779 id
2176 4733 2280 4788 est,
2303 4725 2390 4793 qui
2433 4738 2662 4793 propere
2719 4735 3072 4792 praecurrere,
3095 4730 3148 4774 et
3188 4721 3368 4773 avium
3404 4720 3456 4772 in

1890 4829 2096 4869 morem
2155 4813 2284 4869 ferri
2337 4813 2536 4878 solent,
2567 4827 2661 4868 eos
2707 4812 2837 4865 dicit
2896 4811 2986 4880 qui
3027 4825 3092 4864 ex
3146 4808 3268 4863 aliis
3304 4816 3460 4862 erant

1889 4905 2163 4976 gentilms,
2195 4919 2332 4973 quos
2371 4905 2532 4959 etiam
2557 4902 2776 4958 camelis
2797 4901 2918 4955 vehi
2953 4901 3005 4956 in
3043 4913 3193 4954 more
3225 4897 3458 4968 positum

1885 5002 2002 5047 erat
2057 5003 2112 5047 et
2143 4992 2553 5047 consuetudine.

195 5094 312 5163 ἴσῳ
346 5090 615 5163 φέρεσθαι
661 5087 1124 5160 μεμελετηκότας,
1157 5088 1285 5150 τοὺς
1323 5085 1390 5139 ἐκ
1435 5085 1544 5140 τῶν
1584 5085 1787 5156 ἐτέρων
1824 5085 2011 5152 ἐθνῶν,
2060 5083 2141 5150 οἷς
2193 5088 2285 5140 καὶ
2371 5085 2678 5155 ἐποχεῖσθαι
2737 5081 3002 5155 καμήλοις
3055 5083 3112 5134 ἐν
3160 5079 3271 5132 ἔθει
3364 5076 3456 5131 καὶ

201 5202 223 5238 τ
303 5184 399 5235 6’.

231 5201 607 5344 ρῖΑῐίιρὸαιεγαι
633 5272 926 5340 ἀκρόασιν
958 5267 1219 5335 πολλὴν,
1250 5267 1348 5320 καὶ
1378 5265 1644 5320 κάλεσον
1669 5267 1783 5319 Οὐ-

181 5366 349 5434 ρίαν
373 5366 463 5429 εἱς
495 5362 610 5431 τὴν
645 5359 906 5417 σκοπιάν
934 5359 1180 5426 Κυρίου.

271 5454 702 5526 Διωμολόγηκεν
751 5455 782 5507 ὁ
830 5452 1152 5522 προφήτης,
1202 5447 1279 5510 ὡς
1331 5445 1583 5500 Θεάσαιτό
1629 5462 1782 5507 τινας

1955 5264 2114 5317 \‘sns.
2141 5263 2192 5318 8.
2220 5265 2360 5317 Audi
2400 5264 2721 5318 auditionem
2757 5264 2996 5327 multam,
3034 5273 3083 5317 et
3115 5279 3239 5316 vaca
3270 5259 3454 5316 Uriam

1883 5371 1936 5406 ιη
1989 5354 2251 5421 speculam
2290 5353 2521 5408 Domini.

1954 5446 2246 5503 Confessus
2321 5455 2406 5501 est
2479 5446 2736 5516 propheta
2815 5445 3016 5501 vidisse
3074 5457 3131 5501 se
3193 5441 3454 5515 quosdam

271 5629 328 5662 ⁸³
357 5627 578 5697 11³1130.
631 5641 690 5690 tt.
744 5627 796 5682 ‘l.
871 5626 916 5658 ⁸³
981 5626 1084 5680 Isa.
1143 5637 1270 5689 xxx,
1305 5623 1360 5675 6.

277 5807 370 5877 (1)
395 5806 620 5862 suam
659 5804 911 5859 videntur
957 5802 1126 5858 fuisse
1174 5814 1370 5857 currus
1401 5797 1620 5868 quidam
1669 5810 1764 5851 ceu
1807 5793 2117 5851 umbraculo
2148 5795 2379 5864 quodam
2410 5797 2603 5865 operti.

538 5901 817 5962 PnnOL.
857 5901 972 5962 Gtt.
1005 5899 1170 5959 LXX
3108 5885 3179 5949 16
