  <div class='ocr_page' id='page_1' title='image "/cluster/home/n/w/nwhite01/storage/ocr_20150623/70/hvd.32044019207901/253.png"; bbox 0 0 4110 6514; ppageno 0'>
   <div class='ocr_carea' id='block_1_1' title="bbox 656 371 753 426">
    <p class='ocr_par' dir='ltr' id='par_1_1' title="bbox 656 371 753 426">
     <span class='ocr_line' id='line_1_1' title="bbox 656 371 753 426; baseline 0.041 -4"><span class='ocrx_word' id='word_1_1' title='bbox 656 371 753 426; x_wconf 58' lang='grc'><strong>491</strong></span> 
     </span>
    </p>
   </div>
   <div class='ocr_carea' id='block_1_2' title="bbox 1688 361 3850 433">
    <p class='ocr_par' dir='ltr' id='par_1_2' title="bbox 1688 361 3850 433">
     <span class='ocr_line' id='line_1_2' title="bbox 1688 361 3850 433; baseline -0.002 -13"><span class='ocrx_word' id='word_1_2' title='bbox 1688 366 1744 420; x_wconf 90' lang='lat' dir='ltr'><strong>S.</strong></span> <span class='ocrx_word' id='word_1_3' title='bbox 1785 362 2059 420; x_wconf 67' lang='lat' dir='ltr'><strong>CYlilLLl</strong></span> <span class='ocrx_word' id='word_1_4' title='bbox 2102 361 2574 420; x_wconf 73' lang='lat' dir='ltr'><strong>ALEXANDRINI</strong></span> <span class='ocrx_word' id='word_1_5' title='bbox 2608 362 2924 420; x_wconf 78' lang='lat' dir='ltr'><strong>ABCIIIEP.</strong></span> <span class='ocrx_word' id='word_1_6' title='bbox 3773 377 3850 433; x_wconf 69' lang='lat' dir='ltr'><strong>m</strong></span> 
     </span>
    </p>
   </div>
   <div class='ocr_carea' id='block_1_3' title="bbox 659 488 2282 563">
    <p class='ocr_par' dir='ltr' id='par_1_3' title="bbox 659 490 2282 563">
     <span class='ocr_line' id='line_1_3' title="bbox 659 490 2282 563; baseline -0.004 -15"><span class='ocrx_word' id='word_1_7' title='bbox 659 507 995 559; x_wconf 86' lang='lat' dir='ltr'><strong>ascensorcs,</strong></span> <span class='ocrx_word' id='word_1_8' title='bbox 1059 491 1267 563; x_wconf 92' lang='lat' dir='ltr'><strong>equites</strong></span> <span class='ocrx_word' id='word_1_9' title='bbox 1334 491 1491 556; x_wconf 87' lang='lat' dir='ltr'><strong>duos,</strong></span> <span class='ocrx_word' id='word_1_10' title='bbox 1523 492 1712 546; x_wconf 82' lang='lat' dir='ltr'><strong>cameli</strong></span> <span class='ocrx_word' id='word_1_11' title='bbox 1767 499 1820 545; x_wconf 90' lang='lat' dir='ltr'><strong>et</strong></span> <span class='ocrx_word' id='word_1_12' title='bbox 1871 491 2076 544; x_wconf 71' lang='lat' dir='ltr'><strong>asina):</strong></span> <span class='ocrx_word' id='word_1_13' title='bbox 2136 490 2282 560; x_wconf 60' lang='lat' dir='ltr'><strong>quit</strong></span> 
     </span>
    </p>
   </div>
   <div class='ocr_carea' id='block_1_4' title="bbox 2226 488 3849 563">
    <p class='ocr_par' dir='ltr' id='par_1_4' title="bbox 2258 488 3849 562">
     <span class='ocr_line' id='line_1_4' title="bbox 2258 488 3849 562; baseline 0.006 -20"><span class='ocrx_word' id='word_1_14' title='bbox 2258 494 2301 550; x_wconf 85' lang='grc' dir='ltr'><strong>Α</strong></span> <span class='ocrx_word' id='word_1_15' title='bbox 2331 488 2606 553; x_wconf 71' lang='grc' dir='ltr'>ἅθαϐάτας</span> <span class='ocrx_word' id='word_1_16' title='bbox 2635 491 2820 553; x_wconf 80' lang='grc' dir='ltr'>ἱππεῖς</span> <span class='ocrx_word' id='word_1_17' title='bbox 2845 488 2955 551; x_wconf 82' lang='grc' dir='ltr'>δύο,</span> <span class='ocrx_word' id='word_1_18' title='bbox 2978 490 3224 560; x_wconf 82' lang='grc' dir='ltr'>καμήλου</span> <span class='ocrx_word' id='word_1_19' title='bbox 3253 505 3309 541; x_wconf 86' lang='grc' dir='ltr'><strong>τε</strong></span> <span class='ocrx_word' id='word_1_20' title='bbox 3341 490 3433 542; x_wconf 72' lang='grc' dir='ltr'><strong>καὶ</strong></span> <span class='ocrx_word' id='word_1_21' title='bbox 3467 490 3609 544; x_wconf 77' lang='grc' dir='ltr'>ὄνου·</span> <span class='ocrx_word' id='word_1_22' title='bbox 3636 494 3716 546; x_wconf 75' lang='grc' dir='ltr'><strong>καὶ</strong></span> <span class='ocrx_word' id='word_1_23' title='bbox 3737 498 3849 562; x_wconf 80' lang='grc' dir='ltr'>τίνες</span> 
     </span>
    </p>
   </div>
   <div class='ocr_carea' id='block_1_5' title="bbox 659 583 2238 655">
    <p class='ocr_par' dir='ltr' id='par_1_5' title="bbox 659 583 2238 655">
     <span class='ocr_line' id='line_1_5' title="bbox 659 583 2238 655; baseline -0.002 -15"><span class='ocrx_word' id='word_1_24' title='bbox 659 596 836 642; x_wconf 89' lang='lat' dir='ltr'><strong>autem</strong></span> <span class='ocrx_word' id='word_1_25' title='bbox 917 584 1136 649; x_wconf 84' lang='lat' dir='ltr'><strong>fuerint,</strong></span> <span class='ocrx_word' id='word_1_26' title='bbox 1187 585 1436 655; x_wconf 86' lang='lat' dir='ltr'><strong>superius</strong></span> <span class='ocrx_word' id='word_1_27' title='bbox 1514 586 1766 639; x_wconf 79' lang='lat' dir='ltr'><strong>diximus.</strong></span> <span class='ocrx_word' id='word_1_28' title='bbox 1816 583 1990 638; x_wconf 85' lang='lat' dir='ltr'><strong>Semel</strong></span> <span class='ocrx_word' id='word_1_29' title='bbox 2061 593 2238 638; x_wconf 87' lang='lat' dir='ltr'><strong>autem</strong></span> 
     </span>
    </p>
   </div>
   <div class='ocr_carea' id='block_1_6' title="bbox 659 673 2238 746">
    <p class='ocr_par' dir='ltr' id='par_1_6' title="bbox 659 673 2238 746">
     <span class='ocr_line' id='line_1_6' title="bbox 659 673 2238 746; baseline -0.004 -14"><span class='ocrx_word' id='word_1_30' title='bbox 659 677 986 746; x_wconf 75' lang='lat' dir='ltr'><strong>Speculatus,</strong></span> <span class='ocrx_word' id='word_1_31' title='bbox 1019 675 1204 744; x_wconf 83' lang='lat' dir='ltr'><strong>jussus</strong></span> <span class='ocrx_word' id='word_1_32' title='bbox 1241 685 1324 730; x_wconf 90' lang='lat' dir='ltr'><strong>est</strong></span> <span class='ocrx_word' id='word_1_33' title='bbox 1377 675 1631 745; x_wconf 80' lang='lat' dir='ltr'><strong>deinceps</strong></span> <span class='ocrx_word' id='word_1_34' title='bbox 1669 689 1790 744; x_wconf 74' lang='lat' dir='ltr'><strong>qua:</strong></span> <span class='ocrx_word' id='word_1_35' title='bbox 1833 689 1896 727; x_wconf 87' lang='lat' dir='ltr'><strong>ex</strong></span> <span class='ocrx_word' id='word_1_36' title='bbox 1934 688 1994 727; x_wconf 91' lang='lat' dir='ltr'><strong>ea</strong></span> <span class='ocrx_word' id='word_1_37' title='bbox 2060 673 2238 730; x_wconf 80' lang='lat' dir='ltr'><strong>incur-</strong></span> 
     </span>
    </p>
   </div>
   <div class='ocr_carea' id='block_1_7' title="bbox 659 766 2238 833">
    <p class='ocr_par' dir='ltr' id='par_1_7' title="bbox 659 766 2238 833">
     <span class='ocr_line' id='line_1_7' title="bbox 659 766 2238 833; baseline -0.004 -8"><span class='ocrx_word' id='word_1_38' title='bbox 659 772 809 825; x_wconf 89' lang='lat' dir='ltr'><strong>sione</strong></span> <span class='ocrx_word' id='word_1_39' title='bbox 841 769 1016 823; x_wconf 80' lang='lat' dir='ltr'><strong>futura</strong></span> <span class='ocrx_word' id='word_1_40' title='bbox 1068 779 1216 833; x_wconf 90' lang='lat' dir='ltr'><strong>sunt,</strong></span> <span class='ocrx_word' id='word_1_41' title='bbox 1249 768 1464 833; x_wconf 88' lang='lat' dir='ltr'><strong>docere,</strong></span> <span class='ocrx_word' id='word_1_42' title='bbox 1508 777 1560 822; x_wconf 88' lang='lat' dir='ltr'><strong>et</strong></span> <span class='ocrx_word' id='word_1_43' title='bbox 1591 767 1915 822; x_wconf 77' lang='lat' dir='ltr'><strong>calamitatis</strong></span> <span class='ocrx_word' id='word_1_44' title='bbox 1960 766 2238 820; x_wconf 61' lang='lat' dir='ltr'><strong>Chaldaeo-</strong></span> 
     </span>
    </p>
   </div>
   <div class='ocr_carea' id='block_1_8' title="bbox 658 851 2236 914">
    <p class='ocr_par' dir='ltr' id='par_1_8' title="bbox 658 851 2236 914">
     <span class='ocr_line' id='line_1_8' title="bbox 658 851 2236 914; baseline -0.003 0"><span class='ocrx_word' id='word_1_45' title='bbox 658 878 776 914; x_wconf 88' lang='lat' dir='ltr'><strong>rum</strong></span> <span class='ocrx_word' id='word_1_46' title='bbox 827 859 1188 913; x_wconf 88' lang='lat' dir='ltr'><strong>narrationem</strong></span> <span class='ocrx_word' id='word_1_47' title='bbox 1247 851 1538 914; x_wconf 75' lang='lat' dir='ltr'><strong>terribilem</strong></span> <span class='ocrx_word' id='word_1_48' title='bbox 1572 860 1846 912; x_wconf 85' lang='lat' dir='ltr'><strong>inducere.</strong></span> <span class='ocrx_word' id='word_1_49' title='bbox 1887 856 2049 910; x_wconf 84' lang='lat' dir='ltr'><strong>Multa</strong></span> <span class='ocrx_word' id='word_1_50' title='bbox 2095 857 2236 910; x_wconf 89' lang='lat' dir='ltr'><strong>enim</strong></span> 
     </span>
    </p>
   </div>
   <div class='ocr_carea' id='block_1_9' title="bbox 658 949 2236 1022">
    <p class='ocr_par' dir='ltr' id='par_1_9' title="bbox 658 949 2236 1022">
     <span class='ocr_line' id='line_1_9' title="bbox 658 949 2236 1022; baseline -0.002 -18"><span class='ocrx_word' id='word_1_51' title='bbox 658 952 864 1006; x_wconf 78' lang='lat' dir='ltr'><strong>auditio</strong></span> <span class='ocrx_word' id='word_1_52' title='bbox 913 951 1172 1022; x_wconf 81' lang='lat' dir='ltr'><strong>ejusmodi</strong></span> <span class='ocrx_word' id='word_1_53' title='bbox 1225 963 1307 1006; x_wconf 86' lang='lat' dir='ltr'><strong>est</strong></span> <span class='ocrx_word' id='word_1_54' title='bbox 1351 966 1557 1008; x_wconf 86' lang='lat' dir='ltr'><strong>revera.</strong></span> <span class='ocrx_word' id='word_1_55' title='bbox 1600 949 1733 1004; x_wconf 88' lang='lat' dir='ltr'><strong>Nam</strong></span> <span class='ocrx_word' id='word_1_56' title='bbox 1789 965 1910 1019; x_wconf 73' lang='lat' dir='ltr'><strong>qua:</strong></span> <span class='ocrx_word' id='word_1_57' title='bbox 1984 949 2236 1019; x_wconf 81' lang='lat' dir='ltr'><strong>Babyloni</strong></span> 
     </span>
    </p>
   </div>
   <div class='ocr_carea' id='block_1_10' title="bbox 661 1034 2239 1106">
    <p class='ocr_par' dir='ltr' id='par_1_10' title="bbox 661 1034 2239 1106">
     <span class='ocr_line' id='line_1_10' title="bbox 661 1034 2239 1106; baseline -0.003 -16"><span class='ocrx_word' id='word_1_58' title='bbox 661 1037 1032 1106; x_wconf 83' lang='lat' dir='ltr'><strong>contigerunt,</strong></span> <span class='ocrx_word' id='word_1_59' title='bbox 1077 1036 1344 1090; x_wconf 86' lang='lat' dir='ltr'><strong>horrenda</strong></span> <span class='ocrx_word' id='word_1_60' title='bbox 1416 1045 1596 1100; x_wconf 86' lang='lat' dir='ltr'><strong>erant,</strong></span> <span class='ocrx_word' id='word_1_61' title='bbox 1646 1051 1746 1089; x_wconf 90' lang='lat' dir='ltr'><strong>nec</strong></span> <span class='ocrx_word' id='word_1_62' title='bbox 1820 1034 1925 1088; x_wconf 90' lang='lat' dir='ltr'><strong>ulla</strong></span> <span class='ocrx_word' id='word_1_63' title='bbox 1994 1035 2239 1088; x_wconf 88' lang='lat' dir='ltr'><strong>oratione</strong></span> 
     </span>
    </p>
   </div>
   <div class='ocr_carea' id='block_1_11' title="bbox 657 1124 2235 1197">
    <p class='ocr_par' dir='ltr' id='par_1_11' title="bbox 657 1124 2235 1197">
     <span class='ocr_line' id='line_1_11' title="bbox 657 1124 2235 1197; baseline -0.004 -15"><span class='ocrx_word' id='word_1_64' title='bbox 657 1127 888 1197; x_wconf 76' lang='lat' dir='ltr'><strong>exprimi</strong></span> <span class='ocrx_word' id='word_1_65' title='bbox 909 1136 1180 1196; x_wconf 79' lang='lat' dir='ltr'><strong>poterant,</strong></span> <span class='ocrx_word' id='word_1_66' title='bbox 1207 1128 1332 1180; x_wconf 89' lang='lat' dir='ltr'><strong>etin</strong></span> <span class='ocrx_word' id='word_1_67' title='bbox 1368 1137 1634 1180; x_wconf 83' lang='lat' dir='ltr'><strong>summum</strong></span> <span class='ocrx_word' id='word_1_68' title='bbox 1661 1133 1921 1180; x_wconf 88' lang='lat' dir='ltr'><strong>venerunt</strong></span> <span class='ocrx_word' id='word_1_69' title='bbox 1950 1124 2235 1178; x_wconf 90' lang='lat' dir='ltr'><strong>malorum.</strong></span> 
     </span>
    </p>
   </div>
   <div class='ocr_carea' id='block_1_12' title="bbox 661 1218 2234 1292">
    <p class='ocr_par' dir='ltr' id='par_1_12' title="bbox 661 1218 2234 1292">
     <span class='ocr_line' id='line_1_12' title="bbox 661 1218 2234 1292; baseline -0.004 -19"><span class='ocrx_word' id='word_1_70' title='bbox 661 1218 836 1292; x_wconf 81' lang='lat' dir='ltr'><strong>Cyrus</strong></span> <span class='ocrx_word' id='word_1_71' title='bbox 877 1219 1077 1273; x_wconf 86' lang='lat' dir='ltr'><strong>etenim</strong></span> <span class='ocrx_word' id='word_1_72' title='bbox 1109 1219 1189 1272; x_wconf 88' lang='lat' dir='ltr'><strong>sic</strong></span> <span class='ocrx_word' id='word_1_73' title='bbox 1233 1233 1350 1272; x_wconf 91' lang='lat' dir='ltr'><strong>eam</strong></span> <span class='ocrx_word' id='word_1_74' title='bbox 1395 1219 1558 1287; x_wconf 89' lang='lat' dir='ltr'><strong>cepit,</strong></span> <span class='ocrx_word' id='word_1_75' title='bbox 1592 1228 1650 1270; x_wconf 94' lang='lat' dir='ltr'><strong>ut</strong></span> <span class='ocrx_word' id='word_1_76' title='bbox 1680 1226 1910 1287; x_wconf 85' lang='lat' dir='ltr'><strong>prorsus</strong></span> <span class='ocrx_word' id='word_1_77' title='bbox 1969 1219 2234 1270; x_wconf 85' lang='lat' dir='ltr'><strong>desertam</strong></span> 
     </span>
    </p>
   </div>
   <div class='ocr_carea' id='block_1_13' title="bbox 661 1298 2237 1379">
    <p class='ocr_par' dir='ltr' id='par_1_13' title="bbox 661 1298 2237 1379">
     <span class='ocr_line' id='line_1_13' title="bbox 661 1298 2237 1379; baseline -0.003 -15"><span class='ocrx_word' id='word_1_78' title='bbox 661 1311 976 1374; x_wconf 85' lang='lat' dir='ltr'><strong>reddiderit,</strong></span> <span class='ocrx_word' id='word_1_79' title='bbox 1010 1319 1065 1364; x_wconf 91' lang='lat' dir='ltr'><strong>et</strong></span> <span class='ocrx_word' id='word_1_80' title='bbox 1100 1310 1189 1379; x_wconf 90' lang='lat' dir='ltr'><strong>qui</strong></span> <span class='ocrx_word' id='word_1_81' title='bbox 1238 1309 1289 1363; x_wconf 89' lang='lat' dir='ltr'><strong>in</strong></span> <span class='ocrx_word' id='word_1_82' title='bbox 1347 1323 1406 1364; x_wconf 87' lang='lat' dir='ltr'><strong>ea</strong></span> <span class='ocrx_word' id='word_1_83' title='bbox 1461 1319 1618 1362; x_wconf 89' lang='lat' dir='ltr'><strong>erant</strong></span> <span class='ocrx_word' id='word_1_84' title='bbox 1659 1298 2017 1372; x_wconf 84' lang='lat' dir='ltr'><strong>interemerit,</strong></span> <span class='ocrx_word' id='word_1_85' title='bbox 2045 1317 2097 1361; x_wconf 92' lang='lat' dir='ltr'><strong>et</strong></span> <span class='ocrx_word' id='word_1_86' title='bbox 2143 1320 2237 1360; x_wconf 89' lang='lat' dir='ltr'><strong>eos</strong></span> 
     </span>
    </p>
   </div>
   <div class='ocr_carea' id='block_1_14' title="bbox 660 1397 2238 1472">
    <p class='ocr_par' dir='ltr' id='par_1_14' title="bbox 660 1397 2238 1472">
     <span class='ocr_line' id='line_1_14' title="bbox 660 1397 2238 1472; baseline -0.002 -18"><span class='ocrx_word' id='word_1_87' title='bbox 660 1403 875 1457; x_wconf 88' lang='lat' dir='ltr'><strong>demum</strong></span> <span class='ocrx_word' id='word_1_88' title='bbox 937 1403 1024 1471; x_wconf 88' lang='lat' dir='ltr'><strong>qui</strong></span> <span class='ocrx_word' id='word_1_89' title='bbox 1066 1403 1118 1455; x_wconf 91' lang='lat' dir='ltr'><strong>in</strong></span> <span class='ocrx_word' id='word_1_90' title='bbox 1167 1397 1436 1472; x_wconf 85' lang='lat' dir='ltr'><strong>speluncis</strong></span> <span class='ocrx_word' id='word_1_91' title='bbox 1490 1403 1902 1468; x_wconf 86' lang='lat' dir='ltr'><strong>insidiabantur,</strong></span> <span class='ocrx_word' id='word_1_92' title='bbox 1932 1411 1985 1456; x_wconf 90' lang='lat' dir='ltr'><strong>et</strong></span> <span class='ocrx_word' id='word_1_93' title='bbox 2022 1401 2238 1454; x_wconf 81' lang='lat' dir='ltr'><strong>omnino</strong></span> 
     </span>
    </p>
   </div>
   <div class='ocr_carea' id='block_1_15' title="bbox 662 1489 2237 1560">
    <p class='ocr_par' dir='ltr' id='par_1_15' title="bbox 662 1489 2237 1560">
     <span class='ocr_line' id='line_1_15' title="bbox 662 1489 2237 1560; baseline -0.003 -16"><span class='ocrx_word' id='word_1_94' title='bbox 662 1505 721 1544; x_wconf 90' lang='lat' dir='ltr'><strong>se</strong></span> <span class='ocrx_word' id='word_1_95' title='bbox 772 1503 930 1559; x_wconf 87' lang='lat' dir='ltr'><strong>posse</strong></span> <span class='ocrx_word' id='word_1_96' title='bbox 989 1490 1156 1544; x_wconf 89' lang='lat' dir='ltr'><strong>latere</strong></span> <span class='ocrx_word' id='word_1_97' title='bbox 1213 1492 1520 1560; x_wconf 88' lang='lat' dir='ltr'><strong>sperabant.</strong></span> <span class='ocrx_word' id='word_1_98' title='bbox 1563 1490 1770 1544; x_wconf 85' lang='lat' dir='ltr'><strong>Etenim</strong></span> <span class='ocrx_word' id='word_1_99' title='bbox 1833 1491 1968 1543; x_wconf 80' lang='lat' dir='ltr'><strong>dixit</strong></span> <span class='ocrx_word' id='word_1_100' title='bbox 2021 1489 2068 1543; x_wconf 93' lang='lat' dir='ltr'><strong>ei</strong></span> <span class='ocrx_word' id='word_1_101' title='bbox 2116 1491 2237 1541; x_wconf 91' lang='lat' dir='ltr'><strong>uni-</strong></span> 
     </span>
    </p>
   </div>
   <div class='ocr_carea' id='block_1_16' title="bbox 663 1582 2237 1644">
    <p class='ocr_par' dir='ltr' id='par_1_16' title="bbox 663 1582 2237 1644">
     <span class='ocr_line' id='line_1_16' title="bbox 663 1582 2237 1644; baseline -0.001 -8"><span class='ocrx_word' id='word_1_102' title='bbox 663 1583 933 1639; x_wconf 85' lang='lat' dir='ltr'><strong>versitatis</strong></span> <span class='ocrx_word' id='word_1_103' title='bbox 946 1583 1084 1637; x_wconf 89' lang='lat' dir='ltr'><strong>Deus</strong></span> <span class='ocrx_word' id='word_1_104' title='bbox 1109 1600 1122 1636; x_wconf 89' lang='lat'><strong>:</strong></span> <span class='ocrx_word' id='word_1_105' title='bbox 1148 1601 1165 1632; x_wconf 84' lang='grc' dir='ltr'><strong>ι</strong></span> <span class='ocrx_word' id='word_1_106' title='bbox 1193 1582 1335 1636; x_wconf 83' lang='lat' dir='ltr'><strong>Dabo</strong></span> <span class='ocrx_word' id='word_1_107' title='bbox 1353 1583 1446 1636; x_wconf 86' lang='lat' dir='ltr'><strong>tibi</strong></span> <span class='ocrx_word' id='word_1_108' title='bbox 1473 1585 1754 1637; x_wconf 84' lang='lat' dir='ltr'><strong>thesauros</strong></span> <span class='ocrx_word' id='word_1_109' title='bbox 1781 1584 2119 1644; x_wconf 81' lang='lat' dir='ltr'><strong>tenebrosos,</strong></span> <span class='ocrx_word' id='word_1_110' title='bbox 2147 1596 2237 1634; x_wconf 86' lang='lat' dir='ltr'><strong>oe-</strong></span> 
     </span>
    </p>
   </div>
   <div class='ocr_carea' id='block_1_17' title="bbox 660 1670 2229 1741">
    <p class='ocr_par' dir='ltr' id='par_1_17' title="bbox 660 1670 2229 1741">
     <span class='ocr_line' id='line_1_17' title="bbox 660 1670 2229 1741; baseline -0.003 -17"><span class='ocrx_word' id='word_1_111' title='bbox 660 1671 855 1735; x_wconf 87' lang='lat' dir='ltr'><strong>cultos,</strong></span> <span class='ocrx_word' id='word_1_112' title='bbox 889 1687 918 1724; x_wconf 91' lang='lat' dir='ltr'><strong>a</strong></span> <span class='ocrx_word' id='word_1_113' title='bbox 982 1681 1274 1741; x_wconf 84' lang='lat' dir='ltr'><strong>conspectu</strong></span> <span class='ocrx_word' id='word_1_114' title='bbox 1352 1685 1587 1725; x_wconf 86' lang='lat' dir='ltr'><strong>remotos</strong></span> <span class='ocrx_word' id='word_1_115' title='bbox 1657 1671 1896 1740; x_wconf 82' lang='lat' dir='ltr'><strong>aperiam</strong></span> <span class='ocrx_word' id='word_1_116' title='bbox 1962 1671 2055 1724; x_wconf 83' lang='lat' dir='ltr'><strong>tibi</strong></span> <span class='ocrx_word' id='word_1_117' title='bbox 2084 1670 2130 1699; x_wconf 72' lang='grc'><strong>⁸³</strong></span> <span class='ocrx_word' id='word_1_118' title='bbox 2163 1711 2176 1723; x_wconf 91' lang='grc'><strong>.</strong></span> <span class='ocrx_word' id='word_1_119' title='bbox 2212 1687 2229 1719; x_wconf 76' lang='grc' dir='ltr'><strong>ι</strong></span> 
     </span>
    </p>
   </div>
   <div class='ocr_carea' id='block_1_18' title="bbox 663 1754 2228 1832">
    <p class='ocr_par' dir='ltr' id='par_1_18' title="bbox 663 1754 2228 1832">
     <span class='ocr_line' id='line_1_18' title="bbox 663 1754 2228 1832; baseline -0.005 -18"><span class='ocrx_word' id='word_1_120' title='bbox 663 1762 938 1816; x_wconf 85' lang='lat' dir='ltr'><strong>lnducitur</strong></span> <span class='ocrx_word' id='word_1_121' title='bbox 990 1762 1153 1816; x_wconf 90' lang='lat' dir='ltr'><strong>etiam</strong></span> <span class='ocrx_word' id='word_1_122' title='bbox 1188 1777 1415 1832; x_wconf 87' lang='lat' dir='ltr'><strong>persona</strong></span> <span class='ocrx_word' id='word_1_123' title='bbox 1470 1760 1768 1815; x_wconf 83' lang='lat' dir='ltr'><strong>Jerusalem</strong></span> <span class='ocrx_word' id='word_1_124' title='bbox 1831 1760 1974 1812; x_wconf 82' lang='lat' dir='ltr'><strong>velut</strong></span> <span class='ocrx_word' id='word_1_125' title='bbox 2051 1754 2228 1828; x_wconf 69' lang='lat' dir='ltr'><strong>Baby-</strong></span> 
     </span>
    </p>
   </div>
   <div class='ocr_carea' id='block_1_19' title="bbox 2345 574 3850 660">
    <p class='ocr_par' dir='ltr' id='par_1_19' title="bbox 2345 574 3850 660">
     <span class='ocr_line' id='line_1_19' title="bbox 2345 574 3850 660; baseline 0.005 -28"><span class='ocrx_word' id='word_1_126' title='bbox 2345 580 2411 635; x_wconf 81' lang='grc' dir='ltr'>ἂν</span> <span class='ocrx_word' id='word_1_127' title='bbox 2445 574 2555 633; x_wconf 79' lang='grc' dir='ltr'>εἷεν</span> <span class='ocrx_word' id='word_1_128' title='bbox 2595 574 2760 645; x_wconf 75' lang='grc' dir='ltr'>οὗτοι,</span> <span class='ocrx_word' id='word_1_129' title='bbox 2812 579 3112 649; x_wconf 76' lang='grc' dir='ltr'><strong>φθάσαντες</strong></span> <span class='ocrx_word' id='word_1_130' title='bbox 3161 581 3262 650; x_wconf 70' lang='grc' dir='ltr'>ἤδη</span> <span class='ocrx_word' id='word_1_131' title='bbox 3298 581 3646 651; x_wconf 81' lang='grc' dir='ltr'>προείπαμεν.</span> <span class='ocrx_word' id='word_1_132' title='bbox 3676 585 3850 660; x_wconf 72' lang='grc' dir='ltr'>Ἐπειδὴ</span> 
     </span>
    </p>
   </div>
   <div class='ocr_carea' id='block_1_20' title="bbox 2339 668 3851 746">
    <p class='ocr_par' dir='ltr' id='par_1_20' title="bbox 2339 668 3851 746">
     <span class='ocr_line' id='line_1_20' title="bbox 2339 668 3851 746; baseline 0.003 -23"><span class='ocrx_word' id='word_1_133' title='bbox 2339 669 2396 723; x_wconf 82' lang='grc' dir='ltr'>δὲ</span> <span class='ocrx_word' id='word_1_134' title='bbox 2437 668 2584 732; x_wconf 75' lang='grc' dir='ltr'>ἅπαξ</span> <span class='ocrx_word' id='word_1_135' title='bbox 2620 668 2907 732; x_wconf 78' lang='grc' dir='ltr'><strong>τεθέαται,</strong></span> <span class='ocrx_word' id='word_1_136' title='bbox 2950 668 3340 740; x_wconf 72' lang='grc' dir='ltr'><strong>προστάττεται</strong></span> <span class='ocrx_word' id='word_1_137' title='bbox 3380 669 3558 722; x_wconf 73' lang='grc' dir='ltr'>λοιπὸν</span> <span class='ocrx_word' id='word_1_138' title='bbox 3597 673 3662 724; x_wconf 75' lang='grc' dir='ltr'>τὰ</span> <span class='ocrx_word' id='word_1_139' title='bbox 3697 674 3851 746; x_wconf 81' lang='grc' dir='ltr'>ὲκ’τή;</span> 
     </span>
    </p>
   </div>
   <div class='ocr_carea' id='block_1_21' title="bbox 2340 759 3850 831">
    <p class='ocr_par' dir='ltr' id='par_1_21' title="bbox 2340 759 3850 831">
     <span class='ocr_line' id='line_1_21' title="bbox 2340 759 3850 831; baseline 0.004 -17"><span class='ocrx_word' id='word_1_140' title='bbox 2340 761 2532 831; x_wconf 79' lang='grc' dir='ltr'><strong>ἐφόδου</strong></span> <span class='ocrx_word' id='word_1_141' title='bbox 2565 759 2855 831; x_wconf 80' lang='grc' dir='ltr'>μανθάνειν</span> <span class='ocrx_word' id='word_1_142' title='bbox 2880 760 3212 828; x_wconf 75' lang='grc' dir='ltr'>ἐπείγεσθαι,</span> <span class='ocrx_word' id='word_1_143' title='bbox 3247 761 3460 831; x_wconf 73' lang='grc' dir='ltr'>καὶτῆς</span> <span class='ocrx_word' id='word_1_144' title='bbox 3494 760 3598 815; x_wconf 88' lang='grc' dir='ltr'><strong>τῶν</strong></span> <span class='ocrx_word' id='word_1_145' title='bbox 3621 763 3850 820; x_wconf 81' lang='grc' dir='ltr'>Χαλδαίων</span> 
     </span>
    </p>
   </div>
   <div class='ocr_carea' id='block_1_22' title="bbox 2342 851 3852 924">
    <p class='ocr_par' dir='ltr' id='par_1_22' title="bbox 2342 851 3852 924">
     <span class='ocr_line' id='line_1_22' title="bbox 2342 851 3852 924; baseline 0.005 -20"><span class='ocrx_word' id='word_1_146' title='bbox 2342 853 2629 922; x_wconf 82' lang='grc' dir='ltr'>συμφορᾶς</span> <span class='ocrx_word' id='word_1_147' title='bbox 2649 852 2715 905; x_wconf 80' lang='grc' dir='ltr'>τὰ</span> <span class='ocrx_word' id='word_1_148' title='bbox 2739 851 2938 921; x_wconf 71' lang='grc' dir='ltr'>φρικτὰ</span> <span class='ocrx_word' id='word_1_149' title='bbox 2963 853 3301 922; x_wconf 75' lang='grc' dir='ltr'><strong>διηγήματα.</strong></span> <span class='ocrx_word' id='word_1_150' title='bbox 3321 852 3494 923; x_wconf 79' lang='grc' dir='ltr'>Πολλὴ</span> <span class='ocrx_word' id='word_1_151' title='bbox 3520 854 3624 922; x_wconf 72' lang='grc' dir='ltr'><strong>γὰρ</strong></span> <span class='ocrx_word' id='word_1_152' title='bbox 3643 856 3852 924; x_wconf 79' lang='grc' dir='ltr'>ἀκρόασις</span> 
     </span>
    </p>
   </div>
   <div class='ocr_carea' id='block_1_23' title="bbox 2340 942 3852 1014">
    <p class='ocr_par' dir='ltr' id='par_1_23' title="bbox 2340 942 3852 1014">
     <span class='ocr_line' id='line_1_23' title="bbox 2340 942 3852 1014; baseline 0.003 -19"><span class='ocrx_word' id='word_1_153' title='bbox 2340 944 2372 1013; x_wconf 85' lang='grc' dir='ltr'>ἡ</span> <span class='ocrx_word' id='word_1_154' title='bbox 2417 944 2596 996; x_wconf 79' lang='grc' dir='ltr'>τοιάδε</span> <span class='ocrx_word' id='word_1_155' title='bbox 2635 943 2773 995; x_wconf 76' lang='grc' dir='ltr'>κατὰ</span> <span class='ocrx_word' id='word_1_156' title='bbox 2824 942 2885 994; x_wconf 84' lang='grc' dir='ltr'>τὸ</span> <span class='ocrx_word' id='word_1_157' title='bbox 2927 943 3145 1013; x_wconf 88' lang='grc' dir='ltr'>ἀληθές.</span> <span class='ocrx_word' id='word_1_158' title='bbox 3192 944 3477 1013; x_wconf 74' lang='grc' dir='ltr'>Τοιγάρτοι</span> <span class='ocrx_word' id='word_1_159' title='bbox 3521 947 3583 1014; x_wconf 78' lang='grc' dir='ltr'>τῇ</span> <span class='ocrx_word' id='word_1_160' title='bbox 3628 946 3852 1001; x_wconf 75' lang='grc' dir='ltr'>Βαϐυλῶνι</span> 
     </span>
    </p>
   </div>
   <div class='ocr_carea' id='block_1_24' title="bbox 2341 1033 3852 1104">
    <p class='ocr_par' dir='ltr' id='par_1_24' title="bbox 2341 1033 3852 1104">
     <span class='ocr_line' id='line_1_24' title="bbox 2341 1033 3852 1104; baseline 0.003 -18"><span class='ocrx_word' id='word_1_161' title='bbox 2341 1033 2726 1102; x_wconf 77' lang='grc' dir='ltr'>συμϐεϐηκότα</span> <span class='ocrx_word' id='word_1_162' title='bbox 2769 1033 2990 1104; x_wconf 81' lang='grc' dir='ltr'>φρικτὰ,</span> <span class='ocrx_word' id='word_1_163' title='bbox 3030 1035 3124 1087; x_wconf 76' lang='grc' dir='ltr'><strong>καὶ</strong></span> <span class='ocrx_word' id='word_1_164' title='bbox 3165 1035 3324 1101; x_wconf 82' lang='grc' dir='ltr'>λόγου</span> <span class='ocrx_word' id='word_1_165' title='bbox 3377 1035 3518 1104; x_wconf 86' lang='grc' dir='ltr'>πέρα</span> <span class='ocrx_word' id='word_1_166' title='bbox 3550 1037 3743 1102; x_wconf 78' lang='grc' dir='ltr'>παντὸς,</span> <span class='ocrx_word' id='word_1_167' title='bbox 3783 1041 3852 1091; x_wconf 77' lang='grc' dir='ltr'><strong>καὶ</strong></span> 
     </span>
    </p>
   </div>
   <div class='ocr_carea' id='block_1_25' title="bbox 2340 1121 3852 1199">
    <p class='ocr_par' dir='ltr' id='par_1_25' title="bbox 2340 1121 3852 1199">
     <span class='ocr_line' id='line_1_25' title="bbox 2340 1121 3852 1199; baseline 0.001 -23"><span class='ocrx_word' id='word_1_168' title='bbox 2340 1126 2420 1186; x_wconf 86' lang='grc' dir='ltr'><strong>είς</strong></span> <span class='ocrx_word' id='word_1_169' title='bbox 2453 1125 2621 1192; x_wconf 82' lang='grc' dir='ltr'>ἄκρον</span> <span class='ocrx_word' id='word_1_170' title='bbox 2651 1125 2853 1193; x_wconf 76' lang='grc' dir='ltr'>ἥκοντα</span> <span class='ocrx_word' id='word_1_171' title='bbox 2891 1125 3098 1178; x_wconf 83' lang='grc' dir='ltr'>κακῶν.</span> <span class='ocrx_word' id='word_1_172' title='bbox 3151 1121 3280 1177; x_wconf 80' lang='grc' dir='ltr'>Εἷλε</span> <span class='ocrx_word' id='word_1_173' title='bbox 3323 1125 3432 1195; x_wconf 83' lang='grc' dir='ltr'><strong>γὰρ</strong></span> <span class='ocrx_word' id='word_1_174' title='bbox 3473 1125 3685 1189; x_wconf 75' lang='grc' dir='ltr'>οὓτωςὸ</span> <span class='ocrx_word' id='word_1_175' title='bbox 3717 1129 3852 1199; x_wconf 58' lang='grc' dir='ltr'>Κύρκ</span> 
     </span>
    </p>
   </div>
   <div class='ocr_carea' id='block_1_26' title="bbox 2340 1213 3854 1288">
    <p class='ocr_par' dir='ltr' id='par_1_26' title="bbox 2340 1213 3854 1288">
     <span class='ocr_line' id='line_1_26' title="bbox 2340 1213 3854 1288; baseline 0.001 -18"><span class='ocrx_word' id='word_1_176' title='bbox 2340 1215 2532 1285; x_wconf 82' lang='grc' dir='ltr'>αὐτὴν,</span> <span class='ocrx_word' id='word_1_177' title='bbox 2589 1213 2729 1267; x_wconf 80' lang='grc' dir='ltr'>ὥστε</span> <span class='ocrx_word' id='word_1_178' title='bbox 2793 1217 3130 1285; x_wconf 84' lang='grc' dir='ltr'>καταστῆσαι</span> <span class='ocrx_word' id='word_1_179' title='bbox 3188 1215 3286 1285; x_wconf 79' lang='grc' dir='ltr'>μὲν</span> <span class='ocrx_word' id='word_1_180' title='bbox 3337 1218 3547 1287; x_wconf 83' lang='grc' dir='ltr'>ἐρήμην</span> <span class='ocrx_word' id='word_1_181' title='bbox 3601 1218 3746 1288; x_wconf 77' lang='grc' dir='ltr'>αὐτὴν</span> <span class='ocrx_word' id='word_1_182' title='bbox 3797 1225 3854 1284; x_wconf 74' lang='lat' dir='ltr'><strong>si;</strong></span> 
     </span>
    </p>
   </div>
   <div class='ocr_carea' id='block_1_27' title="bbox 2340 1306 3854 1379">
    <p class='ocr_par' dir='ltr' id='par_1_27' title="bbox 2340 1306 3854 1379">
     <span class='ocr_line' id='line_1_27' title="bbox 2340 1306 3854 1379; baseline 0.001 -17"><span class='ocrx_word' id='word_1_183' title='bbox 2340 1309 2484 1362; x_wconf 77' lang='grc' dir='ltr'>ἅπαν</span> <span class='ocrx_word' id='word_1_184' title='bbox 2508 1347 2522 1370; x_wconf 96' lang='grc'><strong>,</strong></span> <span class='ocrx_word' id='word_1_185' title='bbox 2552 1307 2762 1359; x_wconf 75' lang='grc' dir='ltr'>ἀνελεῖν</span> <span class='ocrx_word' id='word_1_186' title='bbox 2797 1306 2853 1358; x_wconf 83' lang='grc' dir='ltr'><strong>δὲ</strong></span> <span class='ocrx_word' id='word_1_187' title='bbox 2881 1308 3006 1370; x_wconf 76' lang='grc' dir='ltr'>τοὺς</span> <span class='ocrx_word' id='word_1_188' title='bbox 3040 1310 3096 1360; x_wconf 84' lang='grc' dir='ltr'>ὲν</span> <span class='ocrx_word' id='word_1_189' title='bbox 3124 1309 3282 1379; x_wconf 81' lang='grc' dir='ltr'>αὐτῇ,</span> <span class='ocrx_word' id='word_1_190' title='bbox 3316 1309 3412 1360; x_wconf 70' lang='grc' dir='ltr'>καὶ</span> <span class='ocrx_word' id='word_1_191' title='bbox 3438 1307 3495 1373; x_wconf 78' lang='grc' dir='ltr'><strong>ἐξ</strong></span> <span class='ocrx_word' id='word_1_192' title='bbox 3517 1307 3682 1361; x_wconf 85' lang='grc' dir='ltr'>αὐτῶν</span> <span class='ocrx_word' id='word_1_193' title='bbox 3706 1327 3752 1362; x_wconf 80' lang='grc' dir='ltr'><strong>τε</strong></span> <span class='ocrx_word' id='word_1_194' title='bbox 3774 1311 3854 1363; x_wconf 78' lang='grc' dir='ltr'><strong>τῶν</strong></span> 
     </span>
    </p>
   </div>
   <div class='ocr_carea' id='block_1_28' title="bbox 2341 1397 3855 1469">
    <p class='ocr_par' dir='ltr' id='par_1_28' title="bbox 2341 1397 3855 1469">
     <span class='ocr_line' id='line_1_28' title="bbox 2341 1397 3855 1469; baseline 0.001 -18"><span class='ocrx_word' id='word_1_195' title='bbox 2341 1399 2619 1469; x_wconf 77' lang='grc' dir='ltr'>σπηλαίων</span> <span class='ocrx_word' id='word_1_196' title='bbox 2661 1397 3028 1466; x_wconf 81' lang='grc' dir='ltr'>σαγηνεύοντα</span> <span class='ocrx_word' id='word_1_197' title='bbox 3100 1400 3224 1461; x_wconf 77' lang='grc' dir='ltr'>τοὺς</span> <span class='ocrx_word' id='word_1_198' title='bbox 3261 1399 3397 1462; x_wconf 82' lang='grc' dir='ltr'>ὅλως</span> <span class='ocrx_word' id='word_1_199' title='bbox 3437 1398 3682 1452; x_wconf 85' lang='grc' dir='ltr'>δύνασθαι</span> <span class='ocrx_word' id='word_1_200' title='bbox 3717 1399 3855 1453; x_wconf 80' lang='grc' dir='ltr'>λαθεῖν</span> 
     </span>
    </p>
   </div>
   <div class='ocr_carea' id='block_1_29' title="bbox 2339 1488 3856 1562">
    <p class='ocr_par' dir='ltr' id='par_1_29' title="bbox 2339 1488 3856 1562">
     <span class='ocr_line' id='line_1_29' title="bbox 2339 1488 3856 1562; baseline 0 -19"><span class='ocrx_word' id='word_1_201' title='bbox 2339 1489 2840 1562; x_wconf 84' lang='grc' dir='ltr'>προσδοκήσαντας.</span> <span class='ocrx_word' id='word_1_202' title='bbox 2889 1490 2998 1541; x_wconf 71' lang='grc' dir='ltr'>Καὶ</span> <span class='ocrx_word' id='word_1_203' title='bbox 3029 1488 3160 1557; x_wconf 76' lang='grc' dir='ltr'>γοῦν</span> <span class='ocrx_word' id='word_1_204' title='bbox 3195 1489 3301 1559; x_wconf 79' lang='grc' dir='ltr'>ἔφη</span> <span class='ocrx_word' id='word_1_205' title='bbox 3354 1489 3489 1562; x_wconf 73' lang='grc' dir='ltr'>πρὸς</span> <span class='ocrx_word' id='word_1_206' title='bbox 3531 1489 3680 1542; x_wconf 71' lang='grc' dir='ltr'>αὐτὸν</span> <span class='ocrx_word' id='word_1_207' title='bbox 3717 1490 3742 1542; x_wconf 84' lang='lat'><strong>6</strong></span> <span class='ocrx_word' id='word_1_208' title='bbox 3775 1491 3856 1543; x_wconf 81' lang='grc' dir='ltr'>τῶν</span> 
     </span>
    </p>
   </div>
   <div class='ocr_carea' id='block_1_30' title="bbox 2337 1579 3854 1651">
    <p class='ocr_par' dir='ltr' id='par_1_30' title="bbox 2337 1579 3854 1651">
     <span class='ocr_line' id='line_1_30' title="bbox 2337 1579 3854 1651; baseline 0 -17"><span class='ocrx_word' id='word_1_209' title='bbox 2337 1582 2473 1634; x_wconf 85' lang='grc' dir='ltr'>ὅλων</span> <span class='ocrx_word' id='word_1_210' title='bbox 2534 1581 2668 1644; x_wconf 78' lang='grc' dir='ltr'>Θεὸς</span> <span class='ocrx_word' id='word_1_211' title='bbox 2694 1621 2708 1645; x_wconf 88' lang='grc'><strong>,</strong></span> <span class='ocrx_word' id='word_1_212' title='bbox 2768 1581 2849 1633; x_wconf 78' lang='grc' dir='ltr'><strong>ὅτι</strong></span> <span class='ocrx_word' id='word_1_213' title='bbox 2887 1579 3063 1632; x_wconf 82' lang='grc' dir='ltr'>Δώσω</span> <span class='ocrx_word' id='word_1_214' title='bbox 3115 1597 3197 1634; x_wconf 90' lang='grc' dir='ltr'><strong>σοι</strong></span> <span class='ocrx_word' id='word_1_215' title='bbox 3235 1579 3542 1651; x_wconf 80' lang='grc' dir='ltr'>θησαυροὺς</span> <span class='ocrx_word' id='word_1_216' title='bbox 3585 1583 3854 1644; x_wconf 62' lang='grc' dir='ltr'>σκοτεινῶς,</span> 
     </span>
    </p>
   </div>
   <div class='ocr_carea' id='block_1_31' title="bbox 2337 1670 3856 1745">
    <p class='ocr_par' dir='ltr' id='par_1_31' title="bbox 2337 1670 3856 1745">
     <span class='ocr_line' id='line_1_31' title="bbox 2337 1670 3856 1745; baseline 0 -19"><span class='ocrx_word' id='word_1_217' title='bbox 2337 1673 2688 1745; x_wconf 77' lang='grc' dir='ltr'>ἀποκρύφους</span> <span class='ocrx_word' id='word_1_218' title='bbox 2712 1715 2727 1740; x_wconf 90' lang='grc'><strong>,</strong></span> <span class='ocrx_word' id='word_1_219' title='bbox 2757 1671 3027 1743; x_wconf 79' lang='grc' dir='ltr'>ἀοράτους</span> <span class='ocrx_word' id='word_1_220' title='bbox 3061 1670 3256 1736; x_wconf 80' lang='grc' dir='ltr'>ἀνοίξω</span> <span class='ocrx_word' id='word_1_221' title='bbox 3292 1689 3394 1724; x_wconf 90' lang='grc' dir='ltr'>σοι.</span> <span class='ocrx_word' id='word_1_222' title='bbox 3436 1690 3453 1722; x_wconf 73' lang='grc' dir='ltr'><strong>ι</strong></span> <span class='ocrx_word' id='word_1_223' title='bbox 3498 1671 3786 1744; x_wconf 75' lang='grc' dir='ltr'>Εἱσφέρεται</span> <span class='ocrx_word' id='word_1_224' title='bbox 3813 1674 3856 1726; x_wconf 78' lang='grc' dir='ltr'><strong>δέ</strong></span> 
     </span>
    </p>
   </div>
   <div class='ocr_carea' id='block_1_32' title="bbox 2340 1763 3857 1836">
    <p class='ocr_par' dir='ltr' id='par_1_32' title="bbox 2340 1763 3857 1836">
     <span class='ocr_line' id='line_1_32' title="bbox 2340 1763 3857 1836; baseline 0 -20"><span class='ocrx_word' id='word_1_225' title='bbox 2340 1781 2443 1816; x_wconf 89' lang='grc' dir='ltr'><strong>που</strong></span> <span class='ocrx_word' id='word_1_226' title='bbox 2493 1765 2587 1817; x_wconf 70' lang='grc' dir='ltr'><strong>καὶ</strong></span> <span class='ocrx_word' id='word_1_227' title='bbox 2629 1764 2730 1834; x_wconf 85' lang='grc' dir='ltr'>τῆς</span> <span class='ocrx_word' id='word_1_228' title='bbox 2786 1763 3141 1835; x_wconf 74' lang='grc' dir='ltr'>Ἰερουσαλὴμ</span> <span class='ocrx_word' id='word_1_229' title='bbox 3199 1763 3262 1816; x_wconf 79' lang='grc' dir='ltr'><strong>τὸ</strong></span> <span class='ocrx_word' id='word_1_230' title='bbox 3307 1763 3594 1835; x_wconf 82' lang='grc' dir='ltr'>πρόσωπον</span> <span class='ocrx_word' id='word_1_231' title='bbox 3639 1763 3709 1826; x_wconf 86' lang='grc' dir='ltr'>ὡς</span> <span class='ocrx_word' id='word_1_232' title='bbox 3755 1767 3857 1836; x_wconf 64' lang='grc' dir='ltr'>πρὸς</span> 
     </span>
    </p>
   </div>
   <div class='ocr_carea' id='block_1_33' title="bbox 661 1847 2284 1928">
    <p class='ocr_par' dir='ltr' id='par_1_33' title="bbox 661 1847 2284 1920">
     <span class='ocr_line' id='line_1_33' title="bbox 661 1847 2284 1920; baseline -0.001 -16"><span class='ocrx_word' id='word_1_233' title='bbox 661 1852 837 1906; x_wconf 90' lang='lat' dir='ltr'><strong>Ionem</strong></span> <span class='ocrx_word' id='word_1_234' title='bbox 893 1852 1243 1920; x_wconf 89' lang='lat' dir='ltr'><strong>alloquentis:</strong></span> <span class='ocrx_word' id='word_1_235' title='bbox 1288 1850 1364 1906; x_wconf 79' lang='lat' dir='ltr'><strong>Ne</strong></span> <span class='ocrx_word' id='word_1_236' title='bbox 1406 1852 1653 1920; x_wconf 69' lang='lat' dir='ltr'><strong>gaudete,</strong></span> <span class='ocrx_word' id='word_1_237' title='bbox 1681 1865 1712 1903; x_wconf 88' lang='grc' dir='ltr'><strong>ο</strong></span> <span class='ocrx_word' id='word_1_238' title='bbox 1752 1849 1969 1901; x_wconf 86' lang='lat' dir='ltr'><strong>inimica</strong></span> <span class='ocrx_word' id='word_1_239' title='bbox 2006 1847 2233 1908; x_wconf 79' lang='lat' dir='ltr'><strong>mca,dc</strong></span> <span class='ocrx_word' id='word_1_240' title='bbox 2277 1849 2284 1902; x_wconf 94' lang='lat' dir='ltr'><strong>l</strong></span> 
     </span>
    </p>
   </div>
   <div class='ocr_carea' id='block_1_34' title="bbox 2234 1847 3857 1928">
    <p class='ocr_par' dir='ltr' id='par_1_34' title="bbox 2277 1849 3857 1928">
     <span class='ocr_line' id='line_1_34' title="bbox 2277 1849 3857 1928; baseline -0.002 -19"><span class='ocrx_word' id='word_1_241' title='bbox 2277 1849 2316 1902; x_wconf 79' lang='grc' dir='ltr'><strong>Β</strong></span> <span class='ocrx_word' id='word_1_242' title='bbox 2344 1873 2408 1926; x_wconf 86' lang='grc' dir='ltr'><strong>γε</strong></span> <span class='ocrx_word' id='word_1_243' title='bbox 2436 1857 2531 1928; x_wconf 79' lang='grc' dir='ltr'>τὴν</span> <span class='ocrx_word' id='word_1_244' title='bbox 2561 1855 2853 1908; x_wconf 78' lang='grc' dir='ltr'>Βαϐυλῶνα</span> <span class='ocrx_word' id='word_1_245' title='bbox 2883 1856 3039 1924; x_wconf 85' lang='grc' dir='ltr'>λέγον</span> <span class='ocrx_word' id='word_1_246' title='bbox 3061 1870 3073 1882; x_wconf 84' lang='lat'><strong><em>°</em></strong></span> <span class='ocrx_word' id='word_1_247' title='bbox 3122 1853 3213 1923; x_wconf 82' lang='grc' dir='ltr'><strong>Μὴ</strong></span> <span class='ocrx_word' id='word_1_248' title='bbox 3248 1852 3499 1923; x_wconf 80' lang='grc' dir='ltr'>ὲπίχαιρέ</span> <span class='ocrx_word' id='word_1_249' title='bbox 3532 1869 3637 1920; x_wconf 89' lang='grc' dir='ltr'>μοι,</span> <span class='ocrx_word' id='word_1_250' title='bbox 3673 1855 3702 1922; x_wconf 80' lang='grc' dir='ltr'><strong>ή</strong></span> <span class='ocrx_word' id='word_1_251' title='bbox 3731 1852 3857 1923; x_wconf 72' lang='grc' dir='ltr'><strong>ἐχθρά</strong></span> 
     </span>
    </p>
   </div>
   <div class='ocr_carea' id='block_1_35' title="bbox 663 1937 2242 2013">
    <p class='ocr_par' dir='ltr' id='par_1_35' title="bbox 663 1937 2242 2013">
     <span class='ocr_line' id='line_1_35' title="bbox 663 1937 2242 2013; baseline -0.003 -17"><span class='ocrx_word' id='word_1_252' title='bbox 663 1957 789 2008; x_wconf 85' lang='lat' dir='ltr'><strong>me;</strong></span> <span class='ocrx_word' id='word_1_253' title='bbox 821 1943 985 2013; x_wconf 78' lang='lat'><strong>308</strong></span> <span class='ocrx_word' id='word_1_254' title='bbox 1015 1945 1059 1998; x_wconf 87' lang='lat' dir='ltr'><strong>si</strong></span> <span class='ocrx_word' id='word_1_255' title='bbox 1105 1944 1412 2007; x_wconf 85' lang='lat' dir='ltr'><strong>ceciderim,</strong></span> <span class='ocrx_word' id='word_1_256' title='bbox 1445 1953 1720 2011; x_wconf 77' lang='lat' dir='ltr'><strong>resurgam</strong></span> <span class='ocrx_word' id='word_1_257' title='bbox 1754 1957 1766 1994; x_wconf 88' lang='lat'><strong>:</strong></span> <span class='ocrx_word' id='word_1_258' title='bbox 1801 1940 1843 1994; x_wconf 89' lang='lat' dir='ltr'><strong>si</strong></span> <span class='ocrx_word' id='word_1_259' title='bbox 1903 1940 1956 1993; x_wconf 91' lang='lat' dir='ltr'><strong>in</strong></span> <span class='ocrx_word' id='word_1_260' title='bbox 2007 1937 2242 1993; x_wconf 87' lang='lat' dir='ltr'><strong>tenebris</strong></span> 
     </span>
    </p>
   </div>
   <div class='ocr_carea' id='block_1_36' title="bbox 663 2029 2234 2096">
    <p class='ocr_par' dir='ltr' id='par_1_36' title="bbox 663 2029 2234 2096">
     <span class='ocr_line' id='line_1_36' title="bbox 663 2029 2234 2096; baseline -0.003 -10"><span class='ocrx_word' id='word_1_261' title='bbox 663 2034 875 2096; x_wconf 80' lang='lat' dir='ltr'><strong>sedero,</strong></span> <span class='ocrx_word' id='word_1_262' title='bbox 907 2034 1165 2088; x_wconf 87' lang='lat' dir='ltr'><strong>Dominus</strong></span> <span class='ocrx_word' id='word_1_263' title='bbox 1199 2033 1330 2087; x_wconf 88' lang='lat' dir='ltr'><strong>mihi</strong></span> <span class='ocrx_word' id='word_1_264' title='bbox 1359 2032 1444 2087; x_wconf 79' lang='lat' dir='ltr'><strong>lux</strong></span> <span class='ocrx_word' id='word_1_265' title='bbox 1482 2034 1612 2086; x_wconf 85' lang='lat' dir='ltr'><strong>erit.</strong></span> <span class='ocrx_word' id='word_1_266' title='bbox 1650 2031 1784 2084; x_wconf 89' lang='lat' dir='ltr'><strong>Iram</strong></span> <span class='ocrx_word' id='word_1_267' title='bbox 1813 2031 2018 2084; x_wconf 86' lang='lat' dir='ltr'><strong>Domini</strong></span> <span class='ocrx_word' id='word_1_268' title='bbox 2048 2029 2234 2092; x_wconf 80' lang='lat' dir='ltr'><strong>feram,</strong></span> 
     </span>
    </p>
   </div>
   <div class='ocr_carea' id='block_1_37' title="bbox 664 2120 2238 2194">
    <p class='ocr_par' dir='ltr' id='par_1_37' title="bbox 664 2120 2238 2194">
     <span class='ocr_line' id='line_1_37' title="bbox 664 2120 2238 2194; baseline -0.003 -18"><span class='ocrx_word' id='word_1_269' title='bbox 664 2124 792 2193; x_wconf 85' lang='lat' dir='ltr'><strong>quia</strong></span> <span class='ocrx_word' id='word_1_270' title='bbox 850 2123 1070 2194; x_wconf 78' lang='lat' dir='ltr'><strong>peccavi</strong></span> <span class='ocrx_word' id='word_1_271' title='bbox 1131 2124 1202 2187; x_wconf 88' lang='lat' dir='ltr'><strong>ei,</strong></span> <span class='ocrx_word' id='word_1_272' title='bbox 1247 2124 1420 2178; x_wconf 91' lang='lat' dir='ltr'><strong>donec</strong></span> <span class='ocrx_word' id='word_1_273' title='bbox 1481 2123 1595 2193; x_wconf 89' lang='lat' dir='ltr'><strong>ipse</strong></span> <span class='ocrx_word' id='word_1_274' title='bbox 1651 2121 1909 2190; x_wconf 86' lang='lat' dir='ltr'><strong>justilicet</strong></span> <span class='ocrx_word' id='word_1_275' title='bbox 1976 2120 2238 2188; x_wconf 83' lang='lat' dir='ltr'><strong>justitiam</strong></span> 
     </span>
    </p>
   </div>
   <div class='ocr_carea' id='block_1_38' title="bbox 665 2212 2239 2281">
    <p class='ocr_par' dir='ltr' id='par_1_38' title="bbox 665 2212 2239 2281">
     <span class='ocr_line' id='line_1_38' title="bbox 665 2212 2239 2281; baseline -0.003 -13"><span class='ocrx_word' id='word_1_276' title='bbox 665 2231 866 2280; x_wconf 84' lang='lat' dir='ltr'><strong>meam,</strong></span> <span class='ocrx_word' id='word_1_277' title='bbox 919 2224 973 2269; x_wconf 89' lang='lat' dir='ltr'><strong>et</strong></span> <span class='ocrx_word' id='word_1_278' title='bbox 1023 2214 1184 2268; x_wconf 82' lang='lat' dir='ltr'><strong>faciat</strong></span> <span class='ocrx_word' id='word_1_279' title='bbox 1242 2213 1504 2281; x_wconf 88' lang='lat' dir='ltr'><strong>judicium</strong></span> <span class='ocrx_word' id='word_1_280' title='bbox 1558 2228 1760 2277; x_wconf 83' lang='lat' dir='ltr'><strong>meum,</strong></span> <span class='ocrx_word' id='word_1_281' title='bbox 1789 2222 1842 2266; x_wconf 88' lang='lat' dir='ltr'><strong>et</strong></span> <span class='ocrx_word' id='word_1_282' title='bbox 1889 2212 2086 2266; x_wconf 88' lang='lat' dir='ltr'><strong>educat</strong></span> <span class='ocrx_word' id='word_1_283' title='bbox 2155 2225 2239 2264; x_wconf 89' lang='lat' dir='ltr'><strong>me</strong></span> 
     </span>
    </p>
   </div>
   <div class='ocr_carea' id='block_1_39' title="bbox 665 2302 2236 2374">
    <p class='ocr_par' dir='ltr' id='par_1_39' title="bbox 665 2302 2236 2374">
     <span class='ocr_line' id='line_1_39' title="bbox 665 2302 2236 2374; baseline -0.005 -14"><span class='ocrx_word' id='word_1_284' title='bbox 665 2306 720 2360; x_wconf 92' lang='lat' dir='ltr'><strong>in</strong></span> <span class='ocrx_word' id='word_1_285' title='bbox 785 2307 978 2370; x_wconf 90' lang='lat' dir='ltr'><strong>lucem,</strong></span> <span class='ocrx_word' id='word_1_286' title='bbox 1016 2306 1334 2374; x_wconf 85' lang='lat' dir='ltr'><strong>videamque</strong></span> <span class='ocrx_word' id='word_1_287' title='bbox 1369 2304 1629 2370; x_wconf 88' lang='lat' dir='ltr'><strong>justitiam</strong></span> <span class='ocrx_word' id='word_1_288' title='bbox 1680 2304 1813 2371; x_wconf 83' lang='lat' dir='ltr'><strong>ejus.</strong></span> <span class='ocrx_word' id='word_1_289' title='bbox 1853 2303 2066 2358; x_wconf 82' lang='lat' dir='ltr'><strong>Videbit</strong></span> <span class='ocrx_word' id='word_1_290' title='bbox 2132 2302 2236 2354; x_wconf 89' lang='lat' dir='ltr'><strong>iui--</strong></span> 
     </span>
    </p>
   </div>
   <div class='ocr_carea' id='block_1_40' title="bbox 665 2391 2242 2461">
    <p class='ocr_par' dir='ltr' id='par_1_40' title="bbox 665 2391 2242 2461">
     <span class='ocr_line' id='line_1_40' title="bbox 665 2391 2242 2461; baseline -0.003 -11"><span class='ocrx_word' id='word_1_291' title='bbox 665 2395 807 2450; x_wconf 89' lang='lat' dir='ltr'><strong>mica</strong></span> <span class='ocrx_word' id='word_1_292' title='bbox 860 2409 979 2449; x_wconf 88' lang='lat' dir='ltr'><strong>mea</strong></span> <span class='ocrx_word' id='word_1_293' title='bbox 1027 2403 1077 2447; x_wconf 83' lang='lat' dir='ltr'><strong>et</strong></span> <span class='ocrx_word' id='word_1_294' title='bbox 1138 2393 1600 2448; x_wconf 82' lang='lat' dir='ltr'><strong>circumfundetur</strong></span> <span class='ocrx_word' id='word_1_295' title='bbox 1647 2393 1869 2460; x_wconf 88' lang='lat' dir='ltr'><strong>pudore,</strong></span> <span class='ocrx_word' id='word_1_296' title='bbox 1921 2407 2040 2461; x_wconf 66' lang='lat' dir='ltr'><strong>quae</strong></span> <span class='ocrx_word' id='word_1_297' title='bbox 2110 2391 2242 2446; x_wconf 91' lang='lat' dir='ltr'><strong>dicit</strong></span> 
     </span>
    </p>
   </div>
   <div class='ocr_carea' id='block_1_41' title="bbox 665 2482 2240 2541">
    <p class='ocr_par' dir='ltr' id='par_1_41' title="bbox 665 2482 2240 2541">
     <span class='ocr_line' id='line_1_41' title="bbox 665 2482 2240 2541; baseline -0.003 0"><span class='ocrx_word' id='word_1_298' title='bbox 665 2486 834 2541; x_wconf 89' lang='lat' dir='ltr'><strong>mihi:</strong></span> <span class='ocrx_word' id='word_1_299' title='bbox 866 2485 967 2541; x_wconf 86' lang='lat' dir='ltr'><strong>Ubi</strong></span> <span class='ocrx_word' id='word_1_300' title='bbox 1015 2484 1274 2538; x_wconf 88' lang='lat' dir='ltr'><strong>Dominus</strong></span> <span class='ocrx_word' id='word_1_301' title='bbox 1331 2482 1468 2538; x_wconf 89' lang='lat' dir='ltr'><strong>Deus</strong></span> <span class='ocrx_word' id='word_1_302' title='bbox 1525 2482 1867 2539; x_wconf 90' lang='lat' dir='ltr'><strong>tuus?oculi</strong></span> <span class='ocrx_word' id='word_1_303' title='bbox 1921 2484 2026 2538; x_wconf 90' lang='lat' dir='ltr'><strong>mei</strong></span> <span class='ocrx_word' id='word_1_304' title='bbox 2088 2483 2240 2537; x_wconf 88' lang='lat' dir='ltr'><strong>vide-</strong></span> 
     </span>
    </p>
   </div>
   <div class='ocr_carea' id='block_1_42' title="bbox 664 2573 2236 2644">
    <p class='ocr_par' dir='ltr' id='par_1_42' title="bbox 664 2573 2236 2644">
     <span class='ocr_line' id='line_1_42' title="bbox 664 2573 2236 2644; baseline -0.004 -12"><span class='ocrx_word' id='word_1_305' title='bbox 664 2578 801 2632; x_wconf 83' lang='lat' dir='ltr'><strong>bunt</strong></span> <span class='ocrx_word' id='word_1_306' title='bbox 836 2591 977 2631; x_wconf 86' lang='lat' dir='ltr'><strong>eam.</strong></span> <span class='ocrx_word' id='word_1_307' title='bbox 1021 2574 1248 2644; x_wconf 79' lang='lat' dir='ltr'><strong>Jamjam</strong></span> <span class='ocrx_word' id='word_1_308' title='bbox 1306 2575 1667 2630; x_wconf 84' lang='lat' dir='ltr'><strong>conculcanda</strong></span> <span class='ocrx_word' id='word_1_309' title='bbox 1727 2583 1828 2639; x_wconf 88' lang='lat' dir='ltr'><strong>est,</strong></span> <span class='ocrx_word' id='word_1_310' title='bbox 1875 2573 2029 2644; x_wconf 77' lang='lat' dir='ltr'><strong>quasi</strong></span> <span class='ocrx_word' id='word_1_311' title='bbox 2068 2573 2236 2627; x_wconf 87' lang='lat' dir='ltr'><strong>lutum</strong></span> 
     </span>
    </p>
   </div>
   <div class='ocr_carea' id='block_1_43' title="bbox 664 2663 2237 2726">
    <p class='ocr_par' dir='ltr' id='par_1_43' title="bbox 664 2663 2237 2726">
     <span class='ocr_line' id='line_1_43' title="bbox 664 2663 2237 2726; baseline -0.003 -6"><span class='ocrx_word' id='word_1_312' title='bbox 664 2666 722 2720; x_wconf 86' lang='lat' dir='ltr'><strong>in</strong></span> <span class='ocrx_word' id='word_1_313' title='bbox 774 2666 898 2720; x_wconf 88' lang='lat' dir='ltr'><strong>viis.</strong></span> <span class='ocrx_word' id='word_1_314' title='bbox 933 2665 1055 2720; x_wconf 90' lang='lat' dir='ltr'><strong>Dies</strong></span> <span class='ocrx_word' id='word_1_315' title='bbox 1109 2665 1284 2719; x_wconf 83' lang='lat' dir='ltr'><strong>liturae</strong></span> <span class='ocrx_word' id='word_1_316' title='bbox 1333 2665 1537 2726; x_wconf 90' lang='lat' dir='ltr'><strong>lateris,</strong></span> <span class='ocrx_word' id='word_1_317' title='bbox 1568 2665 1762 2720; x_wconf 90' lang='lat' dir='ltr'><strong>deletio</strong></span> <span class='ocrx_word' id='word_1_318' title='bbox 1801 2674 1890 2719; x_wconf 89' lang='lat' dir='ltr'><strong>tua</strong></span> <span class='ocrx_word' id='word_1_319' title='bbox 1931 2665 2046 2719; x_wconf 86' lang='lat' dir='ltr'><strong>dies</strong></span> <span class='ocrx_word' id='word_1_320' title='bbox 2113 2663 2237 2718; x_wconf 86' lang='lat' dir='ltr'><strong>illa:</strong></span> 
     </span>
    </p>
   </div>
   <div class='ocr_carea' id='block_1_44' title="bbox 666 2755 2241 2826">
    <p class='ocr_par' dir='ltr' id='par_1_44' title="bbox 666 2755 2241 2826">
     <span class='ocr_line' id='line_1_44' title="bbox 666 2755 2241 2826; baseline -0.003 -16"><span class='ocrx_word' id='word_1_321' title='bbox 666 2771 769 2826; x_wconf 89' lang='lat' dir='ltr'><strong>qua</strong></span> <span class='ocrx_word' id='word_1_322' title='bbox 809 2755 1055 2811; x_wconf 82' lang='lat' dir='ltr'><strong>videlicet</strong></span> <span class='ocrx_word' id='word_1_323' title='bbox 1080 2771 1107 2809; x_wconf 92' lang='lat' dir='ltr'><strong>a</strong></span> <span class='ocrx_word' id='word_1_324' title='bbox 1136 2755 1318 2810; x_wconf 87' lang='lat' dir='ltr'><strong>Persis</strong></span> <span class='ocrx_word' id='word_1_325' title='bbox 1375 2766 1428 2810; x_wconf 85' lang='lat' dir='ltr'><strong>et</strong></span> <span class='ocrx_word' id='word_1_326' title='bbox 1465 2755 1634 2810; x_wconf 85' lang='lat' dir='ltr'><strong>Medis</strong></span> <span class='ocrx_word' id='word_1_327' title='bbox 1663 2762 1717 2810; x_wconf 91' lang='lat' dir='ltr'><strong>et</strong></span> <span class='ocrx_word' id='word_1_328' title='bbox 1753 2755 1998 2809; x_wconf 86' lang='lat' dir='ltr'><strong>Elamilis</strong></span> <span class='ocrx_word' id='word_1_329' title='bbox 2037 2764 2241 2809; x_wconf 88' lang='lat' dir='ltr'><strong>vastata</strong></span> 
     </span>
    </p>
   </div>
   <div class='ocr_carea' id='block_1_45' title="bbox 666 2842 2242 2913">
    <p class='ocr_par' dir='ltr' id='par_1_45' title="bbox 666 2842 2242 2913">
     <span class='ocr_line' id='line_1_45' title="bbox 666 2842 2242 2913; baseline -0.003 -13"><span class='ocrx_word' id='word_1_330' title='bbox 666 2856 723 2900; x_wconf 84' lang='lat' dir='ltr'><strong>et</strong></span> <span class='ocrx_word' id='word_1_331' title='bbox 767 2847 936 2900; x_wconf 89' lang='lat' dir='ltr'><strong>deleta</strong></span> <span class='ocrx_word' id='word_1_332' title='bbox 991 2854 1090 2909; x_wconf 87' lang='lat' dir='ltr'><strong>est,</strong></span> <span class='ocrx_word' id='word_1_333' title='bbox 1156 2853 1215 2897; x_wconf 93' lang='lat' dir='ltr'><strong>ut</strong></span> <span class='ocrx_word' id='word_1_334' title='bbox 1266 2845 1395 2898; x_wconf 83' lang='lat' dir='ltr'><strong>dixi.</strong></span> <span class='ocrx_word' id='word_1_335' title='bbox 1430 2844 1564 2899; x_wconf 81' lang='lat' dir='ltr'><strong>Audi</strong></span> <span class='ocrx_word' id='word_1_336' title='bbox 1609 2843 1792 2913; x_wconf 80' lang='lat' dir='ltr'><strong>igitur,</strong></span> <span class='ocrx_word' id='word_1_337' title='bbox 1843 2842 2037 2913; x_wconf 88' lang='lat' dir='ltr'><strong>inquit,</strong></span> <span class='ocrx_word' id='word_1_338' title='bbox 2091 2842 2242 2896; x_wconf 86' lang='lat' dir='ltr'><strong>audi—</strong></span> 
     </span>
    </p>
   </div>
   <div class='ocr_carea' id='block_1_46' title="bbox 667 2932 2242 3002">
    <p class='ocr_par' dir='ltr' id='par_1_46' title="bbox 667 2932 2242 3002">
     <span class='ocr_line' id='line_1_46' title="bbox 667 2932 2242 3002; baseline -0.004 -12"><span class='ocrx_word' id='word_1_339' title='bbox 667 2937 871 2990; x_wconf 82' lang='lat' dir='ltr'><strong>tionem</strong></span> <span class='ocrx_word' id='word_1_340' title='bbox 928 2935 1175 2998; x_wconf 90' lang='lat' dir='ltr'><strong>multam,</strong></span> <span class='ocrx_word' id='word_1_341' title='bbox 1214 2934 1266 2988; x_wconf 90' lang='lat' dir='ltr'><strong>id</strong></span> <span class='ocrx_word' id='word_1_342' title='bbox 1325 2943 1429 2998; x_wconf 90' lang='lat' dir='ltr'><strong>est,</strong></span> <span class='ocrx_word' id='word_1_343' title='bbox 1461 2934 1528 2987; x_wconf 90' lang='lat' dir='ltr'><strong>de</strong></span> <span class='ocrx_word' id='word_1_344' title='bbox 1566 2933 1879 3002; x_wconf 88' lang='lat' dir='ltr'><strong>captivitate</strong></span> <span class='ocrx_word' id='word_1_345' title='bbox 1933 2932 2142 3002; x_wconf 78' lang='lat' dir='ltr'><strong>longam</strong></span> <span class='ocrx_word' id='word_1_346' title='bbox 2188 2939 2242 2986; x_wconf 90' lang='lat' dir='ltr'><strong>et</strong></span> 
     </span>
    </p>
   </div>
   <div class='ocr_carea' id='block_1_47' title="bbox 669 3022 2242 3092">
    <p class='ocr_par' dir='ltr' id='par_1_47' title="bbox 669 3022 2242 3092">
     <span class='ocr_line' id='line_1_47' title="bbox 669 3022 2242 3092; baseline -0.003 -11"><span class='ocrx_word' id='word_1_347' title='bbox 669 3026 986 3081; x_wconf 85' lang='lat' dir='ltr'><strong>horribilem</strong></span> <span class='ocrx_word' id='word_1_348' title='bbox 1057 3025 1448 3080; x_wconf 86' lang='lat' dir='ltr'><strong>narrationem.</strong></span> <span class='ocrx_word' id='word_1_349' title='bbox 1483 3024 1548 3076; x_wconf 84' lang='lat' dir='ltr'><strong>Et</strong></span> <span class='ocrx_word' id='word_1_350' title='bbox 1609 3037 1739 3076; x_wconf 89' lang='lat' dir='ltr'><strong>voca</strong></span> <span class='ocrx_word' id='word_1_351' title='bbox 1779 3022 1962 3078; x_wconf 89' lang='lat' dir='ltr'><strong>Uriam</strong></span> <span class='ocrx_word' id='word_1_352' title='bbox 2010 3024 2060 3075; x_wconf 89' lang='lat' dir='ltr'><strong>in</strong></span> <span class='ocrx_word' id='word_1_353' title='bbox 2119 3037 2242 3092; x_wconf 90' lang='lat' dir='ltr'><strong>spe-</strong></span> 
     </span>
    </p>
   </div>
   <div class='ocr_carea' id='block_1_48' title="bbox 668 3111 2243 3181">
    <p class='ocr_par' dir='ltr' id='par_1_48' title="bbox 668 3111 2243 3181">
     <span class='ocr_line' id='line_1_48' title="bbox 668 3111 2243 3181; baseline -0.003 -11"><span class='ocrx_word' id='word_1_354' title='bbox 668 3112 844 3170; x_wconf 74' lang='lat' dir='ltr'><strong>culam</strong></span> <span class='ocrx_word' id='word_1_355' title='bbox 886 3116 1119 3170; x_wconf 83' lang='lat' dir='ltr'><strong>Domini.</strong></span> <span class='ocrx_word' id='word_1_356' title='bbox 1142 3115 1332 3171; x_wconf 87' lang='lat' dir='ltr'><strong>Uriam</strong></span> <span class='ocrx_word' id='word_1_357' title='bbox 1379 3115 1563 3168; x_wconf 90' lang='lat' dir='ltr'><strong>dicunt</strong></span> <span class='ocrx_word' id='word_1_358' title='bbox 1592 3113 1756 3168; x_wconf 82' lang='lat' dir='ltr'><strong>fuisse</strong></span> <span class='ocrx_word' id='word_1_359' title='bbox 1801 3111 2084 3180; x_wconf 88' lang='lat' dir='ltr'><strong>quemdam</strong></span> <span class='ocrx_word' id='word_1_360' title='bbox 2112 3112 2243 3181; x_wconf 86' lang='lat' dir='ltr'><strong>legis</strong></span> 
     </span>
    </p>
   </div>
   <div class='ocr_carea' id='block_1_49' title="bbox 2355 1945 3858 2017">
    <p class='ocr_par' dir='ltr' id='par_1_49' title="bbox 2355 1945 3858 2017">
     <span class='ocr_line' id='line_1_49' title="bbox 2355 1945 3858 2017; baseline -0.001 -18"><span class='ocrx_word' id='word_1_361' title='bbox 2355 1964 2491 2017; x_wconf 86' lang='grc' dir='ltr'>μου,</span> <span class='ocrx_word' id='word_1_362' title='bbox 2551 1947 2634 2000; x_wconf 80' lang='grc' dir='ltr'><strong>ὅτι</strong></span> <span class='ocrx_word' id='word_1_363' title='bbox 2675 1945 2957 1999; x_wconf 81' lang='grc' dir='ltr'><strong>’πέπτωκα</strong></span> <span class='ocrx_word' id='word_1_364' title='bbox 3009 1945 3104 1998; x_wconf 75' lang='grc' dir='ltr'>καὶ</span> <span class='ocrx_word' id='word_1_365' title='bbox 3163 1946 3538 2016; x_wconf 86' lang='grc' dir='ltr'>ἁναστήσομαι</span> <span class='ocrx_word' id='word_1_366' title='bbox 3566 1960 3581 1976; x_wconf 75' lang='grc' dir='ltr'><strong>ο</strong></span> <span class='ocrx_word' id='word_1_367' title='bbox 3634 1945 3749 1998; x_wconf 81' lang='grc' dir='ltr'>διότι</span> <span class='ocrx_word' id='word_1_368' title='bbox 3789 1947 3858 1998; x_wconf 69' lang='grc' dir='ltr'><strong>ἐὰν</strong></span> 
     </span>
    </p>
   </div>
   <div class='ocr_carea' id='block_1_50' title="bbox 2347 2037 3857 2109">
    <p class='ocr_par' dir='ltr' id='par_1_50' title="bbox 2347 2037 3857 2109">
     <span class='ocr_line' id='line_1_50' title="bbox 2347 2037 3857 2109; baseline -0.002 -16"><span class='ocrx_word' id='word_1_369' title='bbox 2347 2039 2557 2094; x_wconf 84' lang='grc' dir='ltr'>καθίσω</span> <span class='ocrx_word' id='word_1_370' title='bbox 2601 2041 2658 2091; x_wconf 81' lang='grc' dir='ltr'>ὲν</span> <span class='ocrx_word' id='word_1_371' title='bbox 2699 2038 2777 2109; x_wconf 83' lang='grc' dir='ltr'><strong>τῷ</strong></span> <span class='ocrx_word' id='word_1_372' title='bbox 2811 2038 3022 2100; x_wconf 83' lang='grc' dir='ltr'>σκότει,</span> <span class='ocrx_word' id='word_1_373' title='bbox 3058 2041 3086 2091; x_wconf 96' lang='lat'><strong>6</strong></span> <span class='ocrx_word' id='word_1_374' title='bbox 3127 2037 3330 2109; x_wconf 82' lang='grc' dir='ltr'>Κύριος</span> <span class='ocrx_word' id='word_1_375' title='bbox 3363 2039 3553 2106; x_wconf 86' lang='grc' dir='ltr'>φωτιεί</span> <span class='ocrx_word' id='word_1_376' title='bbox 3584 2054 3664 2106; x_wconf 87' lang='grc' dir='ltr'><strong>με.</strong></span> <span class='ocrx_word' id='word_1_377' title='bbox 3703 2038 3857 2107; x_wconf 79' lang='grc' dir='ltr'>Ὀργήν</span> 
     </span>
    </p>
   </div>
   <div class='ocr_carea' id='block_1_51' title="bbox 2347 2122 3859 2200">
    <p class='ocr_par' dir='ltr' id='par_1_51' title="bbox 2347 2122 3859 2200">
     <span class='ocr_line' id='line_1_51' title="bbox 2347 2122 3859 2200; baseline -0.003 -17"><span class='ocrx_word' id='word_1_378' title='bbox 2347 2129 2552 2200; x_wconf 82' lang='grc' dir='ltr'>Κυρίου</span> <span class='ocrx_word' id='word_1_379' title='bbox 2587 2128 2815 2193; x_wconf 86' lang='grc' dir='ltr'>ὐποίσω,</span> <span class='ocrx_word' id='word_1_380' title='bbox 2845 2130 2927 2182; x_wconf 79' lang='grc' dir='ltr'>ὅτι</span> <span class='ocrx_word' id='word_1_381' title='bbox 2959 2129 3204 2198; x_wconf 73' lang='grc' dir='ltr'>ἥμαρτον</span> <span class='ocrx_word' id='word_1_382' title='bbox 3225 2126 3396 2196; x_wconf 83' lang='grc' dir='ltr'>αὐτῷ,</span> <span class='ocrx_word' id='word_1_383' title='bbox 3423 2127 3524 2190; x_wconf 77' lang='grc' dir='ltr'><strong>ἕως</strong></span> <span class='ocrx_word' id='word_1_384' title='bbox 3545 2122 3602 2181; x_wconf 73' lang='grc' dir='ltr'>οὗ</span> <span class='ocrx_word' id='word_1_385' title='bbox 3627 2127 3859 2180; x_wconf 76' lang='grc' dir='ltr'>δικαιῶσαι</span> 
     </span>
    </p>
   </div>
   <div class='ocr_carea' id='block_1_52' title="bbox 2346 2218 3858 2290">
    <p class='ocr_par' dir='ltr' id='par_1_52' title="bbox 2346 2218 3858 2290">
     <span class='ocr_line' id='line_1_52' title="bbox 2346 2218 3858 2290; baseline -0.003 -17"><span class='ocrx_word' id='word_1_386' title='bbox 2346 2221 2507 2274; x_wconf 76' lang='grc' dir='ltr'>αὐτὸν</span> <span class='ocrx_word' id='word_1_387' title='bbox 2525 2220 2625 2290; x_wconf 80' lang='grc' dir='ltr'><strong>τὴν</strong></span> <span class='ocrx_word' id='word_1_388' title='bbox 2647 2219 2992 2290; x_wconf 88' lang='grc' dir='ltr'>δικαιοσύνην</span> <span class='ocrx_word' id='word_1_389' title='bbox 3015 2237 3141 2289; x_wconf 89' lang='grc' dir='ltr'>μου,</span> <span class='ocrx_word' id='word_1_390' title='bbox 3170 2219 3265 2272; x_wconf 72' lang='grc' dir='ltr'><strong>καὶ</strong></span> <span class='ocrx_word' id='word_1_391' title='bbox 3290 2219 3492 2290; x_wconf 79' lang='grc' dir='ltr'>ποιήσῃ</span> <span class='ocrx_word' id='word_1_392' title='bbox 3515 2218 3571 2270; x_wconf 82' lang='grc' dir='ltr'>τὸ</span> <span class='ocrx_word' id='word_1_393' title='bbox 3595 2218 3746 2288; x_wconf 88' lang='grc' dir='ltr'>κρίμα</span> <span class='ocrx_word' id='word_1_394' title='bbox 3767 2235 3858 2288; x_wconf 84' lang='grc' dir='ltr'>μου,</span> 
     </span>
    </p>
   </div>
   <div class='ocr_carea' id='block_1_53' title="bbox 2348 2309 3860 2382">
    <p class='ocr_par' dir='ltr' id='par_1_53' title="bbox 2348 2309 3860 2382">
     <span class='ocr_line' id='line_1_53' title="bbox 2348 2309 3860 2382; baseline -0.003 -16"><span class='ocrx_word' id='word_1_395' title='bbox 2348 2314 2441 2366; x_wconf 73' lang='grc' dir='ltr'><strong>καὶ</strong></span> <span class='ocrx_word' id='word_1_396' title='bbox 2476 2312 2653 2377; x_wconf 75' lang='grc' dir='ltr'>ἐξάξει</span> <span class='ocrx_word' id='word_1_397' title='bbox 2689 2330 2755 2382; x_wconf 86' lang='grc' dir='ltr'><strong>με</strong></span> <span class='ocrx_word' id='word_1_398' title='bbox 2791 2314 2870 2375; x_wconf 85' lang='grc' dir='ltr'>εἰς</span> <span class='ocrx_word' id='word_1_399' title='bbox 2903 2312 2963 2364; x_wconf 82' lang='grc' dir='ltr'><strong>τὸ</strong></span> <span class='ocrx_word' id='word_1_400' title='bbox 3000 2310 3146 2379; x_wconf 49' lang='grc' dir='ltr'>φῶς</span> <span class='ocrx_word' id='word_1_401' title='bbox 3195 2311 3290 2364; x_wconf 74' lang='grc' dir='ltr'><strong>καὶ</strong></span> <span class='ocrx_word' id='word_1_402' title='bbox 3338 2310 3540 2380; x_wconf 69' lang='grc' dir='ltr'>ὄψομαι</span> <span class='ocrx_word' id='word_1_403' title='bbox 3584 2309 3676 2380; x_wconf 71' lang='grc' dir='ltr'>τὴν</span> <span class='ocrx_word' id='word_1_404' title='bbox 3705 2311 3860 2363; x_wconf 85' lang='grc' dir='ltr'>δικαιο-</span> 
     </span>
    </p>
   </div>
   <div class='ocr_carea' id='block_1_54' title="bbox 2349 2399 3860 2473">
    <p class='ocr_par' dir='ltr' id='par_1_54' title="bbox 2349 2399 3860 2473">
     <span class='ocr_line' id='line_1_54' title="bbox 2349 2399 3860 2473; baseline -0.005 -16"><span class='ocrx_word' id='word_1_405' title='bbox 2349 2404 2513 2473; x_wconf 84' lang='grc' dir='ltr'>σύνην</span> <span class='ocrx_word' id='word_1_406' title='bbox 2557 2403 2745 2457; x_wconf 74' lang='grc' dir='ltr'>αὐτοῦ.</span> <span class='ocrx_word' id='word_1_407' title='bbox 2800 2403 2911 2456; x_wconf 71' lang='grc' dir='ltr'>Καὶ</span> <span class='ocrx_word' id='word_1_408' title='bbox 2958 2401 3210 2470; x_wconf 70' lang='grc' dir='ltr'>ὅψεταιή</span> <span class='ocrx_word' id='word_1_409' title='bbox 3249 2399 3422 2471; x_wconf 82' lang='grc' dir='ltr'>ἐχθρά</span> <span class='ocrx_word' id='word_1_410' title='bbox 3455 2417 3575 2470; x_wconf 87' lang='grc' dir='ltr'>μου,</span> <span class='ocrx_word' id='word_1_411' title='bbox 3624 2399 3708 2452; x_wconf 79' lang='grc' dir='ltr'>καὶ</span> <span class='ocrx_word' id='word_1_412' title='bbox 3741 2416 3860 2468; x_wconf 84' lang='grc' dir='ltr'>περι-</span> 
     </span>
    </p>
   </div>
   <div class='ocr_carea' id='block_1_55' title="bbox 2349 2489 3862 2565">
    <p class='ocr_par' dir='ltr' id='par_1_55' title="bbox 2349 2489 3862 2565">
     <span class='ocr_line' id='line_1_55' title="bbox 2349 2489 3862 2565; baseline -0.004 -18"><span class='ocrx_word' id='word_1_413' title='bbox 2349 2495 2589 2548; x_wconf 78' lang='grc' dir='ltr'>ϐαλεῖται</span> <span class='ocrx_word' id='word_1_414' title='bbox 2617 2493 2880 2565; x_wconf 80' lang='grc' dir='ltr'>αἰσχύνην</span> <span class='ocrx_word' id='word_1_415' title='bbox 2900 2536 2913 2559; x_wconf 94' lang='grc'><strong>,</strong></span> <span class='ocrx_word' id='word_1_416' title='bbox 2946 2495 2978 2563; x_wconf 88' lang='grc' dir='ltr'>ὴ</span> <span class='ocrx_word' id='word_1_417' title='bbox 3012 2492 3246 2561; x_wconf 81' lang='grc' dir='ltr'>λέγουσα</span> <span class='ocrx_word' id='word_1_418' title='bbox 3274 2491 3417 2562; x_wconf 83' lang='grc' dir='ltr'>-πρός</span> <span class='ocrx_word' id='word_1_419' title='bbox 3455 2507 3542 2560; x_wconf 90' lang='grc' dir='ltr'><strong>με,</strong></span> <span class='ocrx_word' id='word_1_420' title='bbox 3579 2489 3681 2542; x_wconf 78' lang='grc' dir='ltr'><strong>Ποῦ</strong></span> <span class='ocrx_word' id='word_1_421' title='bbox 3707 2489 3862 2559; x_wconf 78' lang='grc' dir='ltr'>Κύριος</span> 
     </span>
    </p>
   </div>
   <div class='ocr_carea' id='block_1_56' title="bbox 2346 2581 3862 2654">
    <p class='ocr_par' dir='ltr' id='par_1_56' title="bbox 2346 2581 3862 2654">
     <span class='ocr_line' id='line_1_56' title="bbox 2346 2581 3862 2654; baseline -0.003 -16"><span class='ocrx_word' id='word_1_422' title='bbox 2346 2586 2375 2637; x_wconf 88' lang='lat'><strong>6</strong></span> <span class='ocrx_word' id='word_1_423' title='bbox 2399 2585 2530 2647; x_wconf 86' lang='grc' dir='ltr'>Θεός</span> <span class='ocrx_word' id='word_1_424' title='bbox 2562 2583 2694 2651; x_wconf 67' lang='lat' dir='ltr'><strong>eoi};</strong></span> <span class='ocrx_word' id='word_1_425' title='bbox 2727 2586 2776 2636; x_wconf 83' lang='grc' dir='ltr'><strong>οί</strong></span> <span class='ocrx_word' id='word_1_426' title='bbox 2818 2583 3085 2654; x_wconf 86' lang='grc' dir='ltr'>ὀφθαλμοί</span> <span class='ocrx_word' id='word_1_427' title='bbox 3121 2601 3221 2654; x_wconf 90' lang='grc' dir='ltr'><strong>μου</strong></span> <span class='ocrx_word' id='word_1_428' title='bbox 3256 2581 3546 2650; x_wconf 66' lang='grc' dir='ltr'>ὲπόψονται</span> <span class='ocrx_word' id='word_1_429' title='bbox 3577 2581 3747 2652; x_wconf 81' lang='grc' dir='ltr'>αὐτήν.</span> <span class='ocrx_word' id='word_1_430' title='bbox 3779 2582 3862 2634; x_wconf 81' lang='grc' dir='ltr'><strong>Νῦν</strong></span> 
     </span>
    </p>
   </div>
   <div class='ocr_carea' id='block_1_57' title="bbox 2347 2671 3860 2744">
    <p class='ocr_par' dir='ltr' id='par_1_57' title="bbox 2347 2671 3860 2744">
     <span class='ocr_line' id='line_1_57' title="bbox 2347 2671 3860 2744; baseline -0.001 -17"><span class='ocrx_word' id='word_1_431' title='bbox 2347 2674 2500 2727; x_wconf 75' lang='grc' dir='ltr'>ἔσται</span> <span class='ocrx_word' id='word_1_432' title='bbox 2545 2675 2628 2738; x_wconf 84' lang='grc' dir='ltr'><strong>είς</strong></span> <span class='ocrx_word' id='word_1_433' title='bbox 2671 2674 3043 2744; x_wconf 83' lang='grc' dir='ltr'>καταπάτημα</span> <span class='ocrx_word' id='word_1_434' title='bbox 3091 2673 3167 2737; x_wconf 84' lang='grc' dir='ltr'>ὡς</span> <span class='ocrx_word' id='word_1_435' title='bbox 3218 2672 3387 2742; x_wconf 75' lang='grc' dir='ltr'>πηλὸς</span> <span class='ocrx_word' id='word_1_436' title='bbox 3434 2673 3492 2725; x_wconf 85' lang='grc' dir='ltr'>ὲν</span> <span class='ocrx_word' id='word_1_437' title='bbox 3539 2674 3648 2735; x_wconf 85' lang='grc' dir='ltr'>ταῖς</span> <span class='ocrx_word' id='word_1_438' title='bbox 3691 2671 3860 2736; x_wconf 74' lang='grc' dir='ltr'>ἐξόδοις.</span> 
     </span>
    </p>
   </div>
   <div class='ocr_carea' id='block_1_58' title="bbox 2359 2762 3864 2836">
    <p class='ocr_par' dir='ltr' id='par_1_58' title="bbox 2359 2762 3864 2836">
     <span class='ocr_line' id='line_1_58' title="bbox 2359 2762 3864 2836; baseline 0.001 -20"><span class='ocrx_word' id='word_1_439' title='bbox 2359 2764 2593 2836; x_wconf 80' lang='grc' dir='ltr'>Ἡμέραι</span> <span class='ocrx_word' id='word_1_440' title='bbox 2627 2763 2855 2835; x_wconf 83' lang='grc' dir='ltr'>ἁλοιφῆς</span> <span class='ocrx_word' id='word_1_441' title='bbox 2902 2763 3160 2827; x_wconf 83' lang='grc' dir='ltr'>πλίνθου,</span> <span class='ocrx_word' id='word_1_442' title='bbox 3212 2763 3486 2832; x_wconf 79' lang='grc' dir='ltr'>ὲξάλειψίς</span> <span class='ocrx_word' id='word_1_443' title='bbox 3526 2779 3615 2815; x_wconf 89' lang='grc' dir='ltr'><strong>σου</strong></span> <span class='ocrx_word' id='word_1_444' title='bbox 3655 2763 3684 2831; x_wconf 84' lang='grc' dir='ltr'><strong>ἡ</strong></span> <span class='ocrx_word' id='word_1_445' title='bbox 3725 2762 3864 2832; x_wconf 77' lang='grc' dir='ltr'>ἡμέρα</span> 
     </span>
    </p>
   </div>
   <div class='ocr_carea' id='block_1_59' title="bbox 2349 2852 3864 2927">
    <p class='ocr_par' dir='ltr' id='par_1_59' title="bbox 2349 2852 3864 2927">
     <span class='ocr_line' id='line_1_59' title="bbox 2349 2852 3864 2927; baseline 0.001 -21"><span class='ocrx_word' id='word_1_446' title='bbox 2349 2855 2552 2924; x_wconf 73' lang='grc' dir='ltr'>ὲκείνηο</span> <span class='ocrx_word' id='word_1_447' title='bbox 2589 2855 2792 2926; x_wconf 76' lang='grc' dir='ltr'>καθ’ἥν</span> <span class='ocrx_word' id='word_1_448' title='bbox 2811 2855 3052 2927; x_wconf 88' lang='grc' dir='ltr'>δηλονότι</span> <span class='ocrx_word' id='word_1_449' title='bbox 3083 2855 3427 2926; x_wconf 82' lang='grc' dir='ltr'>πεπόρθηται</span> <span class='ocrx_word' id='word_1_450' title='bbox 3460 2855 3559 2925; x_wconf 84' lang='grc' dir='ltr'>μὲν</span> <span class='ocrx_word' id='word_1_451' title='bbox 3579 2852 3864 2924; x_wconf 79' lang='grc' dir='ltr'>ύπὺιιερσῶν</span> 
     </span>
    </p>
   </div>
   <div class='ocr_carea' id='block_1_60' title="bbox 2348 2943 3865 3017">
    <p class='ocr_par' dir='ltr' id='par_1_60' title="bbox 2348 2943 3865 3017">
     <span class='ocr_line' id='line_1_60' title="bbox 2348 2943 3865 3017; baseline -0.005 -16"><span class='ocrx_word' id='word_1_452' title='bbox 2348 2965 2408 3001; x_wconf 86' lang='grc' dir='ltr'><strong>τε</strong></span> <span class='ocrx_word' id='word_1_453' title='bbox 2459 2948 2553 3000; x_wconf 76' lang='grc' dir='ltr'><strong>καὶ</strong></span> <span class='ocrx_word' id='word_1_454' title='bbox 2602 2946 2801 3017; x_wconf 85' lang='grc' dir='ltr'>Μήδων</span> <span class='ocrx_word' id='word_1_455' title='bbox 2850 2945 2943 2999; x_wconf 72' lang='grc' dir='ltr'>καὶ</span> <span class='ocrx_word' id='word_1_456' title='bbox 2989 2945 3330 3016; x_wconf 79' lang='grc' dir='ltr'>Ἐλαμιτῶν,</span> <span class='ocrx_word' id='word_1_457' title='bbox 3373 2947 3658 3016; x_wconf 72' lang='grc' dir='ltr'>ἠρήμωται</span> <span class='ocrx_word' id='word_1_458' title='bbox 3706 2943 3769 3005; x_wconf 76' lang='grc' dir='ltr'><strong>δὲ,</strong></span> <span class='ocrx_word' id='word_1_459' title='bbox 3804 2943 3865 3005; x_wconf 71' lang='grc' dir='ltr'>ὡς</span> 
     </span>
    </p>
   </div>
   <div class='ocr_carea' id='block_1_61' title="bbox 2349 3031 3863 3108">
    <p class='ocr_par' dir='ltr' id='par_1_61' title="bbox 2349 3031 3863 3108">
     <span class='ocr_line' id='line_1_61' title="bbox 2349 3031 3863 3108; baseline -0.002 -22"><span class='ocrx_word' id='word_1_460' title='bbox 2349 3033 2504 3106; x_wconf 79' lang='grc' dir='ltr'>ἔφην.</span> <span class='ocrx_word' id='word_1_461' title='bbox 2549 3035 2844 3104; x_wconf 79' lang='grc' dir='ltr'>Ἀκρόασαι</span> <span class='ocrx_word' id='word_1_462' title='bbox 2895 3035 3098 3099; x_wconf 86' lang='grc' dir='ltr'>τοίνυν,</span> <span class='ocrx_word' id='word_1_463' title='bbox 3153 3031 3339 3106; x_wconf 65' lang='grc' dir='ltr'>φησιν,</span> <span class='ocrx_word' id='word_1_464' title='bbox 3397 3034 3657 3108; x_wconf 72' lang='grc' dir='ltr'>ἀκρόασιν</span> <span class='ocrx_word' id='word_1_465' title='bbox 3691 3032 3863 3103; x_wconf 72' lang='grc' dir='ltr'>πολλὴν,</span> 
     </span>
    </p>
   </div>
   <div class='ocr_carea' id='block_1_62' title="bbox 2347 3123 3866 3197">
    <p class='ocr_par' dir='ltr' id='par_1_62' title="bbox 2347 3123 3866 3197">
     <span class='ocr_line' id='line_1_62' title="bbox 2347 3123 3866 3197; baseline -0.001 -20"><span class='ocrx_word' id='word_1_466' title='bbox 2347 3123 2492 3177; x_wconf 78' lang='grc' dir='ltr'>τοῦτ’</span> <span class='ocrx_word' id='word_1_467' title='bbox 2523 3124 2660 3188; x_wconf 79' lang='grc' dir='ltr'>ἔστι,</span> <span class='ocrx_word' id='word_1_468' title='bbox 2685 3125 2752 3177; x_wconf 82' lang='grc' dir='ltr'>τὰ</span> <span class='ocrx_word' id='word_1_469' title='bbox 2785 3125 2877 3176; x_wconf 76' lang='grc' dir='ltr'><strong>ἐπὶ</strong></span> <span class='ocrx_word' id='word_1_470' title='bbox 2902 3127 2969 3195; x_wconf 80' lang='grc' dir='ltr'>τῇ</span> <span class='ocrx_word' id='word_1_471' title='bbox 3000 3125 3200 3178; x_wconf 82' lang='grc' dir='ltr'>ἁλώσει</span> <span class='ocrx_word' id='word_1_472' title='bbox 3241 3127 3433 3196; x_wconf 81' lang='grc' dir='ltr'>μακρὰ</span> <span class='ocrx_word' id='word_1_473' title='bbox 3462 3129 3554 3180; x_wconf 75' lang='grc' dir='ltr'><strong>καὶ</strong></span> <span class='ocrx_word' id='word_1_474' title='bbox 3582 3129 3761 3197; x_wconf 79' lang='grc' dir='ltr'>φρικτὰ</span> <span class='ocrx_word' id='word_1_475' title='bbox 3809 3126 3866 3178; x_wconf 79' lang='grc' dir='ltr'>διο</span> 
     </span>
    </p>
   </div>
   <div class='ocr_carea' id='block_1_63' title="bbox 670 3192 2293 3288">
    <p class='ocr_par' dir='ltr' id='par_1_63' title="bbox 670 3192 2293 3276">
     <span class='ocr_line' id='line_1_63' title="bbox 670 3192 2293 3276; baseline -0.004 -12"><span class='ocrx_word' id='word_1_476' title='bbox 670 3209 974 3265; x_wconf 90' lang='lat' dir='ltr'><strong>ministerio</strong></span> <span class='ocrx_word' id='word_1_477' title='bbox 1015 3210 1251 3262; x_wconf 86' lang='lat' dir='ltr'><strong>maxime</strong></span> <span class='ocrx_word' id='word_1_478' title='bbox 1295 3206 1671 3276; x_wconf 90' lang='lat' dir='ltr'><strong>conspicuum.</strong></span> <span class='ocrx_word' id='word_1_479' title='bbox 1727 3203 1895 3268; x_wconf 82' lang='lat' dir='ltr'><strong>Voca,</strong></span> <span class='ocrx_word' id='word_1_480' title='bbox 1933 3204 2126 3273; x_wconf 91' lang='lat' dir='ltr'><strong>inquit,</strong></span> <span class='ocrx_word' id='word_1_481' title='bbox 2163 3192 2293 3258; x_wconf 70' lang='grc' dir='ltr'>ιιι-ί</span> 
     </span>
    </p>
   </div>
   <div class='ocr_carea' id='block_1_64' title="bbox 2238 3192 3861 3288">
    <p class='ocr_par' dir='ltr' id='par_1_64' title="bbox 2238 3192 3861 3288">
     <span class='ocr_line' id='line_1_64' title="bbox 2238 3192 3861 3288; baseline 0.001 -19"><span class='ocrx_word' id='word_1_482' title='bbox 2238 3235 2240 3242; x_wconf 93' lang='grc'><strong>·</strong></span> <span class='ocrx_word' id='word_1_483' title='bbox 2269 3192 2311 3250; x_wconf 76' lang='lat' dir='ltr'><strong>C</strong></span> <span class='ocrx_word' id='word_1_484' title='bbox 2345 3217 2740 3287; x_wconf 50' lang='grc' dir='ltr'>ηγήματασν-και</span> <span class='ocrx_word' id='word_1_485' title='bbox 2767 3192 2992 3270; x_wconf 75' lang='grc' dir='ltr'>κάλεσον</span> <span class='ocrx_word' id='word_1_486' title='bbox 3011 3216 3212 3288; x_wconf 88' lang='grc' dir='ltr'>Οὐρίαν</span> <span class='ocrx_word' id='word_1_487' title='bbox 3239 3192 3320 3280; x_wconf 74' lang='grc' dir='ltr'><strong>εἰς</strong></span> <span class='ocrx_word' id='word_1_488' title='bbox 3331 3192 3434 3288; x_wconf 59' lang='grc' dir='ltr'>τὴν</span> <span class='ocrx_word' id='word_1_489' title='bbox 3455 3192 3673 3272; x_wconf 41' lang='grc' dir='ltr'>σκοπῶν</span> <span class='ocrx_word' id='word_1_490' title='bbox 3687 3220 3861 3286; x_wconf 79' lang='grc' dir='ltr'>Κυρίου.</span> 
     </span>
    </p>
   </div>
   <div class='ocr_carea' id='block_1_65' title="bbox 668 3295 2241 3366">
    <p class='ocr_par' dir='ltr' id='par_1_65' title="bbox 668 3295 2241 3366">
     <span class='ocr_line' id='line_1_65' title="bbox 668 3295 2241 3366; baseline -0.006 -10"><span class='ocrx_word' id='word_1_491' title='bbox 668 3310 806 3357; x_wconf 85' lang='lat' dir='ltr'><strong>stem</strong></span> <span class='ocrx_word' id='word_1_492' title='bbox 873 3299 1029 3355; x_wconf 72' lang='lat' dir='ltr'><strong>facta:</strong></span> <span class='ocrx_word' id='word_1_493' title='bbox 1088 3299 1185 3354; x_wconf 91' lang='lat' dir='ltr'><strong>tibi</strong></span> <span class='ocrx_word' id='word_1_494' title='bbox 1250 3297 1655 3366; x_wconf 88' lang='lat' dir='ltr'><strong>spcculationis,</strong></span> <span class='ocrx_word' id='word_1_495' title='bbox 1711 3295 1961 3349; x_wconf 86' lang='lat' dir='ltr'><strong>videlicet</strong></span> <span class='ocrx_word' id='word_1_496' title='bbox 1999 3295 2241 3357; x_wconf 86' lang='lat' dir='ltr'><strong>visionis,</strong></span> 
     </span>
    </p>
   </div>
   <div class='ocr_carea' id='block_1_66' title="bbox 671 3385 2244 3456">
    <p class='ocr_par' dir='ltr' id='par_1_66' title="bbox 671 3385 2244 3456">
     <span class='ocr_line' id='line_1_66' title="bbox 671 3385 2244 3456; baseline -0.006 -10"><span class='ocrx_word' id='word_1_497' title='bbox 671 3391 883 3456; x_wconf 83' lang='lat' dir='ltr'><strong>lJriam,</strong></span> <span class='ocrx_word' id='word_1_498' title='bbox 918 3399 972 3444; x_wconf 91' lang='lat' dir='ltr'><strong>ct</strong></span> <span class='ocrx_word' id='word_1_499' title='bbox 1017 3390 1274 3444; x_wconf 85' lang='lat' dir='ltr'><strong>doceatur</strong></span> <span class='ocrx_word' id='word_1_500' title='bbox 1309 3388 1404 3442; x_wconf 89' lang='lat' dir='ltr'><strong>abs</strong></span> <span class='ocrx_word' id='word_1_501' title='bbox 1452 3397 1503 3441; x_wconf 84' lang='lat' dir='ltr'><strong>te</strong></span> <span class='ocrx_word' id='word_1_502' title='bbox 1557 3386 1757 3439; x_wconf 85' lang='lat' dir='ltr'><strong>futura.</strong></span> <span class='ocrx_word' id='word_1_503' title='bbox 1783 3386 2073 3453; x_wconf 87' lang='lat' dir='ltr'><strong>Postquam</strong></span> <span class='ocrx_word' id='word_1_504' title='bbox 2102 3385 2244 3439; x_wconf 89' lang='lat' dir='ltr'><strong>enim</strong></span> 
     </span>
    </p>
   </div>
   <div class='ocr_carea' id='block_1_67' title="bbox 671 3474 2246 3550">
    <p class='ocr_par' dir='ltr' id='par_1_67' title="bbox 671 3474 2246 3550">
     <span class='ocr_line' id='line_1_67' title="bbox 671 3474 2246 3550; baseline -0.006 -15"><span class='ocrx_word' id='word_1_505' title='bbox 671 3481 1057 3550; x_wconf 85' lang='lat' dir='ltr'><strong>prophetarum</strong></span> <span class='ocrx_word' id='word_1_506' title='bbox 1085 3475 1522 3533; x_wconf 89' lang='lat' dir='ltr'><strong>enarrationibus</strong></span> <span class='ocrx_word' id='word_1_507' title='bbox 1554 3477 1733 3531; x_wconf 88' lang='lat' dir='ltr'><strong>minus</strong></span> <span class='ocrx_word' id='word_1_508' title='bbox 1773 3476 2075 3538; x_wconf 84' lang='lat' dir='ltr'><strong>credentes,</strong></span> <span class='ocrx_word' id='word_1_509' title='bbox 2096 3474 2246 3528; x_wconf 73' lang='lat' dir='ltr'><strong>dixe-</strong></span> 
     </span>
    </p>
   </div>
   <div class='ocr_carea' id='block_1_68' title="bbox 674 3563 2244 3638">
    <p class='ocr_par' dir='ltr' id='par_1_68' title="bbox 674 3563 2244 3638">
     <span class='ocr_line' id='line_1_68' title="bbox 674 3563 2244 3638; baseline -0.008 -11"><span class='ocrx_word' id='word_1_510' title='bbox 674 3580 841 3627; x_wconf 88' lang='lat' dir='ltr'><strong>runt:</strong></span> <span class='ocrx_word' id='word_1_511' title='bbox 877 3589 896 3623; x_wconf 82' lang='grc' dir='ltr'><strong>ι</strong></span> <span class='ocrx_word' id='word_1_512' title='bbox 939 3570 1056 3624; x_wconf 82' lang='lat' dir='ltr'><strong>Alia</strong></span> <span class='ocrx_word' id='word_1_513' title='bbox 1085 3569 1237 3625; x_wconf 92' lang='lat' dir='ltr'><strong>nobis</strong></span> <span class='ocrx_word' id='word_1_514' title='bbox 1297 3565 1611 3638; x_wconf 84' lang='lat' dir='ltr'><strong>loquamini,</strong></span> <span class='ocrx_word' id='word_1_515' title='bbox 1646 3574 1700 3621; x_wconf 90' lang='lat' dir='ltr'><strong>et</strong></span> <span class='ocrx_word' id='word_1_516' title='bbox 1728 3565 2045 3620; x_wconf 86' lang='lat' dir='ltr'><strong>annuntiate</strong></span> <span class='ocrx_word' id='word_1_517' title='bbox 2089 3563 2244 3616; x_wconf 90' lang='lat' dir='ltr'><strong>nobis</strong></span> 
     </span>
    </p>
   </div>
   <div class='ocr_carea' id='block_1_69' title="bbox 674 3653 2245 3727">
    <p class='ocr_par' dir='ltr' id='par_1_69' title="bbox 674 3653 2245 3727">
     <span class='ocr_line' id='line_1_69' title="bbox 674 3653 2245 3727; baseline -0.007 -11"><span class='ocrx_word' id='word_1_518' title='bbox 674 3662 903 3716; x_wconf 88' lang='lat' dir='ltr'><strong>alterum</strong></span> <span class='ocrx_word' id='word_1_519' title='bbox 953 3675 1190 3715; x_wconf 89' lang='lat' dir='ltr'><strong>errorem</strong></span> <span class='ocrx_word' id='word_1_520' title='bbox 1232 3660 1279 3692; x_wconf 62' lang='grc'>⁸³</span> <span class='ocrx_word' id='word_1_521' title='bbox 1311 3678 1326 3726; x_wconf 89' lang='grc'>;</span> <span class='ocrx_word' id='word_1_522' title='bbox 1363 3680 1380 3712; x_wconf 73' lang='grc' dir='ltr'><strong>ι</strong></span> <span class='ocrx_word' id='word_1_523' title='bbox 1408 3660 1536 3714; x_wconf 86' lang='lat' dir='ltr'><strong>hinc</strong></span> <span class='ocrx_word' id='word_1_524' title='bbox 1581 3666 1636 3712; x_wconf 91' lang='lat' dir='ltr'><strong>et</strong></span> <span class='ocrx_word' id='word_1_525' title='bbox 1680 3656 2079 3727; x_wconf 88' lang='lat' dir='ltr'><strong>appositissime</strong></span> <span class='ocrx_word' id='word_1_526' title='bbox 2122 3653 2245 3706; x_wconf 79' lang='lat' dir='ltr'><strong>uni-</strong></span> 
     </span>
    </p>
   </div>
   <div class='ocr_carea' id='block_1_70' title="bbox 673 3743 2252 3814">
    <p class='ocr_par' dir='ltr' id='par_1_70' title="bbox 673 3743 2252 3814">
     <span class='ocr_line' id='line_1_70' title="bbox 673 3743 2252 3814; baseline -0.005 -8"><span class='ocrx_word' id='word_1_527' title='bbox 673 3765 956 3807; x_wconf 85' lang='lat' dir='ltr'><strong>versorum</strong></span> <span class='ocrx_word' id='word_1_528' title='bbox 990 3749 1479 3814; x_wconf 68' lang='lat' dir='ltr'><strong>DeusJudzcorum</strong></span> <span class='ocrx_word' id='word_1_529' title='bbox 1520 3747 1972 3803; x_wconf 86' lang='lat' dir='ltr'><strong>honoratissimos</strong></span> <span class='ocrx_word' id='word_1_530' title='bbox 2007 3743 2252 3798; x_wconf 88' lang='lat' dir='ltr'><strong>adhibuit</strong></span> 
     </span>
    </p>
   </div>
   <div class='ocr_carea' id='block_1_71' title="bbox 675 3833 2254 3910">
    <p class='ocr_par' dir='ltr' id='par_1_71' title="bbox 675 3833 2254 3910">
     <span class='ocr_line' id='line_1_71' title="bbox 675 3833 2254 3910; baseline -0.008 -12"><span class='ocrx_word' id='word_1_531' title='bbox 675 3851 842 3899; x_wconf 83' lang='lat' dir='ltr'><strong>testes</strong></span> <span class='ocrx_word' id='word_1_532' title='bbox 880 3856 1067 3897; x_wconf 88' lang='lat' dir='ltr'><strong>eorum</strong></span> <span class='ocrx_word' id='word_1_533' title='bbox 1099 3855 1220 3910; x_wconf 70' lang='lat' dir='ltr'><strong>qua:</strong></span> <span class='ocrx_word' id='word_1_534' title='bbox 1277 3851 1490 3896; x_wconf 89' lang='lat' dir='ltr'><strong>ostensa</strong></span> <span class='ocrx_word' id='word_1_535' title='bbox 1539 3849 1665 3894; x_wconf 86' lang='lat' dir='ltr'><strong>sunt</strong></span> <span class='ocrx_word' id='word_1_536' title='bbox 1705 3837 1935 3894; x_wconf 84' lang='lat' dir='ltr'><strong>diversis</strong></span> <span class='ocrx_word' id='word_1_537' title='bbox 2002 3833 2254 3908; x_wconf 88' lang='lat' dir='ltr'><strong>tempori-</strong></span> 
     </span>
    </p>
   </div>
   <div class='ocr_carea' id='block_1_72' title="bbox 674 3927 2252 4004">
    <p class='ocr_par' dir='ltr' id='par_1_72' title="bbox 674 3927 2252 4004">
     <span class='ocr_line' id='line_1_72' title="bbox 674 3927 2252 4004; baseline -0.007 -13"><span class='ocrx_word' id='word_1_538' title='bbox 674 3939 798 4001; x_wconf 87' lang='lat' dir='ltr'><strong>bus,</strong></span> <span class='ocrx_word' id='word_1_539' title='bbox 833 3943 891 3990; x_wconf 89' lang='lat' dir='ltr'><strong>ut</strong></span> <span class='ocrx_word' id='word_1_540' title='bbox 925 3935 1014 4004; x_wconf 91' lang='lat' dir='ltr'><strong>qui</strong></span> <span class='ocrx_word' id='word_1_541' title='bbox 1055 3935 1202 3989; x_wconf 90' lang='lat' dir='ltr'><strong>velut</strong></span> <span class='ocrx_word' id='word_1_542' title='bbox 1248 3935 1300 3987; x_wconf 88' lang='lat' dir='ltr'><strong>in</strong></span> <span class='ocrx_word' id='word_1_543' title='bbox 1339 3934 1545 3987; x_wconf 85' lang='lat' dir='ltr'><strong>visione</strong></span> <span class='ocrx_word' id='word_1_544' title='bbox 1597 3929 1912 4000; x_wconf 85' lang='lat' dir='ltr'><strong>prophetica</strong></span> <span class='ocrx_word' id='word_1_545' title='bbox 1961 3927 2252 3996; x_wconf 73' lang='lat' dir='ltr'><strong>prepbetia:</strong></span> 
     </span>
    </p>
   </div>
   <div class='ocr_carea' id='block_1_73' title="bbox 674 4019 2252 4097">
    <p class='ocr_par' dir='ltr' id='par_1_73' title="bbox 674 4019 2252 4097">
     <span class='ocr_line' id='line_1_73' title="bbox 674 4019 2252 4097; baseline -0.008 -15"><span class='ocrx_word' id='word_1_546' title='bbox 674 4027 927 4097; x_wconf 86' lang='lat' dir='ltr'><strong>spiritum</strong></span> <span class='ocrx_word' id='word_1_547' title='bbox 977 4024 1259 4088; x_wconf 87' lang='lat' dir='ltr'><strong>haberent,</strong></span> <span class='ocrx_word' id='word_1_548' title='bbox 1296 4032 1354 4077; x_wconf 93' lang='lat' dir='ltr'><strong>ut</strong></span> <span class='ocrx_word' id='word_1_549' title='bbox 1398 4023 1502 4076; x_wconf 90' lang='lat' dir='ltr'><strong>nisi</strong></span> <span class='ocrx_word' id='word_1_550' title='bbox 1541 4022 1751 4075; x_wconf 90' lang='lat' dir='ltr'><strong>illorum</strong></span> <span class='ocrx_word' id='word_1_551' title='bbox 1802 4019 1984 4074; x_wconf 89' lang='lat' dir='ltr'><strong>verbis</strong></span> <span class='ocrx_word' id='word_1_552' title='bbox 2050 4033 2252 4072; x_wconf 90' lang='lat' dir='ltr'><strong>morem</strong></span> 
     </span>
    </p>
   </div>
   <div class='ocr_carea' id='block_1_74' title="bbox 675 4109 2251 4186">
    <p class='ocr_par' dir='ltr' id='par_1_74' title="bbox 675 4109 2251 4186">
     <span class='ocr_line' id='line_1_74' title="bbox 675 4109 2251 4186; baseline -0.006 -15"><span class='ocrx_word' id='word_1_553' title='bbox 675 4131 866 4186; x_wconf 79' lang='lat' dir='ltr'><strong>gerere</strong></span> <span class='ocrx_word' id='word_1_554' title='bbox 941 4116 1258 4177; x_wconf 85' lang='lat' dir='ltr'><strong>voluissent,</strong></span> <span class='ocrx_word' id='word_1_555' title='bbox 1323 4113 1512 4166; x_wconf 89' lang='lat' dir='ltr'><strong>saltem</strong></span> <span class='ocrx_word' id='word_1_556' title='bbox 1605 4112 1908 4166; x_wconf 87' lang='lat' dir='ltr'><strong>auimareut</strong></span> <span class='ocrx_word' id='word_1_557' title='bbox 1988 4109 2106 4164; x_wconf 89' lang='lat' dir='ltr'><strong>illos</strong></span> <span class='ocrx_word' id='word_1_558' title='bbox 2165 4110 2251 4173; x_wconf 83' lang='lat' dir='ltr'><strong>bi,</strong></span> 
     </span>
    </p>
   </div>
   <div class='ocr_carea' id='block_1_75' title="bbox 676 4201 2253 4276">
    <p class='ocr_par' dir='ltr' id='par_1_75' title="bbox 676 4201 2253 4276">
     <span class='ocr_line' id='line_1_75' title="bbox 676 4201 2253 4276; baseline -0.005 -14"><span class='ocrx_word' id='word_1_559' title='bbox 676 4209 770 4276; x_wconf 86' lang='lat' dir='ltr'><strong>qui</strong></span> <span class='ocrx_word' id='word_1_560' title='bbox 830 4207 970 4275; x_wconf 88' lang='lat' dir='ltr'><strong>apud</strong></span> <span class='ocrx_word' id='word_1_561' title='bbox 1026 4221 1120 4262; x_wconf 90' lang='lat' dir='ltr'><strong>eos</strong></span> <span class='ocrx_word' id='word_1_562' title='bbox 1179 4204 1355 4258; x_wconf 89' lang='lat' dir='ltr'><strong>ornati</strong></span> <span class='ocrx_word' id='word_1_563' title='bbox 1400 4210 1452 4258; x_wconf 87' lang='lat' dir='ltr'><strong>et</strong></span> <span class='ocrx_word' id='word_1_564' title='bbox 1498 4204 1746 4257; x_wconf 86' lang='lat' dir='ltr'><strong>honorati</strong></span> <span class='ocrx_word' id='word_1_565' title='bbox 1794 4211 1918 4257; x_wconf 89' lang='lat' dir='ltr'><strong>sunt</strong></span> <span class='ocrx_word' id='word_1_566' title='bbox 1978 4201 2130 4271; x_wconf 76' lang='lat' dir='ltr'><strong>legali</strong></span> <span class='ocrx_word' id='word_1_567' title='bbox 2167 4216 2253 4256; x_wconf 81' lang='lat' dir='ltr'><strong>sa-</strong></span> 
     </span>
    </p>
   </div>
   <div class='ocr_carea' id='block_1_76' title="bbox 678 4297 943 4353">
    <p class='ocr_par' dir='ltr' id='par_1_76' title="bbox 678 4297 943 4353">
     <span class='ocr_line' id='line_1_76' title="bbox 678 4297 943 4353; baseline -0.015 0"><span class='ocrx_word' id='word_1_568' title='bbox 678 4297 943 4353; x_wconf 88' lang='lat' dir='ltr'><strong>cerdotio.</strong></span> 
     </span>
    </p>
   </div>
   <div class='ocr_carea' id='block_1_77' title="bbox 2355 3305 3866 3382">
    <p class='ocr_par' dir='ltr' id='par_1_77' title="bbox 2355 3305 3866 3382">
     <span class='ocr_line' id='line_1_77' title="bbox 2355 3305 3866 3382; baseline 0.001 -22"><span class='ocrx_word' id='word_1_569' title='bbox 2355 3305 2557 3378; x_wconf 79' lang='grc' dir='ltr'>Οὐρίαν</span> <span class='ocrx_word' id='word_1_570' title='bbox 2592 3307 2723 3376; x_wconf 80' lang='grc' dir='ltr'>φασί</span> <span class='ocrx_word' id='word_1_571' title='bbox 2759 3324 2883 3360; x_wconf 88' lang='grc' dir='ltr'>τινα</span> <span class='ocrx_word' id='word_1_572' title='bbox 2908 3307 3160 3375; x_wconf 86' lang='grc' dir='ltr'>γενέσθαι</span> <span class='ocrx_word' id='word_1_573' title='bbox 3205 3309 3316 3362; x_wconf 87' lang='grc' dir='ltr'><strong>τῶν</strong></span> <span class='ocrx_word' id='word_1_574' title='bbox 3345 3311 3432 3364; x_wconf 82' lang='grc' dir='ltr'>ὅτι</span> <span class='ocrx_word' id='word_1_575' title='bbox 3479 3310 3694 3382; x_wconf 76' lang='grc' dir='ltr'>μάλιστα</span> <span class='ocrx_word' id='word_1_576' title='bbox 3727 3309 3866 3376; x_wconf 52' lang='lat' dir='ltr'><strong>diapa-</strong></span> 
     </span>
    </p>
   </div>
   <div class='ocr_carea' id='block_1_78' title="bbox 2352 3397 3866 3474">
    <p class='ocr_par' dir='ltr' id='par_1_78' title="bbox 2352 3397 3866 3474">
     <span class='ocr_line' id='line_1_78' title="bbox 2352 3397 3866 3474; baseline 0.002 -24"><span class='ocrx_word' id='word_1_577' title='bbox 2352 3397 2624 3452; x_wconf 86' lang='grc' dir='ltr'>νεστάτων</span> <span class='ocrx_word' id='word_1_578' title='bbox 2655 3400 2712 3452; x_wconf 76' lang='grc' dir='ltr'>ἐν</span> <span class='ocrx_word' id='word_1_579' title='bbox 2745 3399 3049 3470; x_wconf 81' lang='grc' dir='ltr'>ῑερουργοῖς</span> <span class='ocrx_word' id='word_1_580' title='bbox 3081 3403 3194 3464; x_wconf 81' lang='grc' dir='ltr'>τοῖς</span> <span class='ocrx_word' id='word_1_581' title='bbox 3221 3402 3362 3457; x_wconf 78' lang='grc' dir='ltr'>κατὰ</span> <span class='ocrx_word' id='word_1_582' title='bbox 3391 3403 3486 3457; x_wconf 82' lang='grc' dir='ltr'><strong>τὸν</strong></span> <span class='ocrx_word' id='word_1_583' title='bbox 3514 3404 3685 3474; x_wconf 85' lang='grc' dir='ltr'>νόμον.</span> <span class='ocrx_word' id='word_1_584' title='bbox 3714 3400 3866 3463; x_wconf 74' lang='grc' dir='ltr'>Παράσ-</span> 
     </span>
    </p>
   </div>
   <div class='ocr_carea' id='block_1_79' title="bbox 2351 3487 3866 3564">
    <p class='ocr_par' dir='ltr' id='par_1_79' title="bbox 2351 3487 3866 3564">
     <span class='ocr_line' id='line_1_79' title="bbox 2351 3487 3866 3564; baseline 0.002 -24"><span class='ocrx_word' id='word_1_585' title='bbox 2351 3487 2482 3542; x_wconf 80' lang='grc' dir='ltr'>λαὸε</span> <span class='ocrx_word' id='word_1_586' title='bbox 2517 3488 2715 3554; x_wconf 87' lang='grc' dir='ltr'>τοίνυν,</span> <span class='ocrx_word' id='word_1_587' title='bbox 2760 3491 2917 3561; x_wconf 73' lang='grc' dir='ltr'>φησι,</span> <span class='ocrx_word' id='word_1_588' title='bbox 2981 3491 3234 3563; x_wconf 86' lang='grc' dir='ltr'>μάρτυρα</span> <span class='ocrx_word' id='word_1_589' title='bbox 3287 3495 3384 3564; x_wconf 84' lang='grc' dir='ltr'>τῆς</span> <span class='ocrx_word' id='word_1_590' title='bbox 3439 3494 3762 3564; x_wconf 85' lang='grc' dir='ltr'>δεικνυμένης</span> <span class='ocrx_word' id='word_1_591' title='bbox 3809 3508 3866 3543; x_wconf 82' lang='grc' dir='ltr'><strong>σοι</strong></span> 
     </span>
    </p>
   </div>
   <div class='ocr_carea' id='block_1_80' title="bbox 2353 3581 3866 3656">
    <p class='ocr_par' dir='ltr' id='par_1_80' title="bbox 2353 3581 3866 3656">
     <span class='ocr_line' id='line_1_80' title="bbox 2353 3581 3866 3656; baseline 0 -22"><span class='ocrx_word' id='word_1_592' title='bbox 2353 3581 2729 3649; x_wconf 80' lang='grc' dir='ltr'>κατασκοπῆς,</span> <span class='ocrx_word' id='word_1_593' title='bbox 2764 3582 2930 3651; x_wconf 83' lang='grc' dir='ltr'>ἣγουν</span> <span class='ocrx_word' id='word_1_594' title='bbox 2979 3582 3248 3653; x_wconf 79' lang='grc' dir='ltr'>ὁράσεως,</span> <span class='ocrx_word' id='word_1_595' title='bbox 3281 3584 3374 3636; x_wconf 76' lang='grc' dir='ltr'>τὸν</span> <span class='ocrx_word' id='word_1_596' title='bbox 3413 3585 3630 3656; x_wconf 84' lang='grc' dir='ltr'>Οὐρίαν,</span> <span class='ocrx_word' id='word_1_597' title='bbox 3654 3585 3733 3637; x_wconf 73' lang='grc' dir='ltr'><strong>καὶ</strong></span> <span class='ocrx_word' id='word_1_598' title='bbox 3758 3583 3866 3635; x_wconf 72' lang='grc' dir='ltr'>διδα-</span> 
     </span>
    </p>
   </div>
   <div class='ocr_carea' id='block_1_81' title="bbox 2359 3669 3870 3744">
    <p class='ocr_par' dir='ltr' id='par_1_81' title="bbox 2359 3669 3870 3744">
     <span class='ocr_line' id='line_1_81' title="bbox 2359 3669 3870 3744; baseline 0 -22"><span class='ocrx_word' id='word_1_599' title='bbox 2359 3669 2570 3723; x_wconf 86' lang='grc' dir='ltr'>σκέσθω</span> <span class='ocrx_word' id='word_1_600' title='bbox 2596 3671 2748 3741; x_wconf 73' lang='grc' dir='ltr'>παρὰ</span> <span class='ocrx_word' id='word_1_601' title='bbox 2782 3671 2876 3723; x_wconf 82' lang='grc' dir='ltr'>σοῦ</span> <span class='ocrx_word' id='word_1_602' title='bbox 2905 3672 2973 3726; x_wconf 77' lang='grc' dir='ltr'>τὰ</span> <span class='ocrx_word' id='word_1_603' title='bbox 3012 3672 3267 3742; x_wconf 74' lang='grc' dir='ltr'>ἐσόμενα.</span> <span class='ocrx_word' id='word_1_604' title='bbox 3313 3671 3534 3744; x_wconf 79' lang='grc' dir='ltr'>Ἐπειδὴ</span> <span class='ocrx_word' id='word_1_605' title='bbox 3558 3677 3659 3744; x_wconf 84' lang='grc' dir='ltr'>γὰρ</span> <span class='ocrx_word' id='word_1_606' title='bbox 3677 3675 3770 3736; x_wconf 88' lang='grc' dir='ltr'>τοῖς</span> <span class='ocrx_word' id='word_1_607' title='bbox 3792 3671 3870 3724; x_wconf 82' lang='grc' dir='ltr'><strong>τῶν</strong></span> 
     </span>
    </p>
   </div>
   <div class='ocr_carea' id='block_1_82' title="bbox 2363 3759 3869 3833">
    <p class='ocr_par' dir='ltr' id='par_1_82' title="bbox 2363 3759 3869 3833">
     <span class='ocr_line' id='line_1_82' title="bbox 2363 3759 3869 3833; baseline 0.001 -23"><span class='ocrx_word' id='word_1_608' title='bbox 2363 3759 2658 3828; x_wconf 77' lang='grc' dir='ltr'>προφητῶν</span> <span class='ocrx_word' id='word_1_609' title='bbox 2682 3761 3013 3830; x_wconf 87' lang='grc' dir='ltr'>διηγήμασιν</span> <span class='ocrx_word' id='word_1_610' title='bbox 3042 3761 3398 3827; x_wconf 81' lang='grc' dir='ltr'>ἀπειθοῦντες</span> <span class='ocrx_word' id='word_1_611' title='bbox 3437 3763 3689 3833; x_wconf 76' lang='grc' dir='ltr'>ἔφασκονο</span> <span class='ocrx_word' id='word_1_612' title='bbox 3717 3761 3869 3814; x_wconf 82' lang='grc' dir='ltr'>ι’Δλλα</span> 
     </span>
    </p>
   </div>
   <div class='ocr_carea' id='block_1_83' title="bbox 2361 3845 3870 3923">
    <p class='ocr_par' dir='ltr' id='par_1_83' title="bbox 2361 3845 3870 3923">
     <span class='ocr_line' id='line_1_83' title="bbox 2361 3845 3870 3923; baseline 0.007 -27"><span class='ocrx_word' id='word_1_613' title='bbox 2361 3847 2491 3915; x_wconf 83' lang='grc' dir='ltr'>ἡμῖν</span> <span class='ocrx_word' id='word_1_614' title='bbox 2525 3845 2754 3910; x_wconf 84' lang='grc' dir='ltr'>λαλεῖτε,</span> <span class='ocrx_word' id='word_1_615' title='bbox 2795 3851 2886 3901; x_wconf 76' lang='grc' dir='ltr'><strong>καὶ</strong></span> <span class='ocrx_word' id='word_1_616' title='bbox 2911 3850 3270 3918; x_wconf 84' lang='grc' dir='ltr'>ἀναγγέλλετε</span> <span class='ocrx_word' id='word_1_617' title='bbox 3310 3851 3444 3922; x_wconf 79' lang='grc' dir='ltr'>ἡμῖν</span> <span class='ocrx_word' id='word_1_618' title='bbox 3493 3854 3676 3923; x_wconf 78' lang='grc' dir='ltr'>ἑτέραν</span> <span class='ocrx_word' id='word_1_619' title='bbox 3717 3852 3870 3919; x_wconf 72' lang='grc' dir='ltr'>πλάνη-</span> 
     </span>
    </p>
   </div>
   <div class='ocr_carea' id='block_1_84' title="bbox 2364 3937 3870 4012">
    <p class='ocr_par' dir='ltr' id='par_1_84' title="bbox 2364 3937 3870 4012">
     <span class='ocr_line' id='line_1_84' title="bbox 2364 3937 3870 4012; baseline 0.001 -24"><span class='ocrx_word' id='word_1_620' title='bbox 2364 3953 2474 4000; x_wconf 90' lang='grc' dir='ltr'>σιν,</span> <span class='ocrx_word' id='word_1_621' title='bbox 2513 3955 2532 3987; x_wconf 77' lang='grc'><strong>»</strong></span> <span class='ocrx_word' id='word_1_622' title='bbox 2575 3937 2831 4007; x_wconf 71' lang='grc' dir='ltr'>ταύτητοι</span> <span class='ocrx_word' id='word_1_623' title='bbox 2881 3940 2974 3991; x_wconf 75' lang='grc' dir='ltr'>καὶ</span> <span class='ocrx_word' id='word_1_624' title='bbox 3017 3939 3137 3992; x_wconf 86' lang='grc' dir='ltr'>λίαν</span> <span class='ocrx_word' id='word_1_625' title='bbox 3184 3942 3548 4012; x_wconf 76' lang='grc' dir='ltr'>οἰκονομικῶς</span> <span class='ocrx_word' id='word_1_626' title='bbox 3581 3944 3608 3995; x_wconf 87' lang='lat'><strong>6</strong></span> <span class='ocrx_word' id='word_1_627' title='bbox 3636 3943 3729 3995; x_wconf 84' lang='grc' dir='ltr'><strong>τῶν</strong></span> <span class='ocrx_word' id='word_1_628' title='bbox 3771 3941 3870 3994; x_wconf 79' lang='grc' dir='ltr'>ὅλων</span> 
     </span>
    </p>
   </div>
   <div class='ocr_carea' id='block_1_85' title="bbox 2361 4025 3872 4102">
    <p class='ocr_par' dir='ltr' id='par_1_85' title="bbox 2361 4025 3872 4102">
     <span class='ocr_line' id='line_1_85' title="bbox 2361 4025 3872 4102; baseline 0.002 -24"><span class='ocrx_word' id='word_1_629' title='bbox 2361 4025 2492 4089; x_wconf 83' lang='grc' dir='ltr'>Θεὸς</span> <span class='ocrx_word' id='word_1_630' title='bbox 2521 4027 2644 4090; x_wconf 78' lang='grc' dir='ltr'>τοὺς</span> <span class='ocrx_word' id='word_1_631' title='bbox 2676 4028 2826 4098; x_wconf 76' lang='grc' dir='ltr'>παρὰ</span> <span class='ocrx_word' id='word_1_632' title='bbox 2853 4031 2963 4092; x_wconf 84' lang='grc' dir='ltr'>τοῖς</span> <span class='ocrx_word' id='word_1_633' title='bbox 2991 4029 3262 4096; x_wconf 84' lang='grc' dir='ltr'>Ἰουδαίοις</span> <span class='ocrx_word' id='word_1_634' title='bbox 3286 4032 3665 4102; x_wconf 82' lang='grc' dir='ltr'>ἐντιμοτάτους</span> <span class='ocrx_word' id='word_1_635' title='bbox 3690 4033 3872 4085; x_wconf 77' lang='grc' dir='ltr'>ἐποιεῖτο</span> 
     </span>
    </p>
   </div>
   <div class='ocr_carea' id='block_1_86' title="bbox 2366 4115 3871 4194">
    <p class='ocr_par' dir='ltr' id='par_1_86' title="bbox 2366 4115 3871 4194">
     <span class='ocr_line' id='line_1_86' title="bbox 2366 4115 3871 4194; baseline 0.007 -27"><span class='ocrx_word' id='word_1_636' title='bbox 2366 4115 2648 4187; x_wconf 84' lang='grc' dir='ltr'>μάρτυρας</span> <span class='ocrx_word' id='word_1_637' title='bbox 2695 4117 2806 4172; x_wconf 90' lang='grc' dir='ltr'><strong>τῶν</strong></span> <span class='ocrx_word' id='word_1_638' title='bbox 2865 4119 3231 4192; x_wconf 84' lang='grc' dir='ltr'>δεικνυμένων</span> <span class='ocrx_word' id='word_1_639' title='bbox 3275 4123 3422 4177; x_wconf 82' lang='grc' dir='ltr'>κατὰ</span> <span class='ocrx_word' id='word_1_640' title='bbox 3479 4124 3709 4194; x_wconf 84' lang='grc' dir='ltr'>καιροὺς,</span> <span class='ocrx_word' id='word_1_641' title='bbox 3743 4122 3871 4184; x_wconf 82' lang='grc' dir='ltr'><strong>ὼςὲν</strong></span> 
     </span>
    </p>
   </div>
   <div class='ocr_carea' id='block_1_87' title="bbox 2359 4207 3871 4285">
    <p class='ocr_par' dir='ltr' id='par_1_87' title="bbox 2359 4207 3871 4285">
     <span class='ocr_line' id='line_1_87' title="bbox 2359 4207 3871 4285; baseline 0.001 -25"><span class='ocrx_word' id='word_1_642' title='bbox 2359 4207 2547 4276; x_wconf 84' lang='grc' dir='ltr'>ὁράσει</span> <span class='ocrx_word' id='word_1_643' title='bbox 2579 4212 2922 4281; x_wconf 79' lang='grc' dir='ltr'>προφητικῇ,</span> <span class='ocrx_word' id='word_1_644' title='bbox 2972 4213 3084 4274; x_wconf 84' lang='grc' dir='ltr'>τοῖς</span> <span class='ocrx_word' id='word_1_645' title='bbox 3135 4211 3196 4264; x_wconf 78' lang='grc' dir='ltr'><strong>τὸ</strong></span> <span class='ocrx_word' id='word_1_646' title='bbox 3237 4213 3336 4282; x_wconf 86' lang='grc' dir='ltr'><strong>τῆς</strong></span> <span class='ocrx_word' id='word_1_647' title='bbox 3383 4213 3711 4285; x_wconf 81' lang='grc' dir='ltr'>προφητείας</span> <span class='ocrx_word' id='word_1_648' title='bbox 3733 4211 3871 4281; x_wconf 71' lang='grc' dir='ltr'>ἔχουσι</span> 
     </span>
    </p>
   </div>
   <div class='ocr_carea' id='block_1_88' title="bbox 2362 4296 3873 4372">
    <p class='ocr_par' dir='ltr' id='par_1_88' title="bbox 2362 4296 3873 4372">
     <span class='ocr_line' id='line_1_88' title="bbox 2362 4296 3873 4372; baseline 0.001 -24"><span class='ocrx_word' id='word_1_649' title='bbox 2362 4296 2600 4366; x_wconf 82' lang='grc' dir='ltr'>πνεῦμα,</span> <span class='ocrx_word' id='word_1_650' title='bbox 2633 4298 2699 4350; x_wconf 81' lang='grc' dir='ltr'><strong>ἵν’</strong></span> <span class='ocrx_word' id='word_1_651' title='bbox 2731 4300 2780 4351; x_wconf 77' lang='grc' dir='ltr'><strong>εί</strong></span> <span class='ocrx_word' id='word_1_652' title='bbox 2811 4299 2886 4370; x_wconf 82' lang='grc' dir='ltr'><strong>μὴ</strong></span> <span class='ocrx_word' id='word_1_653' title='bbox 2937 4299 3208 4369; x_wconf 86' lang='grc' dir='ltr'>βούλοιντο</span> <span class='ocrx_word' id='word_1_654' title='bbox 3239 4303 3350 4363; x_wconf 81' lang='grc' dir='ltr'>τοῖς</span> <span class='ocrx_word' id='word_1_655' title='bbox 3391 4304 3526 4372; x_wconf 83' lang='grc' dir='ltr'>παρ’</span> <span class='ocrx_word' id='word_1_656' title='bbox 3569 4302 3732 4356; x_wconf 85' lang='grc' dir='ltr'>αὐτῶν</span> <span class='ocrx_word' id='word_1_657' title='bbox 3755 4315 3873 4353; x_wconf 84' lang='grc' dir='ltr'>κατα·</span> 
     </span>
    </p>
   </div>
   <div class='ocr_carea' id='block_1_89' title="bbox 677 4385 3668 4467">
    <p class='ocr_par' dir='ltr' id='par_1_89' title="bbox 677 4385 3668 4467">
     <span class='ocr_line' id='line_1_89' title="bbox 677 4385 3668 4467; baseline 0 -18"><span class='ocrx_word' id='word_1_658' title='bbox 677 4392 961 4449; x_wconf 85' lang='grc' dir='ltr'>πείθεσθαι</span> <span class='ocrx_word' id='word_1_659' title='bbox 990 4391 1189 4461; x_wconf 86' lang='grc' dir='ltr'>λόγοις,</span> <span class='ocrx_word' id='word_1_660' title='bbox 1221 4385 1322 4444; x_wconf 76' lang='grc' dir='ltr'><strong>κᾶν</strong></span> <span class='ocrx_word' id='word_1_661' title='bbox 1341 4385 1432 4444; x_wconf 81' lang='grc' dir='ltr'><strong>οὗν</strong></span> <span class='ocrx_word' id='word_1_662' title='bbox 1466 4391 1693 4453; x_wconf 76' lang='grc' dir='ltr'>ἐκείνοις</span> <span class='ocrx_word' id='word_1_663' title='bbox 1725 4390 2078 4461; x_wconf 83' lang='grc' dir='ltr'>Θαρσήσειαν,</span> <span class='ocrx_word' id='word_1_664' title='bbox 2115 4391 2163 4443; x_wconf 80' lang='grc' dir='ltr'>οἳ</span> <span class='ocrx_word' id='word_1_665' title='bbox 2188 4394 2250 4460; x_wconf 81' lang='grc' dir='ltr'>τῇ</span> <span class='ocrx_word' id='word_1_666' title='bbox 2281 4389 2422 4443; x_wconf 80' lang='grc' dir='ltr'>κατὰ</span> <span class='ocrx_word' id='word_1_667' title='bbox 2450 4391 2613 4461; x_wconf 90' lang='grc' dir='ltr'>νόμον</span> <span class='ocrx_word' id='word_1_668' title='bbox 2647 4393 2912 4464; x_wconf 79' lang='grc' dir='ltr'>ἱερωσύνῃ</span> <span class='ocrx_word' id='word_1_669' title='bbox 2951 4395 3272 4466; x_wconf 84' lang='grc' dir='ltr'>τετίμηνται</span> <span class='ocrx_word' id='word_1_670' title='bbox 3307 4398 3443 4467; x_wconf 84' lang='grc' dir='ltr'>παρ’</span> <span class='ocrx_word' id='word_1_671' title='bbox 3472 4396 3668 4458; x_wconf 85' lang='grc' dir='ltr'>αὐτοῖς.</span> 
     </span>
    </p>
   </div>
   <div class='ocr_carea' id='block_1_90' title="bbox 752 4480 2375 4558">
    <p class='ocr_par' dir='ltr' id='par_1_90' title="bbox 752 4483 2338 4552">
     <span class='ocr_line' id='line_1_90' title="bbox 752 4483 2338 4552; baseline -0.003 -12"><span class='ocrx_word' id='word_1_672' title='bbox 752 4487 820 4540; x_wconf 83' lang='lat' dir='ltr'><strong>Et</strong></span> <span class='ocrx_word' id='word_1_673' title='bbox 875 4484 985 4539; x_wconf 82' lang='lat' dir='ltr'><strong>dixi</strong></span> <span class='ocrx_word' id='word_1_674' title='bbox 1024 4499 1042 4538; x_wconf 90' lang='lat'><strong><em>:</em></strong></span> <span class='ocrx_word' id='word_1_675' title='bbox 1072 4483 1202 4539; x_wconf 88' lang='lat' dir='ltr'><strong>Steti</strong></span> <span class='ocrx_word' id='word_1_676' title='bbox 1255 4500 1453 4552; x_wconf 78' lang='lat' dir='ltr'><strong>semper</strong></span> <span class='ocrx_word' id='word_1_677' title='bbox 1505 4486 1610 4548; x_wconf 84' lang='lat' dir='ltr'><strong>die,</strong></span> <span class='ocrx_word' id='word_1_678' title='bbox 1629 4493 1672 4536; x_wconf 79' lang='lat' dir='ltr'><strong>et</strong></span> <span class='ocrx_word' id='word_1_679' title='bbox 1720 4485 1772 4538; x_wconf 84' lang='lat' dir='ltr'><strong>in</strong></span> <span class='ocrx_word' id='word_1_680' title='bbox 1803 4486 1988 4537; x_wconf 74' lang='lat' dir='ltr'><strong>castris</strong></span> <span class='ocrx_word' id='word_1_681' title='bbox 2023 4484 2142 4538; x_wconf 75' lang='lat' dir='ltr'><strong>steti</strong></span> <span class='ocrx_word' id='word_1_682' title='bbox 2171 4500 2260 4552; x_wconf 78' lang='lat' dir='ltr'><strong>per</strong></span> <span class='ocrx_word' id='word_1_683' title='bbox 2291 4489 2338 4546; x_wconf 83' lang='grc' dir='ltr'><strong>Ι)</strong></span> 
     </span>
    </p>
   </div>
   <div class='ocr_carea' id='block_1_91' title="bbox 2247 4480 3870 4558">
    <p class='ocr_par' dir='ltr' id='par_1_91' title="bbox 2247 4480 3870 4558">
     <span class='ocr_line' id='line_1_91' title="bbox 2247 4480 3870 4558; baseline 0.004 -24"><span class='ocrx_word' id='word_1_684' title='bbox 2247 4501 2260 4534; x_wconf 79' lang='lat' dir='ltr'><strong>r</strong></span> <span class='ocrx_word' id='word_1_685' title='bbox 2291 4489 2338 4546; x_wconf 81' lang='grc' dir='ltr'><strong>Ι)</strong></span> <span class='ocrx_word' id='word_1_686' title='bbox 2436 4484 2545 4538; x_wconf 74' lang='grc' dir='ltr'><strong>Καὶ</strong></span> <span class='ocrx_word' id='word_1_687' title='bbox 2568 4480 2755 4538; x_wconf 77' lang='grc' dir='ltr'>εἶπεν·</span> <span class='ocrx_word' id='word_1_688' title='bbox 2787 4487 3015 4554; x_wconf 78' lang='grc' dir='ltr'>Ἔστην</span> <span class='ocrx_word' id='word_1_689' title='bbox 3032 4487 3131 4543; x_wconf 83' lang='grc' dir='ltr'>διὰ</span> <span class='ocrx_word' id='word_1_690' title='bbox 3148 4489 3375 4556; x_wconf 81' lang='grc' dir='ltr'>παντὸς</span> <span class='ocrx_word' id='word_1_691' title='bbox 3394 4487 3735 4558; x_wconf 79' lang='grc' dir='ltr'>ἠμέρας,καὶ</span> <span class='ocrx_word' id='word_1_692' title='bbox 3750 4481 3870 4554; x_wconf 50' lang='lat' dir='ltr'><strong>irini</strong></span> 
     </span>
    </p>
   </div>
   <div class='ocr_carea' id='block_1_92' title="bbox 676 4573 2257 4644">
    <p class='ocr_par' dir='ltr' id='par_1_92' title="bbox 676 4573 2257 4644">
     <span class='ocr_line' id='line_1_92' title="bbox 676 4573 2257 4644; baseline -0.006 -10"><span class='ocrx_word' id='word_1_693' title='bbox 676 4587 843 4634; x_wconf 78' lang='lat' dir='ltr'><strong>lotam</strong></span> <span class='ocrx_word' id='word_1_694' title='bbox 900 4586 1122 4639; x_wconf 85' lang='lat' dir='ltr'><strong>noctem,</strong></span> <span class='ocrx_word' id='word_1_695' title='bbox 1173 4584 1220 4627; x_wconf 84' lang='lat' dir='ltr'><strong>et</strong></span> <span class='ocrx_word' id='word_1_696' title='bbox 1289 4590 1402 4630; x_wconf 84' lang='lat' dir='ltr'><strong>ecce</strong></span> <span class='ocrx_word' id='word_1_697' title='bbox 1448 4573 1537 4629; x_wconf 81' lang='lat' dir='ltr'><strong>ille</strong></span> <span class='ocrx_word' id='word_1_698' title='bbox 1612 4574 1748 4628; x_wconf 83' lang='lat' dir='ltr'><strong>venit</strong></span> <span class='ocrx_word' id='word_1_699' title='bbox 1814 4589 2059 4629; x_wconf 76' lang='lat' dir='ltr'><strong>ascensor</strong></span> <span class='ocrx_word' id='word_1_700' title='bbox 2108 4574 2257 4644; x_wconf 68' lang='lat' dir='ltr'><strong>bigae.</strong></span> 
     </span>
    </p>
   </div>
   <div class='ocr_carea' id='block_1_93' title="bbox 753 4753 2255 4826">
    <p class='ocr_par' dir='ltr' id='par_1_93' title="bbox 753 4753 2255 4826">
     <span class='ocr_line' id='line_1_93' title="bbox 753 4753 2255 4826; baseline -0.003 -14"><span class='ocrx_word' id='word_1_701' title='bbox 753 4757 944 4812; x_wconf 84' lang='lat' dir='ltr'><strong>Jussus</strong></span> <span class='ocrx_word' id='word_1_702' title='bbox 991 4757 1252 4826; x_wconf 87' lang='lat' dir='ltr'><strong>propheta</strong></span> <span class='ocrx_word' id='word_1_703' title='bbox 1313 4754 1415 4810; x_wconf 87' lang='lat' dir='ltr'><strong>sibi</strong></span> <span class='ocrx_word' id='word_1_704' title='bbox 1470 4754 1799 4810; x_wconf 88' lang='lat' dir='ltr'><strong>constituere</strong></span> <span class='ocrx_word' id='word_1_705' title='bbox 1839 4753 2255 4822; x_wconf 87' lang='lat' dir='ltr'><strong>speculatorem,</strong></span> 
     </span>
    </p>
   </div>
   <div class='ocr_carea' id='block_1_94' title="bbox 683 4842 2257 4914">
    <p class='ocr_par' dir='ltr' id='par_1_94' title="bbox 683 4842 2257 4914">
     <span class='ocr_line' id='line_1_94' title="bbox 683 4842 2257 4914; baseline -0.002 -13"><span class='ocrx_word' id='word_1_706' title='bbox 683 4855 738 4901; x_wconf 91' lang='lat' dir='ltr'><strong>et</strong></span> <span class='ocrx_word' id='word_1_707' title='bbox 786 4855 910 4914; x_wconf 88' lang='lat' dir='ltr'><strong>apte</strong></span> <span class='ocrx_word' id='word_1_708' title='bbox 958 4845 1277 4900; x_wconf 87' lang='lat' dir='ltr'><strong>denuntiare</strong></span> <span class='ocrx_word' id='word_1_709' title='bbox 1321 4842 1581 4913; x_wconf 88' lang='lat' dir='ltr'><strong>quidquid</strong></span> <span class='ocrx_word' id='word_1_710' title='bbox 1635 4844 1681 4898; x_wconf 90' lang='lat' dir='ltr'><strong>ei</strong></span> <span class='ocrx_word' id='word_1_711' title='bbox 1733 4858 1761 4896; x_wconf 90' lang='lat' dir='ltr'><strong>a</strong></span> <span class='ocrx_word' id='word_1_712' title='bbox 1818 4844 1932 4898; x_wconf 92' lang='lat' dir='ltr'><strong>Deo</strong></span> <span class='ocrx_word' id='word_1_713' title='bbox 1977 4853 2257 4900; x_wconf 91' lang='lat' dir='ltr'><strong>ostensum</strong></span> 
     </span>
    </p>
   </div>
   <div class='ocr_carea' id='block_1_95' title="bbox 684 4933 2255 5002">
    <p class='ocr_par' dir='ltr' id='par_1_95' title="bbox 684 4933 2255 5002">
     <span class='ocr_line' id='line_1_95' title="bbox 684 4933 2255 5002; baseline -0.002 -13"><span class='ocrx_word' id='word_1_714' title='bbox 684 4933 1384 5002; x_wconf 86' lang='lat' dir='ltr'><strong>esset:Steti,inquit,per</strong></span> <span class='ocrx_word' id='word_1_715' title='bbox 1434 4942 1597 4988; x_wconf 86' lang='lat' dir='ltr'><strong>totam</strong></span> <span class='ocrx_word' id='word_1_716' title='bbox 1649 4933 1791 4987; x_wconf 90' lang='lat' dir='ltr'><strong>diem</strong></span> <span class='ocrx_word' id='word_1_717' title='bbox 1836 4939 1890 4987; x_wconf 90' lang='lat' dir='ltr'><strong>et</strong></span> <span class='ocrx_word' id='word_1_718' title='bbox 1943 4947 2038 5001; x_wconf 88' lang='lat' dir='ltr'><strong>per</strong></span> <span class='ocrx_word' id='word_1_719' title='bbox 2089 4941 2255 4986; x_wconf 89' lang='lat' dir='ltr'><strong>totam</strong></span> 
     </span>
    </p>
   </div>
   <div class='ocr_carea' id='block_1_96' title="bbox 686 5022 2256 5093">
    <p class='ocr_par' dir='ltr' id='par_1_96' title="bbox 686 5022 2256 5093">
     <span class='ocr_line' id='line_1_96' title="bbox 686 5022 2256 5093; baseline -0.001 -15"><span class='ocrx_word' id='word_1_720' title='bbox 686 5032 924 5079; x_wconf 88' lang='lat' dir='ltr'><strong>noctem.</strong></span> <span class='ocrx_word' id='word_1_721' title='bbox 963 5024 1026 5077; x_wconf 87' lang='lat' dir='ltr'><strong>Et</strong></span> <span class='ocrx_word' id='word_1_722' title='bbox 1065 5039 1192 5079; x_wconf 90' lang='lat' dir='ltr'><strong>ecce</strong></span> <span class='ocrx_word' id='word_1_723' title='bbox 1227 5024 1316 5079; x_wconf 91' lang='lat' dir='ltr'><strong>ille</strong></span> <span class='ocrx_word' id='word_1_724' title='bbox 1359 5024 1508 5079; x_wconf 84' lang='lat' dir='ltr'><strong>venit</strong></span> <span class='ocrx_word' id='word_1_725' title='bbox 1561 5038 1815 5078; x_wconf 88' lang='lat' dir='ltr'><strong>ascensor</strong></span> <span class='ocrx_word' id='word_1_726' title='bbox 1865 5022 2021 5093; x_wconf 70' lang='lat' dir='ltr'><strong>bigae.</strong></span> <span class='ocrx_word' id='word_1_727' title='bbox 2093 5022 2256 5090; x_wconf 87' lang='lat' dir='ltr'><strong>Quis-</strong></span> 
     </span>
    </p>
   </div>
   <div class='ocr_carea' id='block_1_97' title="bbox 688 5112 2255 5184">
    <p class='ocr_par' dir='ltr' id='par_1_97' title="bbox 688 5112 2255 5184">
     <span class='ocr_line' id='line_1_97' title="bbox 688 5112 2255 5184; baseline -0.001 -13"><span class='ocrx_word' id='word_1_728' title='bbox 688 5131 812 5171; x_wconf 88' lang='lat' dir='ltr'><strong>nam</strong></span> <span class='ocrx_word' id='word_1_729' title='bbox 845 5116 970 5172; x_wconf 88' lang='lat' dir='ltr'><strong>ille?</strong></span> <span class='ocrx_word' id='word_1_730' title='bbox 996 5117 1158 5172; x_wconf 86' lang='lat' dir='ltr'><strong>Persa</strong></span> <span class='ocrx_word' id='word_1_731' title='bbox 1175 5125 1229 5172; x_wconf 89' lang='lat' dir='ltr'><strong>et</strong></span> <span class='ocrx_word' id='word_1_732' title='bbox 1263 5116 1508 5179; x_wconf 89' lang='lat' dir='ltr'><strong>Elamita,</strong></span> <span class='ocrx_word' id='word_1_733' title='bbox 1544 5115 1627 5171; x_wconf 94' lang='lat' dir='ltr'><strong>vel</strong></span> <span class='ocrx_word' id='word_1_734' title='bbox 1654 5114 1924 5170; x_wconf 81' lang='lat' dir='ltr'><strong>exercitus</strong></span> <span class='ocrx_word' id='word_1_735' title='bbox 1952 5112 2255 5184; x_wconf 66' lang='lat' dir='ltr'><strong>praefectus,</strong></span> 
     </span>
    </p>
   </div>
   <div class='ocr_carea' id='block_1_98' title="bbox 689 5206 1121 5277">
    <p class='ocr_par' dir='ltr' id='par_1_98' title="bbox 689 5206 1121 5277">
     <span class='ocr_line' id='line_1_98' title="bbox 689 5206 1121 5277; baseline 0 -17"><span class='ocrx_word' id='word_1_736' title='bbox 689 5207 742 5260; x_wconf 91' lang='lat' dir='ltr'><strong>id</strong></span> <span class='ocrx_word' id='word_1_737' title='bbox 782 5214 884 5273; x_wconf 89' lang='lat' dir='ltr'><strong>est,</strong></span> <span class='ocrx_word' id='word_1_738' title='bbox 929 5206 1121 5277; x_wconf 88' lang='lat' dir='ltr'><strong>Cyrus.</strong></span> 
     </span>
    </p>
   </div>
   <div class='ocr_carea' id='block_1_99' title="bbox 765 5291 2259 5362">
    <p class='ocr_par' dir='ltr' id='par_1_99' title="bbox 765 5291 2259 5362">
     <span class='ocr_line' id='line_1_99' title="bbox 765 5291 2259 5362; baseline -0.003 -13"><span class='ocrx_word' id='word_1_739' title='bbox 765 5295 930 5351; x_wconf 69' lang='lat' dir='ltr'><strong>Vsus.</strong></span> <span class='ocrx_word' id='word_1_740' title='bbox 961 5297 1012 5350; x_wconf 87' lang='lat'><strong>9.</strong></span> <span class='ocrx_word' id='word_1_741' title='bbox 1044 5293 1111 5348; x_wconf 85' lang='lat' dir='ltr'><strong>Et</strong></span> <span class='ocrx_word' id='word_1_742' title='bbox 1141 5295 1452 5362; x_wconf 78' lang='lat' dir='ltr'><strong>respondens</strong></span> <span class='ocrx_word' id='word_1_743' title='bbox 1488 5294 1594 5347; x_wconf 82' lang='lat' dir='ltr'><strong>ait:</strong></span> <span class='ocrx_word' id='word_1_744' title='bbox 1657 5292 1855 5348; x_wconf 82' lang='lat' dir='ltr'><strong>Cecidit</strong></span> <span class='ocrx_word' id='word_1_745' title='bbox 1906 5291 2166 5361; x_wconf 85' lang='lat' dir='ltr'><strong>Babylon,</strong></span> <span class='ocrx_word' id='word_1_746' title='bbox 2211 5301 2259 5345; x_wconf 87' lang='lat' dir='ltr'><strong>et</strong></span> 
     </span>
    </p>
   </div>
   <div class='ocr_carea' id='block_1_100' title="bbox 692 5381 2261 5454">
    <p class='ocr_par' dir='ltr' id='par_1_100' title="bbox 692 5381 2261 5454">
     <span class='ocr_line' id='line_1_100' title="bbox 692 5381 2261 5454; baseline -0.005 -13"><span class='ocrx_word' id='word_1_747' title='bbox 692 5401 868 5441; x_wconf 72' lang='lat' dir='ltr'><strong>omnes</strong></span> <span class='ocrx_word' id='word_1_748' title='bbox 927 5385 1180 5454; x_wconf 78' lang='lat' dir='ltr'><strong>imagines</strong></span> <span class='ocrx_word' id='word_1_749' title='bbox 1239 5387 1371 5452; x_wconf 77' lang='lat' dir='ltr'><strong>ejus,</strong></span> <span class='ocrx_word' id='word_1_750' title='bbox 1431 5392 1480 5437; x_wconf 82' lang='lat' dir='ltr'><strong>et</strong></span> <span class='ocrx_word' id='word_1_751' title='bbox 1528 5382 1833 5450; x_wconf 78' lang='lat' dir='ltr'><strong>manufacta</strong></span> <span class='ocrx_word' id='word_1_752' title='bbox 1873 5381 1988 5448; x_wconf 76' lang='lat' dir='ltr'><strong>ejus</strong></span> <span class='ocrx_word' id='word_1_753' title='bbox 2035 5381 2261 5434; x_wconf 85' lang='lat' dir='ltr'><strong>contrita</strong></span> 
     </span>
    </p>
   </div>
   <div class='ocr_carea' id='block_1_101' title="bbox 691 5478 1169 5532">
    <p class='ocr_par' dir='ltr' id='par_1_101' title="bbox 691 5478 1169 5532">
     <span class='ocr_line' id='line_1_101' title="bbox 691 5478 1169 5532; baseline -0.006 0"><span class='ocrx_word' id='word_1_754' title='bbox 691 5485 815 5532; x_wconf 79' lang='lat' dir='ltr'><strong>sunt</strong></span> <span class='ocrx_word' id='word_1_755' title='bbox 865 5478 918 5531; x_wconf 85' lang='lat' dir='ltr'><strong>in</strong></span> <span class='ocrx_word' id='word_1_756' title='bbox 957 5487 1169 5529; x_wconf 85' lang='lat' dir='ltr'><strong>terram.</strong></span> 
     </span>
    </p>
   </div>
   <div class='ocr_carea' id='block_1_102' title="bbox 763 5563 2268 5635">
    <p class='ocr_par' dir='ltr' id='par_1_102' title="bbox 763 5563 2268 5635">
     <span class='ocr_line' id='line_1_102' title="bbox 763 5563 2268 5635; baseline -0.005 -11"><span class='ocrx_word' id='word_1_757' title='bbox 763 5567 898 5624; x_wconf 85' lang='lat' dir='ltr'><strong>Cum</strong></span> <span class='ocrx_word' id='word_1_758' title='bbox 938 5566 1163 5621; x_wconf 80' lang='lat' dir='ltr'><strong>dixisset</strong></span> <span class='ocrx_word' id='word_1_759' title='bbox 1214 5565 1506 5635; x_wconf 88' lang='lat' dir='ltr'><strong>propheta:</strong></span> <span class='ocrx_word' id='word_1_760' title='bbox 1535 5565 1677 5619; x_wconf 86' lang='lat' dir='ltr'><strong>Ecce</strong></span> <span class='ocrx_word' id='word_1_761' title='bbox 1727 5563 1812 5618; x_wconf 86' lang='lat' dir='ltr'><strong>ille</strong></span> <span class='ocrx_word' id='word_1_762' title='bbox 1844 5563 1986 5617; x_wconf 84' lang='lat' dir='ltr'><strong>venit</strong></span> <span class='ocrx_word' id='word_1_763' title='bbox 2015 5575 2268 5618; x_wconf 87' lang='lat' dir='ltr'><strong>ascensor</strong></span> 
     </span>
    </p>
   </div>
   <div class='ocr_carea' id='block_1_103' title="bbox 767 5739 1791 5803">
    <p class='ocr_par' dir='ltr' id='par_1_103' title="bbox 767 5739 1791 5803">
     <span class='ocr_line' id='line_1_103' title="bbox 767 5739 1791 5803; baseline -0.003 -7"><span class='ocrx_word' id='word_1_764' title='bbox 767 5740 942 5796; x_wconf 79' lang='lat' dir='ltr'><strong>“lsa.</strong></span> <span class='ocrx_word' id='word_1_765' title='bbox 1001 5757 1124 5803; x_wconf 65' lang='lat' dir='ltr'><strong>xcv,</strong></span> <span class='ocrx_word' id='word_1_766' title='bbox 1174 5742 1227 5796; x_wconf 79' lang='lat'><strong>5.</strong></span> <span class='ocrx_word' id='word_1_767' title='bbox 1302 5741 1347 5772; x_wconf 61' lang='lat'><em>&quot;</em></span> <span class='ocrx_word' id='word_1_768' title='bbox 1385 5740 1482 5796; x_wconf 91' lang='lat' dir='ltr'><strong>lsa.</strong></span> <span class='ocrx_word' id='word_1_769' title='bbox 1521 5755 1646 5796; x_wconf 76' lang='lat' dir='ltr'><strong>xxx.</strong></span> <span class='ocrx_word' id='word_1_770' title='bbox 1705 5739 1791 5794; x_wconf 87' lang='lat' dir='ltr'><strong>lO.</strong></span> 
     </span>
    </p>
   </div>
   <div class='ocr_carea' id='block_1_104' title="bbox 2360 4573 3872 4648">
    <p class='ocr_par' dir='ltr' id='par_1_104' title="bbox 2360 4573 3872 4648">
     <span class='ocr_line' id='line_1_104' title="bbox 2360 4573 3872 4648; baseline 0.003 -23"><span class='ocrx_word' id='word_1_771' title='bbox 2360 4573 2706 4644; x_wconf 77' lang='grc' dir='ltr'>παρεμϐολῇ</span> <span class='ocrx_word' id='word_1_772' title='bbox 2745 4576 2938 4645; x_wconf 73' lang='grc' dir='ltr'>ἔστην</span> <span class='ocrx_word' id='word_1_773' title='bbox 2982 4579 3137 4647; x_wconf 77' lang='grc' dir='ltr'>ὅλην</span> <span class='ocrx_word' id='word_1_774' title='bbox 3183 4579 3300 4648; x_wconf 76' lang='grc' dir='ltr'><strong>τὴν</strong></span> <span class='ocrx_word' id='word_1_775' title='bbox 3336 4581 3530 4636; x_wconf 76' lang='grc' dir='ltr'>νύκτα</span> <span class='ocrx_word' id='word_1_776' title='bbox 3551 4597 3564 4612; x_wconf 89' lang='grc'><strong>·</strong></span> <span class='ocrx_word' id='word_1_777' title='bbox 3611 4579 3701 4635; x_wconf 79' lang='grc' dir='ltr'><strong>καί</strong></span> <span class='ocrx_word' id='word_1_778' title='bbox 3735 4575 3872 4641; x_wconf 80' lang='grc' dir='ltr'>αὐτὸς</span> 
     </span>
    </p>
   </div>
   <div class='ocr_carea' id='block_1_105' title="bbox 2359 4664 3302 4739">
    <p class='ocr_par' dir='ltr' id='par_1_105' title="bbox 2359 4664 3302 4739">
     <span class='ocr_line' id='line_1_105' title="bbox 2359 4664 3302 4739; baseline 0.011 -22"><span class='ocrx_word' id='word_1_779' title='bbox 2359 4664 2594 4734; x_wconf 78' lang='grc' dir='ltr'>ἔρχεται</span> <span class='ocrx_word' id='word_1_780' title='bbox 2624 4667 2928 4737; x_wconf 75' lang='grc' dir='ltr'>ἁναόάτης</span> <span class='ocrx_word' id='word_1_781' title='bbox 2953 4668 3302 4739; x_wconf 67' lang='grc' dir='ltr'>ξυνωρίδος.</span> 
     </span>
    </p>
   </div>
   <div class='ocr_carea' id='block_1_106' title="bbox 2431 4756 3871 4834">
    <p class='ocr_par' dir='ltr' id='par_1_106' title="bbox 2431 4756 3871 4834">
     <span class='ocr_line' id='line_1_106' title="bbox 2431 4756 3871 4834; baseline 0.001 -26"><span class='ocrx_word' id='word_1_782' title='bbox 2431 4756 2874 4829; x_wconf 82' lang='grc' dir='ltr'>Κεκελευσμένος</span> <span class='ocrx_word' id='word_1_783' title='bbox 2902 4762 2930 4813; x_wconf 90' lang='lat'><strong>6</strong></span> <span class='ocrx_word' id='word_1_784' title='bbox 2963 4761 3252 4832; x_wconf 79' lang='grc' dir='ltr'>προφήτης</span> <span class='ocrx_word' id='word_1_785' title='bbox 3281 4763 3462 4834; x_wconf 82' lang='grc' dir='ltr'>ἑαυτῷ</span> <span class='ocrx_word' id='word_1_786' title='bbox 3497 4762 3681 4829; x_wconf 77' lang='grc' dir='ltr'>στῆσαι</span> <span class='ocrx_word' id='word_1_787' title='bbox 3703 4757 3871 4820; x_wconf 64' lang='grc' dir='ltr'>σκοπὶν,</span> 
     </span>
    </p>
   </div>
   <div class='ocr_carea' id='block_1_107' title="bbox 2357 4847 3870 4925">
    <p class='ocr_par' dir='ltr' id='par_1_107' title="bbox 2357 4847 3870 4925">
     <span class='ocr_line' id='line_1_107' title="bbox 2357 4847 3870 4925; baseline -0.001 -23"><span class='ocrx_word' id='word_1_788' title='bbox 2357 4848 2692 4917; x_wconf 80' lang='grc' dir='ltr'>ἀπαγγεῖλαί</span> <span class='ocrx_word' id='word_1_789' title='bbox 2714 4867 2774 4902; x_wconf 89' lang='grc' dir='ltr'><strong>τε</strong></span> <span class='ocrx_word' id='word_1_790' title='bbox 2793 4851 3000 4918; x_wconf 80' lang='grc' dir='ltr'>σαφῶς,</span> <span class='ocrx_word' id='word_1_791' title='bbox 3018 4855 3156 4924; x_wconf 82' lang='grc' dir='ltr'>ὅπερ</span> <span class='ocrx_word' id='word_1_792' title='bbox 3175 4853 3324 4924; x_wconf 82' lang='grc' dir='ltr'>αύτῷ</span> <span class='ocrx_word' id='word_1_793' title='bbox 3338 4853 3576 4925; x_wconf 84' lang='grc' dir='ltr'>δειχθείη</span> <span class='ocrx_word' id='word_1_794' title='bbox 3605 4851 3739 4921; x_wconf 79' lang='grc' dir='ltr'>παρὰ</span> <span class='ocrx_word' id='word_1_795' title='bbox 3755 4847 3870 4903; x_wconf 75' lang='grc' dir='ltr'>Θεοῦ·</span> 
     </span>
    </p>
   </div>
   <div class='ocr_carea' id='block_1_108' title="bbox 2365 4910 3896 5015">
    <p class='ocr_par' dir='ltr' id='par_1_108' title="bbox 2365 4910 3896 5015">
     <span class='ocr_line' id='line_1_108' title="bbox 2365 4910 3896 5015; baseline -0.001 -23"><span class='ocrx_word' id='word_1_796' title='bbox 2365 4910 2590 5011; x_wconf 74' lang='grc' dir='ltr'>Ἔστην,</span> <span class='ocrx_word' id='word_1_797' title='bbox 2624 4941 2777 5010; x_wconf 75' lang='grc' dir='ltr'>φησὶ,</span> <span class='ocrx_word' id='word_1_798' title='bbox 2808 4910 2896 4995; x_wconf 67' lang='grc' dir='ltr'><strong>διά</strong></span> <span class='ocrx_word' id='word_1_799' title='bbox 2927 4910 3385 5015; x_wconf 47' lang='grc' dir='ltr'>παντὸςΙὴμέρας,</span> <span class='ocrx_word' id='word_1_800' title='bbox 3416 4910 3508 4997; x_wconf 58' lang='grc' dir='ltr'>καὶ</span> <span class='ocrx_word' id='word_1_801' title='bbox 3557 4910 3622 4996; x_wconf 80' lang='grc' dir='ltr'>δι’</span> <span class='ocrx_word' id='word_1_802' title='bbox 3659 4910 3770 5011; x_wconf 78' lang='grc' dir='ltr'>ὅλης</span> <span class='ocrx_word' id='word_1_803' title='bbox 3803 4910 3896 4991; x_wconf 65' lang='lat' dir='ltr'><strong>wvi</strong></span> 
     </span>
    </p>
   </div>
   <div class='ocr_carea' id='block_1_109' title="bbox 2363 5029 3870 5104">
    <p class='ocr_par' dir='ltr' id='par_1_109' title="bbox 2363 5029 3870 5104">
     <span class='ocr_line' id='line_1_109' title="bbox 2363 5029 3870 5104; baseline -0.001 -22"><span class='ocrx_word' id='word_1_804' title='bbox 2363 5029 2520 5093; x_wconf 85' lang='grc' dir='ltr'>κτός·</span> <span class='ocrx_word' id='word_1_805' title='bbox 2555 5029 2651 5084; x_wconf 80' lang='grc' dir='ltr'><strong>καὶ</strong></span> <span class='ocrx_word' id='word_1_806' title='bbox 2692 5030 2800 5084; x_wconf 77' lang='grc' dir='ltr'>ἰδοὺ</span> <span class='ocrx_word' id='word_1_807' title='bbox 2835 5032 2996 5096; x_wconf 84' lang='grc' dir='ltr'>αὐτὸς</span> <span class='ocrx_word' id='word_1_808' title='bbox 3045 5033 3264 5104; x_wconf 76' lang='grc' dir='ltr'>ἔρχεται</span> <span class='ocrx_word' id='word_1_809' title='bbox 3305 5033 3582 5104; x_wconf 78' lang='grc' dir='ltr'>ἀναϐάτης</span> <span class='ocrx_word' id='word_1_810' title='bbox 3621 5029 3870 5101; x_wconf 78' lang='grc' dir='ltr'>ξυνωρίδος.</span> 
     </span>
    </p>
   </div>
   <div class='ocr_carea' id='block_1_110' title="bbox 2365 5118 3874 5195">
    <p class='ocr_par' dir='ltr' id='par_1_110' title="bbox 2365 5118 3874 5195">
     <span class='ocr_line' id='line_1_110' title="bbox 2365 5118 3874 5195; baseline 0.001 -22"><span class='ocrx_word' id='word_1_811' title='bbox 2365 5121 2534 5184; x_wconf 81' lang='grc' dir='ltr'>Αὐτὸς</span> <span class='ocrx_word' id='word_1_812' title='bbox 2563 5121 2670 5192; x_wconf 84' lang='grc' dir='ltr'>ἄρα</span> <span class='ocrx_word' id='word_1_813' title='bbox 2700 5122 2818 5188; x_wconf 82' lang='grc' dir='ltr'>τίς;</span> <span class='ocrx_word' id='word_1_814' title='bbox 2846 5124 2874 5174; x_wconf 90' lang='grc' dir='ltr'>ὁ</span> <span class='ocrx_word' id='word_1_815' title='bbox 2903 5122 3117 5195; x_wconf 88' lang='grc' dir='ltr'>Πέρσης</span> <span class='ocrx_word' id='word_1_816' title='bbox 3136 5142 3194 5178; x_wconf 87' lang='grc' dir='ltr'><strong>τε</strong></span> <span class='ocrx_word' id='word_1_817' title='bbox 3221 5126 3314 5179; x_wconf 59' lang='grc' dir='ltr'><strong>καὶ⁸</strong></span> <span class='ocrx_word' id='word_1_818' title='bbox 3361 5125 3671 5195; x_wconf 82' lang='grc' dir='ltr'>Ἐλαμίτης,</span> <span class='ocrx_word' id='word_1_819' title='bbox 3699 5118 3874 5193; x_wconf 77' lang='grc' dir='ltr'>ήγοννό</span> 
     </span>
    </p>
   </div>
   <div class='ocr_carea' id='block_1_111' title="bbox 2365 5211 3744 5285">
    <p class='ocr_par' dir='ltr' id='par_1_111' title="bbox 2365 5211 3744 5285">
     <span class='ocr_line' id='line_1_111' title="bbox 2365 5211 3744 5285; baseline -0.006 -11"><span class='ocrx_word' id='word_1_820' title='bbox 2365 5211 2461 5280; x_wconf 80' lang='grc' dir='ltr'>τῆς</span> <span class='ocrx_word' id='word_1_821' title='bbox 2490 5214 2746 5282; x_wconf 77' lang='grc' dir='ltr'>στρατιᾶς</span> <span class='ocrx_word' id='word_1_822' title='bbox 2772 5214 3097 5285; x_wconf 82' lang='grc' dir='ltr'>ἡγούμενος,</span> <span class='ocrx_word' id='word_1_823' title='bbox 3127 5215 3270 5269; x_wconf 80' lang='grc' dir='ltr'>τοῦτ’</span> <span class='ocrx_word' id='word_1_824' title='bbox 3299 5217 3468 5283; x_wconf 78' lang='grc' dir='ltr'>ἔστιν,</span> <span class='ocrx_word' id='word_1_825' title='bbox 3502 5217 3531 5268; x_wconf 85' lang='grc' dir='ltr'><strong>ὀ</strong></span> <span class='ocrx_word' id='word_1_826' title='bbox 3562 5215 3744 5285; x_wconf 83' lang='grc' dir='ltr'>Κύρος.</span> 
     </span>
    </p>
   </div>
   <div class='ocr_carea' id='block_1_112' title="bbox 2430 5295 3872 5372">
    <p class='ocr_par' dir='ltr' id='par_1_112' title="bbox 2430 5295 3872 5372">
     <span class='ocr_line' id='line_1_112' title="bbox 2430 5295 3872 5372; baseline -0.001 -17"><span class='ocrx_word' id='word_1_827' title='bbox 2430 5302 2539 5355; x_wconf 80' lang='grc' dir='ltr'><strong>Καὶ</strong></span> <span class='ocrx_word' id='word_1_828' title='bbox 2581 5303 2926 5372; x_wconf 80' lang='grc' dir='ltr'>ἀποκριθεὶς</span> <span class='ocrx_word' id='word_1_829' title='bbox 2965 5301 3136 5360; x_wconf 77' lang='grc' dir='ltr'>εἶπεν</span> <span class='ocrx_word' id='word_1_830' title='bbox 3154 5320 3171 5340; x_wconf 80' lang='grc' dir='ltr'><strong>ο</strong></span> <span class='ocrx_word' id='word_1_831' title='bbox 3197 5309 3476 5361; x_wconf 83' lang='grc' dir='ltr'>Πέπτωκε</span> <span class='ocrx_word' id='word_1_832' title='bbox 3496 5301 3779 5363; x_wconf 74' lang='grc' dir='ltr'><strong>Βαϐυλὼν,</strong></span> <span class='ocrx_word' id='word_1_833' title='bbox 3803 5295 3872 5349; x_wconf 67' lang='grc' dir='ltr'>καὶ</span> 
     </span>
    </p>
   </div>
   <div class='ocr_carea' id='block_1_113' title="bbox 2362 5391 3872 5467">
    <p class='ocr_par' dir='ltr' id='par_1_113' title="bbox 2362 5391 3872 5467">
     <span class='ocr_line' id='line_1_113' title="bbox 2362 5391 3872 5467; baseline 0.009 -24"><span class='ocrx_word' id='word_1_834' title='bbox 2362 5392 2559 5446; x_wconf 77' lang='grc' dir='ltr'>πάντα</span> <span class='ocrx_word' id='word_1_835' title='bbox 2601 5394 2674 5449; x_wconf 81' lang='grc' dir='ltr'>τὰ</span> <span class='ocrx_word' id='word_1_836' title='bbox 2699 5396 3016 5467; x_wconf 76' lang='grc' dir='ltr'>ἀγάλματα</span> <span class='ocrx_word' id='word_1_837' title='bbox 3045 5397 3271 5466; x_wconf 83' lang='grc' dir='ltr'>αὐτῆς,</span> <span class='ocrx_word' id='word_1_838' title='bbox 3315 5399 3414 5452; x_wconf 79' lang='grc' dir='ltr'>καὶ</span> <span class='ocrx_word' id='word_1_839' title='bbox 3449 5397 3524 5452; x_wconf 83' lang='grc' dir='ltr'>τὰ</span> <span class='ocrx_word' id='word_1_840' title='bbox 3553 5391 3872 5465; x_wconf 73' lang='grc' dir='ltr'>χειροποίητα</span> 
     </span>
    </p>
   </div>
   <div class='ocr_carea' id='block_1_114' title="bbox 2363 5481 3441 5558">
    <p class='ocr_par' dir='ltr' id='par_1_114' title="bbox 2363 5481 3441 5558">
     <span class='ocr_line' id='line_1_114' title="bbox 2363 5481 3441 5558; baseline 0.007 -23"><span class='ocrx_word' id='word_1_841' title='bbox 2363 5481 2554 5549; x_wconf 80' lang='grc' dir='ltr'>αὐτῆς</span> <span class='ocrx_word' id='word_1_842' title='bbox 2578 5487 3026 5555; x_wconf 77' lang='grc' dir='ltr'>συνετρίϐησαν</span> <span class='ocrx_word' id='word_1_843' title='bbox 3054 5491 3142 5555; x_wconf 83' lang='grc' dir='ltr'>εὶς</span> <span class='ocrx_word' id='word_1_844' title='bbox 3162 5488 3276 5558; x_wconf 82' lang='grc' dir='ltr'><strong>τὴν</strong></span> <span class='ocrx_word' id='word_1_845' title='bbox 3303 5487 3441 5558; x_wconf 72' lang='grc' dir='ltr'>γῆν.</span> 
     </span>
    </p>
   </div>
   <div class='ocr_carea' id='block_1_115' title="bbox 2439 5573 3876 5650">
    <p class='ocr_par' dir='ltr' id='par_1_115' title="bbox 2439 5573 3876 5650">
     <span class='ocr_line' id='line_1_115' title="bbox 2439 5573 3876 5650; baseline 0.006 -25"><span class='ocrx_word' id='word_1_846' title='bbox 2439 5573 2544 5626; x_wconf 75' lang='grc' dir='ltr'><strong>Τοῦ</strong></span> <span class='ocrx_word' id='word_1_847' title='bbox 2607 5580 2887 5650; x_wconf 79' lang='grc' dir='ltr'>προφήτου</span> <span class='ocrx_word' id='word_1_848' title='bbox 2938 5580 3220 5649; x_wconf 82' lang='grc' dir='ltr'>λέγοντος’</span> <span class='ocrx_word' id='word_1_849' title='bbox 3298 5580 3430 5634; x_wconf 76' lang='grc' dir='ltr'>Ἰδοὺ</span> <span class='ocrx_word' id='word_1_850' title='bbox 3498 5577 3653 5642; x_wconf 81' lang='grc' dir='ltr'>αὐτὸς</span> <span class='ocrx_word' id='word_1_851' title='bbox 3704 5573 3876 5642; x_wconf 71' lang='grc' dir='ltr'>ἔρχεται</span> 
     </span>
    </p>
   </div>
  </div>
