4110 6558
300 403 403 460 ιοτ

1407 391 1472 446 ΙΝ
1509 391 1744 448 ISAIAM
1779 389 1911 444 LIB.
1951 386 2014 442 l‘l.
2055 386 2286 444 TOMUS
2324 385 2412 441 IV.

3454 381 3555 438 ιθι

297 515 578 585 ἀναϐὰτης
641 511 944 582 ξυνωρίδος,
994 510 1113 562 τίνα
1161 508 1356 581 τρόπον
1404 508 1473 561 τὰ
1523 507 1622 577 τῆς
1677 506 1918 576 ἐφόδουλ

2019 505 2130 576 igae,
2151 511 2206 560 et
2237 502 2505 574 quomodo
2538 501 2653 556 haec
2705 499 2944 557 incursio
2991 499 3167 566 ﬁeret,
3193 506 3249 554 et
3287 497 3428 569 quod
3451 515 3554 554 non

299 605 698 679 πραχθήσεται,
753 603 846 654 καὶ
877 601 976 654 οὐκ
1009 602 1089 663 εἰς
1129 598 1347 669 μακρὰν
1397 593 1456 651 εὖ
1499 596 1640 668 μάλα
1686 597 1878 650 τεθεα-

302 697 488 766 μένου,
505 695 691 748 λοιπὸν
720 692 1074 762 ἀποκρίνεται
1103 691 1236 753 Θεὸς
1266 689 1358 744 καί
1382 707 1544 761 φησιν
1570 705 1586 722 ο
1618 689 1882 742 Πέπτωκε

301 785 587 847 Βαϐυλὼν,
637 781 782 837 τοῦτ’
829 782 996 846 ἔστιν,
1035 782 1071 852 η
1121 778 1355 844 ἀλαζὼν,
1404 782 1436 850 ὴ
1486 778 1795 850 ὑϐρίστρια,
1846 780 1880 848 ἠ

303 878 488 948 σφύρα
540 876 719 946 πάσης
762 875 860 944 τῆς
913 873 1050 942 γῆς,
1109 872 1255 926 καθά
1300 889 1464 942 φησιν
1508 869 1808 941 ’ῐερεμίαςο
1850 870 1884 939 ἡ

303 970 440 1021 πᾶσι
497 968 608 1028 τοῖς
667 964 847 1017 ἔθνεσι
902 962 1290 1034 θηριοπρεπῶς
1361 960 1788 1031 ἐπεμϐαίνουσα,
1848 962 1882 1027 ὴ

302 1055 510 1125 γανρὸν
543 1054 775 1124 αἴρουσα
825 1052 918 1104 τὸν
953 1051 1186 1120 αὐχένα,
1220 1048 1405 1120 χώρας
1454 1065 1511 1100 τε
1555 1049 1650 1101 καὶ⁹
1704 1046 1887 1109 πόλεις

303 1144 780 1199 καταλειαίνουσα.
840 1140 1128 1202 Πέπτωκε,
1185 1138 1338 1208 φησι,
1385 1136 1528 1190 τοῦτ’
1577 1136 1745 1192 ἐστιν.
1780 1136 1888 1188 ἀπ-

302 1236 470 1289 όλωλε
493 1233 792 1297 παντελῶς·
809 1230 981 1302 ᾤχετο
996 1231 1091 1284 καὶ
1114 1230 1440 1300 πεπάτηται,
1473 1227 1568 1281 καὶ
1587 1228 1890 1297 κατερριμ-

305 1329 444 1398 μένη
480 1325 782 1391 παντελῶς,
814 1323 907 1377 καὶ
939 1323 1042 1376 ὑπὸ
1063 1322 1228 1385 πόδας
1258 1322 1366 1374 τῶν
1388 1320 1672 1391 ᾑρηκότων
1693 1321 1888 1391 ὁρᾶται

306 1420 537 1490 κειμένη
572 1417 778 1470 λοιπόν.
819 1414 1113 1486 Συνετρίϐη
1152 1414 1208 1466 δὲ
1243 1413 1337 1466 καὶ
1386 1413 1565 1465 πάντα
1612 1411 1781 1479 αὐτῆς
1821 1410 1891 1465 τὰ

306 1508 603 1578 ἀγάλματα
634 1506 730 1558 καὶ
759 1504 826 1556 τὰ
859 1503 1228 1574 χειροποίητα.
1266 1501 1343 1572 Γῆ
1381 1501 1488 1570 γὰρ
1509 1499 1616 1552 τῶν
1639 1498 1892 1567 γλυπτῶν

306 1599 450 1662 ἐστι,
511 1597 656 1651 καθά
717 1612 883 1666 φησιν
936 1595 1123 1664 ἕτερος
1175 1592 1284 1647 τῶν
1340 1593 1508 1661 ἁγίων
1566 1590 1888 1663 προφητῶνο

309 1688 596 1742 ἐπεποίθει
629 1687 686 1740 δὲ
724 1687 844 1739 λίαν
891 1685 984 1738 ἐπὶ
1014 1688 1127 1747 τοῖς
1159 1683 1535 1754 ψευδωνύμοις
1579 1684 1720 1745 θεοῖς
1741 1698 1754 1712 ·
1798 1684 1894 1735 καὶ

308 1781 432 1840 ταῖς
472 1777 602 1846 παρ’
651 1774 830 1828 αὐτῶν
870 1773 1216 1840 ἐπικουρίαις
1269 1771 1538 1837 σώζεσθαι
1590 1772 1895 1843 προσδοκή-ο

310 1884 454 1920 σασα
499 1904 514 1929 ,
544 1865 859 1935 πεπάτηται
903 1864 1002 1917 σὺν
1041 1863 1242 1927 αὐτοῖς,
1291 1861 1384 1914 καὶ
1427 1861 1560 1932 ὁμοῦ
1600 1864 1712 1924 τοῖς
1748 1861 1896 1926 ἰδίοις
1931 1859 1970 1912 Β

310 1957 600 2028 συνετρίϐη
633 1956 990 2026 σεϐάσμασιν.

395 2050 739 2114 Ἀκούσατε,
786 2051 840 2101 οἱ
886 2046 1438 2115 καταλελειμμένοι,
1471 2044 1572 2099 καὶ
1604 2043 1899 2113 ὀδυνώμε-

313 2159 429 2207 νοι,
459 2142 760 2196 ἀκούσατε
783 2139 822 2193 ἂ
855 2139 1095 2208 ἤκουσα
1116 2139 1279 2206 παρὰ
1308 2137 1531 2204 Κυρίου
1563 2135 1828 2200 Σαϐαὼθ,
1866 2137 1899 2188 ὀ

313 2233 463 2298 Θεὸς
498 2230 606 2285 τοῦ
648 2229 887 2299 Ἰσραὴλ
919 2228 1280 2300 ἀνήγγειλεν
1309 2227 1472 2297 ἡμῖν.

402 2321 776 2392 ’Δπεκομίσθη
836 2322 934 2392 μὲν
991 2320 1337 2392 αἰχμάλωτος
1391 2323 1419 2374 6
1494 2319 1739 2389 Ἰσραὴλ,
1807 2320 1902 2372 καὶ

316 2413 634 2468 δεδούλευκε
700 2414 813 2475 τοῖς
873 2411 1267 2476 Βαϐυλωνίοις,
1314 2409 1556 2478 ἐφιέντος
1618 2408 1754 2462 Θεοῦ
1814 2407 1905 2462 διὰ

317 2504 522 2575 πολλὴν
578 2503 854 2575 ἁμαρτίαν
909 2501 1004 2556 καὶ
1082 2504 1202 2564 ταῖς
1258 2499 1402 2553 οὕτω
1450 2502 1688 2570 μακραῖς
1742 2499 1904 2551 αὑτὸν

319 2597 588 2652 ἐναλῶναι
620 2597 945 2666 συμφοραῖς.
985 2591 1463 2663 ’Δπομεμενήκασί
1503 2609 1567 2660 γε
1617 2591 1722 2661 μὴν
1754 2590 1812 2643 ἕν
1847 2602 1904 2642 τε

333 2687 752 2762 Ἱεροσολύμοις,
819 2687 914 2740 καὶ
966 2688 1023 2738 ἐν
1073 2688 1139 2756 τῇ
1199 2684 1426 2756 Ἰουδαίᾳ
1481 2683 1708 2737 πολλοί·
1764 2682 1904 2751 πλὴν

321 2780 597 2836 διετέλουν
619 2778 892 2843 στένοντές
919 2795 980 2833 τε
1002 2778 1094 2832 καὶ⁵
1115 2777 1458 2847 ὀδυνώμενοι,
1491 2775 1908 2848 πεπορθημένης

1983 597 2140 667 longe
2187 595 2416 658 abesset,
2453 593 2656 662 optime
2725 592 3225 661 contemplaretur:
3269 591 3560 660 respondet

1984 687 2148 751 Dens,
2178 694 2233 740 et
2267 686 2473 754 inquit:
2514 682 2723 739 Cecidit
2759 682 3018 753 Babylon,
3045 682 3099 736 id
3145 690 3248 748 est,
3295 681 3562 752 superbus

1984 780 2148 850 309
2177 787 2232 833 et
2267 777 2505 833 insolens
2534 777 2798 832 universa:
2827 786 2982 832 terra:
3018 776 3266 842 malleus,
3290 785 3348 830 ut
3387 776 3564 846 inquit

1985 871 2269 936 .lercmias,
2295 879 2348 924 et
2381 884 2501 938 qua:
2539 883 2730 924 omnes
2768 877 2956 939 gentes
2993 867 3226 923 belluino
3279 883 3432 923 more
3477 869 3562 922 in-

1987 964 2154 1030 vadit,
2185 978 2308 1032 quae
2331 963 2527 1017 elatam
2573 961 2840 1016 cervicem
2887 960 3044 1024 tollit,
3076 976 3196 1028 qua:
3232 961 3561 1027 provincias,

1988 1071 2107 1126 qua!
2172 1059 2334 1110 urbes
2397 1055 2512 1109 solo
2569 1061 2766 1122 :equat.
2816 1051 3082 1118 Concidit,
3113 1053 3310 1121 inquit,
3345 1053 3398 1106 id
3460 1062 3563 1113 est,

1989 1147 2231 1202 funditus
2280 1145 2464 1214 periit,
2516 1143 2722 1198 interiit
2764 1155 2820 1197 et
2873 1141 3184 1196 conculcata
3230 1152 3409 1202 est,et
3439 1158 3559 1213 pro-

1988 1235 2132 1306 jecta
2176 1232 2448 1300 deinceps,
2471 1241 2527 1285 et
2569 1231 2792 1300 pedibus
2840 1231 3103 1285 victorum
3161 1231 3399 1301 subjecta
3434 1247 3567 1286 con-

1991 1329 2234 1397 spicitur.
2267 1326 2532 1381 Contritae
2568 1333 2694 1380 sunt
2723 1327 2884 1380 etiam
2929 1340 3118 1380 omnes
3155 1327 3273 1393 eius
3307 1327 3569 1396 imagines

1993 1429 2046 1474 et
2108 1419 2441 1474 manufucta.
2475 1419 2643 1472 Terra
2670 1419 2815 1473 enim
2885 1427 2970 1473 est
3014 1418 3371 1486 scnlptilium,
3408 1421 3567 1474 sicuti

1994 1509 2124 1563 dicit
2171 1509 2362 1563 aliuse
2392 1510 2598 1563 sanctis
2656 1509 2952 1578 prophetis,
2981 1517 3036 1564 ιιι.
3091 1508 3229 1564 falso
3271 1511 3571 1566 nominatis

1996 1598 2099 1652 diis
2150 1613 2474 1668 magnoliere
2527 1599 2729 1652 conlisa
2776 1608 2878 1663 est,
2919 1599 3238 1669 illorumque
3295 1615 3397 1670 ope
3444 1617 3568 1656 ser-

1995 1690 2108 1744 vari
2159 1705 2381 1760 sperans
2435 1705 2555 1745 cum
2606 1691 2709 1745 illis
2761 1690 2964 1746 calcata
3018 1701 3199 1758 est,et
3229 1692 3392 1748 simul
3439 1707 3565 1749 cum

1999 1780 2307 1836 numinibus
2348 1781 2604 1838 contrita.

2071 2038 2236 2093 Vens.
2259 2040 2345 2093 10.
2395 2041 2607 2104 Audite,
2633 2041 2931 2096 derelictis!
2971 2045 3223 2111 dolentes,
3255 2051 3430 2104 audite
3457 2067 3576 2120 qua:

2000 2132 2176 2184 audivi
2215 2149 2246 2184 a
2284 2131 2505 2186 Domino
2534 2133 2796 2201 Sabaoth,
2841 2135 2979 2190 Deus
3035 2135 3206 2192 Israel
3246 2142 3577 2196 annuntiarit

2002 2223 2168 2276 nobis.

2083 2314 2362 2370 Abduetus
2395 2327 2481 2372 est
2522 2317 2776 2387 captivus
2817 2318 2985 2372 lsrael
3009 2359 3024 2383 ,
3057 2326 3110 2372 et
3138 2319 3327 2374 scrviit
3361 2317 3594 2389 Babylo-

2006 2405 2153 2470 niis,
2206 2405 2316 2460 Deo
2357 2415 2579 2477 propter
2625 2410 2798 2463 multa
2849 2410 3053 2479 llagitia
3112 2409 3475 2475 immittentc,
3535 2420 3591 2465 et

2005 2495 2355 2562 permittente
2393 2497 2672 2553 diuturnis
2717 2513 2844 2552 eum
2893 2499 3103 2553 involvi
3153 2499 3587 2557 calamitatibus.‘

2006 2584 2410 2640 Remanserunt
2465 2588 2686 2656 quidem
2743 2590 3139 2660 Hierosolymis
3179 2599 3235 2645 et
3279 2590 3333 2644 in
3393 2581 3583 2646 Judaéa

2005 2675 2194 2738 multi,
2230 2684 2284 2728 at
2319 2678 2662 2746 suspirantes
2694 2680 2898 2750 jugiter
2937 2690 2990 2734 et
3022 2680 3212 2735 dolore
3243 2680 3427 2735 allecti
3451 2721 3466 2747 ,
3501 2696 3588 2735 re-

2002 2767 2163 2835 gione
2202 2767 2446 2836 ipsorum
2475 2777 2710 2833 vastata,
2742 2771 3055 2840 temploque
3085 2771 3206 2840 ipso
3238 2771 3500 2834 incenso,
3533 2781 3590 2827 et

327 2874 514 2938 αὐτοῖς
542 2875 640 2944 τῆς
693 2873 902 2944 χώρας·
961 2872 1478 2942 κατεμπρησθέντος
1519 2872 1576 2924 δὲ
1607 2871 1702 2924 καί⁹
1744 2869 1909 2922 αὑτοῦ

2019 2859 2064 2909 ri
2099 2857 2290 2910 deletis
2343 2856 2748 2925 Hierosolymis.
2806 2855 3166 2912 Pbarmacum
3221 2859 3385 2927 igitur
3430 2861 3588 2914 auxi-

326 2965 428 3021 τοῦ
457 2966 609 3032 ναοῦ,
645 2966 1020 3037 ἠρημωμένης
1062 2965 1118 3018 δὲ
1160 2964 1301 3018 κατὰ
1333 2963 1534 3030 κράτος
1584 2962 1682 3033 τῆς
1724 2963 1914 3033 Ἰερου-

2019 2948 2144 3002 liare
2168 2949 2296 3017 ipsis
2340 2949 2405 3001 ad
2435 2948 2858 3003 consolationem
2897 2948 3180 3002 commode
3206 2949 3582 3018 subtexitpro-

334 3061 545 3131 σαλήμ.
615 3060 909 3132 Φάρμακον
977 3058 1154 3112 τοίνυν
1213 3056 1534 3126 ἐπικουρίας
1589 3055 1772 3118 αὐτοῖς
1835 3056 1914 3117 είς

2019 3042 2174 3109 pheta
2211 3038 2350 3092 hanc
2375 3038 2660 3104 visionem,
2698 3039 2937 3106 dicitque
2964 3038 3108 3093 illis:
3178 3038 3398 3103 Audite,
3437 3040 3590 3094 dere-

333 3130 1002 3223 rrapdtxlqotv'égutpaivst
1051 3147 1338 3219 χρησίμως
1393 3148 1421 3200 6
1469 3146 1756 3216 προφήτης
1816 3143 1914 3214 τὴν

2019 3131 2127 3186 licti
2165 3140 2222 3184 et
2249 3130 2531 3186 dolentes:
2566 3131 2745 3184 audite
2798 3146 2917 3200 qua:
2959 3130 3140 3183 audivi
3174 3145 3200 3182 a
3230 3131 3458 3184 Domino
3488 3130 3594 3184 Sa-

333 3247 553 3316 ὅρασιν,
574 3242 666 3296 καί
701 3258 832 3312 φησι
869 3237 1005 3310 πρὸς
1038 3236 1266 3300 αὐτούς·
1303 3235 1618 3300 Ἀκούσατε,
1654 3236 1702 3286 οἱ
1745 3249 1914 3285 καταο

2019 3222 2204 3276 baotli.
2259 3221 2402 3276 Deus
2465 3221 2678 3276 lsraelis
2730 3222 3069 3275 annuntiavit
3122 3221 3299 3277 nobis.
3361 3220 3597 3278 Noverat

335 3313 688 3407 λελειμμένοι
755 3335 850 3386 καὶ
898 3329 1245 3400 ὀδυνώμενοι,
1306 3326 1574 3380 ἀκούσατε
1625 3326 1661 3378 ἃ.
1713 3325 1918 3395 ἥκουσα

2020 3317 2186 3382 enim,
2220 3325 2443 3369 noverat
2468 3314 2880 3384 Babyloniorum
2925 3313 3288 3368 calamitatem
3323 3313 3429 3369 illis
3463 3327 3597 3370 con—

337 3428 495 3499 παρὰ
528 3424 732 3497 Κυρίου
763 3420 1010 3476 Σαϐαώθ.
1039 3421 1096 3474 '0
1125 3419 1256 3482 Θεὸς
1279 3417 1377 3471 τοῦ
1417 3416 1633 3488 Ἰσραὴλ
1659 3417 1920 3485 ἀνήγγει-

337 3522 436 3574 λεν
467 3521 619 3590 ἡμῖν.
639 3517 794 3588 ’ῌδει
823 3515 954 3586 γὰρ,
981 3514 1098 3586 ᾔδει
1127 3513 1224 3585 τὴν
1256 3511 1615 3566 Βαϐυλωνίων
1640 3508 1923 3579 συμφορὰν

341 3609 645 3681 θυμηδείας
691 3608 877 3670 αὐτοῖς
922 3605 1187 3676 ἐσομένην
1230 3603 1508 3674 πρόξενον,
1548 3602 1640 3655 καὶ
1683 3600 1753 3654 τὰ
1784 3599 1926 3653 κατὰ

340 3704 458 3757 τῶν
499 3699 886 3770 λελυπηκότων
929 3699 1244 3768 διηγήματα
1283 3694 1682 3768 παρακλήσεως
1707 3690 1924 3746 ἔσεσθαι

339 3792 549 3861 τρόπον
583 3792 694 3853 τοίς
727 3787 870 3842 οὕτω
902 3785 1358 3857 πεπορθημένοις.

630 3920 716 3971 T0
758 3918 1004 3970 OPAMA
1053 3919 1190 3970 ΤΗΣ
1230 3916 1642 3969 ΙΔΟΥΜΑΙΔΣ.

423 4049 536 4102 Καὶ
598 4048 699 4118 τῆς
760 4045 1127 4118 προκειμένης
1181 4045 1422 4116 ὁράσεως
1482 4040 1636 4116 οἶμαι
1695 4045 1759 4114 δὴ
1820 4045 1930 4098 δεῖν

345 4140 854 4212 προαφηγήσασθαι
901 4137 1000 4208 τὴν
1046 4137 1321 4190 ὑπόθεσιν,
1359 4137 1575 4188 Συνεῖεν
1601 4135 1710 4206 γὰρ
1749 4128 1850 4188 ὧδέ
1871 4153 1930 4188 τε

347 4236 450 4287 καὶ
474 4233 570 4303 οὐχ
603 4232 804 4304 ἑτέρως
843 4232 890 4284 οἱ
917 4226 1312 4298 ἐντευξόμενοι.
1340 4226 1445 4279 Δύο
1469 4227 1647 4279 τοίνυν
1669 4225 1934 4295 γενέσθην

349 4325 468 4379 υἱοὶ
507 4323 585 4394 τῷ
627 4322 834 4388 Ἰσαὰκ,
879 4320 1050 4374 Ἠσαῦ
1107 4337 1166 4373 τε
1212 4320 1304 4373 καὶ
1342 4318 1570 4372 ’ίακώϐο
1621 4319 1712 4370 καὶ
1753 4319 1781 4370 6
1835 4318 1935 4387 μὲν

363 4415 542 4469 Ἦσαῦ
584 4413 762 4484 Ἐδὼμ
797 4412 1092 4483 ἐπεκλήθη.
1125 4411 1267 4464 τοῦτ’
1293 4411 1427 4475 ἐστι,
1451 4411 1637 4480 γήϊνος
1656 4427 1669 4440 ·
1700 4408 1938 4470 τοιοῦτος

350 4509 467 4578 γὰρ
504 4501 572 4577 ἦν
607 4508 636 4559 6
671 4505 784 4575 βίος
815 4503 982 4574 αὐτῷ,
1023 4503 1116 4556 καὶ
1156 4501 1410 4572 βρώσεως
1448 4501 1575 4570 μιᾶς
1608 4497 1836 4552 ἀπέδοτο
1870 4498 1939 4552 τὰ

354 4595 704 4668 πρωτοτόκια
745 4593 940 4655 αὑτοῦ,
990 4591 1133 4645 καθὰ
1177 4590 1507 4661 γέγραπται.
1557 4589 1750 4642 Ἰακὼϐ
1783 4589 1839 4642 δὲ
1870 4585 1938 4659 ἦν

356 4690 506 4762 ἀνὴρ
537 4688 832 4752 ἄπλαστος,
875 4685 1040 4740 οίκῶν
1088 4685 1299 4738 οίκίανο
1329 4684 1433 4755 ἔφη
1475 4683 1584 4754 γὰρ
1624 4683 1770 4736 οὕτω
1815 4684 1944 4754 περὶ

357 4781 530 4835 αὐτοῦ
591 4780 655 4833 τὸ
702 4779 942 4850 Γράμμα
991 4778 1052 4831 τὸ
1095 4777 1237 4848 ἱερόν
1267 4792 1280 4806 ·
1309 4777 1419 4828 Καὶ
1445 4776 1711 4843 γεγόνασι
1756 4776 1854 4846 μὲν
1888 4776 1946 4842 ἐξ

373 4870 600 4935 Ἰακὼϐ,
652 4871 711 4934 ὃς
753 4869 1173 4940 μετωνόμασται
1227 4866 1321 4920 καὶ
1379 4866 1619 4938 Ἰσραὴλ,
1667 4867 1945 4920 Ἰουδαῖοι·

363 4963 477 5018 ἀπὸ
497 4963 556 5016 δέ
581 4981 646 5032 γε
669 4962 974 5026 τοῦἩσαῦ,
993 4963 1162 5032 ἣγουν
1195 4959 1289 5013 τοῦ
1326 4957 1526 5029 Ἐδὼμ,
1555 4958 1605 5010 οἱ
1633 4957 1946 5028 Ἰδουμαῖοι,

366 5059 541 5127 ἢγουν
572 5057 622 5107 οἱ
661 5053 954 5124 Ἀγαρηνοὶ
975 5090 989 5114 ,
1023 5052 1132 5104 εἰσὶ
1163 5049 1219 5102 δὲ
1269 5044 1413 5103 οὗτοι
1446 5049 1772 5119 Σαρακηνοί.
1807 5049 1948 5101 Οὐκ-

369 5146 468 5198 οῦν
501 5143 722 5212 ἀδελφοὶ
752 5143 847 5197 καὶ
877 5140 1199 5212 ἀγχίσποροι
1233 5141 1346 5202 τοῖς
1369 5140 1433 5191 ἐκ
1478 5139 1698 5209 Ἰσραὴλ
1723 5137 1952 5206 γεγόνα-

374 5253 462 5289 σιν
502 5235 554 5287 οἱ
593 5235 880 5304 Ἰδουμαῖοι
905 5249 916 5260 ’
964 5229 1105 5302 ἦσαν
1144 5231 1200 5284 δὲ
1246 5231 1339 5283 καὶ
1376 5229 1624 5300 ἀλλήλοις
1660 5230 1853 5300 ὄμοροί
1891 5248 1952 5284 τε

374 5325 890 5396 καὶάγχιτέρμονες
916 5363 930 5387 ,
982 5324 1017 5393 ἤ
1069 5339 1130 5374 τε
1175 5321 1280 5375 τῶν
1323 5319 1590 5374 Ἰουδαίων
1637 5320 1790 5390 καὶὴ
1843 5321 1952 5374 τῶν

389 5417 708 5487 Ἰδουμαίων
738 5413 909 5486 χώρα.
941 5415 1080 5468 Ἀλλ’
1115 5412 1238 5466 οὔτε
1267 5412 1326 5465 τὸ
1360 5411 1642 5480 συγγενὲς,
1683 5412 1810 5465 οὔτε
1848 5413 1954 5483 μὴν

378 5508 442 5562 τὸ
488 5511 728 5579 γειτνιᾷν
781 5506 1060 5577 ἀλλήλοις,
1127 5503 1391 5575 ἐϐράϐευε
1444 5505 1556 5565 τοῖς
1619 5504 1802 5570 γένεσι
1857 5504 1956 5574 τὴν

379 5602 704 5675 ὁμοψυχίαν.
737 5603 1058 5673 Διεφέροντο
1090 5600 1196 5671 γὰρ
1227 5599 1320 5653 καὶ
1355 5599 1467 5659 τοῖς
1501 5594 1765 5666 Ἑλλήνων
1805 5597 1952 5652 ἔθεσί

455 5777 504 5812 ⁸⁸
542 5777 678 5832 Gen.
726 5793 850 5830 xxv.
888 5777 945 5830 51
991 5791 1139 5844 seqq.

2023 3406 2325 3461 ciliaturam
2363 3405 2624 3470 laetitiam,
2669 3415 2722 3460 et
2750 3405 2856 3460 illis
2889 3407 2967 3460 sic
3003 3407 3208 3460 excisis
3255 3406 3596 3474 eversisque,

2018 3498 2286 3569 jucundas
2329 3497 2446 3552 fore
2483 3497 2823 3554 narrationes
2866 3506 3052 3553 contra
3089 3512 3182 3552 eos
3212 3511 3349 3554 auos
3401 3495 3600 3553 affece-

2029 3599 2154 3645 runt
2180 3589 2445 3646 molestia.

2521 3916 2724 3972 VISIO
2758 3915 3130 3972 [DUM/EE.

2105 4053 2170 4108 Et
2209 4053 2366 4120 hujus
2421 4053 2585 4109 etiam
2653 4052 2883 4106 visionis
2938 4060 3315 4122 argumentum
3372 4052 3606 4122 primum

2033 4147 2705 4215 exponendumarbitror:
2737 4145 2839 4198 bac
2893 4145 3037 4199 enim
3094 4145 3206 4199 sola
3264 4145 3473 4200 ratione
3517 4147 3611 4215 qui

2035 4241 2154 4294 hare
2197 4239 2400 4304 legent,
2441 4237 2760 4308 intelligent.
2800 4238 2968 4292 Erant
3005 4237 3231 4308 proinde
3283 4238 3465 4293 lsaaco
3549 4237 3612 4292 ll-

2035 4331 2092 4385 lii
2117 4331 2242 4394 duo,
2283 4331 2423 4384 Esau
2461 4340 2515 4384 et
2543 4329 2732 4395 Jacob,
2771 4341 2821 4385 et
2847 4331 2934 4384 hic
2973 4331 3190 4399 quidem
3224 4330 3390 4396 Esau,
3430 4329 3605 4386 Edom

2037 4421 2447 4491 cognominatus
2476 4429 2578 4485 est,
2641 4421 2692 4475 id
2730 4419 3155 4487 est,Terrenns:
3191 4421 3312 4477 talis
3367 4422 3508 4476 enim
3562 4421 3612 4476 ei

2044 4512 2145 4565 l'uit
2182 4510 2358 4564 victus
2386 4512 2614 4578 vitaeque
2647 4511 2804 4576 ratio,
2831 4519 2885 4565 et
2911 4512 3092 4566 edulio
3126 4511 3240 4565 solo
3268 4512 3506 4566 vendidit
3526 4510 3616 4580 jus

2046 4599 2484 4669 primogenitum
2504 4613 2636 4664 suae,
2651 4601 3396 4676 quemadmodumscriptum
3440 4610 3524 4656 est
3543 4602 3611 4656 ⁸⁵.

2042 4689 2211 4745 Jacob
2228 4701 2403 4744 autem
2423 4690 2528 4745 doli
2551 4689 2994 4761 fueique’nescius
3011 4700 3150 4756 erat,
3167 4691 3307 4745 domi
3330 4690 3614 4748 habitans:

2045 4783 2110 4836 de
2141 4796 2206 4836 eo
2244 4782 2386 4835 enim
2416 4782 2495 4836 sic
2535 4781 2669 4835 dixit
2709 4797 2864 4836 sacra
2913 4781 3186 4852 Scriptura
3223 4800 3236 4837 :
3275 4781 3350 4836 Ex
3396 4781 3616 4847 Jacobo,

2047 4869 2138 4937 qui
2175 4884 2370 4923 nomen
2411 4883 2626 4939 quoque
2663 4869 2873 4925 lsraelis
2908 4871 3136 4940 adeptus
3161 4881 3280 4934 est,
3307 4869 3474 4925 Judaei
3508 4873 3618 4925 nali

2050 4967 2211 5025 sunt;
2240 4959 2310 5015 ab
2343 4960 2483 5014 Esau
2523 4975 2652 5014 vero
2682 4961 2794 5014 sive
2827 4961 3016 5025 Edom,
3070 4961 3284 5016 ldumrei
3317 4962 3482 5032 310
3505 4961 3620 5016 sive

2046 5049 2302 5118 Agareni.
2339 5051 2392 5105 hi
2419 5059 2546 5105 sunt
2573 5062 2751 5105 autem
2779 5051 3058 5106 Saraceni.
3110 5052 3295 5124 Itaque
3329 5053 3544 5114 fratres,
3573 5062 3627 5106 et

2047 5144 2254 5198 semine
2269 5143 2636 5214 sanguineque
2656 5144 2936 5214 propinqui
2969 5144 3222 5200 lsraelitis
3257 5143 3475 5198 fuerunt
3501 5144 3624 5198 ldu-

2051 5235 2191 5300 mtei,
2224 5243 2276 5287 et
2302 5235 2534 5290 conﬁnis
2558 5236 2658 5289 fuit
2680 5234 2984 5291 Judmorum
3021 5245 3075 5291 et
3100 5237 3451 5291 ldumzeorum
3482 5235 3628 5306 regio

2053 5339 2118 5379 ac
2183 5327 2541 5381 contermina.
2601 5327 2708 5382 Sed
2778 5342 2952 5397 neque
3011 5329 3224 5398 generis
3281 5327 3629 5397 coniunctio.

2065 5433 2237 5487 neque
2269 5421 2518 5476 vicinitas
2541 5437 2725 5476 eorum
2767 5423 2910 5478 inter
2960 5437 3017 5478 se
3055 5423 3342 5477 conciliare
3375 5420 3552 5492 potuit
3576 5427 3632 5474 et

2063 5510 2207 5565 alere
2248 5511 2389 5568 inter
2437 5513 2533 5568 bos
2565 5522 2822 5581 cognatos
2877 5513 3320 5569 benevolentiam.
3363 5509 3493 5565 Nam
3524 5507 3632 5561 dis-

2064 5613 2367 5670 senserunt,
2406 5614 2458 5660 et
2480 5604 2691 5661 ldumaei
2725 5604 3032 5661 Grrecorum
3073 5605 3220 5676 juxta
3251 5615 3424 5658 mores
3459 5598 3633 5668 legeso
