4110 6506
624 367 725 423 ι95
1649 366 1706 422 S.
1747 364 2021 421 CYRILIJ
2060 364 2526 421 ALEXANDRINI
2568 365 2887 422 ARCHIEP.

3736 382 3813 439 l96

624 498 727 554 que
774 484 1037 547 viventes,
1095 484 1400 539 Jud.corum
1438 482 1769 550 provinciam
1802 498 1942 553 sape
1986 483 2197 553 praedati

2309 500 2367 537 τε
2420 483 2514 538 καὶ
2565 483 2751 554 νόμοις
2794 482 3085 548 διαζῶντες
3147 483 3440 555 Ἰδουμαῖοι,
3491 490 3814 560 κατεληίζοντο

624 585 764 639 sunt,
795 586 847 630 et
871 585 1182 646 perpetrare
1201 575 1251 628 in
1279 588 1373 629 eos
1395 576 1509 629 ausi
1525 584 1651 628 sunt
1689 575 1928 628 omnium
1954 573 2197 643 turpissi-

2303 572 2508 643 συχνῶς
2563 574 2662 644 τὴν
2723 573 2830 627 τῶν
2893 574 3161 627 Ἰουδαίων
3248 574 3459 645 χώραν,
3511 579 3596 631 καὶ
3640 581 3815 637 πάντων

623 683 730 720 ma.
756 666 962 735 Quippe
995 664 1331 736 Egyptiacte
1351 664 1570 720 saevitiae
1596 664 1723 734 jugo
1749 664 2038 733 aliquando
2068 679 2199 718 exo-

622 769 873 813 uerantes
899 773 958 811 se
983 758 1262 821 Israelitze,
1300 759 1350 811 in
1388 766 1529 812 terra
1550 773 1599 810 m
1620 757 1863 825 patribus
1880 756 2199 824 promissam

622 849 938 919 tuigraruut.
979 868 997 900 ι
1030 849 1191 912 Misit,
1223 850 1423 917 inquit,
1462 848 1667 917 legatos
1694 846 1871 903 Moses
1907 862 1972 901 ex
2026 847 2201 902 ‘Cades

622 937 690 991 ad
734 952 910 1006 regem
948 936 1138 1001 Edum,
1205 936 1430 991 dicens:
1495 936 1618 990 llaec
1684 936 1816 991 dicit
1851 935 2015 991 frater
2041 945 2197 998 tuus,

624 1028 787 1083 Israel
824 1029 936 1082 :Tu
959 1029 1066 1084 scis
1093 1044 1311 1084 omnem
1341 1029 1581 1083 laborem
1613 1028 1703 1095 qui
1744 1027 1947 1081 invenit
1974 1041 2103 1081 nos:
2147 1035 2199 1080 et

622 1120 1014 1175 descenderunt
1046 1131 1241 1188 patres
1272 1120 1441 1175 nostri
1471 1119 1522 1173 in
1566 1117 1883 1189 Egyptum,
1931 1117 2189 1171 habitavi-

624 1226 849 1279 musque
881 1211 932 1264 in
977 1210 1214 1281 Egypto
1258 1211 1374 1265 dies
1397 1212 1758 1280 jcomplures,
1819 1218 1874 1262 et
1933 1215 2198 1263 vexarunt

624 1318 722 1358 nos
758 1302 997 1372 Egyptii
1030 1316 1094 1356 ac
1124 1311 1307 1372 patres
1334 1310 1578 1356 nostros.
1602 1298 1963 1355 Clamavimus
2022 1307 2199 1353 autent

619 1395 686 1448 ad
716 1394 1023 1455 Dominum,
1050 1400 1103 1447 et
1143 1392 1416 1447 exaudivit
1442 1391 1701 1446 Dominus
1722 1405 1907 1445 vocent
1942 1399 2199 1453 nostram,

621 1493 676 1537 et
704 1484 872 1537 missu
909 1481 1119 1549 angelo,
1162 1482 1349 1534 eduxit
1390 1496 1488 1535 nos
1517 1494 1584 1533 ex
1635 1478 1892 1550 .Egypto,
1954 1488 2007 1532 et
2060 1492 2203 1532 nunc

621 1589 807 1629 sumus
838 1574 888 1627 in
920 1572 1090 1627 Cades
1114 1572 1333 1627 civitate
1362 1586 1429 1627 ex
1474 1580 1628 1642 parte
1677 1572 1871 1625 finium
1923 1582 2134 1625 tuorum
2186 1587 2199 1623 :

624 1666 969 1719 transibimus
989 1680 1085 1733 per
1126 1674 1319 1718 terram
1338 1672 1481 1718 tuam
1509 1680 1650 1717 :non
1678 1663 2084 1733 proficiscemur
2110 1677 2205 1729 per

619 1770 798 1825 agros,
825 1770 922 1809 nec
947 1770 1039 1823 per
1074 1754 1257 1808 vineas
1284 1773 1297 1808 :
1346 1769 1451 1807 non
1488 1754 1736 1807 bibemus
1769 1766 1961 1820 aquam
1991 1766 2054 1807 ex
2086 1751 2202 1805 lacu

2301 667 2552 736 αἴσχιστα
2581 666 2715 737 δρᾷν
2749 668 2829 730 εἰς
2864 666 3059 729 αὐτοὺς
3103 666 3438 737 ἀπετόλμων.
3480 669 3581 721 Καὶ
3607 672 3718 739 γοῦν
3747 675 3816 728 ὅτε

2300 757 2399 826 τῆς
2461 756 2773 823 Αἰγυπτίων
2844 755 3155 821 πλεονεξίας
3225 758 3693 831 ἀποφορτισάμενοι
3746 766 3818 820 τόν

2301 843 2460 914 ζυγὸν
2492 846 2541 899 σί
2569 846 2627 912 ἐξ
2665 846 2899 917 Ἰσραὴλ»,
2930 847 3225 915 ἀνεφοίτων
3252 850 3330 911 εἰς
3371 847 3469 918 τὴν
3493 854 3589 921 γῆν
3620 854 3705 923 τὴν
3730 859 3819 919 τοῖς

2301 936 2569 1007 πατράσιν
2601 935 3037 1007 ἐπηγγελμένην.
3073 957 3092 987 ιι
3116 936 3444 1000 Ἀπέστειλε,
3465 940 3642 1008 φησὶν,
3668 943 3692 994 ό
3714 944 3817 997 Μω-

2305 1026 2404 1092 σῆς
2433 1026 2703 1095 ἀγγέλους
2739 1029 2804 1080 ἐκ
2836 1027 3020 1098 Κάδης
3055 1027 3189 1098 πρὸς
3220 1027 3443 1097 βασιλέα
3465 1028 3648 1100 Ἐδὼμ,
3661 1030 3817 1099 λέγων·

2301 1112 2437 1165 Τάδε
2466 1114 2613 1181 λέγει
2638 1117 2665 1167 ὁ
2693 1114 2915 1184 ἀδελφός
2948 1132 3038 1168 σου
3096 1117 3313 1187 Ἰσραήλ
3338 1134 3351 1150 ο
3378 1118 3448 1171 Σὺ
3475 1117 3655 1190 ἐπίστῃ
3680 1122 3819 1175 πάντα

2301 1200 2390 1253 τὸν
2441 1202 2640 1272 μόχθον
2690 1204 2781 1257 τὸν
2830 1205 3057 1276 εὑρόντα
3094 1206 3271 1276 ἡμᾶς’
3331 1208 3425 1260 καὶ
3462 1208 3740 1278 κατέδησαν
3783 1214 3820 1265 οἰ

2303 1290 2538 1360 πατέρες
2583 1292 2742 1362 ἡμῶν
2783 1295 2864 1356 εἰς
2904 1294 3201 1362 Αἴγυπτον,
3246 1295 3339 1348 καὶ
3368 1299 3748 1368 παρῳκήσαμεν
3779 1302 3822 1354 ἓν

2302 1380 2563 1450 Αίγύπτῳ
2610 1383 2824 1453 ἡμέρας
2870 1384 3111 1449 πλείους*
3161 1385 3255 1439 καὶ
3297 1387 3576 1439 ἐκάκωσαν
3615 1389 3741 1457 ἡμᾶς
3784 1392 3822 1442 οί

2303 1472 2590 1539 Αἰγύπτιοι
2616 1474 2711 1527 καὶ
2736 1474 2863 1538 τοὺς
2890 1475 3133 1547 πατέρας
3158 1476 3314 1547 ἡμῶν
3332 1492 3344 1505 '
3376 1477 3471 1532 καὶ
3494 1477 3822 1549 άνεδοήσαμεν

2305 1562 2438 1633 πρὸς
2499 1562 2724 1633 Κύριον,
2788 1564 2880 1617 καὶ
2932 1565 3218 1634 εἰσήκουσε
3278 1564 3480 1633 Κύριος
3534 1565 3629 1635 τῆς
3674 1568 3824 1637 φωνῆς

2302 1656 2479 1725 ἡμῶν,
2534 1656 2629 1708 καὶ
2664 1649 2990 1720 ἀποστείλας
3038 1657 3267 1724 ἄγγελον
3302 1658 3565 1727 ἐξήγαγεν
3608 1659 3736 1727 ἡμᾶς
3778 1661 3823 1725 ἐξ

2305 1747 2616 1815 Αἰγύπτουίο
2649 1748 2741 1800 καὶ
2768 1746 2861 1800 νῦν
2895 1748 3060 1817 ἐσμὲν
3088 1749 3145 1800 ὲν
3175 1748 3358 1819 Κάδης
3391 1748 3539 1800 πόλει
3568 1750 3624 1801 ἐκ
3662 1751 3823 1818 μέρους

621 1855 712 1900 tuo
738 1863 752 1899 :
777 1846 861 1899 via
896 1845 1038 1915 regia
1068 1846 1264 1899 ibimus
1300 1862 1314 1897 :
1352 1860 1456 1899 non
1490 1843 1879 1898 declinabimus
1939 1842 2006 1896 ad
2066 1844 2197 1897 dex—

2303 1837 2411 1890 τῶν
2450 1836 2611 1908 ὁρίων
2651 1854 2775 1890 σουο
2806 1836 3249 1908 παρελευσόμεθα
3281 1837 3367 1889 διά
3395 1838 3490 1906 τῆς
3518 1838 3615 1909 γῆς
3645 1853 3750 1891 σου·
3777 1841 3822 1891 οὐ

622 1948 790 2001 tratu,
830 1951 929 1990 nec
961 1937 1026 1988 ad
1062 1936 1363 1999 sinistram,
1397 1936 1568 1989 donec
1597 1932 2020 2002 praeterierimus
2054 1933 2188 1988 fines

624 2039 764 2083 tuos.
799 2027 942 2081 Dixit
974 2036 1153 2080 autem
1188 2026 1236 2080 ei
1260 2024 1465 2078 Edom:
1524 2022 1639 2077 Non
1674 2023 1931 2076 transibis
1958 2037 2052 2090 per
2092 2037 2195 2087 me,

623 2118 829 2187 alioqui
871 2118 924 2171 in
950 2116 1148 2171 bellum
1176 2115 1427 2186 egrediar
1454 2122 1643 2167 contra
1712 2122 1764 2166 te
1795 2112 1862 2163 ⁸⁸.
1894 2130 1913 2163 ι
1970 2111 2201 2165 Videsne

621 2224 781 2278 quam
824 2206 1022 2261 fuerint
1081 2205 1222 2268 duri,
1278 2219 1436 2272 quam
1507 2205 1576 2257 ab
1620 2203 1765 2257 omni
1830 2201 2198 2257 misericordia

621 2301 785 2355 alieni
823 2298 1063 2365 Idumaei,
1112 2296 1272 2365 idque
1313 2297 1478 2349 etiam
1516 2310 1643 2364 erga
1680 2292 1914 2347 fratres?
1957 2290 2198 2363 Sed|nou

624 2393 730 2447 huc
778 2398 987 2445 tantum
1012 2403 1199 2443 eorum
1230 2395 1592 2455 proruperunt
1613 2385 1841 2448 scelera,
1874 2383 1965 2436 sed
1990 2381 2199 2435 ctaliud

622 2480 878 2551 quiddam
901 2486 956 2534 et
978 2478 1197 2547 impium
1240 2485 1296 2531 et
1356 2477 1561 2530 immite
1602 2475 1960 2529 admiserunt.
2015 2472 2189 2541 Capta

621 2570 764 2624 enim
810 2568 1116 2623 Judreorutn
1164 2568 1387 2637 regione
1417 2581 1445 2619 a
1497 2564 1812 2636 Babylonio,
1877 2565 2203 2631 incensoque

624 2660 843 2730 templo,
882 2658 1106 2712 vastatis
1149 2656 1553 2726 Hierosolymis,
1593 2671 1656 2711 ea
1689 2656 1741 2710 in
1777 2657 1921 2710 cives
1952 2665 2204 2724 patrave-

623 2761 750 2807 runt
782 2766 900 2821 qute
929 2749 1071 2804 nulla
1103 2750 1406 2803 consectari
1432 2755 1607 2816 potest
1630 2747 1823 2801 oratio.
1851 2746 2052 2801 Deinde
2077 2760 2199 2799 cum

621 2859 805 2899 eorum
832 2843 1057 2911 aliquot,
1075 2841 1166 2908 qui
1198 2853 1228 2893 a
1258 2838 1432 2907 gladio
1461 2837 1975 2891 Persico‘imrnunes
1992 2844 2045 2889 et
2066 2835 2199 2889 salvi

620 2944 924 2993 evaserant.
968 2931 1037 2985 ad
1095 2931 1369 3000 regionem
1422 2928 1750 2993 Judreorum,
1800 2937 1860 2980 ut
1917 2927 2199 2980 finitimam

619 3035 676 3079 et
704 3034 763 3078 ut
790 3025 856 3077 ad
884 3022 1084 3077 fratres
1144 3030 1199 3074 et
1254 3019 1685 3086 consanguineos
1743 3016 2049 3082 fugissent:
2108 3016 2198 3070 isti

619 3129 926 3185 quanquam
947 3125 1273 3167 succurrere
1304 3119 1362 3164 ut
1388 3108 1921 3172 fratribus,misereri
1962 3116 2018 3162 ut
2045 3108 2200 3163 mise-
2226 3145 2269 3204 α

620 3222 827 3272 rerum,
850 3203 1153 3260 refocillare
1166 3216 1230 3256 ac
1252 3200 1534 3255 restituere
1560 3207 1618 3253 ut
1644 3198 1844 3252 amicos
1870 3197 2195 3263 debuissent,

620 3297 854 3355 belluine
883 3297 1219 3367 invaserunt,
1255 3302 1311 3347 et
1333 3291 1711 3346 crudelitatem
1748 3304 1898 3345 suam
1932 3290 1986 3344 in
2018 3288 2198 3359 profu-

619 3401 718 3457 gos
740 3391 1124 3440 exercuerunt.
1158 3381 1241 3435 0b
1271 3381 1371 3436 hoc
1400 3382 1570 3450 ipsum
1590 3381 1829 3449 graviter
1850 3380 2190 3435 insimulavit

620 3492 715 3533 eos
743 3475 1111 3530 universitatis
1164 3473 1348 3540 Deus,
1419 3488 1552 3526 voce
1621 3473 1807 3527 Abdiae
1898 3474 2195 3542 prophetas.

621 3565 899 3635 Scriptum
920 3572 1001 3620 est
1032 3565 1176 3618 enim
1237 3564 1351 3618 sic:
1416 3581 1437 3616 ι
1486 3562 1578 3617 lllo
1636 3563 1745 3627 die,
1776 3563 1853 3617 ait
1914 3564 2195 3627 Dominus,

619 3657 839 3727 perdam
878 3655 1149 3724 sapientes
1182 3669 1249 3707 ex
1280 3652 1531 3718 ldumaea,
1560 3654 1718 3724 311
1755 3662 1810 3707 et
1878 3653 2185 3722 intelligen-

622 3751 749 3804 tiam
783 3748 851 3803 de
885 3755 1067 3801 monte
1102 3746 1262 3811 Esau,
1308 3756 1364 3800 et
1406 3747 1895 3800 consternabuntur
1918 3746 2198 3800 bellatores

622 3840 698 3893 tui
724 3840 813 3908 qui
845 3853 911 3892 ex
936 3837 1207 3903 Theman,
1261 3846 1319 3890 ut
1368 3836 1652 3890 auferatur
1706 3839 1869 3892 homo
1900 3839 1964 3891 de
2014 3846 2195 3892 monte

623 3929 788 3993 Esau,
819 3938 1036 3997 propter
1057 3931 1258 3983 caedem
1278 3937 1332 3982 et
1354 3929 1684 3998 impietatem
1720 3931 1770 3982 in
1801 3931 2020 3985 fratrem
2049 3940 2195 3985 tuum

616 4021 803 4078 Jacob.
836 4018 1055 4090 Operiet
1085 4031 1137 4074 te
1167 4020 1483 4089 ignominia,
1535 4028 1591 4074 et
1649 4022 2101 4078 exterminaberis
2143 4024 2195 4078 in

615 4122 922 4167 aeternum:
967 4126 995 4164 a
1038 4126 1146 4179 quo
1185 4111 1272 4165 die
1324 4109 1571 4165 restitisti
1617 4124 1684 4165 ex
1745 4110 1972 4165 adversa
2020 4122 2193 4182 parte,

618 4206 672 4258 in
712 4204 795 4258 die
826 4203 1249 4273 alienigenarum
1287 4202 1557 4271 captivum
1631 4204 1941 4256 ducentium
1988 4205 2198 4258 exerci-

618 4303 727 4349 tum
760 4292 898 4359 ejus:
938 4292 1312 4363 etgalienigeni
1350 4292 1578 4362 ingressi
1609 4301 1737 4347 sunt
1764 4293 1815 4346 itt
1848 4304 2031 4363 portas
2057 4295 2193 4364 eius:

615 4395 671 4439 et
700 4384 765 4438 de
802 4382 1101 4437 Jerusalem
1136 4383 1387 4451 jecerunt
1440 4394 1615 4437 sortes
1645 4402 1658 4437 :
1695 4392 1748 4436 et
1778 4391 1832 4438 tu
1862 4399 1986 4439 eras
2042 4388 2193 4455 quasi

2300 1924 2685 1994 διελευσόμεθα
2729 1924 2795 1978 δι’
2826 1926 3036 1996 ἀγρῶν,
3089 1926 3209 1978 οὐδὲ
3242 1924 3308 1978 δι’
3341 1925 3699 1995 ἀμπελώνων·
3731 1927 3824 1979 οὐδὲ

2302 2017 2538 2088 πιόμεθα
2571 2016 2715 2086 ὓδωρ
2742 2019 2804 2069 ἐκ
2842 2016 3047 2070 λάκκου
3080 2034 3174 2069 σου
3197 2032 3209 2047 '
3245 2017 3353 2085 ὁδῷ
3390 2016 3635 2088 βασιλικῇ
3666 2034 3826 2087 πορευ-

2302 2109 2533 2181 σόμεθα·
2564 2109 2665 2162 οὐκ
2694 2108 3049 2178 ἐκκλινοῦμεν
3078 2108 3245 2173 δεξιά,
3284 2107 3411 2161 οὔτε
3455 2107 3717 2179 εὐώνυμα,
3744 2108 3825 2169 ἕως

2300 2197 2365 2251 ἀν
2399 2197 2760 2268 παρέλθωμεν
2794 2197 2863 2250 τὰ
2902 2196 3029 2269 ὃριά
3062 2214 3176 2251 σου.
3212 2198 3320 2250 Kal.
3362 2194 3517 2251 εἶπεν
3540 2198 3665 2268 πρὸς
3699 2200 3827 2252 αὐτὸν

2314 2288 2509 2360 Ἐδώμ·
2547 2290 2620 2342 Ού
2650 2288 2892 2359 διοδεύσῃ
2927 2288 2995 2341 δι’
3026 2289 3160 2359 ἐμοῦ
3182 2306 3193 2316 ·
3234 2291 3283 2342 εί
3315 2289 3371 2342 δέ
3415 2288 3510 2359 μὴ,
3555 2290 3610 2341 ἐν
3647 2288 3826 2359 πολέμῳ

2302 2379 2651 2449 ἐξελεύσομαι
2729 2380 2810 2442 εἰς
2878 2379 3202 2449 συνάντησίν
3265 2397 3381 2433 σου.
3425 2398 3443 2430 ι
3509 2380 3661 2450 Ὁρᾷς
3711 2380 3827 2441 ὅπως

2304 2471 2526 2542 σκληροὶ
2557 2470 2651 2523 καὶ
2690 2470 3192 2542 ἀφιλοικτείρμονες
3223 2470 3515 2540 γεγόνασιν
3563 2472 3823 2542 Ἰδουμαῖοι,

2301 2561 2396 2615 καὶ
2442 2562 2598 2615 τοῦτο
2643 2562 2778 2631 πρὸς
2824 2562 3117 2633 ἀδελφούς;
3177 2563 3316 2615 Ἀλλ’
3355 2564 3419 2615 ού
3474 2563 3630 2634 μέχρι
3663 2565 3825 2616 τούτων

2302 2654 2480 2716 αὐτοῖς
2512 2653 2580 2707 τὰ
2610 2652 2934 2724 ἐγκλήματα
2956 2672 2969 2685 ο
3018 2654 3154 2708 ἀλλά
3181 2652 3289 2725 γὰρ
3321 2654 3419 2707 καὶ
3463 2654 3641 2726 ἕτερόν
3675 2672 3720 2707 τι
3753 2671 3827 2708 πε-

2303 2746 2577 2815 πράχασιν
2605 2745 2821 2799 ἀνόσιόν
2850 2763 2909 2799 τε
2937 2747 3031 2799 καὶ
3060 2742 3283 2815 ἀπηνές.
3326 2739 3457 2798 Εἷλε
3497 2746 3592 2816 μὲν
3627 2747 3721 2817 γὰρ
3751 2746 3827 2816 τὴν

2301 2836 2406 2888 τῶν
2432 2838 2702 2891 Ἰουδαίων
2728 2837 2913 2908 χώραν
2940 2839 2969 2891 ὁ
2998 2837 3360 2901 Βαϐυλώνιος,
3387 2841 3758 2911 κατεμπρήσας
3783 2840 3826 2892 δὲ

2300 2928 2392 2982 τὸν
2425 2930 2551 2983 ναὸν
2592 2931 2688 2983 καὶ
2724 2930 3082 3002 καταδῃώσας
3111 2930 3201 2984 τὸν
3240 2931 3481 3003 Ἰσραὴλ,
3511 2932 3577 2985 τὰ
3607 2934 3731 3004 πέρα
3756 2933 3824 2985 λό-

2300 3034 2399 3087 γου
2432 3020 2631 3083 παντὸς
2663 3022 2803 3075 κατά
2841 3022 2948 3074 τῶν
2989 3022 3339 3077 ἐνοικούντων
3390 3024 3683 3095 εἰργάξετο.
3724 3021 3826 3078 Εἶτά

2300 3126 2444 3172 τινες
2464 3110 2574 3163 τῶν
2607 3109 3054 3180 διασεσωσμένων
3080 3112 3144 3164 ἐκ
3176 3112 3457 3183 μαχαίρας
3485 3111 3752 3181 Περσικῆς,
3770 3111 3827 3174 ὡς

2301 3201 2380 3263 είς
2404 3200 2600 3270 ὅμορον
2634 3200 2819 3272 χώραν
2848 3199 2957 3253 τῶν
2998 3200 3287 3269 Ἰουδαίων,
3320 3204 3416 3257 καὶ
3454 3204 3528 3267 ὼς
3556 3204 3680 3274 πρὸς
3707 3203 3826 3256 ἀδελ-

2301 3292 2436 3361 φοὺς
2474 3292 2569 3345 καλ⁸
2606 3293 2911 3362 ὁμαίμονας
2941 3293 3307 3362 καταφεύγειν
3336 3295 3687 3359 ἐσπούδαζον·
3719 3296 3759 3346 ol
3785 3294 3829 3347 δὲ

2300 3382 2475 3436 καίτοι
2505 3382 2623 3435 δέον
2667 3383 2948 3454 ἐπαμῦναι
2993 3383 3069 3448 ὡς
3110 3384 3381 3453 ἀδελφοῖς,
3433 3386 3526 3439 καὶ
3553 3384 3731 3447 ἀθλίως
3756 3400 3828 3434 πε-

2300 3473 2576 3543 πραχότας
2608 3474 2969 3544 ἐποικτείρειν
2997 3473 3218 3540 αὐτοὺς,
3256 3476 3351 3529 καὶ
3388 3476 3497 3546 μὴν
3522 3477 3613 3528 καὶ
3636 3476 3830 3528 ἀνακτᾶ-

2301 3564 2423 3615 σθαι
2461 3563 2817 3633 φιλοφρόνως,
2856 3564 3245 3636 θηριοπρεπῶς
3271 3568 3560 3637 ἐπεπήδων
3580 3582 3592 3596 ·
3628 3566 3764 3637 ἔργον
3786 3565 3828 3617 δὲ

2298 3654 2405 3723 τῆς
2465 3654 2675 3706 ἑαυτῶν
2712 3654 2994 3725 ὠμότητος
3049 3657 3329 3710 ἐποιοῦντο
3378 3657 3511 3721 τοὺς
3553 3656 3827 3726 φεύγοντας.

2299 3745 2408 3797 Καὶ
2444 3746 2528 3797 ἐπ’
2560 3744 2706 3815 αὐτῷ
2755 3746 2819 3815 δὴ
2866 3746 3064 3816 τούτῳ,
3112 3748 3411 3819 κατῃτιᾶτο
3458 3748 3578 3801 λίαν
3611 3746 3830 3808 αὐτοὺςό

2297 3836 2404 3889 τῶν
2458 3836 2595 3889 ὅλων
2644 3837 2774 3899 Θεὸς
2807 3837 2894 3890 διὰ
2947 3839 3131 3907 φωνῆς
3174 3839 3381 3892 Ἀϐδίου
3429 3839 3524 3892 τοῦ
3574 3840 3828 3909 προφήτου’

2298 3928 2609 3999 γέγραπται
2660 3928 2767 3999 γὰρ
2797 3927 2921 3980 ὡδί·
2969 3947 2988 3979 ι
3036 3930 3122 3981 Ἐν
3140 3930 3324 4001 ἐκείνῃ
3368 3933 3438 4000 τῇ
3474 3930 3671 4001 ἡμέρα,
3711 3926 3831 3994 λέγει

2300 4019 2522 4089 Κύριος,
2555 4019 2742 4072 ἀπολῶ
2776 4021 2971 4089 σοφοὺς
3018 4020 3083 4073 ἐκ
3124 4020 3223 4089 τῆς
3264 4021 3588 4091 Ἰδουμαίας,
3618 4020 3703 4074 καί⁵
3733 4018 3831 4071 σύν-

2298 4126 2412 4162 εσιν
2456 4109 2515 4174 ἐξ
2567 4110 2729 4179 ὅρους
2768 4110 2938 4164 Ἦσαῦ
2960 4127 2975 4140 ·
3007 4112 3099 4164 καὶ
3130 4112 3529 4182 πτοηθήσονται
3557 4114 3605 4165 οἰ
3633 4109 3832 4181 μαχηταί

2300 4214 2392 4250 σου
2414 4200 2462 4251 oi
2493 4198 2556 4251 ἐκ
2585 4198 2791 4267 Θεμάν,
2822 4198 2971 4263 ὅπως
3018 4199 3218 4271 ἐξαρθῇ
3271 4200 3558 4270 ἄνθρωπος
3606 4201 3662 4264 ἐξ
3702 4200 3831 4268 ὅρους

2308 4288 2501 4351 Ἠσαῦ,
2526 4289 2616 4342 διὰ
2648 4290 2748 4358 τὴν
2784 4291 2998 4361 σφαγὴν
3028 4292 3123 4344 καὶ
3151 4291 3249 4361 τὴν
3276 4292 3534 4345 ἀσέϐειαν
3559 4292 3649 4359 τὴν
3676 4290 3746 4351 είς
3762 4286 3831 4339 τὸν

2297 4378 2525 4447 ἀδελφόν
2565 4395 2656 4431 σου
2696 4378 2923 4432 Ἰακώϐ·
2962 4381 3060 4433 καὶ
3108 4380 3338 4449 καλύψει
3384 4399 3445 4435 σε
3479 4380 3725 4450 αἰσχύνη,
3758 4375 3832 4429 καὶ

617 4489 761 4530 unus
805 4490 871 4529 ex
915 4474 1019 4528 illis
1048 4473 1115 4526 ⁸⁷.
1160 4492 1178 4525 ι
1230 4474 1389 4539 Ecce,
1444 4484 1503 4528 ut
1559 4473 1795 4528 Persica:
1866 4476 2197 4531 crudelitatis

2301 4469 2575 4541 ἐξαρθήσῃ
2595 4471 2674 4533 εἰς
2703 4470 2791 4522 τὸν
2824 4469 3015 4534 αἰῶνα,
3043 4470 3136 4539 ἀφ’
3168 4467 3236 4543 ἧς
3269 4472 3486 4542 ἡμέρας
3517 4472 3759 4539 ἀντέστης
3788 4465 3831 4530 ἐξ

617 4564 917 4618 imitatores
947 4562 1291 4627 exstiterunt,
1325 4573 1380 4619 et
1405 4564 1496 4632 qui
1531 4564 1756 4618 salutem
1779 4568 2189 4634 exspectabant,

616 4663 670 4709 et
700 4663 983 4722 propterea
1008 4653 1348 4722 tauquamad
1390 4653 1588 4709 fratres
1639 4664 1693 4708 et
1760 4654 1967 4707 vicinos
2021 4654 2189 4719 ibant,

616 4758 711 4798 eos
743 4743 1082 4796 trucidarunt
1129 4744 1460 4797 immaniter.
1496 4744 1674 4810 Quare
1721 4743 2000 4814 Babylonii
2064 4760 2187 4799 cunt

616 4831 922 4887 Judaeorum
961 4832 1234 4901 regionem
1282 4833 1577 4902 cepissent,
1621 4833 1826 4887 reducti
1860 4833 2112 4900 deinceps
2140 4834 2194 4885 iu

618 4936 771 4974 suam
832 4921 1085 4990 patriam,
1121 4922 1296 4976 obiter
1359 4923 1664 4992 dep0pulati
1713 4933 1839 4977 sunt
1890 4922 2194 4977 ldutnmam.

616 5011 887 5080 Ceperuut
917 5011 1060 5065 enim
1092 5027 1280 5066 omnes
1314 5011 1474 5066 facile
1512 5028 1665 5076 sane,
1710 5023 1766 5069 et
1823 5015 2025 5082 absque
2073 5013 2193 5079 pul-

617 5115 770 5164 vere,
807 5100 900 5154 Dei
929 5101 1006 5154 ira
1038 5102 1144 5156 illis
1181 5104 1515 5157 imminente.
1559 5104 1624 5157 Et
1658 5119 1844 5159 rursus
1896 5105 2031 5160 dixit
2066 5117 2196 5159 voce

616 5191 840 5246 Abdite:
891 5209 911 5243 ι
940 5190 1229 5260 Propterea
1271 5209 1438 5263 prepe
1483 5203 1565 5249 est
1621 5195 1734 5249 dies
1778 5195 1986 5249 Domini
2038 5210 2197 5263 super

616 5296 805 5335 omnes
830 5292 1053 5350 gentes:
1082 5284 1532 5353 quemadmodum
1569 5284 1764 5351 fecisti,
1805 5286 1876 5338 ita
1906 5284 2011 5338 erit
2044 5284 2138 5339 tibi
2171 5302 2186 5339 :

618 5372 901 5427 retributio
931 5381 1020 5426 tua
1074 5374 1402 5428 retribuetur
1434 5374 1489 5428 in
1515 5384 1678 5444 caput
1743 5383 1892 5428 tuum
1917 5373 1983 5428 ⁸⁸.
2022 5392 2041 5425 ι
2075 5373 2188 5428 Hoc

586 5462 783 5532 igitur
826 5473 912 5518 est
967 5465 1122 5533 quasi
1161 5464 1309 5519 brevi
1361 5466 1699 5535 compendio,
1759 5464 1874 5530 ejus
1913 5479 2033 5532 quas
2077 5479 2188 5534 pra:

586 5847 613 5860 ι’

616 5554 868 5609 manibus
903 5563 987 5609 est
1018 5555 1242 5610 visionis
1270 5566 1668 5626 argumentum.
1712 5554 2185 5625 .Progrediendum

657 5733 732 5816 ,⁸⁸
760 5733 920 5789 Num.
955 5749 1048 5801 xx,
1081 5733 1269 5789 iit-18.
1348 5734 1390 5766 ⁸⁷
1421 5733 1604 5790 Abdita
1642 5749 1682 5802 t,
1711 5733 1857 5789 8-H.
1889 5810 1902 5821 ν
1925 5734 1978 5817 _”
2005 5733 2135 5789 ibid.
2170 5732 2254 5789 15.

2295 4562 2543 4624 ἐναντίας
2573 4602 2586 4627 ,
2648 4562 2705 4612 ἐν
2759 4560 2940 4631 ἡμέρᾳ
2994 4560 3511 4631 αἰχμαλωτευόντων
3571 4556 3831 4626 ἀλλογενῶν

2292 4652 2522 4722 δύναμιν
2579 4651 2772 4705 αὑτοῦ·
2818 4654 2911 4705 καὶ
2954 4653 3222 4724 ἀλλότριοι
3274 4653 3526 4722 εἰσῆλθον
3567 4654 3644 4711 εἰς
3689 4648 3832 4708 πύλας

2295 4744 2458 4797 αὑτοῦ
2479 4759 2490 4771 ·
2521 4744 2612 4796 καὶ
2641 4743 2733 4796 ἐπὶ
2767 4743 3118 4814 Ἰερουσαλὴμ
3155 4744 3347 4797 ἔϐαλον
3384 4745 3642 4815 κλήρους·
3674 4742 3754 4795 καὶ
3779 4740 3829 4792 σὺ

2294 4829 2363 4903 ἧς
2410 4833 2487 4897 ὡς
2533 4827 2615 4896 εἷς
2662 4832 2721 4899 ἐξ
2768 4833 2971 4887 αὐτῶν.
3014 4853 3032 4885 ι
3086 4833 3275 4905 νΑθρει
3319 4834 3382 4904 δὴ
3440 4832 3533 4889 οὖν
3573 4835 3711 4897 ὅπως
3753 4830 3829 4899 τῆς

2298 4925 2573 4995 Περσικῆς
2632 4922 2941 4995 ὠμότητοςῖ
2968 4925 3222 4993 γεγόνασι
3272 4927 3532 4996 μιμηταὶ,
3595 4925 3683 4977 καὶ
3728 4907 3846 4981 τοὺς

2292 5013 2665 5077 ἀνασώζεσθαι
2696 5014 3196 5085 προσδοκήσαντας,
3238 5016 3442 5085 ταύτης
3472 5033 3531 5068 τε
3572 5015 3721 5068 ἕνεκα
3750 5011 3829 5079 τῆς

2293 5104 2471 5168 αἰτίας
2513 5106 2589 5169 ὡς
2618 5107 2755 5177 πρὸς
2805 5106 3067 5175 ἀδελφοὺς
3115 5108 3289 5170 ἰόντας
3324 5109 3419 5161 καὶ
3469 5108 3704 5175 γείτονας
3742 5103 3825 5156 ἀπ-

2292 5194 2575 5248 εκτόνασιν
2629 5196 2891 5264 ἀνηλεῶς.
2938 5196 3180 5259 Ἐλόντες
3224 5198 3403 5250 τοίνυν
3449 5197 3548 5268 τὴν
3590 5196 3689 5252 τῶν
3724 5194 3827 5246 Ἰου-

2294 5285 2459 5338 δαίων
2488 5284 2673 5356 χώραν
2704 5289 2751 5340 oi
2783 5286 3137 5351 Βαϐυλώνιοι,
3175 5287 3631 5358 ἀνακομιζόμενοί
3658 5303 3711 5338 τε
3738 5283 3825 5334 λοι·

2294 5377 2395 5429 πδν
2437 5377 2518 5439 είς
2561 5376 2659 5447 τὴν
2700 5376 2928 5442 ἑαυτῶν,
2962 5378 3081 5433 ὁδοῦ
3129 5380 3405 5450 πάρεργον
3456 5376 3719 5431 ἐποιοῦντο
3748 5372 3823 5441 τῆς

2305 5466 2607 5537 Ἰδουμαίας
2640 5468 2739 5538 τὴν
2765 5469 2985 5540 δῄωσιν.
3017 5464 3176 5523 Εἷλον
3200 5470 3308 5541 γὰρ
3336 5473 3581 5533 ἅπαντας
3610 5467 3695 5521 καὶ
3726 5463 3822 5515 λίαν

2294 5557 2521 5625 ἀκονιτὶ,
2577 5559 2712 5613 Θεοῦ
2764 5561 2862 5617 τὴν
2916 5561 3087 5631 ὀργὴν
3140 5562 3463 5631 ἐπαφιέντος
3514 5558 3701 5620 αὐτοῖς.
3737 5548 3821 5607 Καὶ
