4110 6552
363 455 467 510 497

1462 470 1530 526 IN
1571 471 1804 528 ISAIAM
1840 475 1968 534 LIB.
2009 475 2072 530 ll.
2117 476 2350 534 TOMUS
2387 477 2475 534 IV.

3509 490 3614 545 498

367 575 488 681 γοῦν
653 579 813 681 πάλιν
836 581 923 636 διὰ
963 586 1146 657 φωνῆς
1179 589 1387 643 Ἀὄδίου
1410 608 1423 622 ·
1461 611 1482 644 ι
1520 594 1665 646 Διότι
1699 597 1865 663 ἐγγὺς
1902 598 1934 666 ἡ

2041 606 2124 652 cst
2154 607 2332 653 autem
2378 601 2444 656 ad
2472 601 2678 672 singula
2710 610 3008 676 tractanda,
3067 622 3220 680 prout
3280 626 3465 667 eorum
3495 626 3615 681 qua:

362 667 542 738 ἡμέρα
572 670 778 742 Κυρίου
805 673 897 727 ἐπὶ
923 675 1101 732 πάντα
1129 680 1198 735 τὰ
1226 680 1351 754 ἔθνη
1373 699 1388 714 ο
1416 684 1474 736 ὂν
1513 687 1710 755 τρόπον
1743 687 1929 759 ἐποίη-

3453 699 3480 706 .ο

2040 692 2240 759 scripta
2302 701 2427 745 sunt
2459 696 2594 748 ordo
2645 699 2900 765 postulat.

358 759 682 868 σας,.οῦτως
701 763 1010 868 ἔσται-σοι⁹
1041 769 1103 823 τὸ
1140 773 1490 845 ἀνταπόδομά
1538 795 1630 830 σου
1691 781 2188 852 ἀνταποδοθήσεται
2233 786 2314 848 είς
2386 788 2630 858 κεφαλήν
2647 759 2776 844 σου.
2817 812 2835 844 ι
2870 793 3018 865 Αὕτη
3085 797 3264 852 τοίνυν
3300 799 3357 852 ἐν
3391 797 3621 868 βραχέσι

568 857 754 967 Ep?!”
779 861 938 930 ἡμῶν
967 864 1209 967 ὁξάσεως
1232 869 1265 939 ἡ
1297 870 1569 936 ὑπ’όθιεσιιεὶ·
1603 875 1712 928 καὶ
1769 875 1832 946 δὴ
1868 877 1961 930 καὶ
2038 879 2177 932 ἰτέον
2234 881 2374 950 πρόσ
2408 899 2471 951 γε
2499 855 2595 937 τὰ-
2625 885 2854 956 ἕκαστα,
2913 855 3054 945 κατά
3109 912 3171 963 γε
3228 897 3290 948 τὸ
3337 855 3616 967 ἐγχωροῦν

357 947 532 998 εἰπεῖν
563 946 638 1003 τὰ.
665 950 1119 1024 ἐγγεγραμμένα.

429 1038 581 1105 Πρὸς
617 1039 721 1109 ἐμὲ
749 1041 920 1096 κάλει
957 1045 1116 1114 παρὰ
1141 1047 1248 1102 τοῦ
1277 1050 1469 1118 Σηεῒρ.

425 1130 574 1200 Αὕτη
594 1134 627 1202 ὴ
653 1134 804 1205 φωνὴ
832 1135 924 1189 τοῦ
949 1139 1164 1192 πάντων
1190 1143 1514 1211 κρατοῦντος
1540 1144 1675 1198 Θεοῦ
1694 1146 1772 1216 τῷ
1797 1164 1932 1217 προ-

357 1221 510 1294 τρήτῃ¹
536 1221 805 1291 λεγόντος,
835 1226 910 1289 ὡς
941 1229 1136 1281 αὐτίκα
1159 1231 1222 1301 δὴ
1257 1232 1400 1301 μάλα
1430 1235 1664 1304 πολέμου
1695 1238 1794 1307 τῆς
1824 1237 1934 1290 τῶν

365 1312 678 1383 Ἰδουμαίων
727 1318 1179 1389 κατασκήψαντος
1215 1326 1339 1395 γῆς,
1379 1327 1750 1396 τραπήσονται
1797 1328 1934 1400 πρὸς

354 1404 530 1474 φυγὴν
557 1404 794 1470 ἅπαντες
829 1410 878 1461 οἱ
918 1411 1298 1477 κατοικοῦντες
1330 1417 1520 1487 αὐτήν.
1554 1419 1718 1490 Σηείρ
1748 1419 1805 1473 δὲ
1833 1419 1935 1490 τῆς

363 1493 664 1563 Ἰδουμαίας
691 1498 816 1570 ὅρος
837 1502 954 1555 ἐστὶ
987 1505 1360 1575 παμμέγεθες,
1387 1509 1476 1577 ὑφ’
1500 1503 1544 1578 ᾧ
1566 1510 1784 1579 λέγεται
1808 1512 1940 1583 λαμ-

355 1586 471 1655 πρὰ
505 1587 634 1658 παρ’
667 1590 848 1655 αὐτοῖς
879 1587 1016 1646 εἶναι
1047 1596 1222 1661 πόλις.
1264 1598 1350 1662 Ὠς
1391 1595 1485 1653 οῦν
1529 1601 1828 1670 μελλόντων
1861 1604 1938 1667 ὡς

354 1679 564 1733 οὐδέπω
605 1683 907 1752 τραπέσθαι
946 1687 1084 1757 πρὸς
1124 1691 1304 1761 φυγὴν
1346 1692 1454 1745 τῶν
1482 1693 1540 1759 ἐξ
1567 1693 1725 1765 ὅρους
1750 1696 1933 1766 Σηεῖρ,

356 1768 473 1836 Ιιτοι
513 1768 622 1822 τῶν
659 1770 988 1842 Ἰδουμαίων,
1034 1777 1177 1844 Πρὸς
1217 1779 1338 1849 ἐμὲ,
1367 1781 1532 1851 φησὶ,
1574 1782 1750 1849 κάλει,
1785 1782 1932 1836 τοῦτ’

357 1856 523 1924 ἐστιν,
567 1857 850 1928 ⁴ίικέτωσαν
893 1863 943 1914 oi
993 1864 1201 1918 ἐκεῖθεν
1241 1867 1532 1936 φεύγοντες
1569 1871 1648 1932 εἰς
1678 1871 1776 1941 τὴν
1809 1871 1933 1923 Ἰου-
1964 1861 2005 1915 Β

357 1949 526 2005 δαίαν.
562 1951 772 2023 Ὥσπερ
809 1952 918 2024 γὰρ
950 1956 1296 2024 ἐπετώθαζον
1339 1964 1453 2024 τοῖς
1493 1961 1553 2026 ἐξ
1589 1962 1802 2033 Ἰσραὴλ
1835 1979 1933 2016 κα-

361 2043 683 2111 ταφεύγουσι
713 2047 845 2116 παρ’
870 2047 1077 2111 αὐτοῖς.
1107 2049 1248 2105 οὕτω
1291 2052 1741 2123 γελασθήσονται,
1774 2056 1930 2123 φησὶ,

363 2134 421 2188 τὰ
449 2135 541 2189 ίσα
570 2135 803 2206 δρῶντες
836 2139 1040 2205 αὐτοῖς,
1089 2142 1182 2197 καὶ
1217 2146 1316 2215 τῆς
1361 2142 1718 2198 Βασυλωνίων
1749 2145 1932 2216 χειρὸς

359 2224 675 2297 ἡττώμενοι.

423 2320 735 2386 Φυλάξατε
776 2322 1082 2390 ἐπάλξεις,
1120 2322 1370 2393 φυλάξω
1399 2323 1463 2377 τὸ
1487 2325 1653 2394 ,πρωῒ
1680 2325 1776 2379 καί
1821 2324 1936 2392 τὴν

357 2427 568 2465 ivxta.

428 2505 582 2556 Ἔστι
617 2505 714 2574 μὲν
742 2507 770 2558 ὁ
798 2503 957 2573 λόγος
982 2503 1057 2568 ὡς
1088 2504 1224 2576 πρὸς
1265 2506 1615 2577 Ἰδουμαίους,
1656 2508 1936 2578 μονονουχὶ

357 2595 810 2660 ιατονειδίζοντος
855 2597 1040 2659 αὐτοῖς
1073 2596 1166 2648 τοῦ
1196 2596 1328 2650 Θεοῦ
1369 2598 1432 2650 τὸ
1469 2599 1674 2652 είκαῖον
1722 2601 1802 2662 είς
1840 2600 1937 2652 πόη

358 2703 501 2748 νους,
544 2687 672 2750 τοὺς
711 2687 802 2739 ἐπί
836 2703 900 2755 γε
941 2687 1004 2740 τὸ
1030 2688 1142 2740 δεῖν
1187 2687 1489 2758 ἀμύνεσθαι
1530 2691 1658 2753 τοὺς
1688 2689 1934 2761 ἐχθροὺς,

363 2777 636 2849 γλίχεσθαι
668 2777 727 2830 δέ
759 2778 880 2831 κατ’
909 2777 1098 2831 οὐδένα
1128 2779 1329 2848 τρόπον
1362 2779 1460 2850 τῆς
1493 2781 1621 2852 παρ’
1647 2781 1812 2835 αὐτοῦ
1840 2798 1939 2835 σω-

359 2868 551 2938 τηρίας
573 2870 666 2924 καὶ
692 2869 930 2940 ἀρωγῆς.
960 2869 1276 2942 Μελλούσης
1313 2871 1421 2943 γὰρ
1447 2873 1665 2927 ἔσεσθαι
1703 2873 1802 2944 τῆς
1829 2872 1938 2927 τῶν

365 2960 668 3031 ’Δσσυρίων
703 2961 915 3030 ἐφόδου,
946 2961 1042 3027 καὶ
1085 2961 1194 3016 τῶν
1247 2962 1454 3016 πόλεων
1500 2964 1938 3034 ἀποφράττοντες

351 3047 628 3112 είσδολὰς,
653 3049 752 3112 τὰς
774 3049 1028 3116 ἐπάλξεις
1055 3050 1304 3121 ἐτήρουν.
1333 3050 1472 3104 Ἀλλ’
1493 3047 1562 3123 ἦν
1589 3051 1845 3122 ἀνόνητον
1876 3052 1938 3106 τὸ

353 3140 550 3211 χρῆμα
600 3141 804 3204 αὐτοῖς.
833 3139 1091 3196 Ἥλωσαν
1134 3141 1243 3214 γὰρ
1273 3142 1328 3197 αί
1366 3144 1494 3215 παρ’
1521 3142 1704 3207 αὐτοῖς
1735 3143 1934 3208 πόλεις,

356 3208 464 3287 καὶ.
479 3208 656 3296 οὐδεὶς
679 3228 747 3304 ἦν
779 3231 1058 3296 παντελῶς
1084 3235 1112 3287 ὁ
1141 3208 1465 3306 σωζόμενος.
1497 3234 1584 3289 Ἐν
1613 3235 1732 3307 ἧθει
1758 3235 1937 3288 τοίνυν
1963 3208 2006 3267 C

355 3326 389 3378 ὁ
414 3323 566 3395 παρά
588 3323 722 3378 Θεοῦ
749 3323 886 3395 πρὸς
910 3324 1107 3390 αὐτοὺς
1130 3325 1323 3395 γέγονε
1366 3327 1552 3392 λόγος·
1580 3321 1720 3390 Ναὶ,
1750 3326 1935 3396 φησὶν,

354 3414 500 3484 ὀρθὰ
524 3415 618 3469 καὶ
635 3417 821 3472 εἰκότα
850 3417 1190 3488 βουλεύεσθε,
1215 3417 1517 3486 φυλάσσετε
1539 3417 1639 3481 τὰς
1664 3416 1937 3482 ἐπάλξεις.

358 3500 498 3560 Εἶτα
528 3506 604 3571 ὡς
634 3509 766 3579 παρ’
805 3509 1005 3573 αὐτῶν,
1053 3508 1314 3562 Φυλάσσω
1363 3509 1426 3562 τὸ
1474 3507 1648 3580 πρωῒ,
1697 3510 1793 3562 καὶ
1839 3509 1940 3579 τὴν

355 3599 550 3652 νύκτα.
584 3618 605 3653 ι
639 3599 780 3654 Ἀλλ’
819 3602 917 3655 ἐὰν
953 3601 1028 3673 μὴ
1069 3601 1099 3652 ὁ
1134 3599 1340 3670 Κύριος
1372 3599 1626 3669 φυλάξειε
1653 3599 1827 3663 πόλιν,
1861 3600 1941 3663 είς

361 3691 546 3761 μάτην
577 3689 927 3762 ἡγρύπνησεν
955 3693 984 3744 δ
1025 3689 1336 3760 φυλάσσων.
1360 3707 1379 3740 ι
1416 3688 1561 3742 Ἔδει
1593 3687 1702 3758 γὰρ
1739 3686 1941 3758 μᾶλλον

355 3780 682 3852 ἐπιχωρίαν
715 3780 896 3852 ζητεῖν
935 3781 1034 3853 τὴν
1079 3779 1284 3835 ἄνωθεν
1319 3780 1412 3833 καὶ
1447 3777 1596 3849 παρὰ
1643 3778 1800 3842 Θεοῦ,
1848 3778 1942 3833 καὶ

355 3872 486 3942 οὐχὶ
529 3872 594 3943 δὴ
633 3873 834 3943 μᾶλλον
879 3873 1243 3944 ἐπιθαρσῆσαι
1283 3870 1469 3934 λίθοις.
1507 3869 1942 3924 Κατασεσεῖσθαι

355 3963 474 4033 γὰρ
506 3961 646 4015 οὕτω
680 3963 844 4031 φασὶν
870 3963 979 4016 τῶν
1015 3961 1147 4032 παρ’
1173 3961 1358 4024 αὐτοῖς
1406 3959 1612 4013 πόλεων
1654 3959 1833 4032 τείχη,
1866 3959 1942 4024 ὡς

356 4053 512 4108 λίθον
537 4055 628 4108 ἐπὶ
653 4055 801 4108 λίθον
824 4055 923 4124 οὐχ
947 4053 1176 4126 ὁρᾶσθαι
1206 4053 1480 4123 κείμενον.

448 4145 585 4197 Ἐὰν
626 4143 800 4213 ζητῇς
832 4144 1021 4214 ζήτει,
1055 4144 1153 4198 καί
1194 4144 1332 4212 παρ’
1373 4143 1503 4213 ἐμοὶ
1540 4141 1722 4209 οἴκει,
1756 4142 1827 4196 ἐν
1863 4139 1943 4206 τῷ

358 4232 567 4305 δρυμῷ
591 4235 853 4304 ἑσπέρας
885 4233 1247 4304 κοιμηθήσῃ.

445 4327 510 4378 El
557 4325 664 4395 γὰρ
712 4325 777 4396 δὴ
819 4325 1060 4396 βούλοιο,
1116 4325 1304 4396 φησὶν,
1357 4324 1677 4396 ἐπικουρίαν
1733 4323 1938 4394 ζητεῖν,

357 4415 520 4484 ζήτει
554 4411 759 4485 ταύτην
801 4415 931 4486 παρ’
975 4413 1108 4483 ἐμοῦ
1150 4412 1246 4467 τοῦ
1288 4411 1575 4476 διασώζειν
1629 4411 1941 4481 ἰσχύοντος,

359 4505 462 4559 καὶ
479 4505 616 4558 οἴκει
631 4504 758 4576 παρ’
781 4505 922 4575 ἐμοὶ,
938 4503 1083 4557 τοῦτ’
1111 4503 1278 4568 ἐστιν,
1303 4503 1433 4574 ἐμὸς
1449 4502 1539 4556 ἔσο
1555 4503 1650 4558 καὶ
1666 4502 1852 4573 φρόνει
1877 4503 1945 4555 τὰ

359 4595 519 4666 ἐμὰι,
566 4596 666 4666 τῆς
701 4595 808 4649 τῶν
853 4594 1219 4666 ψευδωνύμων
1269 4594 1406 4649 θεῶν
1454 4594 1711 4666 λατρείας
1750 4593 1944 4667 σαυτὸν

358 4686 618 4755 ἀφιστὰς.
643 4685 893 4741 Τοιοῦτόν
922 4687 977 4740 τί
1027 4703 1194 4757 φησιν
1221 4687 1250 4738 ὁ
1277 4685 1466 4756 Σωτήρ
1485 4701 1498 4716 ⁸
1530 4705 1547 4737 ι
1585 4685 1644 4738 Ὀ
1673 4684 1774 4755 ἐμὲ
1821 4685 1952 4752 ἀγα-

358 4777 508 4841 πῶν,
532 4778 654 4849 ἐμοὶ
678 4777 1058 4841 ἀκολουθείτω,
1083 4777 1177 4831 καὶ
1201 4778 1335 4830 ὅπου
1389 4777 1504 4847 εἰμὶ
1538 4776 1666 4844 ἐγὼ,
1701 4778 1819 4829 ἐκεῖ
1848 4776 1946 4828 καὶ

358 4868 394 4920 6
434 4867 676 4931 διάκονος
710 4869 738 4921 ὁ
785 4868 917 4938 ἐμὸς
968 4867 1130 4921 ἔστω.
1158 4885 1178 4920 ι
1237 4865 1696 4936 Κατατρεχούσης
1742 4865 1945 4928 τοίνυν,

359 4958 526 5028 φησι,
565 4960 664 5028 τῆς
711 4959 819 5012 τῶν
877 4959 1152 5028 πολεμίων
1201 4957 1482 5027 φάλαγγος
1529 4956 1630 5026 τὴν
1671 4955 1782 5010 τῶν
1822 4957 1950 5008 ’1ου-

357 5049 534 5106 δαίων
564 5049 783 5106 ἃπασαν
817 5051 944 5122 γῆν,
967 5051 1071 5118 ἔξω
1094 5052 1188 5105 καὶ⁵
1213 5052 1378 5105 οἴκων
1401 5050 1435 5121 ἢ
1463 5049 1559 5103 καὶ⁸
1586 5048 1814 5113 πόλεων,
1844 5047 1939 5101 καὶ

316 5165 320 5168 ·
359 5144 430 5195 ἐν
457 5141 536 5212 τῷ
563 5141 754 5213 δρυμῷ
782 5143 1019 5214 ἐσπέρας
1047 5143 1376 5214 κοιμηθήσῃ,
1422 5139 1567 5193 τοῦτ’
1600 5139 1769 5204 ἐστιν,
1805 5138 1941 5209 ὁμοῦ

357 5234 485 5293 τοῖς
523 5233 735 5303 ἀγρίοις
787 5233 1080 5286 καταλύσει
1135 5232 1375 5303 θηρίοις·
1427 5231 1840 5302 καταυλισθήσῃ
1886 5228 1942 5282 δὲ

360 5322 467 5376 καὶ
493 5322 550 5374 ἐν
582 5323 694 5386 τοῖς
725 5321 922 5387 ἕλεσιν,
955 5321 1099 5377 οὕτω
1132 5340 1189 5376 τε
1221 5321 1404 5376 λοιπὸν
1429 5322 1528 5393 τῆς
1557 5322 1638 5384 είς
1680 5321 1942 5390 ἀδελφοὺς

356 5412 650 5483 ὠμότητος
687 5413 980 5486 πραχθήοῃ
1007 5412 1107 5477 τὰς
1132 5413 1306 5477 δίκας.

454 5505 551 5556 Ἐν
585 5502 661 5572 τῇ
711 5503 828 5569 ὀδῷ
875 5503 1114 5569 Δαιδὰν,
1154 5506 1243 5570 είς
1285 5503 1668 5572 συνάντησιν
1697 5499 1945 5570 διψῶντι

357 5593 532 5663 ὕδωρ
589 5593 826 5664 φέρετε,
871 5598 923 5651 οὶ
956 5595 1335 5662 ἐνοικοῦντες
1386 5595 1456 5648 ἐν
1515 5594 1676 5664 χώρᾳ
1727 5590 1942 5662 Θεμᾶν,

355 5688 571 5756 ἄρτοις
587 5685 922 5742 συναντᾶτε
941 5685 1064 5751 τοῖς
1082 5687 1374 5757 φεύγουσι
1389 5685 1486 5741 διὰ
1498 5685 1560 5740 τὸ
1583 5683 1818 5754 πλῆθος
1829 5682 1946 5739 τῶν

445 5857 495 5898 ⁸⁸
545 5863 684 5922 Psal.
734 5882 914 5932 exul,
953 5867 1002 5921 l.
1079 5869 1122 5900 ⁶⁰
1158 5865 1312 5922 Joau.
1373 5882 1468 5933 xu,
1519 5866 1605 5920 26.

2107 1055 2275 1110 Vens.
2330 1056 2416 1110 ll.
2452 1056 2534 1110 Ad
2570 1073 2650 1110 me
2680 1061 2850 1113 clama
2883 1061 2944 1114 de
2982 1060 3119 1115 Seir.

2037 1157 2048 1168 '
2108 1146 2234 1202 llaae
2265 1164 2367 1202 vox
2398 1153 2479 1204 est
2503 1151 2891 1218 omnipotentis
2936 1151 3028 1206 Dei
3097 1153 3418 1223 alloquentis
3486 1173 3616 1230 pro-

2031 1240 2267 1310 phetam.
2307 1240 2534 1294 Perinde
2563 1242 2716 1310 quasi
2778 1241 2978 1296 bellum
3047 1253 3206 1299 terrm
3257 1244 3632 1313 Idumzeorum,

2030 1332 2205 1399 primo
2237 1347 2451 1402 quoque
2480 1339 2722 1401 tempore
2761 1332 3057 1403 ingrueret,
3097 1346 3377 1392 vertentur
3403 1341 3456 1394 in
3520 1341 3608 1398 fu-

2039 1437 2161 1492 gam
2203 1437 2392 1477 omnes
2423 1423 2514 1490 qui
2543 1436 2662 1477 eam
2691 1423 3034 1478 ‘inhabitant.
3087 1427 3209 1481 Seir
3268 1443 3398 1484 vero
3461 1447 3615 1488 mons

2037 1515 2226 1582 ingens
2259 1522 2341 1568 est
2380 1513 2642 1579 Idumaeas,
2679 1514 2731 1569 in
2781 1530 2891 1585 quo
2914 1516 3141 1572 illustris
3168 1519 3296 1573 urbs
3327 1524 3466 1590 apud
3519 1537 3623 1580 eos.

2036 1617 2158 1659 esse
2187 1603 2401 1662 dicitur.
2437 1603 2600 1670 Quasi
2634 1603 2799 1674 igitur
2822 1606 3061 1659 montani
3108 1604 3251 1671 Seir,
3289 1609 3341 1663 id
3373 1618 3458 1666 est
3483 1612 3612 1667 ldu-

2038 1695 2180 1761 mzei,
2203 1694 2424 1764 jamjam
2455 1694 2633 1764 fugam
2660 1696 2944 1766 pararent}:
2965 1696 3167 1762 Adme,
3195 1699 3388 1769 inquit,
3411 1701 3625 1771 clama,

2035 1784 2088 1837 id
2115 1797 2219 1849 est,
2275 1785 2491 1838 veniant
2511 1785 2602 1856 qui
2624 1787 2749 1841 hinc
2781 1785 3009 1857 fugiunt,
3052 1788 3104 1842 in
3139 1788 3444 1847 ldumreatn.
3473 1791 3614 1854 Nam

2035 1882 2091 1928 ut
2120 1872 2386 1929 lsraelitas
2440 1877 2578 1943 apud
2606 1891 2699 1932 eos
2723 1877 2977 1949 profugos
3006 1881 3193 1936 sannis
3227 1893 3280 1935 et
3345 1899 3615 1938 seomma-

2037 1965 2106 2020 tis
2151 1977 2504 2036 exceperunt,
2541 1969 2618 2022 sic
2651 1969 3038 2035 irridebuntur,
3071 1972 3267 2042 inquit,
3295 1983 3350 2028 et
3372 1989 3473 2043 par
3495 1977 3612 2044 pari

2033 2056 2417 2122 referentillts,
2451 2071 2573 2110 eum
2620 2056 3036 2129 Babyloniorum
3092 2075 3252 2116 manu
3287 2061 3415 2117 victi
3467 2061 3588 2119 fue—

2034 2145 2164 2202 rint.

2104 2323 2266 2378 Vsns.
2295 2323 2380 2380 l2.
2404 2321 2672 2378 Custodite
2695 2326 3108 2396 propugnacula,
3141 2327 3432 2382 custodiam
3460 2343 3622 2384 mane.

2034 2425 2084 2470 et
2115 2425 2290 2469 ηοειιι.

2110 2504 2303 2559 Sermo
2335 2513 2422 2562 est
2471 2505 2563 2561 Dei
2593 2505 2742 2561 velut
2768 2507 2834 2561 ad
2858 2507 3141 2572 Idumaeos,
3199 2508 3396 2577 quibus
3426 2521 3597 2571 vanos

2039 2596 2302 2652 etirritos
2355 2597 2574 2652 labores
2639 2611 2778 2667 quos
2828 2598 2881 2651 in
2933 2599 3313 2668 propulsandis
3364 2599 3613 2656 hostibus

2035 2688 2458 2753 collocaverunt,
2498 2689 2565 2744 ab
2599 2690 2715 2758 ipso
2752 2689 2980 2743 salutem
3031 2689 3400 2760 auxiliumque
3451 2688 3598 2746 nulla

2038 2781 2248 2834 ratione
2288 2789 2599 2848 expetentes
2619 2778 2821 2846 objicit.
2848 2777 3166 2835 lmminente
3193 2779 3336 2835 enim
3364 2779 3616 2851 Assyrio-
3673 2839 3678 2849 ,

2036 2884 2156 2924 rum
2222 2869 2548 2932 incursione,
2621 2867 2832 2922 urbium
2875 2872 3151 2922 obstructo
3206 2876 3258 2923 et
3331 2866 3599 2936 praecluso

2036 2961 2197 3030 312
2247 2960 2392 3016 aditu
2434 2957 2834 3030 propugnacula
2890 2958 3265 3014 custodiebant
3311 2972 3378 3014 ac
3429 2957 3615 3015 defea-

2038 3056 2261 3122 debant,
2291 3057 2384 3111 sed
2416 3068 2503 3111 res
2532 3062 2650 3110 erat
2679 3053 2811 3124 ipsis
2847 3054 3070 3110 inutilis.
3123 3055 3419 3126 Occupatis
3467 3057 3612 3112 enirn

2038 3162 2228 3202 eorum
2280 3146 2526 3214 urbibus,
2587 3158 2746 3200 nemo
2773 3160 2997 3216 prorsus
3021 3147 3213 3202 evasit.
3275 3148 3462 3216 Itaque
3514 3146 3614 3202 ba-

2039 3241 2196 3294 betur
2238 3237 2305 3293 ad
2342 3252 2435 3293 eos
2471 3252 2502 3292 a
2542 3238 2650 3292 Deo
2681 3237 2858 3292 oratio
2892 3237 3136 3294 moribus
3156 3240 3611 3294 accommodata:

2039 3331 2198 3386 Certe
2222 3329 2388 3396 enim,
2419 3329 2515 3393 ait,
2541 3339 2687 3385 recta
2713 3339 2768 3385 et
2805 3337 3168 3384 consentanea
3201 3329 3495 3395 decernite,
3522 3343 3618 3385 cu-

2039 3419 2238 3476 stodite
2295 3418 2716 3489 propugnacula.
2787 3416 2988 3472 Deinde
3041 3417 3399 3488 respondetur
3461 3416 3616 3487 quasi

2040 3509 2110 3565 ab
2134 3509 2272 3564 illis:
2305 3509 2621 3564 Custodiam
2653 3525 2813 3565 mane
2839 3517 2891 3564 et
2924 3518 3097 3564 nocte.
3156 3526 3176 3560 ι
3211 3506 3317 3563 Sed
3349 3507 3452 3563 nisi
3519 3507 3616 3563 Do-

2039 3601 2218 3656 minus
2271 3599 2590 3655 custodierit
2647 3588 2952 3666 civitatem,
3014 3599 3215 3654 frustra
3263 3598 3452 3670 vigilat
3523 3599 3614 3668 qui

2040 3691 2272 3748 custodit
2326 3691 2392 3744 “.
2423 3709 2442 3744 ι
2511 3690 2806 3762 Oportebat
2856 3691 3003 3747 enim
3077 3689 3255 3759 potius
3325 3701 3614 3758 supernum

2041 3782 2298 3838 auxilium
2327 3798 2358 3838 a
2393 3783 2501 3838 Deo
2545 3797 2812 3852 quaerere,
2840 3790 2896 3837 et
2946 3796 3050 3836 non
3109 3780 3375 3851 lapidibus
3443 3781 3616 3835 conli-

2043 3874 2192 3929 dere.
2221 3873 2312 3929 Sic
2340 3874 2482 3928 enim
2516 3882 2740 3927 narrant
2805 3872 3018 3927 urbium
3081 3871 3285 3928 muenia
3350 3884 3616 3928 concussa

2044 3962 2229 4028 fuisse,
2275 3973 2335 4016 ut
2381 3962 2515 4032 lapis
2537 3962 2699 4032 lapidi
2747 3961 3056 4033 suppositus
3089 3975 3195 4017 non
3235 3960 3504 4020 videatur.

2112 4141 2276 4196 Vens.
2300 4141 2386 4198 l5.
2416 4139 2478 4195 Si
2499 4140 2787 4210 quietiam,
2824 4154 3020 4209 quwre,
3049 4148 3094 4193 et
3116 4137 3257 4208 apud
3290 4151 3370 4191 me
3402 4133 3605 4199 habita,

2045 4232 2099 4284 in
2129 4231 2268 4284 saltu
2299 4230 2490 4299 vesperi
2521 4229 2770 4284 dormies.

2117 4321 2175 4376 Si
2211 4320 2355 4375 enim
2411 4319 2670 4387 volueris,
2745 4319 2946 4390 inquit,
2989 4318 3297 4389 prtesidium
3351 4327 3614 4387 quaerere,

2044 4412 2148 4465 boc
2172 4425 2203 4463 a
2228 4425 2314 4465 me
2356 4409 2446 4479 qui
2475 4424 2694 4464 servare
2729 4409 2883 4465 valeo
2906 4423 3107 4480 quaere,
3139 4419 3197 4464 et
3224 4407 3366 4477 apud
3403 4420 3490 4461 me
3515 4404 3614 4458 ba-

2049 4499 2180 4566 bita,
2220 4498 2272 4552 id
2308 4507 2410 4562 est,
2459 4512 2670 4552 mecum
2712 4506 2829 4552 esto
2849 4507 2905 4552 et
2968 4511 3086 4551 mea
3153 4495 3348 4565 sapite,
3381 4509 3411 4547 a
3479 4491 3614 4546 falso

2049 4591 2449 4645 nominatornm
2494 4590 2715 4644 deorum
2777 4588 2921 4643 cultu
2987 4588 3216 4656 teipsum
3271 4589 3614 4640 conservato.

2047 4682 2177 4737 Tale
2205 4683 2331 4752 quid
2363 4682 2617 4737 Servator
2669 4680 2777 4734 ait:
2824 4698 2842 4730 ι
2875 4677 2972 4745 Qui
3007 4691 3091 4732 Ine
3146 4684 3313 4741 amat,
3359 4683 3613 4744 sequatur

2047 4789 2162 4828 nte:
2201 4772 2379 4833 etubi
2411 4785 2510 4840 ego
2547 4785 2688 4833 sum,
2717 4769 2789 4824 ibi
2816 4777 2873 4824 et
2911 4767 3158 4823 minister
3196 4779 3347 4822 meus
3386 4761 3556 4846 sit”.
3588 4779 3612 4817 ι

2047 4863 2314 4935 Phalange
2337 4878 2486 4932 ergo,
2530 4861 2725 4931 inquit,
2766 4860 3001 4915 hostium
3042 4857 3350 4913 universam
3405 4865 3611 4912 terram

2045 4955 2399 5010 ldumteorum
2441 4955 2772 5017 incursante,
2811 4967 2876 5008 ex
2914 4949 3116 5005 aedibus
3151 4946 3526 5004 deturbaberis
3554 4955 3613 5002 et

2047 5061 2114 5102 ex
2143 5045 2386 5110 urbibus,
2431 5054 2485 5100 et
2551 5045 2604 5098 in
2667 5043 2799 5098 silva
2849 5041 3058 5112 vesperi
3111 5039 3388 5096 dormies:
3420 5038 3475 5093 id
3508 5045 3614 5103 est,

2049 5153 2154 5192 una
2181 5153 2303 5192 cum
2347 5137 2682 5192 silvestribus
2733 5136 2862 5192 feris
2895 5131 3280 5196 diversaberis,
3319 5139 3373 5185 et
3425 5131 3480 5184 in
3517 5141 3614 5197 pa-

2048 5233 2259 5288 ludibus
2298 5231 2743 5296 commoraberis,
2774 5238 2938 5300 atque
2968 5228 3041 5282 ita
3098 5224 3431 5280 crudelitatis
3488 5234 3613 5288 erga

2050 5325 2249 5380 fratres
2284 5323 2340 5378 in
2384 5333 2664 5393 posterum
2695 5337 2882 5390 plenas
2928 5319 3225 5391 persolves.

2121 5504 2284 5558 Vens.
2323 5503 2411 5567 ιι,
2444 5502 2528 5557 l5.
2562 5501 2629 5557 In
2651 5485 2730 5556 via
2759 5500 2979 5566 Dmdan,
3017 5498 3073 5552 in
3101 5508 3375 5551 occursum
3436 5487 3607 5544 sitien-

2054 5593 2094 5646 ti
2115 5608 2304 5664 aquam
2341 5592 2592 5662 ferte,qui
2624 5589 2930 5644 inhabitatis
2955 5588 3212 5655 regionem
3238 5577 3612 5645 Tltemani,pa-

2051 5684 2201 5740 nibus
2217 5685 2468 5740 occurrite
2481 5682 2793 5753 fugientibus
2803 5692 3010 5752 propter
3026 5673 3401 5734 multitudinem
3416 5667 3606 5738 fugien-
