4110 6524
615 449 722 508 499

1643 440 1699 494 S.
1741 439 2022 495 CYRII‘JJ
2057 435 2522 491 ALEXANDRI'NI
2562 435 2883 491 ARClllliP.

3723 439 3805 498 500

620 572 750 624 tium
769 576 817 622 et
830 575 1040 634 propter
1057 559 1436 616 nzaatrtudi'nem
1455 559 1765 622 errantium,
1777 570 1823 612 et
1841 567 2049 626 propter
2063 555 2195 609 mul-

2305 557 2662 624 ςεευγόντων,
2696 553 2791 605 καί
2817 551 2914 604 διὰ
2944 550 3007 603 τὸ
3030 548 3264 617 πλῆθος
3296 544 3410 601 τῶν
3439 551 3804 622 πλανωμένων,

618 660 895 716 titudinem
918 654 1234 724 gladiorum,
1256 661 1301 705 et
1323 659 1531 720 propter
1548 648 1934 701 multitudinem
1965 661 2184 699 arcuum

617 759 972 810 extenterum,
993 755 1039 799 et
1075 753 1288 813 propter
1338 739 1728 795 multitudinem
1778 739 2076 792 cadentium
2132 738 2186 789 in

617 841 772 897 bello.

689 929 950 982 ldumatos
997 924 1088 995 qui
1113 924 1275 995 impie
1314 927 1858 992 patrarantaccusat.
1919 919 2181 987 quemad-

617 1019 834 1072 modum
863 1015 975 1084 jam
1039 1016 1181 1078 dixi,
1234 1015 1390 1083 idque
1441 1013 1625 1065 Abdico
1698 1011 1967 1080 prophetae
2033 1024 2183 1063 voce.

615 1109 749 1163 Cum
781 1109 925 1162 enim
955 1106 1208 1162 lsraelitis
1239 1105 1291 1158 in
1325 1104 1572 1157 miserias
1595 1100 1918 1156 insanabiles
1945 1100 2185 1154 inciden-

620 1199 766 1252 tibus
783 1210 1102 1251 succurrere
1133 1205 1186 1250 et
1226 1193 1510 1247 condolere
1553 1192 1882 1251 debuissent,
1935 1190 2037 1243 boe
2088 1193 2188 1242 mi—

619 1289 766 1342 nime
810 1286 1077 1348 iecerunt,
1137 1285 1231 1340 sed
1269 1285 1334 1335 ab
1373 1282 1515 1335 onmi
1554 1281 1770 1348 pietatis
1816 1278 2006 1334 alIeetu
2027 1277 2184 1332 alieni

618 1389 673 1433 et
702 1376 996 1447 prmlracti,
1032 1385 1086 1429 et
1111 1373 1455 1443 Assyriorum
1489 1371 1803 1425 crudelitate
1836 1369 2187 1422 immaniores

616 1483 741 1522 esse
765 1467 1106 1530 videbantur,
1138 1472 1191 1518 et
1220 1478 1340 1517 cum
1369 1461 1586 1515 omnino
1617 1475 1776 1513 manu
1823 1474 2010 1514 eorum
2048 1459 2184 1512 etfu-

615 1570 742 1625 gere
771 1570 885 1610 non
925 1553 1192 1616 valerent,
1225 1550 1524 1606 crudeliter
1554 1548 1952 1604 interimebant.
1985 1547 2041 1600 In
2081 1563 2187 1617 quo

619 1643 782 1714 igitur
809 1643 956 1698 bene
985 1641 1171 1696 audire
1215 1654 1310 1695 eos
1369 1637 1719 1707 oportuisset,
1791 1637 1838 1690 si
1904 1636 2184 1700 fecissent,

616 1735 718 1789 hoc
747 1749 867 1788 cum
893 1748 996 1810 non
1020 1732 1269 1795 fecerint,
1295 1739 1511 1785 accusat
1533 1729 1752 1784 dicens:
1775 1728 1832 1782 ln
1857 1727 1944 1782 via
1969 1727 2187 1792 Dazdan,

615 1829 670 1882 in
699 1841 983 1883 occursum
1008 1825 1208 1879 sitienti
1234 1821 1395 1893 313
1429 1835 1623 1890 aquam
1650 1820 1916 1890 [πιαιᾳυὶ
1936 1819 2189 1874 habitatis

2287 647 2383 701 καὶ
2421 645 2516 698 διὰ
2551 644 2618 697 τὸ
2663 641 2898 710 πλῆθος
2957 638 3068 707 τῆς
3121 640 3452 706 μαχαίρας,
3500 640 3589 692 καὶ
3635 640 3717 696 διὰ
3755 648 3806 697 τὸ

2286 737 2518 805 πλῆθος
2561 733 2678 788 τῶν
2708 731 3089 802 τοξευμάτων
3122 728 3242 782 τῶν
3273 728 3696 796 διατεταμένον,
3734 737 3807 786 καὶ

2285 830 2382 882 διὰ
2415 830 2481 880 τὸ
2511 825 2745 894 πλῆθος
2782 823 2901 878 τῶν
2927 821 3323 876 πεπτωκότων
3351 821 3420 873 ἐν
3446 818 3522 883 τῷ
3543 820 3762 889 πολέμῳ.

2371 920 2584 974 Ἀνόσια
2611 918 2961 990 πεπραχότας
2991 916 3330 969 καταιτιᾶται
3357 912 3481 974 τοὺς
3512 911 3808 981 Ἰδουμαίους,

2291 1009 2542 1078 καθάπερ
2581 1009 2681 1079 ἤδη
2719 1011 3000 1078 προεῖπον,
3049 1008 3143 1059 καὶ
3193 1005 3279 1057 διὰ
3320 1003 3498 1071 φωνῆς
3528 1003 3712 1057 Ἀεδίου
3737 1007 3810 1059 τοῦ

2290 1102 2592 1171 προφήτοο.
2635 1100 2824 1152 Καίτοι
2861 1098 2970 1168 γάρ
2996 1097 3113 1150 δέον
3144 1096 3463 1167 ἀνηκέστοις
3506 1095 3817 1162 περιπεσοῦσι·

2291 1195 2595 1260 συμφοραῖς
2629 1194 2742 1253 τοῖς
2774 1189 2834 1254 ἐξ
2867 1188 3085 1261 Ἰσραὴλ
3118 1186 3393 1256 ἐπαμῦναι
3426 1184 3810 1254 συνηλγηκότας,

2287 1281 2442 1334 τοῦτο
2477 1283 2576 1351 μὲν
2613 1283 2714 1334 οῦκ
2748 1281 2948 1350 ἔδρων-
2983 1277 3436 1349 ἀφιλόστοργοιδὲ
3468 1276 3557 1328 καὶ
3592 1277 3816 1347 ἀτεράμο-

2291 1389 2400 1433 νες,
2455 1372 2548 1423 καὶ
2587 1371 2686 1441 τῆς
2739 1370 2848 1422 τῶν
2885 1369 3185 1440 Ἀσσυρίων
3227 1368 3504 1438 ὠμότητος
3538 1368 3817 1438 ἀγριώτεροι

2289 1461 2699 1528 κατεφαίνοντο,
2750 1461 2875 1522 τοὺς
2915 1459 3010 1512 καὶ
3046 1457 3182 1520 ὅλως
3222 1457 3501 1525 διαφυγεῖν
3541 1456 3817 1526 ἰσχύσαντας

2288 1552 2387 1616 τὰς
2424 1547 2646 1604 ἐκείνων
2677 1553 2886 1621 χεῖρας,
2909 1549 3075 1619 ὠμῶς
3098 1547 3552 1616 ἀποσφάττοντες.
3575 1548 3731 1618 Ὅπερ
3748 1545 3820 1602 οὖν

2290 1644 2394 1697 ἔδει
2450 1639 2736 1704 ποιοῦντας
2775 1641 3096 1709 εὐδοκιμεῖν,
3151 1636 3308 1691 τοῦτο
3364 1636 3440 1708 μὴ
3497 1639 3820 1707 πεποιηκότας

2289 1754 2348 1790 τε
2372 1776 2386 1790 .
2413 1775 2430 1788 .
2455 1776 2468 1789 .
2495 1773 2508 1787 .
2535 1773 2551 1789 .
2579 1733 2777 1800 λέγων·
2817 1732 2904 1783 Ἐν
2938 1735 3006 1802 τῇ
3055 1730 3160 1801 ὁδῷ
3196 1728 3393 1781 Δαιδάν
3435 1729 3512 1790 είς
3546 1727 3822 1799 συνάντησιν

2293 1827 2515 1896 διψῶντι
2553 1825 2698 1895 ὕδωρ
2737 1824 2950 1894 φέρετε,
2995 1823 3046 1874 οἱ
3094 1820 3430 1883 ἐνοικοῦντες
3470 1822 3527 1873 ὲν
3567 1821 3706 1891 χώρα
3747 1822 3824 1875 Θεο

615 1918 674 1974 in
726 1918 948 1988 regione
993 1915 1258 1980 Theman,
1299 1929 1421 1969 cum
1445 1913 1673 1983 panibus
1693 1911 1970 1966 occurrite
1992 1910 2198 1976 fugien-

2305 1921 2428 1990 μάν,
2472 1918 2656 1988 ἄρτοις
2705 1915 2999 1967 συναντᾶτε
3050 1914 3161 1975 τοῖς
3188 1912 3501 1980 φεύγουσιν.
3540 1912 3674 1964 Ἔδει
3716 1910 3820 1982 γὰρ,

616 2007 781 2064 tibus.
813 2004 1515 2076 Oportuitenim,oportuit,
1542 2002 1733 2071 lnquit,
1748 2017 1840 2056 vos
1870 2000 1959 2071 qui
1979 2010 2195 2056 austra-

617 2093 726 2151 l'em
778 2093 996 2149 habetis
1028 2093 1324 2163 regionem,
1360 2091 1603 2147 Theman
1629 2091 1773 2145 enim
1812 2087 2225 2159 interpretatur

624 2188 838 2250 Auster,
865 2185 920 2239 in
942 2184 1026 2238 via
1050 2183 1268 2248 Daedan,
1294 2182 1621 2253 fugientibus
1636 2190 1692 2236 et
1712 2183 2014 2236 errantibus
2034 2196 2197 2250 panes

619 2286 676 2333 et
699 2291 893 2347 aquam
916 2275 1204 2340 adducere,
1229 2283 1282 2329 et
1316 2272 1605 2328 charitatis-
1629 2270 1797 2327 oﬂicia
1823 2287 1946 2342 erga
1981 2272 2194 2339 fratres,

621 2381 680 2426 ut
709 2371 923 2441 Equum
948 2377 1052 2434 est,
1095 2369 1338 2424 studiose
1362 2377 1415 2422 et
1445 2369 1818 2422 incunctanter
1842 2365 2086 2432 exsequi,
2145 2374 2198 2419 et

627 2476 736 2518 non
761 2460 998 2517 belluino
1051 2473 1200 2514 more
1231 2458 1504 2524 resistere,
1535 2465 1588 2512 et
1620 2455 2015 2526 quodammodo
2059 2455 2196 2509 allli-

626 2553 732 2610 ctis
765 2550 876 2620 jam
912 2550 1192 2614 insultare,
1229 2560 1282 2604 et
1321 2549 1510 2619 jugum
1551 2549 1685 2604 adeo
1714 2547 1922 2603 acerbis
1957 2547 2194 2615 asperis-

625 2659 732 2715 que
765 2642 1164 2698 calamitatibus
1195 2655 1504 2711 pressorum
1568 2654 1883 2710 aggravare.
1955 2637 2193 2706 Equum

625 2749 759 2804 ergo
791 2733 972 2788 fuerat
992 2741 1244 2787 amanter
1273 2745 1560 2787 occurrere
1617 2729 1965 2800 fugientibus.
2040 2728 2194 2785 Versi

624 2837 754 2881 sunt
779 2825 922 2879 enim
948 2825 1009 2879 in.
1025 2824 1204 2894 fugam
1229 2824 1386 2879 domo
1403 2833 1460 2878 et
1490 2823 1716 2878 urbibus
1744 2824 1961 2892 spretis,
1982 2830 2199 2892 propter

625 2916 927 2988 gladiorum
983 2925 1045 2979 et
1102 2915 1596 2971 crudelissimorum
1627 2929 1847 2969 arcuum
1898 2914 2196 2969 multitudi-

623 3023 774 3073 nem,
807 3016 864 3064 et
915 3007 1041 3076 quia
1095 3007 1400 3076 complures
1443 3006 1772 3070 ceciderunt,
1838 3005 2199 3060 innumerabi-

624 3103 814 3174 lesque
849 3102 988 3173 apud
1029 3116 1124 3158 eos
1148 3100 1345 3156 mortui
1374 3099 1616 3155 fuerunt.

2297 2010 2427 2073 ἔδει,
2453 2007 2636 2078 φησὶν,
2661 2005 2836 2075 ὑμᾶς,
2875 2003 3002 2067 τοὺς
3043 2005 3141 2072 τὴν
3179 2003 3360 2056 νοτίαν
3411 2001 3623 2072 ἔχοντας
3655 1999 3824 2072 χώραν,

2297 2100 2479 2171 Θεμάν
2503 2099 2608 2170 γάρ
2638 2095 2996 2168 ἑρμηνεύεται
3021 2097 3346 2162 Νότος,τοῖς
3372 2095 3431 2147 ὲν
3459 2095 3523 2164 τῇ
3552 2092 3647 2164 ὁδῷ
3668 2092 3825 2147 Δαιδὰν

2299 2190 2562 2261 φεύγουσί
2609 2205 2670 2241 τε
2704 2187 2799 2240 καὶ
2843 2185 3217 2256 πλανωμένοις
3262 2184 3460 2253 ἄρτους
3498 2200 3556 2234 τε
3601 2183 3685 2235 καὶ
3713 2182 3827 2252 ὕδωρ

2298 2281 2615 2354 προσάγειν,
2659 2276 2863 2349 καῖέ,τά
2905 2276 2965 2343 eg
3011 2277 3230 2346 ἀγάπης
3281 2278 3395 2339 τοῖς
3447 2274 3681 2343 ἀδελφοῖς
3723 2290 3828 2342 πρε-

2298 2373 2506 2444 πούσης
2535 2369 2813 2443 περαίνειν
2851 2368 3167 2438 ἐπείγεσθαι
3213 2367 3437 2438 μᾶλλον,
3473 2366 3576 2419 καὶ
3617 2367 3707 2418 οὐκ
3755 2368 3828 2419 ἀν-

2297 2461 2609 2532 τιφέρεσθαι
2655 2457 3042 2531 θηριοπρεπῶς
3075 2461 3184 2521 τοῖς
3205 2457 3308 2528 ἠδη
3354 2457 3637 2520 παθοῦσιν,
3681 2456 3828 2508 ἑναλο-

2303 2555 2495 2625 μένους
2518 2553 2717 2626 τρόπον
2754 2552 2895 2619 τινὰ,
2925 2551 3020 2604 καὶ
3051 2547 3549 2619 καταφορτίζοντας
3590 2547 3674 2599 τὸν
3696 2545 3828 2614 ζυγὸν

2297 2644 2405 2698 τῶν
2442 2645 2545 2715 ἤδη
2583 2642 2962 2714 πεπιεσμένων
3009 2642 3129 2702 ταῖς
3159 2639 3305 2692 οὕτω
3349 2641 3574 2709 πικραῖς
3604 2638 3690 2690 καὶ
3732 2638 3827 2690 ἀτι-

2300 2736 2521 2800 θάσσοις
2586 2737 2912 2807 συμφοραῖς.
2961 2732 3108 2785 Ἔδει
3171 2731 3354 2786 τοίνυν
3417 2735 3531 2794 τοῖς
3584 2731 3830 2799 φεύγουσιν

2301 2829 2541 2898 ὑπαντᾷν
2600 2826 2956 2897 φιλοφρόνως.
2992 2824 3316 2894 Ἐτρέποντο
3372 2828 3485 2893 γὰρ
3539 2824 3615 2884 είς
3665 2820 3826 2890 φυγὴν,

2298 2921 2462 2971 οἴκων
2505 2933 2564 2970 τε
2617 2915 2711 2968 καὶ
2762 2914 2969 2967 πόλεων
3003 2912 3402 2983 ἀλογήσαντες,
3454 2910 3538 2961 διὰ
3575 2907 3630 2961 τὸ
3666 2906 3830 2976 πλῆθος

2298 3009 2396 3079 τῆς
2433 3003 2705 3078 μαχαίρας
2757 3003 2852 3058 καὶ
2881 3001 2986 3057 τῶν
3014 3002 3199 3056 δεινῶν
3237 3000 3615 3070 τοξευμάτων·
3650 2997 3733 3050 καὶ
3766 2997 3830 3048 ὅτι

2301 3099 2514 3162 πολλοῖς
2545 3095 2883 3158 πεπτώκασι,
2910 3093 3004 3148 καὶ
3025 3092 3257 3165 ἀριθμοῦ
3285 3093 3592 3165 κρείττονες
3617 3088 3831 3159 γεγόνασι

2225 3223 2269 3282 C
2302 3193 2430 3264 παρ’
2458 3191 2638 3253 αὐτοῖς
2666 3191 2715 3242 oi.
2744 3187 2946 3260 νεκροί.

698 3278 864 3334 Vens.
892 3276 980 3347 16,
1019 3277 1107 3332 17.
1146 3276 1284 3344 Quia
1317 3276 1392 3331 sic
1416 3276 1550 3329 dixit
1580 3275 1709 3330 nti/ti
1757 3276 2007 3332 Dominus
2039 3289 2062 3329 ε
2091 3277 2201 3332 Ad-

629 3367 732 3424 huc
766 3385 959 3434 annus,
999 3369 1151 3440 quasi
1184 3385 1352 3422 annus
1402 3368 1729 3434 mercenarii,
1785 3369 1991 3437 deﬁciet
2032 3372 2202 3439 gloria

629 3457 820 3527 Cedar,
863 3470 911 3513 et
962 3459 1230 3514 residuum
1266 3475 1484 3512 arcuum
1533 3459 1747 3528 fortium
1803 3461 2072 3528 ﬁliorum;
2108 3460 2205 3516 Ce-

628 3553 732 3606 dar
767 3552 865 3620 erit
896 3551 1168 3621 exiguum,
1240 3561 1511 3620 propterea
1568 3552 1769 3606 locutus
1815 3561 1888 3606 est
1948 3552 2202 3607 Dominus

629 3644 773 3699 Deus
789 3643 982 3698 Israel.

702 3733 852 3802 Quod
883 3747 1046 3802 prope
1075 3732 1148 3787 sit
1174 3739 1229 3787 et
1256 3732 1410 3803 quasi
1440 3732 1492 3788 in
1525 3733 1730 3790 foribus
1754 3735 1998 3793 [dumeta
2034 3737 2202 3794 inter-

630 3823 764 3889 itus,
789 3830 843 3878 et
875 3824 1015 3893 quod
1044 3837 1267 3893 prorsus
1305 3824 1626 3895 penitusque
1656 3827 1723 3881 ad
1777 3828 2203 3884 internecionem

632 3915 853 3978 abituri,
881 3914 1293 3972 iucendentibus
1315 3917 1555 3986 ipsorum
1591 3919 1753 3974 urbes
1787 3918 2120 3991 Babyloniis,
2151 3929 2206 3974 et

629 4015 879 4062 cunctam
908 4006 1174 4075 regionem
1200 4008 1622 4074 devastantibus,
1651 4010 1933 4078 perspicue
1952 4026 2205 4079 pramun-

629 4098 735 4152 tiat
763 4116 778 4152 :
810 4098 963 4154 Unus
990 4097 1160 4165 enim,
1184 4098 1385 4169 inquit,
1411 4101 1516 4154 erit
1543 4115 1716 4154 annuus
1744 4085 2119 4170 in-termedius,
2149 4111 2203 4157 et

627 4192 892 4260 sagittarii
928 4189 1123 4254 Cedar,
1148 4192 1236 4258 qui
1265 4191 1458 4245 mirum
1486 4192 1539 4245 in
1573 4191 1786 4245 modum
1811 4191 1912 4246 hac
1935 4192 2000 4247 de
2019 4207 2075 4246 re
2105 4193 2204 4247 sibi

626 4282 943 4354 placebant,
970 4283 1222 4339 deﬁcient
1251 4292 1305 4337 et
1331 4282 1688 4352 disperibunt.
1728 4282 1922 4337 Verum
1955 4285 2060 4338 erit
2105 4285 2206 4338 hoc

628 4375 967 4430 vaticinium.
983 4375 1239 4430 Dominus
1254 4375 1398 4430 enim
1425 4375 1637 4429 locutus
1655 4383 1759 4440 est,
1781 4375 2034 4429 Dominus
2062 4375 2206 4430 Deus

627 4462 1065 4520 lsrael.Veritas
1112 4477 1291 4518 autem
1350 4464 1574 4518 minime
1623 4465 1931 4519 ineritietur.
1989 4466 2202 4520 Annum

2377 3285 2495 3337 Ὅτι
2549 3283 2736 3350 οὕτως
2767 3281 2898 3336 εἷπέ
2929 3298 3030 3350 μοι
3061 3277 3303 3347 Κύριος·
3337 3281 3464 3332 Ἔτι
3495 3276 3748 3341 ἐνιαυτὸς
3772 3273 3833 3340 ὡς

2303 3372 2574 3438 ἐνιαυτὸς
2601 3371 2922 3442 μισθωτοῦ,
2951 3370 3219 3438 ἐκλείψει
3251 3370 3288 3438 ἡ
3323 3367 3477 3433 δόξα
3530 3366 3732 3435 Κηδὰρ,
3758 3363 3834 3418 καί

2302 3466 2368 3519 τὸ
2413 3463 2777 3519 κατάλοιπον
2826 3462 2945 3517 τῶν
2992 3461 3370 3532 τοξευμάτων
3428 3461 3546 3515 τῶν
3615 3456 3837 3529 ἰσχυρῶν

2302 3554 2465 3609 υἱῶν·
2490 3553 2686 3623 Κηδὰρ
2709 3554 2877 3608 ἔσται
2909 3553 3137 3624 ὀλίγον,
3158 3552 3308 3607 διότι
3335 3553 3554 3621 Κύριος
3576 3550 3838 3616 ἐλάλησεν

2305 3649 2338 3700 ό
2379 3645 2524 3711 Θεὸς
2556 3643 2816 3712 Ἰσραήλ.

2377 3735 2504 3787 Ὀτι
2540 3734 2762 3803 γέγονεν
2795 3735 2983 3804 ἐγγὺς,
3017 3733 3109 3788 καὶ
3137 3729 3248 3787 οἷον
3282 3733 3414 3786 εἵσω
3460 3731 3655 3804 βέϐηκε
3695 3725 3840 3796 θυρῶν

2304 3827 2333 3880 6
2359 3827 2456 3897 τῆς
2488 3825 2791 3896 Ἰδουμαίας
2817 3824 3060 3895 ὀλεθρος,
3090 3825 3184 3878 καὶ
3213 3825 3294 3878 ὅτι
3328 3824 3510 3894 πάντη
3545 3839 3605 3875 τε
3629 3821 3715 3874 καὶ
3737 3817 3841 3871 πάνυ

2306 3936 2413 3982 τως
2471 3919 2778 3988 οίκήσονται
2833 3916 2969 3988 πρὸς
3027 3917 3324 3982 ἀπώλειαν,
3385 3912 3842 3986 κατεμπιπράντων

2306 4011 2488 4074 αὐτοῖς
2520 4009 2617 4071 τάς
2651 4009 2831 4072 πόλεις
2865 4007 2976 4060 τῶν
3011 4007 3390 4069 Βαϐυλωνίων,
3423 4009 3519 4060 καὶ
3568 4005 3766 4058 ἅπασαν
3800 4000 3844 4053 δὲ

2304 4099 2715 4172 καταδῃούντων
2743 4098 2840 4169 τὴν
2862 4098 3066 4170 χώραν,
3085 4096 3530 4170 προαπαγγέλλει
3546 4095 3746 4164 σαφῶς·
3770 4085 3844 4149 Εἷς

2306 4192 2415 4262 γὰρ
2452 4191 2625 4255 ἔσται,
2644 4190 2832 4260 φησὶν,
2865 4190 3109 4252 ἐνιαυτὸς
3133 4191 3161 4242 6
3191 4187 3420 4260 μεταξὺ,
3453 4189 3547 4240 καὶ
3576 4188 3624 4239 οἱ
3640 4186 3728 4255 τῆς
3745 4183 3838 4251 Κη-

2305 4283 2406 4352 δὰρ
2440 4281 2716 4346 τοξευταὶ,
2759 4283 2852 4336 καί
2895 4299 2998 4344 τοι,
3033 4282 3218 4353 φησὶν,
3264 4281 3365 4334 οὐκ
3411 4279 3749 4350 ἀθαύμαστον
3778 4273 3844 4326 ἐπ’

2305 4373 2453 4443 αύτῷ
2469 4373 2531 4443 δὴ
2555 4372 2728 4443 τούτῳ
2749 4372 2845 4442 τὴν
2872 4373 3137 4443 ὑπόληψιν
3155 4372 3472 4442 ἐσχηκότες,
3493 4365 3779 4436 ἑκλείψουσί
3798 4379 3844 4416 τε

2305 4468 2398 4520 καὶ
2425 4465 2773 4518 ἀπολοῦνται·
2799 4465 2893 4518 καὶ
2926 4464 3133 4535 ἀληθὴς
3161 4467 3194 4535 ἡ
3241 4464 3656 4536 προαγόρευσις.
3679 4459 3848 4526 Κύριος

626 4557 956 4612 mercenarii.
999 4557 1149 4621 dicit,
1179 4566 1368 4612 exacte
1400 4565 1456 4612 et
1490 4556 1713 4624 praecise
1739 4557 1806 4610 ad
1839 4557 2077 4612 calculos
2108 4571 2196 4612 re-

2305 4557 2409 4628 γάρ
2441 4557 2699 4626 ἐλάλησεν
2727 4557 2754 4608 6
2796 4555 2927 4618 Θεὸς
2968 4555 3206 4626 Ἰσραήλ·
3238 4555 3502 4625 ψεύσεται
3545 4555 3602 4608 δὲ
3638 4547 3847 4619 οὐδαμῶς

627 4656 900 4702 vocatum.
935 4646 1035 4713 Qui
1061 4649 1204 4702 enim
1238 4649 1290 4700 in
1337 4647 1596 4702 servitute
1627 4649 1877 4702 sudorem
1905 4647 2118 4711 tolerat,
2152 4657 2205 4702 et

629 4751 690 4792 se
713 4739 959 4792 mercede
981 4739 1186 4794 addixit
1225 4739 1403 4805 alteri,
1427 4739 1698 4794 subtiliter
1753 4747 1808 4792 et
1835 4748 2086 4793 accurate
2120 4755 2206 4792 ra-

632 4830 834 4883 tionem
875 4829 975 4882 iuit
999 4844 1212 4898 semper
1239 4830 1495 4899 temporis
1519 4845 1629 4884 sua:
1655 4832 2050 4886 conductionis.
2082 4831 2206 4887 Hmc

631 4919 850 4987 quidem
880 4919 1022 4998 quod
1047 4921 1112 4972 ad
1145 4920 1382 4974 lit-teram
1403 4920 1612 4973 attinet.
1645 4921 1723 4974 Ac
1757 4922 1821 4975 de
1849 4921 2070 4976 historia
2095 4922 2206 4990 jam

621 5007 832 5072 ,dictum
858 5009 947 5064 sit.
971 5008 1139 5080 Hujus
1160 5021 1336 5064 autem
1354 5011 1619 5064 sermonis
1634 5011 1738 5064 vim
1761 5011 1826 5065 ad
1846 5023 2087 5068 sanctam
2105 5012 2208 5067 Ee-

625 5097 848 5154 clesiam
866 5103 1086 5170 ejusque
1116 5101 1386 5164 alumnos,
1421 5110 1477 5155 et
1510 5102 1575 5156 ad
1611 5102 2057 5160 beterodoxorum
2085 5119 2208 5174 gre-

631 5205 727 5259 ges
750 5189 1049 5246 referentes
1082 5192 1208 5245 iliud
1241 5192 1490 5258 dicimus,
1520 5190 1826 5246 Grecorum
1862 5195 2076 5264 agmina
2101 5209 2206 5248 non

632 5297 757 5336 raro
785 5284 1061 5338 adversari
1085 5286 1170 5338 bis
1189 5284 1278 5352 qui
1299 5292 1445 5338 recte
1466 5284 1704 5337 senti-unt
1727 5293 1781 5338 et
1813 5285 1903 5352 qui
1936 5294 2126 5340 natura
2152 5295 2208 5340 et

630 5387 759 5426 vere
779 5374 1146 5430 universitatis
1187 5375 1434 5442 opificem
1453 5389 1517 5430 ac
1546 5375 1825 5429 Dominum
1860 5374 2088 5430 adorare
2117 5391 2210 5432 vo-

578 5493 582 5498 -
631 5463 774 5526 lunt,
789 5479 886 5520 eos
909 5466 1124 5520 acerbis
1146 5468 1397 5533 prosequi
1419 5465 1932 5521 inseetationibusac
1955 5481 2209 5534 persecu-

636 5554 898 5618 tionibus,
947 5553 1404 5622 intolerandisque
1433 5555 1699 5609 interdum
1735 5555 2007 5612 laboribus
2036 5558 2210 5612 invol-

632 5655 782 5697 vere.
819 5641 1084 5698 Similiter
1124 5643 1286 5697 etiam
1321 5642 1412 5703 qui
1438 5643 1717 5710 impiarum
1754 5645 2028 5702 hazreseon
2058 5648 2207 5703 virus

636 5734 816 5788 animo
837 5744 891 5787 et
935 5743 1154 5803 pectore
1210 5734 1430 5799 habent,
1458 5735 1557 5789 etsi
1586 5735 1748 5807 314
1774 5735 2204 5794 Christianorum

638 5837 830 5878 nomen
858 5824 1013 5879 furati
1050 5834 1195 5880 sunt.
1216 5836 1268 5881 et
1297 5824 1689 5883 fraternitatem
1729 5829 2007 5886 nobiscum
2035 5830 2195 5888 simu-

2305 4653 2339 4721 ἡ
2361 4649 2608 4719 ἀλήθεια.
2628 4649 2901 4701 Ἑνιαυτοῦ
2929 4666 2989 4718 γε
3022 4649 3126 4719 μὴν
3155 4648 3428 4719 μισθωτοῦ
3459 4665 3593 4718 φησι
3617 4648 3701 4700 τὸν
3723 4647 3851 4712 ἀκριο

2306 4740 2415 4802 ϐῶς
2435 4739 2892 4810 ἐκμετρούμενον.
2911 4739 2969 4792 '0
2995 4741 3104 4810 γάρ
3129 4757 3213 4793 τοι
3239 4741 3362 4803 τοὺς
3387 4741 3478 4792 ἐπὶ
3499 4742 3619 4802 ταῖς
3645 4734 3848 4805 θητείαις

2309 4832 2536 4902 ἱδρῶτας
2575 4831 2850 4896 εἰσελθὼν,
2892 4833 2988 4886 καὶ
3036 4829 3425 4903 ἀπομισθώ-σας
3467 4831 3656 4884 ἑαυτὸν
3689 4828 3846 4895 ἑτέρῳ,

2305 4923 2516 4987 λεπτῶς
2551 4941 2610 4976 τε
2647 4924 2740 4976 καὶ
2763 4923 3007 4994 ἀκριϐῶς
3039 4924 3125 4977 ἀεί
3164 4939 3280 4984 πως
3307 4918 3724 4991 περιεργάζεται
3772 4911 3847 4964 τοῦ

2305 5015 2404 5084 τῆς
2455 5014 2770 5084 μισθώσεως
2809 5014 2999 5084 χρόνου
3052 5015 3112 5068 τὸ
3157 5013 3374 5084 μέτρον.
3429 5012 3541 5064 Καὶ
3581 5006 3730 5061 ταυτὶ
3771 5003 3849 5073 μὲν

2304 5107 2367 5158 τό
2401 5123 2463 5174 γε
2479 5101 2612 5176 ἧκον
2645 5105 2727 5169 εἷς
2763 5123 2827 5174 γε
2856 5106 2918 5159 τδ
2949 5105 3205 5176 γράμμα]
3232 5103 3327 5156 καὶ
3361 5102 3461 5172 μέν
3494 5117 3578 5153 τοι
3615 5096 3705 5166 τὴν
3737 5096 3850 5146 ἱστο-

2309 5196 2429 5267 ρίαν
2465 5196 2707 5267 εἰρήσθω
2747 5197 2884 5250 νυνί.
2918 5194 3366 5266 Περιενεγκόντες
3394 5191 3452 5244 δὲ
3478 5188 3575 5243 τοῦ
3598 5187 3745 5254 λόγου
3773 5181 3850 5249 τὴν

2305 5286 2531 5356 δύναμιν
2589 5288 2668 5349 εἰς
2695 5287 2756 5338 τὸ
2783 5285 2882 5355 τὴν
2923 5286 3082 5352 ἁγίαν
3118 5282 3443 5352 Ἐκκλησίαν
3482 5277 3722 5338 καὶτοὺς
3748 5270 3850 5326 ταύ-

2305 5393 2404 5446 της
2442 5375 2766 5446 τροφίμους,
2799 5375 2892 5427 καὶ
2931 5375 3036 5445 μὴν
3067 5374 3160 5427 καὶ
3190 5373 3270 5435 εἱς
3299 5372 3399 5434 τὰς
3429 5370 3539 5423 τῶν
3567 5361 3849 5437 ἑτεροδόξων

2308 5470 2529 5536 ἀγέλας,
2571 5470 2745 5522 ἐκεῖνό
2798 5484 2998 5539 φαμεν·
3061 5469 3143 5521 ὅτι
3170 5463 3593 5534 κατεπιφύονται
3634 5452 3848 5511 πλειστὰ-

2308 5575 2393 5621 κις
2431 5560 2497 5612 τὰ
2535 5559 2801 5628 Ἑλλήνων
2844 5559 3006 5627 στίφη
3042 5558 3148 5610 τῶν
3183 5555 3320 5628 ὀρθά
3348 5557 3563 5626 φρονεῖν
3594 5547 3845 5604 εἰωθότωνν

2309 5649 2519 5705 καὶτὸν
2558 5650 2624 5720 tot:
2637 5668 2715 5702 σει
2745 5667 2805 5702 τε
2841 5650 2934 5702 καὶ
2963 5648 3177 5717 ἀληθῶς
3221 5647 3327 5699 τῶν
3367 5646 3505 5700 ὅλων
3552 5633 3844 5711 δημιουργὸν

2308 5743 2402 5795 καὶ
2456 5741 2659 5812 Κύριον
2737 5743 3062 5812 προσκυνεῖν
3111 5738 3398 5808 ἑλομένων.
3443 5731 3579 5788 Εἶτα
3629 5721 3848 5794 διωγμοῖς

2307 5831 2594 5896 ὑποθέντες
2626 5835 2871 5904 πικροῖς,
2913 5831 3204 5902 ἀφορήτοις
3244 5828 3353 5883 ἔσθ’
3382 5830 3466 5883 ὅτε
3503 5817 3848 5895 περιϐάλλουσι
