4840 6496
621 421 720 479 501
1753 418 1817 471 ra'
1881 416 2112 472 lSAIAM
2163 416 2292 472 LIB.
2336 415 2400 471 ll.
2442 417 2677 473 'l‘OMUS
2712 417 2774 472 γ.
3770 418 3874 473 509,

614 536 820 600 πόνοις.
858 536 1087 606 Ὁμοίως
1113 535 1170 589 δὲ
1200 534 1294 588 καὶ
1326 538 1374 588 οἱ
1404 535 1512 588 τῶν
1553 535 1783 588 ἀνοσίων
1811 536 2075 606 αἱρέσεων
2111 533 2204 588 τὸν
2233 541 2274 597 Α
2307 533 2440 602 lant,
2483 535 2525 588 in

1960 553 2075 588 rswv
2111 533 2204 588 τὸν
2233 541 2274 597 Α
2307 533 2440 602 lant,
2483 533 2873 588 immanitatem
2913 535 3074 589 etiam
3133 535 3380 590 hostilem
3411 535 3677 589 interdum
3712 547 3871 602 supe-

616 631 695 682 ἰὸν
726 630 808 692 είς
836 627 961 682 νοῦν
987 628 1203 698 ἔχοντες
1229 628 1323 682 καὶ
1352 628 1598 698 καρδίαν,
1635 628 1726 681 καί
1754 644 1837 680 τοι
1861 627 1922 680 τδ
1949 628 2200 696 Χριστια-
2303 633 2446 690 rant,
2478 640 2507 678 a

1962 629 2200 696 Kptcma-
2303 633 2446 690 rant,
2478 640 2507 678 a
2541 624 2806 678 eharitate
2837 635 2889 677 et
2937 623 3136 692 pietate
3178 624 3336 679 alieni
3379 635 3433 678 et
3457 623 3709 677 immites.
3741 621 3873 674 Nam

611 720 720 774 νῶν
751 720 926 790 όνομα
957 721 1304 784 κλέπτοντες,
1348 719 1824 789 ὐποπλαττόμενοί
1852 735 1909 771 τε
1935 719 2034 785 τὴν
2066 718 2200 788 πρὸς
2311 717 2438 785 quid
2475 718 2522 771 ht

1962 719 2034 785 ’ὴν
2066 718 2200 788 πρὸς
2311 717 2438 785 quid
2475 718 2666 771 horum
2699 715 2971 784 est,cujus
3000 716 3183 770 allines
3204 730 3324 771 esse
3344 718 3517 784 reipsa
3554 729 3656 768 non
3683 714 3873 782 depre-

608 811 761 878 ἡμᾶς
804 809 1181 880 ἀδελφότητα,
1222 809 1321 873 τὰς
1352 809 1462 865 τῶν
1503 809 1714 880 ἐχθρῶν
1748 810 2075 880 ἀγριότητας
2121 827 2200 862 νι-
2306 809 2517 863 hendnn

1964 827 2075 880 λτας
2121 827 2200 862 νι-
2306 807 2655 863 hendnntur?
2687 808 2755 862 At
2785 808 3004 863 omnino
3025 824 3117 864 eos
3147 824 3254 863 non
3302 808 3437 865 feret
3464 807 3627 869 Deus,
3656 819 3754 860 nec
3782 817 3875 859 eos

610 899 782 952 κῶσιν
809 899 922 953 ἐσθ’
949 901 1060 966 ὅτε,
1093 901 1475 971 ἀφιλοστοργοί
1504 917 1562 954 τε
1602 901 1695 952 καὶ
1724 899 1970 967 ἀπηνεῖς.
2009 897 2118 950 Kal
2149 897 2200 948 τί
2306 901 2396 969 qui
2431 901 2510 956 sic

1961 941 1970 953 .
2009 897 2118 950 Kal
2149 897 2200 948 τί
2306 901 2396 969 qui
2431 901 2510 956 sic
2536 900 2603 955 ad
2631 914 2843 958 omnem
2870 900 3221 954 humanitatis
3254 908 3308 955 et
3359 899 3568 968 pietatis
3625 897 3872 952 allectum

610 989 721 1061 γὰρ
748 991 871 1062 οὐχὶ
894 991 1006 1045 τῶν
1033 991 1293 1046 τοιούτων
1316 991 1650 1062 ὑπάρχοντες
1670 991 1738 1044 δι’
1758 989 1934 1042 αὐτῶν
1956 988 2202 1060 ἐλέγχον-
2305 990 2447 1045 obdu
2457 1005 2513 1042 ru

1960 988 2202 1060 ἐλέγχον-
2305 990 2679 1045 obduruerunt
2711 989 3014 1056 sustinebit,
3052 1002 3105 1045 at
3129 992 3231 1047 illis
3257 992 3492 1060 qumira,
3525 1007 3642 1062 qum
3666 990 3871 1060 justitia

610 1099 700 1134 ται
734 1082 848 1136 τῶν
891 1083 1266 1154 πραγμτῶνς
1299 1083 1412 1139 ἀλλ’
1442 1084 1543 1137 οὐκ
1579 1085 1658 1146 εἰς
1691 1081 1834 1135 ἅπαν
1873 1081 2058 1144 αὐτοῖς
2089 1081 2204 1133 δια-
2308 1080 2521 1152 ﬂagitat

938 1083 1266 1154 ραγματῶν;
1299 1083 1412 1139 ἀλλ’
1442 1084 1543 1137 οὐκ
1579 1085 1658 1146 εἰς
1691 1081 1834 1135 ἅπαν
1873 1081 2058 1144 αὐτοῖς
2089 1081 2204 1133 δια-
2308 1080 2536 1152 ﬂagitat,
2566 1081 2845 1150 irrogabit.

612 1172 944 1241 καρτερήσει
989 1171 1153 1236 Θεὸς,
1209 1172 1454 1239 ἀνέξεται
1491 1172 1546 1226 δὲ
1593 1171 1841 1242 οὐδαμῶς
1887 1171 2420 1242 ἀφιλοστοργόύντων
2458 1173 2617 1241 ἄγαν,
2662 1171 2870 1232 ἐποίσει
2914 1173 2970 1225 δὲ
3019 1174 3217 1242 μᾶλλον
3270 1175 3449 1238 αὐτοῖς
3487 1179 3550 1226 τὰ
3595 1173 3654 1238 ἐξ
3705 1169 3878 1241 ὀργῆς

612 1267 708 1318 καὶ
742 1266 926 1338 δίκης.

1241 1383 1474 1436 ΤΟΜΟΣ
1510 1381 1585 1438 Ε’.

789 1495 876 1546 ro
919 1495 1166 1548 OPAMA
1219 1497 1356 1550 ΤΗΣ
1400 1497 1797 1550 meum:
1847 1496 2040 1549 zmzv.
2106 1479 2113 1489 '

690 1625 802 1696 Τὴν
832 1626 942 1680 τῶν
971 1629 1306 1696 Αἰγυπτίων,
1349 1628 1646 1700 Ἀσσυρίων
1677 1646 1731 1682 τε
1771 1630 1860 1682 καὶ
1897 1627 2206 1697 Ἰδουμαίων

611 1713 818 1767 ἅλωσιν
845 1716 1268 1788 προηγορευκὼς
1296 1719 1324 1770 6
1348 1721 1654 1789 προφήτης,
1679 1719 1768 1770 ἐπ’
1792 1719 1960 1788 αὐτὴν
1982 1717 2200 1788 ἔρχεται

608 1805 714 1875 τὴν
745 1806 908 1874 ἁγίαν
951 1808 1126 1873 πόλιν,
1181 1808 1326 1861 τοῦτ’
1371 1807 1486 1862 ἐστι
1531 1808 1628 1880 τὴν
1681 1809 2064 1880 Ἰερουσαλήμ·
2100 1809 2194 1860 καὶ

609 1898 682 1949 τὰ
725 1897 1120 1968 συμϐησόμενα
1146 1899 1281 1969 αὐτῇ
1317 1899 1459 1952 κατά
1495 1900 1717 1969 καιροὺς
1743 1901 1805 1952 ἐκ
1838 1898 1985 1963 Θείας
2025 1899 2195 1970 ὀργῆς

612 1993 1019 2060 προαφηγεῖται
1055 1991 1341 2061 χρησίμως
1359 2008 1372 2020 ·
1407 1991 1473 2044 ἵν’
1500 1991 1711 2056 εἰδεῖεν,
1740 1993 1820 2044 ὃτι
1848 1991 2196 2060 δικαιοσύνης

612 2080 879 2150 ὑπάρχων
917 2079 1179 2152 πρύτανις
1209 2083 1237 2134 6
1272 2081 1383 2132 τῶν
1405 2080 1541 2134 ὅλων
1571 2081 1724 2145 Θεὸς,
1753 2081 1950 2150 μᾶλλον
1975 2082 2032 2136 δὲ
2064 2082 2196 2134 αὐτὸ

611 2171 808 2240 χρῆμα
851 2171 1194 2242 δικαιοσύνη·
1225 2173 1286 2224 ού
1321 2171 1414 2226 τὸν
1452 2173 1652 2226 οἰκεῖον
1683 2172 1870 2236 ἁπλῶς
1907 2174 2193 2242 γεγονότα,

609 2261 702 2314 δά
745 2279 808 2330 γε
832 2262 925 2315 τοῦ
965 2265 1502 2334 πεπαιδαγωγεῖσθαι
1527 2267 1696 2336 νόμῳ,
1729 2267 1866 2336 τιμᾷ
1908 2265 2002 2318 καὶ
2027 2282 2196 2336 προσ-

616 2353 780 2418 ίεται,
813 2353 907 2406 καὶ
950 2355 1227 2424 φροντίδος
1276 2357 1436 2420 ἀξιοῖ·
1485 2353 1774 2426 δοκιμάζει
1805 2355 1862 2408 δέ
1897 2354 2096 2425 μᾶλλον
2129 2353 2197 2407 τὰ

613 2445 834 2518 ἑκάστῳ
868 2444 1201 2515 βεϐιωμένα,
1246 2448 1341 2500 καὶ
1393 2449 1505 2510 τοῖς
1553 2448 1653 2516 μὲν
1702 2445 1924 2514 ἀγαθοῖς
1957 2446 2057 2516 τὴν
2085 2445 2197 2511 ’ἐξιν

610 2537 860 2609 διανέμει
891 2536 963 2590 τά
990 2537 1172 2607 ἀγαθά
1189 2553 1203 2567 °
1237 2539 1450 2610 ⁴ἡγεῖται
1477 2537 1534 2590 δέ
1565 2537 1714 2602 ξένον
1739 2537 1834 2590 καὶ
1860 2538 1979 2590 κατ’
2006 2537 2196 2589 οὐδένα

611 2628 818 2699 τρόπον
858 2629 1006 2701 αὐτῷ
1055 2631 1572 2702 προσοικειούμενον
1607 2630 1695 2683 τὸν
1737 2629 1833 2700 τῆς
1867 2629 2198 2700 φαυλότητος

613 2721 882 2793 ἐραστὴν,
919 2722 1021 2776 κᾶν
1067 2722 1122 2775 εῐ
1147 2740 1232 2786 τις
1270 2723 1356 2794 είη
1405 2722 1568 2792 τυχὸν
1616 2721 1898 2790 ἀγαπητὸς
1932 2720 2022 2773 διά
2070 2721 2198 2783 τοὺς

614 2806 887 2878 πατέρας.
932 2810 1122 2880 ’ῼοντο
1169 2810 1348 2864 τοίνυν
1409 2811 1474 2863 ἐκ
1531 2809 1730 2880 πολλῆς
1776 2809 1915 2878 ἄγαν
1957 2808 2198 2878 ἀμαθίας

612 2899 728 2953 τῶν
763 2901 1038 2955 Ἰουδαίων
1089 2902 1140 2955 οἱ
1189 2902 1348 2973 δῆμοι
1372 2941 1386 2967 ,
1443 2902 1538 2956 καὶ
1599 2901 1862 2956 ἀνάλωτοι
1921 2897 2196 2962 παντελῶς

614 2990 841 3044 ἔσεσθαι
881 2995 993 3057 τοῖς
1051 2993 1289 3066 ἐχθροῖς,
1325 2993 1420 3046 καὶ
1454 2993 1664 3057 οὐδενὸς
1690 2992 1752 3046 τὸ
1803 2990 2024 3060 σύμπαν
2078 2990 2192 3044 ἐπι·

2904 1379 3090 1434 ΤΟΜ[
3103 1379 3140 1432 S
3180 1379 3239 1434 ν.

2731 1492 2937 1549 VISIO
2985 1492 3243 1548 VALLIS
3280 1491 3478 1548 SION.

2377 1630 2779 1702 Egyptiorum,
2799 1629 3139 1701 Assyriorum
3183 1638 3237 1682 et
3271 1627 3620 1682 ldumarorutn
3651 1631 3875 1699 captivi-

2309 1731 2468 1778 tatem
2507 1737 2627 1778 cum
2685 1720 2941 1791 prepheta
2962 1719 3287 1788 praedixerit,
3330 1717 3397 1772 ad
3434 1719 3599 1786 ipsam
3632 1730 3872 1774 sanctam
3904 1757 3907 1759 -

2303 1818 2596 1880 civitatem,
2639 1813 2692 1869 id
2745 1824 2829 1868 est
2884 1812 3206 1874 Jerusalem,
3256 1811 3482 1875 accedit,
3525 1827 3750 1881 quaeque
3798 1813 3871 1866 illi

2303 1906 2519 1963 deﬂuxu
2553 1915 2850 1973 temporum
2885 1917 2947 1956 ex
2975 1901 3153 1954 divina
3188 1901 3262 1954 ira
3303 1901 3637 1970 contingent,
3671 1918 3866 1971 oppor-

2304 2014 2431 2056 tune
2452 1998 2734 2055 deuuntiat
2769 2015 2782 2050 :
2815 2006 2872 2050 ut
2906 1993 3269 2048 universitatis
3295 1995 3483 2055 Deum,
3517 1993 3737 2060 iustitia:
3779 1995 3874 2048 ad-

2306 2093 2757 2153 ministratorem,
2787 2087 2895 2140 imo
2939 2099 3064 2140 vere
3115 2083 3280 2150 ipsam
3309 2082 3575 2153 justitiam
3628 2083 3870 2147 videant,

2304 2199 2408 2239 non
2439 2181 2759 2252 simpliciter
2782 2179 2923 2248 quod
2973 2192 3066 2246 per
3101 2175 3233 2244 legis
3279 2174 3640 2246 paedagogiani
3696 2175 3872 2229 intimi
3898 2208 3906 2233 ς

2301 2281 2356 2328 el.
2409 2268 2830 2338 coniunctissimi
2877 2273 3076 2330 essent,
3142 2273 3422 2332 propterea
3501 2278 3593 2317 eos
3662 2263 3859 2324 colere,

2301 2362 2545 2430 recipere
2572 2368 2626 2413 et
2646 2371 2774 2411 cura
2805 2355 3010 2423 dignari
3047 2369 3061 2405 :
3098 2353 3190 2406 sed
3219 2352 3394 2420 potius
3419 2353 3545 2418 quid
3594 2354 3644 2406 in
3693 2353 3800 2407 vita
3841 2370 3897 2405 ιι.-

2302 2467 2572 2522 quoquam
2596 2449 2708 2516 (lit,
2754 2449 3058 2518 explorare,
3109 2453 3162 2498 et
3209 2445 3364 2498 bonis
3414 2446 3628 2514 quidem
3660 2445 3874 2500 virtutis

2303 2543 2486 2598 habitu
2509 2538 2840 2596 conﬁrmatis
2855 2539 2993 2592 bona
3011 2536 3352 2598 distribuere,
3371 2535 3679 2589 vitiositatis
3695 2545 3872 2591 autem

2302 2641 2592 2698 amantem,
2620 2629 2772 2701 quasi
2805 2626 2944 2682 nulla
2976 2639 3156 2680 secum
3185 2625 3581 2680 necessitudine
3604 2623 3893 2694 junctum,

2301 2723 2644 2795 peregrinum
2725 2719 2919 2773 ducere
2971 2735 2984 2772 :
3043 2713 3384 2784 quantumvis
3451 2713 3587 2766 l'urte
3657 2723 3874 2782 propter

2300 2825 2482 2886 patres
2540 2813 2742 2867 charus
2779 2818 2939 2877 atque
2991 2806 3220 2861 dilectus
3275 2803 3460 2859 fuerit.
3533 2802 3876 2857 Existimavit

2300 2901 2464 2978 igitur
2485 2919 2592 2973 pra:
2615 2900 2810 2970 insigni
2842 2898 3070 2969 quadam
3101 2897 3414 2968 stupiditate
3443 2893 3670 2965 populus
3694 2893 3876 2948 Judai-

2301 3011 2422 3060 cus,
2449 2995 2516 3050 ab
2554 2993 2798 3048 hostibus
2823 2989 2967 3044 nullo
2998 2989 3156 3044 modo
3192 2995 3406 3056 captum
3456 2987 3548 3052 iri,
3578 2999 3677 3040 nec
3711 2983 3871 3038 ullam

623 3083 902 3152 πηδῶντας
945 3086 1154 3150 αὐτοῖς,
1201 3085 1294 3138 τὸν
1322 3086 1587 3156 ὴρεμαῖόν
1639 3102 1698 3138 τε
1744 3084 1838 3137 καὶ
1873 3085 1928 3136 ἐν
1975 3082 2197 3146 πολλαῖς
2225 3103 2268 3162 α
2301 3102 2522 3157 prorsus

1975 3082 2197 3146 πολλαῖς
2225 3103 2268 3162 α
2301 3102 2522 3157 prorsus
2553 3081 2956 3152 impressionem
2979 3079 3236 3143 facturos,
3263 3086 3318 3132 at
3345 3075 3582 3132 sedatam
3625 3083 3682 3130 et
3719 3073 3871 3128 altis-

623 3174 759 3241 ἱγαν
800 3175 1119 3247 εὐημερίαις
1163 3175 1444 3229 διαϐιῶναι
1484 3175 1618 3246 βίον,
1660 3174 1835 3228 καίτοι
1865 3172 1983 3242 Θεῷ
2031 3187 2196 3242 προσ-

623 3264 933 3335 κρούοντες,
961 3266 1055 3319 καὶ
1098 3270 1178 3331 είς
1207 3265 1408 3339 πολλὴν
1452 3266 1589 3334 ἄγαν
1618 3265 1871 3318 ἀσέϐειαν
1906 3265 2194 3316 ἀπονενευ-

624 3358 796 3420 κότες.
843 3359 1329 3430 Προσκεκυνήκασι
1371 3358 1478 3429 γάρ
1509 3355 1764 3418 εἰδώλοις,
1807 3355 1899 3408 xal
1943 3355 2198 3407 ὑποκάτω

622 3449 781 3518 δρυὸς
813 3449 908 3501 καὶ
960 3448 1159 3521 λεύκης
1207 3448 1494 3508 ἀναθέντες
1541 3447 1632 3518 ἐδη
1687 3447 1782 3499 καὶ
1824 3445 2038 3516 βωμούς
2089 3448 2199 3510 τοῖς

623 3537 880 3608 ματαίοις
925 3538 1112 3602 θυσίας
1158 3538 1430 3610 προσῆγον
1474 3537 1570 3590 καὶ
1613 3535 1844 3600 σπονδὰς
1890 3534 2197 3598 ἐπετέλουν,

629 3631 721 3698 τῆς
767 3629 1126 3698 ὀφειλομένης
1172 3629 1248 3698 τῷ
1281 3629 1526 3698 παναγίῳ
1573 3626 1693 3697 Θεῷ
1724 3627 1881 3696 δόξης
1922 3629 2000 3689 εἰς
2052 3626 2194 3680 ἅπαν

625 3721 998 3791 ὴφειδηκότες.
1044 3721 1156 3774 Kal
1207 3719 1336 3788 γοῦν
1378 3718 1465 3772 διὰ
1515 3719 1698 3789 φωνῆς
1753 3718 2016 3789 Ἰερεμίου
2069 3718 2201 3788 φησὶ

624 3813 762 3884 πρὸς
792 3813 988 3876 αὐτοὺς
1019 3813 1147 3883 περὶ
1175 3813 1274 3882 τῆς
1309 3811 1662 3881 Ἰερουσαλήμ
1682 3826 1696 3840 ·
1728 3827 1746 3860 ι
1776 3811 1882 3862 Kal
1913 3810 1987 3879 μὴ
2017 3807 2201 3876 λέγετε

625 3908 728 3969 δτι,
756 3905 903 3969 Ναὸς
930 3907 1133 3976 Κυρίου
1155 3905 1321 3968 ἐστὶν,
1355 3905 1435 3957 ὅτι
1471 3904 1564 3957 ἐὰν
1596 3904 1671 3974 μὴ
1699 3901 2036 3972 διορθοῦντες
2063 3901 2202 3971 διορ-

625 3997 837 4067 ῢὸσητε
863 3996 958 4060 τὰς
981 3997 1133 4058 ὁδοὺς
1164 3995 1336 4066 ὑμῶν,
1368 3995 1460 4047 καὶ
1488 3995 1556 4048 τὰ
1587 3993 1992 4063 ἐπιτηδεύματα
2024 3992 2198 4061 ὑμῶν,

629 4086 720 4140 ταὶ
770 4085 928 4139 δώσω
963 4085 1054 4139 τδν
1103 4079 1250 4138 οἷκον
1289 4084 1474 4137 τοῦτον
1507 4083 1695 4154 ὥσπερ
1740 4083 1958 4152 Σηλώμ.
1988 4103 2006 4136 ι
2059 4085 2203 4136 Kac.

629 4179 816 4248 ητιᾶτο
843 4176 898 4229 δέ
939 4177 1100 4230 πάλιν
1130 4175 1326 4238 αὐτοὺς
1369 4175 1459 4228 διὰ
1503 4175 1737 4244 Μιχαίου
1771 4173 1870 4228 τοῦ
1924 4175 2203 4245 προφήτου

625 4271 834 4338 λέγων’
870 4288 888 4320 ι
923 4268 985 4322 Ol
1015 4267 1307 4338 ἡγούμενοι
1350 4265 1520 4336 αὐτῆς
1561 4264 1700 4336 μετὰ
1737 4263 1924 4335 δώρων
1971 4263 2205 4336 ἔκρινον,

2299 3181 2434 3234 sima
2458 3173 2843 3244 tranquillitate
2866 3171 3328 3226 circumﬂuentem
3367 3167 3533 3222 vitam
3580 3167 3871 3229 victurum,

2299 3268 2510 3324 etiamsi
2540 3265 2705 3320 Deum
2744 3261 3047 3326 oll'enderit,
3084 3269 3139 3314 et
3167 3259 3220 3313 in
3249 3273 3512 3313 summam
3545 3255 3872 3325 impietatem

2300 3357 2612 3429 per-volutus
2637 3353 2818 3408 fuerit.
2848 3352 3010 3407 ldolis
3037 3351 3180 3406 enim
3228 3349 3646 3418 procubuerunt,
3677 3354 3733 3400 et
3771 3345 3873 3399 sub

2300 3461 2499 3517 quercu
2530 3458 2593 3499 ac
2623 3442 2820 3513 populo
2851 3440 3087 3496 delubris
3142 3447 3197 3492 et
3224 3437 3334 3492 aris
3359 3433 3577 3501 erectis,
3597 3432 3749 3488 vanis
3771 3431 3875 3487 diis

2301 3537 2561 3592 sacrificia
2594 3535 2853 3598 fecerunt,
2889 3531 3117 3601 illisque,
3161 3529 3328 3599 gloria
3383 3523 3726 3581 sanctissimo
3765 3523 3876 3578 Deo

2303 3629 2478 3684 debita
2517 3623 2742 3697 prorsus
2774 3631 3104 3693 contempla,
3137 3620 3241 3674 liba
3281 3618 3613 3674 obtulerunt.
3662 3615 3875 3670 Etenim

2302 3735 2433 3776 voce
2475 3718 2722 3774 Jeremiae
2794 3714 2990 3769 atl‘atur
3051 3709 3568 3782 llierosolymitanos
3599 3725 3614 3762 :
3648 3726 3667 3760 ι
3703 3705 3878 3761 Nolite

2303 3813 2482 3867 dicere
2515 3827 2529 3864 :
2566 3809 2843 3876 Templum
2877 3805 3085 3859 Domini
3121 3813 3224 3867 est,
3257 3801 3381 3872 quia
3413 3801 3458 3855 si
3485 3813 3609 3854 vere
3643 3809 3698 3852 et
3733 3798 3877 3852 serio

2307 3917 2412 3956 non
2442 3897 2793 3954 correxeritis
2824 3895 2938 3948 vias
2963 3901 3170 3948 vestras
3197 3901 3253 3946 et
3275 3889 3451 3944 studia
3483 3895 3682 3949 vestra,
3713 3886 3874 3939 etiam

2305 3993 2520 4046 domum
2562 3990 2702 4044 hanc
2748 3987 2942 4042 faciam
2981 3983 3134 4054 quasi
3203 3979 3384 4037 Selom
3414 3980 3482 4030 “.
3527 3996 3545 4028 ι
3597 3975 3878 4046 Sugillavit

2307 4084 2432 4136 item
2460 4082 2578 4136 illos
2599 4096 2694 4149 per
2710 4079 2982 4133 Michazam
3008 4074 3323 4144 prophetam
3347 4070 3562 4125 dicens:
3588 4088 3607 4120 ι
3630 4065 3874 4121 Ρνωίοοιί

2305 4169 2466 4241 315
2502 4172 2618 4241 ejus
2648 4177 2866 4239 propter
2888 4180 3111 4221 munera
3139 4162 3542 4232 judicabant,et
3566 4159 3877 4213 sacerdotes

2306 4263 2422 4332 ejus
2455 4272 2670 4332 propter
2710 4260 3012 4315 mercedem
3050 4254 3468 4326 reSpondebaut,
3497 4259 3553 4306 et
3601 4250 3878 4321 prophetae

743 4362 794 4414 οἱ
825 4362 991 4432 ἱερεῖς
1023 4337 1191 4431 αὐτῆς
1222 4359 1356 4430 μετά
1386 4357 1578 4430 μισθοῦ
1623 4357 2002 4428 ἀπεκρίνοντο,
2031 4356 2128 4409 καὶ
2155 4357 2206 4410 οἱ
2244 4431 2255 4432 7
2308 4352 2423 4421 ejus
2451 4367 2536 4419 prc

1957 4374 2002 4419 ο,
2031 4356 2128 4409 καὶ
2155 4357 2206 4410 οἱ
2244 4431 2255 4432 7
2308 4352 2423 4421 ejus
2451 4362 2667 4421 propter
2701 4357 2982 4418 argentum
3007 4343 3465 4405 vaticinabantur,
3492 4350 3545 4396 et
3577 4340 3628 4394 in
3653 4337 3868 4394 Domine

625 4426 903 4523 προφῆται
929 4452 1098 4522 αὐτῆς
1293 4426 1552 4521 ἀργυρίου
1584 4426 1962 4519 ἐμαντεύοντο,
1989 4448 2084 4501 καὶ
2113 4448 2206 4500 ἐπὶ
2239 4431 2284 4489 D
2311 4439 2536 4510 acquiest

1989 4448 2084 4501 καὶ
2113 4448 2206 4500 ἐπὶ
2239 4431 2284 4489 D
2311 4439 2742 4510 acquiescebant,
2776 4437 3019 4492 dicentes
3049 4452 3064 4490 :
3092 4433 3280 4490 Nonne
3318 4432 3576 4485 Dominus
3610 4428 3661 4482 in
3724 4426 3877 4481 nobis

622 4515 714 4596 τόν
747 4515 953 4614 Κύριον
985 4515 1389 4596 ἐπανεπαύοντο
1415 4515 1662 4608 λέγοντες
1683 4555 1696 4568 '
1727 4538 1863 4608 Οὐχὶ
1902 4537 2106 4610 Κύριος
2145 4539 2205 4590 ἐν
2303 4531 2423 4587 est?
2443 4529 2533 4585 Νοι

1964 4537 2106 4610 5ριος
2145 4539 2205 4590 ἐν
2303 4531 2423 4587 est?
2443 4529 2556 4585 Non
2582 4529 2798 4583 venient
2828 4529 2881 4582 in
2913 4542 3010 4582 nos
3032 4525 3194 4578 mala.
3220 4523 3341 4578 ldeo
3382 4530 3600 4591 propter
3625 4533 3719 4571 vos
3745 4515 3875 4570 Sion

625 4635 758 4702 ἡμῖν
792 4608 975 4696 sem;
1011 4632 1084 4685 Ού
1121 4631 1195 4701 μὴ
1217 4631 1416 4703 ἐπέλθῃ
1449 4630 1531 4698 ἐφ’
1557 4630 1703 4699 ἡμᾶς
1736 4630 1900 4684 κακά.
1928 4608 2024 4683 Διά
2051 4629 2208 4682 τοῦτο
2305 4633 2362 4680 ut
2384 4637 2536 4695 ager:

1971 4608 2024 4683 ιά
2051 4629 2208 4682 τοῦτο
2305 4633 2362 4680 ut
2384 4637 2510 4695 ager
2527 4621 2790 4686 arabitur,
2829 4627 2883 4676 et.
2909 4616 3204 4674 Jerusalem
3232 4625 3290 4670 ut
3323 4626 3600 4683 pomorum
3631 4608 3876 4664 custodia

623 4725 691 4776 δι’
722 4724 871 4793 ὑμᾶς
900 4721 1038 4776 Σιὼν
1076 4722 1152 4786 ὡς
1180 4720 1346 4792 ἀγρὸς
1380 4719 1856 4790 ἀροτριαθήσεται,
1888 4720 1981 4774 καὶ
2013 4719 2209 4791 Ἱερουο

629 4815 816 4883 σαλὴμ
845 4812 921 4875 ὡς
953 4810 1396 4882 ὀπωροφυλάκιον
1435 4809 1610 4873 ἔσται,
1657 4810 1752 4863 καὶ
1780 4809 1904 4881 ὅρος
1929 4807 2022 4861 τοῦ
2059 4810 2208 4862 οῐκου

626 4907 701 4968 ὡς
739 4904 903 4967 ἄλσος
933 4903 1201 4974 δρυμοῦ.)
1250 4903 1372 4970 ’0ξῦ
1403 4902 1460 4956 δὲ
1501 4903 1583 4955 ὅτι
1620 4901 1680 4955 τὸ
1712 4900 1807 4954 τοῦ
1849 4901 1983 4954 Θεοῦ
2039 4900 2247 4970 κρίμα.

632 4997 772 5050 κατά
816 4995 1017 5058 παντὸς
1045 4994 1265 5066 ἔρχεται
1309 4993 1402 5048 τοῦ
1432 4992 1773 5064 πλημμελεῖν
1816 4993 2068 5056 εἰωθότος
2110 5008 2214 5060 φα-

633 5088 788 5158 νερὸν
817 5087 1007 5149 αὐτοῖς
1033 5087 1205 5139 ἐποίει
1223 5085 1396 5155 λέγων
1422 5088 1518 5140 καὶ
1545 5087 1573 5138 ό
1605 5084 1888 5148 θεσπέσιος
1929 5084 2178 5153 Ἰωάννης
2198 5098 2209 5111 ·

640 5197 658 5230 ι
684 5179 986 5250 Γεννήματ⁹
1015 5177 1259 5248 ἐχιδνῶν,
1285 5177 1367 5240 τίς
1403 5175 1678 5240 ὑπέδειξεν
1706 5176 1834 5245 ὑμῖν
1886 5178 2078 5243 φυγεῖν
2105 5175 2213 5228 ἀπὸ

635 5268 732 5339 τῆς
765 5268 1068 5340 μελλούσης
1093 5267 1295 5337 όργῆς;
1330 5267 1597 5337 Ποιήσατε
1627 5261 1719 5318 οὖν
1753 5265 1997 5336 καρποὺς
2029 5261 2212 5326 ἀξίους

637 5359 732 5425 τῆς
762 5355 1073 5426 μετανοίας,
1115 5355 1208 5408 καὶ
1243 5353 1316 5424 μὴ
1347 5354 1533 5423 δόξητε
1559 5353 1737 5421 λέγειν
1765 5355 1822 5406 ἐν
1856 5354 2088 5416 ἑαυτοῖς,
2126 5351 2204 5404 ὅτι

637 5447 857 5518 Πατέρα
888 5446 1082 5516 ἔχομεν
1108 5446 1200 5498 τὸν
1233 5445 1511 5515 Ἁϐραάμο
1537 5445 1682 5512 λέγω
1711 5444 1819 5514 γάρ
1847 5445 1976 5514 ύμῖν
2008 5445 2089 5496 ὅτι
2119 5442 2207 5495 δύ-

638 5552 790 5588 ναται
815 5537 846 5588 6
876 5535 1006 5598 Θεὸς
1038 5537 1100 5588 ἐκ
1129 5534 1238 5587 τῶν
1271 5535 1432 5586 λίθων
1471 5534 1673 5587 τούτων
1702 5536 1908 5603 ἐγεῖραι
1943 5533 2104 5586 τέκνα
2133 5533 2210 5602 τῷ

652 5626 923 5699 Ἁϐραάμ.
958 5627 1096 5699 Ἤδη
1129 5627 1184 5682 δὲ
1213 5629 1245 5698 ἡ
1279 5627 1433 5697 ἀξίνη
1478 5625 1614 5698 πρὸς
1640 5626 1734 5696 τὴν
1777 5625 1928 5698 ῥίζαν
1957 5626 2063 5680 τῶν
2097 5625 2211 5680 δέν-

709 5804 752 5838 "
811 5775 1153 5861 Jerem.vtt.
1206 5804 1239 5858 ι
1314 5803 1398 5859 ιι.
1473 5804 1518 5837 ει
1560 5801 1828 5868 ιιιςιι.ιιι,
1871 5800 1953 5868 ιι,
1998 5800 2082 5857 ιε.

2305 4716 2430 4781 erit,
2452 4723 2506 4770 et
2528 4727 2684 4769 mons
2704 4714 2892 4768 domus
2924 4707 3159 4773 Domini,
3193 4706 3348 4776 quasi
3380 4705 3547 4760 saltus
3573 4701 3722 4756 silva:
3749 4699 3818 4753 ".
3851 4716 3870 4750 ι

2306 4806 2458 4874 Quod
2477 4813 2652 4861 autem
2666 4803 2931 4874 judicium
2971 4800 3061 4856 Dei
3087 4813 3211 4854 aere
3234 4807 3420 4852 contra
3460 4807 3673 4848 omnem
3708 4789 3878 4846 delin-

2309 4907 2561 4968 quentem
2591 4896 2787 4959 veniat,
2821 4893 3160 4964 perspicuum
3199 4887 3326 4944 fecit
3375 4885 3480 4940 illis
3522 4884 3685 4939 etiam
3741 4881 3880 4936 divi-

2311 5003 2410 5043 nus
2440 4987 2679 5057 Baptista
2726 4985 2987 5047 Joannes,
3019 4981 3266 5050 inquiens
3295 4997 3309 5034 :
3351 4996 3370 5029 ι
3399 4974 3692 5046 Progenies
3725 4973 3878 5041 vipe-

2311 5094 2524 5141 rarum,
2582 5079 2704 5145 quis
2734 5072 3156 5131 submonstravit
3175 5071 3326 5124 vobis
3356 5079 3416 5124 ut
3459 5065 3714 5138 ﬁngeretis
3739 5081 3766 5117 a
3799 5063 3883 5118 fu-

2312 5178 2430 5222 tura
2456 5168 2574 5222 ira?
2605 5167 2787 5222 Facite
2819 5167 2982 5234 igitur
3011 5162 3218 5216 fruetus
3257 5159 3446 5230 dignos
3490 5155 3879 5224 resipiscentia,

2310 5272 2365 5314 ct
2417 5276 2483 5315 ne
2517 5269 2704 5328 putate
2741 5258 3027 5313 dicendum
3073 5256 3212 5323 apud
3279 5269 3373 5309 vos
3443 5254 3605 5320 ipsos,
3665 5247 3880 5302 Patrem

2312 5351 2569 5406 habemus
2596 5350 2864 5405 Abraham
2909 5366 2922 5402 :
2965 5348 3084 5402 dico
3118 5346 3262 5402 enim
3317 5343 3488 5406 vobis.
3514 5354 3672 5412 posse
3716 5339 3880 5393 Deum

2313 5456 2377 5496 ex
2408 5441 2674 5511 lapidibus
2698 5439 2813 5494 istis
2835 5439 3076 5494 excitare
3108 5436 3248 5491 ﬁlios
3291 5433 3583 5490 Abraham.
3615 5428 3730 5484 Jam
3756 5440 3883 5481 vero

2315 5533 2522 5587 securis
2554 5532 2617 5586 ad
2641 5530 2873 5586 radicem
2927 5531 3180 5587 arborum
3209 5528 3381 5599 posita
3416 5533 3498 5580 est
3526 5541 3538 5577 :
3567 5520 3742 5577 omnis
3783 5517 3882 5586 igi-

2320 5636 2405 5680 tur
2427 5627 2587 5681 arbor
2619 5639 2740 5695 quze
2767 5640 2868 5679 non
2911 5623 3014 5679 fert
3039 5623 3269 5680 fructum
3299 5621 3520 5684 bonum,
3552 5609 3884 5671 cxscinditur
