4110 6490
224 390 330 446 505

1345 386 1409 442 ΙΝ
1455 388 1696 442 ISAIAM
1733 388 1860 442 LIB.
1903 389 1970 444 Π.
2011 390 2246 447 TOMUS
2285 391 2351 445 V.

222 527 400 565 κειται
437 510 495 564 δὲ
548 511 668 575 ταῖς
701 510 998 580 ὑπωρείαις
1041 509 1432 582 Ἰερουσαλὴμ,
1485 510 1607 564 ὅθεν
1637 511 1801 579 αὐτὴν

1911 511 1992 566 vel
2030 513 2082 567 in
2124 525 2305 570 monte
2336 513 2488 578 Sion,
2545 524 2598 570 ct
2654 517 2708 571 in
2733 517 3001 574 radicibus
3032 517 3229 574 montis
3259 517 3362 575 sita
3395 529 3472 576 est

221 603 320 657 καὶ
349 603 446 674 τῆς
475 601 616 657 Σιὼν
645 601 912 656 ἀποκαλεῖ
931 601 1214 670 φάραγγα.

296 693 526 759 Πάντες
566 696 622 748 οὶ
660 693 949 762 ἄρχοντές
991 707 1108 747 σου
1154 694 1531 764 πεφεύγασιν
1554 735 1570 761 ,
1615 696 1714 750 καὶ
1747 698 1803 751 οὶ

220 784 473 852 ἁλόντες
493 783 774 854 σκληρῶς
798 784 1099 855 δεδεμένοι
1119 785 1259 854 εἰσί,
1288 789 1388 840 καὶ
1407 792 1461 842 οἱ
1487 789 1802 858 ἰσχύοντες

220 877 292 931 ἐν
324 877 424 933 σοὶ
459 879 658 946 πόρρω
686 880 1083 948 πεφεύγασιν.

295 967 758 1033 Καταλελοιπότες
779 1009 794 1035 ,
839 971 914 1034 ὡς
947 970 1104 1042 ἔφην,
1156 972 1246 1026 τὸν
1277 972 1385 1026 τῶν
1412 973 1550 1039 ὅλων
1583 971 1800 1042 σωτῆρα

221 1058 355 1112 Θεὸν
384 1061 492 1114 τῶν
535 1062 803 1116 Ἰουδαίων
827 1065 876 1117 οἱ
905 1064 1090 1135 δῆμοι,
1136 1066 1230 1119 καὶ
1260 1068 1380 1128 ταῖς
1416 1066 1474 1131 ἐξ
1503 1064 1802 1135 ἀνθρώπων

220 1151 566 1223 ἐπικουρίαις
621 1153 1109 1225 ἑπιθαρσήσαντες,
1137 1155 1403 1220 σώζεσθαι
1439 1155 1798 1226 προσεδόκων.

233 1242 452 1313 Ἐπειδὴ
485 1243 543 1296 δὲ
569 1237 704 1315 ἧκον
725 1245 775 1297 οἱ
802 1245 1086 1315 πολέμιοι,
1113 1248 1208 1299 καὶ
1238 1247 1295 1298 ἐν
1331 1247 1537 1316 ἀκμαῖς
1559 1241 1628 1316 ἦν
1651 1246 1679 1296 6
1708 1243 1800 1297 τοῦ

221 1333 419 1386 παθεῖν
446 1335 626 1402 φόϐος,
651 1336 747 1389 καὶ
776 1337 1146 1406 περιεστώσας
1165 1336 1268 1408 ήδη
1293 1337 1392 1407 τὴν
1416 1337 1598 1408 χώραν
1637 1335 1802 1404 ἧγουν

221 1423 322 1493 τὴν
343 1423 505 1491 ἁγίαν
522 1424 674 1476 πόλιν
700 1423 801 1488 τὰς
829 1424 936 1478 τῶν
966 1425 1264 1497 Ἀσσυρίων
1295 1425 1579 1480 τεθέανται
1597 1423 1803 1494 φάλαγ·

229 1529 346 1580 (ας,
377 1513 736 1584 ἀπεπήδησαν
762 1516 812 1568 οἱ
850 1515 907 1568 ἐν
937 1514 1078 1568 τέλει
1127 1517 1218 1569 καὶ
1256 1518 1313 1569 ὲν
1350 1519 1470 1579 ταῖς
1503 1515 1802 1575 ἀνωτάταις

225 1603 429 1672 τιμαῖς·
455 1602 704 1673 καθάπερ
737 1603 880 1674 νηὼς
907 1603 1309 1676 βαπτιζομένης
1331 1606 1664 1675 ἀπενήχοντο
1693 1602 1798 1654 σώ-

220 1692 409 1756 ζοντες
445 1694 691 1759 ἑαυτοὺς,
719 1694 812 1747 καὶ
841 1697 952 1758 τοῖς
975 1697 1062 1749 ἐπ’
1085 1696 1281 1757 αὐτοὺς
1314 1694 1568 1764 ὴλπικόσι
1606 1711 1798 1763 μονον-

221 1784 344 1853 ουχὶ
381 1783 652 1854 ἐρρῶσθαι
697 1786 1025 1856 φράσαντες.
1065 1785 1378 1855 Πεφεύγασι
1414 1785 1592 1838 τοίνυν
1626 1784 1799 1840 ᾶπαν-

227 1891 335 1940 εες,
361 1875 546 1944 φησὶν,
570 1878 618 1928 οἱ
649 1876 809 1929 πάλαι
829 1893 886 1928 σε
909 1875 1100 1940 σώζειν
1115 1876 1647 1947 ὑπισχνούμενοι,κα“ι
1670 1876 1798 1929 δυσ·
1830 1855 1872 1909 Β

223 1965 629 2034 καταγώνιστον
668 1966 812 2038 ἔχειν
859 1967 1252 2038 ὑπονοηθέντες
1300 1971 1498 2038 χεῖρα·
1544 1970 1592 2020 οἱ
1655 1968 1710 2020 δὲ
1735 1968 1798 2040 δὴ

223 2055 316 2108 καὶ
338 2055 555 2117 ἁλόντες
584 2055 836 2127 σκληρῶς
863 2055 1136 2126 δεδεμένοι
1166 2056 1321 2109 εἰσίν.
1354 2055 1664 2127 Συνελήφθη
1691 2056 1799 2126 γάρ

222 2145 248 2197 5
282 2143 539 2205 Σεδεκίας
567 2144 684 2214 ἅμα
714 2147 826 2207 τοῖς
846 2143 1010 2197 αὐτοῦ
1041 2144 1229 2198 παισί·
1266 2145 1359 2198 καὶ
1385 2146 1510 2208 τοὺς
1543 2145 1641 2214 μὲν
1691 2147 1800 2198 άπ-

223 2235 467 2305 έσφαξαν
492 2236 542 2287 οἱ
571 2233 922 2300 Βαϐυλώνιοι,
936 2236 1026 2288 τὸν
1043 2235 1099 2288 δὲ
1124 2237 1232 2289 τῶν
1253 2236 1514 2308 ὀμμάτων
1535 2237 1801 2307 ἐκκεκομ-

224 2327 404 2396 μένων
425 2326 764 2396 ἀπεκόμισαν
808 2326 887 2389 είς
933 2326 1032 2396 τὴν
1060 2326 1286 2382 ἑαυτῶν.
1320 2346 1336 2377 ι
1383 2326 1599 2382 Ματαία
1619 2327 1799 2381 τοίνυν

223 2421 251 2488 ί]
281 2419 526 2490 σωτηρία
552 2417 871 2490 ἀνθρώπων,
903 2438 922 2471 ι
951 2419 1092 2471 κατὰ
1123 2419 1182 2472 τὸ
1205 2421 1605 2491 γεγραμμένον.
1628 2423 1719 2474 Δεῖ
1741 2421 1798 2474 δὲ

225 2509 284 2581 ἰὴ
318 2511 465 2581 μόνῳ
489 2511 841 2580 προσκεῖσθαι
864 2510 1001 2582 Θεῷ,
1032 2511 1092 2564 τὸ
1122 2511 1282 2580 σοφὸν
1313 2511 1489 2565 ἐκεῖνο
1513 2511 1800 2582 διακεκρα-

227 2604 386 2671 γὸτας
408 2619 423 2634 ο
469 2622 488 2654 ι
509 2603 624 2656 Οὐκ
643 2603 735 2658 ἐπὶ
761 2602 840 2673 τῷ
863 2603 1002 2672 τόξῳ
1034 2619 1135 2674 μου
1164 2601 1354 2668 ὲλπιῶ,
1386 2602 1530 2673 καὶὴ
1558 2601 1800 2672 ῥομφαία

225 2711 330 2765 μου
359 2694 421 2746 οὐ
454 2691 615 2746 σώσει
637 2710 724 2763 με.
765 2713 783 2746 ι
815 2692 984 2757 Σώζει
1007 2694 1113 2764 γὰρ
1145 2694 1305 2764 μόνος
1326 2693 1354 2745 6
1381 2693 1490 2746 τῶν
1517 2693 1799 2764 δυνάμεων

225 2783 430 2853 Κύριος
456 2785 581 2847 τοὺς
607 2783 933 2862 ἀγαπώντας
961 2784 1144 2848 αὐτὸν,
1175 2785 1269 2838 καὶ
1297 2786 1363 2838 ὲκ
1393 2785 1590 2848 παντὸς
1613 2785 1798 2855 ῥύεται

226 2879 418 2943 ιακοῦ,
455 2878 593 2932 ὥστε
619 2879 712 2946 καὶ
749 2878 1038 2949 χαίροντας
1071 2878 1286 2946 λέγειν’
1339 2897 1358 2930 ι
1395 2878 1646 2941 Ἐσωσας
1691 2878 1799 2949 γὰρ

226 2971 373 3041 ἡμᾶς
418 2971 482 3023 ὲκ
528 2971 634 3024 τῶν
669 2969 954 3024 θλιϐόντων
1004 2971 1171 3040 ἡμᾶς,
1205 2968 1300 3022 καὶ
1335 2969 1460 3032 τοὺς
1509 2968 1798 3040 μισοῦντας

225 3063 372 3132 ημᾶς
396 3061 759 3132 κατῄσχυνας.
801 3079 820 3113 ι

288 3155 396 3208 Διά
429 3153 602 3208 τοῦτο
630 3153 787 3218 εἶπα,
823 3150 1028 3222 Ἅφετέ
1058 3169 1154 3221 με,
1178 3151 1401 3220 πικρῶς
1428 3152 1762 3222 κλαύσομαι
1781 3169 1796 3186 ο
1824 3193 1866 3248 C

217 3246 299 3314 ui;
331 3245 737 3314 κατισχύσητε
766 3243 1136 3311 παρακαλεῖν
1149 3261 1227 3312 με
1242 3244 1341 3297 ἐπὶ
1377 3245 1438 3296 τὸ
1464 3245 1798 3312 σύντριμμα

213 3335 331 3403 τῆς
371 3334 660 3404 θυγατρὸς
677 3333 783 3388 τοῦ
813 3334 1028 3404 γένους
1053 3350 1192 3402 μου,
1215 3332 1303 3386 ὅτι
1324 3332 1511 3403 ἡμέρα
1535 3332 1799 3403 ταραχῆς

213 3427 317 3482 καί
354 3427 654 3490 ἀπωλείας
698 3427 796 3480 καί
830 3425 1327 3496 καταπατήματος
1366 3426 1526 3494 παρὰ
1574 3427 1798 3494 Κυρίου

213 3521 484 3588 Σαϐαὼθ,
513 3521 584 3574 ἐν
617 3519 871 3590 φάραγγι
891 3521 1061 3574 Σιών.

291 3612 442 3682 Αὕτη
466 3612 561 3665 τοῦ
581 3613 860 3683 προφήτου
889 3610 1039 3682 φωνὴ
1077 3629 1358 3682 μονονουχι
1387 3613 1664 3676 κλαίοντος
1704 3613 1800 3666 καὶ

219 3709 344 3769 ταῖς
375 3705 466 3758 τοῦ
490 3705 682 3772 γένους
705 3701 1108 3773 ὲποιμώζοντος
1142 3706 1468 3774 συμφοραῖς.
1519 3706 1597 3757 Δι’
1627 3698 1702 3758 ὧν
1743 3705 1798 3757 δὲ

213 3799 572 3869 παραιτεῖται
597 3795 723 3858 τοὺς
751 3793 1087 3865 παρακαλεῖν
1114 3793 1416 3864 ίσχύοντας,
1441 3796 1500 3848 τὸ
1529 3796 1629 3864 τῆς
1669 3796 1800 3868 πλη-

219 3891 325 3962 ίῆς
353 3887 638 3959 ἐμφανίζει
671 3886 921 3958 μέγεθος,
953 3880 1064 3939 οἷον
1101 3885 1202 3938 οὐκ
1219 3885 1450 3956 ἐχούσης
1481 3885 1796 3958 θεραπείαν·

211 3979 660 4052 κπενηνεγμένην
693 3978 749 4032 δὲ
801 3977 997 4048 μᾶλλον
1025 3977 1311 4047 ἀφορήτως
1341 3976 1523 4039 αὐτοῖς
1547 4017 1562 4042 ,
1598 3979 1799 4050 πικράν

215 4091 274 4127 τε
318 4072 416 4127 καὶ
452 4069 805 4138 ἀνουθέτητον
829 4067 1057 4138 ἐχούσης
1079 4067 1175 4136 τὴν
1209 4065 1414 4132 ἔφοδον.
1453 4067 1664 4138 Ἡμέρα
1691 4069 1798 4138 γὰρ

217 4162 468 4233 ταραχῆς
496 4161 590 4214 καὶ
615 4159 889 4223 ἀπωλείας
911 4159 1003 4212 καὶ
1026 4159 1315 4230 καταπατή
1324 4174 1493 4229 ματος
1517 4158 1667 4229 παρὰ
1688 4161 1800 4212 Κυ-

210 4255 341 4329 ρίου
365 4249 590 4306 Σαϐαὼθ
617 4253 995 4320 ὲπενήνεκται.
1011 4249 1149 4320 (Τὴν
1170 4250 1280 4321 γὰρ
1302 4251 1460 4319 χεῖρα
1481 4247 1580 4320 τὴν
1593 4248 1800 4321 ὑψηλὴν

214 4346 299 4408 τίς
334 4340 669 4412 ἀποστρέψει
691 4357 705 4407 ;
727 4342 828 4394 »Ἢ
861 4342 957 4411 μὲν
987 4341 1095 4413 γὰρ
1132 4341 1298 4412 ὀργῆς
1324 4340 1445 4410 δίχα
1461 4342 1557 4411 τῆς
1583 4340 1788 4394 ἀνωθεν

215 4435 282 4489 τὰ
312 4433 416 4502 τῆς
436 4421 627 4502 ἐφόδου
656 4431 805 4501 παρά
828 4431 945 4484 τῶν
969 4431 1264 4500 Ἀσσυρίων
1287 4431 1603 4501 ἐπράττετο,
1631 4429 1797 4501 πολλή

1899 603 2220 674 Jerusalem,
2248 607 2389 662 unde
2412 622 2531 662 eam
2567 608 2696 664 Sion
2727 609 2918 666 vallem
2949 610 3202 680 appellnt.

1973 695 2140 755 Vens.
2180 699 2234 753 5.
2287 698 2477 754 Omnes
2503 702 2764 771 principes
2811 704 2891 756 tui
2915 703 3182 772 fugerunt,
3239 713 3286 757 et
3334 703 3474 770 capti

1899 792 2128 860 graviter
2166 790 2322 844 vincti
2343 801 2487 856 sunt,
2521 801 2576 846 et
2599 801 2939 861 pra'potentes
2968 793 3023 846 in
3071 803 3118 848 te
3155 792 3304 864 longe
3324 793 3476 862 fuge-

1902 894 2044 938 runt.

1974 975 2206 1044 Populus
2237 974 2516 1040 Iudaicus,
2552 985 2612 1030 ut
2645 976 2775 1042 dixi,
2809 976 3070 1032 derelicto
3098 977 3473 1030 universorum

1900 1076 2278 1122 conservatore
2307 1066 2438 1131 Deo,
2489 1067 2736 1122 humanis
2780 1068 3059 1136 praetidens
3114 1067 3473 1131 adminiculis.

1901 1160 2132 1214 salutem
2163 1159 2515 1227 exspectavit.
2542 1158 2676 1213 Cum
2700 1173 2828 1214 vero
2861 1159 3238 1212 adventassent
3269 1159 3470 1222 hostes,

1901 1261 1956 1304 et
1984 1251 2145 1306 timor
2173 1251 2438 1305 malorum
2489 1249 2767 1314 crevisset,
2819 1258 2874 1303 et
2900 1248 3053 1316 quasi
3099 1247 3473 1312 maturuisset,

1905 1341 2269 1409 vidissentque
2298 1339 2644 1408 Assyriorum
2686 1339 2941 1394 cohortes
2991 1339 3262 1409 regionem
3283 1339 3392 1406 jam
3419 1346 3476 1393 et

1901 1438 2146 1483 sanctam
2195 1428 2470 1482 civitatem
2540 1427 2940 1492 circumsidere,
2993 1428 3086 1498 qui
3148 1428 3200 1482 in
3263 1427 3475 1496 fastigio

1901 1525 2081 1582 erant,
2129 1516 2459 1584 summisque
2489 1515 2834 1585 potiebantur
2895 1516 3211 1580 honoribus,
3237 1515 3475 1571 desalta-

1902 1616 2046 1671 runt,
2077 1615 2131 1662 et
2159 1616 2408 1676 tanquam
2460 1608 2582 1661 navi
2616 1608 2884 1672 demersa,
2925 1606 3037 1675 spei
3091 1605 3279 1661 salutis
3311 1621 3472 1674 quam

1902 1697 1954 1753 in
1985 1712 2044 1752 se
2075 1696 2409 1752 collocabant
2459 1696 2846 1762 valedicentes,
2884 1703 3139 1750 natarunt
3190 1704 3246 1749 et
3308 1695 3471 1764 317

1902 1787 2250 1844 lluctuarunt.
2272 1788 2546 1858 Fugerunt
2603 1789 2767 1858 igitur
2800 1801 3008 1850 omnes,
3063 1786 3154 1855 qui
3195 1785 3322 1841 olim
3377 1786 3471 1840 tibi

1901 1881 2126 1934 salutem
2157 1879 2544 1949 promittebant
2576 1891 2592 1931 :
2617 1886 2671 1932 et
2699 1877 2790 1947 qui
2816 1875 3233 1944 insuperabilem
3255 1889 3470 1928 manum

1901 1969 2103 2030 habere
2134 1969 2484 2040 putabantur,
2536 1967 2590 2022 hi
2619 1967 2781 2021 etiam
2823 1964 2992 2034 capti,
3044 1964 3282 2033 graviter
3327 1963 3471 2032 ligati

1899 2070 2026 2120 sunt
2064 2069 2120 2115 et
2165 2059 2394 2114 duriter.
2440 2057 2878 2127 Comprehensos
2907 2067 2994 2111 est
3023 2055 3165 2111 enim
3215 2055 3473 2108 Sedecias

1899 2151 2059 2206 simul
2086 2166 2206 2206 cum
2230 2151 2345 2207 suis
2384 2150 2607 2216 liberis;
2659 2148 2887 2218 illosque
2921 2149 3330 2205 trucidaverunt
3375 2145 3474 2200 Ba-

1899 2244 2129 2315 bylonii,
2165 2245 2328 2309 hunc,
2383 2242 2554 2299 oculis
2587 2241 2842 2307 exsectis,
2871 2241 2926 2296 in
2976 2254 3129 2295 suam
3175 2244 3474 2294 avexerunt

1901 2338 2148 2406 patriam,
2171 2354 2190 2388 ι
2226 2337 2368 2391 Vana
2401 2336 2565 2404 igitur
2587 2334 2735 2389 salus
2758 2333 3012 2400 hominis,
3051 2351 3070 2385 ι
3104 2331 3177 2386 uti
3206 2330 3470 2400 scriptum

1899 2436 1982 2482 est
2009 2426 2055 2458 ’°
2092 2443 2107 2482 :
2145 2437 2210 2480 at
2249 2425 2351 2481 soli
2379 2427 2490 2480 Deo
2517 2423 3010 2488 adhaerescendum,
3036 2421 3164 2475 illud
3195 2419 3473 2489 sapienter

1899 2519 2100 2572 dictum
2137 2517 2417 2572 clamando
2454 2532 2468 2569 :
2503 2533 2526 2568 ι
2565 2515 2681 2571 Non
2711 2517 2766 2570 in
2789 2529 2917 2570 arcu
2971 2527 3092 2568 meo
3139 2512 3388 2582 sperabo,
3417 2519 3473 2566 et
3549 2565 3552 2567 λ

1898 2606 2108 2676 gladius
2139 2620 2292 2660 meus
2332 2619 2436 2660 non
2467 2603 2704 2659 servabit
2753 2618 2842 2658 me
2892 2605 2960 2654 ⁸⁷.
2993 2621 3013 2654 ο
3069 2601 3265 2657 Servat
3305 2600 3470 2654 nimi-

1899 2711 2016 2750 rum
2049 2693 2195 2750 solus
2222 2693 2556 2749 exercituum
2584 2693 2847 2748 Dominus
2876 2691 3160 2763 diligentes
3205 2705 3286 2755 se,
3319 2699 3374 2745 et
3401 2703 3472 2746 ex

1898 2785 2043 2842 omni
2067 2785 2209 2841 malo
2236 2785 2400 2849 eruit,
2437 2794 2498 2839 ut
2521 2785 2818 2854 gaudentes
2832 2783 2994 2838 etiam
3024 2781 3204 2838 dicant
3235 2799 3248 2832 :
3289 2799 3307 2833 ι
3340 2780 3472 2836 Ser-

1901 2879 2034 2934 vasti
2051 2880 2192 2932 enim
2223 2892 2321 2933 nos
2353 2879 2420 2933 ab
2451 2877 2534 2932 his
2567 2877 2660 2946 qui
2705 2874 2944 2947 aﬂligunt
2976 2888 3098 2942 nos,
3133 2883 3192 2930 et
3236 2872 3331 2944 qui
3368 2887 3472 2928 nos

1898 2973 2145 3037 oderunt,
2172 2968 2460 3026 confudisti
2482 2969 2550 3023 ⁸⁸.
2583 2986 2604 3021 ι

1969 3149 2133 3202 Vitas.
2187 3147 2241 3211 4,
2282 3145 2334 3202 5.
2373 3143 2583 3199 Idcirco
2628 3143 2778 3208 dixi.
2824 3141 3080 3196 Dimittite
3135 3155 3256 3206 me,
3289 3152 3470 3193 amare

1897 3239 2029 3310 ﬂebo
2059 3254 2079 3294 :
2119 3255 2181 3293 ne
2235 3245 2428 3292 tentate
2477 3253 2558 3290 me
2608 3234 2871 3290 consolari
2907 3235 2964 3288 in
3011 3232 3319 3288 contritione
3342 3231 3469 3301 lilia:

1898 3333 2099 3404 generis
2128 3331 2228 3384 mei
2256 3346 2275 3384 :
2311 3330 2432 3399 quia
2464 3329 2577 3382 dies
2627 3323 3017 3394 trepidationis,
3044 3334 3091 3377 et
3120 3323 3384 3387 interitus,
3415 3327 3466 3376 et

1898 3422 2306 3479 conculcationis
2333 3438 2364 3475 a
2397 3419 2620 3474 Domino
2651 3415 2910 3480 Sabaoth,
2939 3415 2996 3468 in
3013 3413 3144 3468 valle
3172 3410 3322 3467 Sion.

1967 3604 2094 3659 Haec
2146 3609 2228 3657 est
2267 3598 2542 3670 prophetae
2577 3609 2695 3650 .vox
2729 3602 2937 3648 tantum
2985 3605 3092 3646 non
3153 3589 3362 3654 ﬂentis,
3412 3597 3470 3644 et

1899 3696 2112 3769 generis
2144 3692 2479 3748 calamitates
2520 3685 2872 3755 deplorantis.
2921 3683 3055 3738 Cum
3115 3691 3296 3736 autem
3338 3695 3464 3750 pro-

1902 3791 2048 3844 hibet
2079 3792 2440 3857 praepotentes
2486 3777 2912 3834 consolationem
2955 3773 3268 3838 admovere,
3301 3771 3477 3842 plaga;L

1900 3878 2324 3952 magnitudinem
2375 3871 2652 3937 declarat,
2711 3867 2912 3936 quippe
2963 3879 3088 3936 qua:
3140 3864 3467 3918 medicinam

1899 3971 2134 4044 reperire
2161 3983 2263 4023 non
2280 3965 2470 4037 possit,
2494 3963 2586 4018 sed
2627 3956 3037 4015 intolerabiliter
3060 3954 3239 4026 potius
3262 3953 3476 4009 indicta

1900 4067 2005 4122 illis
2047 4064 2138 4128 sit,
2186 4060 2340 4128 cujus
2393 4057 2534 4113 ictus
2566 4054 2637 4110 sit
2687 4050 2988 4107 acerrimus
3021 4056 3077 4104 et
3115 4045 3472 4103 inevitabilis.

1899 4159 2021 4214 Dies
2042 4156 2185 4211 enim
2214 4147 2605 4222 trepidationis,
2646 4153 2701 4201 et
2731 4142 3002 4208 interitus,
3029 4147 3086 4194 et
3109 4137 3484 4195 conculcatio~

1900 4251 1983 4305 nis
2031 4264 2060 4302 a
2107 4247 2333 4301 Domino
2382 4239 2616 4296 Sabaoth
2661 4236 2807 4291 illata
2863 4243 2968 4289 est.
3006 4249 3026 4284 ι
3073 4231 3288 4286 Manum
3323 4230 3468 4285 enim

1898 4336 2166 4394 excelsam
2218 4333 2340 4401 quis
2381 4337 2588 4384 avertet
2618 4325 2697 4379 ”?
2731 4345 2751 4376 ι
2789 4323 2846 4379 Si
2891 4323 3033 4378 enim
3065 4320 3329 4391 Supremo
3364 4334 3471 4374 non

1901 4429 2060 4493 irato,
2096 4423 2334 4479 incursio
2365 4421 2434 4474 ab
2471 4418 2712 4489 Assyriis
2745 4415 2887 4470 facta
2918 4413 3134 4478 fuisset,
3169 4426 3296 4481 spes
3326 4409 3477 4464 foret

214 4544 298 4590 τις
347 4525 488 4594 ἄγαν
526 4524 680 4587 ἐλπὶς
709 4526 824 4588 τοῖς
865 4523 1165 4593 κάμνουσιν
1190 4519 1280 4594 ἦν,
1317 4522 1410 4576 τοῦ
1445 4523 1540 4576 καὶ
1566 4522 1678 4576 ἐσθ’
1711 4524 1798 4577 ὅτε

1905 4519 2136 4576 maxima
2172 4515 2330 4572 fessis
2366 4521 2422 4568 et
2462 4509 2964 4580 languescentibus,
3014 4520 3175 4575 posse
3202 4519 3262 4559 se
3312 4503 3469 4556 inva-

209 4616 724 4689 ιιατευμεγεθήσειν
749 4616 1007 4671 δύνασθαι
1029 4617 1138 4670 τῶν
1167 4618 1428 4671 ἐπιόντων
1468 4618 1670 4682 αὐτοῖς,
1704 4617 1797 4670 τοῦ

208 4709 444 4764 πάντων
484 4706 815 4779 κρατοῦντος
862 4705 997 4758 Θεοῦ
1035 4705 1133 4777 τὴν
1173 4706 1261 4758 ἀεὶ
1312 4705 1590 4770 σώζουσαν
1616 4706 1799 4769 αὐτοῖς

209 4800 511 4873 ἀρέγοντος
531 4799 708 4868 χεῖρα.
751 4797 968 4867 Ἐπειδὴ
993 4797 1048 4850 δὲ
1077 4797 1239 4861 αὐτὸς
1273 4798 1302 4850 6
1333 4799 1586 4869 πλήττων
1624 4799 1794 4863 ἐστὶν,

208 4891 312 4945 καὶ
346 4886 498 4957 παρά
527 4886 735 4955 Κυρίου
759 4885 818 4938 τὸ
848 4885 1238 4956 καταπάτημα,
1268 4885 1352 4950 τίς
1407 4889 1435 4939 6
1478 4885 1798 4957 ἀνατρέφων

207 4977 390 5041 αὐτό;
415 4995 433 5028 ι
455 4974 580 5031 Ἐὰν
603 4974 712 5048 γὰρ
733 4975 921 5045 κλείσῃ
942 4975 1080 5029 κατά
1102 4975 1409 5046 ἀνθρώπου,
1430 4974 1515 5038 τίς
1529 4974 1728 5041 ἀνοίξει
1744 4991 1790 5040 ;›

205 5066 410 5139 τρησίν.

277 5157 644 5213 Πλανῶνται
681 5157 800 5216 ἀπὸ
842 5157 1055 5227 μικροῦ
1077 5156 1188 5223 ἓως
1207 5159 1493 5228 μεγάλου,
1521 5155 1796 5211 πλανῶν-

203 5267 307 5306 ται
337 5249 441 5302 ἐπὶ
467 5252 539 5303 τὰ
561 5249 691 5317 ὅρη.

282 5338 552 5411 Θαύμαζε
586 5340 684 5411 τὴν
723 5339 881 5411 νῆψιν
927 5339 1019 5393 τοῦ
1068 5339 1534 5410 πνευματοφόρου.
1579 5336 1798 5407 Ἐπειδὴ

206 5433 328 5504 γὰρ
360 5430 463 5504 ἔφη
495 5431 648 5504 παρὰ
687 5432 893 5503 Κυρίου
936 5431 1164 5489 Σαϐαὼθ
1214 5430 1672 5501 ἐπενεχθήσεσθαι
1701 5428 1799 5499 τὴν

207 5522 466 5594 ταραχὴν
487 5524 581 5579 καὶ
604 5523 704 5592 τὴν
727 5521 1003 5578 ἀπώλειαν
1026 5523 1121 5576 καὶ
1147 5521 1244 5593 τὴν
1269 5521 1483 5592 ἡμέραν
1516 5520 1608 5573 τοῦ
1636 5536 1802 5574 κατα-

1895 4615 2106 4675 dentes,
2129 4609 2236 4663 Deo
2255 4601 2857 4666 omniumdominatore
2877 4612 3092 4652 manum
3119 4609 3336 4663 semper
3355 4593 3486 4648 illos

1899 4707 2322 4761 conservantem
2372 4694 2714 4766 porrigente,
2746 4689 2964 4745 tandem
3002 4684 3291 4755 aliquando
3321 4699 3473 4754 supe-

1896 4806 2039 4847 rare.
2072 4791 2143 4844 At
2173 4803 2293 4843 cum
2334 4787 2381 4841 is
2415 4785 2488 4840 sit
2517 4783 2606 4853 qui
2631 4780 2880 4852 percutit,
2921 4787 2978 4832 et
3017 4792 3046 4830 a
3084 4773 3311 4830 Domino
3338 4788 3473 4827 con-

1903 4882 2135 4940 culcatio
2161 4882 2254 4945 sit,
2276 4877 2398 4946 quis
2418 4882 2626 4932 evertet
2654 4874 2777 4936 hoc,
2807 4878 2899 4925 aut
2925 4864 3322 4923 labefactabit?
3354 4882 3373 4915 ι
3415 4861 3477 4918 Si

1905 4975 2045 5032 enim
2071 4982 2259 5028 contra
2289 4969 2560 5025 hominem
2591 4964 2889 5028 clauserit,
2920 4961 3044 5032 quis
3069 4999 3085 5026 ,
3119 4957 3314 5028 inquit,
3351 4971 3473 5027 ape-

1903 5065 2086 5122 riet‘?
2123 5082 2144 5117 ι

1973 5157 2171 5210 Errant
2201 5170 2232 5208 a
2249 5167 2412 5223 parve
2441 5150 2510 5205 ad
2540 5163 2786 5220 magnum
2807 5185 2822 5212 ,
2855 5153 3034 5201 errant
3069 5145 3131 5198 in
3151 5143 3434 5198 moralibus.

1962 5330 2250 5386 Admirare
2291 5325 2450 5396 hujus
2482 5325 2575 5396 qui
2607 5324 2825 5396 Spiritu
2879 5321 3091 5377 amatus
3119 5327 3204 5375 est
3238 5317 3476 5389 vigilan-

1899 5424 2050 5479 tiam.
2104 5421 2397 5491 Postquam
2447 5419 2592 5475 enim
2651 5417 2827 5483 dixit,
2872 5430 2904 5470 a
2953 5413 3185 5470 Domino
3236 5407 3481 5466 Sabaoda

1901 5513 2312 5585 trepidationem
2355 5520 2412 5568 et
2447 5509 2725 5567 interitum
2774 5508 3028 5580 diemque
3053 5500 3473 5562 conculcationi:

3373 395 3578 456 ουδ’

204 5616 566 5687 πατήματος,
597 5615 685 5670 ἵνα
716 5616 893 5687 μήτις
923 5614 1103 5686 οίηται
1139 5615 1316 5686 μάτην
1341 5613 1522 5678 αὐτοῖς
1554 5611 1644 5666 τὸν
1663 5611 1801 5667 θεῖον

1900 5607 2298 5678 importandam
2319 5647 2336 5675 ,
2368 5620 2436 5662 ne
2458 5605 2584 5677 quis
2625 5604 2724 5662 abs
2751 5618 2812 5662 re
2850 5610 3099 5661 autumet
3125 5598 3378 5673 divinam
3417 5594 3478 5651 in

151 5713 160 5761 ί

149 5769 164 5875 Ῑ
293 5797 346 5830 ⁸⁸
372 5795 515 5854 Psal.
546 5813 669 5859 ιιι..
693 5797 772 5854 12.
845 5798 922 5880 ’⁸⁷
943 5795 1081 5852 Psal.
1119 5795 1332 5863 XLtuﬂ.
1409 5795 1456 5829 οι
1475 5793 1605 5852 ibid.
1641 5794 1693 5850 8_
1772 5794 1801 5827 οι

1899 5805 1943 5846 a.
1983 5805 2095 5860 xiv,
2130 5789 2219 5844 27.
2298 5789 2313 5822 ¹
2353 5786 2452 5846 Job
2519 5802 2616 5857 xu,
2641 5785 2726 5844 14.
