4110 6494
665 400 770 460 507

1685 402 1743 458 S.
1785 399 2058 456 CYRILLI
2104 399 2575 456 ALEXANDRINI
2615 400 2938 458 A'RClHEP.

3825 412 3918 460 508

666 535 758 577 eos
786 521 920 576 iram
966 521 1242 586 insiliisse,
1284 522 1649 590 suspicionem
1687 522 1836 577 illico
1865 533 2108 594 amputat
2140 539 2226 578 eo-

2340 521 2674 592 ἐπιπηδῆσαι
2723 521 2918 591 θυμὸν,
2945 521 3244 574 ἀνακόπτει
3275 520 3618 591 παραχρῆμα
3659 520 3757 589 τὴν
3803 520 3916 573 ὑπό-

666 629 782 668 rutn
814 613 903 683 qui
937 629 1003 668 ex
1052 614 1396 682 levitatejeos
1425 613 1490 668 ad
1545 615 1686 670 banc
1729 614 2023 684 aliquando
2059 614 2237 670 stulti-

664 704 793 758 tiam
842 705 1126 761 devenisse
1175 706 1490 775 Opinantur,
1536 706 1882 775 annectitque
1910 704 2236 776 apologiam,

663 804 722 848 ut
751 795 1122 852 universitatis
1151 799 1398 852 conditor
1422 798 1588 868 318
1613 799 1790 868 justus
1810 799 1975 868 judex
1997 812 2117 855 esse
2139 815 2236 869 ap-

663 895 865 954 pareat.
897 906 914 938 ι
936 886 1130 942 Errant
1153 907 1171 940 ι
1195 889 1360 954 enim,
1377 889 1570 959 inquit,
1595 907 1614 941 ι
1635 905 1663 942 a
1683 905 1848 960 parvo
1866 891 1932 945 ad
1959 906 2234 962 magnum.

661 987 847 1032 errant
869 977 922 1032 in
948 979 1275 1036 montibusa
1307 980 1446 1048 Quid
1469 995 1594 1036 vero
1622 981 1764 1036 istud
1787 983 1876 1047 sit,
1899 997 1962 1036 ex
1995 983 2124 1052 ipsis
2145 983 2237 1038 Dei

664 1067 840 1124 verbis
886 1068 1080 1124 disces.
1123 1069 1267 1123 Dixit
1297 1070 1439 1123 enim
1471 1071 1666 1124 alicubi
1694 1071 1884 1126 beatus
1928 1069 2232 1127 Jeretnias:

663 1155 825 1211 Vides
850 1172 970 1226 quae
1004 1156 1246 1212 fecerunt
1274 1157 1403 1210 mihi
1431 1158 1622 1212 domus
1652 1157 1836 1224 Israel,
1879 1158 2131 1212 abierunt
2167 1159 2234 1212 ad

662 1261 883 1301 omnem
911 1258 1150 1303 montem
1179 1248 1472 1315 excelsum,
1504 1258 1558 1300 et
1592 1248 1643 1300 in
1674 1263 1887 1301 onmem
1920 1247 2109 1302 collem
2144 1264 2238 1303 ex-

663 1339 892 1405 celsum,
925 1349 981 1394 et
1005 1341 1104 1395 sub
1137 1340 1283 1395 omni
1316 1339 1460 1409 ligno
1505 1339 1789 1403 frondoso,
1844 1348 1898 1394 et
1937 1340 2048 1395 illic
2076 1340 2238 1394 forni-

663 1431 772 1484 cati
799 1439 942 1485 sunt.
977 1431 1317 1500 Occupantes
1361 1431 1509 1484 enim
1550 1430 1764 1485 excelsa
1801 1432 2086 1495 montium,
2111 1447 2236 1489 aras

662 1529 718 1575 et
743 1521 960 1577 delubra
983 1532 1261 1592 pararunt.
1284 1523 1419 1576 Tum
1441 1521 1722 1576 etformato
1747 1539 1842 1592 pro
1866 1538 1962 1578 suo
1979 1525 2236 1578 arbitratu

663 1609 829 1674 idolo,
853 1611 1163 1666 obtulerunt
1193 1613 1398 1668 hostias
1427 1615 1499 1681 ei,
1520 1625 1572 1668 et.
1596 1615 1854 1684 religione
1877 1616 2054 1670 divina
2078 1633 2232 1685 pror-

661 1716 754 1756 sus
777 1703 1036 1773 neglecta,
1061 1704 1208 1775 ligno
1225 1706 1508 1761 dixerunt:
1535 1707 1693 1761 Pater
1715 1722 1864 1762 meus
1883 1723 1940 1762 es
1971 1716 2024 1761 tu
2051 1726 2062 1761 :
2096 1717 2149 1763 et
2167 1710 2240 1761 la-

662 1793 770 1861 pidi
804 1793 914 1848 :Tu
948 1797 1177 1866 genuisti
1200 1815 1300 1852 me.
1328 1797 1597 1866 Numquid
1624 1817 1651 1853 a
1683 1801 1869 1868 paucis
1901 1804 2000 1854 hoc
2037 1802 2236 1855 factum

2339 629 2485 666 νοιαν
2517 613 2625 667 τῶν
2657 611 2718 677 ἐξ
2760 611 3022 684 ἐλαφρίας
3065 612 3177 666 ἔσθ’
3219 613 3308 666 ὅτε
3342 611 3476 683 πρὸς
3525 611 3687 665 τοῦτο
3722 612 3917 682 μωρίας

2340 704 2666 760 καθικέσθαι
2697 707 3168 777 προσδοκωμένων
3189 721 3202 734 ⁸
3231 707 3325 760 καὶ⁵
3369 706 3633 760 συνάπτει
3669 705 3771 776 τὴν
3803 706 3919 758 ἀπο-

2337 793 2542 863 λογίαν,
2583 796 2671 851 ῖνα
2704 796 2962 867 φαίνηται
2988 795 3192 859 δίκαιος
3250 796 3444 868 κριτὴς
3469 798 3498 849 ὁ
3535 796 3646 850 τῶν
3675 796 3815 849 ὅλων
3836 796 3917 866 δη-

2341 888 2620 959 μιουργός.
2657 908 2676 939 ι
2708 889 3025 942 Πλανῶνται
3061 908 3078 940 ι
3114 889 3244 960 γάρ,
3281 891 3467 960 φησιν,
3500 909 3519 941 ι
3560 889 3670 942 ἀπὸ
3729 891 3915 960 μικροῦ

2337 978 2442 1043 ἕως
2461 980 2716 1050 μεγάλου,
2735 981 3042 1034 πλανῶνται
3064 980 3156 1033 ἐπὶ
3184 980 3244 1033 τὰ
3261 979 3384 1052 δ’ρη.
3397 999 3416 1031 ι
3435 981 3544 1034 Καὶ
3564 981 3617 1033 τί
3634 981 3700 1049 δὴ
3741 980 3915 1033 τοῦτον

2339 1072 2473 1135 ἐστὶ,
2498 1071 2554 1136 ἐξ
2575 1071 2754 1124 αὐτῶν
2777 1071 3041 1143 μαθήσεις
3081 1071 3191 1124 τῶν
3209 1071 3302 1124 τοῦ
3323 1071 3456 1124 Θεοῦ
3475 1072 3763 1144 ῥημάτων.
3787 1074 3914 1144 Ἐστι

2337 1163 2444 1232 γάρ
2477 1179 2572 1213 που
2597 1161 2732 1231 πρὸς
2749 1161 2839 1214 τὸν
2864 1161 3134 1232 μακάριον
3153 1163 3439 1234 προφήτην
3461 1162 3527 1215 Ίε
3538 1180 3594 1233 ρε
3605 1163 3765 1234 μίαν·
3793 1165 3918 1229 ’ῐδες

2337 1253 2371 1306 ἃ
2394 1254 2651 1323 ἐποίησέν
2691 1272 2780 1324 μοι
2809 1255 2842 1324 ἡ
2878 1255 3130 1307 κατοικία
3149 1254 3241 1307 τοῦ
3286 1254 3518 1325 Ἰσραὴλ,
3540 1255 3817 1326 ἐπορεύθη
3838 1258 3916 1311 ἐπὶ

2341 1350 2447 1400 πᾶν
2473 1346 2598 1418 ὅρος
2619 1347 2850 1417 ὑψηλὸν,
2879 1348 2973 1400 καὶ
3003 1348 3263 1402 ὑποκάτω
3299 1349 3496 1412 παντὸς
3551 1349 3712 1416 ξύλου
3752 1350 3915 1402 ἀλσώ-

2337 1439 2480 1502 δους,
2508 1441 2602 1493 καὶ
2635 1439 2967 1510 ἐπόρνευσαν
2999 1441 3134 1494 ἐκεῖ.
3169 1440 3700 1511 Καταλαμϐἀνοντες
3725 1440 3834 1512 γὰρ
3861 1441 3915 1494 τὰ

2340 1530 2517 1598 senta
2534 1531 2640 1583 τῶν
2658 1531 2820 1602 ὀρῶν,
2841 1531 3064 1601 βουνούς
3081 1550 3139 1586 τε
3164 1533 3259 1586 καὶ
3275 1533 3474 1603 τεμένη
3496 1535 3913 1597 κατεσκεύαζον.

2338 1616 2468 1672 Εἶτα
2496 1621 2557 1674 τὸ
2589 1623 2779 1674 δοκοῦν
2815 1624 3208 1687 διαπλάσαντες
3250 1625 3483 1691 εἴδωλον,
3523 1624 3914 1696 προσεκόμιζον

2339 1713 2527 1775 θυσίας
2554 1715 2722 1785 αὐτῷ,
2766 1716 2856 1768 καὶ
2901 1715 3000 1783 τῆς
3049 1717 3128 1777 εἰς
3155 1716 3288 1768 Θεὸν
3338 1717 3620 1780 εὐσεϐείας
3661 1720 3742 1780 είς
3780 1719 3912 1771 ἅπαν

2340 1805 2726 1874 ἠφειδηκότες,
2761 1805 2838 1876 τῷ
2871 1805 3009 1876 ξύλῳ
3049 1804 3230 1870 εἶπαν,
3266 1808 3346 1860 ὅτι
3379 1810 3568 1879 Πατήρ
3610 1826 3714 1878 μου
3746 1807 3795 1862 εἷ
3817 1811 3876 1862 σὺ
3897 1852 3910 1875 ,

661 1886 1161 1958 est?Nequaqnam,
1188 1893 1360 1960 inquit
1385 1911 1397 1944 ε
1425 1893 1665 1947 exomui
1690 1894 1832 1947 enim
1863 1908 2057 1962 genere
2075 1894 2226 1947 homi-

2338 1896 2430 1947 καὶ
2451 1896 2527 1964 τῷ
2547 1897 2700 1967 λίθῳ,
2729 1900 2802 1950 Σὺ
2837 1899 3132 1970 ἐγέννησας
3162 1917 3249 1969 με.
3279 1895 3403 1972 ’Ἆρ’
3431 1895 3524 1953 οὖν
3546 1900 3718 1968 ὀλίγοι
3767 1901 3911 1954 τοῦτο

663 1991 893 2042 num,ex
913 1981 1058 2034 omni
1085 1982 1242 2036 domo
1267 1986 1417 2052 quasi
1452 1984 1857 2049 aberraverunt,
1885 1986 2030 2054 parvi
2055 1994 2109 2039 et
2128 2001 2238 2038 ma-

662 2068 809 2135 gni”.
830 2070 1107 2139 Siquidem
1139 2087 1326 2127 rursus
1358 2073 1647 2143 alloquitur
1676 2075 1892 2130 beatum
1921 2075 2235 2146 prophetam

662 2159 952 2217 Jeremiam
973 2181 987 2218 :
1011 2183 1028 2216 ι
1049 2163 1115 2217 Ει
1134 2175 1186 2232 tu
1207 2167 1310 2221 noli
1325 2183 1482 2221 orare
1499 2169 1798 2239 propopulo
1815 2169 1939 2235 isto,
1955 2178 2006 2224 et
2023 2169 2127 2225 noli
2147 2184 2235 2224 ro-

664 2266 794 2320 gare
825 2266 920 2320 pro
944 2253 1048 2308 illis
1098 2259 1463 2324 precationem
1483 2299 1498 2325 ,
1528 2267 1582 2314 et
1609 2261 1930 2326 orationem,
1975 2263 2098 2332 quia
2126 2278 2230 2318 non

663 2345 967 2400 exaudiam.
1029 2349 1217 2404 Annon
1272 2349 1450 2415 vides,
1498 2351 1626 2420 quid
1669 2350 1742 2405 tui
1790 2352 1990 2406 laciant
2020 2353 2070 2407 in
2100 2353 2234 2408 civi-

664 2432 867 2490 tatibus
915 2434 1050 2491 Juda
1078 2477 1094 2503 ,
1155 2447 1208 2494 et
1259 2439 1312 2493 in
1358 2441 1459 2494 viis
1501 2440 1841 2496 Jerusalem?
1891 2442 2010 2497 Filii
2046 2458 2231 2498 eorum

662 2521 917 2592 colligunt
955 2525 1115 2596 ligna,
1161 2537 1215 2583 et
1247 2537 1427 2598 patres
1463 2544 1647 2585 eorum
1688 2531 1993 2586 accendunt
2027 2533 2228 2602 ignem,

662 2621 718 2668 et
746 2629 939 2671 uxores
983 2632 1169 2672 eorum
1201 2620 1457 2690 subigunt
1494 2620 1744 2687 farinam,
1785 2632 1844 2678 ut
1874 2634 2065 2694 parent
2106 2626 2234 2680 lior-

660 2705 888 2762 deaceos
923 2723 1086 2776 panes
1114 2711 1319 2766 militia:
1355 2713 1498 2767 caeli.
1532 2713 1596 2767 Et
1643 2714 1953 2770 libaverant
1981 2716 2088 2772 liba
2126 2718 2230 2772 diis

659 2794 880 2864 alienis,
912 2809 972 2853 ut
1025 2801 1091 2854 ad
1121 2801 1257 2855 iram
1298 2804 1600 2857 excitarent
1633 2819 1717 2859 me
1736 2805 1777 2859 ³.
1811 2825 1828 2857 ι
1873 2804 2027 2861 Justo
2070 2807 2232 2876 igitur

659 2889 868 2946 calculo
889 2891 1060 2962 puniti
1089 2903 1233 2948 sunt.
1260 2893 1585 2950 Tribuentcs
1611 2899 1752 2970 enim
1781 2910 2044 2955 creatura:
2071 2916 2230 2956 vene-

659 2981 944 3048 rationem,
978 2994 1032 3039 et
1061 2987 1314 3054 operibus
1344 3003 1563 3042 suarum
1613 3006 1871 3043 manuum
1909 2992 2222 3058 servientes,

660 3073 759 3142 ipsi
793 3075 846 3129 in
867 3091 958 3130 sua
991 3078 1169 3148 capita
1207 3079 1446 3134 divinam
1484 3082 1618 3136 iram
1647 3084 2076 3138 transfoderunt.
2110 3085 2223 3140 Non

655 3165 798 3218 enim
840 3165 1041 3236 injuste
1111 3170 1401 3225 tenduntur
1463 3173 1596 3228 retia
1653 3174 1996 3242 volucribus,
2063 3178 2221 3232 sicuti

2336 1986 2698 2053 πεπόνθασιν;
2732 1989 3014 2060 Οὐδαμῶς,
3047 1991 3206 2061 φησί’
3239 1993 3498 2060 παγγενεὶ
3538 1995 3647 2065 γὰρ
3670 1994 3765 2046 καὶ
3795 2012 3910 2048 παν-

2333 2079 2442 2130 οικὶ
2476 2077 2847 2150 πεπλάνηνται
2896 2083 3080 2152 μικροὶ
3115 2084 3208 2136 καὶ
3249 2083 3492 2154 μεγάλοι.
3521 2086 3631 2138 Καὶ
3654 2084 3790 2154 γοῦν
3817 2086 3909 2156 ἔφη

2335 2167 2496 2222 πάλιν
2525 2170 2659 2241 πρὸς
2686 2171 2777 2224 τὸν
2809 2173 3078 2245 μακάριον
3110 2176 3394 2246 προφήτην
3429 2176 3696 2248 Ἱερεμίαν
3724 2195 3738 2207 ·
3777 2198 3794 2228 ι
3815 2179 3907 2230 Καί

2337 2277 2400 2312 συ
2430 2261 2502 2330 μὴ
2532 2262 2835 2334 προσεύχου
2862 2265 2991 2335 περὶ
3021 2265 3113 2319 τοῦ
3137 2265 3264 2320 λαοῦ
3295 2267 3505 2333 τούτου,
3532 2270 3621 2322 καὶ
3657 2270 3734 2340 μὴ
3769 2269 3906 2335 ἀξίου

2334 2351 2462 2421 περὶ
2487 2352 2664 2404 αὐτῶν
2697 2357 2754 2408 ὲν
2780 2356 2960 2426 δεήσει
2991 2358 3085 2409 καὶ
3109 2363 3402 2430 προσευχῇ,
3429 2361 3508 2412 δτι
3541 2362 3637 2414 οὐκ
3667 2363 3908 2415 εἰσακού-

2334 2458 2520 2510 σομαι.
2561 2445 2631 2497 Ἦ
2660 2445 2758 2517 οὐχ
2779 2447 2910 2517 ὁρᾷς
2930 2449 2982 2500 τί
3011 2443 3158 2502 οὗτοι
3188 2449 3431 2505 ποιοῦσιν
3458 2452 3517 2504 ἐν
3544 2456 3662 2516 ταῖς
3696 2454 3908 2507 πόλεσιν

2349 2532 2538 2600 Ἰούδα,
2565 2534 2660 2586 καὶ¹
2690 2536 2746 2588 ὲν
2779 2539 2899 2601 ταῖς
2919 2537 3058 2602 ὁδοῖς
3091 2539 3483 2612 Ἱερουσαλήμ;
3517 2545 3576 2596 Οἱ
3600 2545 3708 2597 υἱοὶ
3738 2545 3908 2599 αὐτῶν

2335 2621 2651 2690 συλλέγουσι
2692 2623 2844 2691 ξύλα,
2878 2627 2972 2680 καὶ
3001 2630 3050 2681 οἱ
3084 2629 3315 2700 πατέρες
3341 2631 3520 2685 αὐτῶν
3545 2633 3760 2686 καίουσι
3784 2633 3904 2704 πύρ’

2337 2713 2428 2767 καὶ
2465 2715 2522 2767 αί
2556 2719 2812 2785 γυναῖκες
2851 2719 3032 2774 αὐτῶν
3079 2722 3324 2792 τρίϐουσι
3359 2725 3511 2788 σταῖς
3559 2725 3650 2778 τοῦ
3686 2726 3908 2796 ποιῆσαι

2330 2804 2578 2874 χλυῶνας
2603 2812 2669 2880 τῇ
2705 2813 2934 2882 στρατιᾷ
2955 2811 3047 2865 τοῦ
3078 2814 3329 2885 ούρανοῦο
3354 2817 3446 2869 καὶ
3477 2817 3736 2888 ἐποίησαν
3758 2835 3908 2871 σπον⁸

2328 2896 2424 2960 δας
2455 2898 2597 2963 θεοῖς
2631 2901 2949 2973 ἀλλοτρίοις,
3009 2905 3094 2958 ἵνα
3147 2907 3521 2978 παροργίσωσί
3575 2928 3661 2979 με.
3691 2929 3712 2962 ι
3759 2913 3906 2983 Ὁσίᾳ

2327 2988 2389 3060 δὴ
2407 2985 2498 3043 οὖν
2530 2993 2932 3065 τετιμώρηνται
2959 2996 3142 3068 ψήφῳ.
3175 2999 3488 3062 Ἀναθέντες
3507 3001 3615 3070 γὰρ
3635 3005 3697 3072 τῇ
3733 3004 3905 3058 κτίσει

2325 3078 2387 3129 τὸ
2423 3080 2585 3142 σέϐας
2632 3084 2724 3134 καὶ
2755 3087 2864 3148 τοῖς
2903 3085 3083 3156 ἔργοις
3111 3087 3216 3140 τῶν
3255 3089 3400 3142 ἰδίων
3446 3091 3640 3161 χειρῶν
3679 3092 3904 3164 λατρεύ-

2328 3185 2538 3237 σαντες,
2558 3174 2839 3238 admirati;
2863 3176 3086 3241 οἰκείαις
3109 3179 3450 3250 ἐπήντλησαν
3467 3183 3728 3252 κεφαλαῖς
3755 3185 3824 3238 τὰ
3847 3187 3903 3240 ὲκ

657 3254 1046 3325 scriptutnest:
1092 3269 1147 3314 et
1173 3261 1349 3330 poenis
1383 3263 1722 3321 subditDeus
1741 3281 1861 3320 eum
1887 3266 1979 3337 qui
2000 3268 2222 3338 gloriam

2329 3260 2477 3324 θείας
2514 3265 2704 3335 ὀργῆς.
2736 3268 2808 3320 Ού
2840 3269 2947 3339 γὰρ
2981 3269 3180 3334 ἀδίκως
3219 3273 3514 3328 ἐκτείνεται
3558 3276 3750 3330 δίκτυα
3786 3297 3902 3332 πτε-

656 3359 808 3398 suam
866 3349 1193 3403 contumelia
1240 3349 1420 3417 allicit,
1453 3363 1508 3408 et
1544 3356 1635 3424 qui
1669 3357 1900 3412 erratica
1947 3372 2123 3414 mente
2157 3361 2222 3415 ad

655 3448 868 3489 omnem
892 3437 1188 3496 fmditatem
1227 3441 1516 3500 delabitur.

731 3697 893 3753 Vens.
947 3695 1061 3753 6-8.
1119 3697 1368 3756 Elamitaz
1407 3719 1525 3758 vero
1560 3713 1864 3775 acceperunt
1912 3707 2221 3775 pharetras,

653 3787 1060 3842 conscenderunt
1099 3789 1335 3846 homines
1373 3809 1530 3862 super
1577 3811 1754 3864 equos,
1791 3806 1840 3850 et
1874 3808 2224 3853 convenerunt

651 3879 722 3930 at!
750 3894 997 3949 pugnam.
1031 3879 1100 3934 Et
1143 3893 1293 3937 erunt
1342 3883 1517 3939 electa:
1572 3886 1729 3940 valles
1777 3898 1886 3941 tua:
1912 3904 1930 3941 :
1970 3899 2016 3942 et
2045 3890 2226 3959 imple-

651 3968 844 4021 bantur
875 3969 1136 4036 curribus,
1168 3989 1230 4024 ac
1253 3974 1448 4043 equites
1467 3975 1772 4044 oppilabunt
1805 3989 1985 4045 portas
2006 3988 2144 4047 tuas,
2177 3992 2224 4036 et

648 4061 963 4130 patefacient
993 4076 1171 4130 portas
1199 4063 1346 4118 Iuda
1365 4105 1379 4130 ,
1411 4077 1456 4120 et
1487 4067 1759 4134 inspicient
1802 4071 1886 4123 die
1914 4071 2007 4125 illa
2035 4073 2223 4129 electas

648 4153 829 4205 domos
859 4154 1102 4221 civitatis,
1132 4163 1181 4208 et
1207 4162 1429 4225 retegent
1448 4158 1754 4214 abscondita
1781 4161 2062 4219 domorum
2084 4169 2223 4223 arcis

650 4239 842 4294 David.

717 4420 1021 4492 Amplilicat
1071 4424 1436 4480 narrationem
1459 4465 1475 4490 ,
1500 4437 1555 4483 et
1604 4429 1726 4486 belli
1758 4433 2020 4490 assultum
2058 4440 2218 4495 modo

646 4527 750 4566 non
809 4513 1071 4584 depingit,
1107 4531 1170 4569 ac
1225 4526 1432 4574 terrore
1482 4522 1754 4578 auditores
1805 4527 2082 4596 percellit,
2126 4547 2221 4586 eos

2327 3358 2538 3425 ρωτοῖς.
2572 3358 2712 3412 κατὰ
2736 3360 2797 3412 τὸ
2834 3363 3248 3432 γεγραμμένονε
3294 3367 3388 3419 καὶ
3411 3373 3621 3434 ποιναῖς
3647 3372 3900 3442 ὑποφέρει

2324 3445 2457 3508 Θεὸς
2481 3446 2571 3499 τὸν
2609 3449 2948 3520 ἀτιμάζοντα
2972 3453 3069 3524 τὴν
3098 3455 3255 3522 δόξαν
3275 3459 3437 3512 αὐτοῦ
3462 3501 3475 3524 ,
3519 3462 3901 3538 πεπλανημένη

2324 3553 2381 3588 τε
2416 3537 2610 3610 γνώμῃ
2644 3541 2781 3612 πρὸς
2814 3545 2921 3601 πᾶν
2969 3545 3148 3600 ὁτιοῦν
3189 3547 3298 3601 τῶν
3340 3551 3585 3606 ἐκτόπων
3618 3537 3900 3609 ἀπονενευξ

2327 3626 2482 3682 κότα.

2389 3721 2452 3772 Ol
2501 3719 2570 3771 δὲ
2621 3719 2928 3790 Ἐλαμῖται
2969 3725 3190 3782 ἔλαϐον
3247 3731 3580 3801 φαρέτρας,
3621 3737 3897 3792 ἀναϐάται

2323 3807 2618 3877 ἄνθρωποι
2647 3812 2737 3880 ἐφ’
2757 3812 2985 3880 ἵπποις,
3020 3819 3116 3871 καὶ
3147 3823 3469 3894 συναγωγὴ
3501 3828 3894 3895 παρατάξεως.

2322 3899 2431 3953 Καὶ
2468 3901 2710 3955 ἔσονται
2737 3908 2796 3958 αἱ
2825 3905 3102 3961 ἐκλεκτοὶ
3131 3911 3432 3983 φάραγγές
3459 3933 3598 3983 σου,
3633 3923 3896 3988 πλησθή-

2324 4005 2535 4045 σονται
2557 3993 2853 4063 ἁρμάτων,
2880 4001 2935 4052 οἱ
2962 3999 3031 4052 δὲ
3057 4003 3256 4070 ἱππεῖς
3269 4006 3647 4076 ἐμφρὰξουσι
3672 4011 3776 4078 τὰς
3792 4015 3894 4067 πύ-

2322 4084 2438 4148 λας
2471 4096 2609 4148 σου,
2653 4086 2753 4140 καὶ
2801 4089 3266 4162 ἀνακαλύψουσι
3303 4098 3408 4165 τὰς
3443 4101 3643 4170 πύλας
3686 4104 3892 4160 Ἰούδαο

2323 4173 2421 4225 καὶ
2455 4173 2862 4244 ἐμόλέψονται
2895 4180 2971 4250 τῇ
3001 4183 3185 4253 ἡμέρᾳ
3214 4186 3418 4258 ἐκείνῃ
3450 4193 3540 4258 εις
3571 4193 3712 4262 τοὺς
3737 4196 3891 4252 ἐκλε-

2322 4262 2503 4329 κτοὺς
2533 4263 2740 4333 οἴκους
2769 4267 2879 4337 τῆς
2913 4272 3164 4339 πόλεως,
3198 4277 3296 4331 καὶ
3326 4278 3791 4351 ἀνακαλύψουσι
3830 4287 3893 4340 τὰ

2321 4356 2553 4422 κρυπτὰ
2573 4355 2691 4412 τῶν
2716 4361 2901 4412 οἴκων
2922 4361 3032 4430 τῆς
3061 4364 3250 4434 ἄκρας
3284 4369 3486 4426 Δαόίδ.

2395 4443 2490 4507 Et;
2524 4443 2656 4513 ὕψος
2690 4447 2835 4516 αἴρει
2855 4448 2920 4501 τὰ
2939 4450 3099 4522 διηγή
3110 4469 3274 4522 ματα,
3300 4456 3505 4508 καὶτοῦ
3542 4458 3774 4529 πολέμου
3797 4460 3889 4529 τὴν

2322 4533 2509 4603 ἔφοδον
2541 4539 2824 4609 μονονουχὶ
2869 4541 3175 4611 ζωγραφεῖ,
3207 4547 3301 4599 καὶ
3336 4552 3635 4603 καταπτοεῖ
3655 4554 3762 4614 τοῖς
3791 4551 3886 4604 δεί·

643 4601 936 4657 artiticiose
965 4604 1119 4673 quasi
1155 4620 1430 4673 coercens,
1467 4625 1531 4665 ac
1570 4612 1624 4665 in
1658 4623 1867 4669 arctum
1897 4631 2112 4686 cogens,
2160 4629 2217 4672 ut

2329 4642 2456 4693 μασι
2479 4625 2603 4689 τοὺς
2628 4628 3030 4699 ἀκροωμένους,
3067 4633 3404 4690 συνελαύνων
3429 4638 3692 4709 εὐτεχνῶς
3722 4642 3807 4694 ἐπί
3827 4658 3887 4710 γε

642 4691 1013 4760 pmnitentiatn
1035 4706 1218 4764 agant,
1240 4712 1413 4767 eaque
1443 4700 1574 4756 dicit
1593 4706 1746 4773 quasi
1770 4705 1884 4774 jam
1919 4721 2214 4776 praesentes

641 4789 887 4837 catervas
925 4792 980 4839 et
1011 4799 1108 4854 pro
1140 4789 1312 4857 portis
1357 4789 1586 4847 videret.
1625 4794 1869 4850 Elatnita:
1900 4797 2065 4870 319
2090 4810 2216 4856 sunt

643 4872 798 4941 quasi
828 4888 895 4928 ex
918 4875 1134 4950 civitate
1161 4879 1410 4946 Persica,
1459 4884 1552 4954 qui
1591 4899 1655 4939 ex
1700 4899 1761 4940 ea
1792 4903 1983 4943 nomen
2039 4892 2212 4947 sortiti

643 4974 789 5019 sunt.
815 4966 983 5023 Aiunt
1027 4971 1190 5026 etiam
1215 4974 1454 5043 quidam,
1486 4977 1695 5048 equites
1737 4979 1858 5035 illos
1885 4996 2007 5038 esse
2048 4985 2216 5039 Sara-

641 5071 821 5124 tenos,
881 5069 1112 5132 suntque
1156 5063 1209 5118 bi
1245 5075 1526 5134 equestres
1559 5069 1861 5140 sagittarii,
1895 5072 2210 5129 dexteri-imi

639 5162 704 5202 ac
751 5148 1108 5223 peritissimi,
1159 5157 1337 5226 asperi
1383 5168 1437 5212 et
1469 5158 1825 5230 inﬂexibiles,
1861 5172 1915 5218 et
1967 5166 2212 5220 misereri

641 5239 831 5294 nescii.
877 5241 1030 5308 Quod
1059 5254 1236 5300 autem
1267 5248 1380 5304 sint
1409 5249 1832 5308 innumerabiles
1853 5293 1869 5319 ,
1911 5254 2103 5319 docet,
2133 5258 2213 5310 in-

639 5329 832 5397 quiens
883 5348 901 5386 :
953 5333 1149 5389 Electae.
1179 5337 1345 5393 valles
1386 5347 1490 5394 tua:
1532 5343 1884 5412 replebuntur
1937 5346 2210 5413 curribus,

638 5428 694 5472 et
738 5421 1055 5492 oppilabunt
1093 5428 1308 5495 equites
1355 5441 1544 5498 portas
1589 5443 1829 5497 tuas,ut
1869 5436 1962 5504 qui
2009 5437 2215 5508 ingredi

558 5507 563 5511 ’
638 5511 824 5566 volunt
877 5513 1029 5568 miris
1094 5528 1412 5584 premantur
1473 5539 1536 5578 ac
1595 5527 1884 5596 cingantur
1926 5507 2212 5597 angustiis.

637 5597 1004 5672 Inumpentes
1039 5617 1216 5664 autem
1241 5610 1296 5666 in
1327 5628 1543 5670 omnem
1597 5618 1815 5672 domum
1849 5617 2212 5688 splendidam,

2319 4714 2381 4767 τὸ
2397 4715 2599 4787 χρῆναι
2619 4717 2836 4773 ἑλέσθαι
2865 4725 3147 4791 μετανοεῖν
3173 4742 3186 4756 ·
3212 4726 3403 4780 οὐκοῦν
3431 4729 3506 4792 ὡς
3526 4731 3624 4801 ἤδη
3648 4731 3711 4784 τὰ
3735 4732 3885 4802 στίφη

2322 4803 2565 4874 παρόντα
2599 4807 3037 4881 καταθεώμενος,
3071 4814 3200 4866 εῖσω
3232 4832 3290 4867 τε
3332 4817 3514 4870 πυλῶν
3543 4822 3788 4888 γεγονότα
3822 4822 3885 4876 τὰ

2319 4893 2496 4981 τοιάδε
2528 4899 2709 4968 φησίν.
2728 4899 3012 4970 Ἐλαμῖται
3040 4902 3096 4956 δὲ
3115 4903 3190 4967 ὡς
3217 4905 3324 4958 ἀπὸ
3350 4909 3557 4973 πόλεως
3591 4913 3876 4982 Περσικῆς,

2320 4985 2370 5037 οἳ
2400 4977 2459 5049 ἒξ
2489 4988 2657 5058 αὐτῆς
2685 4989 3063 5061 ὀνομάζονται.
3103 4995 3238 5048 Φασὶ
3255 4996 3310 5049 δέ
3359 5015 3506 5063 τινες
3547 5002 3764 5065 ἱππότας
3789 5003 3881 5056 αὖ·

2315 5077 2438 5138 τοὺς
2470 5071 2607 5130 εἶναι
2633 5079 3004 5152 Σαρακηνοῦς,
3034 5085 3379 5152 ἱπποτοξόται
3411 5088 3467 5141 δὲ
3495 5083 3638 5144 οὗτοι
3664 5092 3749 5145 καὶ
3778 5093 3882 5145 τῶν

2312 5164 2451 5232 ἄγαν
2485 5167 2917 5240 εὐστοχωτάτων,
2945 5174 3166 5246 σκληροί
3193 5194 3250 5231 τε
3277 5179 3368 5232 καὶ
3384 5179 3679 5251 ἁκαμπεῖς,
3707 5184 3791 5236 καὶ
3823 5184 3879 5236 τὸ

2312 5255 2482 5309 ὲλεεῖν
2520 5258 2620 5313 οὐκ
2662 5261 2880 5327 ειδότες.
2939 5265 3059 5319 Ὅτι
3085 5266 3141 5321 δὲ
3171 5267 3264 5320 καὶ
3311 5269 3550 5340 ἀριθμοῦ
3593 5275 3878 5345 κρείττονες

2315 5349 2554 5406 διδάσκει
2588 5353 2763 5422 λέγων
2784 5373 2796 5386 ·
2827 5357 2892 5408 Δί
2928 5359 3180 5414 ἐκλεκταὶ
3214 5361 3498 5432 φάραγγες
3544 5383 3632 5419 σου
3662 5365 3875 5436 πλησθή-

2318 5461 2499 5497 σονται
2532 5446 2812 5515 ἁρμάτων,
2847 5449 2959 5513 καὶ,
2980 5451 3062 5502 δτι
3092 5452 3463 5522 ὲμφράξουσιν
3491 5459 3542 5509 ot
3575 5458 3746 5518 ἱππεῖς
3777 5457 3874 5519 τὰς

2316 5533 2491 5597 πύλας
2538 5553 2652 5602 σου,
2694 5538 2768 5602 ὼς
2827 5543 3276 5613 στενοχωρεῖσθαι
3322 5545 3440 5598 λίαν
3474 5547 3597 5610 τοὺς
3647 5548 3873 5600 ἐλαύνειν

2315 5624 2596 5692 ἐθέλοντας
2618 5645 2630 5659 ο
2664 5629 3090 5701 εἰσπηδήσαντες
3108 5633 3162 5687 δὲ
3200 5637 3376 5690 πᾶσαν
3401 5638 3576 5696 οἰκίαν
3603 5639 3870 5710 περιεργά-

707 5773 731 5807 ¹
755 5775 955 5841 Jerem.
983 5801 1062 5856 tn,
1097 5787 1130 5845 6
1163 5803 1352 5860 seqq.;
1385 5808 1446 5860 ιι,
1475 5791 1544 5849 27
1574 5805 1723 5867 seqq.
1803 5796 2039 5856 ’Jerem.
2080 5816 2170 5871 vn:
2214 5799 2276 5857 16
2308 5818 2459 5875 sein.
