4840 6540
533 441 634 498 509

1621 450 1687 508 ῐΝ
1729 451 1962 511 ISAlAM
2002 453 2127 509 LIB.
2172 451 2232 508 Il.
2275 449 2512 511 TOMUS
2554 451 2615 508 ν.

3679 457 3782 512 510

532 575 710 614 σονται
771 561 1048 633 λαμπρὰν,
1096 562 1507 634 ἀνακαλύψουσι
1537 567 1593 622 δὲ
1641 572 1709 624 τὰ
1745 572 1962 643 κρυπτὰ
1996 573 2103 626 τῶν
2139 597 2182 652 Α
2221 573 2436 627 curiose

1872 572 1962 626 ττὰ
1996 573 2103 626 τῶν
2139 597 2182 652 Α
2221 573 2436 627 curiose
2470 573 2892 642 perlustrahunt,
2940 582 2994 626 et
3051 579 3294 644 retegeut
3336 574 3653 629 abscondita
3682 576 3783 631 do-

527 651 688 704 οῑκων
715 656 819 723 τῆς
847 655 1021 726 ἄκρας
1047 655 1236 721 Δαὸὶδ,
1276 657 1420 711 τοῦτ’
1451 659 1586 724 ἔστι,
1628 663 1718 715 τὸν
1746 663 1976 717 πλοῦτον
2001 665 2110 717 τῶν

530 742 816 812 βασιλέων.
862 746 1202 802 Ἐσασίλευον
1220 747 1329 820 γὰρ
1358 751 1406 803 oi
1438 752 1502 804 ἐκ
1533 753 1705 824 φυλῆς
1740 753 1924 821 Ἰούδα,
1956 755 2013 822 ἐξ
2044 753 2111 827 ἧς

526 834 718 901 γέγονε
755 838 852 891 καὶ
894 840 922 891 ό
954 839 1220 910 μακάριος
1259 841 1442 898 Δαὸίδ.
1484 842 1587 896 Καὶ
1635 846 1792 899 ταυτὶ
1829 849 1926 916 μὲν
1977 847 2111 920 πρὸς

529 925 774 996 ἱστορίαν
797 928 1035 999 εἰρήσθω
1068 930 1248 985 πάλιν.
1285 933 1348 985 Ei
1383 933 1440 987 δὲ
1463 934 1528 1006 δὴ
1551 938 1642 988 καὶ
1664 937 1934 1008 πολεμίων
1956 938 2111 1010 δίκην

527 1014 869 1072 εἰσελάσειαν
915 1021 995 1082 εἰς
1045 1020 1171 1074 νοῦν
1219 1022 1311 1076 τὸν
1369 1023 1708 1095 ἀνθρώπινον
1755 1028 1788 1099 ἢ
1835 1027 2110 1100 λογισμῶν

525 1106 805 1160 ἀσυνέτων
837 1110 1022 1180 στίφη,
1051 1112 1086 1182 ἢ
1115 1114 1209 1166 κα)⁹
1240 1115 1444 1184 ήδονῶν
1487 1119 1757 1190 σαρκίνων
1783 1137 1798 1152 ·
1838 1139 2111 1194 κατακρα-

525 1197 675 1251 τοῦσι
703 1200 809 1269 μὲν
841 1201 918 1265 ὡς
945 1203 1179 1276 ἀλούσης
1205 1207 1445 1272 πόλεως’
1479 1210 1695 1264 ἅπαντα
1723 1211 1780 1264 δὲ
1819 1214 1989 1285 αὐτῆς
2019 1215 2109 1268 τὸν

526 1291 900 1358 πνευματικὸν
925 1293 1247 1361 ἀφανίζουσι
1278 1298 1528 1365 πλοῦτον,
1573 1301 1854 1367 εὐσεϐείας
1892 1303 2110 1374 ἀπάσης

525 1375 927 1447 ἐκπέμποντες,
961 1383 1056 1435 καὶ
1083 1383 1193 1437 τῶν
1214 1383 1273 1448 ἐξ
1293 1386 1495 1457 ἀρετῆς
1518 1389 1990 1460 ἀπαμφιεννύντες
2012 1393 2110 1444 αὑ·-

523 1466 606 1519 τὸν
651 1467 930 1541 λαμπρῶν
977 1473 1505 1547 ἀνδραγαθημάτων.
1558 1478 1825 1552 Ταύτῃτοί
1865 1498 2029 1552 φησιν
2075 1483 2108 1552 ἡ

526 1557 886 1626 θεόπνευστος
915 1564 1128 1636 Γραφή’
1162 1585 1181 1617 ι
1203 1566 1328 1621 Ἐὰν
1345 1568 1562 1639 πνεῦμα
1581 1569 1675 1623 τοῦ
1698 1572 2100 1637 ὲξουσιάζοντος

524 1649 699 1721 ἀναϐῇ
731 1652 828 1705 ἐπὶ
853 1653 934 1721 σὲ,
962 1657 1126 1708 τόπου
1157 1673 1252 1710 σου
1276 1658 1350 1729 μὴ
1371 1659 1534 1730 ἀφῇς,
1559 1661 1642 1712 ὃτι
1670 1662 1804 1731 ἴαμα
1829 1661 2110 1715 καταπαύ-

528 1756 598 1792 σει
632 1741 919 1813 ἁμαρτίας
949 1745 1213 1816 μεγάλας.
1242 1767 1260 1800 ›
1299 1749 1738 1822 Ἀνακοπτόμενα
1767 1752 1867 1822 μὲν
1910 1752 2016 1824 γὰρ
2043 1753 2110 1806 τὰ

523 1831 705 1884 τοιάδε
744 1833 854 1888 τῶν
877 1837 1084 1904 παθῶν,
1123 1841 1217 1893 ἐπὶ
1244 1840 1305 1893 τὸ
1327 1844 1476 1911 μεῖον
1505 1842 1724 1914 ἔρχεται
1751 1884 1766 1908 ,
1811 1845 1904 1898 καὶ
1933 1845 2109 1915 ὀνίνη-

2213 678 2424 718 morum
2482 663 2624 717 arcis
2682 660 2896 726 David,
2952 662 3002 716 id
3047 671 3131 716 est
3184 676 3370 730 regum
3425 662 3778 733 opulentiam.

2214 752 2529 822 Regnarunt
2549 751 2691 807 enim
2737 767 2803 806 ex
2831 750 2970 805 tribu
2991 752 3152 806 etiam
3177 751 3339 817 Juda,
3364 767 3430 808 ex
3465 768 3570 822 qua
3623 762 3782 809 natus

2212 852 2294 898 est
2329 857 2543 912 quoque
2565 845 2750 896 beatus
2780 841 2969 895 David.
3011 840 3117 896 Sed
3150 844 3263 898 hace
3297 843 3472 913 quoad
3499 843 3780 898 historiam

2213 935 2376 1000 dicta,
2423 949 2615 989 rursus
2649 941 2970 988 tractentur.
3005 932 3060 987 Si
3095 935 3330 988 hostium
3364 935 3534 990 instar
3556 935 3609 989 in
3635 949 3784 990 men-

2216 1033 2321 1078 tem
2356 1024 2648 1078 humanam
2678 1023 2998 1092 irrumpunt,
3031 1021 3112 1076 vel
3158 1023 3430 1077 rationum
3471 1024 3781 1090 stultarum,

2213 1113 2298 1168 vel
2328 1113 2628 1169 carnalium
2669 1113 3001 1182 voluptatum
3038 1113 3253 1183 agmina
3287 1131 3302 1168 :
3338 1122 3594 1182 tanquam
3617 1126 3785 1184 capta:

2214 1205 2421 1260 civitati
2472 1204 2840 1271 dominantur,
2874 1219 3170 1274 omnesque
3212 1203 3331 1272 ejus
3367 1203 3584 1259 divitias
3622 1205 3784 1273 spiri—
3863 1234 3867 1238 -

2216 1295 2386 1350 tuales
2414 1294 2798 1360 demoliuntur,
2843 1309 3061 1350 omnem
3094 1294 3375 1364 expellunt
3421 1295 3700 1364 pietatem,
3732 1302 3786 1348 et

2213 1385 2430 1440 virtutis
2448 1384 2718 1454 praeclaris
2740 1384 3040 1439 actionibus
3065 1398 3186 1438 eum
3219 1395 3426 1439 exuunt
3453 1394 3505 1440 et
3529 1384 3784 1454 Spoliaut.

2212 1473 2337 1531 Ideo
2389 1475 2519 1530 dicit
2567 1475 2847 1543 Scriptura
2878 1475 3136 1531 divinitus
3168 1477 3426 1546 inspirata
3474 1495 3486 1530 :
3527 1495 3545 1529 ι
3582 1477 3636 1531 Si
3674 1477 3784 1545 spi-

2216 1567 2354 1622 ritus
2404 1576 2728 1637 potestatem
2783 1567 3036 1622 habentis
3090 1568 3347 1622 ascendat
3388 1569 3438 1621 in
3487 1577 3557 1634 te,
3611 1567 3785 1623 locum

2212 1666 2364 1712 tuum
2407 1673 2471 1712 ne
2513 1658 2773 1721 deseras,
2830 1657 2954 1725 quia
2989 1658 3192 1712 sanitas
3239 1659 3579 1728 requiescere
3629 1659 3788 1712 faciet

2214 1759 2432 1819 peccata
2470 1765 2660 1819 magna
2688 1751 2730 1803 ⁸.
2770 1769 2788 1801 ι
2825 1750 3128 1804 Decurtatre
3169 1750 3313 1803 enim
3353 1759 3408 1803 et
3451 1750 3787 1804 circumcisa:

2215 1840 2520 1910 hujusmodi
2570 1841 3004 1909 perturbationes
3031 1881 3046 1906 ,
3097 1841 3149 1894 in
3194 1840 3423 1895 nihilum
3461 1855 3624 1910 prope
3651 1841 3786 1894 reci-
3828 1840 3834 1885 ἒ

526 1939 603 1975 σιν
633 1926 671 1994 ἡ
703 1926 869 1997 νῆψις
898 1929 1025 1994 τοὺς
1056 1933 1430 2004 κεχρημένους
1492 1937 1650 2006 αὐτῇ.
1689 1937 2023 2008 Ἀνειμέναις
2055 1937 2110 1990 δὲ
2141 1938 2184 1996 Β
2214 1931 2367 1985 dunt.
2405 1931 2437 1987 [Σ

1922 1955 2023 2000 ραις
2055 1937 2110 1990 δὲ
2141 1938 2184 1996 Β
2214 1931 2367 1985 dunt.
2405 1931 2560 1987 Utilis
2587 1945 2670 1986 est
2703 1941 2882 1986 autem
2916 1931 3194 2002 vigilantia
3220 1931 3302 1985 his
3331 1931 3422 2001 qui
3446 1947 3508 1986 ea
3538 1939 3782 1986 utuntur:
3826 1979 3833 1994 ,

526 2013 714 2087 ὥσπερ
746 2019 843 2071 καὶ
870 2019 1295 2094 ἀνεπιπλήκτοις
1326 2027 1523 2096 ὁρμαῖς
1562 2026 1650 2079 ἀεὶ
1677 2028 1814 2098 πρὸς
1844 2028 1904 2080 τὸ
1929 2031 2112 2100 χεῖρον

526 2103 861 2175 ὲξέρποντα,
907 2111 1288 2166 κατασείουσιν
1340 2116 1405 2166 ὲκ
1455 2113 1671 2186 βάθρων
1725 2117 1852 2180 τοὺς
1907 2116 2113 2188 νοητῶς

525 2197 912 2263 νυστάζοντας.

592 2376 704 2430 Καὶ
731 2377 950 2433 ιδοσαν
978 2379 1064 2433 ὅτι
1088 2380 1340 2448 πλείους
1361 2381 1544 2446 εἰσιν,
1574 2384 1671 2437 καί
1705 2384 1791 2438 ὅτι
1820 2384 2108 2453 ἀπέστρε-

525 2473 651 2539 ψαν
691 2471 763 2525 τὸ
804 2471 959 2541 ὕδωρ
999 2471 1110 2542 τῆς
1147 2475 1400 2543 ἀρχαίας
1443 2477 1858 2545 κολυμϐήθρας
1883 2479 1966 2542 εὶς
1998 2477 2112 2544 τὴν

528 2563 729 2627 πόλιν,
762 2562 861 2615 καὶ
882 2564 970 2617 ὅτι
999 2565 1281 2621 καθεῖλον
1308 2565 1451 2631 τοὺς
1479 2566 1686 2631 οἴκους
1714 2567 2111 2635 Ἰερουσαλὴμ

527 2656 608 2719 είς
638 2655 921 2723 ὀχύρωμα
947 2656 1053 2710 τοῦ
1082 2657 1318 2725 τείχους
1345 2655 1421 2724 τῇ
1445 2657 1636 2712 πόλει.
1657 2659 1765 2712 Καὶ
1788 2657 2110 2725 ἐποιήσατε

527 2744 766 2812 ἑαυτοῖς
795 2744 950 2809 ὕδωρ
979 2747 1094 2800 ἀνὰ
1118 2749 1311 2817 μέσον
1344 2748 1464 2803 τῶν
1493 2747 1603 2804 δύο
1639 2749 1871 2818 τειχῶν,
1897 2751 2111 2804 ἐσώτε-

523 2853 633 2905 ρον
665 2835 782 2904 τῆς
810 2839 1228 2905 κολυμϐήθρας
1266 2838 1377 2907 τῆς
1415 2840 1689 2908 ἀρχαίας,
1736 2840 1833 2892 καὶ
1870 2843 1980 2894 οὐκ
2016 2841 2108 2894 ἐν·

529 2930 826 2998 εόλέψατε
857 2931 945 2994 εἰς
974 2927 1082 2983 τὸν
1105 2929 1385 2999 ἀπαρχῆς
1409 2933 1745 2998 ποιήσαντα
1773 2933 1984 3001 αὐτὴν,
2012 2933 2108 2986 καὶ

530 3019 635 3072 τὸν
654 3019 954 3082 κτίσαντα
981 3021 1177 3087 αὐτὴν
1203 3022 1315 3074 οὐκ
1350 3019 1525 3074 ἴδετε.

597 3109 966 3161 Καταιτιᾶται
983 3106 1144 3160 πάλιν
1161 3107 1268 3161 τῶν
1302 3109 1570 3163 Ἰουδαίων
1593 3111 1717 3174 τοὺς
1731 3111 1932 3182 δήμους
1945 3113 2110 3184 ἤγουν

529 3197 652 3260 τοὺς
691 3198 1103 3269 προεστηκότας
1165 3199 1260 3252 καὶ
1294 3201 1414 3262 ταῖς
1450 3200 1710 3253 ἀνωτάτω
1751 3206 1938 3271 τιμαῖς
1979 3219 2110 3256 κατ-

532 3288 954 3359 ηγλαῖσμένους,
1011 3287 1086 3351 ὡς
1125 3289 1513 3359 ἡμαρτηκότας
1559 3289 1657 3361 μὲν
1711 3290 1970 3361 λογισμοῦ
2015 3293 2108 3346 τοῦ
2138 3274 2178 3330 C

532 3375 831 3447 σώφρονος,
861 3376 1211 3447 πεπραχότας
1237 3377 1293 3430 δὲ
1327 3378 1602 3441 ἀσυνέτως
1639 3379 1736 3449 οὐχ
1769 3381 1906 3450 ὅπερ
1933 3376 2000 3452 ἦν
2032 3384 2108 3434 εἰ·

530 3469 624 3531 κὸς
657 3466 946 3531 διασώζειν
987 3467 1246 3522 δύνασθαι
1275 3467 1691 3525 κινδυνεύουσαν
1719 3471 1814 3542 τὴν
1846 3473 2114 3544 Ἰερουσα-

530 3556 661 3628 λὴμ,
697 3558 815 3612 ἀλλ’
841 3559 942 3612 ὅσα
970 3558 1069 3628 τὴν
1101 3560 1486 3630 ὲπισκήψασαν
1519 3562 1700 3626 αὐτοῖς
1724 3563 1890 3635 ὀργὴν
1919 3565 2115 3636 ἀγριω-

530 3651 693 3721 τέραν
739 3650 929 3716 ὲτίοει,
977 3652 1422 3724 καταοηγομένου
1469 3656 1670 3726 τρόπον
1709 3658 1829 3710 τινά
1895 3659 1988 3711 καὶ⁵
2033 3659 2112 3713 ἔτι

532 3741 796 3811 μειζόνως
823 3745 903 3808 εἰς
931 3742 1031 3815 τὴν
1059 3745 1142 3796 ἐπ’
1177 3745 1360 3809 αὐτοῖς
1389 3747 1760 3818 ἀγανάκτησιν
1779 3749 1874 3801 τοῦ
1896 3750 2112 3804 πάντων

531 3833 858 3904 κρατοῦντος
891 3835 1048 3901 Θεοῦ,
1075 3835 1168 3890 ἅτε
1195 3837 1258 3909 δὴ
1290 3841 1741 3910 παρεωραμένου,
1783 3842 1876 3894 καὶ
1903 3843 2113 3906 οὐδενὸς

531 3930 634 3998 μὲν
665 3930 750 3982 ἐπ’
773 3931 922 4002 αὐτῷ
952 3931 1270 3996 πεποιθότος
1300 3933 1402 3986 ἔτι·
1432 3935 1686 3995 σπουδαῖς
1711 3935 1765 3989 δὲ
1793 3936 1992 4004 μᾶλλον
2019 3939 2112 3992 καὶ

529 4020 892 4090 ἀνθρωπίνοις
922 4023 1344 4094 ἐπιχειρήμασιν
1373 4025 1634 4095 οἰομένων
1663 4027 1771 4080 τῶν
1798 4027 1855 4092 ἐξ
1895 4029 2110 4100 Ἰσραὴλ

528 4111 1033 4184 κατευμεγεθήσειν
1059 4113 1318 4167 δύνασθαι
1346 4116 1444 4187 τῆς
1470 4115 1578 4169 τῶν
1606 4117 1880 4188 πολεμίων
1907 4121 2106 4192 χειρός.

527 4203 670 4255 Φασὶ
701 4204 808 4275 γὰρ
834 4206 918 4258 ὃτι
958 4205 1477 4277 ἀπαριθμησάμενοι
1522 4209 1622 4272 τὰς
1654 4211 1754 4281 τῆς
1795 4211 2001 4276 πόλεως
2033 4213 2112 4265 oi-

530 4293 678 4358 κίας,
703 4291 820 4347 εἶτα
845 4295 908 4347 τὸ
927 4295 1192 4349 ἀπόθετον
1221 4296 1364 4368 ὕδωρ
1393 4299 1523 4353 ὡσεὶ
1554 4307 1881 4373 στοχασμοῖς
1913 4305 2128 4376 ἀναμεοι

527 4383 884 4455 τρησάμενοι,
917 4387 1154 4440 συνεῖδον
1185 4388 1267 4441 ὅτι
1306 4389 1528 4454 πλείους
1565 4394 1692 4457 εἰσὶ,
1733 4396 1825 4447 καὶ
1865 4396 2107 4466 μετωχέ-

528 4489 729 4527 τευσαν
765 4475 865 4545 τῆς
906 4475 1140 4545 ἀρχαίας
1178 4478 1565 4550 κολυμϐήθρας
1606 4482 1666 4535 τὸ
1701 4483 1844 4555 ὕδωρ
1896 4485 1976 4546 είς
2011 4485 2109 4556 τὴν

529 4562 708 4623 ⁸πόλιν.
736 4562 822 4617 ἵνα
851 4561 1022 4633 ἔχοιεν
1047 4563 1332 4636 ὡσπεροῦν
1360 4565 1526 4636 ᾦοντο
1559 4568 1700 4622 κατά
1741 4571 1881 4638 σφᾶς
1911 4571 2109 4633 αὐτοὺς

527 4656 594 4708 τὸ
640 4656 865 4726 ἀρκέσαι
908 4655 1227 4728 δυνάμενον,
1280 4659 1328 4710 εἰ
1376 4659 1470 4712 κα)⁵
1520 4659 1856 4731 μακρότερος
1897 4661 2108 4728 γένοιτό
2139 4642 2181 4695 Ῐ)

530 4763 654 4810 πως
676 4747 703 4798 ὁ
719 4748 818 4818 τῆς
838 4748 1154 4820 πολιορκίας
1179 4751 1388 4821 καιρός.
1421 4752 1532 4804 Καὶ
1561 4752 1786 4823 προσέτι
1816 4751 1988 4824 τούτῳ
2007 4751 2106 4817 τὰς

528 4836 646 4889 τῶν
673 4839 860 4908 τειχῶν
888 4840 1187 4911 όχυρώσεις
1226 4841 1526 4907 ἐποιοῦντο,
1557 4843 1713 4915 φησι,
1745 4843 1846 4907 τὰς
1872 4846 1970 4914 τῆς
2005 4844 2105 4897 πόο

529 4927 676 4990 λεως
697 4929 867 4993 οἰκίας
912 4931 1314 4996 κατασείοντες.
1359 4934 1468 4986 Καὶ
1494 4934 1594 4987 οὐκ
1644 4934 1966 5005 ἐνεελέψατε
2027 4937 2108 5000 είς

526 5019 629 5072 τὸν
657 5021 903 5094 ἀπαρχῆς
932 5024 1234 5094 ποιήσαντα
1267 5024 1455 5097 αὐτὴν,
1482 5026 1576 5078 καὶ
1607 5027 1698 5080 τὸν
1725 5029 1987 5081 κτίσαντα
2017 5028 2110 5081 αὺ-

526 5111 636 5182 τὴν
661 5113 754 5166 οὐκ
774 5115 929 5170 ἴδετε.
964 5116 1114 5169 Ἔδει
1139 5116 1268 5188 γὰρ,
1296 5117 1423 5184 ἔδει,
1454 5119 1607 5190 φησι,
1638 5119 1711 5191 μὴ
1741 5122 1864 5184 ταῖς
1895 5121 2101 5175 ἑαυτῶν

525 5201 839 5272 δυνάμεσιν,
895 5207 1065 5277 ἧγουν
1122 5208 1395 5278 εὐτυχίαις
1456 5209 1818 5281 ἐπιθαρσῆσαι
1878 5211 2100 5281 μᾶλλον,

525 5293 803 5348 ἀνατεῖναι
834 5297 890 5350 δὲ
923 5297 1026 5367 τῆς
1053 5297 1289 5361 διανοίας
1321 5298 1412 5351 τὸν
1456 5298 1733 5370 ὀφθαλμὸν
1789 5302 1866 5366 εἰς
1898 5301 1988 5354 τὸν
2017 5304 2104 5356 ἀεὶ

526 5384 836 5458 τειχίσαντα
870 5387 969 5459 τὴν
1004 5389 1163 5458 ἁγίαν
1211 5390 1382 5443 πόλιν.
1411 5391 1548 5461 Ὀρη
1584 5389 1712 5462 γὰρ,
1739 5394 1891 5463 φησι,
1919 5393 2102 5466 κίκλῳ

524 5472 706 5542 αὐτῆς
745 5477 836 5529 καὶ
878 5477 1081 5548 Κύριος
1114 5477 1297 5547 κύκλῳ
1337 5477 1428 5531 τοῦ
1460 5478 1590 5532 λαοῦ
1622 5481 1809 5547 αὐτοῦ,
1837 5482 1866 5533 ὂ
1897 5484 1990 5535 καὶ
2014 5483 2102 5537 διὰ

524 5562 640 5630 τῆς
669 5565 754 5618 τοῦ
777 5570 1054 5639 προφήτου
1081 5570 1265 5640 φωνῆς
1300 5571 1696 5642 ὲπηγγέλλεται
1724 5574 1881 5646 αὐτῇ,
1907 5575 2098 5643 λέγων·

527 5653 654 5704 Καὶ
675 5653 773 5720 ἐγὼ
794 5657 984 5727 ἔσομαι
1006 5659 1168 5730 αὐτῇ,
1195 5659 1341 5729 λέγει
1364 5659 1588 5732 Κύριος,
1616 5665 1791 5734 τεῖχος
1821 5665 1986 5735 πυρὸς
2017 5683 2109 5718 κυ-

615 5829 644 5858 ¹⁵
670 5828 834 5889 Eccle.
866 5851 921 5902 ι,
946 5837 998 5892 4.

2214 2021 2305 2091 qui
2338 2038 2468 2076 vero
2499 2021 2674 2076 soluto
2704 2031 2758 2076 et
2784 2023 2907 2076 laxo
2946 2022 3208 2091 quasique
3231 2022 3281 2074 in
3302 2021 3542 2076 coercito
3577 2021 3780 2089 impetu
3825 2026 3833 2034 '

2214 2127 2430 2182 semper
2484 2122 2718 2182 vergunt
2755 2121 2810 2167 et
2849 2121 3073 2182 serpunt
3101 2113 3154 2166 in
3201 2112 3376 2183 pejus,
3408 2127 3502 2166 eos
3533 2113 3788 2181 spiritua—

2213 2204 2339 2258 litcr
2367 2204 2726 2259 dormitantes
2749 2243 2764 2268 ,
2815 2217 2844 2256 a
2879 2202 3254 2258 fundamentis
3293 2201 3599 2258 convellunt
3629 2211 3789 2271 atquo
3825 2248 3830 2254 .

2213 2295 2557 2350 concutiunt.

2286 2387 2451 2440 Vens.
2481 2386 2638 2442 94!.
2672 2385 2740 2438 Et
2771 2387 3011 2440 viderunt
3047 2386 3186 2454 quod
3235 2385 3408 2454 plures
3448 2392 3592 2449 sunt,
3617 2383 3786 2453 quod-

2209 2493 2306 2547 que
2355 2485 2648 2528 averterunt
2688 2491 2878 2544 aquam
2911 2477 3142 2542 antiqua:
3173 2477 3389 2544 piscina:
3413 2475 3467 2527 iu
3496 2475 3782 2537 civitatem,

2210 2567 2431 2638 etquod
2467 2566 2741 2620 diruerant
2796 2566 2975 2618 domos
3029 2565 3324 2620 Jerusalem
3387 2565 3455 2619 ad
3502 2566 3786 2619 munienda

2210 2656 2398 2711 moenia
2433 2656 2679 2710 civitatis.
2715 2654 2783 2708 Et
2823 2655 3022 2723 fecistis
3070 2656 3210 2709 vobis
3254 2656 3378 2725 ipsis
3408 2671 3596 2726 aquam
3653 2657 3787 2709 inter

2209 2747 2369 2799 duros
2419 2759 2614 2806 muros,
2654 2745 2796 2798 intra
2849 2743 3106 2812 piscinam
3143 2745 3447 2815 antiquam,
3507 2761 3668 2813 neque
3709 2761 3786 2798 re-

2207 2835 2450 2901 spexistis
2495 2835 2549 2887 in
2578 2850 2695 2888 eum
2727 2835 2816 2905 qui
2875 2834 2936 2887 ab
2978 2835 3129 2889 initio
3160 2835 3307 2904 fecit,
3368 2843 3416 2889 et
3462 2837 3518 2889 in
3546 2851 3660 2890 eum
3695 2834 3786 2904 qui

2209 2926 2441 2980 condidit
2468 2941 2603 2993 eam,
2635 2941 2738 2980 non
2769 2925 3064 2995 spectastis.

2281 3103 2482 3159 lterum
2533 3111 2752 3160 accusat
2782 3100 3091 3160 .Judaicum
3155 3101 3444 3173 populum,
3501 3099 3785 3172 praefectos

2197 3205 2403 3266 ‘nempe
2461 3196 2795 3266 summisque
2851 3202 3072 3252 ornatos
3126 3193 3454 3260 honoribus,
3507 3201 3691 3262 utpote
3753 3207 3784 3246 a

2215 3289 2422 3345 ratione
2463 3303 2592 3343 sana
2646 3289 2978 3353 aberrantes,
3021 3287 3495 3354 imprudenterque
3529 3283 3784 3338 facientes

2215 3397 2322 3438 non
2382 3397 2446 3436 ea
2511 3381 2706 3450 quibus
2770 3379 3162 3448 periclitantem
3225 3377 3523 3433 Jerusalem
3578 3375 3783 3430 servari

2213 3488 2371 3544 posse
2427 3472 2727 3538 videbatur,
2781 3471 2874 3526 sed
2928 3470 3067 3525 unde
3125 3470 3260 3524 iram
3307 3483 3400 3524 eos
3441 3467 3784 3523 infestantem

2213 3567 2384 3635 magis
2440 3572 2835 3634 aggravarent,
2889 3572 2944 3618 et
2987 3569 3394 3632 exasperarent,
3441 3576 3563 3616 cum
3595 3561 3785 3615 'adhuc

2213 3657 2385 3727 magis
2446 3657 2511 3710 ad
2566 3655 2989 3727 indignationem
3044 3663 3401 3710 exacueretur
3451 3661 3638 3709 contra
3693 3666 3784 3707 eos

2161 3751 2549 3819 ,omnipotens
2617 3749 2796 3814 Deus,
2857 3746 3184 3816 contemptui
3248 3745 3412 3815 320
3470 3745 3685 3798 habitus
3732 3751 3783 3798 et

2210 3842 2530 3912 despicatui,
2559 3841 2612 3894 in
2646 3839 2735 3894 illo
2769 3838 3112 3907 nemlnejam
3147 3837 3302 3890 fidem
3338 3834 3658 3897 collocante,
3689 3835 3785 3887 sed

2210 3931 2466 3986 lsraelitis
2510 3931 2755 3986 hostilem
2785 3945 3003 3984 manum
3036 3941 3294 3997 superare
3324 3942 3383 3980 se
3413 3939 3568 3995 posse
3599 3925 3781 3980 studio

2212 4037 2267 4080 et
2290 4033 2484 4078 conatu
2531 4023 2766 4076 humano
2811 4021 3266 4076 existimantibus.
3307 4017 3516 4072 Etenim
3560 4025 3781 4070 narrant

2212 4115 2548 4170 recensuisse
2580 4128 2675 4169 eos
2703 4112 2936 4168 civitatis
2957 4111 3212 4178 familias,
3240 4111 3363 4165 dein
3392 4124 3586 4179 aquam
3619 4123 3782 4178 quam

2211 4208 2499 4277 repositam
2534 4207 2676 4261 domi
2710 4207 3015 4269 habebant,
3050 4214 3314 4274 quantum
3339 4202 3652 4270 conjectura
3693 4217 3782 4256 asc

2210 4298 2362 4368 sequi
2414 4304 2694 4368 poterant,
2727 4311 2998 4364 emensos,
3049 4294 3374 4365 cognovisse
3425 4293 3570 4364 quod
3606 4292 3782 4362 plures

2211 4397 2431 4456 essent,
2482 4390 2905 4458 derivaruntquc
2954 4389 3154 4443 veteris
3212 4388 3431 4458 piscina:
3489 4401 3684 4453 aquam
3729 4387 3781 4440 in

2209 4483 2503 4546 civitatem,
2535 4491 2594 4535 ut
2621 4481 2903 4544 haberent,
2943 4480 3392 4549 quemadmodum
3429 4479 3530 4534 sibi
3564 4478 3779 4532 videba-

2213 4581 2316 4636 tur,
2349 4573 2488 4642 quod
2517 4579 2696 4641 posset
2723 4570 2990 4636 sumcere,
3022 4571 3234 4625 etiamsi
3261 4578 3470 4639 tempus
3486 4567 3781 4623 obsidionis

2213 4664 2618 4733 protraheretur
2649 4662 2702 4716 in
2733 4662 2964 4730 longius.
2994 4661 3056 4714 Et
3089 4662 3321 4725 adjhaec,
3353 4661 3547 4729 inquit,
3586 4672 3779 4714 muros

2209 4755 2645 4812 communierunt
2690 4754 2883 4809 dirutis
2939 4753 3089 4809 urbis
3137 4753 3407 4809 domibus.
3454 4750 3639 4820 Neque
3692 4764 3780 4804 r-e—

2206 4847 2457 4917 spexistis
2493 4847 2559 4900 ad
2603 4861 2725 4901 eum
2762 4847 2851 4915 qui
2887 4847 2955 4902 ah
2997 4847 3149 4901 initio
3183 4845 3340 4912 fecit,
3369 4845 3504 4901 etin
3536 4858 3656 4899 eum
3688 4842 3779 4911 qui

2205 4935 2476 5000 condidit,
2520 4949 2625 4989 non
2680 4935 2985 5004 spectastis.
3032 4934 3281 5004 Oportuit
3333 4933 3519 4998 enim,
3569 4932 3776 5000 inquit,

2206 5025 2464 5096 oportuit,
2499 5040 2602 5080 non
2636 5026 2749 5080 suis
2773 5040 2865 5080 eos
2886 5027 3074 5095 cupiis,
3113 5024 3196 5080 vel
3223 5025 3431 5079 artibus
3479 5022 3774 5088 conlidere,

2213 5115 2306 5169 sed
2361 5115 2559 5169 mentis
2615 5114 2832 5168 oculum
2893 5114 2957 5168 ad
3024 5129 3143 5170 eum
3182 5113 3362 5183 potius
3403 5113 3492 5184 qui
3531 5121 3778 5168 sanctam

2208 5206 2393 5259 urbem
2465 5219 2677 5274 semper
2727 5205 2880 5272 quasi
2936 5219 3120 5259 murus
3173 5205 3418 5258 obmuuit
3476 5204 3778 5258 intendere.

2206 5295 2413 5352 Montes
2466 5295 2635 5361 enim,
2674 5295 2884 5365 inquit,
2923 5296 3126 5350 circum
3160 5309 3303 5360 eam,
3331 5304 3387 5349 et
3425 5292 3687 5350 Dominus
3726 5296 3780 5348 in

2207 5391 2434 5446 circuitu
2481 5390 2660 5462 populi
2713 5389 2833 5456 sui,
2887 5390 2980 5460 qui
3031 5388 3193 5444 etiam
3245 5401 3375 5442 voce
3407 5387 3684 5457 prophetae
3731 5385 3783 5438 ei

2210 5483 2508 5553 promissus
2547 5492 2659 5549 est,
2693 5497 2813 5537 cum
2845 5481 2923 5536 ait
2956 5499 2968 5534 :
3002 5481 3068 5536 Et
3095 5495 3194 5552 ego
3221 5494 3314 5534 cro
3337 5479 3408 5543 ci,
3441 5478 3570 5533 dicit
3598 5474 3781 5531 Domi-

2213 5591 2335 5640 nus,
2368 5591 2554 5631 murus
2583 5575 2721 5646 ignis
2752 5574 3178 5644 circumquaque
3199 5613 3212 5639 ,
3249 5582 3302 5627 et
3349 5571 3401 5625 in
3440 5569 3664 5639 gloriam
3686 5578 3780 5620 ero

2213 5667 2264 5722 in
2301 5667 2478 5726 medio
2497 5667 2652 5739 ejus;
2678 5666 2770 5724 scd
2799 5664 2973 5734 nihili,
3000 5665 3195 5737 inquit,
3225 5665 3326 5721 hoc
3357 5654 3784 5727 fecistisidivina
