4110 6496
152 374 254 431 513

1267 369 1336 424 IN
1379 371 1612 428 lSAIAM
1655 371 1782 430 LIB.
1826 371 1892 430 Ιῐ.
1953 371 2190 430 TOMUS
2231 372 2291 429 V.

3300 372 3401 430 5M

152 487 410 559 στρέψατε
455 485 592 556 πρὸς
621 486 821 557 Κύριον
858 486 946 540 τὸν
977 487 1107 540 Θεὸν
1146 489 1320 559 ὑμῶν,
1352 491 1436 543 ὅτι
1473 489 1724 562 ἐλεήμων

1832 493 1957 548 tiam
1992 507 2158 565 agens
2185 504 2351 562 super
2378 488 2556 546 malis.
2601 491 2734 558 Quis
2775 488 2927 545 novit
2959 503 3029 544 an
3057 497 3404 544 convertatur

151 578 238 632 καὶ
286 575 616 645 οἰκτείρμων
665 576 831 640 ἐστὶν,
882 577 1232 648 μακρόθυμος
1282 581 1376 634 καὶ
1415 581 1722 649 πολυέλεος,

151 669 235 722 καὶ
257 665 532 736 μετανοῶν
567 665 659 718 ἐπὶ
684 668 805 730 ταῖς
831 668 1070 732 κακίαις.
1105 668 1201 732 Τίς
1235 669 1375 723 οἶδεν
1409 672 1457 724 εί
1481 673 1728 743 ἐπιστρέ-

151 759 232 828 φει
262 756 358 809 καὶ
387 757 731 826 μετανοήσει,
756 759 850 812 καὶ
873 759 1222 830 ὑπαλείφεται
1249 762 1424 816 ὀπίσω
1443 763 1606 817 αὑτοῦ
1633 766 1724 819 εύ-

149 848 348 915 λογίαν,
393 845 586 899 θυσίαν
626 847 720 900 καὶ
767 848 998 920 σπονδὴν
1035 852 1225 922 Κυρίῳ
1259 853 1338 923 τῷ
1379 853 1498 924 Θεῷ
1530 856 1726 926 ἡμῶν;

149 938 446 993 Σαλπίσατε
499 938 762 1008 σάλπιγγι
813 940 872 993 ὲν
917 939 1078 1006 Σιὼν,
1134 941 1400 1011 ἁγιάσατε
1445 945 1723 1015 νηστείαν,

150 1017 415 1101 κηρύξατε
479 1029 797 1102 θεραπείαν,
858 1031 1194 1100 συναγάγετε
1255 1033 1404 1098 λαὸν,
1460 1032 1725 1103 ἁγιάσατε

155 1119 498 1190 Ἐκκλησίαν,
529 1121 786 1185 ὲκλέξατε
827 1122 1249 1195 πρεσϐυτέρους,
1277 1125 1608 1194 συναγάγετε
1633 1127 1728 1197 νή-

150 1229 240 1267 πια
293 1212 594 1282 θηλάζοντα
651 1213 908 1284 μασθοὺς,
959 1213 1222 1279 ἐξελθέτω
1269 1215 1501 1286 νυμφίος
1534 1218 1600 1269 ὲκ
1630 1217 1723 1269 τοῦ

149 1303 399 1368 κοιτῶνος
449 1304 636 1370 αὐτοῦ,
688 1306 783 1358 καὶ
819 1305 1005 1376 νύμφη
1050 1307 1114 1358 ἐκ
1147 1306 1240 1359 τοῦ
1284 1309 1491 1361 παστοῦ
1536 1308 1727 1378 αὐτῆς.

157 1395 280 1447 Ἀνὰ
333 1395 497 1465 μέσον
551 1396 650 1466 τῆς
706 1396 971 1466 κρηπίδος
1032 1397 1128 1450 καὶ
1189 1396 1287 1450 τοῦ
1341 1398 1726 1469 θυσιαστηρίου

148 1485 467 1540 κλαύσονται
510 1488 560 1538 oi
604 1487 769 1556 ἱερεῖς
800 1489 849 1540 οἱ
895 1487 1335 1556 λειτουργοῦντες
1381 1488 1592 1557 Κυρίῳ,
1634 1488 1729 1540 καὶ

147 1577 348 1648 ἐροῦσιο
381 1577 589 1643 Φεῖσαι,
624 1577 818 1648 Κύριε,
863 1575 954 1630 τοῦ
987 1577 1118 1631 λαοῦ
1147 1578 1374 1644 σου,καὶ
1406 1578 1481 1648 μὴ
1499 1577 1602 1649 δῷς
1633 1579 1729 1648 τὴν

144 1669 508 1739 κληρονομίαν
561 1685 653 1722 σου
711 1670 793 1732 είς
832 1669 1033 1732 ὄνειδος
1080 1669 1175 1721 τοῦ
1228 1669 1498 1740 κατάρξαι
1551 1670 1729 1722 αὐτῶν

145 1760 288 1829 ἔθνη,
327 1761 476 1824 ὅπως
517 1759 592 1831 μὴ
636 1760 865 1813 εἴπωσιν
888 1762 949 1813 ὲν
984 1762 1105 1824 τοῖς
1135 1759 1342 1824 ἔθνεσι,
1379 1760 1490 1812 ΙΙοῦ
1521 1761 1670 1814 ἐστιν
1701 1762 1729 1813 ὁ

1830 593 1885 641 et
1907 584 2245 656 paenitudine
2283 583 2535 649 ducetur,
2569 591 2624 637 et
2658 583 2924 653 relinquet
2951 591 3070 650 post
3110 582 3283 651 ipsum
3308 582 3399 635 be-

1831 677 2193 731 nedictionem
2231 684 2284 730 et
2329 673 2779 730 saerillcationem
2807 682 2862 728 et
2910 673 3141 727 libamen
3177 672 3403 726 Domino

1831 765 1942 820 Deo
1974 765 2198 819 nostro?
2230 763 2421 818 Canite
2454 763 2578 818 tuba
2624 764 2676 818 in
2719 763 2870 826 Sion,
2903 763 3239 817 sanctiﬁcate
3266 761 3403 832 jeju-

1831 856 2001 921 nium,
2036 854 2327 924 praedicate
2351 853 2580 918 cultum,
2612 860 2936 922 congregate
2962 850 3240 922 populum,
3277 865 3403 905 san-
3430 853 3442 924 ξ

1832 947 2067 1002 cticate
2098 945 2414 1009 Ecclesium,
2442 945 2626 1014 eligite
2654 943 2916 1006 seniores,
2961 943 3137 1010 cogite
3169 942 3403 998 infantes
3433 942 3438 986 ἓ

1831 1045 2086 1106 sugenles
2105 1037 2294 1088 ubera.
2323 1033 2650 1103 Egrediatur
2675 1047 2905 1100 sponsus
2932 1032 3000 1086 de
3016 1032 3263 1086 cubiculo
3283 1047 3403 1094 suo,

1831 1135 1884 1181 et
1913 1141 2108 1196 sponsa
2136 1126 2201 1179 de
2230 1126 2468 1180 thalamo
2514 1139 2634 1179 suo.
2669 1123 2772 1178 Per
2801 1123 3035 1177 medium
3065 1121 3400 1176 fundamenti

1833 1218 2019 1273 altaris
2042 1217 2333 1287 plorabant
2361 1215 2673 1271 sacerdotes
2693 1213 2787 1284 qui
2809 1213 3120 1266 ministrant
3147 1211 3402 1274 Domino,

1830 1315 1885 1361 et
1916 1307 2101 1360 dicent
2128 1322 2142 1359 :
2175 1305 2364 1371 Parce,
2394 1305 2556 1374 322
2591 1303 2839 1368 Domine,
2875 1301 3068 1371 populo
3097 1310 3207 1363 tuo,
3248 1309 3304 1353 et
3337 1313 3404 1354 ne

1834 1397 1932 1451 des
1964 1397 2339 1452 lnnreditatem
2373 1407 2519 1449 tuam
2546 1396 2598 1449 in
2628 1394 3002 1476 epprobrium,
3032 1403 3090 1446 nt
3122 1391 3404 1445 dominen-

1835 1496 1922 1542 tur
1949 1488 2052 1542 illis
2081 1496 2297 1553 gentes;
2329 1503 2394 1542 ne
2421 1487 2603 1541 dicant
2627 1487 2767 1540 inter
2791 1494 2999 1556 gentes,
3029 1483 3131 1538 Ubi
3155 1492 3237 1537 est
3267 1483 3404 1535 Deus

1833 1593 2019 1633 eorum
2052 1579 2112 1631 7?
2141 1597 2158 1628 ι
2195 1577 2302 1632 Deo
2329 1579 2513 1646 igitur.
2563 1576 2654 1630 illo
2701 1585 2960 1646 tempore,
2996 1574 3062 1628 ad
3094 1574 3275 1627 ﬂetum
3309 1587 3404 1626 vo-

1834 1679 2012 1732 cante,
2070 1679 2123 1723 ct
2161 1670 2225 1722 ad
2274 1668 2542 1738 planctum
2590 1677 2645 1722 et
2693 1682 2935 1720 rasuram
2989 1676 3044 1720 et
3103 1665 3404 1718 cincturam

1835 1773 2137 1822 saccorum,
2165 1759 2490 1827 jucunditati
2537 1771 2658 1812 sese
2692 1757 3039 1818 dediderunt,
3061 1765 3320 1809 acuentes
3349 1753 3402 1805 in

144 1851 269 1914 Θεὸς
302 1851 517 1915 αύτῶν;
555 1869 574 1902 ι
630 1850 764 1903 Θεοῦ
811 1850 1098 1921 τοιγαροῦν
1137 1850 1257 1903 κατ’
1299 1851 1476 1903 ἐκεῖνο
1537 1850 1728 1922 καιροῦ

1834 1851 2042 1919 seipsos
2103 1850 2323 1918 gravius
2382 1849 2448 1903 ad
2501 1846 2911 1901 irrcvocabilem
2963 1845 3097 1899 iram
3154 1859 3276 1899 eum
3311 1840 3404 1913 qui

146 1941 423 2011 κλαυθμὸν
468 1939 759 2004 καλοῦντος
801 1941 895 1994 καὶ
940 1939 1191 2004 κοπετὸν,
1238 1940 1333 1994 καὶ
1375 1939 1602 2010 ξύρησιν
1635 1940 1731 1993 καὶ

1839 1943 2066 2009 perdere
2091 1949 2267 2010 potest
2296 1947 2350 1993 et
2373 1953 2610 1993 servare.

144 2034 309 2098 ζῶσιν
355 2033 595 2098 σάκκων,
635 2034 974 2106 εὐφροσύνας
1008 2034 1313 2098 ἐποιοῦντο,
1353 2033 1754 2106 καταθήγοντες
1792 2036 1876 2104 ἐφ’
1907 2037 2116 2099 ἑαυτοῖς
2167 2035 2263 2088 καὶ
2333 2033 2412 2086 ἔτι
2463 2032 2726 2103 μειζόνως
2767 2033 2846 2096 είς
2902 2031 3201 2085 ἀκάθεκτον
3235 2027 3404 2098 ὀργὴν

150 2128 230 2182 εὺν
249 2129 522 2181 ἀπολέσαι
558 2145 620 2181 τε
645 2129 739 2181 καὶ
766 2129 1032 2183 διασῶσαι
1064 2129 1380 2200 δυνάμενον.

212 2220 371 2276 Τάδε
407 2221 571 2292 λέγει
608 2223 821 2290 Κύριος
854 2222 1096 2277 Σαϐαώθ
1119 2240 1132 2253 °
1174 2225 1438 2292 Πορεύου
1480 2226 1566 2293 είς
1623 2225 1733 2278 τὸν

147 2313 558 2382 παστοφόριον
583 2315 732 2382 πρὸς
757 2315 996 2384 Σομνὰν
1020 2315 1128 2369 τὸν
1161 2318 1396 2386 ταμίαν,
1428 2319 1527 2371 καὶ
1560 2315 1733 2372 εἶπον

147 2403 324 2470 αὐτῷ’
386 2404 446 2458 Τί
489 2403 572 2457 σὺ
633 2399 771 2469 ὧδε,
825 2405 925 2458 καὶ
981 2405 1038 2458 τί
1079 2407 1180 2460 σοι
1220 2407 1390 2461 ἐστιν
1440 2402 1597 2472 ὧὸε;
1641 2409 1731 2462 ὅτι

145 2493 526 2562 ἐλατόμησας
557 2493 764 2560 σαυτῷ
805 2488 922 2549 ὦδε
958 2496 1269 2565 μνημεῖον,
1302 2499 1401 2551 καί
1437 2499 1732 2565 ἐποίησας

145 2582 358 2649 σαυτῷ
388 2584 459 2636 ἐν
485 2583 705 2654 ὑψηλῷ
730 2586 1042 2655 μνημεῖον,
1083 2588 1180 2641 καὶ
1226 2588 1495 2658 ἔγραψας
1525 2590 1728 2655 σαυτῷ

144 2675 210 2728 ὲν
259 2673 454 2743 πέτρᾳ
513 2675 790 2744 σκηνήνς
859 2677 1014 2732 Ἰδοὺ
1083 2678 1159 2747 δὴ
1217 2681 1434 2748 Κύριος
1489 2681 1733 2735 Σαϐαὼθ

143 2765 394 2819 ἐκϐαλεῖ
419 2767 517 2819 καί
552 2767 818 2836 ἐκτρίψει
844 2768 1052 2837 ἄνδρα,
1083 2771 1180 2824 καὶ
1211 2771 1426 2840 ἀφελεῖ
1457 2771 1574 2839 τὴν
1594 2784 1733 2825 στο-

145 2857 260 2922 λὴν
293 2873 448 2924 σου,
488 2857 587 2911 καὶ
629 2858 737 2912 τὸν
787 2860 1094 2929 στέφανόν
1143 2877 1260 2916 σου
1308 2863 1417 2915 τὸν
1457 2861 1731 2926 ἔνδοξον,

144 2945 239 3000 καί
275 2945 457 3014 ῥίψει
501 2963 575 3000 σε
600 2949 688 3014 είς
719 2947 918 3018 χώραν
941 2951 1216 3021 μεγάλην
1247 2951 1344 3005 καὶ
1381 2951 1731 3021 ἀμέτρητον,

147 3040 240 3094 καί
271 3041 412 3094 ἐκεῖ
433 3038 729 3110 ἀποθανῇ·
765 3042 862 3095 καί
897 3041 1071 3108 θήσει
1106 3043 1172 3095 τὸ
1198 3042 1355 3113 ἅρμα
1384 3059 1501 3097 σου
1535 3044 1600 3096 τὸ
1631 3060 1736 3096 κα-

1905 2220 2072 2276 Vens.
2109 2217 2292 2275 lii-l9.
2325 2216 2454 2272 Παέ
2495 2216 2623 2269 dicit
2662 2214 2916 2268 Dominus
2943 2213 3220 2268 Sabaoth:
3264 2213 3405 2270 Vade

1831 2317 1886 2370 in
1921 2311 2321 2382 pastophorium
2351 2311 2419 2362 ad
2447 2307 2681 2362 Somnan
2725 2316 3058 2375 quatuor-em,
3097 2315 3145 2358 et
3189 2307 3274 2359 dic
3309 2308 3356 2360 ei
3383 2324 3403 2361 :

1833 2407 1970 2471 Quid
2002 2415 2055 2457 tu
2092 2404 2174 2456 hic
2200 2405 2292 2458 γει
2327 2401 2454 2470 quid
2486 2401 2578 2452 tibi
2605 2409 2679 2453 est
2709 2398 2835 2451 hic?
2864 2398 2988 2467 quia
3029 2397 3273 2451 excidisti
3307 2398 3404 2451 tibi

1831 2499 1938 2566 ipse
1971 2497 2054 2550 hic
2085 2503 2496 2555 monumentum,
2529 2501 2576 2544 et
2615 2491 2888 2558 fabricasti
2919 2489 3014 2542 tibi
3047 2491 3098 2542 in
3123 2490 3262 2543 edito
3289 2507 3402 2543 mo-

1833 2597 2160 2650 numentum,
2198 2593 2246 2638 et
2273 2583 2530 2653 scripsisti
2561 2582 2653 2635 tibi
2691 2583 2744 2634 in
2775 2590 2922 2649 petra
2965 2581 3405 2634 tabernaculum?

1833 2678 1966 2732 Ecce
2009 2677 2264 2731 Dominus
2303 2675 2536 2730 Sabaoth
2577 2674 2747 2743 ejiciet
2788 2682 2837 2727 et
2907 2682 3090 2727 atteret
3126 2673 3316 2736 virum,
3357 2683 3404 2724 et

1831 2769 2035 2838 auferet
2075 2769 2265 2823 stolam
2290 2779 2456 2831 tuam,
2483 2777 2530 2821 et
2558 2781 2802 2818 coronam
2836 2774 2979 2817 tuam
3020 2764 3325 2833 gloriosam,
3356 2773 3406 2817 et

1831 2860 2072 2930 projiciet
2094 2869 2141 2912 te
2157 2861 2211 2913 in
2238 2859 2496 2927 regionem
2522 2871 2771 2924 magnam
2794 2866 2841 2908 et
2881 2855 3209 2914 immensam,
3234 2854 3404 2921 ibique

1835 2953 2095 3005 morieris.
2122 2949 2186 3003 Et
2211 2948 2638 3018 redigedcurrnm
2660 2957 2805 2999 tuum
2826 2944 3100 3014 pulchrum
3122 2946 3174 2996 in
3193 2943 3405 3014 ignomi-

1834 3043 1997 3108 niam,
2029 3050 2078 3094 et
2111 3042 2323 3094 domum
2363 3039 2616 3107 principis
2657 3036 2733 3088 tui
2772 3035 2825 3087 in
2860 3034 3330 3096 conculcationem,
3359 3042 3405 3087 et

146 3129 256 3184 ,ἱὸν
278 3132 378 3195 εἱς
403 3131 662 3198 ἀτιμίαν,
699 3130 796 3184 καὶ
821 3132 929 3185 τὸν
955 3128 1124 3185 οἷκον
1148 3132 1254 3186 τοῦ
1291 3133 1589 3201 ἄρχοντός
1617 3149 1728 3187 σου

1837 3133 1901 3187 de
1923 3133 2314 3203 dispensatione
2345 3140 2437 3184 tua
2463 3139 2509 3183 et
2538 3130 2601 3181 de
2628 3126 2797 3197 gradu
2823 3135 2913 3178 tuo
2941 3125 3320 3180 deturbaberis.

147 3222 229 3287 είς
264 3221 689 3290 καταπάτημα,
729 3222 827 3276 καί
868 3222 1242 3292 ἀφαιρεθήσῃ
1275 3225 1344 3277 ἐκ
1377 3223 1485 3292 τῆς
1508 3227 1736 3279 οἰκονο-

145 3314 282 3383 μίας
319 3329 445 3368 σου
469 3313 567 3367 καί
587 3313 657 3368 ἐκ
694 3312 802 3381 τῆς
833 3313 1109 3380 στάσεώς
1137 3332 1275 3370 σου.

213 3407 437 3477 Σομνάς
467 3405 682 3473 ἐγένετο
706 3407 910 3477 ταμίας
939 3408 1257 3478 χρημάτων,
1284 3408 1376 3460 καὶ
1398 3407 1564 3461 ποίων
1586 3407 1728 3462 οὔπω

1908 3409 2137 3463 Somnas
2176 3407 2274 3461 fuit
2314 3416 2551 3477 qtuestor
2595 3408 2773 3461 aerarii
2821 3415 2875 3460 et
2914 3413 3094 3460 custos
3142 3404 3398 3474 pecunia-

150 3497 343 3566 σαφὲς,
381 3497 611 3568 πότερόν
642 3514 772 3550 ποτε
818 3498 927 3551 τῶν
972 3497 1154 3569 ἱερῶν,
1191 3499 1287 3552 καὶ
1327 3499 1728 3570 ὲκνεμηθέντωι

1843 3517 1984 3566 rum,
2013 3513 2368 3556 sacrarumne
2396 3507 2450 3553 et
2483 3498 2676 3568 templo
2699 3500 3100 3569 deputatarum,
3127 3513 3195 3551 an
3232 3496 3406 3566 regia-

148 3586 222 3658 τῷ
253 3587 404 3658 ναῷ,
450 3588 615 3657 ἤγουν
651 3587 761 3641 τῶν
803 3588 1128 3659 βασιλικῶν,
1155 3588 1296 3642 ἔοικε
1340 3589 1396 3642 δὲ
1431 3591 1630 3661 μᾶλλον
1671 3593 1728 3661 τῇ

1843 3608 1986 3658 rum,
2023 3593 2313 3646 incertum.
2346 3591 2570 3646 Videtur
2604 3601 2782 3645 autem
2820 3591 2998 3658 potius
3045 3604 3218 3644 sacra:
3250 3602 3406 3659 pecu-

149 3680 254 3733 τῶν
289 3679 462 3751 ἱερῶν
493 3679 790 3750 χρημάτων
811 3680 1116 3734 ἐπικεῖσθαι
1150 3682 1472 3753 συγκομιδῇ,
1502 3683 1598 3736 καὶ
1627 3687 1728 3747 τοῖς

1844 3683 1946 3736 niue
1977 3682 2309 3751 colligendae,
2341 3694 2395 3736 et
2434 3681 2598 3736 rebus
2638 3680 2949 3735 necessario
2983 3689 3036 3734 et
3083 3678 3292 3734 utiliter
3325 3680 3407 3734 in-

150 3771 474 3850 ἀναγκαίως
506 3771 598 3824 καὶ
629 3771 904 3841 χρειωδῶς
925 3772 1330 3842 δαπανωμένοις
1360 3772 1470 3826 ἔσθ’
1491 3775 1580 3827 ὅτε
1607 3775 1728 3846 πρὸς

1843 3773 2054 3828 terdum
2089 3772 2153 3826 ad
2201 3771 2650 3826 restaurationem
2681 3772 2978 3839 {sacrorum
3021 3783 3273 3825 vasorum
3315 3784 3408 3824 ex-

149 3859 530 3931 ἐπανόρθωσιν
578 3860 786 3914 σκευῶν
833 3861 1013 3932 ίερῶν.
1053 3864 1190 3915 Φασὶ
1233 3863 1289 3916 δὲ
1333 3864 1494 3918 αὐτὸν
1540 3865 1630 3918 καὶ
1683 3865 1728 3931 ἐξ

1842 3864 2026 3935 pensis
2066 3864 2400 3934 praestitutus
2450 3863 2636 3918 fuisse.
2693 3861 2927 3916 Narrant
2965 3862 3129 3915 etiam
3156 3861 3303 3915 illum
3344 3875 3408 3914 es

148 3953 389 4022 αἵματος
413 3952 544 4005 ὄντα
571 3951 664 4004 τοῦ
692 3952 825 4006 Λευὶ
857 3955 972 4017 τοῖς
997 3953 1096 4024 τῆς
1131 3953 1540 4026 ἀρχιερωσύνης
1573 3955 1728 4024 αὐχή-

1843 3954 2109 4025 sanguine
2160 3953 2398 4009 Levitico
2449 3967 2592 4021 esse,
2622 3963 2677 4009 et
2734 3952 3022 4008 sacerdotii
3077 3953 3410 4007 ornamentis

151 4059 318 4114 μασιν
354 4041 596 4112 ,ὁρᾶσθαι
644 4041 943 4114 διαπρεπῆ.
1003 4043 1377 4116 Μεγαλόφρων
1425 4044 1481 4097 δέ
1521 4062 1605 4108 τις
1645 4046 1728 4099 καί

1845 4046 2114 4116 insignem
2145 4046 2392 4100 habitum
2425 4045 2615 4100 fuisse.
2652 4044 2844 4116 Magno
2875 4045 3122 4112 elatoque
3152 4055 3270 4100 erat
3295 4045 3409 4098 ani—

148 4134 478 4206 ύπέροφρυς
524 4132 663 4201 ἄγαν
694 4129 784 4204 ἦν,
827 4133 922 4186 καὶ
967 4136 1078 4198 τοῖς
1117 4133 1346 4188 λυποῦσι
1393 4134 1728 4207 δυσόινιιτητος1

1844 4152 1932 4193 mo
1960 4147 2014 4194 et
2039 4137 2422 4208 superciliosus
2453 4138 2764 4205 admodum,
2802 4152 2866 4192 ac
2907 4151 3083 4192 sarvus
3115 4135 3168 4190 in
3202 4149 3297 4193 eos
3321 4137 3410 4206 qui

148 4226 246 4278 καὶ
297 4222 643 4289 πλεονεξίαις
688 4221 986 4293 ὲπιπηδῶν,
1029 4225 1122 4278 καὶ
1156 4224 1457 4296 λημμάτων
1501 4225 1728 4298 αίσχρῶι

1841 4227 2197 4294 offenderant,
2232 4229 2436 4298 rapinis
2460 4227 2758 4294 exsultans,
2777 4228 2994 4284 sordido
3013 4227 3240 4298 quaestui
3261 4243 3411 4282 man-

148 4315 496 4386 ⁴ἡττώμενος,
543 4314 639 4367 καὶ
689 4315 1056 4385 φιλοκομπίας
1105 4318 1362 4387 ἐραστὴς,
1412 4317 1504 4371 καὶ
1542 4318 1639 4382 τὰς
1683 4318 1728 4382 ἐξ

1847 4321 2075 4388 cipatus,
2111 4321 2559 4386 ostentabnndus,
2595 4331 2650 4376 et
2683 4320 2917 4375 honores
2956 4335 3174 4390 semper
3211 4320 3281 4376 ab
3317 4319 3414 4375 lto-

151 4406 467 4477 ἀνθρώπων
497 4407 662 4476 τιμὰς
685 4407 772 4459 ἀεὶ
799 4405 1134 4478 θηρώμενος.
1171 4406 1438 4480 Ταύτῃτοι
1475 4410 1567 4462 καὶ
1601 4410 1728 4480 μάλα

1845 4409 2079 4464 minibus
2107 4425 2329 4466 venans.
2361 4411 2494 4466 llinc
2519 4427 2659 4475 cum,
2707 4412 2997 4481 etquidem
3018 4409 3344 4479 iustissime,
3381 4425 3410 4464 a

149 4499 388 4560 εἰκότως
418 4497 539 4568 Θεῷ
569 4498 1026 4570 κατεστυγμένος,
1065 4499 1367 4570 μελλούσης
1413 4500 1592 4554 τοίνυν
1619 4502 1728 4555 ὅσοι

1845 4500 1955 4554 Deo
1990 4501 2114 4555 odio
2179 4501 2494 4564 haberetur.
2549 4512 2602 4556 et
2646 4501 2828 4556 Juda‘a
2863 4502 3081 4571 jamjam
3125 4511 3412 4571 propterea

148 4588 374 4642 οὐδέπω
418 4587 819 4659 καταδῃοῦσθαι
869 4590 968 4659 τῆς
999 4589 1278 4655 Ἰουδαίας,
1302 4591 1506 4646 ἁλῶναι
1554 4593 1610 4645 δὲ
1651 4595 1728 4646 καί

1844 4590 2174 4645 ἀενιιειιιηιίιι
2242 4600 2405 4656 esset,
2468 4600 2522 4646 et
2583 4592 2845 4662 capienda
2914 4593 3027 4662 ipsa
3087 4589 3408 4655 Jerusalem,

148 4679 324 4748 αὐτῆς
361 4678 466 4747 τῆς
503 4677 874 4748 Ἰερουσαλὴμ,
905 4678 994 4730 ὅτε
1041 4678 1135 4731 καὶ
1176 4680 1520 4750 νενικηκότες
1558 4681 1608 4732 οί
1641 4681 1728 4734 Βαι

1845 4683 2059 4751 quando
2079 4682 2241 4735 etiam
2277 4681 2549 4752 Babylonii
2582 4683 2863 4747 vicissent,
2885 4691 2939 4736 et
2964 4683 3015 4736 in
3041 4695 3192 4736 suam
3215 4689 3412 4734 terram

149 4769 416 4822 ϐυλώνιοι
460 4768 825 4838 μετεκόμισαν
869 4768 952 4831 είς
991 4768 1091 4838 τὴν
1140 4769 1348 4822 ἑαυτῶν
1399 4771 1728 4840 αἰχμάλωτοι

1845 4775 2118 4844 captivum
2157 4771 2410 4828 lsraelem
2457 4781 2920 4842 transportassent
2959 4789 2974 4826 :
3007 4778 3415 4825 monumentum

146 4862 240 4916 τὸν
289 4860 537 4930 Ἰσραὴλ,
586 4861 846 4930 μνημεῖον
894 4859 1074 4929 ἑαυτῷ
1128 4860 1426 4930 περιφανὲς
1471 4863 1500 4914 ὁ
1537 4862 1728 4931 Σομνάτ

1851 4867 1950 4921 sibi
1984 4865 2189 4920 illustre
2215 4866 2445 4921 Somnas
2470 4864 2772 4935 apparavit,
2803 4872 2857 4920 et
2880 4864 2933 4918 in
2958 4877 3022 4918 eo
3057 4860 3412 4932 sumptuosis-

149 4951 473 5023 εἰργάζετο,
536 4951 632 5003 καὶ
697 4949 1160 5020 πολυτελεστάτην
1224 4950 1373 5021 αὐτῷ
1428 4952 1528 5022 τὴν
1577 4969 1728 5006 κατα-

1847 4956 2043 5010 simam
2091 4965 2419 5012 structuram
2468 4957 2663 5012 erexit.
2713 4956 2756 5009 A
2809 4955 2917 5008 Deo
2976 4954 3136 5020 igitur
3176 4952 3243 5006 ad
3290 4967 3414 5007 eum

149 5044 367 5114 σκευὴν
402 5039 650 5095 ἐνετίθει.
688 5041 776 5093 Ἐν
818 5040 936 5111 ἤθει
967 5041 1144 5094 τοίνυν
1187 5043 1216 5094 ὁ
1256 5040 1410 5112 παρὰ
1443 5042 1578 5095 Θεοῦ
1606 5045 1728 5113 πρὸς

1850 5059 2030 5100 sermo
2061 5046 2310 5102 habetur.
2345 5048 2482 5114 Quid
2509 5048 2650 5102 enim
2688 5045 2816 5100 dicit
2845 5043 3140 5114 propltetze?
3184 5042 3330 5097 Vade
3360 5043 3412 5095 in

147 5136 320 5190 αὐτὸν
365 5133 586 5202 ἐγένετο
606 5132 782 5200 λόγος.
812 5133 877 5185 Τί
903 5133 1011 5204 γὰρ
1039 5132 1116 5203 τῷ
1149 5134 1400 5206 προφήτῃ
1434 5135 1566 5204 φησι
1591 5151 1605 5200 ;
1637 5136 1728 5187 Πο-

1851 5137 2262 5206 pastophorium
2299 5141 2637 5206 (eratantem
2681 5138 2830 5191 locus
2865 5136 2951 5189 hic
2983 5135 3035 5188 in
3077 5132 3294 5202 templo)
3346 5132 3412 5187 ad

149 5227 320 5299 ρεύου
371 5228 452 5288 εἰς
498 5226 561 5278 τὸ
599 5225 977 5296 παστοφόριον,
1019 5223 1195 5294 χῶρος
1221 5219 1376 5288 οὗτος
1405 5227 1462 5278 ὲν
1493 5225 1572 5296 τῷ
1604 5226 1728 5297 ναῷ,

1850 5225 2107 5281 Somnam
2157 5238 2501 5296 quaestorem,
2549 5235 2604 5280 et
2653 5225 2738 5281 dic
2768 5226 2863 5280 ei:
2913 5224 3054 5290 Quid
3095 5231 3148 5276 tu
3201 5220 3324 5275 hic?
3361 5228 3412 5274 et

149 5316 296 5387 πρὸς
311 5315 532 5386 Σομνὰν
551 5315 643 5369 τὸν
671 5315 892 5385 ταμίαν,
928 5315 1020 5368 καὶ
1048 5311 1197 5371 εἶπον
1226 5317 1390 5386 αὐτῷ’
1416 5317 1480 5369 Τί
1507 5320 1570 5370 σὺ
1599 5312 1728 5387 ὧδεΑ

1849 5318 1976 5387 quid
2006 5319 2098 5374 tibi
2133 5329 2218 5374 est
2256 5321 2382 5374 hic?
2423 5320 2474 5373 Id
2510 5329 2617 5383 est,
2655 5334 2812 5388 quam
2858 5318 3026 5372 habes
3063 5315 3150 5370 bie
3177 5311 3412 5366 sortem?

148 5411 246 5464 xui.
275 5409 335 5462 τί
367 5407 450 5462 σοί
473 5409 621 5462 ἐστιν
658 5401 793 5474 ὧδε;
823 5407 978 5460 Τοῦτ’
1007 5408 1145 5469 ἔστι,
1171 5411 1328 5461 ποῖον
1354 5409 1585 5463 ἐνταῦθα
1613 5410 1728 5481 κλῆ-

1849 5412 1931 5464 vel
1973 5411 2244 5478 quomodo
2270 5411 2495 5465 manes?
2517 5412 2693 5477 Quare
2723 5411 2864 5463 enim
2897 5407 3144 5464 excidisti
3177 5404 3269 5458 tibi
3301 5403 3411 5470 ipse

151 5518 249 5572 ρον
277 5501 472 5570 ἐχειςς
501 5498 534 5570 ἢ
562 5497 679 5562 πῶς
703 5492 803 5552 ὧδε
835 5499 1044 5568 μένεις;
1093 5499 1191 5551 Διὰ
1224 5500 1275 5551 τί
1313 5499 1422 5569 γὰρ
1453 5499 1728 5572 λελατόμη·

1852 5511 2264 5557 monumentum
2296 5513 2351 5557 et
2388 5501 2655 5569 scripsisti
2690 5501 2743 5554 in
2773 5509 2922 5569 petra
2963 5489 3410 5552 tabernaculum!

146 5609 258 5657 κας
290 5590 512 5660 σεαυτῷ
545 5593 806 5660 μνημεῖον
832 5589 924 5643 καὶ
947 5590 1190 5660 ἔγραψας
1217 5591 1273 5643 ὲν
1298 5590 1471 5660 πέτρᾳ
1509 5592 1728 5661 σκηνήν;

1851 5593 1988 5660 Quid
2017 5595 2160 5650 enim
2187 5595 2325 5651 erit?
2357 5603 2411 5649 et
2448 5594 2576 5664 quid
2609 5603 2692 5649 est
2721 5593 2864 5662 quod
2906 5587 3211 5660 impendet?
3241 5581 3326 5639 vel
3357 5579 3409 5635 in
3487 5647 3495 5654 .

226 5765 416 5822 'Joel.
451 5783 508 5834 tt,
533 5767 714 5823 12-13.
