4840 6502
605 357 710 410 517

1720 361 1783 414 IN
1826 359 2058 414 ISAIAM
2101 360 2228 414 LIB.
2273 359 2335 442 ll.
2378 359 2610 414 TOMUS
2651 360 2712 413 Υ.

3761 366 3865 423 518

605 469 782 540 ἁδρῶν
803 471 1050 540 ἐρασταὶ,
1087 473 1180 524 καὶ
1213 473 1316 524 πᾶν
1347 472 1524 525 ὁτιοῦν
1547 473 1653 527 τῶν
1679 472 1755 544 τῷ
1783 475 1901 544 Θεῴ
1926 490 2186 527 κατεστυ-
2215 504 2263 559 Α
2289 473 2382 529 scd
2424 489 2516 543 pra

1951 490 2186 527 ιατεστυ-
2215 473 2382 559 Αεοι]
2424 474 2724 543 praeit-acti,
2780 483 3120 542 arrogantes,
3171 486 3224 532 et
3274 478 3340 531 ad
3394 492 3505 534 rem
3546 481 3761 546 attenti,
3807 487 3862 537 et

601 560 862 628 γημένων
892 561 1322 628 ἐπιτηδεύοντες.
1352 565 1462 616 Καὶ
1485 564 1614 632 γοῦν
1647 565 1809 628 αὐτὸς
1845 567 1874 618 6
1904 565 2183 635 προςήτης

611 649 843 714 Ἡσαΐας
889 653 947 704 ἐν
989 653 1132 724 ἀρχῇ
1175 654 1270 707 τοῦ
1309 654 1514 724 βιϐλίου
1561 656 1712 728 φησί·
1749 677 1768 708 ι
1802 656 1926 719 Πῶς
1970 656 2184 724 ἐγένετο

599 740 790 811 πόρνης
808 741 960 804 πόλις
993 742 1158 813 πιστὴ
1197 743 1356 806 Σιὼν,
1400 746 1614 817 πλήρης
1653 747 1886 817 κρίσεως
1923 748 2001 810 ἐν,
2045 740 2181 818 ᾖδι-

600 831 860 902 καιοσύνη
911 832 1178 904 ἐκοιμήθη
1222 835 1278 887 ἐν
1307 835 1464 905 αὐτῇ,
1495 835 1588 888 νῦν
1618 836 1674 888 δὲ
1708 835 1959 903 φονευταί
1983 845 2020 901 ;·
2044 853 2063 885 ι
2109 834 2182 886 Τὸ

597 923 864 993 ἀργύριον
907 923 1059 994 ὑμῶν
1101 924 1380 994 ἀδόκιμονο
1420 927 1469 978 οἱ
1514 925 1749 994 κάπηλοι
1797 943 1889 978 σου
1927 927 2180 996 μίσγουσι

595 1014 692 1066 τὸν
719 1010 860 1066 οἶνον
894 1013 1070 1068 ῦδατι’
1105 1016 1153 1066 οἱ
1183 1015 1440 1085 ἄρχοντές
1477 1033 1567 1069 σου
1593 1017 1900 1080 ἀπειθοῦσι,
1935 1021 2180 1072 κοινωνοὶ

594 1102 870 1168 κλεπτῶν,
919 1103 1243 1171 ἀγαπῶντες
1275 1103 1440 1172 δῶρα,
1487 1102 1770 1168 διώκοντες
1814 1105 2176 1175 ἀνταπόδομα,

592 1193 854 1263 ὀρφανοῖς
899 1194 960 1246 οὐ
1010 1195 1306 1263 κρίνοντες,
1340 1194 1431 1245 καὶ
1481 1194 1658 1264 κρίσει
1698 1196 1872 1264 χήρας
1917 1195 1980 1247 οὐ
2011 1213 2178 1266 προσ-

592 1283 838 1353 έχοντες.
861 1284 1112 1336 Αἰτιᾶται
1137 1283 1193 1335 δὲ
1227 1282 1423 1346 αὐτοὺς
1449 1284 1542 1336 καὶ
1573 1282 1732 1346 αὐτὸς
1761 1286 1789 1337 6
1817 1285 2006 1356 Σωτὴρ
2039 1285 2179 1338 οὕτω

591 1373 792 1442 λέγων·
833 1393 850 1424 ι
889 1374 1024 1426 Οὐαὶ
1054 1373 1204 1443 ὑμῖν,
1241 1373 1594 1444 Γραμματεῖς
1616 1375 1710 1428 καὶ
1731 1377 2012 1447 Φαρισαῖοι
2047 1377 2178 1430 ὑπο-

594 1463 1314 1534 κριταὶβτιάποδεκατοῦτε
1335 1464 1392 1516 τὸ
1420 1465 1616 1535 ἄνηθον
1648 1465 1742 1518 καὶ
1761 1465 2030 1537 ἡδύοσμον
2084 1466 2179 1520 καὶ

592 1559 656 1609 τὸ
697 1554 949 1624 κύμινον,
986 1555 1078 1607 καὶ
1114 1555 1362 1626 ἀφήκατε
1411 1555 1478 1608 τὰ
1523 1556 1800 1630 βαρύτερα
1843 1557 1937 1611 τοῦ
1988 1559 2174 1629 νόμου,

590 1649 693 1718 τὴν
728 1647 929 1716 κρίσιν.
969 1646 1029 1699 τὸ
1072 1647 1239 1711 ἕλεος,
1284 1648 1375 1700 καὶ
1408 1648 1506 1716 τὴν
1549 1649 1756 1703 πίστιν.
1808 1669 1826 1701 ι
1879 1651 1973 1703 καὶ
2009 1651 2070 1702 τὸ
2099 1650 2177 1702 ἔτι

589 1738 805 1791 τούτων
833 1738 1210 1807 ἀνοσιώτερον,
1241 1739 1496 1806 γεγόνασι
1520 1739 1612 1790 καὶ¹
1646 1741 2002 1810 κυριοκτόνοι.
2034 1739 2177 1792 Ταύ-

2290 567 2689 633 marsupiorum
2726 566 3064 635 turgidoruni
3097 578 3363 632 amantes,
3406 580 3459 624 et
3493 571 3752 642 quidquid
3775 588 3859 628 es-

2287 665 2368 709 set
2419 656 2526 710 Deo
2580 655 2814 710 invisum
2871 669 3212 713 exercentes.
3284 660 3562 730 Siquidem
3632 665 3862 734 ipsemet

2285 743 2540 812 propheta
2573 741 2740 797 Isaias
2772 743 3034 812 principio
3081 747 3229 810 libri,
3260 748 3430 818 inquit
3465 769 3477 804 :
3521 769 3539 802 ι
3580 751 3860 817 Quomodo

2285 834 2425 887 facta
2467 846 2548 887 est
2581 838 2846 910 meretrix
2894 838 3085 891 civitas
3127 840 3299 893 lidelis
3342 840 3493 908 Sion,
3527 842 3685 911 plena
3710 842 3858 911 judi-

2285 924 2391 985 cio,
2429 923 2483 975 in
2518 939 2620 992 qua
2650 923 2864 992 justitia
2895 929 3252 994 pernoctavit,
3290 945 3430 986 nunc
3468 921 3645 986 aut'em
3679 935 3853 988 homi-
3884 912 3903 1008 ξ

2283 1012 2417 1065 cidze
2457 1013 2509 1065 ‘?
2543 1030 2566 1067 ι
2597 1016 2894 1085 Argentum
2937 1027 3174 1071 vestrum
3223 1020 3530 1089 reprobum.
3575 1021 3857 1093 Cauponcs

2285 1105 2356 1157 tui
2387 1105 2614 1159 miscent
2643 1107 2824 1160 vinum
2854 1123 3014 1176 aqua.
3043 1107 3318 1180 Principes
3342 1112 3415 1166 tui
3444 1113 3684 1170 inﬁdeles
3708 1125 3852 1181 sunt,

2284 1208 2570 1252 consortes
2615 1198 2818 1264 furum,
2857 1201 3146 1272 diligentes
3189 1219 3441 1270 munera,
3478 1217 3854 1264 consectantes

2283 1290 2796 1357 remunerationem,
2839 1293 3099 1362 orphanis
3137 1293 3595 1362 non‘judicanles,
3627 1307 3678 1352 et
3706 1292 3853 1366 judii

2279 1382 2366 1437 cio
2402 1383 2577 1437 vidua:
2624 1399 2733 1438 non
2775 1389 3138 1441 attendentes.
3199 1389 3430 1458 Sttgillal
3481 1391 3603 1446 illos
3640 1406 3853 1462 quoque

2280 1474 2392 1543 ipse
2422 1475 2704 1541 Servator,
2739 1477 2816 1532 sic
2851 1478 3099 1548 inquiens
3127 1497 3139 1534 :
3179 1497 3200 1530 ι
3233 1479 3324 1534 Va:
3355 1483 3532 1548 vobis,
3571 1483 3776 1540 Scriba:
3797 1495 3854 1540 et

2279 1567 2537 1622 Pharisaei
2589 1570 2908 1639 hypocrita),
2960 1571 3085 1640 quia
3136 1572 3420 1629 deeimatis
3466 1577 3743 1643 anethum,
3797 1588 3854 1632 et

2281 1658 2548 1728 thymum,
2593 1668 2648 1711 et
2681 1661 2976 1717 cuminum.
3021 1670 3073 1714 et
3115 1662 3375 1717 omisistis
3413 1665 3662 1732 graviora
3700 1667 3850 1736 legis,

2272 1747 2554 1815 judicium,
2602 1758 2654 1802 et
2687 1751 3138 1816 misericordiam,
3186 1762 3240 1805 et
3281 1752 3440 1806 ﬁdem
3479 1756 3530 1819 9;
3562 1773 3582 1807 ι
3614 1764 3668 1809 et
3707 1757 3850 1826 quod

589 1847 695 1899 της
723 1829 886 1882 ἕνεκα
917 1832 1014 1899 τῆς
1040 1830 1242 1895 αἰτίας,
1279 1829 1591 1900 ἐξώσθησαν
1623 1831 1723 1901 μὲν
1751 1831 1859 1884 τῶν
1888 1832 1988 1901 τῆς
2021 1832 2176 1901 ἱερω-
2211 1848 2251 1903 Β
2277 1836 2440 1889 etiam
2476 1836 2500 1888 l1

1940 1834 1988 1901 ᾖς
2021 1832 2176 1901 ἱερω-
2211 1848 2251 1903 Β
2277 1836 2440 1889 etiam
2476 1835 2560 1890 his
2593 1837 2768 1907 magis
2797 1837 3018 1906 itnpium
3059 1849 3163 1904 est,
3199 1839 3409 1894 Domini
3440 1841 3653 1896 fuerunt
3689 1845 3851 1898 inter-

591 1920 762 1990 σύνης
789 1919 987 1990 γερῶν,
1021 1920 1444 1988 ἀποκεκίνηνται
1472 1921 1528 1973 δὲ
1550 1920 1642 1973 τοῦ
1677 1921 1973 1992 κατάρχειν
2006 1922 2173 1989 λαῶν,

589 2013 689 2066 καὶ
724 2011 1081 2082 ἐκῦέϐληνται
1111 2012 1211 2081 τῆς
1245 2011 1677 2083 ἐγχειρισθείσης
1709 2013 1892 2076 αὐτοῖς
1926 2015 2064 2068 κατὰ
2092 2014 2177 2067 νό-

594 2121 698 2174 μον
745 2103 1075 2173 οἰκονομίας,
1118 2102 1283 2167 ἐξωτε
1341 2104 1619 2172 στεφάνων
1664 2106 1949 2174 γεγόνασιν
1991 2106 2174 2178 ἱερῶν,

590 2197 688 2248 καὶ
720 2195 911 2265 στολῆς
939 2193 1316 2266 ἱεροπρεπῶς
1349 2195 1609 2266 κέκληται
1638 2196 1694 2250 δὲ
1726 2197 1840 2267 μετ’
1880 2198 2117 2261 ἐκείνους
2147 2200 2176 2250 6

588 2287 800 2357 Κύριος
834 2285 988 2357 ήμῶν
1030 2284 1235 2356 Ἰησοῦς
1263 2287 1516 2356 Χριστὸς,
1562 2291 1590 2341 6
1627 2287 1799 2358 μέγας
1838 2288 1994 2358 ήμῶν
2021 2290 2175 2360 ἀρχι-

581 2379 776 2450 ερεύς.
816 2378 903 2440 Ὧς
945 2377 1053 2449 γὰρ
1094 2379 1123 2430 6
1153 2378 1418 2449 μακάριος
1460 2379 1658 2450 γράφει
1713 2379 1959 2442 Παῦλος·
2009 2397 2027 2429 r
2065 2381 2175 2449 Οὐχ

587 2471 774 2542 ἐαυτῷ
803 2488 885 2532 τις
908 2468 1144 2542 ἁρπάζει
1185 2469 1282 2540 τὴν
1315 2470 1499 2541 τιμὴν,
1529 2470 1664 2524 ἀλλὰ
1706 2469 2035 2539 καλούμενος
2069 2470 2174 2521 ὑπὸ

587 2563 690 2616 τοῦ
715 2561 874 2628 Θεοῦ,
903 2561 1084 2626 καθὼς
1109 2563 1138 2614 6
1162 2562 1395 2632 Χριστὸς
1421 2563 1519 2631 οὐχ
1540 2562 1728 2616 ἐαυτὸν
1749 2561 1996 2626 ἐδόξασεν
2019 2563 2095 2625 είς
2114 2561 2175 2613 τὸ

587 2653 892 2724 γενηθῆναι
932 2652 1214 2725 ἀρχιερέα,
1247 2653 1362 2706 ἀλλ’
1389 2654 1417 2705 6
1449 2652 1686 2723 λαλήσας
1723 2652 1858 2724 πρὸς
1885 2651 2065 2713 αὑτὸν,
2097 2652 2172 2704 Σὺ

589 2746 775 2814 ἱερεὺς
817 2745 895 2806 εἰς
922 2742 1010 2797 τὸν
1049 2742 1221 2795 αἰῶνα
1257 2743 1398 2795 κατά
1441 2741 1538 2811 τὴν
1568 2740 1718 2804 τάξιν
1757 2739 2108 2811 Μελχισεδέκ.
2149 2758 2168 2790 ι

587 2835 728 2898 Θεὸς
757 2834 868 2905 γὰρ
890 2833 964 2887 ῶν
1019 2833 1180 2902 φύσει
1225 2836 1318 2886 κα)⁸
1357 2832 1465 2884 τῶν
1507 2831 1642 2884 ὅλων
1687 2829 1909 2899 Κύριος,
1941 2829 2033 2881 καὶ
2074 2831 2173 2891 τάς

588 2927 750 2998 παρά
797 2927 1013 2980 πάντων
1060 2925 1311 2996 λατρείας
1361 2924 1668 2995 δεχόμενος,
1719 2923 1904 2993 ἐπειδὴ
1951 2924 2173 2990 γέγονεν

2282 1927 2533 1981 lectores.
2571 1927 2680 1981 Ilae
2715 1928 2782 1982 de
2813 1943 2972 1982 causa
3009 1928 3220 1998 depulsi
3265 1934 3703 1988 suntsacerdotii
3750 1935 3853 1988 ho-

2279 2017 2524 2079 noribus,
2572 2017 2846 2072 deturbati
2883 2019 3161 2072 dominatu
3204 2022 3472 2089 populari,
3509 2023 3705 2092 dejecti
3748 2025 3853 2078 dis-

2279 2113 2597 2178 pensatione
2624 2108 2726 2162 sibi
2749 2123 2812 2162 ει
2843 2108 3159 2178 przeseripto
3190 2107 3324 2178 legis
3360 2111 3664 2179 designata,
3701 2114 3850 2168 exuti

2277 2199 2494 2254 coronis
2532 2199 2703 2252 sacris
2731 2205 2784 2250 et
2820 2197 2959 2251 stola
2997 2184 3344 2253 sacerdotali.
3393 2198 3736 2270 Vocatusque
3767 2209 3852 2256 est

2277 2299 2400 2359 post
2440 2304 2535 2344 eos
2579 2289 2839 2342 Dominus
2883 2298 3072 2342 noster
3122 2287 3277 2342 Jesus
3306 2288 3578 2354 Christus,
3627 2307 3852 2361 magnus

2278 2387 2464 2432 noster
2493 2378 2771 2433 sacerdos.
2802 2377 3264 2442 Quemadmodum
3309 2380 3452 2434 enim
3490 2380 3680 2435 beatus
3710 2381 3850 2436 Pau-

2277 2457 2362 2521 lus
2385 2468 2619 2521 scribit:
2659 2485 2677 2517 ‹
2715 2466 2830 2519 Non
2875 2468 2977 2521 sibi
3023 2469 3146 2535 quis
3195 2469 3384 2538 arripit
3422 2470 3706 2538 honorem,
3752 2473 3847 2526 sed

2278 2567 2504 2612 vocatus
2565 2574 2592 2609 a
2648 2557 2778 2619 Deo,
2826 2557 3284 2625 quemadmodum
3341 2568 3396 2612 et
3443 2559 3690 2617 Christus
3738 2550 3846 2616 ιῖοιι

2276 2649 2515 2718 seipsum
2547 2648 2889 2718 gloriﬁcavit,
2952 2657 3008 2702 ut
3047 2648 3203 2703 ﬁeret
3236 2649 3496 2718 pontifex,
3529 2651 3623 2706 sed
3650 2654 3739 2722 qui
3771 2654 3848 2709 Io-

2275 2751 2431 2795 cutus
2463 2750 2543 2795 est
2570 2741 2635 2793 ad
2692 2739 2884 2794 illum:
2925 2739 3002 2792 Tu
3062 2741 3317 2796 sacerdos
3361 2743 3412 2794 in
3460 2744 3846 2809 aeternitatem,

2276 2833 2573 2887 secundum
2619 2832 2861 2884 ordinem
2910 2831 3266 2886 Melehisedec
3327 2833 3389 2884 ¹⁰.
3432 2852 3450 2886 ι
3515 2834 3655 2888 Deus
3702 2839 3846 2890 enim

2279 2933 2472 2977 natura
2503 2932 2558 2976 et
2591 2923 2959 2976 universitatis
2997 2922 3282 2989 Dominus,
3317 2931 3370 2977 et
3401 2923 3605 2978 cultum
3636 2925 3703 2979 ab
3739 2941 3850 2979 om-

586 3015 900 3088 ἄνθρωπος,
923 3015 1326 3087 κεχρημάτικεν
1351 3015 1505 3085 ἡμῶν
1527 3015 1618 3067 καὶ
1645 3015 1951 3085 ἀρχιερεύς.
1978 3014 2173 3066 Λαῦεἰν
2278 3015 2435 3069 nibus
2471 3031 2496 3068 r

1939 3055 1951 3068 .
1978 3014 2173 3066 Aa6si’v
2278 3015 2435 3069 nibus
2471 3015 2766 3083 recipiens,
2797 3028 2915 3067 cum
2941 3023 3082 3066 esset
3106 3011 3270 3066 humo
3299 3014 3490 3080 l‘aclus,
3521 3026 3741 3070 vocatus
3765 3027 3849 3072 est

586 3110 650 3163 δὲ
683 3109 904 3178 λέγεται
944 3110 1037 3162 καὶ
1068 3107 1168 3179 τὴν
1208 3108 1364 3172 δόξαν
1392 3107 1576 3173 Δαΰὶδ,
1605 3107 1746 3160 τοῦτ’
1774 3106 1908 3171 ἐστι,
1945 3105 2042 3177 τήν
2080 3107 2172 3158 ἐπί
2276 3108 2439 3161 etiam
2478 3122 2497 3159 I'

1945 3105 2042 3177 τήν
2080 3107 2172 3158 ἐπί
2276 3108 2439 3161 etiam
2478 3116 2664 3160 nosmr
2699 3103 2962 3174 pontifex,
2997 3113 3052 3158 et
3082 3103 3300 3159 Davidis
3333 3106 3557 3175 gloriam
3601 3108 3847 3176 accipere

586 3219 655 3271 γε
696 3203 793 3255 τὸν
837 3201 1048 3272 Ἰσραὴλ
1091 3202 1266 3272 ἀρχήν
1303 3217 1363 3253 τε
1409 3200 1502 3253 ml.
1533 3199 1844 3269 βασιλείανο
1880 3198 2096 3270 Ἰσραὴλ
2119 3199 2175 3250 δέ
2203 3184 2245 3242 C
2280 3195 2497 3248 dictust

1932 3198 2096 3270 σραὴλ
2119 3199 2175 3250 δέ
2203 3184 2245 3242 C
2280 3195 2456 3248 dictus
2481 3203 2583 3257 est,
2614 3194 2662 3246 id
2695 3202 2776 3246 est
2810 3192 3104 3262 potentiam
3132 3199 3187 3244 et
3239 3207 3462 3260 regnum
3488 3195 3541 3247 iu
3568 3193 3843 3249 lsraelem.

588 3309 778 3364 φαμεν
833 3293 893 3344 οὑ
941 3293 1032 3347 τὸν
1085 3292 1227 3346 κατὰ
1285 3292 1464 3362 σάρκα
1510 3291 1744 3353 πάντως,
1789 3288 1925 3343 ἀλλά
1971 3289 2062 3342 τὸν
2117 3289 2177 3343 ἐν
2283 3279 2499 3336 lsraele!

1971 3289 2062 3342 τὸν
2117 3289 2177 3343 ἐν
2283 3279 2537 3336 lsraelem
2565 3295 2693 3336 vero
2739 3281 2992 3346 dicimus,
3017 3296 3121 3335 non
3154 3281 3426 3335 carnalem
3467 3283 3711 3348 omnino,
3753 3284 3846 3339 sed

588 3383 870 3451 πνεύματι
909 3383 1000 3435 καὶ
1033 3380 1240 3451 νοητόν.
1289 3382 1363 3433 Οὐ
1409 3380 1519 3452 γὰρ
1560 3379 1780 3442 πάντες,
1815 3380 1999 3450 φησιν,
2041 3380 2089 3431 οἱ
2118 3378 2177 3443 ἐξ
2281 3372 2499 3442 intelligi

1932 3381 1999 3441 ιν,
2041 3380 2089 3431 οἱ
2118 3378 2177 3443 ἐξ
2281 3372 2633 3442 intelligentia
2676 3383 3012 3442 perceptum,
3049 3382 3104 3427 et
3157 3373 3209 3426 in
3257 3374 3475 3441 spiritu.
3513 3373 3628 3428 Non
3676 3377 3843 3442 enim,

601 3473 848 3544 Ἰσραὴλ,
871 3467 1012 3526 οῦτοι
1041 3471 1281 3542 Ἰσραὴλ,
1304 3470 1411 3524 οὐδ’
1437 3471 1518 3522 ὅτι
1545 3470 1650 3522 εἰσὶ
1677 3469 1898 3540 σπέρμα
1928 3468 2175 3540 Ἀϐραὰμ
2281 3463 2477 3532 inquit,
2508 3485 2512 3511 ι

1933 3468 2175 3540 Ἀϐραὰμ
2281 3463 2477 3532 inquit,
2508 3479 2696 3518 omnes
2717 3479 2782 3518 ex
2813 3463 3014 3519 lsraele
3036 3464 3088 3517 hi
3113 3473 3238 3518 sunt
3273 3465 3460 3528 Israel,
3503 3480 3676 3534 neque
3705 3473 3844 3537 quod

587 3564 800 3626 πάντες
829 3561 1012 3626 τέκνα,
1060 3562 1174 3614 ἀλλ’
1203 3563 1316 3614 ὅσοι
1360 3559 1450 3613 διά
1500 3561 1734 3622 πίστεως
1783 3557 2174 3624 δεδικαίωνται,

587 3653 1168 3722 κατακολουθήσαντες
1193 3655 1304 3716 τοῖς
1339 3651 1508 3721 ἴχνεσι
1534 3649 1629 3703 τοῦ
1662 3648 1866 3720 πατρὸς
1906 3647 2174 3718 Ἀϐραὰμ,

587 3739 744 3796 οῦτοι
776 3743 872 3797 καὶ
909 3743 1074 3796 τέκνα
1100 3741 1287 3805 αὐτοῦ,
1320 3742 1413 3794 καὶ
1445 3741 1544 3810 τῆς
1573 3739 1908 3807 ἐπαγγελίας
1948 3739 2054 3790 υἱοὶ
2085 3737 2175 3789 καὶ

603 3833 824 3904 Ἰσραὴλ
861 3833 1309 3904 χρηματίζουσιν.
1371 3829 1802 3900 Ἀναδειχθέντος
1848 3830 2028 3881 τοίνυν
2078 3826 2172 3879 τοῦ

589 3928 817 3982 πάντων
847 3925 1000 3994 ἡμῶν
1017 3925 1316 3995 ἀρχιερέως
1346 3922 1602 3993 Χριστοῦ,
1629 3923 1741 3974 Οὐκ
1779 3920 1952 3984 ἔσται,
1987 3920 2173 3990 φησὶν,

586 4016 911 4084 ἀντιλέγων.
963 4016 1036 4079 Οὐ
1079 4014 1188 4086 γὰρ
1237 4014 1505 4084 ὠφελήσει
1546 4011 1738 4082 ἐχθρὸς
1784 4011 1842 4064 ἐν
1887 4011 2052 4081 αὐτῷ,
2082 4013 2174 4064 καὶ

588 4110 708 4171 υἱὸς
748 4108 977 4177 ἀνομίας
1017 4108 1077 4159 οὐ
1122 4106 1420 4178 προσθήσει
1454 4109 1547 4157 τοῦ
1580 4105 1827 4158 κακῶσαι
1860 4106 2040 4162 αὐτόν,
2069 4107 2176 4159 Kal.

589 4199 717 4254 καθ’
741 4200 931 4269 ἕτερον
952 4197 1006 4250 δὲ
1028 4198 1245 4269 τρόπον.
1277 4197 1588 4268 Ἀντείρηκε
1620 4196 1718 4266 μὲν
1745 4195 1852 4266 γὰρ
1880 4197 1908 4246 6
1938 4182 2170 4266 Ἰσραὴλ,

590 4292 877 4363 ἠσμένησε
908 4289 964 4343 δὲ
991 4289 1058 4342 τά
1097 4289 1222 4360 ἔθνη
1262 4288 1322 4342 τὸ
1348 4289 1440 4342 ὑπ’
1463 4289 1612 4358 αὐτῴ
1639 4287 2033 4358 βασιλεύεσθαι.
2066 4288 2172 4341 Καὶ

584 4384 720 4453 γοῦν
765 4382 1080 4452 εὑρίσκεται
1127 4380 1300 4448 λέγων
1343 4380 1431 4433 διά
1474 4382 1655 4449 φωνῆς
1698 4377 1792 4430 τοῦ
1829 4378 2010 4440 Δαόὶδ,
2046 4379 2173 4447 περὶ

586 4477 690 4545 μὲν
736 4472 836 4526 τοῦ
853 4471 1089 4541 ’ῐσραήλο
1125 4489 1145 4522 ‹
1184 4471 1374 4523 Ῥῦσαί
1420 4488 1486 4540 με
1526 4469 1586 4534 ἐξ
1619 4469 1940 4537 ἀντιλογιῶν
1961 4469 2110 4521 λαοῦ·
2145 4489 2161 4519 ι

2278 3556 2390 3610 sint.
2424 3571 2607 3611 semen
2639 3556 2937 3623 Abraham,
2965 3572 3156 3612 omnes
3194 3557 3287 3611 ﬁlii
3315 3567 3481 3612 sunt:
3513 3559 3607 3613 sed
3632 3562 3720 3628 qui
3753 3576 3849 3628 per

2277 3646 2437 3702 ﬁdem
2472 3646 2754 3714 justilicati
2785 3657 2932 3714 sunt,
2959 3648 3051 3717 qui
3097 3660 3400 3718 sequuntur
3425 3649 3648 3720 vestigia
3679 3654 3847 3718 patris

2274 3724 2569 3800 Abraham,
2610 3737 2746 3791 hiet
2795 3737 2949 3792 liberi
2994 3740 3130 3808 ejus,
3174 3748 3226 3791 et
3265 3739 3425 3810 325
3467 3743 3846 3810 promissionis

2278 3825 2371 3878 lilii
2411 3835 2464 3879 et
2494 3826 2656 3880 Israel
2684 3817 3108 3897 nuncupantur.’
3128 3828 3380 3883 Exhibito
3417 3831 3579 3900 igitur
3601 3835 3844 3889 omnium

2279 3928 2519 3969 nostrum
2551 3916 2775 3970 Domino
2801 3927 2856 3972 et
2891 3919 3146 3986 pontiﬁce
3172 3919 3386 3975 Christo
3406 3959 3422 3985 ,
3455 3920 3569 3974 Non
3600 3924 3724 3988 erit,
3757 3925 3846 3978 in-

2275 4009 2411 4077 quit,
2451 4009 2540 4077 qui
2583 4010 2938 4062 contradicat.
2976 4008 3092 4064 Non
3136 4010 3279 4064 enim
3305 4012 3552 4080 proliciet
3594 4013 3844 4070 inimicus

2278 4105 2328 4156 in
2357 4101 2468 4164 illo,
2496 4111 2550 4154 et
2576 4101 2716 4153 lilius
2757 4101 3054 4170 iniquitatis
3089 4118 3191 4155 non
3226 4112 3411 4172 perget
3443 4118 3640 4159 vexare
3667 4105 3836 4162 illum.

2276 4194 2404 4247 Item
2437 4194 2542 4247 alio
2575 4194 2755 4247 modo.
2787 4193 3132 4248 Contradixit
3161 4194 3376 4263 quidem
3406 4195 3590 4258 Israel,
3635 4207 3690 4249 at
3720 4211 3842 4266 gen-

2276 4295 2355 4336 tes
2401 4299 2624 4350 regnum
2672 4285 2842 4351 ipsius
2887 4283 3147 4352 amplexae
3193 4294 3339 4339 sunt.
3387 4285 3662 4340 Invenitur
3695 4290 3840 4342 enim

2275 4387 2408 4426 voce
2433 4373 2653 4426 Davidis
2685 4374 2890 4437 dicere,
2921 4374 2986 4427 de
3015 4373 3209 4428 lsraele
3239 4392 3252 4428 :
3283 4393 3302 4426 ι
3329 4373 3518 4431 Libera
3546 4392 3631 4432 me
3661 4395 3688 4431 a
3719 4395 3844 4433 eon-

2277 4464 2688 4518 tradictionibus
2712 4464 2890 4531 p0puli
2919 4483 2936 4514 ι
2976 4464 3079 4518 :de
3106 4466 3356 4533 gentibus
3377 4475 3556 4520 autem
3585 4486 3604 4518 ι
3639 4468 3845 4525 :Cons-

584 4565 719 4636 περί
745 4580 812 4632 γε
837 4562 945 4614 τῶν
968 4561 1159 4624 ἐθνῶν,
1199 4579 1216 4611 ι
1263 4562 1641 4631 Καταστήσεις
1694 4577 1763 4630 με
1814 4561 1890 4622 είς
1924 4557 2164 4630 κεφαλὴν
2198 4553 2241 4606 Ι)
2273 4554 2433 4607 lilues
2466 4569 2495 4605 η

1931 4557 2164 4630 κεφαλήν
2198 4553 2241 4606 D
2273 4554 2433 4607 titues
2466 4569 2548 4607 me
2579 4555 2629 4606 in
2657 4563 2823 4623 caput
2846 4556 3081 4622 gentium
3115 4575 3128 4606 :
3171 4557 3394 4625 populus
3423 4572 3579 4626 quem
3613 4576 3718 4612 non
3751 4575 3842 4616 co-

586 4656 777 4709 ἐθνῶν·
810 4653 940 4706 λαὸν
983 4653 1042 4707 ὃν
1079 4653 1179 4706 οὐκ
1209 4652 1380 4722 ἔγνων
1428 4651 1707 4705 ἐδούλευσέ
1741 4668 1853 4721 μοι,
1890 4652 1968 4714 είς
1998 4651 2166 4721 ἀκοὴν

585 4747 752 4799 ὠτίου
798 4743 1079 4815 ὑπήκουσὲ
1120 4760 1244 4814 μου.
1289 4743 1406 4795 Υἱοὶ
1435 4742 1699 4811 ἀλλότριοι
1731 4740 2027 4809 ἐψεύσαντό
2051 4757 2164 4810 μοι,

585 4837 695 4888 υἱοὶ
720 4833 993 4904 ἀλλότριοι
1035 4833 1475 4904 ἐπαλαιώθησαν,
1503 4834 1596 4886 καὶ
1627 4831 1900 4902 ἐχώλαναν
1925 4830 2031 4885 ἀπὸ
2060 4831 2167 4884 τῶν

579 4927 790 4998 τρίϐων
821 4926 1022 4979 αὐτῶν.
1054 4920 1473 4980 Πεπαλαίωνται
1499 4927 1607 4998 γάρ
1633 4927 1725 4979 καὶ
1742 4927 1908 4994 ἐγγὺς
1941 4925 2168 4994 γεγόνα-

583 5035 671 5070 σιν
701 5017 1040 5087 ἀφανισμοῦ,
1075 5017 1454 5088 κεκλασμένην
1479 5017 1534 5070 δέ
1565 5017 1750 5088 ῶσπερ
1773 5017 2038 5087 ἐσχήκασι
2071 5017 2172 5086 τὴν

575 5107 846 5171 διάνοιαν,
890 5109 999 5160 υἱοὶ
1031 5107 1314 5176 γεγονότες
1343 5107 1634 5178 ἀλλότριοι,
1663 5107 1806 5161 τοῦτ’
1836 5108 2004 5172 ἐστιν,
2035 5108 2084 5159 οἱ
2115 5106 2172 5172 ἐξ

591 5199 840 5270 Ἰσραήλ.
875 5218 893 5250 ι
922 5199 1093 5252 Πάλαι
1138 5199 1238 5268 μὲν
1272 5199 1381 5270 γὰρ
1400 5195 1468 5269 ἦν
1506 5198 1869 5269 πρωτότοκος,
1901 5195 2087 5267 ἐπειδὴ
2115 5196 2172 5247 δὲ

2274 4645 2458 4716 gnovi,
2489 4646 2714 4700 servivit
2743 4647 2898 4710 mihi,
2954 4647 3006 4700 in
3044 4647 3228 4702 auditu
3268 4651 3416 4704 auris
3451 4652 3652 4708 audivit
3684 4655 3840 4710 mihi.

2279 4737 2401 4793 Filii
2434 4737 2593 4793 alieni
2625 4739 2837 4794 mentiti
2879 4748 3005 4794 sunt
3035 4739 3188 4802 mihi,
3225 4741 3318 4795 ﬁlii
3351 4741 3511 4797 alieni
3556 4745 3843 4803 inveterati

2276 4838 2421 4893 sunt,
2460 4840 2516 4885 et
2555 4831 2997 4886 claudicaverunt
3046 4847 3074 4884 a
3120 4833 3327 4888 semitis
3374 4835 3508 4892 suis.
3558 4836 3842 4894 lnveterati

2276 4930 2422 4985 sunt,
2457 4930 2510 4975 et
2539 4921 2773 4975 interitui
2807 4921 2934 4977 l‘aeli
2967 4931 3092 4976 sunt
3114 4924 3365 4992 proximi,
3393 4935 3446 4980 et
3474 4926 3576 4981 levi
3606 4937 3660 4982 et
3687 4931 3844 4999 quasi

2278 5012 2454 5067 fracto
2485 5012 2664 5066 animo
2697 5014 2915 5068 fuerunt
2943 5016 3172 5084 prtediti,
3217 5015 3312 5070 ﬁlii
3342 5017 3466 5071 l'aeti
3499 5019 3841 5090 alienigenae,

2278 5101 2442 5156 Israel
2469 5102 2678 5156 scilicet
2707 5104 2771 5157 η.
2805 5121 2822 5155 ι
2859 5102 2999 5158 Olim
3040 5114 3161 5158 erat
3196 5106 3604 5175 primogenitus,
3637 5120 3690 5162 at
3717 5125 3842 5165 cum

2278 5193 2498 5247 Christo
2535 5192 2748 5247 mentiti
2781 5204 2929 5258 sunt,
2964 5195 3093 5248 l'acti
3120 5205 3246 5248 sunt
3276 5195 3458 5250 alieni.
3487 5195 3672 5252 Proles
3699 5200 3845 5254 enim

2284 5285 2626 5354 perditionis,
2659 5295 2712 5339 et
2746 5286 2839 5340 ﬁlii
2885 5289 3144 5357 gehennae
3175 5289 3348 5343 vocati
3378 5298 3504 5344 sunt
3537 5290 3792 5361 deinceps
3826 5328 3843 5345 .

2276 5376 2380 5430 Sed
2415 5378 2652 5444 quando,
2673 5377 2868 5446 inquit,
2886 5379 3180 5448 designabo
3201 5378 3423 5434 Eliacim
3445 5379 3555 5451 (qui
3581 5381 3846 5450 interpre-

2279 5479 2423 5522 tatur
2449 5468 2544 5522 Dei
2567 5453 3174 5535 res‘urrectio,excitatus
3191 5482 3273 5527 est
3299 5473 3442 5528 enim
3466 5473 3518 5527 in
3540 5472 3841 5528 subsidium

2274 5571 2518 5618 nostrqu
2550 5561 2689 5616 Deus
2728 5562 2986 5630 Verbum,
3039 5565 3128 5633 qui
3185 5566 3348 5622 etiam
3388 5566 3523 5622 dicit
3569 5581 3582 5618 :
3623 5564 3844 5633 Propter

571 5290 999 5360 κατεψεύσαντο
1058 5289 1154 5342 τοῦ
1206 5289 1464 5361 Χριστοῦ,
1531 5290 1817 5360 γεγόνασιν
1883 5287 2173 5357 ἀλλότριοι.

571 5379 764 5432 Τέκνα
795 5379 907 5450 γάρ
935 5381 1228 5445 ἀπωλείας,
1261 5381 1366 5433 υἱοὶ
1390 5381 1612 5452 γεέννης
1636 5381 1923 5450 κέκληνται
1959 5379 2164 5431 λοιπόν.

587 5469 737 5520 Ἀλλ’
769 5472 923 5536 ὅταν,
958 5472 1142 5543 φησιν,
1172 5471 1432 5536 ἀναδείξω
1474 5472 1857 5542 τδνἙλιακεὶμ
1888 5472 1965 5540 (ὃς
1996 5472 2167 5541 ἐρμη-

567 5559 798 5614 γεύεται
826 5563 977 5618 Θεοῦ
996 5563 1354 5629 ἀνάστασιςο
1379 5565 1676 5636 ἐγήγερται
1699 5564 1804 5636 γὰρ
1835 5567 1911 5626 εἰς
1943 5565 2166 5616 ἐπικου-

657 5743 678 5773 ⁶
706 5743 806 5796 Isa.
849 5760 885 5809 t,
916 5744 1004 5798 2|.
1082 5748 1102 5778 ’
1133 5744 1324 5800 Matth.
1370 5761 1522 5811 um,
1548 5745 1636 5799 ‘25.
1720 5746 1758 5775 ‘°
1788 5744 1944 5797 Ili-Er.
1983 5761 2031 5810 v,
2059 5744 2088 5798 ι
2112 5758 2262 5813 seqq.

1082 5748 1102 5778 ⁹
1133 5744 1324 5800 Matth.
1370 5761 1522 5811 um,
1548 5745 1636 5799 ‘25.
1720 5746 1758 5775 ‘°
1788 5744 1944 5797 ιιυεττ.
1983 5761 2031 5810 v,
2059 5744 2088 5798 ι
2112 5758 2262 5813 seqq.
2343 5743 2383 5774 ¹¹
2421 5741 2560 5799 l‘sal.
2593 5759 2722 5811 xvtt,
2754 5745 2819 5801 41
2844 5761 2993 5817 seqq.
