4110 6494
643 369 742 424 519

1669 371 1732 429 S.
1767 366 2046 429 CYRILLI
2081 364 2551 428 ALEXAND'RINI
2587 364 2911 426 ABCllIEP.

3794 369 3897 424 520

643 489 910 544 tniseri-am
930 493 1178 557 inopum,
1208 499 1261 546 et
1289 491 1545 561 gemitum
1583 507 1899 562 pauperum,
1935 507 2080 546 nunc
2114 506 2198 546 ex-

2311 492 2434 562 ρίαν
2479 492 2634 562 ἡμῶν
2667 493 2801 556 Θεὸς
2845 492 2920 545 ὢν
2965 493 2994 545 ὁ
3043 489 3238 560 Λόγος,
3279 493 3308 544 ὁ
3353 492 3447 544 καὶ
3487 491 3654 544 πάλαι
3704 493 3893 561 λέγων·

644 595 875 648 surgam,
909 579 1034 633 dicit
1070 579 1326 635 Dominus
1348 581 1471 654 “',)
1503 591 1648 643 tunc.
1685 583 1876 652 inquit,
1907 582 2207 638 conﬁdetci

635 670 812 724 omnis
838 669 1102 738 gloriosus
1142 669 1197 724 in
1229 672 1389 727 domo
1418 673 1584 742 patris
1622 673 1702 727 sui
1737 692 1751 728 :
1799 673 1998 727 Domus
2027 685 2206 727 autem

639 759 812 812 Patris
833 759 1040 813 Christi
1066 775 1185 829 qua:
1210 773 1360 815 esset
1389 763 1512 828 alia,
1545 772 1741 831 praeter
1763 762 2089 816 Ecclesiaui?
2110 764 2206 815 At-

635 851 726 919 qui
775 852 816 904 si
847 852 970 920 quis
1021 851 1073 905 in
1105 868 1167 906 ea
1205 853 1277 907 sit
1308 853 1561 919 celebris,
1592 853 1682 908 ille
1715 855 1840 906 ﬁdet
1873 854 2112 917 Christo,
2153 866 2206 908 et

633 957 740 995 non
773 942 946 996 solum
978 943 1251 1011 gloriosus
1276 959 1342 997 ac
1374 943 1624 1007 celebris,
1656 943 1748 997 sed
1784 944 1943 996 etiam
2005 944 2049 996 si
2082 943 2202 1012 quis

635 1032 812 1085 tenuis
831 1032 901 1085 sit
931 1033 1117 1086 mundi
1161 1032 1386 1100 judin’o.
1413 1032 1596 1086 Justus
1628 1033 1769 1086 enim
1801 1043 1903 1096 est,
1938 1041 1990 1086 et
2017 1048 2206 1100 perso-

633 1137 732 1174 nas
787 1137 893 1175 non
942 1124 1164 1190 suscipit
1190 1123 1568 1177 universitatis
1596 1124 1752 1186 Deus,
1783 1125 1877 1177 sed
1905 1125 2081 1193 potius
2107 1140 2203 1192 pro

635 1227 890 1266 mensura
924 1213 1222 1278 spiritualis
1247 1213 1442 1279 anatis,
1477 1214 1529 1268 hi
1572 1223 1752 1282 patres
1779 1215 2017 1280 sunt,illi
2040 1216 2201 1269 etiam

640 1302 806 1364 ﬁlioli,
841 1310 894 1355 et
927 1303 1316 1368 adolescentes,
1345 1305 1610 1371 etephehi
1652 1304 2086 1373 intelligibiliter.

2328 575 2460 631 Ἀπὸ
2507 581 2606 650 τῆς
2651 579 3026 650 ταλαιπωρίας
3071 580 3181 632 τῶν
3224 579 3476 648 πτωχῶν,
3513 580 3607 633 καὶ
3659 579 3771 633 ἀπὸ
3802 581 3897 633 τοῦ

2317 671 2620 740 στενάγμου
2651 671 2759 724 τῶν
2783 673 3030 742 πενήτων
3069 671 3164 725 νῦν
3185 673 3584 743 ἀναστήσομαι,
3612 671 3764 740 λέγει
3787 674 3893 726 Κύθ-

2318 758 2472 829 ριος),
2498 759 2641 820 τότε,
2667 761 2852 831 φησὶν,
2877 761 3130 814 ἕσταιέπ’
3151 762 3300 831 αὐτῷ
3320 758 3598 825 πεποιθὼς
3623 765 3736 827 πᾶς
3757 764 3893 817 Evoc-

2313 853 2400 915 ξος
2425 855 2482 906 ἐν
2508 853 2582 923 τῷ
2607 854 2739 923 οἴκῳ
2767 853 2861 907 τοῦ
2892 855 3095 924 πατρὸς
3129 857 3319 911 αὐτοῦ..
3353 855 3514 921 οἶκος
3554 858 3611 910 δὲ
3656 857 3750 910 τοῦ
3783 859 3894 910 Παε-

2307 945 2435 1014 τρὸς
2455 943 2546 996 τοῦ
2576 945 2813 1015 Χριστοῦ
2838 946 2920 1009 τίς
2941 946 3008 998 ἂν
3034 947 3221 1017 ἕτερος
3243 950 3328 1020 εἴη
3359 950 3510 1021 παρά
3536 950 3636 1018 τὴν
3671 950 3893 1018 Ἐκκλη-

2311 1035 2454 1098 σίαν;
2496 1033 2632 1086 Ἀλλ’
2661 1035 2712 1086 εί
2742 1034 2829 1098 τίς
2855 1038 3000 1089 ἐστιν
3031 1037 3238 1102 ἔνδοξος
3268 1043 3326 1092 ἐν
3354 1041 3513 1108 αὐτῇ,
3548 1033 3708 1100 οὗτος
3745 1038 3892 1091 ἔσται

2316 1123 2589 1187 πεποιθὼς
2632 1124 2723 1178 ἐπὶ
2768 1127 3010 1198 Χριστῷ,
3054 1130 3148 1181 καὶ
3190 1129 3312 1198 οὐχὶ
3353 1127 3418 1198 δὴ
3457 1129 3616 1198 μόνος
3669 1128 3890 1194 ἔνδοξος,

2311 1214 2445 1269 ἀλλὰ
2477 1216 2583 1287 γὰρ
2611 1217 2704 1269 καὶ
2737 1218 2790 1270 εί
2813 1236 2899 1282 τις
2936 1218 3019 1289 εἴη
3057 1219 3262 1289 βραχὺς
3303 1221 3442 1274 κατά
3471 1236 3533 1286 γε
3573 1219 3666 1271 τὸν
3693 1219 3894 1289 κόσμον

2314 1306 2475 1377 φημί.
2507 1309 2722 1372 Δίκαιος
2749 1308 2858 1382 γὰρ
2884 1311 2978 1362 καὶ
3012 1311 3516 1382 ἀπροσωπόληπτος
3554 1313 3582 1363 ό
3620 1310 3730 1361 τῶν
3761 1310 3894 1362 ὅλων

639 1393 788 1458 Θεὸς,
835 1395 976 1449 κατά
1019 1397 1081 1449 τὸ
1145 1397 1344 1467 μέτρον
1403 1396 1458 1450 δὲ
1509 1397 1708 1468 μᾶλλον
1771 1403 1870 1469 τῆς
1907 1397 2282 1470 πνευματικῆς
2337 1401 2579 1472 ἡλικίας,
2624 1403 2673 1454 εί
2722 1404 2822 1474 μὲν
2878 1404 2985 1476 γάρ
3029 1407 3134 1458 εἰσι
3183 1407 3437 1478 πατέρες,
3486 1405 3536 1456 οἱ
3585 1403 3644 1455 δὲ
3679 1402 3770 1454 καὶ
3815 1403 3892 1469 ἔτι

639 1489 818 1553 τέκνα,
849 1489 1051 1541 νεανίαι
1086 1506 1144 1541 τε
1191 1490 1283 1542 καὶ
1313 1488 1502 1560 ἔφηϐοι
1527 1490 1752 1560 νοητῶς.

704 1582 868 1635 Vatis.
896 1580 984 1634 25.
1018 1580 1145 1634 ΙΙαέ
1166 1581 1293 1634 dicit
1330 1582 1581 1635 Dominus
1612 1581 1842 1636 Sabaoth
1871 1598 1888 1634 :
1915 1579 2206 1634 Morebitur

637 1675 784 1727 homo
825 1675 1066 1741 ﬁrmatus
1097 1673 1211 1726 loco
1247 1674 1381 1742 ﬁdo,
1415 1684 1462 1726 et
1491 1675 1660 1738 cadet,
1691 1687 1735 1727 et
1773 1673 1936 1743 gloria
1968 1671 2078 1740 ejus
2109 1669 2208 1723 tol-

636 1764 786 1829 letur,
822 1766 945 1832 quia
973 1764 1228 1819 Dominus
1263 1765 1467 1818 locutus
1505 1775 1601 1818 est.

699 1941 830 1996 Post
861 1941 996 1996 adeo
1017 1941 1234 2011 longam
1269 1941 1637 1994 narrationem
1677 1939 1890 1995 concisa
1939 1949 1998 1994 et
2029 1937 2206 1993 brevis

634 2032 906 2086 inducitur
941 2033 1135 2097 oratio,
1173 2032 1476 2085 divinorum
1506 2031 1832 2102 iudiciorum
1865 2030 2205 2085 severitatem

635 2123 936 2189 declarans,
972 2139 1071 2177 ceu
1125 2138 1216 2176 rex
1250 2137 1350 2193 pro
1391 2124 1615 2192 imperio
1661 2123 1712 2176 id
1761 2122 1874 2177 ﬁeri
1913 2121 2203 2192 praecipiat.

634 2217 856 2283 Spectat
880 2223 1060 2268 autem
1110 2228 1301 2268 rursus
1340 2213 1624 2268 sententia:
1677 2214 1833 2282 hujus
1890 2213 1992 2276 vis,
2023 2210 2209 2280 siquis

634 2306 783 2368 velit,
835 2305 903 2359 ad
937 2306 1175 2358 Somnan
1231 2313 1552 2374 quarstorem
1608 2323 1620 2358 :
1665 2305 1707 2358 si
1749 2303 1930 2371 latius,
1960 2302 2027 2357 ad
2076 2301 2207 2372 legis

637 2398 936 2464 sacriﬁcos,
964 2397 1034 2451 ita
1061 2397 1332 2465 intelliges
1363 2397 1522 2451 sicuti
1553 2397 1662 2465 jam
1691 2396 2038 2450 reddidimus.
2071 2394 2204 2448 Nam

641 2489 734 2558 qui
772 2490 820 2541 in
857 2503 1047 2542 secura
1097 2486 1484 2556 tranquillitate
1517 2485 1674 2554 positi
1714 2485 2029 2538 videbantur
2068 2482 2206 2552 (hoc

647 2595 840 2649 nempe
860 2578 1023 2649 326
1052 2587 1136 2633 est
1185 2577 1388 2631 ﬁrmari
1422 2577 1474 2632 in
1500 2577 1620 2631 loco
1654 2575 1838 2645 ﬁdeli),
1861 2581 2205 2638 corruerunt,

631 2683 685 2727 et
717 2686 839 2742 qua:
893 2672 998 2726 illis
1052 2671 1261 2734 aderat,
1322 2669 1492 2740 gloria
1546 2669 1739 2740 privati
1789 2675 1934 2730 sunt,
1992 2665 2206 2720 nemine

631 2763 889 2817 auxilium
949 2764 1252 2830 prmhente,
1307 2760 1391 2814 vel
1455 2760 1632 2829 lapsos
1701 2761 1909 2829 erigere
1956 2757 2200 2821 valente,

627 2855 750 2924 quia
784 2853 1040 2908 Dominus
1068 2853 1276 2907 locutus
1305 2859 1404 2904 est.
1431 2868 1452 2902 ι
1484 2851 1538 2904 Si
1568 2850 1709 2904 enim
1736 2848 1995 2903 clauserit
2017 2858 2200 2902 contra

627 2945 925 3009 hominem,
951 2945 1092 3014 quis,
1131 2943 1326 3013 inquit,
1358 2942 1564 3012 aperiet
1593 2941 1708 2993 "1's

1201 3223 1406 3282 VISIO
1440 3225 1633 3280 TYliI.

695 3343 827 3399 CAP.
861 3341 1050 3398 XXIII.
1080 3341 1244 3396 Vens.
1276 3342 1326 3394 ‘l.
1360 3338 1591 3406 Utulate,
1653 3356 1805 3394 naves
1837 3339 2198 3410 Carthaginis,

626 3436 751 3507 quia
789 3437 968 3504 periit,
1008 3445 1055 3488 et
1093 3450 1194 3487 non
1237 3433 1458 3500 amplius
1487 3442 1832 3498 revertuntur,
1865 3449 1893 3487 ε
1938 3442 2078 3487 terra
2112 3432 2200 3487 Ci-

627 3529 872 3583 liensium
905 3528 1063 3580 ducta
1091 3536 1168 3581 est
1197 3527 1422 3596 captiva.

699 3621 812 3690 Age
847 3621 1025 3674 denuo
1064 3631 1182 3688 quae
1213 3617 1266 3672 in
1295 3615 1438 3687 Tyro
1467 3632 1496 3670 a
1529 3615 1636 3671 Deo
1675 3613 1939 3685 patefacta
1985 3615 2200 3668 fuerunt

627 3710 892 3774 oraculis,
928 3709 1104 3779 quoad
1133 3710 1276 3776 licet,
1323 3709 1616 3778 explanare
1654 3707 1988 3772 Studeamus,
2025 3708 2196 3762 histo—

627 3803 873 3870 riamque
913 3801 1064 3870 prius
1097 3815 1434 3865 enarramus,
1462 3808 1517 3855 et
1545 3799 1993 3869 quemadmodum
2046 3811 2197 3869 capta

627 3893 772 3950 sitet
803 3894 982 3962 periit,
1017 3901 1071 3946 et
1100 3893 1312 3961 captiva
1356 3891 1526 3954 venit,
1550 3891 1702 3960 juxta
1746 3891 1888 3959 quod
1937 3891 2195 3960 scriptum

625 3995 728 4052 est,
757 3986 972 4055 planum
1017 3984 1466 4052 perspicuumque
1510 3982 1792 4038 faciamus.
1853 3981 1986 4036 Cum
2039 3983 2199 4052 igitur

626 4076 904 4147 Babylonii
966 4073 1204 4128 .ludaeam
1239 4073 1582 4137 delevissent,
1621 4083 1675 4128 et
1717 4083 1957 4128 sanctam
2011 4073 2195 4127 urbem

625 4175 1086 4228 concremassent,
1140 4175 1303 4234 atque
1355 4166 1628 4234 captivum
1688 4165 1933 4218 Israelem
1989 4165 2201 4219 avexis-

625 4268 750 4314 seut
782 4275 796 4311 :
825 4266 1012 4326 gentes
1058 4255 1480 4325 alienigenarum
1545 4254 1741 4309 accolae
1798 4264 1851 4308 et
1897 4255 2198 4308 circumita-

627 4349 881 4412 hitantes,
915 4347 1092 4399 audax
1124 4351 1177 4398 et
1213 4341 1414 4396 eﬁ‘rene
1445 4356 1508 4396 os
1548 4341 1707 4396 nullis
1741 4342 2043 4395 obseratum
2084 4343 2194 4395 Val-

625 4440 708 4493 vis
732 4439 1061 4507 aperientes,
1093 4435 1331 4488 divinam
1387 4431 1720 4502 maiestatem
1755 4433 2004 4486 convitiis
2051 4447 2198 4486 ausae

2391 1578 2537 1633 Τάδε
2589 1581 2752 1651 λέγει
2789 1581 3029 1650 ’Κύριος
3071 1584 3344 1638 Σαϐαὼθ·
3420 1585 3825 1653 Κινηθήσεται
3859 1592 3897 1642 d

2311 1669 2619 1738 ἅνθρωπος
2667 1675 2701 1726 ὁ
2749 1673 3177 1742 ὲσεηριγμένος
3229 1675 3300 1728 ἐν
3345 1677 3507 1742 τόπῳ
3535 1677 3748 1742 πιστῷ,
3797 1681 3890 1732 καί

2311 1760 2599 1828 πεσεῖται,
2625 1764 2723 1817 καί
2753 1764 3212 1834 ἀφαιρεθήσεται
3240 1768 3279 1835 ἠ
3307 1765 3457 1830 δόξα
3489 1769 3528 1835 ἡ
3566 1767 3659 1820 ἐπ’
3684 1771 3890 1833 αὐτὸν,

2239 1882 2281 1940 Β
2311 1849 2399 1903 ὅτι
2419 1855 2632 1920 Κύριος
2658 1856 2985 1924 ἐλάλησεν.

2387 1943 2540 1996 Μετά
2583 1944 2681 2015 τὴν
2711 1943 2852 1998 οὕτω
2894 1944 3110 2016 μακρὰν
3154 1946 3450 2017 ἀφήγησιν,
3487 1945 3755 2020 σύντομος
3792 1952 3887 2004 καὶ

2311 2038 2515 2110 βραχὺς
2567 2037 2976 2108 είσκεκόμισται
3025 2037 3182 2106 λόγος
3238 2039 3346 2092 τῶν
3400 2040 3560 2093 θείων
3607 2043 3892 2112 χριμάτων

2307 2126 2620 2198 ἐμφανίζων
2651 2127 2749 2198 τὴν
2772 2128 3094 2198 ἀποτομίαν,
3127 2129 3222 2181 καὶ
3252 2130 3414 2181 οἱονεὶ
3449 2129 3715 2199 βασιλέως
3752 2134 3890 2202 μετὰ

2305 2220 2404 2290 τῆς
2451 2219 2767 2290 πρεπούσης
2816 2218 3064 2283 ἐξουσίας
3099 2219 3374 2288 ὁρίζοντος
3406 2220 3711 2288 γίγνεσθαιι
3762 2223 3891 2275 Βλέ-

2307 2325 2398 2362 πει
2426 2310 2485 2363 δὲ
2517 2310 2680 2363 πάλιν
2712 2312 2744 2381 ἡ
2772 2311 2874 2379 τῆς
2905 2311 3231 2379 ἀποφάσεως
3258 2311 3511 2382 δύναμις,
3540 2315 3590 2366 εί
3630 2315 3728 2384 μὲν
3762 2315 3890 2386 βού-

2306 2400 2450 2453 λοιτό
2496 2417 2600 2464 τις,
2631 2401 2710 2464 είς
2757 2399 2969 2469 Σομνὰν
3023 2401 3116 2453 τὸν
3166 2401 3391 2471 ταμίανο
3473 2403 3545 2472 εί]
3563 2404 3621 2456 δὲ
3670 2404 3733 2475 δὴ
3795 2409 3890 2459 καὶ

2307 2491 2637 2563 πλατύτερον
2660 2492 2751 2544 ἐπὶ
2779 2491 2888 2544 τῶν
2915 2490 3054 2544 κατά
3082 2493 3242 2562 νόμον
3271 2495 3724 2564 ἱερουργούντων,
3744 2497 3890 2552 οὕτω

2306 2584 2552 2653 συνήσει,
2602 2581 2744 2635 καθά
2785 2582 2879 2635 καὶ
2938 2581 3356 2652 ἀποδεδώκαμεν
3402 2585 3624 2654 ἀρτίως.
3675 2588 3735 2638 Οί
3779 2587 3890 2657 γὰρ

2302 2675 2582 2737 δοκοῦντες
2613 2675 2669 2725 ἐν
2691 2672 2980 2744 βεϐαιώσει
3011 2672 3223 2726 κεῖσθαι
3257 2673 3360 2743 τῆς
3385 2675 3708 2747 εὐημερίας,
3727 2677 3888 2730 τοῦτο

2304 2767 2412 2837 γάρ
2443 2767 2557 2818 ἐστι
2603 2763 2664 2817 τὸ
2707 2763 3025 2834 ἐστηρίχθαι
3059 2763 3234 2816 δοκεῖν
3267 2764 3326 2816 ἐν
3354 2764 3504 2836 τόπῳ
3535 2766 3730 2837 πιστῷ,
3789 2784 3886 2820 πε-

2304 2855 2553 2910 πτώκασί
2576 2871 2634 2906 τε
2661 2855 2868 2924 καὶτῆς
2895 2853 3122 2923 ἐνούσης
3145 2853 3328 2916 αὐτοῖς
3358 2853 3669 2924 ἀφῄρηνται
3697 2855 3880 2926 δόξης,

2303 2947 2671 3018 ἐπαμύνοντος
2703 2944 2934 3007 οὐδενὸς,
2964 2944 3133 3014 ἤγουν
3155 2942 3417 3012 ἀνορθοῦν
3453 2945 3728 3014 ἰσχύοντος
3752 2950 3882 3010 τοὺς

2305 3039 2403 3110 ἤδη
2438 3035 2898 3108 κατηρεγμένους,
2930 3036 3012 3089 ὅτι
3039 3035 3240 3107 Κύριος
3267 3034 3543 3106 ἐλάλησεν.
3579 3055 3598 3086 ι
3621 3038 3743 3092 Ἑάν
3769 3039 3880 3108 γὰρ

2305 3132 2492 3202 κλείσῃ
2521 3130 2640 3183 κατ’
2668 3128 2975 3200 ἀνθρώπου,
3005 3128 3090 3190 τίς
3112 3127 3341 3192 Τάνοίξεις
3366 3146 3384 3178 ι
3418 3131 3600 3198 φησίν,

2747 3224 2831 3274 T0
2877 3221 3115 3272 ΟΡΑΜΑ
3162 3220 3349 3272 ΤΥΡΟ
3361 3219 3420 3270 Υ.

2379 3335 2759 3399 ’0.ίολύξατε,
2810 3331 2989 3387 πλοῖα
3026 3329 3429 3399 Καρχηδόνος,
3463 3328 3553 3385 ὅτι
3589 3331 3877 3401 ἀπώλετο,

2300 3427 2399 3480 καὶ
2454 3427 2656 3481 οὐκέτι
2705 3428 2979 3496 ἔρχονται
3009 3463 3024 3490 ,
3076 3425 3146 3478 ἐκ
3211 3423 3323 3494 γῆς
3364 3426 3643 3479 Κιτιαίων
3705 3424 3881 3498 ἦκται

2297 3519 2690 3588 αἰχμάλωτος.

2367 3611 2504 3681 Φέρε
2531 3611 2594 3682 δὴ
2624 3611 2782 3664 πάλιν
2811 3608 3128 3681 διατρανοῦν
3151 3609 3226 3672 ὡς
3249 3610 3328 3664 ενι
3361 3610 3752 3673 σπουδάζοντες
3783 3605 3878 3661 καὶ

2297 3703 2367 3756 τά
2397 3703 2488 3756 ἐπί
2511 3720 2574 3772 γε
2617 3705 2682 3774 τῇ
2715 3702 2875 3774 Τύρῳ
2902 3701 3052 3772 παρὰ
3087 3701 3223 3755 Θεοῦ
3255 3701 3756 3775 κεχρησμῳδημένα
3778 3703 3877 3770 τὴν

2310 3795 2551 3862 ἱστορίαν
2570 3793 3092 3865 προαφηγησόμεθα,
3113 3793 3206 3847 καὶ
3229 3793 3350 3847 τίνα
3363 3794 3560 3865 τρόπον
3579 3793 3692 3862 ἥλω
3703 3809 3758 3843 τε
3780 3793 3874 3844 καὶ

2299 3886 2556 3942 ἁπώλωλε
2574 3888 2666 3939 καὶ
2683 3887 3022 3957 αἰχμάλωτος
3038 3882 3220 3958 ἦκται,
3240 3886 3381 3940 κατὰ
3402 3885 3461 3940 τὸ
3472 3885 3868 3954 γεγραμμένον,

2301 3981 2470 4048 σαφὲς
2499 3981 2951 4050 καταστήσωμεν.
2975 3979 3102 4031 Ὅτε
3134 3979 3309 4032 τοίνυν
3339 3979 3386 4031 οἱ
3421 3977 3749 4031 Βαϐυλώνιοι
3774 3977 3869 4047 τὴν

2311 4071 2568 4124 Ἰουδαίαν
2591 4069 3056 4142 καταδῃώσαντες,
3081 4069 3571 4139 κατεμπρήσαντες
3586 4068 3643 4120 δέ
3663 4067 3752 4120 καὶ
3772 4067 3866 4119 αύ-

2296 4163 2394 4232 τὴν
2451 4161 2548 4235 τὴν
2596 4162 2757 4231 ἁγίαν
2789 4161 2961 4223 πόλιν,
3012 4159 3346 4230 ἀπεκόμιζον
3389 4159 3732 4229 αίχμάλωτον
3779 4157 3860 4210 τὸν

2309 4257 2545 4327 Ἰσραὴλ,
2588 4255 2656 4307 τὰ
2710 4253 2892 4322 κύκλῳ
2950 4253 3045 4303 καὶ
3098 4251 3354 4321 περίοικα
3401 4249 3509 4302 τῶν
3559 4247 3858 4318 ἀλλοφύλων

2297 4345 2443 4413 ἔθνη,
2478 4343 2683 4414 θρα-σὺν
2714 4343 2809 4395 καὶ
2851 4340 3132 4393 ἀπύλωτον
3181 4338 3500 4406 ἁνοιγοῦντα
3535 4339 3730 4408 στόμα,
3772 4336 3858 4406 τὴν

2295 4436 2388 4488 τοῦ
2414 4434 2547 4488 Θεοῦ
2576 4435 2732 4500 δόξαν
2764 4434 3191 4502 κατακερτομεῖν
3225 4429 3562 4500 ἐπεχείρουν.
3593 4429 3856 4496 Ἕφασκον

625 4537 751 4584 sunt
795 4527 1164 4596 proscindere.
1215 4522 1502 4579 Jactabaut
1555 4523 1754 4578 etenim
1815 4538 2030 4578 servare
2077 4524 2194 4578 illos

2305 4527 2404 4597 γὰρ
2461 4527 2535 4597 μὴ
2585 4523 2902 4594 δεδυνῆσθαι
2955 4522 3148 4587 σώζειν
3207 4520 3425 4582 αὐτοὺς,
3482 4517 3747 4588 ἡττῆσθαι
3803 4516 3852 4568 δὲ

624 4631 729 4674 non
765 4619 1021 4682 valuisse,
1057 4617 1221 4671 etiam
1269 4618 1440 4686 ipsmu
1485 4615 1862 4686 opitulatorem
1890 4615 2058 4670 Deum
2092 4615 2194 4669 As-

623 4710 891 4780 syriorum
925 4724 1086 4763 manu
1130 4707 1440 4763 inferiorem
1487 4707 1676 4772 fuisse,
1727 4707 1836 4761 imo
1889 4721 2015 4760 suos
2065 4706 2195 4761 deos

622 4800 962 4866 vernaculos,
993 4799 1335 4854 llebrazorutn
1367 4799 1476 4854 Deo
1519 4809 1574 4852 et
1617 4797 1870 4851 fortiores
1917 4810 2037 4850 esse
2089 4797 2190 4851 rati

624 4901 772 4957 sunt,
817 4901 870 4947 et
899 4901 1178 4960 protegere
1217 4892 1363 4961 ipsos
1393 4889 1652 4959 quasique
1683 4886 1852 4940 muris
1897 4887 2192 4952 obvatlare,

626 4989 695 5041 ab
732 4987 877 5040 omni
923 4986 1230 5040 incursione
1280 4998 1626 5047 conservare,
1657 4991 1714 5037 et
1742 4981 2048 5053 Babyloniis
2078 4980 2193 5035 eiii-

626 5094 750 5134 cerc
781 5079 1106 5147 superiores.
1136 5077 1274 5144 Quin
1310 5084 1363 5132 et
1385 5075 1488 5130 alio
1519 5089 1733 5144 quoque
1785 5075 1942 5129 modo
1969 5074 2069 5144 ipsi
2097 5075 2191 5128 de-

625 5166 848 5235 praedati
879 5175 1004 5222 sunt
1023 5175 1233 5238 gentem
1261 5163 1563 5228 Iudaicam,
1595 5163 1793 5232 partim
1822 5163 2193 5218 laborantibus

625 5258 947 5323 insidiando,
978 5269 1030 5313 et
1057 5255 1407 5320 immineudo,
1443 5256 1824 5323 etsuperstites
1855 5254 2190 5322 diripiendo:

625 5351 821 5418 partim
849 5349 980 5406 falso
1019 5348 1341 5418 nuncupatis
1370 5347 1471 5401 diis
1493 5361 1650 5400 sacra
1698 5360 1826 5399 vasa
1869 5359 2193 5400 consecran-

542 5501 546 5506 ,
626 5442 716 5505 do,
743 5453 797 5497 et
834 5443 922 5510 qui
946 5442 1074 5511 iugo
1095 5439 1369 5495 servitutis
1404 5439 1470 5492 ah
1503 5438 1606 5492 illis
1640 5436 1880 5506 oppressi
1940 5447 2116 5501 erant,
2158 5453 2187 5488 a

627 5530 758 5599 legis
788 5532 930 5586 cultu
954 5533 1250 5585 abdicando
1269 5569 1285 5597 ,
1310 5545 1373 5585 ac
1400 5531 1446 5584 vi
1473 5528 1626 5599 quasi
1650 5527 1970 5582 abarceado.
2007 5525 2188 5594 Siqui-

627 5621 746 5675 dem
769 5622 904 5676 dixit
939 5621 1077 5677 Deus
1107 5637 1202 5692 per
1226 5636 1387 5676 unum
1418 5628 1723 5675 sanctorum
1755 5616 2135 5688 prophetarum
2171 5633 2183 5670 :

699 5779 761 5814 ¹³⁶
791 5779 931 5834 Psal.
964 5794 1037 5848 ιιι,
1082 5779 1134 5834 5.

1207 5780 1246 5811 "
1295 5777 1404 5838 Job
1437 5793 1526 5832 ιιι·
1588 5777 1674 5830 27.

2304 4618 2500 4688 μᾶλλον
2536 4618 2629 4670 καὶ
2677 4615 2836 4670 αὑτὸν
2881 4615 2971 4667 τὸν
3008 4611 3402 4682 ἐπικουροῦντα
3426 4609 3560 4662 Θεὸν
3623 4609 3722 4679 τῆς
3758 4607 3852 4661 τῶν

2313 4709 2610 4779 Ἀσσυρίων
2664 4707 2864 4778 χειρὸς,
2914 4705 3112 4776 μᾶλλον
3165 4703 3258 4755 καὶ
3313 4701 3439 4764 τοὺς
3501 4698 3655 4770 παρὰ
3716 4697 3849 4767 σφίσι

2301 4801 2456 4862 θεοὺς
2499 4797 2668 4869 ᾤοντο
2710 4799 2806 4865 μὲν
2862 4793 2996 4849 εἶναι
3043 4795 3136 4848 καὶ
3172 4789 3583 4861 ἀλκιμωτέρους
3633 4787 3724 4840 τοῦ
3756 4784 3847 4837 τῶν

2312 4891 2574 4961 Ἐϐραίων
2627 4889 2783 4953 Θεοῦ,
2853 4887 3176 4957 προεστάναι
3226 4883 3284 4936 δὲ
3345 4881 3441 4934 κα)⁵
3501 4876 3845 4946 ἀνατειχίζειν

2301 4982 2516 5048 αὐτοὺς,
2552 4981 2656 5046 ἔξω
2683 4998 2741 5033 τε
2793 4979 2971 5049 πάσης
3004 4977 3191 5045 ἐφόδου
3231 4975 3437 5044 τηρεῖν,
3490 4968 3586 5024 καὶ
3611 4970 3847 5040 ἀμείνους

2297 5073 2612 5142 ἀποφαίνειν
2672 5071 2778 5125 τῶν
2831 5067 3200 5122 Βαϐυλωνίων.
3242 5065 3352 5117 Καὶ
3410 5063 3532 5116 καθ’
3579 5063 3757 5132 ἓτερον
3791 5058 3842 5109 δὲ

2297 5165 2527 5235 τρόπον’
2580 5159 3063 5231 συγκατεληῖζοντο
3127 5157 3229 5208 καὶ.
3269 5154 3426 5207 αὐτοὶ
3480 5153 3542 5206 τὸ
3579 5153 3688 5206 τῶν
3734 5150 3844 5202 Ἰου-

2297 5255 2461 5309 δαίων
2487 5253 2657 5318 ἔθνος,
2674 5252 2831 5305 τοῦτο
2866 5251 2964 5321 μὲν
2992 5246 3355 5316 πεπονηκόσιν
3382 5243 3711 5313 ἐπιθέμενοι,
3759 5234 3842 5290 καὶ

2299 5345 2634 5417 ἁρπάζοντες
2665 5343 2788 5406 τοὺς
2831 5337 3275 5409 ύπολελειμένους
3302 5353 3314 5366 ·
3344 5335 3502 5388 τοῦτο
3522 5334 3577 5386 δὲ
3600 5334 3689 5386 καὶ
3721 5331 3835 5382 ἀνα-

2295 5436 2533 5498 τιθέντες
2562 5437 2674 5498 τοῖς
2698 5432 3072 5505 ψευδωνύμοις
3122 5429 3262 5492 θεοῖς
3303 5426 3471 5497 σκεύη
3513 5443 3569 5478 τε
3596 5422 3725 5493 ἱερὰ,
3752 5417 3837 5472 καὶ

2293 5526 2391 5597 τῆς
2420 5524 2560 5578 κατὰ
2589 5525 2749 5594 νόμον
2773 5520 3027 5593 λατρείας
3065 5520 3139 5582 ὡς
3163 5516 3222 5583 ἐξ
3268 5514 3514 5584 ἀνάγκης
3551 5508 3836 5576 ἐκπέμπονο

2294 5633 2384 5680 τες
2425 5617 2548 5680 τοὺς
2577 5616 2680 5670 ὑπὸ
2730 5613 2868 5682 ζυγὰ
2927 5611 3218 5682 γεγονότας
3259 5608 3360 5676 τῆς
3395 5606 3484 5659 ὑπ’
3509 5603 3680 5661 αὐτοῖς
3719 5594 3832 5648 δου-
