4140 6488
366 426 499 482 1169

1483 430 1547 485 IN
1589 432 1822 487 ISAIAM
1864 432 1994 486 LIB.
2043 435 2105 490 V.
2148 434 2385 492 TUMUS
2427 437 2470 492 1.

3483 455 3616 509 1170

356 544 638 615 γείλαμεν,
670 546 764 601 καὶ
803 546 1086 619 μονονουχὶ
1120 547 1609 623 διεμαρτυράμεθα
1665 552 1929 620 λέγοντες,

2041 568 2286 624 campus,
2317 555 2368 610 id
2397 564 2503 621 est,
2531 570 2684 626 quas:
2720 572 2847 629 ager
2891 558 3115 617 ﬂoridus
3159 572 3213 618 et
3246 562 3501 635 frugifer:
3534 570 3615 625 vel

352 641 436 695 δτι
476 639 743 711 Ἐσόμεθα
770 640 1013 694 ιναντίον
1062 641 1229 696 αὑτοῦ
1266 643 1342 706 ὡς
1390 644 1594 708 πεδίον,
1632 646 1930 709 τουτέστιν,

351 731 429 795 ὡς
460 730 629 803 ἀγρὸς
670 730 901 801 εὐανθής
934 732 1029 785 καὶ
1080 735 1449 806 καρποφόρος.
1486 735 1517 805 ἢ
1560 736 1655 791 καὶ
1703 737 1777 801 ὡς
1810 736 1934 807 ῥίζα

353 824 415 876 ἐν
442 824 513 893 γῇ
544 821 772 894 διψῴσῃ.
822 823 1139 893 ἀρδεύοντος
1178 826 1325 897 ἡμᾶς
1363 825 1607 897 δηλονότι
1650 826 1813 891 θείοίς
1874 844 1933 881 τε

355 911 449 965 καὶ
482 912 813 983 ἀπορρήτοις
836 912 1015 981 λόγοις
1049 913 1144 967 τοῦ
1182 916 1541 984 Μονογενοῦς,
1573 917 1631 971 έν
1657 911 1933 985 ᾦ-πάντες

354 1003 492 1056 είσὶν
512 1005 560 1056 oi
579 1002 842 1076 θησαυροὶ
862 1006 959 1075 τῆς
977 1005 1171 1075 σοφίας
1199 1008 1293 1061 καὶ
1330 1008 1581 1075 γνώσεως
1600 1010 1930 1080 ἀπόκρυφοι.

356 1093 530 1151 Πάλαι
570 1094 666 1164 μὲν
696 1094 806 1167 γὰρ
834 1096 866 1165 ή
901 1096 1162 1167 σύμπασα
1192 1099 1284 1168 γῆ,
1326 1098 1464 1171 ξηρά
1501 1117 1586 1163 τις
1617 1099 1808 1173 ὥσπερ
1838 1102 1933 1155 καὶ

352 1186 603 1256 ἄκαρπος
616 1180 702 1255 ἦν,
728 1186 822 1238 κα⁶ι
845 1180 955 1238 οἷον
977 1185 1183 1255 διψῶσα
1204 1187 1294 1257 γῆ,
1321 1190 1412 1241 καὶ
1428 1190 1674 1259 καρποὺς
1693 1190 1934 1261 ἡμέρους

358 1273 502 1347 [οὐκ]
528 1274 744 1345 ἔχουσα.
792 1276 1009 1347 Ἐπειδὴ
1040 1276 1096 1330 δὲ
1126 1277 1215 1331 τὸν
1244 1278 1392 1351 παρὰ
1424 1279 1662 1350 Χριστοῦ
1689 1280 1929 1334 πεπλού-

354 1382 519 1438 τηκεν
551 1366 727 1431 ύετδν,
772 1369 1143 1439 πνευματικὸν
1171 1370 1431 1441 δηλονότι,
1476 1372 1569 1426 καὶ
1590 1371 1687 1443 τήν
1715 1372 1803 1427 διά
1838 1372 1932 1426 τοῦ

354 1458 510 1527 ἀγίου
548 1457 863 1529 Πνεύματος
898 1461 1185 1533 χορηγίαν.
1226 1462 1642 1535 ἀνεθάλ[λ]ομεν
1671 1464 1747 1528 ὡς
1783 1462 1932 1535 ῥίζα,

353 1550 631 1604 τουτέστιν
686 1550 763 1615 ὡς
809 1551 1008 1623 βοτάνη
1057 1571 1119 1607 τε
1171 1554 1309 1627 καλὴ
1382 1558 1476 1609 καὶ
1509 1557 1760 1628 εὐανθής.
1821 1558 1935 1611 Καὶ

354 1642 485 1711 γοῦν
546 1642 650 1716 εφη
702 1661 787 1707 τις
837 1644 973 1717 πρὸς
1016 1647 1164 1717 ἡμᾶς
1217 1646 1325 1701 τῶν
1390 1649 1560 1717 ἀγίων
1618 1650 1931 1721 προφητῶνο

360 1754 378 1786 ε
410 1736 520 1789 Καὶ
550 1735 911 1808 μακαριοῦσιν
938 1737 1083 1808 ὑμᾶς
1105 1739 1281 1793 πάντα
1303 1739 1371 1793 τά
1401 1739 1552 1811 ἔθνη,
1578 1742 1713 1795 διότι
1743 1742 1933 1795 ἔσεσθε

353 1825 511 1894 ὑμεῖς
537 1826 610 1897 γῆ
648 1826 866 1899 θελητὴ,
907 1827 1057 1897 λέγει
1084 1829 1289 1899 Κύριος
1315 1831 1732 1904 παντοκράτωρ.
1764 1852 1782 1884 ι
1827 1834 1931 1886 Θε-

350 1916 518 1989 λητὴν
560 1918 619 1972 δὲ
670 1918 820 1989 λέγει
871 1919 972 1991 τὴν
1023 1919 1302 1993 εὔκαρπον
1366 1923 1460 1976 καὶ
1526 1924 1928 1996 γονιμωτάτηψ

352 2008 606 2080 ἀσπαστή
637 2008 746 2082 γὰρ
778 2009 915 2080 αὕτη
945 2011 1224 2079 γηπόνοις.
1256 2012 1379 2064 Ὅτι
1400 2012 1457 2066 δὲ
1492 2015 1525 2083 ή
1571 2013 1932 2079 ἀκανθοτόκος

353 2098 482 2151 ποτε
533 2096 673 2169 ξηρά
714 2117 773 2152 τε
832 2101 925 2153 καὶ
968 2101 1194 2172 ἄνυδρος
1241 2102 1309 2172 γῆ
1355 2104 1825 2175 μεταπεφοίτηκεν
1851 2105 1930 2168 είς

349 2190 749 2262 γονιμωτάτην,
784 2192 876 2245 καὶ
922 2193 1003 2256 είς
1038 2193 1100 2247 τὸ
1133 2192 1393 2247 δύνασθαι
1439 2192 1687 2247 πλουτεῖν
1721 2195 1927 2266 εὐκαρ-

350 2283 504 2346 πίαις
530 2285 651 2348 ταῖς
685 2286 1097 2355 πνευματικαῖς,
1133 2287 1383 2355 σαφηνιεῖ
1404 2285 1579 2354 λέγων
1610 2287 1638 2338 6
1665 2286 1772 2339 τῶν
1794 2286 1930 2339 ὅλων

346 2374 479 2439 Θεὸς
515 2374 605 2429 διὰ
633 2375 820 2445 φωνῆς
857 2374 1109 2430 Ἠσαίουθ
1146 2378 1285 2430 «Καὶ
1311 2377 1483 2442 ἔσται,
1513 2377 1634 2431 ἀντὶ
1659 2377 1759 2447 τῆς
1789 2395 1930 2431 στοι-

348 2467 451 2538 ϐἧς
498 2467 829 2539 ἀναϐήσεται
883 2470 1246 2541 κυπάρισσος,
1286 2470 1406 2524 ἀντὶ⁸
1457 2471 1513 2524 δὲ
1553 2471 1651 2541 τῆς
1699 2470 1929 2542 κονύζης

347 2555 679 2628 ἀναϐήσεται
713 2558 1002 2631 μυρσίνη.»
1028 2560 1157 2631 Είδη
1185 2560 1284 2631 μὲν
1304 2559 1414 2632 γάρ
1439 2560 1711 2624 ἀκανθῶν,
1741 2561 1926 2631 ποιὸή

344 2665 405 2699 τε
436 2649 530 2702 καὶ
556 2649 1055 2722 κόνυζα,τρέφειδὲ
1086 2651 1225 2705 αὐτά
1237 2651 1322 2705 ἀεί
1349 2653 1515 2724 πωςή
1540 2651 1736 2724 χέρσος
1752 2670 1811 2705 τε
1836 2652 1929 2707 καὶ

344 2739 571 2809 ἄνυδρος
592 2741 685 2813 γῆ·
707 2741 943 2814 μυρσίνη
976 2742 1033 2797 δὲ
1056 2744 1149 2797 καὶ
1171 2745 1509 2815 κυπάρισσος
1534 2745 1929 2817 διαπρέπουσιν

346 2832 406 2883 ὲν
427 2832 645 2902 κήποις.
686 2832 1065 2906 Ἐξῃρημένης
1102 2835 1280 2890 τοίνυν
1302 2836 1568 2907 ἀκάνθης,
1595 2837 1780 2908 φησὶν.
1806 2838 1930 2889 ἀνα-

345 2922 639 2994 δλαστήσει
700 2923 885 2979 λοιπὸν
923 2925 989 2978 τὰ
1027 2926 1374 2998 εὐοσμότατα
1404 2926 1511 2981 τῶν
1540 2927 1741 2997 φυτῶν,
1796 2928 1925 2982 ὅταν

347 3015 380 3083 ἡ
400 3013 560 3083 διψάς
584 3013 678 3087 [εί.
704 3015 938 3090 διψῶσα]
964 3016 1180 3091 ἔνυδρος
1206 3018 1452 3089 γένηται,
1477 3018 1613 3072 Θεοῦ
1658 3018 1924 3087 λέγοντος,

342 3106 428 3160 ὅτι
460 3108 679 3179 Ποιήσω
706 3109 806 3182 τὴν
833 3109 1038 3183 ἔρημον
1064 3113 1144 3171 είς
1167 3111 1284 3183 ἒλη,
1310 3112 1405 3166 καὶ
1429 3110 1526 3183 τὴν
1550 3110 1792 3181 διψῶσαν
1825 3111 1926 3182 γῆν

346 3199 405 3257 ὲν
434 3199 793 3272 ύδραγωγοῖς.
834 3202 999 3274 θήσω
1046 3204 1125 3267 είς
1158 3202 1258 3275 τὴν
1287 3203 1512 3270 ἄνυδρον
1559 3204 1664 3275 γῆν
1712 3202 1923 3300 κέδρον,
1954 3242 1997 3300 c

349 3292 443 3347 καὶ
474 3291 661 3358 πύξον,
695 3294 788 3347 καὶ
833 3296 1120 3366 μυρσίνην,
1165 3296 1259 3350 καὶ
1300 3297 1659 3367 κυπάρισσον,
1693 3294 1786 3349 καὶ
1810 3293 1930 3347 λεύ-

347 3399 471 3453 κην.
532 3384 741 3438 οὐκοῦν
780 3386 1205 3457 ἀνηγγείλαμεν,
1264 3387 1345 3440 ὅτι
1408 3385 1794 3447 πιστεύσαντες
1848 3385 1928 3446 εἰς

2034 644 2201 699 etiam
2233 654 2295 698 ιιι
2321 646 2473 700 radix
2499 646 2553 700 in
2590 657 2730 702 terra
2761 650 3004 715 sitiente,
3041 652 3302 724 irrigante
3341 673 3438 711 nos
3468 659 3615 715 scili-

2033 744 2121 790 cet
2151 734 2348 791 divinis
2380 745 2437 792 et
2472 740 2687 796 arcanis
2712 744 3054 797 sermonibus
3086 744 3392 815 Uuigenito,
3425 748 3477 802 in
3509 766 3616 818 quo

2034 842 2225 883 omnes
2245 828 2486 885 thesauri
2510 832 2790 901 sapientiae
2808 842 2865 889 et
2888 836 3212 905 cognitionis
3240 848 3365 893 sunt
3384 839 3617 895 abscon-

2036 916 2158 972 diti.
2188 915 2327 973 Olim
2360 920 2503 975 enim
2536 923 2716 978 omnis
2742 933 2911 991 terra,
2947 926 3097 981 arida
3142 930 3408 999 qua-piam
3439 940 3493 986 et
3532 932 3614 987 in-

2038 1009 2309 1065 fructuosa
2341 1013 2484 1067 velut
2514 1022 2655 1069 terra
2699 1016 2820 1079 fuit,
2845 1027 2902 1073 et
2930 1018 3087 1086 quasi
3119 1021 3329 1086 sitiens,
3394 1032 3448 1077 et
3497 1022 3611 1078 fru-

2035 1108 2154 1153 ctus
2177 1100 2378 1155 sativos
2410 1116 2514 1155 non
2538 1102 2761 1159 habens.
2792 1105 2895 1158 Sed
2929 1106 3016 1160 ubi
3046 1107 3215 1161 ditata
3246 1118 3330 1162 est
3354 1110 3614 1167 aChristo

2038 1191 2233 1257 imbre,
2262 1191 2531 1260 spirituali
2567 1193 2839 1261 videlicet,
2869 1204 2923 1250 et
2958 1197 3133 1251 sancti
3174 1198 3409 1266 Spiritus
3432 1202 3613 1256 subsi-

2035 1281 2158 1346 dio,
2195 1284 2344 1351 quasi
2407 1284 2562 1338 radix
2621 1286 2985 1351 relloruimus,
3013 1286 3062 1340 id
3091 1298 3195 1352 est,
3234 1291 3387 1356 quasi
3444 1291 3611 1347 herba

2035 1373 2259 1444 pulchra
2311 1383 2365 1429 et
2413 1373 2623 1428 llurida.
2656 1374 2938 1443 Siquidem
2987 1376 3125 1431 dixit
3178 1379 3342 1432 etiam
3400 1381 3555 1435 nobis
3584 1395 3616 1436 e

2034 1465 2239 1519 sanctis
2278 1465 2557 1535 prophetis
2581 1468 2883 1536 quispiam:
2925 1485 2943 1518 ι
2972 1466 3037 1519 Ει
3069 1468 3255 1523 beatus
3304 1485 3399 1525 vos
3432 1470 3616 1526 dicent

2035 1569 2223 1610 omnes
2240 1565 2427 1626 gentes
2451 1572 2465 1621 ;
2492 1568 2778 1627 propterea
2808 1557 2964 1612 eritis
2994 1572 3089 1613 vos
3119 1569 3259 1613 terra
3291 1571 3614 1630 spontanea,

2037 1645 2169 1700 dicit
2228 1645 2486 1703 Dominus
2531 1648 2878 1717 omnipotens
2897 1646 2965 1703 “.
2994 1669 3015 1702 ι
3056 1650 3419 1719 Spontaneam
3463 1664 3615 1709 vocat

2036 1736 2368 1791 fructuosam
2421 1746 2479 1792 et
2535 1735 2967 1803 feracissimam;
3001 1748 3154 1809 grata
3194 1740 3341 1796 enim
3372 1741 3461 1795 illa
3515 1741 3615 1796 fuit

2037 1829 2310 1898 agricolis.
2347 1829 2500 1894 Quod
2554 1839 2735 1885 autem
2793 1831 3011 1901 spinosa
3044 1833 3318 1902 quondam
3370 1845 3421 1886 et
3464 1834 3615 1888 arida

2037 1930 2090 1975 et
2142 1936 2281 1991 aqua
2314 1936 2510 1977 carens
2568 1930 2712 1977 terra
2773 1923 2969 1979 abierit
2993 1924 3047 1978 in
3082 1935 3285 1980 terram
3342 1914 3613 1996 feracissic

2039 2025 2205 2074 mam,
2238 2011 2310 2064 ita
2339 2019 2396 2065 ut
2421 2011 2576 2066 dives
2595 2011 2739 2066 facta
2772 2011 3227 2083 fueritspirituali
3256 2014 3615 2082 fecunditate,

2037 2100 2334 2156 declarabit
2385 2100 2572 2155 dicens
2628 2102 3005 2157 universorum
3066 2103 3210 2159 Deus
3253 2118 3387 2159 voce
3422 2104 3616 2164 Isaiae:

2044 2210 2061 2244 ε
2090 2192 2159 2247 Ει
2188 2191 2312 2258 erit,
2344 2206 2444 2262 pro
2477 2193 2651 2247 stasba
2685 2202 2897 2249 crescet
2940 2195 3272 2265 cyparissus,
3311 2204 3367 2249 et
3398 2210 3498 2265 pro
3524 2210 3613 2253 co-

2038 2297 2175 2354 nyza
2227 2292 2441 2339 crescet
2500 2293 2709 2355 myrtus
2732 2284 2799 2339 δ’.
2832 2301 2855 2337 ι
2904 2283 3090 2340 Sueba
3146 2285 3292 2341 enim
3327 2297 3385 2341 et
3409 2301 3614 2359 conyzs

2035 2384 2251 2431 suntex
2282 2387 2483 2446 genere
2510 2376 2817 2445 spinarum,
2847 2384 2902 2431 et
2924 2391 3141 2446 semper
3176 2392 3240 2434 ea
3275 2379 3448 2433 nutrit
3470 2388 3613 2434 terra

2038 2466 2240 2522 inculta
2266 2474 2323 2521 et
2364 2465 2680 2522 siticulosa:
2711 2476 2767 2521 at
2825 2478 3033 2537 myrtus
3082 2476 3137 2523 et
3190 2470 3507 2540 cyparissus
3557 2470 3613 2525 in

2037 2557 2209 2612 hortis
2270 2557 2564 2613 excellunt.
2612 2558 2922 2627 Exstirpata
2976 2572 3126 2628 ergo,
3182 2559 3381 2629 inquit,
3438 2561 3614 2630 spina,

2036 2649 2436 2703 odoratissimae
2490 2649 2685 2704 deinde
2716 2648 2913 2718 planta
2950 2650 3323 2715 reﬂorescent,
3358 2662 3501 2706 terra
3536 2653 3613 2708 si-

2038 2742 2175 2798 tiens
2208 2740 2261 2795 in
2291 2754 2547 2809 aquosam
2597 2748 2856 2808 vertetur,
2899 2741 3009 2797 Deo
3056 2742 3311 2799 dicente:
3343 2760 3365 2795 ε
3398 2741 3615 2799 Veram

2035 2835 2312 2889 desertum
2341 2832 2394 2885 in
2420 2832 2632 2897 latices,
2664 2840 2718 2885 et
2768 2832 3045 2887 sitientem
3099 2841 3302 2887 terram
3338 2834 3392 2887 in
3432 2848 3612 2903 aqua:-

2035 2926 2245 2978 duetus.
2310 2923 2510 2977 Ponam
2547 2924 2600 2976 in
2643 2933 2785 2976 terra
2840 2922 2997 2992 aquis
3026 2931 3247 2978 carente
3279 2924 3528 2989 cedrum,
3562 2935 3612 2980 et

2036 3016 2257 3079 buxum,
2296 3023 2350 3069 et
2399 3023 2653 3085 myrtum,
2707 3014 3043 3083 cyparissum
3078 3023 3135 3069 et
3158 3014 3413 3083 populum
3442 3012 3511 3047 “‘
3551 3036 3603 3069 ,ι

2032 3103 2485 3158 Aununtiavimus
2518 3103 2703 3173 itaque
2730 3104 3015 3158 credentes
3047 3104 3097 3157 in
3130 3104 3303 3174 ipsum
3333 3103 3612 3159 Christum

2035 3195 2147 3249 fore
2177 3193 2229 3247 in
2258 3202 2551 3262 conspectu
2576 3194 2767 3263 ipsius,
2802 3194 2852 3248 id
2882 3203 2984 3259 est,
3008 3195 3076 3249 ab
3106 3209 3172 3249 eo
3194 3195 3613 3265 conspiciemur,

2031 3286 2182 3355 quasi
2215 3285 2630 3355 campus,quasi
2665 3287 2837 3349 radix,
2873 3286 2925 3340 id
2957 3295 3060 3349 est,
3095 3297 3152 3340 ιιι
3184 3286 3353 3342 herba
3379 3286 3435 3342 in
3468 3296 3611 3343 terra

2029 3377 2351 3448 quandoque
2378 3375 2615 3437 sitiente,
2645 3392 2762 3443 ηιιςιι
2786 3378 2854 3431 ab
2883 3391 2949 3431 eo
2983 3376 3123 3431 facta
3145 3384 3229 3432 est
3255 3392 3482 3446 aquosa.

346 3474 510 3528 αὑτὸν
530 3475 621 3529 τὸν
644 3477 899 3549 Χριστὸν,
920 3478 1157 3549 ἐσόμεθα
1180 3478 1421 3531 ἐναντίον
1441 3477 1627 3539 αὐτοῦ,
1651 3476 1946 3537 τουτέστιν,
1987 3470 2322 3542 ὲφορὼμενοι
2362 3468 2490 3539 παρ’
2542 3468 2732 3533 αὑτοῦ,
2764 3468 2842 3532 ὡς
2881 3468 3085 3533 πεδίον.
3131 3470 3209 3533 ὼς
3257 3470 3404 3541 ῥίζα,
3458 3486 3611 3527 τουν

346 3570 495 3627 ἐστιν
549 3570 624 3634 ὡς
666 3570 860 3642 βοτάνη
908 3573 965 3625 έν
1004 3573 1074 3643 γῇ
1125 3588 1253 3625 ποτε
1302 3570 1537 3641 διψώσῃ,
1596 3570 1804 3641 ἐνύδρῳ
1851 3585 1913 3638 γε
1958 3568 2063 3639 μὴν
2090 3567 2215 3637 παρ’
2250 3561 2414 3617 αὑτοῦ
2442 3562 2735 3633 γενομένῃ.

412 3664 536 3717 Οὐκ
562 3662 733 3717 ἐστιν
769 3660 929 3731 εἶδος
970 3665 1150 3730 αὐτῷ,
1184 3667 1323 3720 οὔτε
1351 3665 1530 3729 δόξαο
1562 3664 1662 3718 καί
1687 3664 1926 3733 εἴδομεν

346 3752 536 3805 αὐτὸν
578 3752 674 3805 καί
705 3754 817 3805 οὐκ
850 3750 1016 3821 εἶχεν
1050 3752 1228 3819 εἶδος,
1269 3753 1409 3814 οὐδὲ
1441 3753 1689 3821 κάλλος.
1742 3756 1926 3809 Ἀλλά

348 3842 415 3895 τὸ
466 3837 628 3909 εἶδος
669 3843 830 3909 αὐτῷ
874 3844 1102 3914 ἄτιμον,
1148 3844 1435 3900 ἐκλεῖπον
1483 3847 1645 3915 παρὰ
1696 3845 1927 3912 πάντας

346 3932 720 4000 ἀνθρώπους.

422 4022 489 4075 Τί
534 4023 600 4094 δὴ
629 4025 735 4095 ἄρα
767 4026 928 4096 φησὶν
958 4026 985 4077 6
1017 4027 1303 4097 προφήτης
1331 4028 1389 4079 έν
1419 4026 1632 4091 τούτοις
1653 4067 1667 4091 ,
1710 4028 1743 4099 ἦ
1776 4030 1927 4081 ποῖον

345 4112 415 4168 ἄν
474 4129 557 4177 τις
612 4117 725 4179 τοῖς
778 4115 1088 4185 εἰρημένοις
1122 4116 1431 4187 ἐφαρμόσαι
1484 4117 1627 4183 νοῦν,
1683 4119 1815 4188 φέρε
1862 4118 1926 4189 δὴ

352 4202 515 4257 πάλιν
543 4206 999 4277 καταθρήσωμεν,
1039 4207 1115 4271 ὡς
1156 4207 1257 4265 ἔνι.
1298 4208 1631 4281 Ὠμολόγηκε
1666 4211 1764 4281 μὲν
1795 4210 1923 4281 γὰρ,

346 4294 431 4347 ὅτι
468 4295 561 4348 καὶ
592 4295 1036 4368 ’Δνηγγείλαμεν,
1059 4299 1358 4365 τουτέστιν,
1388 4299 1649 4371 ἀνελλιπῆ
1695 4301 1926 4369 πεποιή-

352 4383 495 4455 μεθα
521 4382 619 4454 τήν
645 4386 1062 4456 προαγόρευσιν,
1087 4387 1162 4452 ὡς
1179 4389 1298 4460 ἥξει
1328 4392 1470 4445 κατά
1493 4393 1735 4462 καιρούς.
1782 4391 1922 4445 Ἀλλ’

2098 3657 2260 3730 742
2278 3657 2435 3713 Vnus.
2458 3656 2513 3709 2.
2555 3654 2675 3709 Non
2708 3668 2784 3709 est
2813 3658 3007 3725 species
3038 3658 3107 3720 ei,
3133 3673 3295 3727 neque
3322 3658 3491 3726 gloria
3528 3674 3612 3713 εει

2026 3751 2251 3803 vidimus
2281 3758 2484 3811 eum,et
2510 3764 2614 3800 non
2642 3746 2859 3799 habebat
2898 3747 3319 3817 speciem,neque
3335 3747 3592 3803 decorem.

2028 3836 2132 3890 Sed
2160 3839 2356 3905 species
2390 3838 2437 3889 ei
2465 3836 2564 3903 fuit
2600 3836 2935 3901 inhonorata,
2967 3845 3016 3890 et
3040 3836 3289 3904 deﬁciens
3341 3854 3453 3908 pra:
3497 3855 3608 3893 om-

2028 3934 2178 3986 nibus
2207 3931 2528 3985 hominibus.

2104 4024 2244 4092 Quid
2277 4038 2409 4093 ergo
2432 4023 2484 4076 in
2516 4023 2599 4077 his
2628 4022 2809 4077 verbis
2832 4020 2963 4076 dicit
2985 4021 3297 4093 propheta?
3326 4034 3422 4078 aut
3452 4040 3609 4094 quem

2035 4116 2119 4171 his
2145 4116 2305 4171 dictis
2332 4130 2550 4170 sensum
2578 4113 3089 4179 acconunodaverit,
3120 4129 3220 4184 age
3257 4127 3449 4171 rursus
3481 4130 3609 4171 con-

2032 4208 2357 4273 sideremus,
2383 4209 2561 4278 quoad
2620 4206 2766 4261 licet.
2790 4204 3081 4262 Confessus
3110 4207 3253 4261 enim
3282 4215 3385 4273 est,
3417 4216 3473 4262 et
3510 4221 3610 4261 an-

2031 4301 2421 4366 nuntiavimus,
2481 4302 2534 4356 id
2585 4311 2687 4367 est,
2730 4301 2890 4371 plene
2944 4315 3009 4355 ac
3062 4299 3221 4370 plane
3262 4300 3609 4369 prrediximus

2029 4403 2316 4448 venturum
2344 4407 2441 4448 suo
2477 4402 2739 4461 tempore.
2778 4391 2885 4448 Sed
2937 4393 3183 4447 fortassis
3224 4393 3422 4447 dixerit
3458 4391 3607 4461 quis-

350 4475 481 4538 ίσως
528 4474 631 4546 ἔφη
670 4476 738 4530 ἀν
774 4494 858 4540 τις
896 4479 1030 4546 πρὸς
1073 4480 1254 4534 τοῦτο’
1301 4482 1366 4535 Τί
1398 4480 1527 4547 οὖν,
1584 4486 1633 4535 εί
1679 4483 1929 4537 καθίκετο

2038 4486 2180 4551 piam
2215 4485 2282 4539 ad
2336 4487 2487 4541 lucc:
2520 4486 2655 4552 Quid
2686 4484 2854 4556 ergo?
2910 4483 3135 4539 Venitne
3167 4485 3234 4539 de
3267 4485 3405 4540 caelo
3466 4485 3607 4539 Deus

351 4565 455 4639 μὲν
476 4566 533 4632 ἑξ
567 4566 811 4637 οὐρανῶν
832 4568 963 4633 Θεὸς
995 4568 1070 4622 ῶν
1097 4573 1126 4624 6
1149 4572 1345 4642 Λόγος,
1384 4572 1680 4645 θεοπρεπεί
1705 4573 1763 4628 δὲ
1800 4575 1927 4647 δόξῃ

348 4657 810 4728 κατεστεμμένος,
843 4660 937 4712 καὶ
959 4662 1241 4734 ἀπροσίτῳ
1266 4664 1405 4733 φωτὶ
1440 4664 1761 4736 διαπρέπων
1823 4667 1925 4719 ἐπ-

347 4746 517 4815 έφανε
543 4750 657 4813 τοῖς
686 4750 777 4803 ἐπὶ
808 4751 907 4822 τῆς
934 4752 1058 4822 γῆς,
1100 4755 1193 4807 καὶ
1228 4757 1729 4828 ἀπροσωπόληπτος
1756 4753 1824 4829 ἦν
1844 4757 1930 4812 διά

347 4839 450 4909 τὴν
469 4840 568 4911 τῆς
596 4840 752 4911 δόξης
790 4843 1125 4915 ὑπερϐολήνς
1168 4847 1277 4899 Καὶ
1306 4847 1433 4914 γοῦν
1465 4848 1551 4901 ὅτε
1597 4850 1928 4921 πεφοίτηκεν

348 4931 413 4983 ἐν
449 4931 774 5003 είδειπυρδς
801 4936 893 4987 ἐπὶ
928 4935 990 4987 τὸ
1027 4936 1151 5007 ὅρος
1192 4937 1250 4990 τὸ
1290 4939 1437 5001 Σινᾶ,
1475 4939 1664 5001 σκότος
1707 4934 1795 5009 ἦν,
1833 4939 1922 4993 καλ

348 5023 569 5092 γνόφος,
624 5026 717 5078 καὶ
767 5026 982 5089 θύελλα,
1030 5030 1123 5080 καὶ
1166 5028 1277 5099 πῦρ
1337 5030 1472 5100 ὑψοῦ
1528 5031 1762 5096 διᾶττον,
1835 5034 1928 5086 καὶ

348 5112 578 5177 καπνὸς,
606 5114 834 5168 πλεῖστά
859 5133 917 5168 τε
949 5119 1084 5188 πρὸς
1112 5119 1320 5183 τούτοις
1350 5116 1418 5192 ἦν
1446 5121 1631 5195 ἕτερα,
1653 5122 1927 5193 δειμάτων

350 5205 447 5258 καὶ
494 5205 687 5270 πτοίας
729 5206 826 5278 τῆς
871 5209 950 5273 είς
988 5209 1156 5281 ἄκρον
1203 5210 1482 5283 ποιητικὰ,
1528 5213 1605 5277 ὡς
1654 5215 1926 5286 ἀφόρητον

351 5296 606 5351 γενέσθαι
632 5302 746 5364 τοῖς
772 5299 1065 5372 θεωμένοις
1109 5303 1207 5375 τὴν
1249 5304 1392 5374 ὄψιν.
1440 5303 1549 5359 Καὶ
1593 5305 1724 5375 γοῦν
1770 5322 1928 5377 μεσι-

348 5388 607 5443 τεύεσθαι
661 5392 1006 5463 παρεκάλουν
1059 5396 1108 5448 oi
1161 5395 1220 5461 ἑξ
1287 5395 1500 5468 Ἰσραήλ
1545 5395 1795 5465 λέγοντες
1842 5394 1922 5468 τῷ

350 5481 671 5553 παναρίστῳ
714 5484 939 5537 Μωσετ·
1000 5503 1018 5537 ι
1050 5485 1214 5539 Λάλει
1252 5486 1315 5538 σὺ
1337 5487 1471 5555 πρὸς
1515 5486 1681 5559 ήμᾶς,
1718 5485 1811 5539 καὶ
1847 5486 1921 5558 μὴ

355 5570 584 5627 λαλείτω
614 5575 751 5646 πρὸς
782 5577 928 5646 ἡμᾶς
967 5577 996 5630 6
1043 5578 1193 5642 Θεὸς,
1245 5578 1330 5631 ἵνα
1374 5580 1448 5650 μὴ
1489 5580 1867 5649 ἀποθάνωμεν.
1898 5596 1917 5630 ι

353 5661 522 5715 υύδὲν
557 5660 652 5719 οὖν
691 5665 753 5719 τὸ
798 5666 1003 5739 θαῦμα,
1026 5671 1213 5739 φησιν,
1253 5671 1300 5722 εί
1346 5670 1785 5741 προηγορεύσατε
1824 5670 1923 5740 μὲν

356 5833 401 5868 ⁸⁸
426 5836 651 5894 Malach.
680 5854 760 5907 ιιι,
800 5840 885 5896 13.
964 5842 1006 5875 δ’
1041 5843 1141 5899 lsa.
1169 5861 1254 5909 ιν,
1288 5846 1367 5900 13.
1466 5850 1527 5880 ⁸⁸⁸
1560 5847 1659 5903 ιειιι.
1693 5846 1825 5913 XLI,
1870 5849 1930 5902 18

2036 4577 2292 4643 Verbum,
2319 4578 2503 4633 divina
2556 4586 2781 4633 ornatus
2835 4577 3003 4646 gloria
3024 4573 3203 4630 ἳΝιιιιι
3234 4576 3400 4631 etiam
3460 4574 3607 4630 inac-

2031 4682 2183 4722 cessa
2233 4668 2354 4724 luce
2380 4667 2675 4733 collucens,
2715 4677 2875 4722 terra:
2929 4666 3119 4721 incolis
3148 4662 3440 4736 apparuit?
3469 4661 3604 4718 Num

2033 4757 2200 4813 facies
2239 4756 2359 4827 ejus
2409 4757 2645 4827 conspici
2704 4774 2808 4811 non
2862 4763 3099 4826 poterat,
3147 4762 3368 4824 propter
3423 4751 3607 4824 gloria:

2032 4849 2444 4919 prtestantiam?
2472 4848 2751 4918 Siquidem
2782 4863 2905 4903 cum
2944 4847 3125 4917 specie
3150 4844 3293 4914 ignis
3326 4841 3607 4899 descendit

2031 4941 2085 4996 in
2131 4952 2370 4997 montem
2424 4940 2578 5005 Sina,
2617 4942 2847 4995 tenebrae
2879 4948 3056 5006 erant,
3088 4948 3144 4993 et
3163 4937 3358 5008 caligo,
3394 4944 3449 4991 et
3479 4949 3604 5006 pro-

2025 5034 2182 5098 cella,
2212 5045 2267 5088 et
2317 5034 2456 5104 ignis
2504 5034 2573 5088 ab
2622 5033 2729 5086 alto
2756 5033 3019 5097 emicans,
3066 5045 3131 5086 ac
3166 5028 3343 5093 fumi,
3386 5026 3601 5095 aliaque

2025 5124 2301 5194 complura
2331 5124 2518 5179 videre
2542 5123 2714 5189 licuit,
2752 5138 2872 5192 quae
2911 5122 3162 5177 timorem
3192 5129 3247 5175 et
3277 5118 3597 5189 trepidatio-

2025 5232 2149 5271 nem
2178 5233 2441 5272 sunnuam
2476 5216 2842 5279 incusserunt,
2873 5214 2947 5269 ita
2980 5224 3042 5268 ιιι
3071 5222 3328 5282 aspectus
3360 5209 3600 5266 essetin-

2025 5307 2339 5363 tolerandus
2374 5306 2765 5375 spectantibus.
2798 5304 2931 5359 Nam
2971 5311 3229 5374 rogarunt
3252 5307 3594 5370 sequestrem

2027 5398 2308 5463 lsraelitze,
2368 5398 2608 5452 dicentes
2661 5398 2863 5466 optimo
2910 5393 3113 5465 Moysi:
3158 5410 3177 5445 ι
3204 5390 3492 5458 Alloquere
3539 5395 3596 5441 tu

2030 5505 2145 5552 nos,
2176 5497 2230 5545 et
2287 5506 2353 5544 ne
2380 5490 2684 5559 alloquatur
2709 5503 2806 5543 nos
2839 5488 3001 5553 Deus,
3053 5498 3121 5541 ne
3153 5482 3449 5538 moriamur
3473 5478 3543 5532 ”.
3567 5496 3588 5532 ι

2030 5578 2146 5635 Non
2178 5581 2343 5650 igitur
2379 5580 2597 5643 mirum,
2657 5578 2851 5648 inquit,
2883 5577 2929 5632 si
2968 5589 3065 5631 vos
3092 5568 3472 5643 praedixerilis,
3501 5582 3596 5637 ap-

2028 5673 2317 5743 paruitque
2359 5671 2448 5727 illa
2491 5677 2647 5726 terra:
2707 5667 3100 5725 habitatoribus
3163 5677 3267 5720 non
3304 5658 3592 5732 spectanda

1938 5889 1951 5913 ,
1994 5847 2077 5904 l9.
2154 5849 2389 5919 "ﬁxed.
2430 5863 2521 5911 λι,
2562 5848 2645 5903 19.
