4140 6512
620 412 753 469 ΗΠ

1646 407 1704 463 S.
1749 407 2017 463 CYRlLLl
2054 402 2529 462 ALEXANDRIM
2566 398 2890 461 ARCHIEP.

3669 418 3775 475 NH

621 536 792 606 gloria
830 534 1108 605 praeditus,
1135 547 1235 587 nec
1260 532 1513 600 cuiquam
1542 539 1665 584 erat
1699 529 2031 584 tolerabilis.
2053 526 2191 594 Quid
2220 533 2256 585 Α

2140 529 2191 584 ω
2220 533 2267 585 Α
2297 526 2477 597 ὑμεῖς,
2507 525 2666 595 ὤφθη
2701 524 2755 576 δὲ
2800 525 2911 585 τοῖς
2938 524 3030 577 ἐπὶ
3073 523 3175 595 τῆς
3203 523 3542 596 ἀπρόσωητον
3564 530 3677 601 ἔχων
3701 540 3774 609 τὴν

621 644 749 696 ergo
799 627 1073 698 prophetae
1093 625 1117 679 ?
1136 625 1404 679 Audacter
1436 622 1649 676 obviam
1701 629 1850 684 eunt,
1880 631 1935 676 et
1960 621 2147 676 dicunt
2173 638 2187 675 :

623 721 737 775 Non
768 720 866 775 abs
903 734 983 782 re,
1011 733 1117 772 non
1153 717 1271 771 sine
1300 731 1461 770 causa
1495 717 1608 771 haec
1633 715 1736 768 fuit
1769 715 2120 769 incredulitas
2138 724 2193 768 et

623 814 874 870 defectio.
918 811 1034 866 Non
1088 819 1171 864 est
1222 811 1433 879 species
1493 812 1543 863 ei
1594 821 1769 877 neque
1817 808 2010 877 gloria.
2076 805 2191 860 Non

622 907 786 969 enim,
819 903 1014 972 inquit,
1046 903 1100 955 in
1124 902 1304 971 specie
1348 900 1449 954 fuit
1476 909 1530 953 et
1557 898 1723 969 gloria
1753 898 1955 954 divina.
1992 897 2193 950 Exina-

622 998 757 1051 nivit
781 995 925 1050 enim
957 1009 1100 1058 sese,
1136 992 1191 1047 in
1227 990 1580 1046 similitudine
1612 990 1893 1044 hominum
1927 990 2195 1044 constitu-

622 1099 729 1150 tus,
752 1096 807 1140 et
828 1085 1013 1140 habitu
1043 1091 1290 1152 repertus
1316 1091 1373 1134 ut
1406 1082 1591 1144 homo,
1617 1079 1812 1147 deiecit
1864 1080 2181 1148 seipsum“.

624 1174 753 1232 Haec
802 1186 983 1229 autem
1020 1174 1270 1237 dicimus,
1303 1189 1406 1225 non
1458 1171 1570 1227 sola
1610 1170 1888 1224 auditione
1917 1170 2056 1224 hanc
2083 1179 2195 1223 tra-

622 1270 880 1323 ditionem
933 1266 1212 1327 habentes,
1262 1264 1355 1317 sed
1382 1278 1504 1317 eum
1534 1260 1625 1330 qui
1678 1261 2003 1329 praedicatur
2066 1260 2197 1329 ipsis

622 1361 797 1417 oculis
819 1358 1190 1428 contemplati.
1230 1355 1470 1410 Vidimus
1492 1370 1641 1422 eum,
1671 1368 1769 1408 nec
1798 1351 2029 1406 habebat
2074 1366 2195 1421 spe-

622 1456 786 1518 ciem,
833 1467 933 1508 nec
968 1451 1259 1505 decorem:
1316 1448 1588 1510 decorem,
1636 1446 1877 1515 inquam,
1925 1443 2194 1501 divinum.

627 1544 735 1600 Sed
752 1544 962 1613 species
994 1541 1110 1611 ejus
1140 1540 1483 1594 inhonorata.
1510 1538 1680 1590 Parva
1710 1537 1943 1599 enim,et
1967 1534 2198 1601 abjecta,

632 1646 680 1696 at
714 1636 1033 1691 inhonorata
1063 1640 1190 1686 sunt
1217 1630 1439 1684 omnino
1464 1629 1721 1691 humana,
1742 1626 2195 1695 quemadmodum

626 1727 802 1797 quoad
840 1725 1075 1781 divinam
1106 1733 1160 1778 et
1186 1736 1494 1790 supremam
1543 1719 1921 1774 excellentiam
1970 1727 2023 1771 et
2080 1717 2201 1771 illn-

623 1828 789 1874 strem
821 1817 1069 1872 decorem
1102 1825 1309 1868 natura:
1339 1815 1515 1867 omnia
1542 1812 1866 1880 superantis,
1892 1810 2067 1863 dictus
2084 1817 2199 1871 est,

2294 615 2471 679 δόξαν,
2496 614 2590 667 καὶ
2609 614 2784 667 οὐδενὶ
2803 613 2993 682 γέγονε
3016 614 3264 683 φορητός.
3287 616 3347 667 Τί
3366 613 3449 670 οὖν
3466 621 3508 671 oi
3531 626 3775 705 πρρφῆται;

2296 704 2515 777 θερμῶς
2532 705 2809 758 ὑπαντῶσι
2823 704 3091 773 λέγοντες·
3113 706 3510 776 Ἀπροφάσιστος
3526 704 3779 782 ήάίπείθεια,

2296 798 2397 850 οὐκ
2426 798 2731 868 ὲνάφορμος
2766 799 2798 868 ή
2830 798 3151 861 ἀπόστασις,
3186 798 3283 851 οὑκ
3324 799 3457 852 ἐστιν
3496 798 3615 867 εἶδος
3650 809 3782 877 cingi,

2297 889 2418 941 οὐδὲ
2449 888 2595 954 δόξα.
2631 890 2707 941 Οὐ
2735 888 2842 961 γὰρ
2872 883 2940 958 ἦν
2968 890 3027 941 ὲν
3056 888 3204 951 εἴδει,
3250 891 3392 960 φησι,
3439 894 3522 945 καὶ
3559 893 3664 967 δόξῃ
3696 898 3782 952 θεο-

2300 982 2520 1050 πρεπεῖ.
2545 981 2832 1033 Κεκένωκε
2868 980 2977 1050 γὰρ
3008 978 3218 1044 ἑαυτὸν,
3244 982 3298 1033 ἐν
3323 982 3594 1053 ὁμοιώματι
3619 988 3785 1059 ἀνθρώ-

2298 1090 2415 1125 πων
2441 1072 2751 1142 γενόμενος·
2782 1073 2877 1124 καὶ
2918 1074 3157 1142 σχήματι
3193 1074 3421 1143 εὑρεθεὶς
3451 1076 3517 1139 ὡς
3543 1079 3783 1150 ἄνθρωπος,

2299 1165 2664 1218 ἐταπείνωσεν
2692 1164 2901 1217 ἑαυτόν.
2936 1165 3045 1216 Καὶ
3074 1164 3245 1219 ταῦτά
3270 1183 3457 1235 φαμεν,
3478 1170 3565 1223 οὐκ
3584 1172 3634 1237 ἐξ
3657 1174 3788 1244 ἀκοῆς

2302 1255 2469 1326 μόνης
2504 1254 2720 1324 ἔχοντες
2746 1255 2847 1324 τὴν
2881 1253 3198 1324 παράδοσιν,
3228 1254 3356 1307 ἀλλὰ
3382 1256 3467 1309 καὶ
3495 1259 3656 1323 αὐταῖς
3672 1262 3788 1331 ὄψεσι

2299 1346 2617 1415 τεθεαμένοι
2670 1345 2760 1397 τὸν
2808 1345 3235 1415 κηρυττόμενον.
3283 1347 3492 1416 Εἶδομεν
3532 1351 3684 1416 αὐτὸν,
3721 1357 3791 1409 καὶ

2303 1438 2401 1489 οὐκ
2433 1433 2577 1507 εἶχεν
2606 1432 2766 1501 εἶδος,
2794 1436 2914 1489 οὐδὲ
2944 1437 3159 1500 κάλλος,
3179 1437 3367 1500 κάλλος
3391 1438 3444 1491 δὲ
3466 1440 3791 1513 τὸζθεοπρεπὲς,

2301 1527 2435 1579 ἀλλὰ
2472 1526 2532 1579 τὸ
2552 1521 2689 1590 εἶδος
2715 1526 2878 1578 αὑτοῦ
2908 1525 3125 1596 ἄτιμον.
3158 1528 3369 1600 Σμικρά
3386 1530 3505 1601 γὰρ,
3528 1533 3609 1586 καὶ
3626 1534 3792 1607 εὐτελῆ,

2303 1620 2397 1670 καὶ
2436 1616 2606 1686 ἄτιμα
2633 1617 2907 1681 παντελῶς
2948 1617 3016 1670 τὰ
3041 1616 3369 1688 ἀνθρώπινα,
3407 1620 3476 1685 ὡς
3502 1624 3619 1692 πρός
3645 1641 3696 1693 γε
3721 1628 3793 1698 τὴν

2305 1707 2455 1759 θείαν
2492 1707 2584 1759 καὶ
2610 1708 2923 1779 ὑπερτάτην
2946 1709 3240 1780 ὑπεροχὴν,
3274 1712 3366 1764 καὶ
3404 1713 3496 1782 τῆς
3520 1715 3635 1785 ὑπὲρ
3663 1718 3795 1771 πάντα

2306 1800 2521 1866 φύσεως
2578 1800 2639 1852 τὸ
2700 1801 3095 1871 ὑπέρλαμπρον
3164 1801 3386 1866 κάλλος·
3437 1806 3625 1876 εἴρηται
3679 1811 3793 1877 γοῦν·

625 1910 921 1966 Formosus
941 1908 1339 1979 pulchritudine
1356 1922 1464 1976 prae
1500 1906 1623 1960 [iliis
1647 1905 1919 1960 hominum
1939 1901 2204 1955 “‘.Addit
2235 1873 2260 1931 Ῐ

2167 1901 2204 1955 ίι
2235 1873 2278 1931 Β
2320 1891 2530 1961 Ὠραῖος
2569 1891 2755 1945 κάλλει
2778 1892 2925 1961 παρὰ
2958 1896 3082 1958 τοὺς
3115 1896 3265 1959 υἱοὺς
3291 1895 3393 1949 τῶν
3418 1873 3698 1969 ἀνθρώπωνξ
3719 1905 3802 1957 Kalr

623 1999 800 2053 adhuc
836 1999 1048 2068 majus:
1077 1996 1392 2066 Despectior
1425 1995 1674 2050 omnibus
1699 1994 2029 2059 hominibus,
2058 1992 2204 2046 vide-

624 2090 749 2144 licet
777 2091 986 2156 species
1008 2089 1147 2157 ejus.
1177 2087 1408 2143 Perinde
1436 2097 1521 2141 est
1547 2102 1611 2141 ac
1640 2088 1685 2141 si
1716 2085 1989 2141 dicerent:
2011 2083 2205 2138 Videre

623 2190 732 2246 est,
785 2182 1045 2250 quosdam
1096 2180 1238 2233 inter
1311 2180 1580 2241 homines.
1638 2178 1956 2245 dignitatum
2050 2175 2203 2244 quasi

626 2271 919 2342 splendore
988 2270 1275 2341 fulgentes,
1364 2271 1673 2325 divitiarum
1738 2270 1890 2335 quasi
1950 2268 2203 2324 satellitio

624 2380 694 2422 ac
742 2364 1002 2418 comitatu
1054 2364 1227 2416 elatos
1273 2370 1328 2415 et
1397 2361 1621 2429 amplos,
1676 2361 1760 2415 vel
1796 2361 1903 2416 alio
1932 2363 2091 2414 modo
2151 2361 2202 2413 in

626 2467 840 2512 terrena
872 2454 1133 2523 dignitate
1195 2452 1517 2507 constitutos
1556 2470 1569 2506 :
1605 2453 1698 2507 sed
1744 2451 1903 2523 743
1968 2467 2073 2506 non
2119 2452 2203 2506 in-

625 2554 711 2602 ter
740 2545 837 2601 hos
867 2556 982 2599 erat
1011 2542 1351 2606 Emmanuel,
1372 2535 1435 2597 at
1474 2545 1525 2596 in
1556 2542 1746 2596 humili
1794 2554 1849 2597 et
1872 2544 2082 2612 abjecto
2116 2557 2203 2596 or—

624 2634 773 2698 dine,
809 2636 880 2687 ita
928 2642 986 2686 ut
1020 2633 1142 2686 aliis
1196 2633 1507 2687 hominibus
1552 2632 1779 2687 inferior
1806 2632 2100 2689 videretur.
2140 2632 2206 2686 Et

626 2726 844 2795 quidem
872 2740 997 2780 vera
1029 2725 1334 2779 estoratio.
1366 2723 1481 2777 Non
1507 2724 1653 2778 enim
1674 2739 1740 2777 ex
1772 2735 1957 2778 sancta
1988 2725 2204 2794 Virgine

626 2824 804 2872 matre
827 2815 994 2870 divite
1020 2824 1176 2867 ortus
1202 2823 1314 2878 est,
1341 2816 1435 2868 sed
1471 2815 1525 2868 in
1574 2814 1720 2869 omni
1752 2815 2071 2869 lnnnilitatis
2112 2832 2203 2885 ge-

626 2919 759 2961 nere
791 2913 1043 2959 versatus
1068 2914 1171 2967 est,
1201 2914 1259 2957 ut
1293 2906 1435 2972 quod
1468 2905 1668 2958 humile
1716 2914 1800 2958 est
1847 2906 2120 2971 eveheret,
2151 2917 2205 2961 et

629 2995 775 3064 quod
809 2995 1190 3049 inhonoratum
1227 3002 1331 3059 est,
1364 2996 1616 3047 redderet
1640 2995 1960 3063 optandum.
1990 2998 2203 3067 Alioqui

628 3083 772 3139 Deus
804 3092 858 3139 et
890 3083 1146 3139 Dominus
1178 3094 1230 3139 et
1263 3098 1356 3137 rex
1410 3083 1784 3139 universorum
1822 3100 1948 3139 cum
1975 3087 2068 3152 sit,
2094 3102 2205 3157 quo

630 3174 922 3244 splendore
954 3174 1190 3229 humano
1218 3175 1488 3245 indigebat
1512 3176 1535 3228 ?

704 3350 870 3408 Vm.
898 3353 951 3410 3.
991 3350 1161 3406 Homo
1188 3352 1241 3405 in
1269 3351 1423 3420 plaga
1470 3352 1690 3420 positus,
1743 3362 1793 3407 et
1842 3353 2009 3407 aciem
2070 3355 2207 3422 ferre

628 3442 1019 3512 inﬁrmitatem,
1064 3445 1189 3513 quia
1222 3431 1405 3498 aversa
1439 3452 1515 3498 ut
1542 3444 1703 3512 [acies
1740 3446 1874 3515 ejus,
1914 3457 2206 3515 contempta

626 3546 726 3603 ut,
744 3544 793 3589 ει
816 3550 919 3587 non
945 3544 1202 3599 reputata.

702 3623 842 3679 Cum
874 3624 1184 3679 dixissent:
1239 3624 1482 3679 Vidimus
1546 3640 1693 3691 eum,
1731 3635 1785 3680 et
1817 3641 1921 3681 non
1972 3628 2207 3685 habebat

632 3714 869 3786 speciem
903 3728 1078 3783 neque
1111 3716 1356 3769 decorem
1386 3734 1400 3768 :
1429 3730 1537 3784 quo
1564 3714 1615 3768 in
1646 3724 1791 3769 statu
1837 3725 1890 3770 et
1937 3717 2119 3772 habitu
2152 3729 2208 3775 et

630 3806 775 3863 [acie
809 3805 958 3861 illum
997 3820 1157 3876 quem
1198 3805 1496 3874 pradicant
1547 3805 1802 3875 viderint,
1832 3820 2019 3878 aperte
2043 3826 2208 3880 οινο-

629 3906 793 3955 nunt.
835 3895 1041 3952 Similis
1072 3898 1214 3951 enim
1245 3906 1350 3963 est,
1387 3896 1659 3965 inquiunt,
1697 3898 1901 3953 homini
1932 3901 2085 3988 plaga
2125 3899 2208 3955 af-

628 3989 797 4057 fecto,
828 4002 1090 4059 generose
1118 3996 1297 4043 tamen
1331 3987 1524 4043 ferenti
1567 3988 1960 4057 inﬁrmitatem,
1998 3987 2066 4046 id
2100 4002 2204 4058 est,

630 4080 1009 4143 alliictionem,
1041 4078 1125 4133 vel
1162 4079 1266 4133 hoc
1299 4079 1442 4147 quod
1480 4078 1617 4133 male
1640 4089 1936 4148 pateretur.
1968 4067 2204 4138 Tristem

629 4171 775 4226 enim
811 4167 1063 4222 fortassis
1096 4167 1405 4222 Servatoris
1437 4168 1640 4221 vultum
1694 4170 1995 4238 conspicati
2055 4182 2201 4237 sunt,

631 4274 691 4320 ut
716 4264 810 4335 qui
835 4263 1081 4317 turbatus
1107 4262 1269 4315 fuerit
1305 4262 1459 4331 quasi
1494 4273 1547 4317 et
1595 4272 1971 4320 consternatus
2005 4283 2018 4318 :
2061 4267 2207 4321 scili-

632 4366 721 4412 cet
767 4354 989 4423 jamjam
1040 4354 1093 4407 in
1157 4352 1303 4421 ligno
1364 4362 1592 4408 mortem
1647 4370 1928 4422 passurus,
1992 4359 2205 4424 quando

629 4448 797 4505 etiam
829 4444 983 4510 dixit,
1018 4444 1177 4499 modo
1209 4443 1449 4513 quidem,
1499 4463 1518 4495 ι
1584 4446 1773 4499 Anima
1825 4463 1946 4501 mea
1992 4451 2205 4503 turbata

2303 1983 2364 2037 τὸ
2388 1984 2465 2036 ἔτι
2493 1984 2673 2054 μεῖζόν
2705 2000 2889 2056 φησιν·
2937 1986 3218 2040 Ἐκλεῖπον
3251 1990 3396 2059 παρὰ
3433 1992 3615 2056 πάντας
3637 1995 3796 2065 ἀνθρώ.

2306 2091 2463 2138 πους,
2504 2074 2663 2143 δῆλον
2691 2075 2748 2129 δὲ
2787 2077 2867 2130 ὃτι
2898 2078 2957 2130 τὸ
2990 2074 3131 2141 εἶδος
3161 2080 3349 2148 αὐτοῦ,
3383 2083 3550 2152 ὅμοιον
3582 2084 3645 2150 ὡς
3669 2089 3706 2139 εί
3731 2089 3798 2142 καὶ

2305 2166 2698 2234 ἔφασαψἝστι
2732 2169 2829 2238 μὲν
2852 2170 2961 2240 γάρ
2989 2188 3141 2234 τινας
3166 2172 3293 2225 ἰδεῖν
3319 2173 3375 2227 ἐν
3401 2174 3668 2245 ἀνθρώποις
3686 2179 3798 2245 diu»

2309 2258 2493 2328 μάτων
2554 2261 2871 2332 φαιδρότητι
2906 2263 3329 2334 διαπρέποντας
3380 2268 3492 2330 ταῖς
3536 2268 3592 2320 ὲκ
3628 2268 3802 2323 πλούτου

2304 2349 2647 2421 δορυφορίαις
2678 2353 2945 2423 ἠρμένους
2968 2354 3127 2423 ὑψοῦ,
3151 2354 3248 2409 καὶ
3267 2356 3644 2428 εύρυνομένους,
3661 2363 3801 2430 ἧγουν,

2306 2438 2398 2490 καὶ
2428 2439 2546 2491 καθ’
2568 2439 2753 2511 ἕτερόν
2774 2459 2895 2495 τινα
2913 2444 3135 2512 τρόπον,
3164 2446 3224 2497 ὲν
3250 2446 3501 2514 ἐπιγείοις
3518 2448 3653 2514 ὄντας
3674 2452 3802 2522 ὕπερθ-

2304 2533 2475 2599 οχαῖς.
2519 2531 2659 2584 Ἀλλ’
2707 2532 2827 2585 οὐδὲ
2862 2536 2917 2586 ὲν
2956 2534 3167 2599 τούτοις
3203 2531 3274 2609 ἦν
3299 2538 3326 2589 ὁ
3364 2538 3690 2611 Ἐμμανουὴλ,
3720 2542 3805 2595 ἀλλ’

2306 2624 2364 2674 ὲν
2409 2625 2617 2693 σμικρᾷ
2668 2626 2761 2676 καὶ
2812 2626 3232 2699 κατερριμμένῃ
3282 2627 3451 2694 τάξει,
3505 2629 3628 2682 ὥστε
3673 2631 3809 2684 δοκεῖν

2306 2714 2570 2785 ἡττᾶσθαι
2599 2715 2707 2769 τῶν
2736 2716 2913 2771 ἄλλων
2934 2716 3260 2787 ἀνθρώπων.
3288 2718 3396 2772 Καὶ
3418 2719 3600 2791 ἀληθὴς
3622 2722 3645 2773 ὁ
3671 2721 3807 2789 λόγος.

2307 2807 2380 2858 Οὐ
2408 2806 2514 2876 γὰρ
2547 2807 2808 2871 πλουσίας
2834 2808 2998 2877 ἐξέφυ
3029 2809 3238 2879 μητρὸς
3268 2810 3367 2879 τῆς
3394 2810 3543 2878 ἁγίας
3560 2811 3805 2881 εῐῐαρθένοο,

2305 2899 2440 2952 ἀλλὰ
2473 2900 2560 2952 διὰ
2605 2901 2825 2953 πάντων
2874 2897 3005 2972 ἦλθε
3034 2901 3140 2954 τῶν
3182 2902 3419 2973 μικρῶν,
3464 2904 3542 2956 ἵνα
3583 2904 3737 2976 ὑψώσῃ
3762 2905 3813 2955 τὸν

2303 2990 2579 3049 ταπεινὸν,
2613 2991 2709 3043 καί
2735 2988 2976 3061 ζηλωτὸν
3008 2991 3265 3063 ἀποφήνῃ
3294 2992 3354 3044 τὸ
3386 2993 3584 3060 ἄτιμον.
3607 2993 3696 3045 Καὶ
3718 2992 3807 3045 καθ’

2304 3078 2492 3149 ἕτερον
2532 3080 2587 3131 δὲ
2630 3079 2807 3149 λόγον,
2844 3081 2974 3143 Θεὸς
3016 3079 3093 3132 ὢν
3140 3080 3347 3151 Κύριος
3373 3082 3464 3134 καὶ
3498 3082 3709 3152 βασιλεὺς
3730 3082 3811 3135 τῶν

2305 3169 2463 3235 ὅλων,
2512 3171 2670 3234 ποίας
2702 3169 2769 3224 ἂν
2803 3162 2996 3243 ἐδεήθῆ
3034 3171 3139 3242 τῆς
3174 3174 3236 3225 ὲν
3286 3171 3577 3244 ἀνθρώποις
3614 3173 3806 3245 λαμπρόν

2310 3281 2503 3334 τητος;

2386 3357 2729 3422 Ἀνθρωπος
2751 3356 2821 3410 ἐν
2847 3356 3050 3428 πληγῇ
3086 3357 3191 3424 ὢν,
3216 3359 3319 3414 καί
3347 3359 3507 3426 εἱδὰις
3540 3360 3707 3428 φέρειν
3729 3373 3809 3427 μορ

2310 3444 2551 3498 λακίανο
2607 3444 2696 3510 ὅτι
2738 3445 3151 3513 ἀπέσξρϊιπται
3202 3448 3274 3501 τὸ
3320 3448 3619 3517 πρόσωπον
3654 3445 3815 3509 αὑτοῦ,

2312 3534 2634 3603 ήτιμάσθη,
2673 3536 2770 3590 καί
2798 3540 2907 3591 dim
2931 3538 3246 3608 ἐλογίσθη.

2382 3626 2665 3692 Είπόντες,
2716 3628 2804 3679 ὅτε
2846 3628 2937 3681 καὶ
2981 3628 3209 3699 Εῑδομεν
3251 3631 3433 3695 αὐτὸν,
3471 3631 3557 3685 καὶ
3588 3631 3673 3684 οὐκ
3708 3624 3813 3699 εἶχεν

2312 3715 2471 3785 εἶδος,
2520 3720 2640 3773 οὐδὲ
2696 3720 2916 3786 κάλλος,
2947 3723 3005 3775 ὲν
3052 3724 3181 3795 ποίᾳ
3228 3726 3551 3779 καταστάσει
3597 3723 3811 3777 τεθέανταν

2312 3810 2606 3883 προσώπου
2655 3810 2743 3863 τὸν
2780 3812 3207 3882 κηρυττόμενον,
3258 3816 3615 3885 διαγγέλλουσι
3656 3813 3811 3882 σαφῶς

2316 3906 2501 3958 Ἔοικε
2546 3904 2655 3976 γὰρ
2703 3902 2996 3975 ἀνθρώπῳ,
3053 3908 3241 3973 φασὶν,
3290 3909 3348 3961 ὲν
3394 3908 3561 3979 πληγῇ
3600 3908 3680 3978 μὲν
3715 3906 3812 3967 ὄντι,

2310 3997 2575 4067 γενναίως
2623 3996 2679 4049 δὲ
2727 3995 2941 4068 φέροντι
2992 3997 3291 4068 μαλακίαν,
3330 4002 3567 4055 τουτέστι
3610 4000 3813 4060 κάκωσιν,

2311 4090 2430 4161 ἤτοι
2466 4088 2527 4141 τὸ
2564 4089 2796 4158 πάσχειν
2844 4087 3048 4152 κακῶς.
3098 4090 3364 4160 Κατηφὲς
3396 4093 3501 4162 γὰρ
3538 4093 3651 4154 ἴσως
3676 4091 3723 4143 τὸ
3746 4087 3813 4141 τοῦ

2312 4182 2561 4251 Σωτῆρος
2600 4179 2881 4233 τεθέανται
2919 4181 3235 4251 πρόσωπον,
3279 4184 3374 4236 καὶ
3413 4178 3518 4238 οἷον
3548 4186 3599 4237 ὲν
3626 4181 3814 4253 θορνόοις

2311 4271 2463 4334 ὄντος
2513 4273 2606 4324 καὶ
2638 4271 2867 4336 πτοίαις,
2900 4272 2995 4325 ἅτε
3032 4273 3094 4344 δὴ
3117 4277 3208 4327 καὶ
3244 4275 3521 4344 μέλλοντος
3550 4276 3636 4345 ἢδη
3672 4274 3814 4325 παθεῖν

2311 4363 2400 4415 τὸν
2430 4363 2522 4414 ἐπὶ
2554 4361 2707 4426 ξύλου
2739 4363 2987 4417 θάνατον·
3020 4366 3108 4418 ὅτε
3133 4366 3227 4419 καὶ
3254 4366 3508 4436 ἔφασκεν,
3534 4366 3612 4419 me
3639 4365 3734 4435 μὲν.
3756 4364 3815 4415 ὅτι

2319 4473 2335 4503 ι
2376 4452 2489 4505 Νῦν
2547 4455 2581 4523 ἡ
2618 4453 2762 4524 ψυχή
2810 4472 2913 4525 μου
2973 4458 3330 4527 τετάρακται·
3375 4478 3393 4511 ι
3446 4458 3529 4512 ὁτὲ
3571 4457 3619 4510 δὲ
3667 4456 3812 4509 πάλιν·

628 4548 714 4596 est
743 4538 811 4604 ³¹;
849 4557 868 4591 ι
911 4537 1069 4592 modo
1106 4554 1293 4593 rursus
1332 4556 1345 4591 :
1394 4556 1411 4587 ι
1451 4537 1646 4592 TriStis
1692 4540 1847 4596 valde
1894 4550 1975 4595 est
2026 4544 2263 4616 anima[

2177 4558 2207 4596 a
2238 4557 2283 4616 D
2318 4565 2337 4595 ι
2378 4544 2677 4614 Περίλυπός
2701 4548 2847 4600 ἐστιν
2882 4548 2915 4618 ἡ
2946 4547 3090 4619 ψυχή
3124 4567 3226 4619 μου
3258 4550 3363 4613 ἕως
3388 4550 3621 4604 θανάτου,
3648 4578 3701 4587 -
3732 4545 3812 4601 Καὶ

628 4645 749 4687 mea
781 4644 952 4698 usque
988 4629 1054 4683 ad
1084 4640 1310 4683 mortem
1343 4630 1407 4684 ⁸³.
1436 4660 1508 4669 —-
1542 4630 1607 4683 Et
1643 4632 1770 4700 quid
1794 4633 2004 4686 dicant?
2024 4632 2205 4701 Pater,

628 4736 785 4778 serva
816 4736 905 4777 me
925 4735 991 4775 ex
1022 4721 1124 4774 hac
1164 4720 1295 4774 hora
1337 4740 1359 4774 ι
1382 4720 1473 4774 sed
1513 4721 1632 4775 ideo
1665 4722 1783 4775 veni
1833 4722 1887 4775 in
1936 4723 2075 4777 hanc
2104 4724 2202 4779 ho—

631 4828 751 4868 ram
777 4811 847 4866 “.
881 4832 901 4865 ι
937 4812 1083 4866 Dixit
1107 4813 1270 4866 etiam
1309 4812 1528 4881 quidam
1551 4826 1581 4867 e
1605 4813 1810 4868 sanctis
1831 4815 2202 4885 evangelistis,

629 4903 1102 4974 appropinquante
1152 4912 1392 4973 tempore
1453 4904 1752 4971 passionis,
1796 4907 2029 4976 cepisse
2078 4923 2201 4964 eum

629 4992 833 5050 lrislari
871 5002 927 5048 et
967 4994 1151 5049 dolore
1188 4994 1378 5049 conﬁci
1424 4996 1493 5048 ⁵⁵.
1557 4995 1766 5048 Etenim
1824 4997 1947 5051 licet
2011 5010 2199 5054 natura

630 5086 782 5140 Deus
821 5093 975 5137 esset.
998 5083 1330 5151 unigenitum
1356 5083 1531 5137 Patris
1560 5082 1823 5151 Verbum,
1845 5088 1896 5138 in
1920 5104 2078 5157 quem
2103 5104 2203 5145 nec

626 5176 1087 5248 perturbationes,
1142 5190 1244 5230 nec
1309 5176 1551 5241 tristitia,
1628 5193 1725 5231 nec
1782 5181 2003 5233 omnino
2055 5182 2199 5236 aliud

627 5270 923 5342 quidquam
946 5266 1208 5336 ejusmodi
1239 5268 1495 5332 cadebat,
1528 5269 1610 5332 ad,
1631 5279 1868 5324 nostram
1899 5281 2075 5327 tamen
2107 5290 2200 5327 na-

626 5365 808 5410 turam
836 5370 894 5410 se
931 5355 1378 5419 accommodavit,
1407 5367 1460 5410 et
1482 5373 1540 5411 se
1567 5361 1712 5411 omni
1750 5375 1949 5430 angore
1971 5376 2197 5417 vacuum

626 5448 862 5506 ostendit
898 5446 1182 5515 ingruente
1221 5449 1539 5511 tentatione,
1564 5465 1659 5519 per
1692 5453 1873 5505 omnia
1921 5467 1979 5506 se
2028 5455 2198 5510 nostri

626 5536 861 5591 similem
895 5550 1017 5590 esse
1049 5535 1354 5602 declarans,
1393 5551 1521 5602 non,
1557 5548 1613 5592 ut
1646 5541 1965 5608 quibusdam
1998 5543 2195 5611 placet,

626 5628 873 5687 umbram
895 5636 948 5681 et
971 5634 1243 5697 spectrum
1280 5625 1333 5683 in
1372 5636 1517 5684 terra
1547 5630 1745 5697 visum,
1785 5633 1878 5687 sed
1921 5633 2194 5692 hominem

2308 4635 2360 4687 τί
2393 4635 2565 4700 circa);
2607 4636 3000 4709 Πάτερ,σῶσόν
3020 4658 3085 4709 με
3116 4642 3178 4693 ὲκ
3197 4641 3299 4711 τῆς
3328 4641 3474 4713 ὥρας
3494 4642 3688 4710 ταύτης·
3717 4636 3816 4691 ἀλλά

2306 4727 2395 4781 διὰ
2424 4728 2583 4781 τοῦτο
2607 4724 2769 4799 ἦλθον
2810 4732 2890 4791 εἰς
2918 4731 3015 4801 τὴν
3036 4731 3197 4803 ,ὤραν
3226 4733 3448 4804 ταύτην.
3476 4753 3495 4786 ι
3534 4733 3658 4802 Ἔφη
3685 4728 3731 4783 δέ
3754 4744 3815 4790 τις

2308 4816 2405 4871 καὶ
2428 4816 2538 4871 τῶν
2570 4818 2742 4886 ἁγίων
2788 4821 3223 4889 εὐαγγελιστῶν,
3263 4826 3348 4878 ὅτι
3394 4825 3655 4892 γεγονότος
3691 4822 3815 4888 ἐγγὺς

2308 4905 2403 4960 τοῦ
2421 4909 2634 4977 καιροῦ,
2668 4908 2793 4961 καθ’
2815 4909 2874 4961 ὃν
2904 4910 3099 4981 ἔμελλε
3135 4913 3351 4979 παθεῖν,
3380 4914 3571 4984 ἤρξατο
3587 4908 3815 4963 λυπεῖσθαι

2304 4998 2401 5051 καὶ
2449 4999 2759 5069 ἀδημονεῖν.
2808 5001 3002 5055 Καίτοι
3035 5003 3141 5074 γὰρ
3171 5006 3331 5073 φύσει
3380 5006 3507 5069 Θεὸς
3545 5006 3761 5074 ὑπάρχων
3796 5002 3816 5052 6

2304 5089 2598 5161 μονογενὴς
2626 5088 2729 5143 τοῦ.
2754 5092 2968 5163 Πατρὸς
2992 5095 3303 5162 Λόγος,.καὶ
3326 5096 3528 5159 παθῶν,
3557 5095 3638 5148 καὶ
3662 5094 3815 5161 λύπης,

2303 5180 2398 5233 καὶ
2444 5182 2667 5235 πάντων
2713 5182 3051 5248 ἁπαξαπλῶς
3096 5186 3490 5242 τῶντοιούτων
3529 5186 3814 5243 ἀνεπίδεκτος

2304 5272 2402 5334 ὢν,
2445 5272 2738 5345 συνεχώρει
2766 5277 2832 5345 τῇ
2868 5276 2988 5328 καθ’
3010 5278 3155 5346 ἡμᾶς
3184 5278 3347 5347 φύσει
3376 5280 3437 5333 τὸ
3468 5278 3537 5350 μὴ
3556 5276 3814 5345 ἀναλγήτως

2303 5364 2448 5436 ἔχειν
2474 5365 2836 5435 ὲμΰάλλοντος
2864 5367 2957 5420 τοῦ
2992 5371 3321 5448 πειρασμού,
3371 5373 3459 5426 διὰ
3485 5372 3679 5425 πάντων
3697 5368 3812 5420 ﬁm—

2300 5457 2535 5522 δεικνὺς,
2564 5458 2645 5511 ὅτι
2672 5457 2863 5527 γέγονε
2902 5460 3020 5514 καθ’
3053 5462 3220 5532 ἡμᾶς,
3260 5463 3352 5517 καὶ
3381 5465 3464 5527 οὐ,
3490 5461 3619 5515 καθὰ
3643 5457 3812 5529 φρονεῖν

2302 5548 2448 5613 ἔδοξέ
2489 5565 2624 5613 τισι,
2660 5549 2787 5603 σκιὰ
2817 5553 2911 5604 καὶ
2952 5551 3171 5607 εἴδωλον
3214 5549 3284 5625 ἦν
3327 5556 3420 5607 ἐπὶ
3448 5555 3543 5623 γῆς
3570 5550 3804 5622 ὁρώμενος.

2300 5640 2394 5693 καὶ
2420 5640 2655 5717 αρτόχρη
2664 5659 2738 5713 μα
2766 5643 2989 5711 γέγονεν
3019 5646 3325 5718 ἄνθρωπος.
3362 5631 3815 5715 ’Ᾱπέστραπταιλδδλ

697 5806 744 5840 ⁸¹
768 5807 999 5880 Philipp.
1028 5810 1155 5877 ",7.
1196 5808 1423 5865 “’Psal.
1452 5825 1597 5879 κων,
1626 5812 1681 5868 3.
1723 5812 1767 5845 "
1791 5813 1947 5869 Joan.
1974 5831 2078 5881 xu,
2098 5817 2187 5875 27..
2228 5819 2276 5852 ⁸³
2308 5818 2471 5877 Marc.
2503 5838 2616 5889 xlv,
2652 5824 2749 5880 διν
2818 5828 2863 5859 ⁵⁵
2889 5826 3043 5884 Joan.
3074 5844 3173 5895 xu,
3198 5828 3287 5884 27.
3327 5829 3570 5900 "Matth.
3592 5837 3717 5889 xm,
3736 5817 3813 5877 ὅτι
