4140 6488
317 296 454 352 ms
523 263 527 268 ’

1436 307 1505 361 ΙΝ
1545 309 1774 366 ΙΞΑΙΑΜ
1815 313 1942 367 LIB.
1986 314 2048 370 ν.
2094 316 2333 376 TOMUS
2373 320 2412 374 Ι.

3418 336 3554 392 1178

310 410 464 479 φησὶ,
495 409 555 463 τὸ
587 413 874 482 πρόσωπον
912 414 1077 488 αὐτῷ.
1115 420 1186 472 Τὸ
1217 420 1294 481 δὲ,
1315 422 1742 494 Ἀπέστραπται,
1763 431 1882 484 ἀντὶ¹

1988 450 2168 491 revera
2210 439 2507 493 exstitisse.
2542 441 2742 495 Aversa
2790 449 2896 506 est,
2949 442 3138 512 inquit,
3189 448 3354 503 facies
3415 452 3552 518 eius.

309 499 424 564 τοῦ,
442 502 826 575 Κατῃσχύνθη,
850 505 1146 579 ήτιμάσθη,
1180 514 1273 566 καὶ
1299 515 1399 568 οὐκ
1423 517 1692 588 ἐλογίσθη.
1718 521 1887 574 Πιλά-

309 607 400 655 to;
426 592 529 682 μὲν
556 593 666 664 γὰρ
692 594 901 666 ἔπεμψε
946 600 1037 652 τὸν
1082 601 1288 672 Ἰησοῦν
1323 606 1459 676 πρὸς
1487 607 1578 661 τὸν
1616 609 1882 682 Ἡρώδην·

305 681 336 732 ὁ
379 681 434 734 δέ
469 699 556 752 γε,
589 685 773 754 φησὶν,
809 687 1161 760 ἐξουθενήσας
1196 694 1355 747 αὑτὸν
1380 681 1884 767 ἀνέπεμψεναύτύν.

308 773 382 824 Οὐ
405 774 522 844 γὰρ
545 776 826 843 ἐλογίσατο
851 775 989 834 εἶναι
1013 781 1102 834 τὸν
1134 783 1362 855 Ἰησοῦν,
1395 789 1669 858 ήτιμάσθη
1689 790 1746 842 δὲ
1793 794 1888 845 καὶ

305 862 366 915 τὸ
427 865 720 935 πρόσωπον
777 870 978 935 αὑτοῦ,
1055 875 1419 944 πεμπομένων
1471 877 1709 946 δηλονότι
1779 880 1886 933 τῶν

306 955 659 1025 πτυσμάτων,
692 960 786 1012 καὶ
828 963 1246 1018 καταπαιόντων
1275 966 1435 1019 αὑτὸν
1465 967 1569 1019 τῶν
1585 969 1679 1022 τοῦ
1720 970 1885 1026 Πιλά-

303 1064 397 1100 του
420 1049 786 1117 στρατιωτῶν,
809 1052 903 1104 καὶ
928 1052 1190 1120 λεγόντων
1217 1073 1230 1087 ·
1259 1076 1277 1106 ι
1310 1058 1690 1127 Προφήτευσον
1726 1063 1881 1130 ἡμῖν,

305 1139 528 1209 Χριστὲ,
560 1139 644 1204 τίς
677 1142 828 1196 ἐστιν
860 1146 887 1197 ὁ
912 1143 1110 1208 παίσας
1159 1163 1242 1202 σε.
1273 1165 1291 1197 ι
1349 1148 1652 1218 Ἠτιμάσθη
1698 1150 1753 1202 δὲ
1795 1153 1886 1205 καὶ

303 1231 529 1301 ἑτέρως,
563 1231 660 1296 τὰς
691 1233 781 1287 διὰ
815 1236 1096 1305 μαστίγων
1128 1239 1310 1301 αἰκίας
1339 1239 1677 1308 ύπενεγκὼν,
1699 1244 1792 1295 καὶ
1820 1245 1888 1297 τὰ

304 1325 368 1376 ἐκ
400 1323 506 1377 τῶν
533 1325 823 1398 ὑπηρετῶν
859 1328 1198 1400 ῥαπίσματα.
1248 1333 1389 1402 Ἔφη
1422 1333 1550 1400 γοῦν
1573 1334 1663 1388 διὰ
1704 1337 1887 1407 φωνῆς

315 1414 559 1468 Ἡσαΐου·
603 1434 621 1466 ι
661 1417 764 1470 Τὸν
789 1419 956 1471 νῶτόν
991 1438 1091 1490 μου
1108 1422 1310 1476 δέδωκα
1352 1427 1430 1487 εἰς
1457 1425 1744 1495 μάστιγας,
1788 1427 1888 1490 τὰς

302 1504 358 1556 δὲ
384 1504 642 1572 σιαγόνας
674 1523 773 1576 μου
800 1510 878 1570 εἰς
915 1510 1257 1579 ῥαπίσματα,
1293 1512 1426 1565 τὸδὲ
1464 1515 1751 1583 πρόσωπόν
1784 1535 1886 1586 μου

303 1594 404 1647 οὐκ
424 1595 740 1666 ἀπέστρεψα
765 1598 874 1651 ἀπὸ
897 1600 1158 1672 αἰσχύνης
1187 1603 1610 1672 ὲμπτυσμάτων.
1627 1608 1884 1669 ιυύκοῦν,

305 1682 382 1746 ὡς
405 1683 564 1755 ἔφην,
591 1685 833 1740 ἐοίκασιν
860 1689 909 1740 ol
946 1690 1221 1744 θεσπέσιοι
1248 1695 1522 1764 προφῆται
1548 1696 1666 1748 καθ’
1694 1698 1887 1764 ὅρασιν

1988 529 2214 591 Aversa,
2252 545 2369 598 pro,
2407 532 2626 587 confusa
2676 543 2778 598 est,
2814 545 3145 606 contempta,
3175 549 3226 593 et
3263 555 3366 594 non
3394 559 3556 612 repu-

1993 629 2124 676 tata.
2151 620 2352 674 Pilatus
2377 623 2519 675 enim
2553 624 2695 677 misit
2719 623 2902 680 Jesnm
2935 627 3000 680 ad
3037 625 3334 694 llerodem;
3362 639 3415 684 at
3445 633 3555 696 ille,

1992 709 2183 776 inquit,
2214 724 2338 763 eum
2369 710 2520 764 nihili
2548 712 2746 766 factum
2779 713 3008 768 remisit.
3043 714 3160 770 Non
3213 719 3358 774 enim
3399 735 3558 788 repu-

1991 799 2270 856 tavitesse
2305 799 2513 872 Iesum.
2551 802 2871 875 Contempta
2899 819 3114 876 quoque
3164 809 3264 864 fuit
3309 811 3427 878 ejus
3476 812 3556 866 la-

1989 888 2120 954 cies,
2154 889 2415 959 conjectis
2439 892 2645 947 scilicet
2670 893 2723 948 in
2757 908 2879 948 eum
2917 897 3112 965 sputis,
3145 906 3199 952 et
3228 897 3383 953 Pilati
3415 899 3558 954 mili-

1991 979 2130 1033 tibus
2169 995 2290 1034 eum
2312 981 2645 1048 pulsantibus
2681 998 2745 1038 ac
2776 984 3084 1042 dicentibus
3125 1006 3139 1042 :
3181 1009 3199 1039 ι
3232 989 3554 1059 Prophetiza

1989 1068 2166 1131 nobis,
2206 1066 2442 1131 Christe,
2468 1071 2590 1138 quis
2623 1073 2824 1140 estqui
2860 1082 2908 1126 te
2947 1077 3309 1142 percussit"?
3354 1099 3372 1132 ι
3416 1082 3558 1136 Con-

1990 1165 2223 1223 temptus
2249 1167 2331 1210 est
2361 1158 2466 1212 alio
2488 1174 2700 1227 quoque
2730 1163 2907 1224 modo,
2935 1165 3159 1218 verbera
3193 1182 3256 1221 ac
3296 1170 3557 1238 supplicia

1988 1247 2228 1310 subiens,
2259 1258 2314 1300 et
2346 1250 2712 1304 ministrorum
2736 1251 2943 1321 alapas.
2975 1253 3251 1322 Siquidem
3277 1260 3560 1316 dixitvoco

1990 1336 2152 1409 744
2181 1338 2326 1393 Isaia:
2365 1359 2377 1393 :
2420 1359 2437 1390 ι
2471 1339 2702 1410 Tergtun
2760 1356 2937 1396 meum
2981 1345 3151 1414 objeci
3201 1349 3557 1416 verberibus,

1988 1440 2042 1484 et
2075 1433 2320 1484 maxillas
2348 1448 2496 1487 meas
2526 1435 2728 1503 alapis,
2761 1436 2954 1490 laciem
2991 1448 3172 1493 autem
3225 1455 3398 1495 meam
3451 1458 3558 1498 non

1989 1524 2157 1577 averti
2201 1540 2228 1577 a
2274 1525 2536 1580 dedecore
2582 1541 2862 1597 sputornm
2892 1529 2982 1584 ⁸⁶·.
3025 1549 3046 1581 ι
3083 1531 3271 1586 Vident
3301 1547 3448 1601 ergo,
3497 1544 3560 1593 ιιι

1989 1616 2119 1680 dixi,
2148 1616 2315 1670 divini
2368 1619 2640 1687 prophetae
2697 1635 2792 1688 per
2839 1622 3127 1686 visionem,
3192 1623 3420 1689 scilicet,
3462 1641 3559 1694 per

1991 1707 2246 1774 Spiritum
2279 1717 2546 1772 sanctum,
2596 1710 2780 1766 videre
2807 1710 3026 1778 Filium,
3089 1713 3172 1766 vel
3204 1713 3394 1770 faciem
3418 1716 3556 1782 ejus,

302 1773 547 1844 δηλονότι
574 1775 673 1846 τὴν
698 1776 785 1830 διὰ
815 1777 908 1831 τοῦ
936 1780 1090 1848 ἁγίου
1125 1763 1438 1852 Πνεῦματος
1470 1785 1593 1837 ἰδεῖν
1619 1785 1708 1838 τὸν
1731 1763 1882 1848 ίΥἱὺν,

1989 1810 2017 1846 a
2055 1795 2271 1848 tristitia
2296 1797 2529 1854 humana
2563 1799 2782 1852 minime
2808 1798 3056 1864 liberam,
3111 1800 3351 1857 instante
3397 1806 3556 1858 nimi-

303 1863 422 1932 ήτοι
447 1864 509 1918 τὸ
529 1865 696 1919 αὑτοῦ
737 1868 1030 1938 πρόσωπον
1057 1872 1360 1941 κατηφείας
1382 1874 1886 1944 ἀνθρωποπρεποῦς

301 1952 404 2004 οῦκ
433 1953 874 2024 ἀπηλλαγμένον,
905 1957 999 2010 ἅτε
1030 1957 1094 2028 δὴ
1126 1959 1219 2011 καὶ
1245 1961 1595 2032 ἐνεστηκότος
1630 1965 1724 2016 τοῦ
1765 1982 1887 2018 και-

304 2041 423 2111 ροῦ,
458 2043 582 2096 καθ’
616 2042 676 2096 ὂν
720 2045 826 2098 ἔδει
861 2047 1052 2100 παθεῖν
1089 2050 1271 2115 αὐτὸν,
1314 2051 1399 2102 ἵνα
1539 2052 1754 2125 θανάτῳ
1786 2055 1886 2124 τῆς

307 2129 442 2193 ίδίας
467 2131 669 2202 σαρκὸς
704 2137 1021 2206 καταργήσῃ
1050 2136 1142 2189 τὸν
1168 2138 1414 2203 θάνατον,
1447 2141 1760 2212 ἀποστήσας
1790 2144 1883 2199 τοῦ

303 2219 510 2290 κόσμου
543 2221 642 2293 τὴν
674 2223 975 2295 ἁμαρτίαν.

369 2306 559 2376 οὗτος
580 2314 687 2380 τὰς
705 2315 993 2384 ἁμαρτίας
1018 2319 1183 2388 ἡμῶν
1205 2322 1388 2390 φέρει,
1430 2326 1527 2379 καί
1560 2327 1690 2395 περὶ
1718 2327 1884 2397 ἡμῶν

301 2399 607 2456 ὀδυνᾶται·
631 2405 728 2458 καί
751 2406 923 2474 ἡμεῖς
971 2408 1368 2480 ἐλογισάμεθα
1412 2415 1597 2468 αὑτὸν
1634 2413 1785 2471 εἶναι
1817 2418 1885 2470 ἐν

301 2494 486 2560 πόνῳ,
518 2495 615 2550 καὶ
644 2497 714 2550 ἐν
741 2499 972 2569 πληγῇ,
1013 2503 1111 2555 καί
1156 2505 1225 2556 ἐν
1269 2507 1544 2559 κακώσει.
1589 2511 1774 2575 Αὐτὸς
1817 2511 1885 2562 δὲ

301 2582 746 2656 ἑτραυματίσθη
776 2589 874 2644 διὰ
897 2591 1006 2657 τὰς
1025 2594 1314 2664 ἁμαρτίας
1348 2597 1534 2664 ἡμῶν,
1566 2598 1665 2652 καὶ
1696 2619 1884 2670 μεμα-

300 2675 582 2730 λάκισται
605 2677 704 2732 διὰ
731 2682 838 2746 τὰς
859 2682 1111 2751 ἀνομίας
1149 2685 1336 2752 ἡμῶν.
1371 2687 1612 2741 Παιδεία
1645 2690 1885 2760 εἰρήνης

300 2763 469 2828 ἡμῶν
495 2767 591 2820 ἐπ’
621 2770 826 2835 αὐτὸν,
850 2771 930 2836 τῷ
939 2773 1185 2842 μώλωπι
1209 2776 1395 2830 αὑτοῦ
1417 2779 1590 2846 ἡμεῖς
1617 2780 1880 2850 ίάθημεν.

303 2851 535 2920 Πάντες
565 2856 647 2922 ὡς
676 2860 940 2924 πρόϐατα
971 2863 1398 2934 ἐπλανήθημεν
1417 2884 1428 2897 ·
1475 2868 1782 2937 ἅνθρωπος
1811 2871 1885 2941 τῇ

301 2942 420 3006 ὀδῷ
445 2945 632 3000 αὐτοῦ
661 2949 998 3019 ἐπλανήθη,
1029 2954 1127 3007 καὶ
1153 2958 1367 3025 Κύριος
1394 2959 1735 3027 παρέδωκεν
1775 2966 1880 3016 ab-

299 3032 410 3084 τὸν
439 3033 565 3100 ταῖς
593 3036 907 3106 ἁμαρτίαις
929 3042 1118 3110 ἡμῶν.

389 3123 682 3196 Ὑπέμεινε
709 3130 962 3202 σταυρὸν,
993 3133 1256 3204 αἰσχύνης
1280 3137 1693 3208 καταφρονήσας
1718 3139 1746 3190 ὀ
1770 3138 1880 3192 Κύο

303 3231 421 3279 ριος
444 3216 602 3286 ήμῶν
643 3219 849 3290 Ἰησοῦς
871 3223 1125 3294 Χριστὸς,
1155 3227 1250 3279 καὶ
1290 3228 1510 3296 γέγονεν
1540 3229 1778 3297 ὑπήκοος
1801 3229 1880 3302 τῷ

303 3307 480 3377 "arpi.
517 3307 680 3380 μέχρι
723 3312 978 3375 θανάτου,
1025 3315 1121 3368 καὶ
1164 3316 1268 3384 τῆς
1316 3317 1580 3372 Ἰουδαίων
1624 3320 1883 3390 ἠνέσχετο

298 3399 640 3465 δυσσεϐείας,
671 3400 778 3466 ἵνα,
809 3403 884 3463 ὡς
916 3403 1052 3475 ἔφην
1091 3406 1314 3476 ἀρτίως,
1355 3410 1526 3482 ἀφέλῃ
1557 3410 1650 3464 τοῦ
1675 3412 1879 3483 κόσμου

297 3493 400 3558 τὴν
427 3492 728 3562 ἁμαρτίαν,
757 3493 910 3546 οὐδὲν
951 3495 1032 3558 είς
1079 3496 1237 3550 τοῦτο
1273 3499 1574 3570 κατορθοῦν
1606 3501 1881 3571 ἰσχύοντος

296 3582 395 3634 τοῦ
412 3581 637 3652 νομικοῦ
654 3585 1000 3654 γράμματος,
1024 3585 1142 3643 ἦτοι
1157 3587 1257 3656 τῆς
1273 3589 1412 3642 κατὰ
1435 3591 1593 3660 νόμον
1608 3591 1876 3663 λατρείας.

299 3673 414 3725 Καὶ
458 3672 568 3744 γὰρ
617 3669 684 3744 ἦν
735 3675 1014 3745 ἀμήχανον
1061 3671 1198 3745 αἷμα
1247 3676 1465 3746 τράγων
1519 3682 1609 3732 καὶ
1665 3682 1882 3753 ταύρων

301 3765 559 3834 ἀφαιρεῖν
598 3763 895 3835 ἁμαρτίας.
925 3767 1072 3830 Ἔξω
1099 3785 1162 3836 γε
1189 3768 1298 3838 μὴν
1323 3769 1421 3838 τῆς
1446 3770 1619 3841 πύλης
1657 3772 1878 3839 ἔπαθεν,

301 3855 410 3919 ῐνα,
442 3855 518 3919 ὡς
547 3856 577 3907 ὁ
603 3855 816 3920 Παῦλός
842 3873 996 3927 φησι,
1026 3859 1112 3911 διὰ
1142 3859 1236 3912 τοῦ
1262 3860 1389 3914 ίδίου
1415 3863 1646 3931 αἵματος
1678 3866 1880 3937 ἁγιάσῃ

298 3943 392 3996 τὸν
421 3943 577 3997 λαόν⁹
605 3943 840 3997 πέπονθε
864 3946 994 4016 γὰρ,
1029 3949 1128 4017 οὐχ
1163 3949 1300 4020 ὑπέρ
1331 3967 1393 4013 γε
1440 3952 1637 4019 μᾶλλον
1665 3954 1877 4017 ἑαυτοῦ,

298 4034 501 4088 πολλοῦ
537 4051 602 4104 γε
627 4037 722 4090 καὶ
751 4037 852 4102 δεῖ,
880 4037 996 4090 ἀλλ’
1025 4039 1166 4108 ὑπὲρ
1200 4040 1380 4110 πάσης
1401 4041 1498 4110 τῆς
1519 4043 1610 4094 ὑπ’
1632 4045 1875 4114 οὐρανόν.

1986 1899 2105 1938 rum
2143 1895 2384 1952 tempore
2432 1900 2538 1954 quo
2597 1902 2719 1940 eum
2769 1888 2877 1955 pati
2931 1890 3169 1958 oportuit
3215 1906 3227 1941 :
3283 1901 3342 1945 ut
3387 1903 3559 1948 morte

1986 1976 2216 2043 prepriae
2249 1977 2429 2031 carnis
2481 1988 2710 2033 mortem
2748 1979 3007 2044 aboleret,
3043 1991 3096 2036 et
3130 1983 3312 2040 mtmdi
3369 1999 3559 2053 pecca-

1987 2074 2096 2118 tum
2134 2065 2366 2120 tolleret.

2056 2328 2218 2385 Vens.
2259 2330 2383 2385 4-6.
2417 2331 2519 2386 llic
2543 2344 2751 2401 peccata
2781 2345 2957 2392 nostra
2983 2347 3178 2406 portat,
3215 2351 3261 2394 et
3288 2358 3383 2410 pro
3411 2346 3557 2398 nobis

1984 2421 2122 2473 dolet
2153 2437 2171 2474 :
2199 2431 2248 2476 et
2282 2439 2374 2476 nos
2407 2427 2701 2487 putarimus
2731 2428 2881 2480 illum
2920 2429 2975 2481 in
3023 2430 3200 2484 labore
3238 2448 3369 2495 esse,
3406 2445 3454 2487 et
3501 2436 3556 2487 in

1983 2512 2160 2580 plaga,
2187 2526 2233 2565 et
2257 2514 2308 2565 in
2340 2514 2632 2583 aﬂliclione.
2659 2515 2778 2581 Ipse
2807 2526 2983 2569 autem
3018 2519 3315 2576 vulneratus
3334 2532 3409 2576 est
3433 2540 3557 2589 pro-

1983 2615 2096 2668 pter
2121 2614 2331 2670 peccata
2357 2616 2559 2668 nostra,
2584 2616 2634 2658 et
2656 2606 2896 2672 inﬁrmus
2919 2607 3090 2674 [actus
3121 2618 3195 2662 est
3228 2623 3436 2678 promer
3459 2615 3557 2665 ini-

1983 2693 2211 2761 quitates
2251 2705 2478 2747 nostras.
2517 2695 2801 2765 Disciplina
2824 2701 2967 2767 pacis
2999 2711 3192 2754 nostra:
3223 2717 3377 2770 uiper
3416 2719 3554 2766 eum.

1986 2783 2146 2836 livore
2175 2783 2287 2851 ejus
2327 2800 2420 2837 nos
2450 2785 2622 2838 satiati
2653 2802 2854 2841 sumus.
2890 2785 3082 2842 Omnes
3110 2799 3164 2842 ut
3207 2805 3322 2844 oves
3353 2794 3556 2847 erraui-

1986 2889 2100 2928 ntus
2130 2888 2148 2925 :
2172 2874 2325 2927 homo
2356 2875 2407 2927 in
2448 2876 2532 2928 tia
2566 2894 2662 2930 sua
2689 2878 2901 2943 erravit,
2935 2889 2982 2932 et
3031 2879 3284 2936 Dominus
3334 2882 3556 2935 tradidit

1985 2978 2100 3015 eum
2127 2963 2486 3019 iniquitatibus
2521 2969 2733 3022 nostris.

2066 3136 2278 3191 Snbivit
2309 3154 2548 3206 crucem,
2583 3140 2874 3212 ignominia
2917 3152 3244 3214 contempta,
3295 3146 3555 3203 Dominus

1992 3239 2174 3282 noster
2198 3228 2354 3285 .lcsns
2384 3231 2653 3295 Christus,
2692 3237 2944 3288 etractus
2974 3244 3056 3290 est
3098 3237 3356 3292 obediens
3409 3237 3553 3293 Patri

1989 3336 2160 3388 usque
2185 3321 2250 3374 ad
2290 3333 2540 3386 mortem,
2581 3333 2635 3377 et
2667 3323 2974 3379 Judmorum
3019 3326 3346 3396 impietatem
3387 3330 3555 3384 susti-

1991 3409 2124 3472 nuit,
2162 3418 2239 3471 ttt,
2275 3411 2725 3478 quemadmodum
2755 3413 2865 3482 jam
2900 3414 3028 3477 dixi,
3068 3417 3246 3470 mundi
3280 3430 3554 3485 peccatum

1989 3496 2251 3560 auferret,
2288 3513 2407 3552 cum
2437 3499 2570 3553 nihil
2601 3501 2666 3552 ad
2705 3502 2804 3554 hoc
2834 3501 3018 3571 legalis
3057 3504 3232 3560 littera
3287 3506 3368 3560 vel
3425 3507 3558 3575 legis

1989 3588 2166 3641 ettltus
2187 3591 2531 3643 cnntlllcerel.
2566 3589 2674 3645 Nec
2705 3593 2853 3646 enim
2893 3594 3145 3662 possibile
3184 3609 3302 3653 erat
3341 3602 3557 3667 sangui-

1990 3693 2112 3729 netu
2151 3687 2423 3731 taurorum
2458 3689 2512 3732 et
2541 3680 2814 3736 hircorum
2846 3682 3059 3739 auferre
3104 3699 3343 3756 peccata.
3389 3690 3555 3744 Extra

1989 3777 2198 3834 portam
2226 3781 2417 3834 passus
2449 3776 2553 3830 est.
2579 3779 2657 3832 nt,
2683 3771 2839 3823 sicuti
2867 3772 3065 3828 Paulus
3109 3776 3186 3830 ait
3227 3777 3294 3844 ⁵⁷,
3343 3781 3558 3848 proprio

1990 3858 2255 3924 sanguine
2299 3858 2557 3928 populum
2596 3860 3004 3917 sanctiﬁcaret:
3037 3879 3227 3932 passus
3283 3879 3367 3923 est
3412 3871 3555 3924 enim

1991 3962 2093 4001 non
2122 3965 2218 4017 pro
2253 3951 2453 4019 seipse,
2484 3950 2534 4002 id
2565 3951 2706 4004 cnim
2737 3951 2893 4021 longe
2924 3953 3072 4009 abest
3102 3971 3130 4008 a
3163 3972 3311 4022 vero,
3337 3959 3430 4014 sed
3462 3976 3562 4029 pro

1991 4051 2101 4096 tota
2139 4042 2237 4095 sub
2266 4043 2387 4096 cmli
2415 4044 2696 4109 complexu
2725 4055 2888 4100 terra.
2912 4047 2975 4101 Et
3000 4048 3371 4109 lestillcabitur
3393 4055 3562 4110 etiam.
3601 4078 3609 4094 ι

297 4123 415 4178 Καὶ
467 4125 804 4194 μαρτυρήσει
847 4125 1074 4195 γράφων
1117 4131 1146 4181 ὁ
1191 4128 1462 4197 πάνσοφος
1498 4133 1708 4196 Παῦλος
1754 4138 1881 4206 περὶ

297 4215 398 4267 τοῦ
431 4215 565 4268 Θεοῦ
589 4217 682 4268 καὶ
709 4217 942 4287 Πατρὸς,
968 4218 1049 4270 ὅτι
1093 4238 1111 4269 ι
1135 4218 1241 4271 Τοῦ
1276 4220 1404 4273 ίδίου
1449 4222 1575 4275 Υἱοῦ
1603 4226 1700 4277 οῦκ
1730 4226 1879 4294 ἐφεί-

302 4322 459 4371 σατο,
489 4306 604 4359 ἀλλ’
625 4307 765 4376 ὑπὲρ
798 4307 954 4377 ήμῶν
990 4309 1207 4362 πάντων
1237 4312 1550 4381 παρέδωκεν
1579 4316 1758 4378 αὑτὸν,
1795 4319 1879 4370 ἴνα

1990 4133 2189 4186 l‘anlus
2222 4134 2676 4199 sapientissimus,
2712 4135 2958 4192 scribens
2987 4139 3053 4192 de
3087 4138 3196 4194 Deo
3235 4149 3289 4196 et
3335 4142 3496 4200 Patre
3539 4161 3552 4198 :
3603 4164 3614 4198 l

1994 4243 2014 4276 ι
2052 4224 2280 4293 Proprio
2309 4223 2444 4278 Filio
2469 4240 2570 4278 non
2603 4226 2864 4293 pepercit,
2894 4229 2986 4282 sed
3012 4245 3108 4300 pro
3133 4232 3287 4288 nobis
3308 4235 3560 4289 omnibus
3601 4215 3610 4301 ξ

1992 4319 2210 4370 tradidit
2238 4331 2381 4383 eum,
2408 4327 2465 4370 ut
2495 4328 2548 4370 et
2574 4333 2694 4372 cum
2715 4321 3189 4387 ipsootnnianobis
3215 4324 3514 4386 donaret”.
3533 4347 3554 4378 ι
3603 4325 3610 4387 Ξ

301 4397 400 4448 καὶ
423 4398 519 4450 σὺν
547 4397 700 4467 αὐτῷ
725 4398 794 4450 τὰ
826 4399 1004 4451 πάντα
1031 4402 1164 4469 ἡμῖν
1198 4404 1507 4473 χαρίσηται.
1536 4422 1554 4456 ι
1586 4408 1692 4459 Καὶ
1718 4408 1880 4470 αὐτὸς

1989 4409 2103 4473 Ιιιςο
2162 4409 2288 4461 item
2319 4409 2449 4461 dicit
2490 4424 2584 4477 per
2634 4410 2801 4479 lyram
2854 4410 3053 4466 Psaltze
3114 4413 3179 4467 ad
3238 4413 3453 4471 Patrem
3503 4428 3559 4470 et.

296 4487 358 4540 δέ
392 4487 659 4559 πούφησι
682 4487 772 4540 διὰ
807 4491 904 4559 τῆς
942 4490 1035 4542 τοῦ
1066 4492 1370 4554 Ψάλλοντος
1409 4494 1575 4566 λύρας
1608 4498 1744 4567 πρὸς
1789 4499 1880 4552 τὸν

1989 4500 2153 4552 licium
2192 4499 2242 4552 in
2275 4499 2429 4553 caelis
2465 4517 2476 4555 :
2519 4517 2538 4550 ι
2585 4500 2919 4555 Sacrificium
2959 4511 3010 4555 et
3039 4503 3362 4561 oblationem
3390 4484 3616 4568 nolui-_i

299 4581 362 4631 ὲν
402 4581 513 4642 τοῖς
555 4580 801 4650 οὐρανοῖς
854 4583 1070 4653 Πατέρα
1107 4584 1203 4637 καὶ
1249 4584 1418 4638 Θεὸν⁶
1480 4604 1498 4637 ι
1527 4586 1729 4642 Θυσίαν
1787 4589 1880 4644 καὶ

297 4669 618 4742 προσφορὰν
660 4672 759 4725 οὐκ
788 4672 1078 4744 ἠθέλησας,
1117 4675 1274 4746 σῶμα
1311 4677 1366 4730 δὲ
1411 4681 1721 4748 κατηρτίσω
1747 4699 1837 4752 μοι
1863 4723 1875 4736 .

309 4761 771 4832 Ὀλοκαυτώματα
822 4766 914 4818 καὶ
953 4767 1082 4836 περὶ
1117 4767 1384 4837 ἁμαρτίας
1430 4771 1530 4822 οὐκ
1564 4769 1879 4840 εὐδόκησας,

296 4853 423 4904 τότε
465 4849 616 4907 εἶπον
642 4871 658 4885 ο
716 4855 846 4908 Ἰδοὺ
875 4857 1014 4927 ήκω.
1070 4859 1156 4909 Ἑν
1184 4859 1427 4927 κεφαλίδι
1457 4859 1659 4928 βιὸλίου
1685 4862 1887 4932 γέγρα-

301 4962 435 4997 πται
468 4946 598 5016 περὶ
621 4948 780 5016 ἐμοῦ,
812 4949 905 5001 τοῦ
937 4949 1180 5019 ποιῆσαι,
1209 4953 1237 5002 ὁ
1278 4950 1428 5013 Θεὸς,
1456 4952 1516 5004 τὸ
1547 4951 1759 5022 θέλημά
1793 4971 1884 5005 σου

295 5035 635 5106 ἠϐουλήθην.
672 5055 690 5087 ι
735 5037 1018 5107 Ἀνονήτοιι
1059 5040 1166 5108 γὰρ
1191 5039 1356 5108 οῦσης
1384 5043 1494 5103 τοῖς
1527 5042 1618 5094 ἐπὶ
1647 5042 1748 5111 τῆς
1783 5043 1886 5110 γῆς

300 5127 382 5186 εἰς
411 5124 472 5178 τὸ
502 5126 720 5196 ἀφελεῖν
753 5129 1028 5199 ἁμαρτίας
1083 5130 1182 5200 τῆς
1226 5131 1366 5184 κατὰ
1402 5131 1566 5202 νόμον
1607 5131 1882 5204 λατρείας,

300 5217 537 5287 ἐπείπερ
575 5214 717 5290 ἦσαν
760 5221 1048 5294 ἀδούλητοι
1079 5222 1158 5293 τῷ
1185 5222 1303 5293 Θεῷ
1355 5223 1632 5293 βουθυσίαι
1682 5242 1738 5276 τε
1784 5226 1876 5277 καὶ

300 5307 597 5376 προϐάτων
633 5312 861 5379 σφαγαὶ,
893 5314 1332 5385 προσκεκὸμικεν
1359 5317 1550 5369 ἑαυτὸν
1581 5319 1660 5380 εἰς
1703 5317 1876 5387 ὀσμὴν

299 5397 532 5460 εὐωδίας
559 5400 697 5470 ὑπὲρ
729 5403 887 5472 ἡμῶν
915 5406 942 5456 ὸ
975 5405 1145 5473 ἀμνὸς
1175 5407 1200 5457 ὁ
1224 5405 1493 5474 ἀληθινὸς,
1525 5408 1552 5457 ὁ
1588 5407 1756 5477 αἴρων
1783 5409 1877 5477 τὴν

299 5491 581 5560 ἁμαρτίαν
600 5494 691 5546 τοῦ
711 5495 940 5566 κόσμου’
971 5493 1087 5548 εἶτα
1107 5495 1198 5547 τὸν
1227 5496 1326 5564 τῆς
1358 5499 1554 5568 σαρκὸς
1579 5499 1878 5570 ὑπομείνας

1987 4593 2054 4644 Sli
2092 4610 2102 4642 :
2144 4605 2336 4659 corpus
2373 4599 2549 4644 autem
2606 4592 2880 4659 perl‘ccisti
2935 4594 3087 4648 mibi.
3128 4594 3444 4650 llolocausta
3504 4609 3559 4651 et

1987 4698 2084 4751 pro
2119 4691 2341 4747 ιιι-(τοιιιο
2375 4696 2478 4734 non
2505 4683 2823 4752 aceeptasti,
2857 4693 2978 4737 tunc
3003 4685 3111 4738 dixi
3155 4700 3168 4738 :
3209 4687 3348 4742 Ecce
3377 4690 3556 4744 venio.

1988 4773 2042 4825 ln
2073 4774 2248 4823 ria-tite
2277 4772 2394 4824 libri
2432 4774 2690 4841 scriptum
2735 4785 2815 4827 est
2859 4776 2924 4830 de
2977 4793 3082 4843 tne,
3129 4787 3188 4832 ut
3223 4777 3475 4848 facerem,
3525 4800 3558 4838 ο

1987 4863 2145 4923 Dens,
2177 4862 2501 4916 voluntatem
2538 4871 2682 4916 tuam
2708 4864 2848 4919 volui
2889 4866 2956 4918 ⁵⁸.
2999 4885 3019 4917 ι
3067 4865 3198 4919 Nam
3245 4883 3365 4922 cum
3422 4869 3557 4940 legis

1982 4951 2156 5002 cultus
2220 4951 2284 5002 ad
2334 4951 2566 5005 tollenda
2631 4961 2848 5020 peccata
2899 4963 3053 5007 terra:
3111 4956 3300 5011 incolis
3367 4972 3553 5026 parum

1981 5041 2304 5110 prodesset:
2343 5058 2446 5093 non
2480 5041 2624 5093 enim
2667 5041 2773 5093 [leo
2821 5041 3102 5106 placebant
3149 5045 3308 5099 boum
3351 5058 3555 5102 macta-

1985 5133 2177 5188 tiones.
2204 5133 2451 5185 etovinm
2488 5131 2713 5185 laniena?
2748 5151 2759 5186 :
2799 5134 3033 5202 seipsnm
3073 5136 3122 5188 in
3160 5137 3379 5192 odorem
3405 5139 3558 5192 bonze

1984 5221 2294 5292 fragrantia:
2322 5239 2416 5291 pro
2467 5222 2624 5277 nobis
2669 5223 2883 5286 obtulit,
2940 5225 3100 5296 745
3159 5242 3327 5296 agnus
3377 5244 3556 5293 verus,

1985 5316 2076 5381 qui
2111 5315 2246 5366 tollit
2277 5323 2554 5382 peccatum
2603 5313 2783 5366 mundi
2845 5333 2856 5368 :
2909 5313 3102 5371 deinde
3145 5321 3324 5374 carnis
3383 5327 3558 5373 morte

1987 5422 2259 5478 perpessa,
2290 5415 2459 5459 totum
2485 5407 2668 5460 orbem
2697 5407 2796 5459 sub
2818 5407 2940 5463 cceli
2993 5407 3274 5480 complexu
3311 5409 3557 5464 liberavit

1987 5511 2040 5557 ct
2071 5519 2100 5555 a
2132 5512 2303 5556 mone
2333 5508 2384 5552 et.
2420 5513 2446 5551 a
2485 5506 2726 5568 peccato.
2765 5497 2911 5554 Unus
2947 5500 3087 5555 enim
3117 5503 3286 5557 instar
3316 5499 3552 5556 ninnium

376 5678 422 5714 ἐ
447 5678 556 5734 Luc
588 5693 726 5746 χχιι,
751 5677 838 5734 64.
917 5676 980 5710 ’θ’
1012 5677 1114 5736 lsa.
1145 5697 1198 5746 L,
1229 5682 1280 5737 Ε.
1359 5682 1401 5714 ⁸⁷
1430 5682 1588 5740 Hebr.
1621 5701 1743 5751 χιιι,
1769 5685 1855 5742 12.

2004 5687 2159 5742 Rom.
2192 5701 2306 5750 ι-ιιι,
2347 5686 2434 5741 52.
2512 5686 2558 5718 "
2585 5684 2731 5741 Psal.
2775 5699 2960 5746 χχιιι,
2990 5683 3085 5736 7-9
