4140 6552
582 377 721 437 H75

1606 380 1661 435 S.
1703 379 1976 437 CYﬂlLLl
2012 381 2484 440 ALEXANDRINI
2525 384 2845 441 ARCIIIEP.

3707 382 3850 438 H76

583 508 775 565 passus
802 502 887 549 est
919 507 1019 563 pro
1070 495 1343 558 omnibus,
1393 502 1452 549 ut
1498 496 1736 550 omnium
1782 498 2151 553 dominaretur

2269 501 2506 564 ὶάνατον,
2567 500 2695 571 ὃλην
2751 500 3097 571 ἠλευθέρωσε
3148 498 3248 568 τὴν
3298 497 3389 550 ὑπ’
3431 497 3687 569 οὐρανὸν,
3751 502 3849 553 καὶ

584 596 639 641 et
670 596 939 656 regnaret.
976 585 1333 641 Conﬁrmabit
1354 587 1515 642 etiam
1542 586 1737 641 iterum
1766 588 1985 653 Paulus,
2014 589 2151 644 seri-

585 678 717 732 hens
753 692 769 732 :
810 695 832 729 ι
864 678 1090 747 Propter
1115 678 1215 732 hoc
1231 676 1483 734 Chrisms
1504 689 1747 735 mortuus
1780 690 1863 735 est
1892 690 1947 735 et
1996 680 2153 745 vixit,

584 778 643 821 ut
666 778 719 821 et
748 768 975 822 mortuis
1003 777 1058 822 et
1089 769 1228 824 vivis
1257 769 1593 838 imperitaret
1623 772 1690 826 “.
1734 791 1753 823 ι
1791 772 1855 826 Ει
1894 774 2087 829 iterum
2137 791 2151 828 :

589 874 610 907 ε
646 855 796 912 Unus
825 872 923 927 pro
951 858 1107 913 nobis
1139 868 1383 915 mortuus
1414 870 1518 926 est,
1560 870 1619 915 ut
1662 862 1750 930 qui
1798 863 2005 930 vivunt,
2050 880 2156 919 non

575 948 691 1017 jam
725 948 829 1003 sibi
857 948 1063 1014 vivant,
1097 951 1190 1005 sed
1226 951 1274 1005 ei
1309 952 1399 1019 qui
1434 967 1530 1020 pro
1562 952 1692 1022 ipsis
1729 963 1972 1009 mortuus
1998 966 2081 1011 est
2104 965 2158 1011 et

583 1039 852 1094 excitatus
882 1041 946 1094 “.
991 1060 1010 1091 ι
1047 1041 1211 1096 Recte
1262 1042 1424 1112 igitur
1483 1043 1657 1111 inquit
1702 1046 1964 1113 propheta
2006 1065 2019 1100 :
2061 1046 2158 1103 Hic

588 1129 639 1182 in
673 1129 827 1200 plaga
866 1132 1095 1199 positus,
1126 1133 1304 1187 sciens
1336 1132 1476 1188 ferre
1501 1134 1867 1199 inﬁrmitates,
1910 1150 2156 1192 aversam

586 1220 791 1275 habens
842 1220 1057 1287 faciem,
1101 1231 1463 1292 contemptus,
1498 1235 1554 1277 et
1588 1240 1690 1278 non
1720 1236 2016 1296 reputatus,
2062 1243 2159 1282 uo-

589 1320 701 1365 stra
726 1322 949 1380 peccata
984 1314 1114 1381 fert,
1138 1322 1193 1368 et
1222 1329 1319 1383 pro
1348 1315 1506 1370 nobis
1541 1315 1704 1382 dolet,
1736 1326 1788 1372 et
1823 1333 1919 1373 nos
1951 1319 2160 1387 putavi-

588 1417 711 1458 mus
738 1416 861 1457 eum
898 1406 950 1457 in
977 1404 1168 1461 labore
1186 1420 1327 1470 esse,
1366 1414 1420 1461 et
1456 1405 1507 1461 in
1559 1407 1734 1478 plaga,
1780 1417 1834 1464 et
1885 1410 1937 1463 in
1992 1410 2160 1466 amic-

590 1493 760 1547 tione.
829 1494 1024 1565 Specta
1075 1497 1208 1551 mihi
1268 1512 1457 1552 rursus
1517 1508 1719 1567 quanto
1752 1500 1987 1554 artiﬁcio
2041 1517 2166 1571 pro-

588 1585 799 1653 phetica
864 1586 918 1641 in
969 1586 1073 1641 hoc
1118 1587 1237 1641 loco
1286 1590 1663 1657 progrediatur
1692 1590 1887 1645 oratio.
1916 1590 2163 1662 Fingitur

588 1678 733 1731 enim
770 1691 998 1747 persona
1034 1692 1219 1733 eorum
1245 1680 1334 1748 qui
1358 1679 1563 1737 Christi
1598 1682 1920 1752 ignorabant
1962 1692 2164 1753 myste-

590 1767 753 1831 rium,
780 1767 872 1836 qui
904 1768 1291 1824 esistimabant
1334 1769 1454 1825 ideo
1492 1786 1618 1826 eum
1647 1785 1862 1841 passum
1912 1786 2052 1835 esse,
2101 1781 2161 1826 ut

2257 590 2510 655 Θανάτου,
2542 590 2637 644 καὶ
2665 590 2957 661 ἁμαρτίας.
2999 582 3095 652 Εἷς
3123 589 3231 658 γάρ
3269 591 3298 642 6
3330 588 3545 640 πάντων
3576 586 3854 651 ἀνταξιῶ-

2257 697 2413 753 τερος
2438 680 2707 735 πέπονθεν
2733 681 2874 752 ὑπὲρ
2901 681 3140 744 πάντων,
3189 678 3277 732 ἴνα
3306 679 3525 732 πάντων
3552 680 3736 749 κρατῇ
3788 694 3850 729 τε

2258 773 2354 827 καὶ
2378 772 2661 844 βασιλεύῃ.
2702 773 2815 827 Καὶ
2856 771 3189 826 πιστώσεται
3220 771 3384 825 πάλιν
3409 771 3437 822 6
3465 770 3682 831 Παῦλος
3707 770 3852 839 γρά-

2260 878 2397 934 φων”
2442 883 2459 915 ι
2493 863 2592 917 Διά
2626 864 2783 917 τοῦτο
2813 865 3049 934 Χριστὸς
3074 862 3312 917 ἀπέθανε
3362 864 3455 915 καὶ
3490 862 3712 931 ἔζησεν,
3764 862 3855 913 ἵνα

2260 954 2353 1007 καὶ
2378 955 2586 1026 νεκρῶν
2613 954 2707 1008 καὶ
2744 953 2960 1019 ζώντων
2989 953 3274 1025 κυριεύσῃ.
3310 973 3331 1005 ο
3355 953 3462 1007 Καὶ
3488 953 3655 1005 πάλιν
3674 968 3688 979 ·
3725 945 3859 1013 «Εἷς

2261 1044 2401 1113 ὑπὲρ
2438 1044 2657 1098 πάντων
2703 1044 2996 1109 ἀπέθανεν,
3037 1045 3124 1097 ἶνα
3163 1047 3211 1097 οἱ
3253 1042 3453 1106 ζῶντες
3484 1043 3690 1113 μηκέτι
3723 1043 3860 1094 ἑαυ-

2258 1136 2373 1197 τοῖς
2420 1134 2607 1198 ζῶσιν,
2658 1134 2793 1189 ἀλλὰ
2838 1135 2914 1206 τῷ
2957 1135 3099 1205 ὑπὲρ
3139 1134 3323 1188 αύτῶν
3376 1134 3708 1187 ἀποθανόντι
3761 1131 3860 1184 καὶ

2261 1222 2560 1293 ἐγερθέντι.
2595 1242 2613 1275 ι
2686 1224 2892 1297 Ὀρθῶς
2945 1220 3038 1277 οὖν
3093 1224 3124 1276 6
3190 1224 3478 1294 προφήτης
3526 1224 3719 1294 φησὶν,
3773 1223 3860 1274 ὅτι

2270 1332 2288 1365 ι
2315 1308 2483 1378 Οὗτος
2513 1316 2541 1367 6
2572 1315 2629 1367 ὲν
2658 1314 2838 1386 πληγῇ
2886 1314 2962 1367 ὣν
2993 1317 3021 1368 6
3042 1315 3196 1379 εἰδὼς
3233 1316 3421 1387 φέρειν
3474 1314 3780 1384 μαλακίας,
3831 1313 3861 1364 6

2262 1403 2717 1475 ἀπεστραμμένον
2748 1404 2886 1475 ἔχων
2906 1405 2969 1458 τὸ
2990 1405 3303 1476 πρόσωπον,
3331 1408 3360 1458 6
3383 1404 3732 1476 ἀτιμασθεὶς,
3756 1402 3864 1456 καὶ

2267 1495 2341 1565 μὴ
2371 1494 2661 1562 λογισθεὶς,
2714 1495 2812 1559 τὰς
2840 1496 2999 1567 ήμῶν
3032 1497 3311 1568 ἁμαρτίας
3350 1497 3531 1569 φέρει,
3583 1497 3681 1549 καὶ
3720 1496 3863 1563 περὶ

2269 1584 2428 1654 ήμῶν
2454 1585 2729 1652 ὀδυνᾶται,
2773 1587 2868 1640 καὶ
2902 1588 3067 1658 ἡμεῖς
3095 1587 3463 1659 ἐλογισάμεθα
3498 1587 3665 1640 αὑτὸν
3713 1583 3860 1639 εἶναι

2264 1677 2322 1728 ὲν
2358 1675 2525 1745 πόνῳ,
2562 1676 2655 1729 κα)⁸
2702 1680 2759 1730 έν
2804 1677 3010 1748 πληγῇ,
3041 1678 3136 1732 καὶ
3193 1680 3251 1731 έν
3294 1678 3561 1733 κακώσει.
3594 1698 3613 1731 ι
3658 1679 3863 1750 Ἀθρει

2265 1768 2327 1836 δή
2368 1784 2458 1837 μοι
2489 1766 2669 1831 πάλιν,
2704 1768 2825 1837 μεθ’
2847 1769 2982 1840 ὅσης
3018 1770 3298 1840 εὐτεχνίας
3334 1772 3363 1824 6
3410 1770 3754 1842 προφητικὸς
3799 1771 3865 1822 ὲν

588 1872 812 1913 suorum
868 1867 1215 1929 peccatorum
1281 1874 1472 1930 pwnas
1519 1862 1773 1917 solveret.
1847 1861 2161 1917 Putavimus

2269 1858 2468 1921 τούτοις
2494 1858 2706 1929 πρόεισι
2728 1857 2904 1927 λόγος.
2923 1859 3355 1915 Ὑποπλάττεται
3401 1861 3512 1932 γάρ
3561 1862 3862 1932 πρόσωπον

586 1950 733 2004 enim
764 1964 890 2004 eum
929 1964 1052 2005 esse
1085 1950 1139 2005 in
1172 1950 1375 2019 labore,
1411 1960 1467 2007 et
1507 1952 1560 2007 in
1597 1952 1771 2024 plaga,
1804 1952 1999 2022 inquit,
2026 1963 2081 2007 et
2111 1953 2164 2007 in

591 2041 901 2109 amictioue,
934 2043 986 2097 id
1013 2052 1119 2106 est,
1155 2042 1413 2099 divinitus
1441 2044 1490 2098 ei
1537 2043 1639 2099 hoe
1688 2043 1982 2111 contigisse
2021 2041 2167 2096 arbi-

591 2134 718 2187 trati
771 2148 959 2187 sumus
1008 2143 1066 2187 ut
1114 2142 1411 2203 pateretur,
1448 2145 1671 2205 propter
1710 2135 1885 2197 aliqua
1921 2145 2163 2202 peccata,

590 2233 646 2278 et
668 2224 772 2278 hac
796 2225 862 2278 de
886 2238 1075 2285 causa,
1108 2232 1167 2276 ut
1197 2224 1246 2277 in
1284 2224 1487 2291 labore,
1516 2234 1570 2279 et
1601 2225 1651 2277 in
1699 2225 1871 2293 plaga,
1912 2234 1966 2276 et
2006 2224 2057 2277 iu
2087 2222 2168 2277 af-

592 2314 830 2369 ﬂictione
858 2325 1185 2370 versaretur.
1205 2317 1276 2369 At
1304 2316 1381 2370 sic
1409 2330 1496 2370 res
1521 2330 1861 2385 nequaquam
1894 2330 1951 2369 se
1980 2314 2166 2380 habet,

593 2406 688 2461 sed
719 2406 1033 2463 vulneratus
1062 2415 1145 2462 est
1175 2415 1397 2476 propter
1430 2418 1647 2477 peccata
1675 2419 1879 2470 nostra,
1930 2415 1983 2460 et
2016 2404 2170 2459 inﬁr-

598 2510 718 2551 mus
760 2498 936 2553 lactus
982 2507 1068 2552 est
1117 2510 1337 2567 propter
1374 2499 1689 2568 iniquitates
1731 2507 1971 2553 nostras.
2022 2494 2169 2551 Alias

593 2589 784 2645 deinde
816 2589 1056 2644 rationes
1074 2589 1267 2655 reddit,
1292 2590 1435 2645 unde
1457 2590 1802 2660 perspicuum
1830 2597 1914 2644 est
1972 2596 2169 2643 nostra:

593 2680 786 2735 salutis
810 2691 865 2735 et
894 2680 1017 2735 vita:
1046 2694 1207 2736 causa
1234 2696 1357 2735 eum
1384 2696 1602 2751 passum
1637 2680 1824 2743 fuisse,
1852 2679 1943 2751 qui
1978 2693 2170 2750 pecea-

597 2783 711 2828 tum
742 2786 848 2827 uon
877 2771 1049 2827 novit.
1076 2770 1216 2827 Olim
1247 2771 1392 2825 enim
1421 2770 1562 2826 odiis
1588 2778 1645 2825 et
1678 2770 1958 2826 simultate
1985 2785 2012 2823 a
2058 2768 2169 2825 Deo

594 2861 1016 2926 dissidebamus,
1053 2859 1419 2916 sacrosanctis
1460 2859 1577 2927 ejus
1625 2870 1985 2931 repugnantes
2041 2858 2171 2929 legi-

593 2954 721 3019 bus,
749 2962 804 3009 et
827 2951 1145 3007 obedientia:
1170 2952 1300 3021 jugo
1322 2966 1427 3005 non
1460 2949 1710 3019 subjecti,
1755 2966 1821 3004 ac
1874 2951 1920 3004 ei
1964 2950 2172 3006 servire

593 3053 903 3099 renuentes.
930 3042 1037 3099 Sed
1061 3052 1199 3108 erat,
1233 3043 1431 3113 inquit,
1464 3055 1690 3097 necesse
1742 3043 1967 3097 verbere
2008 3041 2172 3096 casti-

592 3134 709 3205 gari
743 3150 863 3201 nos,
892 3135 984 3204 qui
1009 3149 1075 3189 eo
1102 3135 1342 3193 audaciae
1374 3134 1608 3204 prolapsi
1627 3148 1868 3198 eramus,
1897 3143 2006 3187 uta
2026 3131 2171 3187 vitiis

594 3227 942 3293 recedentes,
999 3227 1340 3282 inimicitiam
1395 3226 1797 3291 dirimeremus,
1878 3239 2172 3295 pacemque

593 3334 717 3376 cum
747 3320 859 3374 Deo
892 3319 1172 3384 iniremus,
1205 3317 1572 3373 submittendo
1597 3317 1645 3371 ei
1675 3317 1964 3379 cervicem,
2009 3324 2064 3370 et
2117 3315 2173 3371 id

595 3411 740 3482 quod
769 3411 820 3468 ei
851 3411 1031 3481 placet
1060 3410 1366 3466 clliciendo.
1394 3409 1499 3466 Sed
1533 3411 1671 3471 haec,
1706 3408 1902 3478 inquit,
1935 3405 2174 3476 discipli-

595 3522 689 3574 na,
721 3522 843 3585 quae
874 3506 1155 3560 inferenda
1198 3514 1317 3561 erat
1348 3506 1525 3573 potius
1554 3502 1920 3573 peccantibus,
1959 3510 2018 3557 ut
2063 3500 2173 3558 Deo

596 3594 800 3650 bellum
830 3593 1031 3649 inferre
1061 3595 1392 3657 desinerent,
1431 3595 1482 3647 in
1525 3595 1695 3663 ipsum
1723 3594 1961 3649 devenit.
1985 3592 2169 3661 quue,

595 3687 812 3755 opiner,
842 3695 963 3740 est:
995 3685 1283 3754 Disciplina
1318 3687 1468 3754 pacis
1492 3694 1691 3740 nostra:
1713 3700 1874 3753 super
1889 3699 2034 3738 eum.
2065 3683 2171 3739 Sed

594 3776 813 3847 planius
864 3778 1054 3831 borum
1111 3776 1401 3830 verborum
1456 3790 1676 3831 sensum
1740 3776 1980 3844 eXponit.
2046 3788 2169 3828 mox

596 3866 936 3938 subjungens
974 3885 991 3925 ι
1026 3866 1220 3921 Livore
1262 3865 1380 3935 ejus
1410 3882 1504 3922 nos
1537 3868 1712 3921 sanati
1740 3881 1947 3919 sumus.
1977 3864 2175 3920 Passus

597 3959 747 4013 enim
797 3967 905 4024 est,
946 3969 1004 4012 ut
1048 3958 1179 4021 dixi,
1225 3972 1322 4026 pro
1366 3957 1539 4011 nobis.
1582 3956 1784 4011 Omnes
1817 3970 1914 4011 nos
1940 3955 2085 4009 enim
2116 3963 2176 4009 ut

593 4051 762 4125 746
785 4065 915 4107 oves
948 4051 1269 4114 erravimus,
1303 4050 1533 4119 quisque
1584 4049 1664 4100 via
1709 4062 1805 4102 sua
1847 4047 2073 4111 erravit,
2119 4056 2175 4101 et

595 4143 859 4199 Dominus
897 4157 1019 4196 eum
1055 4141 1277 4196 tradidit
1310 4156 1406 4210 pro
1439 4139 1639 4194 nostris
1684 4140 1941 4208 peccatis.
1989 4139 2174 4207 Itaque

594 4231 898 4286 erravimus
925 4246 1044 4294 nos,
1074 4245 1103 4284 a
1130 4229 1239 4285 Deo
1264 4231 1479 4284 vivente
1509 4227 1826 4291 defecimus,
1872 4227 2174 4295 voluptates

596 4328 811 4377 nostra:
837 4328 1229 4375 consectantes.
1255 4320 1414 4389 Atqui
1435 4321 1801 4375 universorum
1821 4318 2101 4379 Dominus.
2119 4319 2174 4371 id

595 4419 679 4464 est
736 4409 876 4464 Deus
903 4418 958 4464 et
987 4408 1164 4473 Pater,
1190 4419 1407 4479 propter
1452 4417 1668 4478 peccata
1707 4416 1893 4462 nostra
1950 4404 2175 4459 tradidit

2266 1950 2376 2005 τῶν
2408 1951 2482 2022 μὴ
2515 1952 2734 2005 εἰδότων
2767 1951 2829 2005 τὸ
2852 1952 3090 2021 Χριστοῦ
3129 1954 3447 2024 μυστήριον,
3478 1954 3776 2022 οἰηθέντων
3800 1953 3860 2005 δὲ

2268 2041 2351 2094 ὅτι
2390 2041 2615 2109 γέγονεν
2654 2043 2712 2094 ὲν
2752 2040 2829 2111 τῷ
2862 2040 3077 2105 παθεῖν,
3121 2041 3198 2104 ὡς
3248 2042 3393 2096 ἰδίων
3442 2044 3862 2114 ἁμαρτημάτων

2267 2133 2614 2204 ἀποστήσων.
2667 2132 3064 2202 Ἐλογισάμεθα
3097 2133 3206 2206 γὰρ
3234 2135 3397 2188 αὐτὸν
3421 2131 3565 2188 εἶναι
3597 2137 3658 2189 ὲν
3684 2136 3857 2205 πόνῳ,

2267 2225 2362 2278 καὶ
2392 2226 2449 2277 ἐν
2471 2225 2673 2295 πληγῇ,
2698 2225 2788 2277 καὶ
2812 2225 2872 2277 ὲν
2897 2224 3161 2290 κακώσει,
3181 2226 3337 2295 φησι,
3365 2227 3663 2290 τουτέστιν,
3677 2225 3860 2295 ἐνομί-

2272 2330 2446 2384 σαμεν
2496 2313 2757 2385 θεήλατον
2796 2314 2884 2367 ἐπ’
2917 2312 3066 2385 αύτῷ
3116 2314 3389 2385 συμϐῆναι
3438 2314 3499 2369 τὸ
3548 2315 3742 2377 πάθος,
3784 2314 3861 2379 ὡς

2267 2405 2355 2461 διά
2389 2422 2540 2468 τινας
2570 2405 2867 2477 ἁμαρτίας,
2900 2404 3105 2477 ταύτης
3141 2424 3201 2459 τε
3230 2407 3395 2460 ἕνεκα
3451 2407 3552 2479 τῆς
3582 2406 3860 2477 ἁμαρτίας

2269 2498 2328 2549 ἐν
2358 2497 2525 2567 πόνῳ,
2558 2496 2652 2549 καὶ
2673 2497 2730 2549 έν
2756 2496 2961 2568 πληγῇ,
2996 2498 3091 2550 καὶ
3122 2499 3182 2553 ἐν
3213 2498 3457 2551 κακώσει
3480 2499 3763 2567 γενέσθαι.
3786 2499 3860 2550 τὸ

2270 2588 2326 2642 δὲ
2356 2589 2454 2659 οὐχ
2476 2587 2649 2651 οὕτως
2681 2587 2792 2658 ἔχει
2827 2588 3014 2653 ποθὲν,
3050 2588 3168 2643 ἀλλ’
3209 2589 3616 2660 ἐτραυματίσθη
3656 2590 3861 2659 μᾶλλον

2269 2679 2358 2733 διὰ
2394 2678 2494 2743 τὰς
2524 2677 2800 2748 ἁμαρτίας
2830 2679 3008 2749 ἡμῶν,
3048 2680 3145 2734 καὶ
3186 2679 3595 2750 μεμαλάκισται
3629 2679 3721 2733 διὰ
3765 2680 3857 2741 τὰς

2269 2770 2502 2841 ἀνομίας
2528 2769 2705 2841 ἡμῶν.
2738 2765 2871 2822 Εἶτα
2903 2770 2996 2824 καὶ
3035 2770 3256 2841 ἑτέρους
3299 2769 3594 2823 ἀποδίδωσι
3639 2768 3859 2836 λόγους,

2268 2862 2335 2916 δι’
2364 2858 2440 2915 ὧν
2478 2861 2624 2915 ἔστιν
2655 2862 2802 2927 ἰδεῖν,
2834 2862 2915 2915 ὅτι
2946 2862 3047 2931 τῆς
3075 2861 3351 2933 ἡμετέρας
3376 2862 3539 2917 ἕνεκα
3562 2863 3859 2932 σωτηρίας,

2270 2955 2366 3007 καὶ
2404 2953 2571 3024 ζωῆς,
2606 2954 2829 3023 γέγονεν
2863 2956 2922 3009 ὲν
2964 2954 3043 3025 τῷ
3080 2954 3275 3008 παθεῖν
3306 2956 3335 3006 6
3366 2953 3439 3023 μή
3475 2952 3633 3015 εἰδὼς
3682 2954 3858 3024 ἀμαρ-

2269 3045 2413 3099 τίαν.
2461 3046 2636 3098 Πάλαι
2680 3045 2779 3116 μὲν
2809 3046 2920 3117 γὰρ
2959 3046 3367 3117 διειστήκειμεν
3410 3048 3491 3108 είς
3538 3044 3742 3116 ἔχθραν
3783 3044 3861 3112 τῷ

2270 3136 2414 3207 Θεῷ,
2438 3138 2550 3199 τοῖς
2578 3137 2742 3206 ἰεροῖς
2766 3136 2934 3189 αὐτοῦ
2964 3137 3259 3207 μαχόμενοι
3286 3136 3497 3203 νόμοις,
3531 3134 3735 3187 καὶτὸν
3764 3135 3861 3202 τῆς

2271 3226 2580 3290 εὐπειθείας
2605 3227 2706 3280 οὐκ
2732 3226 2948 3297 ἔχοντες
2985 3226 3172 3295 ζυγὸν,
3201 3226 3295 3280 καὶ⁸
3324 3226 3388 3279 τὸ
3417 3226 3686 3279 δουλεύειν
3711 3224 3861 3294 αὐτῷ

2276 3318 2727 3389 παραιτούμενοι.
2794 3317 2937 3373 Ἀλλ’
2969 3314 3041 3388 ἦν
3080 3319 3398 3386 ἀναγκαῖον,
3435 3319 3589 3387 φησι,
3633 3319 3859 3387 μάστιγι

2272 3407 2630 3462 παιδεύεσθαι
2677 3409 2807 3471 τοὺς
2850 3409 2932 3471 είς
2964 3407 3125 3461 τοῦτο
3178 3407 3413 3477 θράσους
3460 3406 3857 3477 ὠλισθηκότας·

2273 3502 2361 3554 ἴνα
2392 3500 2500 3553 τῶν
2530 3500 2751 3570 φαύλων
2783 3501 3279 3571 ἀπαφοιτήσαντες,
3323 3499 3719 3568 καταλύσωμεν
3762 3500 3860 3566 τήν

2275 3593 2500 3663 ἔχθραν,
2550 3594 2644 3647 καὶ
2688 3592 3096 3665 εἰρηνεύσωμεν
3127 3593 3264 3662 πρὸς
3314 3592 3471 3657 Θεὸν,
3520 3592 3612 3645 δια
3656 3607 3723 3656 γε
3765 3589 3861 3642 τοῦ

2274 3682 2596 3753 καθυφεῖναι
2651 3683 2749 3753 μὲν
2804 3684 2955 3756 αὐτῷ
3006 3683 3097 3737 τὸν
3150 3684 3376 3754 αὐχένα,
3442 3682 3740 3753 πειρᾶσθαι
3803 3683 3856 3735 δδ

2273 3774 2575 3845 κατορθοῦν
2614 3775 2674 3830 τὸ
2716 3774 2949 3848 ἀρέσκον
2987 3776 3156 3845 αύτῷ.
3206 3775 3348 3828 Ἀλλ’
3400 3774 3561 3845 αῦτη,
3607 3775 3857 3845 φησίν,ή

2276 3865 2517 3927 παιδεία,
2543 3865 2608 3936 ἢν
2637 3865 2995 3936 ἐπενεχθῆναι
3024 3865 3225 3935 μᾶλλον
3257 3866 3428 3936 ἐχρῆν
3466 3868 3577 3927 τοῖς
3609 3868 3854 3935 ﬂuam-

2276 3957 2450 4022 κόσιν,
2485 3957 2574 4010 ἴνα
2605 3955 3002 4019 καταλλάξειαν
3028 3956 3109 4023 (1)
3141 3955 3505 4025 πολεμοῦντες
3531 3953 3673 4025 Θεῷ,
3700 3950 3857 4023 ἦλθεν

2273 4048 2360 4101 ἐπ’
2409 4047 2588 4101 αὐτόν.
2644 4048 2754 4100 Καὶ
2787 4046 2964 4112 τοῦτο,
2990 4042 3176 4117 οἶμαι,
3206 4046 3287 4109 τὸ,
3348 4046 3574 4100 Παιδεία
3638 4047 3854 4115 είρήνης

2273 4134 2432 4207 ἡμῶν
2468 4137 2555 4189 ἐπ’
2581 4136 2761 4191 αὐτόν.
2810 4136 3155 4207 Σαφέστερον
3181 4136 3239 4189 δὲ
3282 4135 3574 4206 καθίστησι
3626 4136 3727 4204 τήν
3767 4135 3854 4185 τοῦ

2274 4229 2635 4299 προκειμένου
2666 4228 2924 4293 διάνοιαν,
2960 4229 3271 4296 ἐπενεγκὼν
3300 4228 3482 4291 εὐθὺς,
3514 4226 3606 4299 Τῷ
3635 4226 3851 4297 μώλωπι

2274 4321 2436 4375 αὐτοῦ
2477 4322 2638 4390 ἡμεῖς
2672 4321 2923 4392 ἰάθημεν.
2959 4321 3199 4375 Πέπονθε
3243 4322 3372 4391 γὰρ,
3419 4320 3495 4383 ὡς
3531 4320 3692 4390 ἔφην,
3722 4318 3852 4388 ύπὲς

2275 4411 2451 4480 ήμῶν.
2499 4409 2706 4474 Πάντες
2756 4411 2855 4481 μὲν
2906 4412 3016 4482 γὰρ
3045 4412 3121 4475 ὡς
3149 4410 3395 4483 πρόϐατα
3453 4409 3853 4481 ὲπλανήθημεψ

597 4515 747 4562 eum,
777 4509 833 4554 ut
865 4514 965 4556 nos
994 4515 1024 4554 a
1057 4515 1213 4571 paena
1242 4499 1567 4566 absolveret,
1608 4499 1997 4567 credentesque
2037 4510 2167 4549 con-

2281 4499 2563 4570 ἄνθρωπος
2606 4502 2670 4570 τῇ
2705 4500 2808 4571 ὁδῴ
2835 4501 2996 4554 αὐτοῦ
3034 4502 3335 4573 ἐπλανήθη,
3362 4506 3458 4555 καὶ
3488 4500 3699 4572 Κύριος
3719 4516 3827 4570 παρ

599 4602 864 4650 servaret.
922 4592 1073 4660 Quod
1134 4606 1241 4647 non
1292 4592 1548 4662 ignorans
1589 4588 1837 4645 Christus
1867 4588 1982 4655 ipse
2024 4586 2099 4640 ait
2145 4601 2163 4639 :

601 4704 623 4737 ι
661 4684 753 4740 Sic
777 4685 921 4740 enim
950 4683 1138 4739 dilexit
1186 4682 1327 4737 Deus
1366 4681 1648 4744 mundum,
1692 4689 1749 4734 ut
1786 4677 1977 4734 Filium
2010 4691 2167 4733 suum

597 4779 932 4847 unigenitum
971 4778 1145 4842 daret,
1181 4785 1237 4829 ιιι
1259 4775 1433 4830 omnis
1458 4773 1549 4844 qui
1574 4772 1748 4828 credit
1786 4772 1838 4826 in
1883 4786 2036 4835 eum,
2062 4784 2170 4826 non

597 4875 801 4934 pereat,
827 4868 918 4920 sed
942 4865 1137 4918 habeat
1168 4864 1330 4919 vitam
1356 4872 1613 4917 aeternam
1643 4859 1785 4911 ⁶²·⁶³.
1828 4878 1847 4913 ι

2272 4591 2472 4647 έδωκεν
2489 4590 2652 4645 αὑτὸν
2680 4593 2798 4655 ταῖς
2826 4593 3123 4663 ἁμαρτίαις
3153 4594 3327 4665 ήμῶν.
3350 4593 3565 4647 Οὐκοῦν
3588 4592 3841 4661 πεπλανὴσ

2279 4681 2422 4752 μεθα
2454 4682 2551 4752 μὲν
2572 4683 2753 4752 ήμείς,
2773 4683 3090 4754 ἀπέστημεν
3116 4683 3253 4737 Θεοῦ
3282 4684 3506 4747 ζῶντος,
3540 4683 3837 4737 κατακολου

2278 4769 2543 4841 θήσαντες
2578 4773 2697 4833 ταῖς
2739 4772 2948 4825 ἑαυτῶν
2999 4774 3235 4844 ἡδοναῖς.
3270 4775 3333 4827 'U
3363 4774 3421 4828 δέ
3455 4789 3520 4842 γε
3568 4774 3680 4827 τῶν
3724 4774 3849 4826 ὅλων

2281 4862 2504 4932 Κύριος,
2558 4862 2834 4916 τουτέστιν
2862 4864 2890 4915 6
2922 4864 3052 4926 Θεὸς
3080 4866 3175 4919 καὶ
3204 4866 3413 4937 Πατὴρ,
3448 4866 3537 4919 διὰ
3574 4866 3675 4929 τὰς
3703 4863 3848 4935 ἡμῶν

597 4957 870 5026 ἁμαρτίας
919 4956 1231 5027 παρέδωκεν
1285 4955 1467 5023 αὐτὸν,
1528 4954 1616 5008 ἵνα
1679 4954 1827 5023 ἡμᾶς
1890 4952 2176 5026 ἀπαλλάξῃ
2207 4954 2384 5025 δίκης,
2450 4954 2545 5010 καὶ
2608 4954 2849 5030 διασώσῃ
2882 4958 3293 5022 πιστεύσαντας.
3344 4960 3453 5012 Καὶ
3499 4958 3660 5013 τοῦτο
3706 4957 3846 5020 εἰδὼς

596 5050 758 5112 αὐτὸς
788 5049 890 5121 ἔφη
926 5050 1176 5119 Χριστός.
1236 5068 1252 5099 ι
1285 5048 1438 5103 υύτω
1487 5048 1596 5120 γὰρ
1631 5049 1919 5120 ἠγάπησεν
1968 5050 1997 5102 6
2039 5049 2168 5113 Θεὸς
2206 5049 2299 5102 τὸν
2368 5048 2596 5121 κόσμον,
2624 5049 2766 5103 ὥστε
2831 5049 2923 5101 τὸν
2950 5050 3077 5102 Υἱὸν
3114 5050 3277 5105 αὐτοῦ
3307 5051 3397 5103 τὸν
3439 5051 3706 5123 μονογενῆ
3730 5051 3833 5105 ἔδω

596 5158 713 5207 κεν,
749 5141 840 5195 ἶνα
883 5142 991 5204 πᾶς
1026 5142 1055 5194 6
1098 5141 1375 5196 πιστεύων
1413 5143 1494 5207 εἰς
1533 5142 1696 5201 αὑτὸν
1744 5141 1825 5217 μὴ
1862 5141 2168 5215 ἀπώληται,
2209 5142 2322 5195 ἀλλ’
2354 5142 2459 5217 ἵξῃ,
2476 5142 2620 5222 ζωὴν
2643 5141 2858 5203 αἰώνιον
2893 5142 2990 5213 (2).
3023 5163 3051 5200 ι

672 5333 719 5364 ⁶⁹
758 5331 801 5386 H
830 5334 956 5389 Cor.
984 5350 1034 5387 v.
1075 5332 1170 5388 Η.
1252 5333 1292 5364 ⁶¹
1331 5334 1461 5389 ibid.
1503 5336 1588 5390 15.
1670 5335 1714 5367 ⁸³
1742 5334 1898 5389 Joan.
1929 5349 2010 5399 ιιι,
2040 5338 2121 5389 to.

669 5493 748 5565 (Al)
789 5494 980 5565 llunl’r.
1019 5495 1214 5565 legisse
1245 5496 1503 5565 videtur:
1539 5492 1920 5565 καταλήξειαν.

669 5563 748 5631 (‘2)
784 5564 1100 5632 Sequuntur
1139 5563 1191 5616 in
1245 5562 1421 5619 Vatic.
1453 5564 1573 5618 cod.
1617 5562 1820 5619 scholia
1869 5565 1993 5627 duo,
2036 5577 2168 5632 th0<

599 5645 715 5684 rum
746 5637 894 5695 prius
920 5633 999 5686 sic
1030 5633 1190 5687 habet
1213 5650 1225 5687 :
1248 5633 1469 5701 Σχόλια
1496 5632 1582 5697 εἰς
1607 5633 1694 5695 τὸ,
1755 5632 2176 5701 Ἐλοτισάμεθα

610 5700 1022 5799 ’Υπελάμόανον
1035 5702 1197 5799 αὑτὸν
1219 5705 1282 5799 οξ.
1292 5702 1369 5772 τῷ
1396 5702 1543 5785 ξύλῳ.
1565 5701 1982 5799 προσηλωμένον
2004 5703 2173 5799 ὀρῶνζ

597 5786 715 5838 τες,
748 5770 887 5834 ὑπὲρ
940 5771 1204 5829 πλείστων
1250 5770 1661 5845 ἁμαρτημάτων
1693 5770 2049 5827 κολςίιῖεσθαι.⁷
2083 5775 2174 5827 xui.

2272 5494 2429 5557 δίκας
2449 5495 2681 5549 τιννύειν
2708 5496 2847 5566 ὑπὲρ
2868 5497 3085 5551 οἰκείων
3109 5498 3366 5568 πλημμελ
3413 5497 3619 5566 μάτων.
3644 5495 3733 5548 Διὸ
3757 5495 3839 5546 καὶ

2277 5564 2441 5621 μέσον
2480 5565 2643 5619 αὐτὸν
2685 5566 2777 5618 δύο
2814 5566 3135 5621 κακούργων
3186 5569 3235 5619 si
3280 5515 3520 5621 'Iougaim
3567 5565 3838 5621 προσήλω-

2277 5564 2441 5633 μέσον
2480 5565 2643 5649 αὐτὸν
2685 5566 2777 5651 δύο
2814 5564 3135 5651 κακούργων
3186 5564 3235 5619 si
3267 5564 3542 5651 ’Ἰουδαῖοιη
3567 5565 3838 5651 προσήλω-

2276 5650 2397 5691 σαν.
2426 5636 2669 5706 πονηρὰν
2689 5636 2857 5716 ,αύτῷ
2888 5636 3046 5701 δόξαν
3078 5639 3490 5717 κατασκευάσαι
3517 5636 3837 5714 βουλόμενοι.

2286 5703 2445 5759 Ἀλλά
2481 5706 2547 5778 Δτὸ
2577 5706 2800 5778 Πνευμα
2828 5706 2887 5759 τὸ
2922 5706 3075 5773 ἅγιον
3114 5706 3203 5778 διά
3242 5726 3335 5761 του
3384 5709 3661 5778 προφήτου
3701 5706 3838 5778 636a-

2278 5790 2417 5828 σκει.
2473 5776 2554 5828 ὅτι
2613 5777 2771 5840 αὔτὸς
2826 5777 3236 5847 ἐτρωματίσθη
3296 5778 3381 5832 διὰ
3431 5775 3838 5849 τὰς’ἀμαρτὲις
