4140 6538
696 412 837 468 H79

1724 403 1781 458 S.
1824 403 2098 460 CYRILLI
2134 402 2607 459 ALEXANDRINI
2647 404 2971 462 ARCHIEP.
3764 414 3857 473 mo

697 534 883 597 silent,
916 539 970 586 et
998 546 1049 585 ιιι
1093 545 1186 585 eos
1237 529 1325 600 qui
1355 529 1455 584 hoc
1486 527 1687 582 faciunt
1729 543 1833 581 non
1890 526 2153 583 insiliunt.
2189 526 2263 580 Ita
2297 531 2332 587 Α

2222 536 2263 580 la
2297 531 2341 587 Α
2369 526 2610 578 ἐναντίον
2638 526 2731 580 τοῦ
2766 528 3037 598 κείροντος
3072 527 3261 593 αὑτὸν,
3294 527 3513 595 ἄφωνος.
3553 530 3857 603 ’Δποφέρσντιι

697 624 948 680 Christus
981 619 1243 676 conviciis
1281 618 1567 689 appetitus,
1598 617 1838 673 convicia
1874 632 1978 671 non
2021 616 2268 684 regessit,

697 717 909 787 patiens
938 728 1045 768 non
1074 712 1312 768 minatus
1339 718 1444 777 est,
1498 710 1592 765 sed
1642 709 1786 777 jnste
1836 708 2101 777 judicanti
2158 723 2269 763 rem

700 805 990 861 commisit.
1021 804 1221 859 Verum
1257 803 1420 873 igitur
1453 810 1556 865 est,
1593 801 1645 855 in
1679 800 1981 854 humilitate
2005 798 2271 868 judicium

699 898 815 967 ejus
839 894 1107 951 sublatum
1137 909 1278 950 esse.
1314 893 1449 959 Quia
1485 894 1629 949 enim
1667 892 1772 945 illis
1815 894 1969 946 visus
2011 905 2096 946 est
2143 906 2273 947 con-

699 988 1014 1058 temptibilis
1038 988 1329 1058 quispiam,
1369 996 1422 1040 et
1458 986 1613 1040 valde
1638 985 1924 1052 demissus,
1959 984 2271 1039 facillimum

698 1076 986 1140 calculum,
1020 1092 1115 1131 seu
1158 1076 1421 1143 judicium
1476 1075 1531 1130 in
1588 1090 1712 1129 eum
1766 1074 2066 1144 proferunt.
2121 1073 2273 1140 Quod

698 1171 918 1239 qui-lem
948 1168 1150 1224 faciunt
1180 1168 1389 1238 jndices
1426 1166 1669 1237 quidam,
1696 1166 1786 1235 qui
1822 1173 2027 1220 exactze
2052 1175 2272 1220 senten-

702 1262 792 1316 tiae
822 1271 878 1317 et
902 1262 1144 1317 veritatis
1181 1275 1369 1331 parum
1409 1259 1697 1313 admodum
1745 1259 1895 1327 pensi
1946 1257 2165 1324 habent,
2220 1267 2276 1313 et

701 1351 792 1421 qui
820 1365 883 1406 ex
909 1365 1137 1420 persona
1164 1350 1342 1421 potius
1372 1364 1532 1418 quam
1572 1363 1639 1403 ex
1688 1349 1843 1403 factis
1890 1348 2157 1415 judicant.
2212 1349 2268 1404 Si

703 1446 848 1498 enim
880 1446 971 1514 qui
1012 1445 1066 1499 in
1091 1444 1350 1513 judicium
1376 1450 1619 1507 vocatur,
1653 1441 1724 1495 sit
1755 1441 1950 1510 aliquis
1985 1442 2040 1496 in
2074 1442 2274 1497 mundo

703 1536 954 1598 illustris,
987 1536 1160 1590 exacti
1192 1545 1245 1590 et
1287 1549 1441 1589 acres
1484 1534 1835 1602 inquisitores
1887 1546 2009 1587 esse
2058 1548 2276 1602 compe-

703 1615 936 1691 rinntur,
972 1635 1027 1682 et
1060 1635 1168 1680 tum
1198 1627 1361 1682 etiam
1390 1625 1636 1680 fortassis
1665 1625 1880 1679 veritati
1914 1638 2274 1696 repugnantes

702 1720 1062 1789 undecunque
1090 1719 1314 1775 subsidii
1350 1734 1546 1790 genera
1580 1728 1635 1774 et
1672 1718 1857 1773 auxilii
1889 1729 2156 1772 conantur
2181 1735 2275 1774 ex-

703 1809 965 1881 cogitare.
1000 1808 1104 1863 Sed
1139 1809 1355 1879 ignobili
1387 1810 1638 1879 qquiam
1669 1810 1923 1873 adducto,
1976 1819 2101 1864 tunc
2149 1819 2274 1864 tunc

2375 615 2474 687 μὲν
2496 616 2603 686 γὰρ
2635 617 2715 680 είς
2739 619 2801 670 τὸ
2822 618 3159 689 καθαρθῆναι
3188 618 3328 671 κατά
3356 621 3565 689 καιροὺς
3579 619 3639 672 τὰ
3656 622 3859 692 πρόϐατα,

2373 708 2467 760 καὶ
2500 708 2596 770 τὰς
2636 708 2889 778 κουρίδας
2946 712 3127 773 αὐτοῖς
3178 710 3451 781 μαχαίρας
3494 711 3791 782 ἐπιφέρουσιν
3825 720 3859 771 ot

2374 799 2650 867 ποιμένες.
2677 799 2757 852 Τά
2782 800 2857 865 δὲ,
2893 801 3067 854 καίτοι
3095 803 3370 871 πάσχοντα
3400 802 3767 871 (παραθραύουσιν.
3786 808 3861 878 γὰρ

2374 888 2486 942 ἔσθ’
2525 891 2612 942 ὅτε
2646 889 2755 944 τῶν
2785 891 3069 961 δερμάτων
3097 895 3129 962 ὴ
3165 894 3409 961 μάχαιρα
3432 891 3619 960 λυπεῖ),
3646 894 3773 965 φέρει
3796 902 3862 954 καὶ

2376 983 2575 1050 σιωπᾷ,
2608 982 2701 1033 καὶ
2752 983 2866 1044 τοῖς
2890 981 3049 1033 τοῦτο
3086 981 3289 1052 δρῶσιν
3342 982 3438 1034 οὐκ
3483 982 3712 1054 ὲπιπηδᾷ.
3753 987 3862 1041 0'31»

2375 1073 2468 1124 καὶ
2523 1074 2550 1124 ὁ
2602 1072 2838 1142 Χριστὸς
2860 1111 2875 1135 ,
2933 1072 3341 1144 λοιδορούμενος
3400 1073 3496 1125 οὐκ
3549 1073 3861 1147 ἀντελοιδόρει,

2375 1165 2598 1234 πάσχων
2626 1164 2724 1217 οὐκ
2771 1164 3004 1232 ἠπείλει,
3061 1164 3352 1235 παρεδίδου
3399 1163 3456 1217 δὲ
3483 1163 3555 1233 τῷ
3582 1166 3779 1235 κρίνοντι
3808 1169 3863 1220 δι-

2376 1256 2563 1318 καίως.
2611 1255 2829 1325 ’Λληθὲς
2850 1252 2962 1316 οὖν,
2994 1257 3077 1309 ὅτι
3122 1258 3213 1311 Ἑν
3244 1259 3309 1326 τῇ
3336 1255 3642 1310 ταπεινώσει
3680 1258 3708 1326 ή
3737 1257 3864 1328 κρίσις

2375 1347 2537 1400 αὑτοῦ
2576 1346 2738 1416 ἤρθη.
2797 1348 3013 1416 Ἐπειδὴ
3066 1348 3175 1418 γὰρ
3224 1345 3400 1410 ἔδοξεν
3448 1342 3577 1399 εἷναί
3621 1363 3692 1409 τις
3733 1348 3864 1411 αὐτοῖς

2374 1441 2616 1509 εὐτελὴς,
2642 1442 2736 1493 καὶ
2761 1443 2817 1491 ἐν
2849 1442 2957 1502 τοῖς
2987 1439 3127 1507 ἄγαν
3158 1439 3493 1509 ὑφειμένοις,
3524 1440 3864 1509 προχειροτάτην

2376 1534 2495 1585 κατ’
2541 1531 2706 1584 αὐτοῦ
2761 1530 2858 1600 τὴν
2917 1530 3115 1601 ψῆφον,
3172 1532 3292 1601 ἦτοι
3346 1530 3538 1601 κρίσιν,
3576 1530 3862 1601 ἐξενηνόχασι.

2375 1623 2553 1690 Δρῶσι
2587 1622 2643 1675 δὲ
2674 1622 2828 1676 τοῦτο
2850 1622 2957 1675 τῶν
2981 1622 3312 1686 δικαζόντων
3338 1624 3495 1686 τινὲς,
3528 1618 3601 1685 οἷς
3636 1624 3780 1691 ὀλίγος
3797 1627 3863 1694 μὲν

2376 1715 2570 1785 κομιδῇ
2604 1714 2703 1785 τῆς
2752 1715 3055 1786 ἀκριϐείας,
3110 1716 3230 1786 ἦτοι
3264 1714 3366 1784 τῆς
3410 1714 3862 1784 ἀληθείας,όλόγος·

2377 1806 2689 1878 προσώποις
2722 1807 2778 1859 δὲ
2832 1807 3065 1877 μᾶλλον,
3105 1808 3139 1876 ἢ
3178 1811 3293 1870 τοῖς
3335 1808 3569 1875 γεγονόσι
3608 1806 3863 1869 δικάζουσιν.

700 1902 1027 1973 praccipites,
1059 1902 1288 1958 audaces
1311 1912 1366 1955 et
1408 1903 1523 1957 sine
1554 1904 1894 1957 cunctatione
1918 1902 2089 1965 omni,
2131 1904 2274 1971 capi-
2308 1887 2335 1942 Ῐέ

2227 1904 2274 1955 ηε-
2308 1887 2348 1942 Β
2378 1899 2441 1951 Εἰ
2478 1899 2575 1968 μὲν
2608 1898 2716 1969 γάρ
2744 1915 2828 1962 τις
2854 1901 2937 1969 εἴη
2978 1898 3089 1951 τῶν
3119 1899 3178 1950 ὲν
3208 1899 3397 1968 κόσμῳ
3421 1897 3663 1968 λαμπρῶν
3685 1900 3707 1951 6
3728 1900 3862 1969 κρινό-

702 1991 866 2047 talem
892 1992 944 2046 in
970 2007 1091 2046 eum
1131 1994 1311 2045 ferunt
1341 1991 1687 2048 sententiam.
1718 1991 2000 2045 Sublatum
2037 2001 2119 2044 est
2149 2006 2276 2062 ergo

699 2083 964 2153 judicium
999 2084 1115 2153 ejus
1141 2084 1193 2136 in
1232 2083 1554 2145 humilitate,
1600 2083 1789 2152 inquit.
1820 2081 2084 2148 Quoniam
2113 2083 2278 2151 igitur

701 2176 852 2229 visus
898 2183 982 2229 est
1026 2174 1346 2243 quibusdam
1416 2176 1554 2243 apud
1616 2171 1828 2227 Iudaeos
1880 2174 1961 2226 vel
2005 2173 2278 2243 judicibns

701 2266 860 2335 plane
902 2265 1143 2328 humilis,
1174 2245 1431 2334 propheta
1476 2264 1655 2316 animo
1697 2262 2090 2331 contemplatus
2130 2264 2279 2317 nobi-

702 2356 872 2412 litatis
903 2371 1023 2426 quze
1048 2356 1100 2410 in
1135 2356 1223 2409 illo
1256 2364 1373 2410 erat
1417 2354 1844 2425 amplitudinem,
1885 2364 1939 2407 et
1972 2358 2111 2423 quod
2143 2353 2278 2407 Dens

701 2447 864 2502 fuerit
896 2448 948 2501 in
980 2448 1158 2516 specie
1191 2456 1397 2509 nostra,
1428 2447 1574 2499 visus
1601 2456 1757 2500 terrae
1795 2446 2008 2509 incolis,
2069 2455 2276 2499 tantum

700 2553 807 2592 non
833 2537 1011 2606 capite
1038 2547 1182 2591 moto
1206 2535 1449 2605 deplorat
1480 2550 1592 2600 eos,
1636 2536 1723 2604 qui
1760 2536 2023 2605 judicium
2059 2535 2109 2587 in
2154 2549 2276 2587 eum

699 2636 1029 2696 statuerunt,
1055 2636 1111 2683 et
1140 2628 1314 2697 inquit
1348 2646 1359 2679 :
1394 2626 1812 2681 Generationem
1837 2626 1951 2695 ejus
1979 2625 2096 2694 quis
2120 2639 2278 2678 enar-

699 2720 881 2776 rabit?
909 2718 1026 2775 Non
1074 2720 1296 2785 etenim,
1333 2718 1524 2787 inquit,
1578 2727 1633 2769 nt
1670 2716 1891 2787 putatis,
1936 2728 2121 2770 contra
2168 2716 2280 2785 ple-

699 2811 878 2867 beium
917 2822 970 2867 et
1014 2812 1173 2866 vilem
1226 2811 1500 2866 hominem
1554 2809 1673 2862 duri
1723 2818 1777 2864 et
1851 2809 2019 2879 iniqui
2067 2808 2278 2879 judices

698 2903 994 2959 exstitistis
1027 2924 1040 2958 :
1068 2905 1161 2958 sed
1207 2905 1258 2957 in
1298 2918 1419 2956 eum
1458 2903 1654 2972 potius,
1690 2899 1843 2969 cujus
1873 2903 2278 2969 generationem

700 2988 786 3041 vel
818 2996 996 3042 ortum
1030 2987 1173 3041 nulla
1204 2987 1353 3055 vobis
1388 2986 1659 3053 explicare
1697 2993 1873 3053 potest
1923 2985 2120 3039 oratio.
2170 2983 2279 3039 Du-

703 3079 920 3149 pliciter
969 3089 1148 3134 autcm
1186 3079 1287 3132 hoc
1326 3078 1609 3147 intelliges.
1658 3074 1829 3131 Natus
1882 3085 1966 3130 est
2026 3076 2167 3130 enim
2212 3091 2277 3132 ex

701 3172 814 3228 Deo
848 3181 902 3229 et
932 3172 1091 3228 Patre
1143 3174 1287 3228 Deus
1318 3172 1554 3227 Verbum
1590 3188 1602 3224 :
1642 3179 1695 3226 et
1731 3168 2029 3224 nativitatis
2065 3171 2277 3235 modus,

705 3280 806 3321 nec
835 3265 1087 3321 oratione
1117 3264 1279 3330 valet,
1318 3280 1417 3319 nec
1463 3261 1813 3333 intelligentia
1874 3262 2277 3333 comprehendi.

705 3358 820 3414 Non
849 3359 992 3414 enim
1022 3357 1375 3428 corporaliter
1401 3356 1566 3428 748
1599 3356 1810 3426 genitus
1833 3364 1935 3422 est,
1962 3358 2055 3411 sed
2092 3365 2151 3409 ut
2187 3370 2283 3409 na-

710 3461 843 3503 tura:
871 3448 970 3503 sub
998 3448 1402 3519 intelligentiam
1438 3447 1651 3502 cadenti
1683 3456 1737 3501 et
1778 3449 2114 3517 incorporea:
2151 3463 2278 3503 con-

704 3540 876 3596 venit.
914 3540 1029 3594 Lux
1058 3540 1202 3595 enim
1238 3539 1567 3610 reSplenduit
1597 3539 1665 3593 de
1697 3539 1836 3603 luce,
1868 3547 1921 3592 et
1944 3541 2051 3592 vita
2083 3554 2146 3593 ex
2174 3541 2282 3592 vita

702 3642 856 3688 ortus
887 3643 987 3688 est.
1031 3632 1097 3704 Et
1128 3632 1370 3700 genitum
1412 3645 1534 3685 esse
1563 3645 1707 3694 vere,
1741 3646 1806 3684 ex
1838 3630 2136 3684 substantia
2189 3629 2280 3683 Dei

702 3740 767 3779 ac
788 3721 984 3788 Patris,
1011 3721 1230 3777 indubie
1258 3722 1524 3775 credimus
1554 3739 1566 3774 :
1625 3730 1678 3773 at
1707 3719 1996 3789 quomodo,
2042 3734 2145 3773 non
2202 3728 2285 3774 est

703 3813 982 3870 facultatis
1013 3822 1243 3880 nostrae,
1278 3813 1362 3867 vel
1398 3813 1721 3883 exprimere,
1752 3811 1835 3867 vel
1864 3812 2120 3881 cogitare.
2177 3809 2282 3866 Sed

703 3921 828 3962 cum
857 3914 1001 3962 esset
1028 3915 1218 3959 natura
1256 3905 1414 3968 Deus,
1448 3919 1507 3958 se
1539 3903 1653 3973 ipse
1696 3902 1932 3967 demisit,
1968 3911 2026 3955 ut
2071 3914 2285 3973 propter

705 4014 804 4054 nos
830 3998 1254 4053 exinanitionem
1291 4005 1589 4066 pateretur,
1614 4010 1676 4050 ac
1706 3995 1846 4051 servi
1882 3995 2109 4049 formam
2137 4011 2285 4050 sum-

704 4090 836 4161 psit,
862 4100 917 4144 et
941 4089 1092 4143 nasci
1132 4088 1196 4142 de
1240 4087 1466 4142 muliere
1504 4087 1797 4142 secundum
1848 4102 2065 4141 carnem
2121 4087 2281 4142 susti-

706 4184 851 4248 nuit,
875 4198 983 4237 non
1010 4181 1260 4236 humana:
1293 4191 1468 4235 tamen
1514 4178 1813 4233 nativitatis
1857 4179 2001 4249 leges
2046 4188 2281 4234 secutus.

705 4271 823 4327 Non
860 4272 1005 4327 enim
1033 4287 1099 4326 ex
1133 4272 1248 4326 viro
1283 4280 1336 4324 et
1370 4270 1593 4325 muliere
1620 4279 1771 4324 ortus
1801 4279 1937 4335 erat,
1972 4271 2065 4325 sed
2093 4270 2283 4341 mysti-

706 4378 804 4418 cus
833 4362 1012 4433 potius
1032 4370 1089 4417 et
1130 4361 1468 4431 peregrinus,
1516 4371 1571 4416 et
1622 4377 1783 4433 supra
1835 4378 1954 4430 nos,
2007 4377 2070 4417 ac
2118 4376 2285 4432 prope

706 4453 1110 4511 inenarrabilis.
1150 4453 1364 4508 Dictum
1412 4453 1554 4507 cnim
1604 4462 1687 4507 est
1737 4463 1940 4509 sanctas
2000 4452 2210 4523 Virgini
2269 4472 2281 4507 :

2383 2010 2561 2060 μενος,
2584 1990 2830 2062 ἀκριϐεῖς
2857 1992 2967 2045 τῶν
2993 1991 3338 2062 πραγμάτων
3368 1990 3635 2057 ἐξετασταὶ⁵
3655 1992 3863 2061 εὑρίσκον-

2377 2102 2491 2149 ται,
2512 2084 2654 2153 τάχα
2695 2100 2796 2136 που
2828 2084 2923 2136 καὶ
2955 2082 3078 2136 τότε
3104 2085 3173 2153 τῇ
3208 2081 3434 2153 ἀληθεία
3480 2083 3761 2151 μαχόμενοι,
3798 2083 3861 2133 καὶ

2377 2177 2613 2247 τρόπους
2644 2176 2963 2248 ἐπικουρίας
2990 2176 3239 2245 ἀνευρεῖν
3262 2174 3593 2245 πειρώμενοι·
3638 2174 3861 2243 ἀσήμουυδί

2377 2286 2522 2332 τινος
2542 2267 3108 2339 προσκεκομισμένου,
3152 2267 3276 2319 τότε
3322 2266 3406 2336 δὴ,
3450 2265 3561 2319 τότε
3589 2266 3770 2337 θερμοὶ,
3802 2268 3860 2318 καὶ

2379 2359 2635 2430 θρασεῖς,
2695 2361 2790 2413 καὶ
2850 2359 3167 2414 ἀοκνότατοι
3221 2358 3364 2421 λίαν,
3418 2358 3507 2411 καὶ
3551 2357 3638 2427 τήν
3671 2358 3745 2410 ἐπὶ
3787 2359 3861 2417 τοῖς

2380 2450 2629 2518 ἐσχάτοις
2658 2449 2822 2503 αὐτοῦ
2854 2448 3225 2519 καταφέρουσι
3264 2447 3462 2518 ψῆφον.
3505 2446 3661 2517 Ἦρθη
3685 2447 3859 2515 τοίνυνή

2379 2544 2560 2614 κρίσις
2588 2543 2753 2596 αὑτοῦ
2796 2544 2851 2595 ἐν
2878 2544 2941 2611 τῇ
2965 2538 3299 2593 ταπεινώσει
3328 2536 3507 2601 αὐτοῦ,
3525 2538 3684 2607 φησίν.
3704 2536 3861 2607 Ἐπειδὴ

2377 2632 2434 2685 δὲ
2463 2632 2597 2696 ὅλως
2623 2630 2768 2695 ἕδοξὲ
2801 2647 2942 2683 τισιν
2974 2625 3113 2683 εἶναι
3154 2631 3307 2700 παρά
3360 2631 3470 2690 τοῖς
3502 2628 3752 2691 Ἰουδαίοις,
3779 2629 3859 2699 ήτοι

2378 2728 2490 2788 τοῖς
2546 2725 2817 2795 κρίνουσι,
2875 2724 3151 2785 ταπεινὸς.
3190 2724 3446 2792 ἐννοήσας
3480 2724 3505 2775 6
3536 2724 3770 2792 προφήτης
3794 2724 3861 2789 τῆς

2380 2816 2608 2883 ἐνούσης
2641 2813 2892 2877 εὐκλείας
2944 2813 3093 2883 αὐτῷ
3122 2814 3187 2865 τὸ
3224 2812 3536 2885 περιφανὲς,
3580 2811 3660 2864 καὶ
3684 2812 3747 2863 ὅτι
3772 2810 3862 2873 Θεὸς

2377 2904 2468 2978 ἦν,
2516 2909 2574 2961 ὲν
2605 2906 2737 2959 εῖδει
2769 2905 2847 2976 τῷ
2893 2904 3016 2959 καθ’
3070 2905 3217 2976 ἡμᾶς
3255 2902 3524 2975 ὁρώμενος
3569 2902 3767 2965 τοῖς’ὲπὶ
3796 2903 3860 2970 τῆς

2379 3001 2501 3070 γῆς·
2534 2998 2817 3069 μονονουχὶ
2851 2997 3129 3051 κατασείει
3160 2997 3261 3065 τὴν
3316 2994 3563 3064 κεφαλὴν,
3595 2994 3674 3045 καὶ
3705 2992 3860 3045 κατολο-

2380 3091 2611 3163 φύρεται
2646 3093 2771 3154 τοὺς
2800 3090 2898 3160 τὴν
2954 3089 3042 3141 ἐπ’
3096 3088 3250 3159 αὐτῷ
3298 3089 3476 3160 κρίσιν
3526 3085 3860 3157 όρίσαντας,καί

2382 3199 2550 3255 φησι·
2604 3184 2716 3253 Τὴν
2751 3182 2944 3251 γενεὰν
2996 3180 3163 3235 αὑτοῦ
3219 3182 3305 3244 τίς
3353 3181 3670 3251 διηγήσεται;
3702 3179 3758 3230 Οὐ
3788 3178 3861 3245 γὰρ

2382 3274 2522 3329 κατά
2551 3272 2644 3327 τοῦ
2668 3274 2941 3344 τυχόντος,
2971 3273 3157 3344 φησὶν,
3192 3273 3272 3336 ὡς
3308 3271 3436 3340 γοῦν
3466 3270 3673 3341 ᾠήθητε,
3703 3268 3860 3337 σκληροὶ

2384 3368 2478 3420 καὶ
2511 3366 2687 3420 ἄδικοι
2716 3365 2978 3434 γεγόνατε
3005 3365 3287 3418 δικασταί·
3328 3364 3465 3417 κατά
3499 3363 3666 3415 τούτου
3704 3359 3747 3412 δὲ
3771 3359 3857 3429 μᾶλ-

2384 3457 2493 3523 λον,
2518 3449 2577 3509 οὗ
2608 3458 2707 3528 τὴν
2729 3457 2943 3524 γενεὰν,
2963 3457 3081 3527 ἦτοι
3107 3457 3211 3527 τὴν
3238 3457 3506 3526 γέννησιν,
3530 3453 3681 3515 οὐδεὶς
3702 3450 3752 3504 ἃν
3773 3452 3860 3519 ἡμῖν

2382 3547 2834 3622 διερμηνεύσει[ε]
2851 3548 3025 3616 λόγος.
3043 3549 3179 3619 Διχῆ
3196 3549 3253 3601 δὲ
3268 3548 3426 3602 τοῦτο
3444 3548 3652 3617 νοήσεις.
3670 3541 3852 3612 Γεγέννη·

2383 3658 2472 3694 ται
2495 3641 2591 3711 μὲν
2607 3641 2715 3711 γὰρ
2739 3642 2803 3693 ὲκ
2825 3640 2958 3693 Θεοῦ
2981 3642 3094 3694 Πατ
3105 3641 3195 3709 ρὸς
3224 3640 3357 3703 Θεὸς
3379 3639 3450 3693 ὢν
3472 3641 3498 3693 ό
3519 3638 3682 3704 Λόγος,
3697 3635 3859 3705 amre;

2382 3729 2440 3783 δὲ
2465 3729 2557 3782 κα¹ι
2578 3729 2934 3800 ἀπερινόητος
2956 3729 3233 3793 παντελῶς
3254 3732 3282 3781 ό
3302 3731 3398 3799 τῆς
3417 3731 3684 3797 γεννήσεως
3706 3722 3859 3791 τρόπος.

2386 3821 2460 3873 Οὐ
2500 3821 2607 3892 γὰρ
2640 3821 2783 3874 κατά
2812 3820 2969 3891 σῶμα
2995 3821 3241 3890 γέγονεν,
3300 3820 3413 3875 ἀλλ’
3441 3819 3510 3882 ὡς
3548 3819 3607 3872 ἂν
3639 3813 3791 3887 πρέποι
3816 3812 3858 3877 τῇ

2385 3913 2547 3982 νοερᾷ
2581 3929 2640 3965 τε
2694 3913 2788 3966 καὶ
2817 3912 3099 3983 ἀσωμάτῳ
3130 3912 3313 3981 φύσει.
3359 3909 3473 3973 Φῶς
3527 3909 3621 3979 γὰρ
3646 3900 3859 3973 ἐξέλαμψεν

2388 4004 2452 4056 ἐκ
2486 4003 2683 4071 φωτὸς,
2729 4004 2901 4073 ἀνέφυ
2944 4004 3001 4056 δὲ
3046 4003 3141 4058 καὶ
3164 4003 3280 4073 ζωὴ
3337 4004 3398 4056 ἐκ
3427 4001 3578 4071 ζωῆς
3609 3999 3686 4050 καὶ
3717 3993 3858 4059 ὅτιμὲν

2387 4090 2653 4161 ἐγεννήθη
2677 4090 2819 4144 κατά
2846 4090 3103 4161 ἀλήθειαν
3138 4092 3202 4144 ἐκ
3242 4091 3341 4160 τῆς
3366 4089 3539 4150 obsiet;
3572 4086 3651 4139 τοῦ
3678 4082 3779 4135 Θεοῦ
3800 4079 3858 4129 καὶ

2388 4168 2631 4254 Πατρὸς,
2650 4183 3041 4247 ἀνενδοιάστως
3065 4183 3411 4253 πιστεύομεν
3446 4180 3502 4234 τὸ
3525 4179 3574 4232 δὲ
3595 4171 3857 4238 ὃπως,είπεῖι

2390 4273 2424 4345 ἢ
2451 4276 2591 4327 νοεῖν
2619 4275 2719 4326 οὐκ
2753 4274 2888 4328 ἔστι.
2926 4274 3056 4339 Θεὸς
3081 4274 3139 4328 δὲ
3173 4274 3253 4329 ὢν
3289 4275 3464 4344 φύσει.
3506 4272 3708 4338 καθῆκεν
3731 4262 3858 4319 ἑαυτὸν

2390 4364 2469 4427 εἰς
2502 4365 2563 4415 τὸ
2596 4363 2810 4417 ἑλέσθαι
2848 4364 3042 4417 παθεῖν
3069 4365 3137 4417 δι’
3164 4367 3313 4435 ἡμᾶς
3358 4366 3451 4435 τὴν
3481 4363 3692 4417 κένωσιν.
3724 4351 3857 4408 Ἐλαόε

2390 4453 2447 4507 δὲ
2471 4453 2660 4508 δούλου
2703 4454 2941 4526 μορφὴν,
2973 4456 3068 4508 καὶ
3112 4455 3375 4527 ὑπέμεινε
3418 4456 3644 4522 γέννησιν
3668 4448 3743 4517 τήν
3766 4442 3857 4495 κατὰ

712 4565 732 4597 ι
768 4544 1006 4617 Spiritus
1035 4553 1255 4600 sanctus
1290 4544 1633 4614 superveniet
1665 4543 1717 4597 in
1763 4553 1831 4609 te,
1866 4551 1922 4599 et
1965 4543 2138 4599 virtus
2185 4543 2278 4597 AI»
2312 4554 2347 4614 ις

2220 4543 2278 4597 il»
2312 4554 2363 4614 ι)
2390 4542 2568 4615 σάρκα
2592 4544 2655 4596 ὲκ
2682 4544 2958 4611 γυναικὸς,
3014 4543 3074 4595 οὐ
3115 4547 3228 4607 τοῖς
3252 4545 3349 4613 τῆς
3381 4537 3686 4610 ἀνθρωπείας
3712 4532 3855 4602 φύσεως

708 4638 900 4694 tissimi
930 4637 1275 4692 obumbrahit
1307 4638 1422 4692 tibi.
1475 4636 1596 4691 Ideo
1631 4637 1769 4705 quod
1817 4645 1999 4689 natum
2035 4644 2118 4690 est
2152 4651 2280 4691 san~

706 4740 876 4791 ctum,
924 4727 1203 4781 vocabitur
1230 4724 1399 4780 Filius
1434 4725 1525 4779 Dei
1558 4726 1624 4779 ⁸⁸.
1665 4742 1683 4775 ι
1720 4724 1987 4789 Quoniam
2036 4738 2166 4779 vero
2193 4740 2282 4779 su-

705 4833 801 4888 pra
835 4828 1039 4871 natura:
1073 4832 1183 4872 sum
1215 4817 1577 4873 conditionem
1624 4817 1725 4870 hoc
1763 4815 1999 4870 carnalis
2030 4816 2283 4872 nativita-

709 4910 776 4962 tis
805 4908 921 4976 ejus
946 4909 1262 4980 mysterium
1294 4908 1492 4964 factum
1539 4922 1660 4963 esse
1698 4908 1956 4971 creditur,
1994 4916 2275 4977 propterea

705 5000 841 5054 dicit
864 5000 1127 5067 propheta
1161 5018 1174 5053 :
1204 5000 1618 5054 Generationem
1650 5000 1766 5068 ejus
1805 4999 1924 5067 quis
1973 5001 2280 5054 enarrabit?

704 5091 840 5157 Quia
877 5089 1083 5145 tollitur
1113 5089 1177 5143 de
1210 5098 1349 5144 terra
1385 5091 1491 5145 vita
1520 5091 1657 5157 ejus.
1694 5090 1946 5154 Tollitur,
1991 5092 2141 5155 dicit,
2185 5109 2280 5161 pro

706 5182 992 5246 attollitur,
1023 5190 1079 5237 et
1110 5184 1215 5237 vita
1251 5181 1368 5251 ejus
1402 5184 1636 5237 terrenis
1661 5184 1967 5238 bominibm
2001 5195 2083 5238 est
2114 5185 2280 5239 subli-

706 5276 867 5344 mior,
899 5275 953 5329 id
981 5282 1086 5340 est,
1124 5274 1464 5329 conversatio
1489 5283 1543 5329 et
1568 5274 1683 5342 ejus
1717 5275 1769 5328 in
1805 5290 1968 5331 carne
2012 5275 2142 5329 vita.
2175 5275 2280 5330 So-

706 5372 793 5424 lus
820 5368 963 5423 cnim
992 5383 1057 5423 ex
1090 5368 1360 5431 omnibus,
1394 5366 1494 5423 etsi
1541 5376 1735 5421 nostra:
1761 5368 2086 5423 conditionis
2120 5368 2282 5422 homo

706 5463 854 5517 visus
886 5461 978 5527 sit,
1034 5475 1142 5515 non
1186 5458 1425 5526 patravit
1463 5468 1763 5527 peccatum,
1808 5474 1981 5528 neque
2036 5460 2282 5513 inventus

708 5547 791 5604 est
821 5550 976 5605 dolus
1003 5550 1056 5605 in
1090 5564 1185 5604 ore
1218 5549 1355 5617 ejus,
1388 5562 1510 5601 cum
1533 5549 1841 5603 mortalium
1868 5549 1922 5603 in
1951 5558 2091 5603 terra
2122 5565 2280 5604 nemo

704 5641 811 5697 hoc
836 5642 1155 5713 perfecerit.
1185 5640 1292 5697 Nec
1337 5640 1478 5696 cnim
1529 5641 1667 5697 inter
1714 5659 1811 5699 nos
1865 5644 2146 5713 quisquam
2199 5654 2281 5701 cst

777 5825 823 5856 "
858 5826 967 5880 Luc.
1014 5842 1049 5881 ι.
1080 5823 1167 5881 55.

2387 4635 2763 4707 ἀκολουθήσας
2792 4636 2999 4704 νόμοις.
3027 4636 3102 4687 Οὐ
3137 4635 3246 4707 γάρ
3274 4636 3334 4700 ἐξ
3362 4634 3562 4705 ἀνδρὸς,
3581 4632 3609 4700 ἢ
3630 4622 3857 4697 γυναικδςή

2389 4725 2634 4796 πρόοδοςο
2674 4726 2913 4798 μυστικὴ
2963 4726 3019 4779 δὲ
3058 4727 3283 4797 μᾶλλον,
3334 4726 3426 4781 καὶ
3481 4724 3621 4791 ξένη,
3666 4710 3855 4777 καὶῦπέί

2385 4817 2557 4887 ἡμᾶς,
2594 4819 2689 4869 καὶ
2737 4817 2907 4885 ἐγγὺς
2956 4818 3269 4889 ἀδιήγητος.
3302 4818 3519 4888 Εἴρηται
3543 4813 3635 4883 γὰρ
3657 4809 3761 4880 πρὸς
3794 4802 3855 4869 τὴν

2388 4910 2548 4977 ἁγίαν
2572 4908 2867 4980 Παρθένον,
2909 4910 2990 4962 ὅτι
3034 4930 3051 4959 ‹
3072 4909 3296 4981 Πνεῦμα
3321 4912 3469 4979 ἅγιον
3494 4904 3779 4959 ἐπελεύσεται
3796 4894 3855 4946 ἐπὶ

2389 5002 2470 5066 σὲ,
2507 5002 2601 5053 καὶ
2623 5000 2851 5071 δύναμις
2900 5002 3155 5070 Ὑψίστου
3185 5003 3485 5057 ἐπισκιάσει
3519 5016 3607 5052 σοι.
3638 4996 3710 5047 Διὸ
3730 4990 3795 5043 καὶ
3818 4984 3853 5036 εὖ

2386 5090 2721 5160 γεννώμενον
2756 5092 2931 5159 ἅγιον,
2991 5092 3322 5162 κληθήσεται
3354 5092 3474 5153 Υἱὸς
3500 5086 3635 5141 Θεοῦ.
3660 5103 3675 5135 ι
3704 5072 3854 5140 Ἐπειδὴ

2387 5184 2463 5243 δὲ,
2500 5184 2592 5234 καὶ
2622 5183 2762 5254 ὑπὲρ
2793 5182 2952 5252 φύσιν
2996 5183 3092 5253 τὴν
3152 5183 3274 5237 καθ’
3312 5185 3455 5255 ἡμᾶς
3502 5172 3760 5248 πεπρᾶχθαι
3794 5183 3853 5217 πι-

2384 5272 2632 5327 στεύεται
2664 5273 2725 5325 τὸ
2744 5274 2841 5344 τῆς
2865 5290 2967 5327 κατ
2981 5273 3015 5326 ὰ
3051 5276 3231 5346 σάρκα
3261 5276 3549 5344 γεννήσεως
3564 5264 3699 5322 αὐτοῦ
3719 5258 3853 5332 pum]-

2381 5382 2516 5436 ριον,
2563 5365 2650 5419 διὰ
2698 5366 2853 5419 τοῦτό
2891 5384 3056 5437 φησιν
3098 5370 3127 5420 ό
3156 5370 3453 5439 προφήτης,
3481 5367 3555 5418 ὅτι
3602 5360 3693 5427 Τὴν
3710 5349 3849 5439 γενεὰν

2379 5456 2544 5509 αὑτοῦ
2566 5457 2648 5519 τίς
2684 5456 2997 5526 διηγήσεται
3017 5473 3029 5520 ;
3047 5456 3168 5509 ’Ὀτι
3186 5458 3394 5527 αἴρεται
3415 5453 3514 5507 ἀπὸ
3538 5450 3621 5518 τῆς
3639 5443 3757 5513 γῆςή
3775 5434 3849 5501 ζωὴ

2379 5548 2565 5604 αὐτοῦ.
2615 5549 2686 5601 Τὸ
2708 5549 2783 5614 δὲ,
2812 5548 3054 5618 Alps-rati,
3087 5551 3273 5619 φησὶν,
3309 5548 3421 5600 ἀντὶ
3460 5543 3565 5605 τοῦ,
3592 5534 3844 5624 Ἐπαίρετξιι

2381 5642 2474 5695 καὶ
2509 5641 2810 5713 ὑψηλθτέμ
2850 5640 2955 5694 τῶν
3006 5642 3095 5695 ἐπὶ
3128 5642 3223 5711 τῆς
3259 5642 3356 5710 γῆς
3382 5636 3565 5702 ἐστινὴ
3594 5628 3685 5697 ζωή
3702 5623 3845 5678 αὐτου,
