4140 6494
159 415 290 474 “8|

1273 405 1341 462 IN
1381 402 1614 462 ISAIAM
1653 405 1785 461 LIB.
1827 405 1895 462 ν.
1936 403 2178 462 τοιιυε
2221 402 2265 458 l.

3273 395 3418 453 “89.

160 529 440 586 τουτέστιν
474 529 510 599 ή
542 524 782 580 πολιτεία
807 524 901 578 καὶ
947 524 976 576 6
1019 521 1160 576 κατὰ
1189 522 1367 590 σάρκα
1397 521 1528 590 βίος.
1557 521 1736 581 Μόνος
1767 540 1780 580 λ

1887 519 2060 573 mnino
2104 517 2194 589 qui
2244 515 2666 588 reprehensione
2712 522 2916 572 careat.
2969 510 3200 568 Tollitur
3249 511 3412 566 etiam

162 620 265 690 γὰρ
297 619 360 671 ὲκ
392 617 629 678 πάντων,
673 614 848 667 καίτοι
882 611 1004 666 καθ’
1038 611 1188 682 ἡμᾶς
1220 610 1497 680 ὁρώμενος
1523 609 1733 678 ἀνθρω-

165 724 284 770 πος,
325 706 426 758 ούκ
455 702 709 771 ἐποίησεν
733 699 1040 772 ἁμαρτίαν,
1096 699 1215 753 οὐδὲ
1263 698 1459 769 εὑρέθη
1494 696 1640 761 δόλος
1675 699 1734 749 ὲν

164 796 240 867 τῷ
273 794 501 866 στόματι
533 792 722 857 αὐτοῦ,
754 791 929 844 καίτοι
959 789 1119 843 τοῦτο
1159 788 1584 860 κατωρθωκότος
1615 787 1736 841 οὐδ-

167 884 283 947 ενός
310 883 418 937 τῶν
457 883 550 935 ἐπὶ
577 881 674 952 τῆς
708 880 832 950 γῆς’
863 879 1163 951 ἀμώμητος
1210 878 1318 950 γὰρ
1361 878 1639 940 παντελῶς
1681 880 1739 930 ὲν

167 979 295 1046 ἡμῖν
318 973 512 1036 οὐδείς.
537 972 762 1043 Αἵρεται
798 972 853 1024 δὲ
885 971 978 1024 καὶ
1003 969 1222 1040 ἑτέρως,
1247 971 1339 1023 καὶ
1371 969 1510 1042 ὑπὲρ
1533 969 1739 1034 πάντας

169 1070 282 1120 ἐστὶ
319 1067 444 1129 τοὺς
469 1065 563 1116 ἐπὶ
593 1064 690 1134 τῆς
731 1064 833 1132 γῆς
864 1065 896 1133 ἠ
939 1063 1072 1133 ζωὴ,
1101 1063 1376 1116 τουτέστιν
1418 1064 1451 1133 ή
1484 1061 1738 1132 ῦπαρξις,

169 1160 260 1212 τοῦ
291 1157 648 1226 Μονογενοῦς,
677 1157 803 1209 ὅταν
837 1153 942 1218 ἔξω
973 1155 1154 1224 νοῆται
1189 1153 1409 1224 σαρκὸς,
1452 1155 1546 1206 καὶ
1587 1151 1741 1207 οὔπω

171 1250 288 1303 καθ’
318 1249 466 1317 ἡμᾶς
500 1238 789 1316 γενόμενος
840 1246 1140 1315 ἄνθρωπος.
1178 1240 1252 1299 OB
1275 1244 1472 1334 frolvuv
1507 1245 1744 1315 παράδοο

173 1339 260 1405 ξος
285 1341 376 1393 καὶ
404 1339 542 1409 ὑπὲρ
591 1337 749 1407 φύσιν
789 1339 821 1407 ή
853 1337 992 1389 κατὰ
1026 1337 1202 1408 σάρκα
1242 1337 1524 1408 γέννησις,
1557 1337 1747 1390 τούτου

171 1434 267 1486 καὶ
301 1435 338 1502 ή
383 1431 498 1501 ζωὴ
531 1432 624 1483 καὶ
661 1432 689 1482 ὁ
744 1429 857 1498 βίος
915 1429 1278 1500 ύπερνήχεται
1325 1428 1387 1481 τὸ
1424 1429 1620 1500 μέτρον
1641 1426 1750 1480 τῶν

173 1523 264 1576 ἐπὶ
287 1524 383 1593 τῆς
409 1522 534 1592 γῆς.
581 1520 721 1572 Ἀλλ’
756 1520 944 1590 ὥσπερ
975 1521 1120 1583 τινὸς
1175 1521 1310 1591 πρὸς
1361 1520 1536 1573 ταῦτα
1568 1519 1753 1588 λέγον-

175 1631 283 1678 τος·
320 1613 442 1676 Πῶς
477 1616 505 1666 6
545 1612 619 1683 μὴ
651 1610 804 1674 εἰδὼς
842 1612 1137 1682 ἁμαρτίαν,
1175 1612 1376 1682 ψήφοις
1394 1611 1754 1678 ύπενήνεκται

178 1701 432 1767 θανάτου,
453 1703 548 1754 καὶ
574 1701 710 1772 μετά
735 1700 842 1753 τῶν
862 1701 1078 1772 ἀνόμων
1101 1699 1354 1770 ἐλογίσθη
1375 1718 1389 1766 ;
1421 1699 1758 1770 Κατακέκρι-

177 1811 266 1848 ται
297 1795 404 1865 γὰρ
433 1793 505 1856 ὡς
533 1793 873 1865 ἁμαρτωλός⁶
904 1792 1184 1863 μονονουχὶ
1224 1794 1318 1845 καὶ
1374 1792 1758 1846 ἀντανίσταται

1841 608 1945 664 alio
1981 608 2160 672 modo,
2188 615 2244 661 et
2273 620 2436 675 supra
2466 619 2656 661 omnes
2684 603 2938 659 mortales
2963 612 3047 659 est
3072 601 3209 666 vita,
3233 599 3284 654 id
3309 609 3413 664 est,

1843 700 2120 772 Unigeniti
2145 698 2408 764 essentia,
2433 697 2650 769 quando
2665 707 2816 752 extra
2837 711 3056 751 carnem
3075 691 3422 761 intelligitur,

1846 801 1901 846 ct
1939 800 2229 860 antequam
2259 789 2434 845 iactus
2457 789 2527 844 sit
2557 789 2718 844 homo
2770 788 2941 842 nostri
2986 785 3200 842 similis.
3251 782 3420 850 Cujus

1848 885 2011 952 igitur
2033 881 2313 953 generatio
2344 879 2581 935 carnalis
2612 893 2826 933 omnem
2873 877 3183 945 opinionem
3226 882 3280 928 et
3325 885 3422 927 na-

1852 985 2026 1028 turam
2060 981 2281 1042 supcrat
2312 989 2330 1027 :
2363 971 2524 1040 hujus
2551 971 2714 1026 etiam
2765 970 2870 1022 vita
2906 977 2963 1022 et
3008 965 3220 1021 vivendi
3267 963 3424 1020 insti-

1853 1075 2024 1119 tutum
2047 1080 2110 1119 ac
2130 1064 2268 1118 ratio
2291 1061 2598 1116 mortalium
2626 1060 2904 1114 hominum
2930 1073 3236 1114 mensuram
3260 1069 3422 1111 exce-

1852 1159 1932 1212 dit
1961 1167 2015 1212 et
2063 1156 2222 1224 longe
2273 1153 2607 1223 praeeminet.
2659 1150 2930 1205 Caeterum
2995 1147 3217 1217 perinde
3268 1144 3423 1213 quasi

1853 1257 2042 1305 contra
2081 1248 2193 1302 haec
2220 1246 2426 1300 diceret
2455 1241 2722 1314 quispiam
2754 1259 2768 1296 :
2801 1238 3080 1306 Quomodo
3109 1236 3197 1306 qui
3234 1248 3426 1305 pecca-

1856 1348 1966 1393 tum
1994 1354 2100 1394 non
2132 1337 2305 1400 novit,
2330 1335 2616 1392 sententiae
2664 1332 2856 1387 mortis
2902 1329 3178 1399 subjectus
3214 1335 3320 1389 est,
3371 1336 3428 1378 et

1858 1445 1979 1486 cum
2011 1429 2210 1497 iniquis
2250 1435 2530 1497 reputatus
2562 1425 2680 1479 est?
2719 1423 3110 1478 condemnatus
3157 1427 3242 1472 est
3281 1416 3432 1470 enim

1861 1532 1919 1578 ut
1947 1531 2232 1593 peccator:
2267 1520 2651 1590 prapemodum
2677 1516 2914 1571 occurrit
2975 1513 3116 1568 Deus
3145 1521 3199 1566 et
3246 1509 3429 1572 Pater,

1860 1624 1914 1670 et
1941 1613 2117 1683 inquit
2145 1631 2158 1667 :
2187 1611 2268 1666 Ab
2307 1609 2688 1680 iniquitatibus
2732 1605 2910 1676 populi
2961 1602 3064 1658 mei
3096 1603 3292 1656 ductus
3349 1606 3433 1652 est

1863 1705 1930 1760 ad
1959 1713 2205 1759 mortem.
2241 1698 2339 1756 Vel
2367 1701 2511 1755 enim
2545 1700 2646 1754 hoc
2673 1699 2803 1752 dicit
2832 1718 2846 1753 :
2881 1696 2985 1751 Pro
3013 1703 3232 1765 peccato
3254 1689 3436 1760 populi

1867 1798 1998 1862 mei,
2023 1795 2212 1852 volens
2235 1794 2426 1849 mortis
2451 1791 2774 1848 sententiam
2810 1788 3011 1853 subiit;
3043 1785 3126 1841 vel
3162 1782 3290 1840 illud
3321 1781 3436 1836 for-

179 1887 353 1956 λέγων
374 1888 402 1940 6
423 1886 550 1949 Θεὸς
582 1886 675 1938 καὶ
703 1885 911 1956 Πατήρ
943 1885 1077 1937 Ἀπὸ
1099 1884 1206 1937 τῶν
1237 1885 1477 1954 ἀνομιῶν
1513 1883 1604 1936 τοῦ
1632 1883 1762 1938 λαοῦ

1887 1889 2024 1944 assis
2058 1905 2072 1940 :
2105 1886 2237 1952 Quia
2279 1886 2558 1948 nimirum,
2591 1883 2790 1952 inquit,
2837 1876 3167 1950 iniquissimi
3209 1871 3437 1929 exstite-

186 1998 286 2053 μου
345 1978 484 2051 ῆχθη
540 1980 619 2040 είς
657 1977 907 2031 θάνατον.
958 1977 1029 2028 ’Ἦ
1072 1978 1180 2047 γὰρ
1240 1975 1400 2028 τοῦτό
1453 1993 1638 2044 φησιν,
1678 1977 1759 2028 ὅτι

1889 1990 1985 2034 ιιιιι
2024 1979 2074 2032 hi
2131 1977 2221 2046 qni
2277 1975 2472 2044 p0pulo
2531 1989 2652 2028 meo
2696 1970 2909 2026 accensi
2960 1975 3102 2032 sunt,
3157 1975 3440 2034 propterea

196 2071 368 2144 ’Υπὲρ
394 2072 490 2142 τῆς
513 2069 786 2141 ἁμαρτίας
813 2066 908 2121 τοῦ
942 2066 1071 2120 λαοῦ
1119 2084 1220 2137 μου
1266 2065 1366 2138 τὴν
1407 2066 1500 2119 τοῦ
1532 2066 1761 2118 θανάτου

1887 2082 2050 2120 :orum
2083 2064 2418 2122 crudelitatis
2446 2071 2502 2118 et
2534 2061 2698 2117 caedis
2725 2060 2900 2128 laquei
2931 2059 2982 2112 in
3013 2058 3160 2111 illum
3210 2055 3442 2110 devene-

184 2165 362 2234 ψῆφον
403 2161 820 2232 ύπομεμένηκεν
862 2159 1023 2224 ἑκὼν,
1056 2160 1223 2229 ἤγουν
1267 2159 1444 2212 ἐκεῖνό
1475 2176 1575 2210 που
1601 2163 1760 2226 τάχα.

199 2252 415 2324 Ἐπειδὴ
442 2252 549 2324 γὰρ
577 2253 936 2321 ἀνομώτατοι,
963 2250 1116 2320 φησι,
1149 2250 1436 2318 γεγόνασιν
1470 2250 1520 2302 οἱ
1547 2247 1764 2301 τελοῦν·

186 2361 278 2408 τες
309 2347 389 2408 είς
409 2344 499 2397 τὸν
517 2343 647 2414 ὲμὸν
667 2342 817 2405 λαὸν,
838 2341 924 2394 διὰ
949 2340 1107 2394 τοῦτο
1134 2341 1230 2410 τῆς
1253 2340 1431 2393 αὐτῶν
1459 2340 1760 2410 ὠμότητος,

189 2437 285 2492 καὶ
349 2435 689 2506 μιαιφονίας,
738 2434 835 2486 καὶ
908 2433 994 2485 ἐπ’
1045 2431 1207 2486 αὑτὸν
1261 2427 1422 2502 ἦλθον
1460 2433 1508 2484 οἱ
1561 2431 1766 2502 βρόχοι,

1864 2171 2009 2226 runt,
2041 2159 2219 2227 itaque
2253 2160 2318 2212 ad
2353 2165 2582 2213 mortem
2615 2157 2808 2207 ductus
2833 2165 2934 2206 e5t.
2969 2151 3167 2204 Verum
3221 2146 3448 2202 omnino

1865 2261 1949 2307 est
1975 2260 2033 2305 et.
2062 2250 2162 2305 hoc
2184 2260 2240 2302 et
2271 2249 2420 2304 illud.
2458 2247 2701 2302 Mortuus
2725 2247 2869 2301 enim
2903 2253 3010 2308 est,
3045 2251 3102 2296 ut
3129 2239 3439 2295 mortalium

1871 2341 2110 2397 aboleret
2149 2349 2454 2410 peceatum,
2485 2346 2539 2392 et
2579 2353 2684 2391 una
2713 2352 2835 2390 cmn
2863 2350 2928 2388 eo
2969 2341 3194 2388 mortem
3243 2345 3310 2387 ex
3355 2327 3447 2384 illo

1872 2433 2036 2505 749
2063 2441 2279 2487 enatam
2313 2430 2536 2484 deleret.
2568 2427 2809 2481 Mortuus
2839 2433 2924 2479 est
2953 2423 3059 2476 alio
3081 2421 3239 2477 modo
3259 2421 3450 2484 etiam,

189 2531 331 2603 ῆχθη
355 2529 412 2583 δὲ
445 2521 599 2592 οὗτος
633 2529 712 2591 είς
747 2526 994 2580 θάνατον·
1015 2523 1238 2594 Ἀληθὲς
1279 2523 1334 2576 δὲ
1373 2523 1591 2586 πάντως
1613 2522 1770 2576 τοῦτό

1887 2525 2074 2579 Ιιιιιιιιῑε
2107 2524 2157 2576 in
2194 2521 2342 2576 illum
2374 2519 2560 2588 inique
2597 2517 2903 2588 agentibus.
2950 2513 3064 2567 Etsi
3103 2515 3252 2568 enim
3283 2524 3450 2579 agno-

191 2641 250 2677 τε
286 2623 528 2675 κάκεῖνο.
572 2618 832 2672 Ἀπέθανε
861 2619 969 2690 γὰρ
1000 2617 1085 2670 ἴνα
1112 2616 1438 2687 καταργήσῃ
1471 2615 1568 2685 τὴν
1591 2616 1773 2686 ἀμαρ-

191 2714 314 2768 τίαν
342 2712 451 2766 τῶν
490 2711 580 2765 ἐπὶ
632 2712 731 2782 τῆς
760 2711 892 2779 γῆς,
925 2709 1018 2761 καὶ
1053 2707 1150 2760 σὺν
1196 2707 1333 2777 αὐτῇ
1391 2705 1480 2760 τὸν
1515 2705 1574 2770 ἐξ
1608 2705 1776 2776 αὐτῆς

193 2803 476 2874 ἀναφύντα
510 2799 792 2873 καταλύσῃ
819 2800 1066 2852 θάνατον.
1104 2795 1370 2849 Ἀπέθανε
1401 2795 1496 2848 καὶ
1534 2793 1736 2865 ἑτέρως
1759 2832 1776 2860 ,

1873 2623 2067 2670 verunt
2109 2629 2231 2669 eum
2274 2626 2395 2667 esse
2460 2609 2754 2672 ltmredem,
2813 2606 2957 2676 apud
3007 2620 3067 2660 se
3124 2603 3378 2658 dixerunt
3431 2617 3453 2656 :

1883 2722 1902 2755 ι
1937 2703 2148 2768 Venite,
2177 2699 2492 2756 occidamus
2527 2713 2671 2764 eum,
2705 2706 2760 2753 et
2786 2694 3161 2751 haereditatem
3190 2691 3306 2763 ejus
3353 2705 3452 2747 no-

1879 2793 1963 2848 bis
2002 2807 2329 2862 occupemus
2359 2791 2424 2844 ".
2458 2809 2475 2841 ι

194 2901 583 2973 ἀνομησάντων
609 2899 687 2960 εἰς
721 2894 880 2948 αὑτὸν
933 2892 1220 2946 Ἰουδαίων.
1271 2891 1468 2946 Καίτοι
1509 2889 1619 2960 γὰρ
1649 2889 2024 2958 ἐπεγνωκότες
2080 2890 2161 2942 ὅτι
2200 2886 2360 2950 αὑτός
2423 2888 2568 2939 ἐστιν
2601 2885 2629 2936 6
2672 2880 3027 2952 κληρονόμος,
3058 2873 3210 2933 εἷπον
3238 2876 3296 2930 ὲν
3323 2877 3457 2929 εαυ-

196 3001 327 3061 τοῖς·
369 2995 581 3059 «Δεῦτε,
609 2990 1017 3061 ἀποκτείνωμεν
1037 2989 1219 3052 αὐτὸν,
1253 2989 1346 3041 καὶ
1371 2985 1590 3058 σχῶμεν
1616 2987 1828 3049 ἑαυτοῖς
1864 2987 1963 3057 τὴν
1992 2981 2355 3056 κληρονομίαν
2393 2979 2612 3034 αὑτοῦ.»

275 3090 379 3145 Καὶ
402 3089 573 3142 δώσω
601 3087 740 3153 τοὺς
779 3056 1082 3153 πονήροὺς
1131 3083 1265 3138 ἀντι
1300 3056 1646 3150 τῆξταφῆς
1674 3083 1780 3135 αὐ-

1897 3056 1936 3150 ἓξ
1961 3077 2125 3135 Vsus.
2151 3080 2206 3134 9.
2251 3079 2320 3132 Et
2354 3077 2489 3130 dabo
2545 3073 2804 3144 improbos
2857 3086 2952 3140 pro
2996 3068 3264 3138 sepultura
3315 3056 3458 3136 ejus,

139 3213 142 3215 ·
200 3182 332 3249 τοῦ,
349 3181 448 3236 καὶ
475 3180 618 3245 τοὺς
640 3178 980 3244 πλουσίους
999 3177 1132 3231 ἀντὶ
1162 3175 1266 3230 τοῦ
1296 3174 1554 3230 θανάτου
1575 3172 1781 3227 αὑτοῦ.

202 3274 336 3328 Ὅτι
369 3271 661 3341 ἁμαρτίαν
692 3272 802 3324 οὐκ
851 3268 1162 3334 ἐποίησεν,
1200 3265 1344 3318 οὐδὲ
1362 3263 1575 3333 εὑρέθη
1607 3264 1788 3331 δόλος

203 3365 278 3419 ἐν
313 3363 392 3428 τῷ
413 3363 667 3432 στόματι
696 3361 904 3415 αὐτοῦ.

281 3456 499 3510 Ἔοικεν
529 3456 587 3506 ὲν
620 3451 832 3516 τούτοις
881 3453 1060 3505 ἐκεῖνο
1110 3449 1398 3521 βούλεσθαι
1434 3447 1648 3518 δηλοῦν,
1697 3447 1790 3502 καὶ

206 3548 410 3620 ἀληθὲς
437 3546 495 3600 δν
553 3546 898 3619 ἀποφαίνειν,
963 3543 1100 3615 ὅπερ
1163 3542 1372 3614 ἔφαμεν
1416 3541 1650 3613 ἀρτίως,
1707 3541 1792 3593 ὅτι

207 3641 299 3694 διά
330 3640 391 3692 τὸ
442 3634 581 3692 εἶναι
637 3634 914 3697 δυσσεϐεῖς
968 3633 1190 3706 σφόδρα,
1253 3630 1346 3685 καὶ
1410 3629 1792 3700 ἀνομωτάτους

209 3735 340 3796 τοὺς
361 3730 647 3792 τελοῦντας
682 3729 761 3790 είς
784 3725 908 3778 λαὸν
947 3724 1102 3787 Θεοῦ,
1143 3722 1282 3794 ήχθη
1326 3720 1556 3790 Χριστὸς
1584 3719 1663 3781 είς
1697 3717 1794 3771 θά-

211 3842 397 3881 νατον.
439 3820 658 3891 Ἐπειδὴ
696 3819 827 3890 γὰρ,
867 3816 1053 3888 φησὶν,
1096 3814 1561 3884 πεπαρῳνήκασιν
1591 3813 1671 3874 εἰς
1695 3809 1793 3864 αύ-

211 3920 308 3972 τὸν
339 3915 590 3980 ἀνοσίως,
619 3913 714 3966 καὶ
739 3909 979 3983 ἀρχηγὸν
1000 3908 1128 3960 ὄντα
1147 3905 1249 3975 τῆς
1269 3904 1414 3975 ζωῆς
1444 3901 1797 3963 ἀπεκτόνασι,

213 4011 606 4073 δυσσεϐοῦντες
641 4005 968 4076 ἀφυλάκτως
998 4001 1093 4055 καὶ
1116 4001 1195 4063 εἰς
1218 3999 1380 4054 αὐτὸν
1403 3997 1493 4051 τὸν
1523 3994 1764 4060 σώζοντα
1781 4007 1794 4022 ⁸

215 4103 480 4174 ’ταύτῃτοι
541 4099 638 4153 καὶ
694 4097 838 4170 μάλα
893 4093 1117 4155 δικαίως
1175 4093 1300 4154 τοὺς
1363 4087 1634 4159 πονηροὺς
1711 4085 1804 4139 καὶ

217 4194 510 4258 πλουσίους
535 4190 713 4256 δώσω,
734 4189 921 4258 φησὶν,
952 4187 1033 4257 είς
1083 4185 1270 4254 χεῖρας
1300 4180 1534 4251 ἐχθρῶν,
1560 4179 1679 4233 ἀντὶ
1705 4179 1803 4248 τῆς

219 4286 400 4356 ταφῆς
424 4281 614 4348 αὐτοῦ,
643 4279 739 4334 καὶ
769 4280 888 4332 ἀντὶ
911 4274 1006 4330 τοῦ
1045 4275 1275 4328 θανάτου
1309 4271 1496 4326 αὑτοῦ.
1543 4270 1804 4341 Πεπλημ-

225 4377 503 4450 μελήκασι
569 4374 680 4442 γάρ
737 4369 980 4424 Ἰουδαῖοι
1037 4364 1180 4420 κατὰ
1240 4364 1332 4418 δύο
1386 4364 1659 4435 τρόπους,
1712 4361 1806 4415 καὶ

219 4467 586 4529 ἀπεκτονότες
614 4464 705 4517 τὸν
731 4461 957 4532 Κύριον,
1007 4458 1102 4511 καὶ
1140 4454 1602 4524 συκοφαντοῦντες
1640 4452 1807 4506 αὐτοῦ

221 4561 327 4632 τὴν
361 4559 558 4629 ταφήν.
590 4555 703 4610 Καὶ
750 4553 880 4607 τίνα
927 4552 1149 4624 τρόπον,
1177 4548 1429 4620 ἐροῦμεν.
1471 4547 1672 4616 Ἐτάφη
1711 4547 1807 4615 μὲν

224 4654 341 4724 γὰρ
363 4651 660 4722 ὑπομείνας
684 4649 773 4703 τὸν
792 4647 934 4703 κατά
968 4646 1146 4716 σάρκα
1171 4643 1418 4699 θάνατον·
1452 4642 1590 4713 πλὴν
1611 4641 1812 4696 ἀνεϐίω

226 4746 551 4814 τριήμερος,
585 4739 810 4810 σεισμοῦ
834 4736 1115 4808 γεγονότος
1154 4737 1209 4788 ὲν
1254 4733 1332 4805 τῷ
1373 4731 1642 4804 μνημείῳ·
1673 4730 1814 4783 ὥστε

232 4837 332 4891 καὶ
364 4838 488 4898 τοὺς
518 4833 888 4904 φυλάσσοντας
935 4826 1271 4902 στρατιώτας
1299 4829 1355 4880 ὲν
1384 4824 1634 4894 αἰσθήσει
1660 4821 1807 4890 γενέ-

235 4930 364 4983 σθαι
391 4927 486 4982 τοῦ
539 4926 880 4997 πράγματος,
929 4921 1220 4991 ἀφικέσθαι
1269 4935 1328 4971 τε
1384 4917 1521 4987 πρὸς
1545 4916 1672 4976 τοὺς
1703 4912 1814 4965 τῶν

248 5019 522 5076 Ἰουδαίων
557 5015 892 5088 καθηγητὰς,
924 5011 1254 5082 ἀπαγγεῖλαί
1285 5026 1346 5062 τε
1377 5007 1558 5073 τοῦτο,
1592 5005 1687 5058 καὶ
1720 5002 1817 5057 αύ-

234 5114 339 5187 τὴν
364 5110 539 5181 δὲτὴν
568 5109 884 5164 ἀνάστασιν.
937 5105 1002 5158 Οί
1037 5105 1115 5169 δὲ,
1164 5102 1309 5157 καθά
1359 5115 1524 5172 φησιν
1570 5099 1598 5151 6
1653 5096 1818 5163 εὐαγ-

237 5204 520 5274 γελιστὴς,
561 5201 800 5274 ἀργύρια
829 5197 990 5253 ἱκανά
1019 5197 1222 5250 ἔδωκαν
1271 5197 1386 5257 τοῖς
1424 5188 1785 5263 στρατιώταις
1805 5227 1820 5253 ,

243 5300 336 5352 ἴνα
367 5298 617 5358 εἴπωσιν,
647 5295 730 5347 ὅτι
777 5293 828 5346 οἱ
863 5290 1102 5362 μαθηταὶ
1145 5285 1309 5341 αὑτοῦ
1340 5285 1584 5346 ἐλθόντες
1631 5279 1822 5344 νυκτὸς

245 5388 488 5458 ἔκλεψαν
526 5386 708 5441 αὐτόν.
753 5383 866 5437 Καὶ
921 5379 1196 5452 ἐφημίσθη
1237 5380 1265 5431 6
1307 5378 1464 5446 λόγος
1495 5370 1648 5437 οὗτος
1675 5372 1825 5444 παρὰ

243 5484 364 5544 τοῖς
405 5477 680 5541 Ἰουδαίοις
717 5475 878 5547 μέχρι
908 5474 1008 5544 τῆς
1057 5472 1293 5542 σήμερον
1343 5468 1574 5539 ἡμέρας.
1620 5462 1828 5518 Οὐκοῦν

1838 4429 1884 4486 D

1887 3183 1933 3228 et
1963 3175 2150 3228 divites
2191 3187 2286 3240 pro
2313 3180 2477 3223 morte
2497 3168 2632 3238 ejus.
2670 3165 2808 3232 Quia
2841 3163 3172 3234 iniquitatem
3229 3176 3331 3214 non
3371 3157 3457 3223 fe-

1889 3268 1978 3331 cit,
2011 3280 2172 3335 neque
2198 3265 2434 3318 inventus
2477 3271 2549 3315 est
2579 3259 2730 3312 dolus
2766 3257 2820 3311 in
2863 3271 2950 3310 ore
2980 3254 3118 3323 ejus.

1911 3515 1915 3518 _
1968 3446 2188 3502 Videtur
2219 3447 2273 3499 in
2304 3444 2391 3499 his
2438 3441 2619 3498 verbis
2659 3438 2788 3495 illud
2827 3439 2962 3493 velle
3032 3435 3363 3505 signiﬁcare,
3406 3437 3472 3490 et

1893 3538 1944 3594 id
1975 3552 2160 3592 verum
2188 3551 2310 3592 esse
2359 3534 2667 3600 ostendere,
2723 3530 2864 3600 quod
2917 3529 3028 3598 jam
3076 3525 3333 3589 diximus,
3399 3536 3476 3577 eo

1894 3631 2036 3700 quod
2069 3630 2218 3698 impii
2251 3627 2542 3682 admodum
2577 3635 2633 3680 et
2665 3620 3026 3693 _iniquissimi
3082 3617 3318 3682 fuerant,
3375 3615 3477 3685 qui

1897 3719 2097 3791 populo
2130 3718 2222 3773 Dei
2249 3717 2464 3772 accensi
2497 3721 2676 3779 erant,
2700 3721 2986 3784 propterea
3021 3708 3297 3764 Christum
3348 3719 3476 3760 esse

1899 3815 1963 3869 ad
1997 3818 2226 3866 mortem
2254 3809 2562 3878 abreptum.
2600 3804 2760 3870 Nam,
2799 3802 2996 3871 inquit,
3029 3795 3476 3869 quandoquidem

1901 3906 2063 3975 impie
2093 3904 2144 3958 in
2170 3901 2316 3956 illum
2356 3898 2672 3954 debacchati
2708 3903 2858 3958 sunt,
2903 3902 2960 3948 et
2995 3890 3294 3961 principem
3346 3887 3478 3941 vita

1904 3991 2317 4055 interfecerunt,
2387 3987 2794 4044 inconsiderate
2867 3981 3200 4050 impietatem
3252 3977 3310 4032 in
3349 3991 3483 4033 eum

1903 4086 2071 4142 etiam
2117 4083 2211 4153 qui
2242 4094 2424 4138 servat
2449 4085 2770 4135 exercentes
2797 4092 2813 4131 :
2845 4075 2974 4130 hinc
3000 4079 3054 4129 et
3078 4071 3294 4142 quidem
3324 4067 3486 4125 valde

1908 4178 2100 4232 merito
2123 4173 2400 4244 improbos
2423 4182 2478 4226 et
2496 4170 2710 4234 divites,
2732 4167 2928 4237 inquit,
2946 4179 3043 4234 pro
3071 4162 3346 4233 sepultura
3362 4158 3486 4228 ejus

1907 4279 1961 4325 et
1995 4283 2092 4337 pro
2124 4276 2298 4321 morte
2326 4265 2470 4332 ejus,
2491 4263 2634 4317 dabo
2660 4260 2713 4314 in
2740 4273 2932 4313 manus
2967 4254 3224 4312 hostium.
3261 4251 3485 4307 Duobus

1910 4363 2051 4417 enim
2085 4359 2260 4413 modis
2291 4357 2635 4423 deliquerunt
2662 4350 2854 4412 .ludzei,
2893 4360 3003 4403 tum
3026 4345 3168 4416 quod
3191 4343 3488 4399 interfece-

1914 4453 2021 4504 rint
2050 4448 2356 4511 Dominum,
2385 4456 2496 4498 tum
2543 4443 2685 4512 quod
2741 4441 2856 4508 ejus
2911 4436 3245 4506 sepulturam
3279 4433 3488 4488 calum-

1915 4542 2050 4597 niati
2078 4541 2303 4596 fuerint.
2338 4538 2459 4605 Quo
2490 4545 2669 4590 autem
2701 4532 2883 4598 modo,
2915 4529 3179 4583 dicemus.
3233 4524 3496 4593 Sepultus

1915 4645 2000 4692 est
2055 4634 2200 4690 enim
2255 4641 2542 4702 postquam
2642 4625 2825 4682 carnis
2891 4630 3120 4677 mortem
3209 4615 3495 4677 subiisset,

1918 4737 1972 4782 et
1996 4736 2174 4779 tamen
2231 4723 2392 4778 tertio
2437 4721 2522 4776 die
2574 4716 2790 4782 revixit,
2852 4721 3010 4768 terrae
3064 4718 3210 4764 motu
3257 4706 3497 4777 quodam

1920 4818 2155 4875 excitato
2187 4817 2238 4870 in
2279 4822 2652 4874 monumento,
2711 4808 2846 4863 adeo
2877 4814 2933 4859 ut
2964 4803 3161 4856 milites
3185 4797 3493 4855 custodien-

1922 4921 2001 4965 tes
2035 4924 2150 4964 rem
2197 4907 2484 4970 sentirent,
2512 4913 2565 4958 et
2599 4903 2664 4957 ad
2699 4899 3001 4956 Judzeorum
3021 4898 3300 4966 praefectos
3325 4890 3499 4952 irent.

1920 5015 2149 5070 eamque
2179 4999 2511 5060 nuntiarent,
2572 4996 2850 5066 ipsmnque
2905 4987 3385 5045 resurrectionem.
3429 4979 3500 5035 Hi

1923 5109 2074 5158 vero,
2134 5092 2288 5146 sicuti
2340 5088 2671 5158 evangelista
2729 5082 2916 5147 refert,
2979 5087 3264 5147 argenteos
3300 5072 3504 5128 multos

1926 5186 2189 5242 dederunt
2251 5182 2532 5246 militibus,
2605 5185 2662 5232 ut
2699 5177 2964 5242 idicercnt
3021 5169 3315 5239 discipulos
3381 5165 3506 5234 ejus

1928 5277 2141 5332 venisse
2167 5283 2353 5340 noctu,
2393 5285 2626 5340 eumque
2680 5265 3009 5336 surripuisse
3035 5263 3103 5316 ⁸⁸.
3165 5261 3368 5330 Estque
3400 5257 3497 5311 hic.

1929 5382 2106 5424 sermo
2147 5366 2453 5434 divulgatus
2483 5365 2622 5434 apud
2671 5360 2884 5416 Iudaeos
2930 5357 2996 5411 ad
3038 5353 3358 5410 hodiernum
3409 5360 3502 5401 us-

1932 5474 2038 5532 que
2077 5460 2238 5516 dicm.
2283 5456 2466 5526 Itaque
2495 5457 2564 5510 ob
2588 5455 2706 5509 haec
2731 5454 2836 5506 duo
2868 5448 3071 5506 scelera
3138 5447 3360 5499 accusat
3404 5449 3504 5491 eos

248 5535 453 5634 διτταῖς
488 5535 919 5640 πλημμελήμασι
964 5535 1235 5636 ἱτράφέτοίι
1260 5535 1395 5623 τοὺς.
1434 5535 1775 5628 ῆσεὸηκότας

1936 5556 2025 5623 qui
2064 5552 2226 5622 impie
2266 5549 2768 5620 praevaricatisum,
2815 5543 2954 5596 Deus
2996 5547 3051 5594 et
3076 5536 3276 5597 Pater;
3327 5535 3505 5640 eteo:

250 5663 390 5727 Θεὸς
427 5615 532 5716 καὶ
566 5615 1150 5729 ἡΓαζήρῘΓπονηροῦςδὲ
1178 5615 1384 5715 αὐτοὺς
1419 5615 1514 5704 καὶ
1550 5615 1780 5703 πλουσίοι

1941 5615 2112 5703 malos
2141 5615 2379 5716 appellat
2408 5651 2462 5698 et
2487 5640 2680 5697 divites
2713 5653 2728 5693 :
2759 5635 2948 5700 malos,
2974 5639 3031 5686 ut
3071 5627 3161 5698 qui
3191 5615 3508 5680 calumniati

292 5837 341 5874 "'
373 5835 564 5894 Matth.
599 5851 709 5900 χιι,
741 5832 830 5891 38.
907 5833 952 5865 ⁶⁸
999 5828 1187 5885 Matth.
1228 5842 1426 5892 xxvut,
1467 5824 1563 5891 l2,
1601 5825 1693 5880 13.
