4140 6540
664 449 800 507 "85

1684 449 1739 502 S.
1781 447 2067 503 CYlllLLl
2104 446 2572 502 ALEXANUBINI
2612 441 2931 499 ARCHIEP.

3801 432 3944 489 ιιδι

664 564 887 633 fin-rint,
920 578 974 621 et
1018 569 1169 621 vanis
1219 567 1284 621 de
1319 567 1498 622 causis
1537 566 1718 621 Jesum
1770 567 2104 637 occiderint};
2153 569 2237 621 di-

2344 565 2644 619 ἁποκαλεί’
2689 563 2961 633 πονηροὺς
3017 561 3114 629 μὲν
3142 557 3215 621 ὡς
3263 556 3816 625 συκοφαντήσαντας,
3854 556 3942 607 καί

664 659 800 712 vites
832 668 1034 721 autem,
1074 657 1213 727 quod
1239 658 1464 726 pecunia
1494 659 1869 728 persuaserint
1923 658 2082 713 Pilall
2150 675 2239 714 sa-

665 746 917 804 tellitibus
973 749 1336 803 venerandum
1400 759 1454 803 et
1513 765 1767 821 magnum
1827 752 2241 808 resurrectionis

662 842 982 911 mysterium
1027 840 1367 895 calumniari.
1396 838 1491 894 Est
1539 841 1703 895 etiam
1770 841 2068 898 verisimile
2132 843 2240 898 alio

663 934 823 987 modo
847 947 941 987 eos
979 933 1151 988 dictos
1198 948 1318 987 esse
1362 932 1557 988 divites
1602 951 1615 986 :
1651 934 1903 988 nimirum
1962 936 2242 992 subinnuit

663 1032 717 1077 et
743 1024 905 1078 tacite
933 1024 1143 1093 sugillat
1180 1024 1293 1077 lucc
1317 1025 1493 1079 oratio
1516 1066 1530 1089 ,
1562 1025 1659 1077 liae
1694 1026 1761 1079 de
1788 1040 1955 1079 causa
2009 1042 2102 1081 eos
2157 1026 2240 1080 in-

663 1113 830 1168 sidias
860 1095 1125 1168 struxisse
1158 1113 1407 1179 Christo,
1444 1129 1550 1183 quo
1590 1114 1807 1169 divitias
1858 1114 2061 1171 habere
2119 1130 2242 1186 pos-

663 1215 786 1260 sent
820 1206 1003 1275 inique
1054 1216 1441 1272 coacervatas,
1491 1221 1522 1263 e
1571 1221 1677 1260 non
1733 1215 1879 1260 recte
1922 1206 2240 1275 judicando,

662 1308 719 1352 et
745 1312 881 1367 quos
918 1308 1133 1369 possent
1199 1314 1360 1353 avare
1397 1299 1700 1369 spolianda.
1769 1297 1912 1351 Dixit
1982 1299 2239 1353 nimirum

662 1390 731 1442 de
782 1388 888 1443 illis
921 1404 1055 1445 voce
1095 1389 1277 1444 lsaim:
1312 1409 1330 1442 ι
1355 1388 1633 1460 Principes
1662 1390 1737 1445 tui
1785 1402 1887 1444 n0n
1946 1390 2235 1457 obediunt,

663 1479 793 1534 socii
854 1478 1015 1550 750
1070 1491 1194 1536 sunt
1242 1480 1441 1544 furum,
1501 1482 1733 1552 diligunt
1806 1497 2048 1550 munera,
2108 1496 2244 1537 con-

664 1582 941 1628 sectantur
980 1577 1283 1643 praemium,
1324 1577 1539 1645 pupillis
1586 1592 1688 1629 non
1731 1575 1997 1643 iudicant,
2062 1585 2117 1631 et
2158 1575 2245 1646 ju-

661 1664 862 1716 dicium
888 1663 1061 1718 viduze
1094 1680 1197 1717 non
1228 1665 1509 1720 attendunt
1541 1666 1607 1718 ⁸⁸.
1641 1685 1659 1718 ι
1705 1664 2009 1720 Voluerunt
2071 1667 2241 1720 etiam

664 1770 969 1810 sermonem
997 1757 1117 1809 tidei
1154 1772 1257 1810 non
1298 1758 1484 1826 recipi,
1512 1758 1836 1827 cogitantes,
1884 1769 2136 1812 cessante
2163 1758 2240 1810 le-

663 1843 770 1914 gali
801 1844 981 1909 cultu,
1032 1860 1089 1899 se
1135 1846 1331 1898 debere
1393 1846 1686 1914 quaestibus
1756 1855 1811 1898 et
1863 1843 2244 1898 emolumentis

2343 658 2430 709 ἐπ’
2462 656 2666 717 αἰτίαις
2724 654 2825 723 μὲν
2872 650 3060 713 ἑώλοις
3117 647 3485 710 ἀπεκτονότας
3538 646 3635 699 τὸν
3702 643 3940 715 Ἰησοῦνο

2342 744 2629 808 πλουσίους
2657 744 2736 807 δὲ,
2779 744 2860 796 ὃτι
2889 741 3133 812 χρήμασι
3186 737 3481 792 πεπείκασι
3519 737 3653 799 τοὺς
3706 734 3941 788 Πιλάτου

2341 836 2688 908 δορυφόρους,
2738 835 2798 888 τὸ
2860 831 3056 887 σεπτὸν
3087 831 3182 886 καὶ
3233 830 3375 898 μέγα
3429 829 3531 899 τῆς
3582 826 3942 889 ἀναστάσεως

2344 928 2749 999 συκοφαντῆσαι
2800 925 3122 996 μυστήριον.
3178 923 3341 985 Εἰκὸς
3378 920 3435 974 δὲ
3462 921 3560 975 καὶ
3593 918 3727 972 καθ’
3762 918 3941 988 ἕτεροι

2342 1024 2544 1094 τρόπον
2574 1019 2863 1079 πλουσίους
2885 1018 3082 1079 αὐτοὺς
3104 1014 3444 1084 ὠνομάσθαι,
3461 1013 3539 1077 ὡς
3561 1011 3941 1080 αἰνιττομένου

2341 1131 2402 1167 τε
2455 1114 2551 1167 καὶ
2579 1110 3011 1180 ὑποπλήττοντος
3035 1106 3127 1159 τοῦ
3167 1105 3324 1173 λόγου
3349 1148 3363 1171 ,
3395 1107 3477 1158 ὅτι
3519 1102 3740 1171 ταύτης
3789 1102 3943 1153 ἕνεκα

2343 1207 2442 1278 τῆς
2473 1201 2651 1263 αἰτίας
2681 1198 3082 1254 ἐπεϐούλευσαν
3122 1195 3202 1266 τῷ
3237 1194 3481 1266 Χριστῷ,
3518 1195 3610 1247 ἵνα
3640 1192 3826 1261 ἔχοιεν
3858 1193 3944 1243 ας,-

2341 1297 2423 1351 τοί
2454 1294 2680 1349 πλοῦτον
2727 1290 2925 1352 ἀδίκως
2980 1287 3409 1359 σεσωρευμένον,
3446 1285 3538 1337 τὸν
3599 1284 3717 1338 άπό
3758 1299 3829 1351 γε
3857 1281 3943 1335 τοῦ

2349 1387 2423 1458 μὴ
2447 1386 2653 1456 κρίνειν
2684 1380 2881 1453 ὀρθῶς,
2916 1378 3012 1432 καλ⁵
3043 1377 3137 1440 οὓς
3169 1377 3235 1431 ἂν
3262 1375 3525 1430 δύνωνται
3572 1372 3943 1428 πλεονεκτεῖν.

2356 1477 2502 1547 Ἔφη
2531 1473 2661 1544 γοῦν
2686 1489 2753 1525 πε
2765 1471 2816 1541 pi.
2854 1471 3032 1524 αὐτῶν
3057 1467 3144 1521 διὰ
3184 1467 3366 1537 φωνῆς
3398 1467 3626 1520 Ἡσαΐου
3647 1480 3663 1494 ·
3706 1482 3729 1515 ι
3751 1463 3819 1518 Οἱ
3852 1464 3948 1533 ιρ-

2345 1565 2532 1637 χοντές
2572 1582 2665 1619 σου
2690 1561 3001 1639 ἀπειθοῦσι,
3020 1561 3268 1614 κοινωνοὶ
3296 1558 3546 1613 κλεπτῶν
3566 1598 3582 1620 ,
3618 1555 3949 1623 ἀγαπῶντες

2343 1657 2515 1729 δῶρα,
2544 1654 2834 1717 διώκοντες
2864 1651 3235 1719 ἀνταπόδομα.
3258 1650 3513 1720 ὀρφανοῖς
3541 1648 3607 1700 ού
3637 1645 3948 1716 κρίνοντες,

2345 1748 2441 1802 καὶ
2470 1746 2647 1819 κρίσει
2682 1746 2859 1816 χήρας
2911 1743 2971 1795 οὐ
3031 1740 3407 1811 προσέχοντες.
3447 1757 3466 1790 ι
3531 1736 3949 1808 Ἀπαράδεκτον

2346 1841 2402 1894 δὲ
2432 1839 2637 1895 καὶτὸν
2663 1840 2762 1909 τῆς
2794 1835 3034 1895 πίστεως
3067 1831 3346 1885 ἐποιοῦντο
3377 1830 3555 1899 λόγον,
3592 1826 3949 1889 ἐννοοῦντες,

664 1934 953 1988 sacerdotii
1010 1934 1281 1988 excidere.
1346 1933 1695 2003 Reeiplebant
1748 1935 1891 1990 enim
1950 1933 2240 2004 primitias,

2347 1935 2428 1987 ὅτι
2461 1929 2811 2000 παυσομένης
2844 1929 2943 1998 τῆς
2987 1929 3044 1979 ἐν
3076 1924 3229 1995 νόμῳ
3266 1922 3544 1993 λατρείας,
3607 1920 3950 1976 ἐκπίπτωσι

664 2033 720 2078 et
758 2024 1019 2086 decimas,
1055 2032 1110 2077 et
1141 2024 1500 2077 minutissima
1546 2039 1771 2093 qumque
1798 2032 1991 2078 exacte
2013 2038 2077 2078 ac
2108 2039 2247 2091 prae-

663 2118 776 2171 cise
833 2116 1183 2185 colligebant.
1218 2114 1497 2185 Siquidem
1528 2116 1632 2171 hoc
1689 2116 1795 2171 illis
1851 2117 2048 2185 probro
2101 2115 2247 2169 dedit

664 2204 917 2262 Christus
945 2207 1132 2262 dicens
1167 2226 1180 2261 :
1227 2224 1246 2258 ι
1285 2205 1376 2261 Vae
1413 2209 1588 2271 vobis,
1639 2206 1844 2262 Scriba:
1869 2218 1924 2263 et
1984 2206 2244 2261 Phariszei

664 2302 984 2370 hypocrita),
1034 2287 1160 2369 quia
1179 2302 1466 2355 deeitnatis
1494 2302 1795 2365 mentitam,
1847 2310 1902 2355 et
1963 2301 2242 2365 anethum,

663 2401 717 2445 et
758 2393 1068 2456 cuminum;
1098 2402 1151 2447 et
1186 2409 1303 2461 quae
1338 2393 1583 2463 graviora
1628 2390 1761 2461 legis
1793 2402 1920 2446 sunt
1960 2392 2243 2458 omisistis,

655 2477 943 2548 judicium,
972 2489 1023 2534 et
1062 2481 1515 2545 misericordiam,
1546 2490 1601 2536 et
1654 2482 1812 2535 [idem
1861 2481 1928 2535 το.
1969 2500 1987 2532 ι
2044 2482 2246 2535 Ceuvi-

661 2571 734 2625 cti
765 2577 891 2625 sunt
920 2570 1081 2625 etiam
1113 2579 1169 2626 ut
1198 2572 1371 2636 avari,
1410 2572 1519 2626 alio
1547 2587 1764 2643 quoque
1791 2572 2049 2638 nomine;
2084 2588 2236 2639 nam,

659 2674 718 2716 ut
750 2674 912 2732 supra
942 2662 1075 2726 dixi,
1121 2664 1447 2717 dominicam
1479 2673 1685 2718 sortem
1744 2665 1810 2718 ad
1873 2680 1932 2719 se
1983 2662 2241 2719 transfer-

661 2763 862 2820 rentes,
896 2755 1113 2809 domino
1150 2757 1320 2810 vineae
1360 2756 1580 2812 insidias
1643 2766 2046 2824 compararunt.
2082 2756 2236 2824 Quod

661 2855 841 2899 autem
891 2845 1037 2913 justo
1067 2847 1273 2914 judicio
1304 2848 1513 2916 dederit
1546 2848 1685 2903 Deus
1732 2848 1902 2903 malos
1933 2857 1987 2904 et
2049 2849 2243 2903 divites

659 2951 758 3005 pro
789 2946 961 2992 morte
989 2947 1040 2992 et
1074 2940 1344 3006 sepultura
1379 2939 1577 2994 Christi
1607 2980 1623 3001 ,
1657 2950 1846 3008 aperte
1872 2941 2237 3007 demonstrat,

659 3043 786 3081 mox
819 3026 1058 3083 inferens
1094 3047 1107 3083 :
1198 3030 1331 3096 Quia
1363 3029 1703 3099 iniquitatem
1735 3044 1840 3083 non
1872 3027 2029 3093 fecit,
2067 3044 2243 3101 neque

659 3117 912 3173 inventus
968 3128 1053 3173 est
1105 3120 1260 3174 dolus
1316 3120 1369 3173 in
1427 3134 1523 3175 ore
1566 3121 1704 3191 ejus.
1762 3121 1892 3187 Qua:
1934 3135 2063 3187 ergo
2118 3136 2239 3173 ora-

661 3210 737 3264 tio
773 3209 976 3266 Judaeis
1002 3211 1456 3279 patrocinabitur,
1536 3212 1590 3265 in
1638 3212 1724 3265 die
1815 3211 2050 3281 judicii?
2102 3211 2241 3266 Deus

657 3304 802 3359 enim
836 3314 890 3358 et
921 3303 1101 3368 Pater,
1131 3314 1323 3373 aperte
1362 3313 1594 3361 testatus
1645 3314 1731 3359 est
1783 3306 1848 3360 de
1898 3304 2058 3371 Filio,
2118 3319 2239 3358 eum

655 3410 777 3448 esse
830 3394 982 3463 culpa
1012 3410 1260 3449 vacuum.
1319 3394 1429 3449 Nec
1459 3396 1602 3449 enim
1641 3394 1893 3451 iuventus
1925 3407 2007 3451 est
2063 3394 2239 3463 dolus,

657 3485 711 3540 id
734 3492 818 3540 est
841 3485 1198 3550 mendacium,
1229 3486 1392 3541 inore
1417 3487 1556 3556 ejus.
1579 3504 1675 3542 nec
1703 3487 1827 3541 fecit
1861 3488 2235 3556 iniquitatem.

660 3576 841 3646 Itaque
875 3591 973 3631 nec
1028 3576 1172 3631 facto
1197 3593 1295 3633 nec
1338 3579 1486 3634 dicto
1523 3580 1656 3648 legis
1679 3585 2048 3649 transgresm’r
2100 3589 2239 3643 erat,

656 3674 713 3723 et
731 3669 794 3721 ad
825 3668 1037 3724 culmen
1071 3670 1248 3723 omnis
1273 3670 1525 3738 puritatis
1553 3672 1818 3740 pervenit.
1853 3670 1925 3724 At
1970 3671 2057 3725 isti
2093 3686 2244 3726 men-

663 3759 753 3813 titi
787 3771 936 3826 sunt,
969 3771 1024 3815 et
1068 3761 1442 3816 testimonium
1502 3761 1742 3817 tulerunt
1799 3775 1989 3817 contra
2066 3761 2241 3826 illum,

657 3848 900 3904 dicentes
928 3847 1121 3915 Pilato,
1164 3849 1323 3905 modo
1348 3851 1606 3920 quidem:
1657 3868 1676 3902 ι
1719 3848 1817 3905 Hic
1848 3849 2091 3904 concitat
2142 3864 2240 3920 po-

657 3940 862 4010 pulum,
891 3950 945 3996 et
967 3950 1113 3997 vetat
1157 3942 1289 3997 dare
1343 3943 1543 3997 tributa
1601 3941 1807 3997 Caasari
1861 3943 1964 4010 τίς
2004 3961 2023 3995 ι
2083 3944 2243 3999 modo

657 4045 877 4087 rursus:
917 4051 936 4083 ι
990 4032 1046 4086 Si
1107 4033 1504 4087 lticmalellcus
1535 4049 1643 4087 non
1696 4033 1911 4099 luisset,
1962 4048 2086 4088 eum
2145 4034 2241 4090 tibi

656 4139 762 4179 non
788 4124 1203 4179 tradidissemus
1242 4125 1307 4178 τ’.
1354 4144 1372 4177 ι
1428 4124 1883 4180 Contranituntur
1937 4125 2105 4193 igitur
2158 4134 2241 4180 te.

664 4216 925 4269 stimonio
957 4214 1154 4279 Patris,
1192 4216 1720 4285 irreprehensibilem
1761 4216 1910 4270 illmn
1948 4225 2005 4271 et
2032 4217 2240 4283 justum

658 4305 980 4360 criminibus
1008 4322 1113 4361 non
1157 4306 1301 4361 veris
1366 4316 1754 4373 arcessentes;
1806 4307 1947 4362 hanc
2011 4309 2081 4362 ob
2126 4322 2241 4363 rem

661 4396 841 4451 traditi
877 4406 1003 4452 sunt
1025 4398 1293 4453 hostibus.
1354 4415 1371 4451 ι
1438 4400 1573 4466 Quia
1628 4400 1744 4453 vult
1796 4400 2055 4455 Dominus
2112 4415 2243 4470 pur-

658 4504 789 4561 gare
817 4505 940 4546 eum
967 4506 995 4545 a
1036 4490 1189 4561 plaga
1221 4492 1291 4547 ".
1335 4511 1354 4543 ι
1415 4491 1627 4547 Etenim
1658 4493 1701 4548 si
1729 4495 1819 4563 qui
1872 4493 1922 4546 in
1954 4492 2105 4547 illum
2148 4492 2242 4548 de-

2347 2024 2555 2094 κερδῶν
2586 2021 2694 2074 τῶν
2734 2019 2843 2073 ἀπό
2864 2035 2925 2087 γε
2962 2018 3062 2087 τῆς
3109 2015 3411 2088 ἱερωσύνης
3430 2032 3443 2044 ·
3474 2011 3811 2083 ἐκομίζοντο
3843 2011 3951 2081 γὰρ

2346 2112 2623 2185 ἀπαρχάς,
2646 2112 2742 2164 καὶ
2767 2110 3020 2171 δεκάτας,
3044 2107 3139 2159 καὶ
3166 2105 3357 2177 μέχρις
3380 2102 3556 2157 αὐτῶν
3585 2102 3698 2154 τῶν
3733 2101 3946 2154 εὑτελεο

2347 2205 2557 2259 στάτων
2622 2200 3162 2273 ἀκριϐολογούμενοι.
3232 2198 3341 2250 Καὶ
3403 2194 3533 2264 γοῦν
3596 2194 3946 2256 ὡνειδίζονττ

2345 2298 2501 2368 παρὰ
2542 2292 2782 2367 Χριστοῦ
2831 2292 3115 2361 λέγοντος·
3168 2309 3186 2342 ι
3216 2289 3353 2344 Οὐαὶ
3402 2290 3551 2359 ὑμῖν,
3584 2287 3946 2357 Γραμματεις

2346 2390 2441 2443 καὶ
2494 2389 2776 2458 Φαρισαῖοι
2854 2383 3182 2454 ὑποκριταὶ,
3266 2383 3349 2435 ὅτι
3416 2378 3833 2434 ἀποδεκατοῦτε
3890 2376 3946 2429 τὸ

2346 2479 2637 2552 ἡδύοσμον,
2676 2477 2771 2530 καὶ
2816 2474 2878 2529 τὸ
2917 2474 3136 2546 ἄνηθον,
3201 2474 3296 2527 καί⁸
3323 2488 3386 2526 το
3409 2471 3659 2543 κύμινον’
3704 2470 3815 2525 καὶ
3844 2470 3944 2538 aq:-

2344 2572 2517 2641 ήκατε
2567 2568 2635 2621 τά
2692 2567 2965 2638 βαρύτερα
3020 2565 3114 2619 τοῦ
3147 2566 3337 2636 νόμου,
3380 2564 3483 2635 τὴν
3532 2563 3741 2634 κρίσιν,
3770 2562 3943 2615 καὶτδ

2344 2661 2513 2727 ἔλεος,
2544 2661 2638 2715 καί
2666 2661 2765 2731 τὴν
2789 2660 2994 2713 πίστιν.
3028 2678 3046 2711 ι
3092 2658 3435 2712 Ἀλίσκονται
3455 2658 3512 2711 δέ
3548 2656 3911 2727 φιλόπλουτοι
3931 2699 3945 2721 ,

2346 2756 2440 2808 καί
2474 2754 2596 2807 καθ’
2631 2753 2827 2826 ἑτέραν
2866 2752 3067 2807 αἰτίαν
3103 2753 3179 2814 ὡς
3226 2752 3334 2824 γάρ
3386 2750 3525 2821 ἔφην
3574 2751 3826 2820 φθάσας,
3861 2751 3946 2803 τὸν

2343 2845 2661 2898 δεσποτικὸν
2695 2846 2775 2908 είς
2810 2843 3009 2907 αὐτοὺς
3053 2841 3432 2914 μετατιθέντες
3454 2842 3675 2913 κλῆρον,
3706 2840 3933 2894 ἐπεϐούι

2343 2935 2543 2991 λευσαν
2575 2936 2653 3008 τῷ
2686 2937 2781 2991 τοῦ
2816 2937 3142 3008 ἀμπελῶνος
3185 2937 3443 3009 δεσπότῃ·
3494 2938 3577 2991 ὅτι
3606 2936 3665 2989 δὲ
3717 2939 3794 3005 τῇ
3830 2934 3947 3005 Osi;

2343 3027 2513 3099 ψήφῳ
2572 3027 2804 3081 δέδωκεν
2868 3029 2896 3081 ὁ
2950 3026 3083 3091 Θεὸς
3140 3030 3267 3093 τοὺς
3332 3028 3605 3098 πονηροὺς
3658 3027 3757 3078 καὶ
3822 3026 3949 3089 τοὶς

2344 3120 2629 3181 πλουσίους
2653 3120 2774 3173 ἀντὶ
2800 3116 2894 3172 τοῦ
2937 3118 3168 3173 Θανάτου
3219 3121 3313 3174 καί
3339 3121 3437 3191 τῆς
3467 3119 3648 3189 ταφῆς
3680 3117 3780 3171 τοῦ
3808 3119 3948 3187 X9:-

2344 3212 2494 3279 στοῦ,
2541 3212 2899 3265 διαδείκνυσιν
2933 3211 3201 3283 ἐναργῶς,
3233 3211 3509 3283 ἐπιφέρων
3548 3210 3731 3272 εὐθύς
3768 3228 3789 3261 ι
3826 3210 3948 3261 Ὅτι

2345 3309 2580 3378 ἀνομίαν
2635 3306 2737 3360 οὐκ
2791 3307 3083 3376 ἐποίησεν,
3130 3306 3249 3359 οὐδὲ
3305 3304 3503 3376 εὑρέθη
3562 3304 3716 3367 δόλος
3767 3305 3832 3357 ὲν
3876 3320 3947 3373 τῳ

2346 3401 2573 3472 στόματι
2601 3399 2790 3454 αὐτοῦ.
2832 3419 2849 3449 ι
2889 3401 3048 3462 Ποῖος
3077 3395 3170 3451 οῦν
3195 3398 3300 3469 ἄρα
3336 3398 3451 3460 τοῖς
3498 3395 3780 3459 Ἰουδαίοις
3828 3398 3946 3449 ἑπιο

2345 3492 2605 3561 κουρήσει
2662 3489 2820 3557 λόγος
2869 3488 2927 3541 ἐν
2982 3488 3164 3558 ἡμέρα
3228 3486 3501 3557 κρίσεως;
3563 3485 3623 3537 Ὀ
3679 3484 3784 3556 μὲν
3839 3486 3945 3556 γάρ

2343 3563 2477 3644 Θεὸς
2528 3580 2623 3633 καὶ
2680 3578 2871 3649 Πατὴρ
2922 3578 3351 3649 μεμαρτύρηκεν
3405 3575 3656 3645 ἐναργῶς
3697 3578 3760 3627 τὸ
3818 3577 3943 3628 am-

2347 3675 2621 3745 μάρτητον
2652 3671 2730 3742 τῷ
2760 3671 2893 3741 Υἱῷ.
2932 3670 3070 3723 Οὔτε
3101 3670 3211 3742 γάρ
3245 3668 3444 3740 εὑρέθη
3486 3668 3659 3731 δόλος,
3697 3668 3940 3719 τουτέστι

2342 3764 2585 3836 ψεῦσμα,
2628 3764 2685 3817 ἐν
2740 3762 2818 3833 τῷ
2855 3761 3084 3831 στόματι
3128 3761 3312 3826 αὐτοῦ,
3363 3759 3486 3813 οὔτε
3530 3760 3638 3830 μὴν
3690 3758 3941 3827 ἐποίησεν

2343 3855 2594 3925 ἀνομίαν.
2629 3854 2838 3908 Οὐκοῦν
2873 3853 3019 3923 ἔργῳ
3067 3869 3127 3904 τε
3168 3854 3263 3905 καὶ
3291 3851 3438 3921 λόγῳ
3475 3851 3833 3919 πανάμωμος
3855 3844 3938 3918 ἦν,

2344 3947 2439 4001 καὶ
2477 3947 2559 4010 εἰς
2596 3945 2752 4012 λῆξιν
2805 3946 3027 4014 ἀπάσης
3064 3942 3436 4013 καθαρότητος
3483 3940 3827 4012 διεληλακεν,
3882 3941 3940 3991 Oi

2343 4038 2400 4091 δὲ
2424 4036 2814 4107 κατεψεύδοντο
2867 4037 2961 4090 καὶ
3007 4034 3459 4106 κατεμαρτύρουν
3494 4032 3686 4097 αὑτοῦ,
3726 4033 3939 4101 “alia?

2344 4129 2613 4197 λέγοντες,
2640 4128 2771 4181 ποτὲ
2808 4128 2929 4197 μὲν,
2983 4127 3065 4180 ὅτι
3121 4145 3140 4179 ι
3180 4119 3348 4188 Οὗτος
3376 4124 3622 4177 ἀνασείει
3647 4123 3744 4177 τὸν
3782 4122 3937 4185 λαὸν,

2344 4223 2437 4275 καὶ
2471 4219 2673 4275 κωλύει
2722 4219 2925 4273 διδόναι
2987 4217 3187 4289 φόρους
3233 4216 3497 4287 Καίσαρι’
3522 4232 3543 4267 ι
3582 4214 3678 4268 καὶ
3730 4214 3893 4266 πάλιν
3918 4255 3931 4275 ,

2349 4331 2367 4364 ι
2395 4314 2457 4365 Εἰ
2494 4312 2566 4383 μὴ
2587 4307 2654 4382 ῆν
2677 4305 2834 4375 οὗτος
2862 4308 3179 4372 κακοποιὸς,
3198 4307 3300 4360 οὐκ
3328 4307 3394 4361 ἄν
3426 4322 3509 4359 σοι
3538 4305 3938 4375 παρεδώκαμεν

2348 4405 2533 4459 αὐτόν.
2570 4423 2588 4455 ι
2668 4400 3120 4472 Ἀντιπράττουσι
3169 4398 3348 4451 τοίνυν
3410 4398 3530 4459 ταῖς
3585 4394 3680 4449 τοῦ
3731 4397 3938 4465 Πατρλις

2348 4494 2698 4568 μαρτυρίαις,
2744 4492 2835 4545 τὸν
2870 4491 3172 4563 ἀμώμητον
3228 4489 3323 4541 καὶ
3379 4487 3591 4541 δίκαιον
3619 4488 3938 4555 αἰτιάμασιν

657 4582 905 4638 bacchati
944 4592 1091 4648 sunt,
1121 4596 1308 4653 poenas
1350 4599 1454 4637 non
1499 4583 1725 4639 inissent
1751 4623 1767 4650 ,
1833 4583 2129 4639 verisimile
2159 4590 2240 4639 est

2346 4586 2717 4656 ὑποφέροντες
2737 4587 2850 4647 τοῖς
2879 4583 2981 4636 οὐκ
3009 4580 3255 4652 ἀληθέσι,
3289 4578 3385 4633 καὶ
3420 4578 3627 4649 ταύτης
3647 4578 3815 4631 ἕνεκα
3843 4578 3937 4647 τῆς

658 4674 920 4742 quosdam
947 4675 1320 4743 suspicaturos
1380 4685 1431 4729 et
1490 4675 1753 4739 dicturos,
1792 4682 1982 4730 sancto
2031 4672 2238 4744 judicio

660 4775 718 4821 et
749 4766 960 4821 calculo
990 4766 1263 4821 Christum
1294 4766 1461 4821 fuisse
1500 4767 1919 4822 condemnatum
1943 4805 1959 4829 ,
2013 4773 2073 4819 ut
2140 4765 2236 4835 qui

662 4870 789 4913 reus
820 4857 980 4912 fuerit
1031 4858 1274 4912 criminis
1304 4859 1447 4927 quod
1492 4858 1539 4912 ei
1603 4857 2024 4927 impiugebatur.
2080 4856 2234 4913 lliato

661 4960 840 5004 autem
871 4949 1155 5018 supplicio,
1206 4960 1259 5004 et
1292 4950 1469 5004 debita
1502 4964 1660 5019 pmna
1698 4950 1802 5004 illis
1856 4950 2090 5019 irrogata
2140 4951 2235 5019 qui

662 5041 716 5095 in
773 5056 896 5095 eum
923 5040 1070 5110 impii
1123 5040 1361 5105 luerunt,
1391 5056 1419 5094 a
1451 5041 1605 5110 plaga
1629 5052 1909 5115 purgatur.
1943 5042 2057 5097 Non
2089 5044 2233 5099 enim

661 5131 833 5187 iratus
867 5142 1009 5187 esset
1048 5132 1208 5196 Deus.
1247 5149 1348 5187 nec
1370 5148 1527 5188 suum
1573 5135 1826 5203 populum
1884 5135 2244 5204 despexisset,

662 5233 767 5275 nec
799 5222 1108 5279 immisisset
1150 5224 1198 5280 ei
1234 5235 1508 5281 extremas
1547 5225 1911 5292 calamitates,
1945 5226 2050 5281 nisi
2100 5225 2242 5280 San-

660 5321 884 5369 ctumet
925 5313 1139 5369 Iustum
1177 5326 1486 5388 negassent,
1552 5331 1675 5374 eum
1733 5318 2025 5374 calumniis
2098 5318 2241 5372 inse-

659 5416 896 5471 ﬂantes,
941 5405 1099 5477 75],
1137 5418 1189 5462 et
1213 5409 1355 5478 ligno
1415 5410 1735 5481 aﬂigentes,j
1798 5421 1851 5466 et
1879 5411 2023 5465 omni
2085 5410 2244 5465 inbu-

654 5500 924 5559 manitate
956 5500 1305 5555 immaniores
1337 5503 1586 5558 fuissent.

2344 4678 2523 4741 αἰτίας
2560 4674 2937 4749 παρεδόθησαν
2967 4673 3201 4745 ἐχθροῖς.
3233 4690 3253 4723 r
3292 4670 3511 4742 Ἐπειδὴ
3549 4670 3801 4741 βούλεται
3829 4670 3938 4722 Κύο

2346 4784 2460 4839 ριος
2492 4764 2792 4836 καθαρίσαι
2828 4762 2991 4817 αὑτὸν
3015 4762 3122 4816 ἀπὸ
3148 4762 3249 4832 τῆς
3289 4760 3526 4833 πληγῆς.
3572 4779 3594 4813 ι
3630 4762 3804 4822 Δίκας
3843 4761 3932 4831 μὲν

2342 4859 2453 4931 γάρ
2486 4858 2588 4910 οὐκ
2622 4855 2979 4910 ἐκτετικότων
2997 4852 3108 4907 τῶν
3138 4853 3219 4917 εἰς
3242 4852 3407 4906 αὐτὸν
3432 4852 3930 4923 πεπαρῳνηκότων.

2342 4948 2412 5026 ἦν
2438 4951 2577 5022 τάχα
2609 4949 2714 5004 πού
2744 4966 2898 5013 τινας
2922 4948 3069 5011 εἰκὸς
3108 4947 3410 5016 ὑπονοῆσαι
3460 4945 3665 5014 λέγειν,
3711 4945 3790 5007 ὡς
3815 4945 3928 5014 ὁσία

2340 5044 2506 5117 ψήφῳ
2532 5039 2894 5110 κατεδικάσθη
2921 5038 3177 5117 Χριστὸς,
3213 5038 3308 5093 ἅτε
3337 5038 3402 5111 δὴ
3435 5039 3531 5093 καὶ
3563 5037 3752 5107 ἔνοχος
3770 5054 3928 5091 x121-

2347 5113 2487 5200 στάς
2526 5113 3133 5205 ἐπενεχθείσηςἰιίτίας
3187 5130 3358 5201 αὐτῷ.
3414 5128 3824 5199 Ἐξενεχθείσης
3874 5127 3925 5181 δέ

2342 5226 2443 5298 τῆς
2462 5224 2653 5299 ὀργῆς,
2686 5226 2781 5280 καὶ
2822 5225 2936 5287 τοῖς
2974 5225 3054 5287 είς
3100 5223 3264 5278 αὑτὸν
3310 5221 3766 5291 δεδυσσεδηκόσιν
3804 5220 3926 5274 άναο

2341 5316 2501 5386 λόγου
2560 5315 2839 5381 κολάσεως
2903 5315 3377 5386 ἐπενηνεγμένης,
3438 5313 3799 5388 καθαρίζεται
3830 5312 3925 5381 τῆς

2340 5409 2579 5480 πληγῆς.
2635 5408 2710 5460 Οὐ
2760 5406 2873 5477 γάρ
2938 5407 3005 5460 ἂν
3056 5407 3407 5477 ἠγανάκτησε
3461 5406 3630 5473 Θεὸς,
3689 5404 3802 5458 οὐδ’
3860 5402 3925 5456 ἂν

2339 5498 2591 5573 ὑπερεῖδε
2611 5497 2702 5551 τὸν
2724 5496 2920 5551 ἐαυτοῦ
2944 5496 3095 5560 λαδν,
3123 5495 3229 5549 οὐδ’
3246 5495 3312 5549 ἂν
3327 5495 3440 5559 τοῖς
3460 5495 3713 5565 ἐσχάτοις
3732 5493 3925 5555 αὐτοὺς

661 5588 823 5659 ἐνῆκε
874 5594 1086 5655 κακοῖς,
1158 5592 1207 5643 εἰ
1260 5594 1333 5662 μὴ
1405 5594 1496 5646 τὸν
1564 5595 1716 5663 άγιον
1765 5594 1860 5647 καὶ
1907 5593 2113 5647 δίκαιον
2177 5594 2485 5663 ἠρνήσαντο
2516 5632 2531 5657 ,
2600 5586 3062 5659 συκοφαντοῦντες
3124 5586 3319 5655 αὐτὸν,
3379 5588 3476 5641 καὶ
3531 5585 3921 5659 προσηλοΜ

664 5682 830 5739 αὐτὸν
856 5683 932 5755 τῷ
964 5684 1128 5756 ξύλῳ,
1164 5687 1258 5739 καί
1291 5686 1547 5758 ὑπεράνω
1605 5690 1786 5760 πάσης
1847 5688 2016 5753 ἰόντες
2062 5687 2481 5760 ἀπανθρωπίας.
2926 5694 2931 5697 λ

736 5864 780 5897 ⁶⁹
833 5864 934 5921 lsu.
964 5866 1116 5935 1,23.
1191 5870 1236 5902 ⁷⁸
1270 5869 1459 5926 Matth.
1501 5886 1661 5939 nm,
1694 5872 1783 5927 ‘23.
1860 5874 1901 5903 '“
1944 5871 2071 5928 Luc.
2112 5872 2288 5938 utn,‘
2340 5870 2395 5926 2.
2474 5870 2518 5903 "
2551 5867 2705 5925 Joau.
2750 5866 3021 5933 svnt,'50.
3098 5866 3144 5897 ⁷³
3180 5864 3279 5919 lsa.
3328 5874 3437 5917 XLII
3493 5860 3579 5917 ‘2l.
