  <div class='ocr_page' id='page_1' title='image "/cluster/home/n/w/nwhite01/storage/ocr_20150623/70/hvd.32044019207901/601.png"; bbox 0 0 4106 6552; ppageno 0'>
   <div class='ocr_carea' id='block_1_1' title="bbox 676 389 817 450">
    <p class='ocr_par' dir='ltr' id='par_1_1' title="bbox 676 389 817 450">
     <span class='ocr_line' id='line_1_1' title="bbox 676 389 817 450; baseline -0.035 -1"><span class='ocrx_word' id='word_1_1' title='bbox 676 389 817 450; x_wconf 72' lang='lat'><strong>“8‘7</strong></span> 
     </span>
    </p>
   </div>
   <div class='ocr_carea' id='block_1_2' title="bbox 1704 383 2947 441">
    <p class='ocr_par' dir='ltr' id='par_1_2' title="bbox 1704 383 2947 441">
     <span class='ocr_line' id='line_1_2' title="bbox 1704 383 2947 441; baseline 0.001 -2"><span class='ocrx_word' id='word_1_2' title='bbox 1704 386 1764 440; x_wconf 86' lang='lat' dir='ltr'><strong>S.</strong></span> <span class='ocrx_word' id='word_1_3' title='bbox 1806 384 2073 440; x_wconf 67' lang='lat' dir='ltr'><strong>(.YRILLI</strong></span> <span class='ocrx_word' id='word_1_4' title='bbox 2114 383 2584 441; x_wconf 71' lang='lat' dir='ltr'><strong>ALliXANDRlNl</strong></span> <span class='ocrx_word' id='word_1_5' title='bbox 2627 385 2947 440; x_wconf 71' lang='lat' dir='ltr'><strong>AltCillEP.</strong></span> 
     </span>
    </p>
   </div>
   <div class='ocr_carea' id='block_1_3' title="bbox 3826 390 3965 443">
    <p class='ocr_par' dir='ltr' id='par_1_3' title="bbox 3826 390 3965 443">
     <span class='ocr_line' id='line_1_3' title="bbox 3826 390 3965 443; baseline 0 0"><span class='ocrx_word' id='word_1_6' title='bbox 3826 390 3965 443; x_wconf 76' lang='lat'><strong>“88</strong></span> 
     </span>
    </p>
   </div>
   <div class='ocr_carea' id='block_1_4' title="bbox 675 500 2243 574">
    <p class='ocr_par' dir='ltr' id='par_1_4' title="bbox 675 500 2243 572">
     <span class='ocr_line' id='line_1_4' title="bbox 675 500 2243 572; baseline -0.003 -15"><span class='ocrx_word' id='word_1_7' title='bbox 675 503 821 572; x_wconf 83' lang='lat' dir='ltr'><strong>plum</strong></span> <span class='ocrx_word' id='word_1_8' title='bbox 843 510 895 555; x_wconf 92' lang='lat' dir='ltr'><strong>et</strong></span> <span class='ocrx_word' id='word_1_9' title='bbox 918 514 1078 555; x_wconf 75' lang='lat' dir='ltr'><strong>causa</strong></span> <span class='ocrx_word' id='word_1_10' title='bbox 1095 500 1141 554; x_wconf 84' lang='lat' dir='ltr'><strong>ei</strong></span> <span class='ocrx_word' id='word_1_11' title='bbox 1165 500 1486 555; x_wconf 70' lang='lat' dir='ltr'><strong>exstiterunt</strong></span> <span class='ocrx_word' id='word_1_12' title='bbox 1525 501 1820 569; x_wconf 74' lang='lat' dir='ltr'><strong>corporalis</strong></span> <span class='ocrx_word' id='word_1_13' title='bbox 1840 503 2115 555; x_wconf 62' lang='lat' dir='ltr'><strong>essentne:</strong></span> <span class='ocrx_word' id='word_1_14' title='bbox 2145 502 2243 554; x_wconf 75' lang='lat' dir='ltr'><strong>uni</strong></span> 
     </span>
    </p>
   </div>
   <div class='ocr_carea' id='block_1_5' title="bbox 2347 500 3967 574">
    <p class='ocr_par' dir='ltr' id='par_1_5' title="bbox 2369 502 3967 574">
     <span class='ocr_line' id='line_1_5' title="bbox 2369 502 3967 574; baseline 0.001 -20"><span class='ocrx_word' id='word_1_15' title='bbox 2369 502 2706 573; x_wconf 79' lang='grc' dir='ltr'>ἧθυγατέρα</span> <span class='ocrx_word' id='word_1_16' title='bbox 2738 503 2877 574; x_wconf 81' lang='grc' dir='ltr'>ὑπὲρ</span> <span class='ocrx_word' id='word_1_17' title='bbox 2923 504 3044 573; x_wconf 77' lang='grc' dir='ltr'>ἐμὲ,</span> <span class='ocrx_word' id='word_1_18' title='bbox 3081 521 3178 556; x_wconf 75' lang='grc' dir='ltr'><strong>ουκ</strong></span> <span class='ocrx_word' id='word_1_19' title='bbox 3227 504 3340 557; x_wconf 81' lang='grc' dir='ltr'>ἔστι</span> <span class='ocrx_word' id='word_1_20' title='bbox 3374 521 3477 573; x_wconf 84' lang='grc' dir='ltr'><strong>μου</strong></span> <span class='ocrx_word' id='word_1_21' title='bbox 3499 504 3679 569; x_wconf 76' lang='grc' dir='ltr'>ἄξιος.</span> <span class='ocrx_word' id='word_1_22' title='bbox 3707 521 3727 553; x_wconf 82' lang='grc' dir='ltr'><strong>ι</strong></span> <span class='ocrx_word' id='word_1_23' title='bbox 3762 504 3967 568; x_wconf 66' lang='grc' dir='ltr'>Μὴτῖο</span> 
     </span>
    </p>
   </div>
   <div class='ocr_carea' id='block_1_6' title="bbox 679 591 2258 656">
    <p class='ocr_par' dir='ltr' id='par_1_6' title="bbox 679 591 2258 656">
     <span class='ocr_line' id='line_1_6' title="bbox 679 591 2258 656; baseline -0.001 -10"><span class='ocrx_word' id='word_1_24' title='bbox 679 608 956 648; x_wconf 79' lang='lat' dir='ltr'><strong>versorum</strong></span> <span class='ocrx_word' id='word_1_25' title='bbox 1030 605 1207 646; x_wconf 89' lang='lat' dir='ltr'><strong>autem</strong></span> <span class='ocrx_word' id='word_1_26' title='bbox 1271 593 1409 647; x_wconf 85' lang='lat' dir='ltr'><strong>Deus</strong></span> <span class='ocrx_word' id='word_1_27' title='bbox 1446 602 1502 647; x_wconf 86' lang='lat' dir='ltr'><strong>et</strong></span> <span class='ocrx_word' id='word_1_28' title='bbox 1559 591 1720 647; x_wconf 80' lang='lat' dir='ltr'><strong>Pater</strong></span> <span class='ocrx_word' id='word_1_29' title='bbox 1769 605 1941 646; x_wconf 87' lang='lat' dir='ltr'><strong>morte</strong></span> <span class='ocrx_word' id='word_1_30' title='bbox 1988 594 2258 656; x_wconf 81' lang='lat' dir='ltr'><strong>detentus,</strong></span> 
     </span>
    </p>
   </div>
   <div class='ocr_carea' id='block_1_7' title="bbox 672 685 2257 748">
    <p class='ocr_par' dir='ltr' id='par_1_7' title="bbox 672 685 2257 748">
     <span class='ocr_line' id='line_1_7' title="bbox 672 685 2257 748; baseline -0.005 -4"><span class='ocrx_word' id='word_1_31' title='bbox 672 696 731 743; x_wconf 81' lang='lat' dir='ltr'><strong>et</strong></span> <span class='ocrx_word' id='word_1_32' title='bbox 789 688 958 740; x_wconf 89' lang='lat' dir='ltr'><strong>instar</strong></span> <span class='ocrx_word' id='word_1_33' title='bbox 1000 685 1292 740; x_wconf 68' lang='lat' dir='ltr'><strong>herbarum</strong></span> <span class='ocrx_word' id='word_1_34' title='bbox 1359 685 1649 748; x_wconf 83' lang='lat' dir='ltr'><strong>marcidos,</strong></span> <span class='ocrx_word' id='word_1_35' title='bbox 1682 687 1746 737; x_wconf 88' lang='lat' dir='ltr'><strong>ad</strong></span> <span class='ocrx_word' id='word_1_36' title='bbox 1794 686 2257 738; x_wconf 82' lang='lat' dir='ltr'><strong>immortalitatem</strong></span> 
     </span>
    </p>
   </div>
   <div class='ocr_carea' id='block_1_8' title="bbox 674 774 2260 846">
    <p class='ocr_par' dir='ltr' id='par_1_8' title="bbox 674 774 2260 846">
     <span class='ocr_line' id='line_1_8' title="bbox 674 774 2260 846; baseline -0.004 -15"><span class='ocrx_word' id='word_1_37' title='bbox 674 793 771 846; x_wconf 85' lang='lat' dir='ltr'><strong>per</strong></span> <span class='ocrx_word' id='word_1_38' title='bbox 798 777 1075 831; x_wconf 86' lang='lat' dir='ltr'><strong>Christum</strong></span> <span class='ocrx_word' id='word_1_39' title='bbox 1127 778 1179 830; x_wconf 90' lang='lat' dir='ltr'><strong>in</strong></span> <span class='ocrx_word' id='word_1_40' title='bbox 1209 774 1415 845; x_wconf 90' lang='lat' dir='ltr'><strong>Spirittt</strong></span> <span class='ocrx_word' id='word_1_41' title='bbox 1448 777 1807 846; x_wconf 78' lang='lat' dir='ltr'><strong>regeneravit,</strong></span> <span class='ocrx_word' id='word_1_42' title='bbox 1890 775 2260 842; x_wconf 85' lang='lat' dir='ltr'><strong>fortioresqtte</strong></span> 
     </span>
    </p>
   </div>
   <div class='ocr_carea' id='block_1_9' title="bbox 677 869 2258 937">
    <p class='ocr_par' dir='ltr' id='par_1_9' title="bbox 677 869 2258 937">
     <span class='ocr_line' id='line_1_9' title="bbox 677 869 2258 937; baseline 0 -16"><span class='ocrx_word' id='word_1_43' title='bbox 677 869 909 923; x_wconf 79' lang='lat' dir='ltr'><strong>reddidit</strong></span> <span class='ocrx_word' id='word_1_44' title='bbox 963 884 1123 936; x_wconf 90' lang='lat' dir='ltr'><strong>quam</strong></span> <span class='ocrx_word' id='word_1_45' title='bbox 1161 877 1218 921; x_wconf 90' lang='lat' dir='ltr'><strong>ut</strong></span> <span class='ocrx_word' id='word_1_46' title='bbox 1251 870 1522 935; x_wconf 89' lang='lat' dir='ltr'><strong>corrumpi</strong></span> <span class='ocrx_word' id='word_1_47' title='bbox 1566 878 1809 937; x_wconf 88' lang='lat' dir='ltr'><strong>possent,</strong></span> <span class='ocrx_word' id='word_1_48' title='bbox 1898 878 1952 922; x_wconf 90' lang='lat' dir='ltr'><strong>et</strong></span> <span class='ocrx_word' id='word_1_49' title='bbox 2003 870 2258 921; x_wconf 90' lang='lat' dir='ltr'><strong>diuturna</strong></span> 
     </span>
    </p>
   </div>
   <div class='ocr_carea' id='block_1_10' title="bbox 675 960 2257 1029">
    <p class='ocr_par' dir='ltr' id='par_1_10' title="bbox 675 960 2257 1029">
     <span class='ocr_line' id='line_1_10' title="bbox 675 960 2257 1029; baseline 0 -17"><span class='ocrx_word' id='word_1_50' title='bbox 675 970 839 1029; x_wconf 84' lang='lat' dir='ltr'><strong>atque</strong></span> <span class='ocrx_word' id='word_1_51' title='bbox 882 960 1091 1013; x_wconf 88' lang='lat' dir='ltr'><strong>inliuita</strong></span> <span class='ocrx_word' id='word_1_52' title='bbox 1124 961 1230 1011; x_wconf 87' lang='lat' dir='ltr'><strong>vita</strong></span> <span class='ocrx_word' id='word_1_53' title='bbox 1287 960 1589 1013; x_wconf 79' lang='lat' dir='ltr'><strong>coronavit.</strong></span> <span class='ocrx_word' id='word_1_54' title='bbox 1634 960 1819 1028; x_wconf 87' lang='lat' dir='ltr'><strong>itaque</strong></span> <span class='ocrx_word' id='word_1_55' title='bbox 1852 961 1951 1014; x_wconf 89' lang='lat' dir='ltr'><strong>hac</strong></span> <span class='ocrx_word' id='word_1_56' title='bbox 2006 974 2133 1026; x_wconf 84' lang='lat' dir='ltr'><strong>erga</strong></span> <span class='ocrx_word' id='word_1_57' title='bbox 2191 960 2257 1013; x_wconf 93' lang='lat' dir='ltr'><strong>il-</strong></span> 
     </span>
    </p>
   </div>
   <div class='ocr_carea' id='block_1_11' title="bbox 675 1050 2257 1107">
    <p class='ocr_par' dir='ltr' id='par_1_11' title="bbox 675 1050 2257 1107">
     <span class='ocr_line' id='line_1_11' title="bbox 675 1050 2257 1107; baseline 0.001 -4"><span class='ocrx_word' id='word_1_58' title='bbox 675 1050 785 1105; x_wconf 90' lang='lat' dir='ltr'><strong>lttm</strong></span> <span class='ocrx_word' id='word_1_59' title='bbox 814 1052 1079 1105; x_wconf 86' lang='lat' dir='ltr'><strong>charitate</strong></span> <span class='ocrx_word' id='word_1_60' title='bbox 1132 1068 1236 1105; x_wconf 93' lang='lat' dir='ltr'><strong>non</strong></span> <span class='ocrx_word' id='word_1_61' title='bbox 1272 1053 1387 1105; x_wconf 88' lang='lat' dir='ltr'><strong>sine</strong></span> <span class='ocrx_word' id='word_1_62' title='bbox 1426 1067 1587 1106; x_wconf 89' lang='lat' dir='ltr'><strong>causa</strong></span> <span class='ocrx_word' id='word_1_63' title='bbox 1667 1053 1888 1106; x_wconf 84' lang='lat' dir='ltr'><strong>inferior</strong></span> <span class='ocrx_word' id='word_1_64' title='bbox 1924 1063 2006 1107; x_wconf 87' lang='lat' dir='ltr'><strong>est</strong></span> <span class='ocrx_word' id='word_1_65' title='bbox 2058 1053 2147 1106; x_wconf 89' lang='lat' dir='ltr'><strong>illa</strong></span> <span class='ocrx_word' id='word_1_66' title='bbox 2206 1053 2257 1106; x_wconf 91' lang='lat' dir='ltr'><strong>in</strong></span> 
     </span>
    </p>
   </div>
   <div class='ocr_carea' id='block_1_12' title="bbox 674 1144 2260 1212">
    <p class='ocr_par' dir='ltr' id='par_1_12' title="bbox 674 1144 2260 1212">
     <span class='ocr_line' id='line_1_12' title="bbox 674 1144 2260 1212; baseline 0.003 -18"><span class='ocrx_word' id='word_1_67' title='bbox 674 1153 932 1212; x_wconf 83' lang='lat' dir='ltr'><strong>parentes</strong></span> <span class='ocrx_word' id='word_1_68' title='bbox 974 1144 1320 1197; x_wconf 84' lang='lat' dir='ltr'><strong>reverentia:</strong></span> <span class='ocrx_word' id='word_1_69' title='bbox 1374 1153 1429 1196; x_wconf 86' lang='lat' dir='ltr'><strong>at</strong></span> <span class='ocrx_word' id='word_1_70' title='bbox 1484 1144 1759 1199; x_wconf 79' lang='lat' dir='ltr'><strong>Christum</strong></span> <span class='ocrx_word' id='word_1_71' title='bbox 1816 1155 1922 1198; x_wconf 89' lang='lat' dir='ltr'><strong>tota</strong></span> <span class='ocrx_word' id='word_1_72' title='bbox 1978 1146 2152 1198; x_wconf 91' lang='lat' dir='ltr'><strong>anima</strong></span> <span class='ocrx_word' id='word_1_73' title='bbox 2205 1156 2260 1199; x_wconf 91' lang='lat' dir='ltr'><strong>et</strong></span> 
     </span>
    </p>
   </div>
   <div class='ocr_carea' id='block_1_13' title="bbox 677 1234 2256 1302">
    <p class='ocr_par' dir='ltr' id='par_1_13' title="bbox 677 1234 2256 1302">
     <span class='ocr_line' id='line_1_13' title="bbox 677 1234 2256 1302; baseline 0.002 -16"><span class='ocrx_word' id='word_1_74' title='bbox 677 1236 851 1288; x_wconf 82' lang='lat' dir='ltr'><strong>corde</strong></span> <span class='ocrx_word' id='word_1_75' title='bbox 888 1234 1135 1302; x_wconf 79' lang='lat' dir='ltr'><strong>diligere,</strong></span> <span class='ocrx_word' id='word_1_76' title='bbox 1186 1245 1240 1286; x_wconf 91' lang='lat' dir='ltr'><strong>et</strong></span> <span class='ocrx_word' id='word_1_77' title='bbox 1276 1237 1493 1287; x_wconf 87' lang='lat' dir='ltr'><strong>nutilnts</strong></span> <span class='ocrx_word' id='word_1_78' title='bbox 1516 1251 1577 1288; x_wconf 93' lang='lat' dir='ltr'><strong>ac</strong></span> <span class='ocrx_word' id='word_1_79' title='bbox 1601 1236 1962 1289; x_wconf 75' lang='lat' dir='ltr'><strong>sacrosanctis</strong></span> <span class='ocrx_word' id='word_1_80' title='bbox 2022 1238 2256 1290; x_wconf 76' lang='lat' dir='ltr'><strong>oraculis</strong></span> 
     </span>
    </p>
   </div>
   <div class='ocr_carea' id='block_1_14' title="bbox 676 1326 2255 1395">
    <p class='ocr_par' dir='ltr' id='par_1_14' title="bbox 676 1326 2255 1395">
     <span class='ocr_line' id='line_1_14' title="bbox 676 1326 2255 1395; baseline 0.003 -18"><span class='ocrx_word' id='word_1_81' title='bbox 676 1326 926 1394; x_wconf 81' lang='lat' dir='ltr'><strong>obsequi,</strong></span> <span class='ocrx_word' id='word_1_82' title='bbox 961 1326 1059 1379; x_wconf 92' lang='lat' dir='ltr'><strong>hoc</strong></span> <span class='ocrx_word' id='word_1_83' title='bbox 1082 1337 1166 1379; x_wconf 88' lang='lat' dir='ltr'><strong>est</strong></span> <span class='ocrx_word' id='word_1_84' title='bbox 1212 1328 1339 1379; x_wconf 87' lang='lat' dir='ltr'><strong>dare</strong></span> <span class='ocrx_word' id='word_1_85' title='bbox 1371 1342 1464 1393; x_wconf 90' lang='lat' dir='ltr'><strong>pro</strong></span> <span class='ocrx_word' id='word_1_86' title='bbox 1512 1338 1753 1395; x_wconf 80' lang='lat' dir='ltr'><strong>peccato,</strong></span> <span class='ocrx_word' id='word_1_87' title='bbox 1806 1337 1859 1381; x_wconf 89' lang='lat' dir='ltr'><strong>et</strong></span> <span class='ocrx_word' id='word_1_88' title='bbox 1899 1330 2054 1380; x_wconf 85' lang='lat' dir='ltr'><strong>simul</strong></span> <span class='ocrx_word' id='word_1_89' title='bbox 2099 1330 2255 1382; x_wconf 84' lang='lat' dir='ltr'><strong>fidem</strong></span> 
     </span>
    </p>
   </div>
   <div class='ocr_carea' id='block_1_15' title="bbox 686 1413 2255 1488">
    <p class='ocr_par' dir='ltr' id='par_1_15' title="bbox 686 1413 2255 1488">
     <span class='ocr_line' id='line_1_15' title="bbox 686 1413 2255 1488; baseline 0.004 -23"><span class='ocrx_word' id='word_1_90' title='bbox 686 1413 738 1467; x_wconf 91' lang='lat' dir='ltr'><strong>in</strong></span> <span class='ocrx_word' id='word_1_91' title='bbox 766 1413 913 1467; x_wconf 89' lang='lat' dir='ltr'><strong>illutn</strong></span> <span class='ocrx_word' id='word_1_92' title='bbox 945 1423 1144 1469; x_wconf 87' lang='lat' dir='ltr'><strong>rectam</strong></span> <span class='ocrx_word' id='word_1_93' title='bbox 1170 1426 1223 1468; x_wconf 86' lang='lat' dir='ltr'><strong>et</strong></span> <span class='ocrx_word' id='word_1_94' title='bbox 1251 1416 1572 1484; x_wconf 78' lang='lat' dir='ltr'><strong>ittcttlpatuttt</strong></span> <span class='ocrx_word' id='word_1_95' title='bbox 1591 1418 1841 1470; x_wconf 88' lang='lat' dir='ltr'><strong>retinere.</strong></span> <span class='ocrx_word' id='word_1_96' title='bbox 1874 1418 2083 1472; x_wconf 82' lang='lat' dir='ltr'><strong>Videbit</strong></span> <span class='ocrx_word' id='word_1_97' title='bbox 2104 1433 2255 1488; x_wconf 81' lang='lat' dir='ltr'><strong>ergo,</strong></span> 
     </span>
    </p>
   </div>
   <div class='ocr_carea' id='block_1_16' title="bbox 676 1506 2253 1577">
    <p class='ocr_par' dir='ltr' id='par_1_16' title="bbox 676 1506 2253 1577">
     <span class='ocr_line' id='line_1_16' title="bbox 676 1506 2253 1577; baseline 0.004 -20"><span class='ocrx_word' id='word_1_98' title='bbox 676 1506 877 1574; x_wconf 78' lang='lat' dir='ltr'><strong>inquit.</strong></span> <span class='ocrx_word' id='word_1_99' title='bbox 904 1507 1084 1559; x_wconf 86' lang='lat' dir='ltr'><strong>anima</strong></span> <span class='ocrx_word' id='word_1_100' title='bbox 1117 1518 1295 1560; x_wconf 88' lang='lat' dir='ltr'><strong>vestra</strong></span> <span class='ocrx_word' id='word_1_101' title='bbox 1325 1522 1511 1561; x_wconf 87' lang='lat' dir='ltr'><strong>semen</strong></span> <span class='ocrx_word' id='word_1_102' title='bbox 1551 1509 1872 1577; x_wconf 63' lang='lat' dir='ltr'><strong>longaevum.</strong></span> <span class='ocrx_word' id='word_1_103' title='bbox 1926 1508 2050 1564; x_wconf 81' lang='lat' dir='ltr'><strong>Vult</strong></span> <span class='ocrx_word' id='word_1_104' title='bbox 2109 1513 2253 1564; x_wconf 92' lang='lat' dir='ltr'><strong>enim</strong></span> 
     </span>
    </p>
   </div>
   <div class='ocr_carea' id='block_1_17' title="bbox 678 1597 2252 1671">
    <p class='ocr_par' dir='ltr' id='par_1_17' title="bbox 678 1597 2252 1671">
     <span class='ocr_line' id='line_1_17' title="bbox 678 1597 2252 1671; baseline 0.005 -22"><span class='ocrx_word' id='word_1_105' title='bbox 678 1597 935 1653; x_wconf 79' lang='lat' dir='ltr'><strong>Dominus</strong></span> <span class='ocrx_word' id='word_1_106' title='bbox 960 1599 1174 1653; x_wconf 90' lang='lat' dir='ltr'><strong>auferre</strong></span> <span class='ocrx_word' id='word_1_107' title='bbox 1214 1600 1451 1653; x_wconf 86' lang='lat' dir='ltr'><strong>laborem</strong></span> <span class='ocrx_word' id='word_1_108' title='bbox 1496 1602 1692 1654; x_wconf 74' lang='lat' dir='ltr'><strong>anima:</strong></span> <span class='ocrx_word' id='word_1_109' title='bbox 1722 1602 1862 1671; x_wconf 85' lang='lat' dir='ltr'><strong>ejus,</strong></span> <span class='ocrx_word' id='word_1_110' title='bbox 1893 1612 1946 1656; x_wconf 89' lang='lat' dir='ltr'><strong>et</strong></span> <span class='ocrx_word' id='word_1_111' title='bbox 1978 1605 2026 1656; x_wconf 91' lang='lat' dir='ltr'><strong>ei</strong></span> <span class='ocrx_word' id='word_1_112' title='bbox 2082 1604 2252 1657; x_wconf 89' lang='lat' dir='ltr'><strong>lucem</strong></span> 
     </span>
    </p>
   </div>
   <div class='ocr_carea' id='block_1_18' title="bbox 678 1690 2252 1762">
    <p class='ocr_par' dir='ltr' id='par_1_18' title="bbox 678 1690 2252 1762">
     <span class='ocr_line' id='line_1_18' title="bbox 678 1690 2252 1762; baseline 0.003 -19"><span class='ocrx_word' id='word_1_113' title='bbox 678 1691 989 1756; x_wconf 82' lang='lat' dir='ltr'><strong>ostendere,</strong></span> <span class='ocrx_word' id='word_1_114' title='bbox 1057 1706 1119 1745; x_wconf 85' lang='lat' dir='ltr'><strong>ac</strong></span> <span class='ocrx_word' id='word_1_115' title='bbox 1163 1690 1401 1746; x_wconf 87' lang='lat' dir='ltr'><strong>formare</strong></span> <span class='ocrx_word' id='word_1_116' title='bbox 1455 1693 1833 1762; x_wconf 76' lang='lat' dir='ltr'><strong>intelligentia.</strong></span> <span class='ocrx_word' id='word_1_117' title='bbox 1886 1692 2055 1748; x_wconf 79' lang='lat' dir='ltr'><strong>Valde</strong></span> <span class='ocrx_word' id='word_1_118' title='bbox 2109 1695 2252 1749; x_wconf 82' lang='lat' dir='ltr'><strong>enim</strong></span> 
     </span>
    </p>
   </div>
   <div class='ocr_carea' id='block_1_19' title="bbox 644 1783 2256 1855">
    <p class='ocr_par' dir='ltr' id='par_1_19' title="bbox 644 1783 2256 1855">
     <span class='ocr_line' id='line_1_19' title="bbox 644 1783 2256 1855; baseline 0.008 -26"><span class='ocrx_word' id='word_1_119' title='bbox 644 1783 845 1836; x_wconf 88' lang='lat' dir='ltr'><strong>.tristis</strong></span> <span class='ocrx_word' id='word_1_120' title='bbox 888 1791 1023 1844; x_wconf 83' lang='lat' dir='ltr'><strong>erat,</strong></span> <span class='ocrx_word' id='word_1_121' title='bbox 1064 1793 1191 1837; x_wconf 88' lang='lat' dir='ltr'><strong>ante</strong></span> <span class='ocrx_word' id='word_1_122' title='bbox 1217 1786 1507 1851; x_wconf 89' lang='lat' dir='ltr'><strong>pretiosam</strong></span> <span class='ocrx_word' id='word_1_123' title='bbox 1536 1800 1777 1846; x_wconf 82' lang='lat' dir='ltr'><strong>crucem.</strong></span> <span class='ocrx_word' id='word_1_124' title='bbox 1810 1802 1979 1855; x_wconf 89' lang='lat' dir='ltr'><strong>usque</strong></span> <span class='ocrx_word' id='word_1_125' title='bbox 2028 1788 2256 1841; x_wconf 82' lang='lat' dir='ltr'><strong>admor-</strong></span> 
     </span>
    </p>
   </div>
   <div class='ocr_carea' id='block_1_20' title="bbox 2364 594 3967 665">
    <p class='ocr_par' dir='ltr' id='par_1_20' title="bbox 2364 594 3967 665">
     <span class='ocr_line' id='line_1_20' title="bbox 2364 594 3967 665; baseline 0.004 -20"><span class='ocrx_word' id='word_1_126' title='bbox 2364 595 2461 664; x_wconf 84' lang='grc' dir='ltr'><strong>μὲν</strong></span> <span class='ocrx_word' id='word_1_127' title='bbox 2504 594 2612 664; x_wconf 73' lang='grc' dir='ltr'><strong>γάρ</strong></span> <span class='ocrx_word' id='word_1_128' title='bbox 2669 594 2959 665; x_wconf 79' lang='grc' dir='ltr'>ἀνθρώπου</span> <span class='ocrx_word' id='word_1_129' title='bbox 2994 596 3087 647; x_wconf 68' lang='grc' dir='ltr'><strong>καὶ</strong></span> <span class='ocrx_word' id='word_1_130' title='bbox 3121 596 3323 665; x_wconf 78' lang='grc' dir='ltr'>πατὴρ,</span> <span class='ocrx_word' id='word_1_131' title='bbox 3355 595 3498 665; x_wconf 79' lang='grc' dir='ltr'>ἁρχὴ</span> <span class='ocrx_word' id='word_1_132' title='bbox 3537 595 3638 647; x_wconf 82' lang='grc' dir='ltr'><strong>καί</strong></span> <span class='ocrx_word' id='word_1_133' title='bbox 3682 594 3967 663; x_wconf 68' lang='grc' dir='ltr'>πρόφασις</span> 
     </span>
    </p>
   </div>
   <div class='ocr_carea' id='block_1_21' title="bbox 2360 681 3961 757">
    <p class='ocr_par' dir='ltr' id='par_1_21' title="bbox 2360 681 3961 757">
     <span class='ocr_line' id='line_1_21' title="bbox 2360 681 3961 757; baseline -0.001 -19"><span class='ocrx_word' id='word_1_134' title='bbox 2360 684 2506 754; x_wconf 80' lang='grc' dir='ltr'>αὐτῷ</span> <span class='ocrx_word' id='word_1_135' title='bbox 2532 686 2789 753; x_wconf 84' lang='grc' dir='ltr'>γεγόνασι</span> <span class='ocrx_word' id='word_1_136' title='bbox 2826 686 2927 755; x_wconf 78' lang='grc' dir='ltr'>τῆς</span> <span class='ocrx_word' id='word_1_137' title='bbox 2958 688 3037 750; x_wconf 87' lang='grc' dir='ltr'>εἰς</span> <span class='ocrx_word' id='word_1_138' title='bbox 3062 687 3125 739; x_wconf 81' lang='grc' dir='ltr'><strong>τὸ</strong></span> <span class='ocrx_word' id='word_1_139' title='bbox 3149 681 3284 741; x_wconf 76' lang='grc' dir='ltr'>εἶναι</span> <span class='ocrx_word' id='word_1_140' title='bbox 3318 688 3549 757; x_wconf 81' lang='grc' dir='ltr'>προόδου</span> <span class='ocrx_word' id='word_1_141' title='bbox 3590 687 3961 756; x_wconf 65' lang='grc' dir='ltr'>σωματικῆςο</span> 
     </span>
    </p>
   </div>
   <div class='ocr_carea' id='block_1_22' title="bbox 2360 775 3965 847">
    <p class='ocr_par' dir='ltr' id='par_1_22' title="bbox 2360 775 3965 847">
     <span class='ocr_line' id='line_1_22' title="bbox 2360 775 3965 847; baseline -0.002 -17"><span class='ocrx_word' id='word_1_142' title='bbox 2360 780 2388 830; x_wconf 86' lang='grc' dir='ltr'>ὁ</span> <span class='ocrx_word' id='word_1_143' title='bbox 2416 778 2473 831; x_wconf 84' lang='grc' dir='ltr'><strong>δέ</strong></span> <span class='ocrx_word' id='word_1_144' title='bbox 2506 795 2567 846; x_wconf 88' lang='grc' dir='ltr'><strong>γε</strong></span> <span class='ocrx_word' id='word_1_145' title='bbox 2599 779 2706 830; x_wconf 88' lang='grc' dir='ltr'><strong>τῶν</strong></span> <span class='ocrx_word' id='word_1_146' title='bbox 2733 778 2871 831; x_wconf 82' lang='grc' dir='ltr'>ὅλων</span> <span class='ocrx_word' id='word_1_147' title='bbox 2919 777 3051 840; x_wconf 75' lang='grc' dir='ltr'>θεὸς</span> <span class='ocrx_word' id='word_1_148' title='bbox 3085 780 3181 830; x_wconf 72' lang='grc' dir='ltr'>καὶ</span> <span class='ocrx_word' id='word_1_149' title='bbox 3219 778 3408 846; x_wconf 82' lang='grc' dir='ltr'>Πατὴρ</span> <span class='ocrx_word' id='word_1_150' title='bbox 3431 818 3447 841; x_wconf 93' lang='grc'><strong>,</strong></span> <span class='ocrx_word' id='word_1_151' title='bbox 3500 775 3965 847; x_wconf 64' lang='grc' dir='ltr'><strong>κεκρατημένως</strong></span> 
     </span>
    </p>
   </div>
   <div class='ocr_carea' id='block_1_23' title="bbox 2361 869 3963 941">
    <p class='ocr_par' dir='ltr' id='par_1_23' title="bbox 2361 869 3963 941">
     <span class='ocr_line' id='line_1_23' title="bbox 2361 869 3963 941; baseline -0.003 -17"><span class='ocrx_word' id='word_1_152' title='bbox 2361 871 2597 940; x_wconf 79' lang='grc' dir='ltr'><strong>Θανάτῳ,</strong></span> <span class='ocrx_word' id='word_1_153' title='bbox 2623 871 2718 923; x_wconf 77' lang='grc' dir='ltr'><strong>καὶ</strong></span> <span class='ocrx_word' id='word_1_154' title='bbox 2759 870 3193 941; x_wconf 75' lang='grc' dir='ltr'><strong>μαραινομένους</strong></span> <span class='ocrx_word' id='word_1_155' title='bbox 3224 872 3280 921; x_wconf 82' lang='grc' dir='ltr'>ὲν</span> <span class='ocrx_word' id='word_1_156' title='bbox 3318 870 3416 938; x_wconf 83' lang='grc' dir='ltr'><strong>ῑσῳ</strong></span> <span class='ocrx_word' id='word_1_157' title='bbox 3452 869 3633 933; x_wconf 74' lang='grc' dir='ltr'>πὸαις,</span> <span class='ocrx_word' id='word_1_158' title='bbox 3661 870 3963 935; x_wconf 44' lang='lat' dir='ltr'><strong>ﬁeri“</strong></span> 
     </span>
    </p>
   </div>
   <div class='ocr_carea' id='block_1_24' title="bbox 2363 958 3961 1028">
    <p class='ocr_par' dir='ltr' id='par_1_24' title="bbox 2363 958 3961 1028">
     <span class='ocr_line' id='line_1_24' title="bbox 2363 958 3961 1028; baseline -0.002 -17"><span class='ocrx_word' id='word_1_159' title='bbox 2363 976 2453 1012; x_wconf 87' lang='grc' dir='ltr'><strong>σεν</strong></span> <span class='ocrx_word' id='word_1_160' title='bbox 2482 961 2565 1022; x_wconf 84' lang='grc' dir='ltr'><strong>είς</strong></span> <span class='ocrx_word' id='word_1_161' title='bbox 2609 960 2918 1028; x_wconf 75' lang='grc' dir='ltr'>ἀφθαρσίαν</span> <span class='ocrx_word' id='word_1_162' title='bbox 2968 958 3055 1010; x_wconf 83' lang='grc' dir='ltr'><strong>διά</strong></span> <span class='ocrx_word' id='word_1_163' title='bbox 3104 958 3344 1028; x_wconf 80' lang='grc' dir='ltr'>Χριστοῦ</span> <span class='ocrx_word' id='word_1_164' title='bbox 3390 961 3447 1010; x_wconf 83' lang='grc' dir='ltr'>ἐν</span> <span class='ocrx_word' id='word_1_165' title='bbox 3490 958 3816 1027; x_wconf 73' lang='grc' dir='ltr'>Πνεῦματι,</span> <span class='ocrx_word' id='word_1_166' title='bbox 3874 974 3961 1009; x_wconf 72' lang='grc' dir='ltr'><strong>και</strong></span> 
     </span>
    </p>
   </div>
   <div class='ocr_carea' id='block_1_25' title="bbox 2360 1050 3960 1123">
    <p class='ocr_par' dir='ltr' id='par_1_25' title="bbox 2360 1050 3960 1123">
     <span class='ocr_line' id='line_1_25' title="bbox 2360 1050 3960 1123; baseline -0.002 -19"><span class='ocrx_word' id='word_1_167' title='bbox 2360 1052 2644 1123; x_wconf 77' lang='grc' dir='ltr'>κρείττους</span> <span class='ocrx_word' id='word_1_168' title='bbox 2680 1052 2926 1121; x_wconf 79' lang='grc' dir='ltr'>ἀπέφηνε</span> <span class='ocrx_word' id='word_1_169' title='bbox 2952 1052 3051 1121; x_wconf 85' lang='grc' dir='ltr'>τῆς</span> <span class='ocrx_word' id='word_1_170' title='bbox 3083 1052 3289 1122; x_wconf 78' lang='grc' dir='ltr'>φθορᾶς</span> <span class='ocrx_word' id='word_1_171' title='bbox 3310 1093 3323 1114; x_wconf 91' lang='grc'><strong>,</strong></span> <span class='ocrx_word' id='word_1_172' title='bbox 3358 1052 3544 1121; x_wconf 81' lang='grc' dir='ltr'>μακρᾷ</span> <span class='ocrx_word' id='word_1_173' title='bbox 3588 1051 3688 1104; x_wconf 78' lang='grc' dir='ltr'><strong>καὶ</strong></span> <span class='ocrx_word' id='word_1_174' title='bbox 3736 1050 3960 1102; x_wconf 64' lang='grc' dir='ltr'>ἀτελευ-</span> 
     </span>
    </p>
   </div>
   <div class='ocr_carea' id='block_1_26' title="bbox 2358 1142 3962 1214">
    <p class='ocr_par' dir='ltr' id='par_1_26' title="bbox 2358 1142 3962 1214">
     <span class='ocr_line' id='line_1_26' title="bbox 2358 1142 3962 1214; baseline -0.002 -18"><span class='ocrx_word' id='word_1_175' title='bbox 2358 1146 2506 1214; x_wconf 80' lang='grc' dir='ltr'>τήτῳ</span> <span class='ocrx_word' id='word_1_176' title='bbox 2539 1143 2885 1211; x_wconf 77' lang='grc' dir='ltr'>στεφανώσας</span> <span class='ocrx_word' id='word_1_177' title='bbox 2925 1142 3059 1214; x_wconf 79' lang='grc' dir='ltr'>ζωῇ.</span> <span class='ocrx_word' id='word_1_178' title='bbox 3090 1142 3298 1195; x_wconf 77' lang='grc' dir='ltr'>Οὐκοῦν</span> <span class='ocrx_word' id='word_1_179' title='bbox 3341 1144 3571 1213; x_wconf 76' lang='grc' dir='ltr'>ἥττηται</span> <span class='ocrx_word' id='word_1_180' title='bbox 3628 1143 3702 1195; x_wconf 85' lang='grc' dir='ltr'><strong>ἂν</strong></span> <span class='ocrx_word' id='word_1_181' title='bbox 3731 1142 3962 1204; x_wconf 69' lang='grc' dir='ltr'>εἰκότως</span> 
     </span>
    </p>
   </div>
   <div class='ocr_carea' id='block_1_27' title="bbox 2358 1232 3961 1303">
    <p class='ocr_par' dir='ltr' id='par_1_27' title="bbox 2358 1232 3961 1303">
     <span class='ocr_line' id='line_1_27' title="bbox 2358 1232 3961 1303; baseline -0.001 -18"><span class='ocrx_word' id='word_1_182' title='bbox 2358 1235 2456 1303; x_wconf 82' lang='grc' dir='ltr'>τῆς</span> <span class='ocrx_word' id='word_1_183' title='bbox 2486 1237 2566 1297; x_wconf 88' lang='grc' dir='ltr'><strong>είς</strong></span> <span class='ocrx_word' id='word_1_184' title='bbox 2588 1235 2746 1287; x_wconf 75' lang='grc' dir='ltr'>αὐτὸν</span> <span class='ocrx_word' id='word_1_185' title='bbox 2780 1236 3003 1303; x_wconf 86' lang='grc' dir='ltr'>ἀγάπης</span> <span class='ocrx_word' id='word_1_186' title='bbox 3030 1236 3061 1302; x_wconf 80' lang='grc' dir='ltr'>ἡ</span> <span class='ocrx_word' id='word_1_187' title='bbox 3094 1236 3172 1296; x_wconf 85' lang='grc' dir='ltr'><strong>είς</strong></span> <span class='ocrx_word' id='word_1_188' title='bbox 3202 1235 3393 1302; x_wconf 81' lang='grc' dir='ltr'>γονέας</span> <span class='ocrx_word' id='word_1_189' title='bbox 3424 1233 3607 1295; x_wconf 79' lang='grc' dir='ltr'>αἰδώς·</span> <span class='ocrx_word' id='word_1_190' title='bbox 3644 1232 3715 1285; x_wconf 75' lang='grc' dir='ltr'>τὸ</span> <span class='ocrx_word' id='word_1_191' title='bbox 3742 1233 3806 1284; x_wconf 75' lang='grc' dir='ltr'>δὲ</span> <span class='ocrx_word' id='word_1_192' title='bbox 3836 1234 3961 1297; x_wconf 72' lang='grc' dir='ltr'>ἁγαο</span> 
     </span>
    </p>
   </div>
   <div class='ocr_carea' id='block_1_28' title="bbox 2361 1324 3960 1395">
    <p class='ocr_par' dir='ltr' id='par_1_28' title="bbox 2361 1324 3960 1395">
     <span class='ocr_line' id='line_1_28' title="bbox 2361 1324 3960 1395; baseline -0.003 -19"><span class='ocrx_word' id='word_1_193' title='bbox 2361 1325 2533 1392; x_wconf 83' lang='grc' dir='ltr'>πῆσαι</span> <span class='ocrx_word' id='word_1_194' title='bbox 2563 1325 2795 1395; x_wconf 68' lang='grc' dir='ltr'>Χριστὸν</span> <span class='ocrx_word' id='word_1_195' title='bbox 2824 1325 2882 1388; x_wconf 78' lang='grc' dir='ltr'>ἐξ</span> <span class='ocrx_word' id='word_1_196' title='bbox 2910 1324 3034 1393; x_wconf 81' lang='grc' dir='ltr'>ὅλης</span> <span class='ocrx_word' id='word_1_197' title='bbox 3068 1325 3247 1395; x_wconf 79' lang='grc' dir='ltr'>ψυχῆς</span> <span class='ocrx_word' id='word_1_198' title='bbox 3274 1326 3367 1376; x_wconf 78' lang='grc' dir='ltr'><strong>καὶ</strong></span> <span class='ocrx_word' id='word_1_199' title='bbox 3395 1324 3624 1392; x_wconf 79' lang='grc' dir='ltr'>καρδίας</span> <span class='ocrx_word' id='word_1_200' title='bbox 3644 1362 3660 1384; x_wconf 86' lang='grc'><strong>,</strong></span> <span class='ocrx_word' id='word_1_201' title='bbox 3699 1324 3811 1375; x_wconf 68' lang='grc' dir='ltr'><strong>καὶ</strong></span> <span class='ocrx_word' id='word_1_202' title='bbox 3854 1326 3960 1382; x_wconf 77' lang='grc' dir='ltr'>τοίς</span> 
     </span>
    </p>
   </div>
   <div class='ocr_carea' id='block_1_29' title="bbox 2358 1412 3957 1484">
    <p class='ocr_par' dir='ltr' id='par_1_29' title="bbox 2358 1412 3957 1484">
     <span class='ocr_line' id='line_1_29' title="bbox 2358 1412 3957 1484; baseline -0.002 -20"><span class='ocrx_word' id='word_1_203' title='bbox 2358 1412 2522 1465; x_wconf 78' lang='grc' dir='ltr'>αὐτοῦ</span> <span class='ocrx_word' id='word_1_204' title='bbox 2550 1413 2841 1483; x_wconf 81' lang='grc' dir='ltr'>νεύμασιν,</span> <span class='ocrx_word' id='word_1_205' title='bbox 2894 1415 3063 1483; x_wconf 73' lang='grc' dir='ltr'>ἤγουν</span> <span class='ocrx_word' id='word_1_206' title='bbox 3107 1414 3272 1484; x_wconf 83' lang='grc' dir='ltr'>ἱεροῖς</span> <span class='ocrx_word' id='word_1_207' title='bbox 3306 1413 3668 1482; x_wconf 80' lang='grc' dir='ltr'>θεσπίσμασι,</span> <span class='ocrx_word' id='word_1_208' title='bbox 3709 1429 3957 1465; x_wconf 55' lang='lat' dir='ltr'><strong>statam</strong></span> 
     </span>
    </p>
   </div>
   <div class='ocr_carea' id='block_1_30' title="bbox 2359 1502 3957 1575">
    <p class='ocr_par' dir='ltr' id='par_1_30' title="bbox 2359 1502 3957 1575">
     <span class='ocr_line' id='line_1_30' title="bbox 2359 1502 3957 1575; baseline -0.001 -20"><span class='ocrx_word' id='word_1_209' title='bbox 2359 1502 2589 1567; x_wconf 87' lang='grc' dir='ltr'>λουθεῖν,</span> <span class='ocrx_word' id='word_1_210' title='bbox 2635 1505 2696 1557; x_wconf 85' lang='grc' dir='ltr'><strong>τὸ</strong></span> <span class='ocrx_word' id='word_1_211' title='bbox 2735 1505 2918 1558; x_wconf 76' lang='grc' dir='ltr'>δοῦναί</span> <span class='ocrx_word' id='word_1_212' title='bbox 2967 1507 3084 1558; x_wconf 78' lang='grc' dir='ltr'>ἐστι</span> <span class='ocrx_word' id='word_1_213' title='bbox 3132 1506 3260 1575; x_wconf 75' lang='grc' dir='ltr'>περὶ</span> <span class='ocrx_word' id='word_1_214' title='bbox 3303 1505 3621 1574; x_wconf 85' lang='grc' dir='ltr'>ἁμαρτίας,</span> <span class='ocrx_word' id='word_1_215' title='bbox 3676 1505 3837 1574; x_wconf 79' lang='grc' dir='ltr'><strong>μετὰ</strong></span> <span class='ocrx_word' id='word_1_216' title='bbox 3870 1503 3957 1557; x_wconf 66' lang='grc' dir='ltr'>τοῦ</span> 
     </span>
    </p>
   </div>
   <div class='ocr_carea' id='block_1_31' title="bbox 2357 1595 3961 1667">
    <p class='ocr_par' dir='ltr' id='par_1_31' title="bbox 2357 1595 3961 1667">
     <span class='ocr_line' id='line_1_31' title="bbox 2357 1595 3961 1667; baseline -0.002 -19"><span class='ocrx_word' id='word_1_217' title='bbox 2357 1597 2455 1667; x_wconf 81' lang='grc' dir='ltr'><strong>τὴν</strong></span> <span class='ocrx_word' id='word_1_218' title='bbox 2488 1598 2567 1660; x_wconf 86' lang='grc' dir='ltr'><strong>είς</strong></span> <span class='ocrx_word' id='word_1_219' title='bbox 2596 1597 2754 1649; x_wconf 77' lang='grc' dir='ltr'>αὑτὸν</span> <span class='ocrx_word' id='word_1_220' title='bbox 2791 1598 2969 1650; x_wconf 86' lang='grc' dir='ltr'>πίστιν</span> <span class='ocrx_word' id='word_1_221' title='bbox 3000 1596 3174 1667; x_wconf 85' lang='grc' dir='ltr'>ὀρθῶς</span> <span class='ocrx_word' id='word_1_222' title='bbox 3229 1612 3286 1648; x_wconf 87' lang='grc' dir='ltr'><strong>τε</strong></span> <span class='ocrx_word' id='word_1_223' title='bbox 3323 1596 3417 1649; x_wconf 68' lang='grc' dir='ltr'>καὶ</span> <span class='ocrx_word' id='word_1_224' title='bbox 3447 1597 3784 1664; x_wconf 78' lang='grc' dir='ltr'><strong>ἀμωμήτως</strong></span> <span class='ocrx_word' id='word_1_225' title='bbox 3810 1595 3961 1662; x_wconf 66' lang='grc' dir='ltr'>ἐχου-</span> 
     </span>
    </p>
   </div>
   <div class='ocr_carea' id='block_1_32' title="bbox 2362 1688 3959 1760">
    <p class='ocr_par' dir='ltr' id='par_1_32' title="bbox 2362 1688 3959 1760">
     <span class='ocr_line' id='line_1_32' title="bbox 2362 1688 3959 1760; baseline -0.001 -19"><span class='ocrx_word' id='word_1_226' title='bbox 2362 1707 2460 1742; x_wconf 89' lang='grc' dir='ltr'><strong>σαν</strong></span> <span class='ocrx_word' id='word_1_227' title='bbox 2495 1689 2710 1742; x_wconf 77' lang='grc' dir='ltr'>ἑλέσθαι</span> <span class='ocrx_word' id='word_1_228' title='bbox 2752 1693 2960 1760; x_wconf 86' lang='grc' dir='ltr'>τηρεῖν.</span> <span class='ocrx_word' id='word_1_229' title='bbox 2994 1690 3222 1758; x_wconf 77' lang='grc' dir='ltr'>Ὀψεται</span> <span class='ocrx_word' id='word_1_230' title='bbox 3269 1690 3448 1742; x_wconf 77' lang='grc' dir='ltr'>τοίνυν</span> <span class='ocrx_word' id='word_1_231' title='bbox 3490 1690 3523 1757; x_wconf 80' lang='grc' dir='ltr'>ἠ</span> <span class='ocrx_word' id='word_1_232' title='bbox 3551 1688 3705 1759; x_wconf 71' lang='grc' dir='ltr'><strong>ψυχὴ</strong></span> <span class='ocrx_word' id='word_1_233' title='bbox 3761 1689 3959 1757; x_wconf 73' lang='grc' dir='ltr'>ὑμῶν,</span> 
     </span>
    </p>
   </div>
   <div class='ocr_carea' id='block_1_33' title="bbox 2359 1780 3961 1853">
    <p class='ocr_par' dir='ltr' id='par_1_33' title="bbox 2359 1780 3961 1853">
     <span class='ocr_line' id='line_1_33' title="bbox 2359 1780 3961 1853; baseline -0.002 -19"><span class='ocrx_word' id='word_1_234' title='bbox 2359 1784 2512 1853; x_wconf 74' lang='grc' dir='ltr'>φησὶ,</span> <span class='ocrx_word' id='word_1_235' title='bbox 2550 1782 2772 1853; x_wconf 81' lang='grc' dir='ltr'>σπέρμα</span> <span class='ocrx_word' id='word_1_236' title='bbox 2804 1783 3116 1852; x_wconf 87' lang='grc' dir='ltr'>μακρόϐιον.</span> <span class='ocrx_word' id='word_1_237' title='bbox 3142 1782 3395 1835; x_wconf 72' lang='grc' dir='ltr'>Βούλεται</span> <span class='ocrx_word' id='word_1_238' title='bbox 3424 1781 3531 1850; x_wconf 78' lang='grc' dir='ltr'><strong>γάρ</strong></span> <span class='ocrx_word' id='word_1_239' title='bbox 3567 1780 3794 1850; x_wconf 75' lang='grc' dir='ltr'>Κύριος</span> <span class='ocrx_word' id='word_1_240' title='bbox 3856 1781 3961 1846; x_wconf 62' lang='grc' dir='ltr'>ἀφ·</span> 
     </span>
    </p>
   </div>
   <div class='ocr_carea' id='block_1_34' title="bbox 638 1871 2243 1950">
    <p class='ocr_par' dir='ltr' id='par_1_34' title="bbox 638 1874 2243 1950">
     <span class='ocr_line' id='line_1_34' title="bbox 638 1874 2243 1950; baseline 0.006 -24"><span class='ocrx_word' id='word_1_241' title='bbox 638 1884 803 1928; x_wconf 85' lang='lat' dir='ltr'><strong>.tem.</strong></span> <span class='ocrx_word' id='word_1_242' title='bbox 850 1874 939 1929; x_wconf 91' lang='lat' dir='ltr'><strong>Sic</strong></span> <span class='ocrx_word' id='word_1_243' title='bbox 969 1891 1199 1945; x_wconf 80' lang='lat' dir='ltr'><strong>namque</strong></span> <span class='ocrx_word' id='word_1_244' title='bbox 1234 1893 1263 1929; x_wconf 89' lang='lat' dir='ltr'><strong>a</strong></span> <span class='ocrx_word' id='word_1_245' title='bbox 1338 1878 1539 1931; x_wconf 80' lang='lat' dir='ltr'><strong>sanctis</strong></span> <span class='ocrx_word' id='word_1_246' title='bbox 1590 1880 1935 1949; x_wconf 83' lang='lat' dir='ltr'><strong>evangelistis</strong></span> <span class='ocrx_word' id='word_1_247' title='bbox 1986 1881 2243 1950; x_wconf 85' lang='lat' dir='ltr'><strong>scriptum</strong></span> 
     </span>
    </p>
   </div>
   <div class='ocr_carea' id='block_1_35' title="bbox 2347 1871 3961 1950">
    <p class='ocr_par' dir='ltr' id='par_1_35' title="bbox 2355 1871 3961 1943">
     <span class='ocr_line' id='line_1_35' title="bbox 2355 1871 3961 1943; baseline -0.002 -17"><span class='ocrx_word' id='word_1_248' title='bbox 2355 1875 2493 1927; x_wconf 88' lang='grc' dir='ltr'>ελείν</span> <span class='ocrx_word' id='word_1_249' title='bbox 2512 1874 2618 1927; x_wconf 76' lang='grc' dir='ltr'><strong>ἀπὸ</strong></span> <span class='ocrx_word' id='word_1_250' title='bbox 2642 1875 2734 1927; x_wconf 77' lang='grc' dir='ltr'>τοῦ</span> <span class='ocrx_word' id='word_1_251' title='bbox 2766 1874 2927 1927; x_wconf 81' lang='grc' dir='ltr'>πόνου</span> <span class='ocrx_word' id='word_1_252' title='bbox 2950 1874 3048 1942; x_wconf 82' lang='grc' dir='ltr'>τῆς</span> <span class='ocrx_word' id='word_1_253' title='bbox 3069 1873 3244 1943; x_wconf 72' lang='grc' dir='ltr'>ψυχῆς</span> <span class='ocrx_word' id='word_1_254' title='bbox 3269 1873 3454 1935; x_wconf 74' lang='grc' dir='ltr'>αὑτοῦ,</span> <span class='ocrx_word' id='word_1_255' title='bbox 3475 1871 3569 1925; x_wconf 72' lang='grc' dir='ltr'>καὶ</span> <span class='ocrx_word' id='word_1_256' title='bbox 3587 1872 3776 1934; x_wconf 74' lang='grc' dir='ltr'>δεῖξαι</span> <span class='ocrx_word' id='word_1_257' title='bbox 3809 1872 3961 1941; x_wconf 67' lang='grc' dir='ltr'>αὐτῷ</span> 
     </span>
    </p>
   </div>
   <div class='ocr_carea' id='block_1_36' title="bbox 672 1965 2250 2036">
    <p class='ocr_par' dir='ltr' id='par_1_36' title="bbox 672 1965 2250 2036">
     <span class='ocr_line' id='line_1_36' title="bbox 672 1965 2250 2036; baseline 0.006 -18"><span class='ocrx_word' id='word_1_258' title='bbox 672 1974 775 2018; x_wconf 80' lang='lat' dir='ltr'><strong>est.</strong></span> <span class='ocrx_word' id='word_1_259' title='bbox 804 1965 1094 2035; x_wconf 76' lang='lat' dir='ltr'><strong>Postquam</strong></span> <span class='ocrx_word' id='word_1_260' title='bbox 1128 1982 1254 2021; x_wconf 80' lang='lat' dir='ltr'><strong>vero</strong></span> <span class='ocrx_word' id='word_1_261' title='bbox 1289 1968 1511 2023; x_wconf 81' lang='lat' dir='ltr'><strong>calcatis</strong></span> <span class='ocrx_word' id='word_1_262' title='bbox 1534 1968 1748 2036; x_wconf 81' lang='lat' dir='ltr'><strong>inferis,</strong></span> <span class='ocrx_word' id='word_1_263' title='bbox 1785 1973 1945 2025; x_wconf 88' lang='lat' dir='ltr'><strong>tertio</strong></span> <span class='ocrx_word' id='word_1_264' title='bbox 1989 1973 2074 2026; x_wconf 92' lang='lat' dir='ltr'><strong>die</strong></span> <span class='ocrx_word' id='word_1_265' title='bbox 2107 1974 2250 2028; x_wconf 86' lang='lat' dir='ltr'><strong>revi-</strong></span> 
     </span>
    </p>
   </div>
   <div class='ocr_carea' id='block_1_37' title="bbox 673 2060 2243 2128">
    <p class='ocr_par' dir='ltr' id='par_1_37' title="bbox 673 2060 2243 2128">
     <span class='ocr_line' id='line_1_37' title="bbox 673 2060 2243 2128; baseline 0.006 -18"><span class='ocrx_word' id='word_1_266' title='bbox 673 2067 848 2123; x_wconf 85' lang='lat' dir='ltr'><strong>xerat,</strong></span> <span class='ocrx_word' id='word_1_267' title='bbox 875 2073 1107 2128; x_wconf 79' lang='lat' dir='ltr'><strong>moxque</strong></span> <span class='ocrx_word' id='word_1_268' title='bbox 1143 2060 1420 2114; x_wconf 88' lang='lat' dir='ltr'><strong>contuitus</strong></span> <span class='ocrx_word' id='word_1_269' title='bbox 1453 2071 1597 2115; x_wconf 85' lang='lat' dir='ltr'><strong>esset</strong></span> <span class='ocrx_word' id='word_1_270' title='bbox 1623 2063 1857 2117; x_wconf 87' lang='lat' dir='ltr'><strong>hominis</strong></span> <span class='ocrx_word' id='word_1_271' title='bbox 1901 2073 2150 2119; x_wconf 85' lang='lat' dir='ltr'><strong>naturam</strong></span> <span class='ocrx_word' id='word_1_272' title='bbox 2190 2067 2243 2120; x_wconf 93' lang='lat' dir='ltr'><strong>in</strong></span> 
     </span>
    </p>
   </div>
   <div class='ocr_carea' id='block_1_38' title="bbox 672 2148 2251 2219">
    <p class='ocr_par' dir='ltr' id='par_1_38' title="bbox 672 2148 2251 2219">
     <span class='ocr_line' id='line_1_38' title="bbox 672 2148 2251 2219; baseline 0.007 -19"><span class='ocrx_word' id='word_1_273' title='bbox 672 2149 852 2214; x_wconf 87' lang='lat' dir='ltr'><strong>seipso</strong></span> <span class='ocrx_word' id='word_1_274' title='bbox 891 2148 1333 2204; x_wconf 82' lang='lat' dir='ltr'><strong>transformatam</strong></span> <span class='ocrx_word' id='word_1_275' title='bbox 1361 2152 1425 2205; x_wconf 90' lang='lat' dir='ltr'><strong>ad</strong></span> <span class='ocrx_word' id='word_1_276' title='bbox 1455 2153 1941 2219; x_wconf 82' lang='lat' dir='ltr'><strong>immortalitatem,</strong></span> <span class='ocrx_word' id='word_1_277' title='bbox 1981 2168 2035 2210; x_wconf 89' lang='lat' dir='ltr'><strong>et</strong></span> <span class='ocrx_word' id='word_1_278' title='bbox 2066 2157 2157 2211; x_wconf 90' lang='lat' dir='ltr'><strong>Dei</strong></span> <span class='ocrx_word' id='word_1_279' title='bbox 2187 2172 2251 2212; x_wconf 93' lang='lat' dir='ltr'><strong>ac</strong></span> 
     </span>
    </p>
   </div>
   <div class='ocr_carea' id='block_1_39' title="bbox 672 2236 2249 2315">
    <p class='ocr_par' dir='ltr' id='par_1_39' title="bbox 672 2236 2249 2315">
     <span class='ocr_line' id='line_1_39' title="bbox 672 2236 2249 2315; baseline 0.006 -23"><span class='ocrx_word' id='word_1_280' title='bbox 672 2236 1300 2295; x_wconf 82' lang='lat' dir='ltr'><strong>Patrisbenevolenliam</strong></span> <span class='ocrx_word' id='word_1_281' title='bbox 1370 2259 1464 2312; x_wconf 83' lang='lat' dir='ltr'><strong>per</strong></span> <span class='ocrx_word' id='word_1_282' title='bbox 1500 2244 1807 2298; x_wconf 83' lang='lat' dir='ltr'><strong>universam</strong></span> <span class='ocrx_word' id='word_1_283' title='bbox 1876 2246 1988 2315; x_wconf 78' lang='lat' dir='ltr'><strong>jam</strong></span> <span class='ocrx_word' id='word_1_284' title='bbox 2049 2257 2249 2302; x_wconf 86' lang='lat' dir='ltr'><strong>terram</strong></span> 
     </span>
    </p>
   </div>
   <div class='ocr_carea' id='block_1_40' title="bbox 674 2327 2248 2398">
    <p class='ocr_par' dir='ltr' id='par_1_40' title="bbox 674 2327 2248 2398">
     <span class='ocr_line' id='line_1_40' title="bbox 674 2327 2248 2398; baseline 0.005 -18"><span class='ocrx_word' id='word_1_285' title='bbox 674 2327 1020 2398; x_wconf 84' lang='lat' dir='ltr'><strong>amplificari,</strong></span> <span class='ocrx_word' id='word_1_286' title='bbox 1055 2344 1119 2385; x_wconf 91' lang='lat' dir='ltr'><strong>ac</strong></span> <span class='ocrx_word' id='word_1_287' title='bbox 1157 2331 1396 2398; x_wconf 83' lang='lat' dir='ltr'><strong>gentium</strong></span> <span class='ocrx_word' id='word_1_288' title='bbox 1444 2332 1836 2387; x_wconf 82' lang='lat' dir='ltr'><strong>multitudinem</strong></span> <span class='ocrx_word' id='word_1_289' title='bbox 1872 2334 2248 2390; x_wconf 86' lang='lat' dir='ltr'><strong>collustratum</strong></span> 
     </span>
    </p>
   </div>
   <div class='ocr_carea' id='block_1_41' title="bbox 672 2416 2251 2490">
    <p class='ocr_par' dir='ltr' id='par_1_41' title="bbox 672 2416 2251 2490">
     <span class='ocr_line' id='line_1_41' title="bbox 672 2416 2251 2490; baseline 0.008 -20"><span class='ocrx_word' id='word_1_290' title='bbox 672 2416 763 2483; x_wconf 90' lang='lat' dir='ltr'><strong>iri,</strong></span> <span class='ocrx_word' id='word_1_291' title='bbox 804 2427 858 2473; x_wconf 89' lang='lat' dir='ltr'><strong>et</strong></span> <span class='ocrx_word' id='word_1_292' title='bbox 897 2419 1125 2488; x_wconf 86' lang='lat' dir='ltr'><strong>pristino</strong></span> <span class='ocrx_word' id='word_1_293' title='bbox 1161 2435 1223 2474; x_wconf 87' lang='lat' dir='ltr'><strong>ac</strong></span> <span class='ocrx_word' id='word_1_294' title='bbox 1256 2422 1412 2475; x_wconf 87' lang='lat' dir='ltr'><strong>simul</strong></span> <span class='ocrx_word' id='word_1_295' title='bbox 1439 2438 1560 2476; x_wconf 89' lang='lat' dir='ltr'><strong>cunt</strong></span> <span class='ocrx_word' id='word_1_296' title='bbox 1601 2423 1740 2490; x_wconf 83' lang='lat' dir='ltr'><strong>ipsis</strong></span> <span class='ocrx_word' id='word_1_297' title='bbox 1770 2425 2010 2479; x_wconf 88' lang='lat' dir='ltr'><strong>enutrito</strong></span> <span class='ocrx_word' id='word_1_298' title='bbox 2067 2442 2251 2482; x_wconf 89' lang='lat' dir='ltr'><strong>errore</strong></span> 
     </span>
    </p>
   </div>
   <div class='ocr_carea' id='block_1_42' title="bbox 644 2508 2247 2581">
    <p class='ocr_par' dir='ltr' id='par_1_42' title="bbox 644 2508 2247 2581">
     <span class='ocr_line' id='line_1_42' title="bbox 644 2508 2247 2581; baseline 0.006 -18"><span class='ocrx_word' id='word_1_299' title='bbox 644 2508 888 2574; x_wconf 80' lang='lat' dir='ltr'><strong>abduci,</strong></span> <span class='ocrx_word' id='word_1_300' title='bbox 915 2520 968 2563; x_wconf 91' lang='lat' dir='ltr'><strong>et</strong></span> <span class='ocrx_word' id='word_1_301' title='bbox 993 2512 1058 2564; x_wconf 87' lang='lat' dir='ltr'><strong>ad</strong></span> <span class='ocrx_word' id='word_1_302' title='bbox 1096 2513 1423 2581; x_wconf 80' lang='lat' dir='ltr'><strong>agnitionem</strong></span> <span class='ocrx_word' id='word_1_303' title='bbox 1451 2514 1529 2567; x_wconf 90' lang='lat' dir='ltr'><strong>sui</strong></span> <span class='ocrx_word' id='word_1_304' title='bbox 1561 2529 1623 2568; x_wconf 87' lang='lat' dir='ltr'><strong>ac</strong></span> <span class='ocrx_word' id='word_1_305' title='bbox 1655 2513 1833 2572; x_wconf 85' lang='lat' dir='ltr'><strong>Patris</strong></span> <span class='ocrx_word' id='word_1_306' title='bbox 1875 2517 2054 2571; x_wconf 84' lang='lat' dir='ltr'><strong>vocari</strong></span> <span class='ocrx_word' id='word_1_307' title='bbox 2090 2535 2102 2570; x_wconf 95' lang='lat'>:</span> <span class='ocrx_word' id='word_1_308' title='bbox 2150 2520 2247 2572; x_wconf 88' lang='lat' dir='ltr'><strong>ab-</strong></span> 
     </span>
    </p>
   </div>
   <div class='ocr_carea' id='block_1_43' title="bbox 668 2602 2250 2671">
    <p class='ocr_par' dir='ltr' id='par_1_43' title="bbox 668 2602 2250 2671">
     <span class='ocr_line' id='line_1_43' title="bbox 668 2602 2250 2671; baseline 0.006 -16"><span class='ocrx_word' id='word_1_309' title='bbox 668 2602 799 2670; x_wconf 80' lang='lat' dir='ltr'><strong>iecit</strong></span> <span class='ocrx_word' id='word_1_310' title='bbox 847 2603 1120 2671; x_wconf 80' lang='lat' dir='ltr'><strong>passionis</strong></span> <span class='ocrx_word' id='word_1_311' title='bbox 1149 2604 1410 2670; x_wconf 86' lang='lat' dir='ltr'><strong>laborem,</strong></span> <span class='ocrx_word' id='word_1_312' title='bbox 1442 2616 1495 2660; x_wconf 85' lang='lat' dir='ltr'><strong>et</strong></span> <span class='ocrx_word' id='word_1_313' title='bbox 1560 2606 1845 2661; x_wconf 80' lang='lat' dir='ltr'><strong>victoriam</strong></span> <span class='ocrx_word' id='word_1_314' title='bbox 1908 2609 2060 2664; x_wconf 88' lang='lat' dir='ltr'><strong>dedit</strong></span> <span class='ocrx_word' id='word_1_315' title='bbox 2113 2609 2250 2666; x_wconf 89' lang='lat' dir='ltr'><strong>bene</strong></span> 
     </span>
    </p>
   </div>
   <div class='ocr_carea' id='block_1_44' title="bbox 670 2689 2253 2767">
    <p class='ocr_par' dir='ltr' id='par_1_44' title="bbox 670 2689 2253 2767">
     <span class='ocr_line' id='line_1_44' title="bbox 670 2689 2253 2767; baseline 0.006 -21"><span class='ocrx_word' id='word_1_316' title='bbox 670 2689 1051 2747; x_wconf 82' lang='lat' dir='ltr'><strong>sentientibus.</strong></span> <span class='ocrx_word' id='word_1_317' title='bbox 1123 2692 1294 2748; x_wconf 89' lang='lat' dir='ltr'><strong>Simul</strong></span> <span class='ocrx_word' id='word_1_318' title='bbox 1342 2696 1486 2749; x_wconf 90' lang='lat' dir='ltr'><strong>enim</strong></span> <span class='ocrx_word' id='word_1_319' title='bbox 1558 2707 1719 2767; x_wconf 88' lang='lat' dir='ltr'><strong>atque</strong></span> <span class='ocrx_word' id='word_1_320' title='bbox 1762 2713 1793 2753; x_wconf 90' lang='lat' dir='ltr'><strong>e</strong></span> <span class='ocrx_word' id='word_1_321' title='bbox 1824 2701 2052 2755; x_wconf 90' lang='lat' dir='ltr'><strong>mortuis</strong></span> <span class='ocrx_word' id='word_1_322' title='bbox 2108 2704 2253 2757; x_wconf 77' lang='lat' dir='ltr'><strong>exci-</strong></span> 
     </span>
    </p>
   </div>
   <div class='ocr_carea' id='block_1_45' title="bbox 672 2787 2251 2854">
    <p class='ocr_par' dir='ltr' id='par_1_45' title="bbox 672 2787 2251 2854">
     <span class='ocr_line' id='line_1_45' title="bbox 672 2787 2251 2854; baseline 0.008 -18"><span class='ocrx_word' id='word_1_323' title='bbox 672 2792 813 2838; x_wconf 84' lang='lat' dir='ltr'><strong>tatus</strong></span> <span class='ocrx_word' id='word_1_324' title='bbox 858 2793 961 2851; x_wconf 89' lang='lat' dir='ltr'><strong>est,</strong></span> <span class='ocrx_word' id='word_1_325' title='bbox 997 2794 1051 2839; x_wconf 88' lang='lat' dir='ltr'><strong>et</strong></span> <span class='ocrx_word' id='word_1_326' title='bbox 1095 2787 1218 2854; x_wconf 85' lang='lat' dir='ltr'><strong>quia</strong></span> <span class='ocrx_word' id='word_1_327' title='bbox 1282 2788 1452 2843; x_wconf 88' lang='lat' dir='ltr'><strong>bonus</strong></span> <span class='ocrx_word' id='word_1_328' title='bbox 1496 2800 1601 2854; x_wconf 88' lang='lat' dir='ltr'><strong>est,</strong></span> <span class='ocrx_word' id='word_1_329' title='bbox 1640 2788 1791 2845; x_wconf 84' lang='lat' dir='ltr'><strong>valde</strong></span> <span class='ocrx_word' id='word_1_330' title='bbox 1818 2792 1882 2845; x_wconf 90' lang='lat' dir='ltr'><strong>de</strong></span> <span class='ocrx_word' id='word_1_331' title='bbox 1938 2794 2119 2849; x_wconf 91' lang='lat' dir='ltr'><strong>mundi</strong></span> <span class='ocrx_word' id='word_1_332' title='bbox 2162 2810 2251 2849; x_wconf 86' lang='lat' dir='ltr'><strong>sa-</strong></span> 
     </span>
    </p>
   </div>
   <div class='ocr_carea' id='block_1_46' title="bbox 671 2874 2247 2954">
    <p class='ocr_par' dir='ltr' id='par_1_46' title="bbox 671 2874 2247 2954">
     <span class='ocr_line' id='line_1_46' title="bbox 671 2874 2247 2954; baseline 0.008 -25"><span class='ocrx_word' id='word_1_333' title='bbox 671 2874 782 2930; x_wconf 90' lang='lat' dir='ltr'><strong>lute</strong></span> <span class='ocrx_word' id='word_1_334' title='bbox 840 2891 905 2931; x_wconf 88' lang='lat' dir='ltr'><strong>ac</strong></span> <span class='ocrx_word' id='word_1_335' title='bbox 974 2878 1081 2931; x_wconf 87' lang='lat' dir='ltr'><strong>vita</strong></span> <span class='ocrx_word' id='word_1_336' title='bbox 1129 2879 1386 2949; x_wconf 88' lang='lat' dir='ltr'><strong>gavisus,</strong></span> <span class='ocrx_word' id='word_1_337' title='bbox 1456 2884 1660 2937; x_wconf 82' lang='lat' dir='ltr'><strong>sanctis</strong></span> <span class='ocrx_word' id='word_1_338' title='bbox 1733 2883 2010 2954; x_wconf 85' lang='lat' dir='ltr'><strong>discipulis</strong></span> <span class='ocrx_word' id='word_1_339' title='bbox 2074 2887 2247 2942; x_wconf 81' lang='lat' dir='ltr'><strong>dixit:</strong></span> 
     </span>
    </p>
   </div>
   <div class='ocr_carea' id='block_1_47' title="bbox 669 2966 2254 3039">
    <p class='ocr_par' dir='ltr' id='par_1_47' title="bbox 669 2966 2254 3039">
     <span class='ocr_line' id='line_1_47' title="bbox 669 2966 2254 3039; baseline 0.008 -20"><span class='ocrx_word' id='word_1_340' title='bbox 669 2966 831 3038; x_wconf 78' lang='lat'><strong>753</strong></span> <span class='ocrx_word' id='word_1_341' title='bbox 869 2985 891 3021; x_wconf 74' lang='grc' dir='ltr'><strong>ι</strong></span> <span class='ocrx_word' id='word_1_342' title='bbox 935 2968 1065 3024; x_wconf 88' lang='lat' dir='ltr'><strong>Data</strong></span> <span class='ocrx_word' id='word_1_343' title='bbox 1090 2980 1178 3025; x_wconf 85' lang='lat' dir='ltr'><strong>est</strong></span> <span class='ocrx_word' id='word_1_344' title='bbox 1212 2971 1342 3025; x_wconf 86' lang='lat' dir='ltr'><strong>mihi</strong></span> <span class='ocrx_word' id='word_1_345' title='bbox 1370 2972 1546 3025; x_wconf 91' lang='lat' dir='ltr'><strong>omnis</strong></span> <span class='ocrx_word' id='word_1_346' title='bbox 1594 2985 1828 3039; x_wconf 80' lang='lat' dir='ltr'><strong>potestas</strong></span> <span class='ocrx_word' id='word_1_347' title='bbox 1870 2986 1923 3029; x_wconf 76' lang='lat' dir='ltr'><strong>et</strong></span> <span class='ocrx_word' id='word_1_348' title='bbox 1956 2979 2004 3030; x_wconf 88' lang='lat' dir='ltr'><strong>itt</strong></span> <span class='ocrx_word' id='word_1_349' title='bbox 2034 2977 2171 3031; x_wconf 72' lang='lat' dir='ltr'><strong>caalo</strong></span> <span class='ocrx_word' id='word_1_350' title='bbox 2201 2988 2254 3032; x_wconf 88' lang='lat' dir='ltr'><strong>et</strong></span> 
     </span>
    </p>
   </div>
   <div class='ocr_carea' id='block_1_48' title="bbox 670 3060 2251 3138">
    <p class='ocr_par' dir='ltr' id='par_1_48' title="bbox 670 3060 2251 3138">
     <span class='ocr_line' id='line_1_48' title="bbox 670 3060 2251 3138; baseline 0.007 -26"><span class='ocrx_word' id='word_1_351' title='bbox 670 3060 726 3113; x_wconf 89' lang='lat' dir='ltr'><strong>in</strong></span> <span class='ocrx_word' id='word_1_352' title='bbox 760 3068 925 3115; x_wconf 83' lang='lat' dir='ltr'><strong>terra.</strong></span> <span class='ocrx_word' id='word_1_353' title='bbox 984 3061 1086 3121; x_wconf 84' lang='lat' dir='ltr'><strong>Ite,</strong></span> <span class='ocrx_word' id='word_1_354' title='bbox 1139 3062 1329 3117; x_wconf 81' lang='lat' dir='ltr'><strong>docete</strong></span> <span class='ocrx_word' id='word_1_355' title='bbox 1369 3080 1556 3119; x_wconf 88' lang='lat' dir='ltr'><strong>omnes</strong></span> <span class='ocrx_word' id='word_1_356' title='bbox 1588 3070 2135 3138; x_wconf 82' lang='lat' dir='ltr'><strong>gentes,haptizantes</strong></span> <span class='ocrx_word' id='word_1_357' title='bbox 2158 3085 2251 3125; x_wconf 85' lang='lat' dir='ltr'><strong>eos</strong></span> 
     </span>
    </p>
   </div>
   <div class='ocr_carea' id='block_1_49' title="bbox 671 3151 2243 3227">
    <p class='ocr_par' dir='ltr' id='par_1_49' title="bbox 671 3151 2243 3227">
     <span class='ocr_line' id='line_1_49' title="bbox 671 3151 2243 3227; baseline 0.006 -23"><span class='ocrx_word' id='word_1_358' title='bbox 671 3151 722 3204; x_wconf 92' lang='lat' dir='ltr'><strong>in</strong></span> <span class='ocrx_word' id='word_1_359' title='bbox 782 3166 980 3207; x_wconf 89' lang='lat' dir='ltr'><strong>nomen</strong></span> <span class='ocrx_word' id='word_1_360' title='bbox 1034 3152 1235 3218; x_wconf 85' lang='lat' dir='ltr'><strong>Patris,</strong></span> <span class='ocrx_word' id='word_1_361' title='bbox 1272 3164 1327 3209; x_wconf 86' lang='lat' dir='ltr'><strong>et</strong></span> <span class='ocrx_word' id='word_1_362' title='bbox 1370 3154 1515 3221; x_wconf 90' lang='lat' dir='ltr'><strong>Filii,</strong></span> <span class='ocrx_word' id='word_1_363' title='bbox 1549 3167 1603 3211; x_wconf 88' lang='lat' dir='ltr'><strong>et</strong></span> <span class='ocrx_word' id='word_1_364' title='bbox 1644 3160 1815 3213; x_wconf 85' lang='lat' dir='ltr'><strong>sancti</strong></span> <span class='ocrx_word' id='word_1_365' title='bbox 1871 3159 2102 3227; x_wconf 89' lang='lat' dir='ltr'><strong>Spiritus</strong></span> <span class='ocrx_word' id='word_1_366' title='bbox 2127 3162 2192 3215; x_wconf 82' lang='grc'><strong>⁷⁸.</strong></span> <span class='ocrx_word' id='word_1_367' title='bbox 2226 3181 2243 3213; x_wconf 74' lang='grc' dir='ltr'><strong>ι</strong></span> 
     </span>
    </p>
   </div>
   <div class='ocr_carea' id='block_1_50' title="bbox 669 3237 2249 3317">
    <p class='ocr_par' dir='ltr' id='par_1_50' title="bbox 669 3237 2249 3317">
     <span class='ocr_line' id='line_1_50' title="bbox 669 3237 2249 3317; baseline 0.007 -25"><span class='ocrx_word' id='word_1_368' title='bbox 669 3237 727 3295; x_wconf 80' lang='lat' dir='ltr'><strong>St</strong></span> <span class='ocrx_word' id='word_1_369' title='bbox 755 3255 884 3310; x_wconf 81' lang='lat' dir='ltr'><strong>ergo</strong></span> <span class='ocrx_word' id='word_1_370' title='bbox 911 3241 1173 3296; x_wconf 88' lang='lat' dir='ltr'><strong>dederitis</strong></span> <span class='ocrx_word' id='word_1_371' title='bbox 1208 3257 1306 3312; x_wconf 90' lang='lat' dir='ltr'><strong>pro</strong></span> <span class='ocrx_word' id='word_1_372' title='bbox 1330 3255 1568 3311; x_wconf 78' lang='lat' dir='ltr'><strong>peccato,</strong></span> <span class='ocrx_word' id='word_1_373' title='bbox 1602 3247 1754 3300; x_wconf 90' lang='lat' dir='ltr'><strong>eritis</strong></span> <span class='ocrx_word' id='word_1_374' title='bbox 1788 3248 1948 3301; x_wconf 88' lang='lat' dir='ltr'><strong>etiam</strong></span> <span class='ocrx_word' id='word_1_375' title='bbox 1981 3249 2081 3317; x_wconf 81' lang='lat' dir='ltr'><strong>ipsi</strong></span> <span class='ocrx_word' id='word_1_376' title='bbox 2131 3249 2249 3303; x_wconf 87' lang='lat' dir='ltr'><strong>lon-</strong></span> 
     </span>
    </p>
   </div>
   <div class='ocr_carea' id='block_1_51' title="bbox 668 3333 2247 3407">
    <p class='ocr_par' dir='ltr' id='par_1_51' title="bbox 668 3333 2247 3407">
     <span class='ocr_line' id='line_1_51' title="bbox 668 3333 2247 3407; baseline 0.003 -20"><span class='ocrx_word' id='word_1_377' title='bbox 668 3333 852 3401; x_wconf 61' lang='lat' dir='ltr'><strong>y&#39;nqtti</strong></span> <span class='ocrx_word' id='word_1_378' title='bbox 875 3334 1126 3395; x_wconf 85' lang='lat' dir='ltr'><strong>seminis,</strong></span> <span class='ocrx_word' id='word_1_379' title='bbox 1157 3333 1407 3389; x_wconf 81' lang='lat' dir='ltr'><strong>videlicet</strong></span> <span class='ocrx_word' id='word_1_380' title='bbox 1435 3346 1748 3392; x_wconf 88' lang='lat' dir='ltr'><strong>sanctorum</strong></span> <span class='ocrx_word' id='word_1_381' title='bbox 1775 3340 2086 3407; x_wconf 86' lang='lat' dir='ltr'><strong>participes.</strong></span> <span class='ocrx_word' id='word_1_382' title='bbox 2123 3338 2247 3392; x_wconf 85' lang='lat' dir='ltr'><strong>Vult</strong></span> 
     </span>
    </p>
   </div>
   <div class='ocr_carea' id='block_1_52' title="bbox 667 3423 2241 3498">
    <p class='ocr_par' dir='ltr' id='par_1_52' title="bbox 667 3423 2241 3498">
     <span class='ocr_line' id='line_1_52' title="bbox 667 3423 2241 3498; baseline 0.006 -23"><span class='ocrx_word' id='word_1_383' title='bbox 667 3425 813 3477; x_wconf 77' lang='lat' dir='ltr'><strong>enim</strong></span> <span class='ocrx_word' id='word_1_384' title='bbox 882 3423 1025 3478; x_wconf 84' lang='lat' dir='ltr'><strong>Deus</strong></span> <span class='ocrx_word' id='word_1_385' title='bbox 1052 3435 1106 3479; x_wconf 86' lang='lat' dir='ltr'><strong>et</strong></span> <span class='ocrx_word' id='word_1_386' title='bbox 1135 3425 1297 3480; x_wconf 88' lang='lat' dir='ltr'><strong>Pater</strong></span> <span class='ocrx_word' id='word_1_387' title='bbox 1340 3426 1553 3481; x_wconf 85' lang='lat' dir='ltr'><strong>auferre</strong></span> <span class='ocrx_word' id='word_1_388' title='bbox 1595 3428 1833 3481; x_wconf 84' lang='lat' dir='ltr'><strong>laborem</strong></span> <span class='ocrx_word' id='word_1_389' title='bbox 1877 3431 2070 3483; x_wconf 76' lang='lat' dir='ltr'><strong>anima:</strong></span> <span class='ocrx_word' id='word_1_390' title='bbox 2107 3431 2241 3498; x_wconf 77' lang='lat' dir='ltr'><strong>eius,</strong></span> 
     </span>
    </p>
   </div>
   <div class='ocr_carea' id='block_1_53' title="bbox 667 3516 2245 3582">
    <p class='ocr_par' dir='ltr' id='par_1_53' title="bbox 667 3516 2245 3582">
     <span class='ocr_line' id='line_1_53' title="bbox 667 3516 2245 3582; baseline 0.003 -12"><span class='ocrx_word' id='word_1_391' title='bbox 667 3517 883 3571; x_wconf 88' lang='lat' dir='ltr'><strong>scilicet</strong></span> <span class='ocrx_word' id='word_1_392' title='bbox 944 3516 1172 3582; x_wconf 87' lang='lat' dir='ltr'><strong>Christi,</strong></span> <span class='ocrx_word' id='word_1_393' title='bbox 1208 3517 1259 3571; x_wconf 89' lang='lat' dir='ltr'><strong>id</strong></span> <span class='ocrx_word' id='word_1_394' title='bbox 1293 3526 1407 3579; x_wconf 89' lang='lat' dir='ltr'><strong>est,</strong></span> <span class='ocrx_word' id='word_1_395' title='bbox 1459 3518 1637 3571; x_wconf 88' lang='lat' dir='ltr'><strong>crucis</strong></span> <span class='ocrx_word' id='word_1_396' title='bbox 1689 3520 1961 3572; x_wconf 86' lang='lat' dir='ltr'><strong>tristitiam</strong></span> <span class='ocrx_word' id='word_1_397' title='bbox 2003 3536 2245 3574; x_wconf 89' lang='lat' dir='ltr'><strong>commu-</strong></span> 
     </span>
    </p>
   </div>
   <div class='ocr_carea' id='block_1_54' title="bbox 669 3608 2241 3678">
    <p class='ocr_par' dir='ltr' id='par_1_54' title="bbox 669 3608 2241 3678">
     <span class='ocr_line' id='line_1_54' title="bbox 669 3608 2241 3678; baseline 0.003 -18"><span class='ocrx_word' id='word_1_398' title='bbox 669 3618 786 3662; x_wconf 88' lang='lat' dir='ltr'><strong>tare</strong></span> <span class='ocrx_word' id='word_1_399' title='bbox 827 3608 1060 3678; x_wconf 88' lang='lat' dir='ltr'><strong>gaudio:</strong></span> <span class='ocrx_word' id='word_1_400' title='bbox 1095 3608 1455 3664; x_wconf 86' lang='lat' dir='ltr'><strong>monstrando</strong></span> <span class='ocrx_word' id='word_1_401' title='bbox 1498 3608 1573 3663; x_wconf 92' lang='lat' dir='ltr'><strong>illi</strong></span> <span class='ocrx_word' id='word_1_402' title='bbox 1618 3609 1907 3664; x_wconf 88' lang='lat' dir='ltr'><strong>translatos</strong></span> <span class='ocrx_word' id='word_1_403' title='bbox 1961 3612 2014 3665; x_wconf 92' lang='lat' dir='ltr'><strong>in</strong></span> <span class='ocrx_word' id='word_1_404' title='bbox 2049 3612 2241 3676; x_wconf 90' lang='lat' dir='ltr'><strong>lucem,</strong></span> 
     </span>
    </p>
   </div>
   <div class='ocr_carea' id='block_1_55' title="bbox 664 3699 2240 3771">
    <p class='ocr_par' dir='ltr' id='par_1_55' title="bbox 664 3699 2240 3771">
     <span class='ocr_line' id='line_1_55' title="bbox 664 3699 2240 3771; baseline 0.003 -18"><span class='ocrx_word' id='word_1_405' title='bbox 664 3701 759 3770; x_wconf 89' lang='lat' dir='ltr'><strong>qui</strong></span> <span class='ocrx_word' id='word_1_406' title='bbox 786 3699 1061 3769; x_wconf 89' lang='lat' dir='ltr'><strong>quondam</strong></span> <span class='ocrx_word' id='word_1_407' title='bbox 1089 3707 1246 3754; x_wconf 88' lang='lat' dir='ltr'><strong>erant</strong></span> <span class='ocrx_word' id='word_1_408' title='bbox 1278 3699 1538 3763; x_wconf 71' lang='lat' dir='ltr'><strong>tenebrae,</strong></span> <span class='ocrx_word' id='word_1_409' title='bbox 1589 3700 1641 3754; x_wconf 92' lang='lat' dir='ltr'><strong>id</strong></span> <span class='ocrx_word' id='word_1_410' title='bbox 1679 3711 1781 3767; x_wconf 89' lang='lat' dir='ltr'><strong>est,</strong></span> <span class='ocrx_word' id='word_1_411' title='bbox 1832 3702 1923 3771; x_wconf 83' lang='lat' dir='ltr'><strong>qui</strong></span> <span class='ocrx_word' id='word_1_412' title='bbox 1972 3704 2240 3771; x_wconf 81' lang='lat' dir='ltr'><strong>quondam</strong></span> 
     </span>
    </p>
   </div>
   <div class='ocr_carea' id='block_1_56' title="bbox 672 3790 2240 3860">
    <p class='ocr_par' dir='ltr' id='par_1_56' title="bbox 672 3790 2240 3860">
     <span class='ocr_line' id='line_1_56' title="bbox 672 3790 2240 3860; baseline 0.003 -16"><span class='ocrx_word' id='word_1_413' title='bbox 672 3799 999 3846; x_wconf 83' lang='lat' dir='ltr'><strong>erraverunt</strong></span> <span class='ocrx_word' id='word_1_414' title='bbox 1027 3808 1040 3844; x_wconf 92' lang='lat'>:</span> <span class='ocrx_word' id='word_1_415' title='bbox 1076 3791 1272 3860; x_wconf 87' lang='lat' dir='ltr'><strong>quibus</strong></span> <span class='ocrx_word' id='word_1_416' title='bbox 1297 3790 1460 3857; x_wconf 88' lang='lat' dir='ltr'><strong>etiam</strong></span> <span class='ocrx_word' id='word_1_417' title='bbox 1487 3792 1920 3860; x_wconf 85' lang='lat' dir='ltr'><strong>sapientissimus</strong></span> <span class='ocrx_word' id='word_1_418' title='bbox 1948 3794 2148 3849; x_wconf 87' lang='lat' dir='ltr'><strong>Paulus</strong></span> <span class='ocrx_word' id='word_1_419' title='bbox 2188 3796 2240 3849; x_wconf 92' lang='lat' dir='ltr'><strong>in</strong></span> 
     </span>
    </p>
   </div>
   <div class='ocr_carea' id='block_1_57' title="bbox 666 3882 2240 3954">
    <p class='ocr_par' dir='ltr' id='par_1_57' title="bbox 666 3882 2240 3954">
     <span class='ocr_line' id='line_1_57' title="bbox 666 3882 2240 3954; baseline 0.003 -16"><span class='ocrx_word' id='word_1_420' title='bbox 666 3882 905 3954; x_wconf 85' lang='lat' dir='ltr'><strong>Epistola</strong></span> <span class='ocrx_word' id='word_1_421' title='bbox 953 3885 1166 3949; x_wconf 88' lang='lat' dir='ltr'><strong>scribit,</strong></span> <span class='ocrx_word' id='word_1_422' title='bbox 1219 3885 1448 3939; x_wconf 89' lang='lat' dir='ltr'><strong>dicens:</strong></span> <span class='ocrx_word' id='word_1_423' title='bbox 1486 3902 1504 3935; x_wconf 79' lang='grc' dir='ltr'><strong>ι</strong></span> <span class='ocrx_word' id='word_1_424' title='bbox 1535 3886 1635 3952; x_wconf 82' lang='lat' dir='ltr'><strong>Qui</strong></span> <span class='ocrx_word' id='word_1_425' title='bbox 1680 3887 1948 3954; x_wconf 89' lang='lat' dir='ltr'><strong>quondam</strong></span> <span class='ocrx_word' id='word_1_426' title='bbox 1982 3888 2240 3951; x_wconf 67' lang='lat' dir='ltr'><strong>tenebrae,</strong></span> 
     </span>
    </p>
   </div>
   <div class='ocr_carea' id='block_1_58' title="bbox 666 3978 2240 4035">
    <p class='ocr_par' dir='ltr' id='par_1_58' title="bbox 666 3978 2240 4035">
     <span class='ocr_line' id='line_1_58' title="bbox 666 3978 2240 4035; baseline 0.001 -4"><span class='ocrx_word' id='word_1_427' title='bbox 666 3992 811 4033; x_wconf 90' lang='lat' dir='ltr'><strong>nunc</strong></span> <span class='ocrx_word' id='word_1_428' title='bbox 850 3987 1032 4032; x_wconf 87' lang='lat' dir='ltr'><strong>autem</strong></span> <span class='ocrx_word' id='word_1_429' title='bbox 1079 3978 1169 4031; x_wconf 85' lang='lat' dir='ltr'><strong>lux</strong></span> <span class='ocrx_word' id='word_1_430' title='bbox 1220 3980 1271 4033; x_wconf 92' lang='lat' dir='ltr'><strong>in</strong></span> <span class='ocrx_word' id='word_1_431' title='bbox 1312 3979 1539 4035; x_wconf 91' lang='lat' dir='ltr'><strong>Domino</strong></span> <span class='ocrx_word' id='word_1_432' title='bbox 1565 3981 1628 4031; x_wconf 78' lang='grc'><strong>⁷³.</strong></span> <span class='ocrx_word' id='word_1_433' title='bbox 1668 3998 1685 4031; x_wconf 78' lang='grc' dir='ltr'><strong>ι</strong></span> <span class='ocrx_word' id='word_1_434' title='bbox 1729 3980 1854 4034; x_wconf 75' lang='lat' dir='ltr'><strong>Vult</strong></span> <span class='ocrx_word' id='word_1_435' title='bbox 1887 3980 2124 4034; x_wconf 85' lang='lat' dir='ltr'><strong>formare</strong></span> <span class='ocrx_word' id='word_1_436' title='bbox 2155 3981 2240 4033; x_wconf 84' lang='lat' dir='ltr'><strong>in-</strong></span> 
     </span>
    </p>
   </div>
   <div class='ocr_carea' id='block_1_59' title="bbox 665 4071 2241 4141">
    <p class='ocr_par' dir='ltr' id='par_1_59' title="bbox 665 4071 2241 4141">
     <span class='ocr_line' id='line_1_59' title="bbox 665 4071 2241 4141; baseline 0 -16"><span class='ocrx_word' id='word_1_437' title='bbox 665 4071 982 4141; x_wconf 85' lang='lat' dir='ltr'><strong>telligentia.</strong></span> <span class='ocrx_word' id='word_1_438' title='bbox 1018 4071 1160 4138; x_wconf 86' lang='lat' dir='ltr'><strong>Quid</strong></span> <span class='ocrx_word' id='word_1_439' title='bbox 1194 4082 1375 4128; x_wconf 85' lang='lat' dir='ltr'><strong>autent</strong></span> <span class='ocrx_word' id='word_1_440' title='bbox 1414 4074 1516 4129; x_wconf 89' lang='lat' dir='ltr'><strong>hoc</strong></span> <span class='ocrx_word' id='word_1_441' title='bbox 1544 4074 1635 4139; x_wconf 89' lang='lat' dir='ltr'><strong>sit,</strong></span> <span class='ocrx_word' id='word_1_442' title='bbox 1665 4074 1879 4128; x_wconf 87' lang='lat' dir='ltr'><strong>docebit</strong></span> <span class='ocrx_word' id='word_1_443' title='bbox 1903 4073 2241 4141; x_wconf 83' lang='lat' dir='ltr'><strong>sapientissi-</strong></span> 
     </span>
    </p>
   </div>
   <div class='ocr_carea' id='block_1_60' title="bbox 664 4162 2238 4230">
    <p class='ocr_par' dir='ltr' id='par_1_60' title="bbox 664 4162 2238 4230">
     <span class='ocr_line' id='line_1_60' title="bbox 664 4162 2238 4230; baseline 0 -12"><span class='ocrx_word' id='word_1_444' title='bbox 664 4179 786 4220; x_wconf 81' lang='lat' dir='ltr'><strong>mus</strong></span> <span class='ocrx_word' id='word_1_445' title='bbox 828 4162 1050 4230; x_wconf 89' lang='lat' dir='ltr'><strong>Paulus,</strong></span> <span class='ocrx_word' id='word_1_446' title='bbox 1094 4181 1217 4219; x_wconf 91' lang='lat' dir='ltr'><strong>cum</strong></span> <span class='ocrx_word' id='word_1_447' title='bbox 1258 4166 1430 4221; x_wconf 89' lang='lat' dir='ltr'><strong>dicit:</strong></span> <span class='ocrx_word' id='word_1_448' title='bbox 1472 4186 1491 4218; x_wconf 76' lang='grc' dir='ltr'><strong>ι</strong></span> <span class='ocrx_word' id='word_1_449' title='bbox 1517 4166 1626 4221; x_wconf 87' lang='lat' dir='ltr'><strong>Nos</strong></span> <span class='ocrx_word' id='word_1_450' title='bbox 1649 4166 1791 4220; x_wconf 88' lang='lat' dir='ltr'><strong>enim</strong></span> <span class='ocrx_word' id='word_1_451' title='bbox 1821 4180 2011 4219; x_wconf 88' lang='lat' dir='ltr'><strong>onmes</strong></span> <span class='ocrx_word' id='word_1_452' title='bbox 2036 4176 2238 4220; x_wconf 87' lang='lat' dir='ltr'><strong>retecta</strong></span> 
     </span>
    </p>
   </div>
   <div class='ocr_carea' id='block_1_61' title="bbox 664 4251 2238 4325">
    <p class='ocr_par' dir='ltr' id='par_1_61' title="bbox 664 4251 2238 4325">
     <span class='ocr_line' id='line_1_61' title="bbox 664 4251 2238 4325; baseline 0 -18"><span class='ocrx_word' id='word_1_453' title='bbox 664 4251 804 4307; x_wconf 85' lang='lat' dir='ltr'><strong>facie</strong></span> <span class='ocrx_word' id='word_1_454' title='bbox 828 4254 1053 4323; x_wconf 75' lang='lat' dir='ltr'><strong>gloriam</strong></span> <span class='ocrx_word' id='word_1_455' title='bbox 1088 4254 1300 4308; x_wconf 86' lang='lat' dir='ltr'><strong>Domini</strong></span> <span class='ocrx_word' id='word_1_456' title='bbox 1337 4256 1696 4325; x_wconf 85' lang='lat' dir='ltr'><strong>speculantes,</strong></span> <span class='ocrx_word' id='word_1_457' title='bbox 1728 4257 1793 4308; x_wconf 89' lang='lat' dir='ltr'><strong>ad</strong></span> <span class='ocrx_word' id='word_1_458' title='bbox 1826 4256 2067 4310; x_wconf 87' lang='lat' dir='ltr'><strong>eamdem</strong></span> <span class='ocrx_word' id='word_1_459' title='bbox 2106 4257 2238 4308; x_wconf 85' lang='lat' dir='ltr'><strong>ima-</strong></span> 
     </span>
    </p>
   </div>
   <div class='ocr_carea' id='block_1_62' title="bbox 662 4343 2236 4417">
    <p class='ocr_par' dir='ltr' id='par_1_62' title="bbox 662 4343 2236 4417">
     <span class='ocr_line' id='line_1_62' title="bbox 662 4343 2236 4417; baseline 0.001 -21"><span class='ocrx_word' id='word_1_460' title='bbox 662 4343 840 4412; x_wconf 82' lang='lat' dir='ltr'><strong>ginem</strong></span> <span class='ocrx_word' id='word_1_461' title='bbox 869 4344 1343 4409; x_wconf 76' lang='lat' dir='ltr'><strong>transformamur,</strong></span> <span class='ocrx_word' id='word_1_462' title='bbox 1376 4365 1400 4399; x_wconf 90' lang='lat' dir='ltr'><strong>a</strong></span> <span class='ocrx_word' id='word_1_463' title='bbox 1426 4347 1594 4417; x_wconf 82' lang='lat' dir='ltr'><strong>gloria</strong></span> <span class='ocrx_word' id='word_1_464' title='bbox 1625 4349 1676 4401; x_wconf 91' lang='lat' dir='ltr'><strong>in</strong></span> <span class='ocrx_word' id='word_1_465' title='bbox 1701 4348 1950 4417; x_wconf 80' lang='lat' dir='ltr'><strong>gloriam,</strong></span> <span class='ocrx_word' id='word_1_466' title='bbox 1980 4355 2236 4416; x_wconf 86' lang='lat' dir='ltr'><strong>tanquam</strong></span> 
     </span>
    </p>
   </div>
   <div class='ocr_carea' id='block_1_63' title="bbox 664 4436 2235 4507">
    <p class='ocr_par' dir='ltr' id='par_1_63' title="bbox 664 4436 2235 4507">
     <span class='ocr_line' id='line_1_63' title="bbox 664 4436 2235 4507; baseline 0.003 -18"><span class='ocrx_word' id='word_1_467' title='bbox 664 4453 694 4489; x_wconf 77' lang='grc' dir='ltr'><strong>ιι</strong></span> <span class='ocrx_word' id='word_1_468' title='bbox 731 4437 936 4491; x_wconf 89' lang='lat' dir='ltr'><strong>Domini</strong></span> <span class='ocrx_word' id='word_1_469' title='bbox 983 4436 1183 4507; x_wconf 86' lang='lat' dir='ltr'><strong>Spiritu</strong></span> <span class='ocrx_word' id='word_1_470' title='bbox 1210 4438 1276 4488; x_wconf 77' lang='grc' dir='ltr'><strong>⁸ο.</strong></span> <span class='ocrx_word' id='word_1_471' title='bbox 1306 4458 1323 4489; x_wconf 74' lang='grc' dir='ltr'><strong>ι</strong></span> <span class='ocrx_word' id='word_1_472' title='bbox 1359 4439 1458 4505; x_wconf 88' lang='lat' dir='ltr'><strong>Qui</strong></span> <span class='ocrx_word' id='word_1_473' title='bbox 1510 4441 1653 4493; x_wconf 90' lang='lat' dir='ltr'><strong>enim</strong></span> <span class='ocrx_word' id='word_1_474' title='bbox 1699 4451 1992 4493; x_wconf 87' lang='lat' dir='ltr'><strong>versantur</strong></span> <span class='ocrx_word' id='word_1_475' title='bbox 2029 4439 2077 4491; x_wconf 95' lang='lat' dir='ltr'><strong>in</strong></span> <span class='ocrx_word' id='word_1_476' title='bbox 2108 4453 2235 4507; x_wconf 79' lang='lat' dir='ltr'><strong>pec-</strong></span> 
     </span>
    </p>
   </div>
   <div class='ocr_carea' id='block_1_64' title="bbox 662 4530 2233 4599">
    <p class='ocr_par' dir='ltr' id='par_1_64' title="bbox 662 4530 2233 4599">
     <span class='ocr_line' id='line_1_64' title="bbox 662 4530 2233 4599; baseline 0.001 -17"><span class='ocrx_word' id='word_1_477' title='bbox 662 4530 820 4593; x_wconf 87' lang='lat' dir='ltr'><strong>catis,</strong></span> <span class='ocrx_word' id='word_1_478' title='bbox 866 4540 921 4584; x_wconf 86' lang='lat' dir='ltr'><strong>et</strong></span> <span class='ocrx_word' id='word_1_479' title='bbox 965 4540 1272 4590; x_wconf 84' lang='lat' dir='ltr'><strong>creaturam</strong></span> <span class='ocrx_word' id='word_1_480' title='bbox 1305 4547 1412 4599; x_wconf 72' lang='lat' dir='ltr'><strong>pra:</strong></span> <span class='ocrx_word' id='word_1_481' title='bbox 1443 4530 1702 4587; x_wconf 86' lang='lat' dir='ltr'><strong>Creatore</strong></span> <span class='ocrx_word' id='word_1_482' title='bbox 1744 4532 1948 4597; x_wconf 90' lang='lat' dir='ltr'><strong>colunt,</strong></span> <span class='ocrx_word' id='word_1_483' title='bbox 1991 4531 2233 4584; x_wconf 78' lang='lat' dir='ltr'><strong>deforme</strong></span> 
     </span>
    </p>
   </div>
   <div class='ocr_carea' id='block_1_65' title="bbox 661 4621 2228 4691">
    <p class='ocr_par' dir='ltr' id='par_1_65' title="bbox 661 4621 2228 4691">
     <span class='ocr_line' id='line_1_65' title="bbox 661 4621 2228 4691; baseline -0.001 -15"><span class='ocrx_word' id='word_1_484' title='bbox 661 4622 971 4677; x_wconf 82' lang='lat' dir='ltr'><strong>habentcor</strong></span> <span class='ocrx_word' id='word_1_485' title='bbox 995 4622 1174 4691; x_wconf 88' lang='lat' dir='ltr'><strong>aliqtto</strong></span> <span class='ocrx_word' id='word_1_486' title='bbox 1196 4625 1376 4687; x_wconf 87' lang='lat' dir='ltr'><strong>modo,</strong></span> <span class='ocrx_word' id='word_1_487' title='bbox 1403 4633 1456 4677; x_wconf 87' lang='lat' dir='ltr'><strong>et</strong></span> <span class='ocrx_word' id='word_1_488' title='bbox 1481 4624 1718 4676; x_wconf 87' lang='lat' dir='ltr'><strong>animum</strong></span> <span class='ocrx_word' id='word_1_489' title='bbox 1742 4621 2119 4677; x_wconf 64' lang='lat' dir='ltr'><strong>foedissimum.</strong></span> <span class='ocrx_word' id='word_1_490' title='bbox 2148 4622 2228 4675; x_wconf 83' lang='lat' dir='ltr'><strong>Ad</strong></span> 
     </span>
    </p>
   </div>
   <div class='ocr_carea' id='block_1_66' title="bbox 660 4711 2232 4783">
    <p class='ocr_par' dir='ltr' id='par_1_66' title="bbox 660 4711 2232 4783">
     <span class='ocr_line' id='line_1_66' title="bbox 660 4711 2232 4783; baseline -0.001 -14"><span class='ocrx_word' id='word_1_491' title='bbox 660 4712 947 4783; x_wconf 76' lang='lat' dir='ltr'><strong>quemdam</strong></span> <span class='ocrx_word' id='word_1_492' title='bbox 987 4715 1149 4782; x_wconf 77' lang='lat' dir='ltr'><strong>igitur</strong></span> <span class='ocrx_word' id='word_1_493' title='bbox 1175 4714 1374 4767; x_wconf 89' lang='lat' dir='ltr'><strong>dictum</strong></span> <span class='ocrx_word' id='word_1_494' title='bbox 1419 4724 1504 4767; x_wconf 87' lang='lat' dir='ltr'><strong>est</strong></span> <span class='ocrx_word' id='word_1_495' title='bbox 1549 4728 1681 4768; x_wconf 91' lang='lat' dir='ltr'><strong>voce</strong></span> <span class='ocrx_word' id='word_1_496' title='bbox 1722 4711 2012 4767; x_wconf 74' lang='lat' dir='ltr'><strong>Jeremim:</strong></span> <span class='ocrx_word' id='word_1_497' title='bbox 2047 4731 2065 4762; x_wconf 83' lang='lat'><strong>(</strong></span> <span class='ocrx_word' id='word_1_498' title='bbox 2094 4712 2232 4767; x_wconf 86' lang='lat' dir='ltr'><strong>Ecce</strong></span> 
     </span>
    </p>
   </div>
   <div class='ocr_carea' id='block_1_67' title="bbox 661 4806 2226 4876">
    <p class='ocr_par' dir='ltr' id='par_1_67' title="bbox 661 4806 2226 4876">
     <span class='ocr_line' id='line_1_67' title="bbox 661 4806 2226 4876; baseline -0.001 -16"><span class='ocrx_word' id='word_1_499' title='bbox 661 4823 766 4862; x_wconf 88' lang='lat' dir='ltr'><strong>non</strong></span> <span class='ocrx_word' id='word_1_500' title='bbox 811 4818 939 4863; x_wconf 87' lang='lat' dir='ltr'><strong>sunt</strong></span> <span class='ocrx_word' id='word_1_501' title='bbox 990 4807 1131 4862; x_wconf 91' lang='lat' dir='ltr'><strong>oculi</strong></span> <span class='ocrx_word' id='word_1_502' title='bbox 1179 4809 1278 4871; x_wconf 86' lang='lat' dir='ltr'><strong>tui,</strong></span> <span class='ocrx_word' id='word_1_503' title='bbox 1325 4824 1423 4861; x_wconf 89' lang='lat' dir='ltr'><strong>nec</strong></span> <span class='ocrx_word' id='word_1_504' title='bbox 1467 4823 1562 4862; x_wconf 89' lang='lat' dir='ltr'><strong>cor</strong></span> <span class='ocrx_word' id='word_1_505' title='bbox 1606 4817 1754 4861; x_wconf 90' lang='lat' dir='ltr'><strong>tuum</strong></span> <span class='ocrx_word' id='word_1_506' title='bbox 1794 4806 2076 4876; x_wconf 84' lang='lat' dir='ltr'><strong>pulchrum</strong></span> <span class='ocrx_word' id='word_1_507' title='bbox 2103 4806 2169 4858; x_wconf 82' lang='grc'>⁸¹.</span> <span class='ocrx_word' id='word_1_508' title='bbox 2208 4826 2226 4859; x_wconf 78' lang='grc' dir='ltr'><strong>ι</strong></span> 
     </span>
    </p>
   </div>
   <div class='ocr_carea' id='block_1_68' title="bbox 663 4896 2233 4967">
    <p class='ocr_par' dir='ltr' id='par_1_68' title="bbox 663 4896 2233 4967">
     <span class='ocr_line' id='line_1_68' title="bbox 663 4896 2233 4967; baseline -0.001 -14"><span class='ocrx_word' id='word_1_509' title='bbox 663 4898 769 4953; x_wconf 84' lang='lat' dir='ltr'><strong>Sed</strong></span> <span class='ocrx_word' id='word_1_510' title='bbox 796 4913 935 4967; x_wconf 83' lang='lat' dir='ltr'><strong>_cutu</strong></span> <span class='ocrx_word' id='word_1_511' title='bbox 969 4899 1149 4965; x_wconf 44' lang='lat' dir='ltr'><strong>.tldetn</strong></span> <span class='ocrx_word' id='word_1_512' title='bbox 1192 4899 1244 4951; x_wconf 89' lang='lat' dir='ltr'><strong>itt</strong></span> <span class='ocrx_word' id='word_1_513' title='bbox 1283 4897 1556 4951; x_wconf 85' lang='lat' dir='ltr'><strong>Christum</strong></span> <span class='ocrx_word' id='word_1_514' title='bbox 1603 4896 2024 4965; x_wconf 86' lang='lat' dir='ltr'><strong>amplectuntur,</strong></span> <span class='ocrx_word' id='word_1_515' title='bbox 2059 4906 2233 4951; x_wconf 89' lang='lat' dir='ltr'><strong>trans-</strong></span> 
     </span>
    </p>
   </div>
   <div class='ocr_carea' id='block_1_69' title="bbox 664 4986 2229 5056">
    <p class='ocr_par' dir='ltr' id='par_1_69' title="bbox 664 4986 2229 5056">
     <span class='ocr_line' id='line_1_69' title="bbox 664 4986 2229 5056; baseline -0.001 -17"><span class='ocrx_word' id='word_1_516' title='bbox 664 4991 969 5043; x_wconf 84' lang='lat' dir='ltr'><strong>tortnantur</strong></span> <span class='ocrx_word' id='word_1_517' title='bbox 1009 4988 1422 5056; x_wconf 81' lang='lat' dir='ltr'><strong>intelligibiliter</strong></span> <span class='ocrx_word' id='word_1_518' title='bbox 1458 4988 1524 5041; x_wconf 87' lang='lat' dir='ltr'><strong>ad</strong></span> <span class='ocrx_word' id='word_1_519' title='bbox 1555 4988 1788 5040; x_wconf 83' lang='lat' dir='ltr'><strong>divinam</strong></span> <span class='ocrx_word' id='word_1_520' title='bbox 1819 4986 1934 5051; x_wconf 82' lang='lat' dir='ltr'><strong>ejus</strong></span> <span class='ocrx_word' id='word_1_521' title='bbox 1966 4996 2019 5039; x_wconf 88' lang='lat' dir='ltr'><strong>et</strong></span> <span class='ocrx_word' id='word_1_522' title='bbox 2049 4986 2229 5040; x_wconf 68' lang='lat' dir='ltr'><strong>excol-</strong></span> 
     </span>
    </p>
   </div>
   <div class='ocr_carea' id='block_1_70' title="bbox 666 5076 2228 5147">
    <p class='ocr_par' dir='ltr' id='par_1_70' title="bbox 666 5076 2228 5147">
     <span class='ocr_line' id='line_1_70' title="bbox 666 5076 2228 5147; baseline 0.003 -19"><span class='ocrx_word' id='word_1_523' title='bbox 666 5078 861 5134; x_wconf 89' lang='lat' dir='ltr'><strong>lentem</strong></span> <span class='ocrx_word' id='word_1_524' title='bbox 905 5077 1378 5147; x_wconf 88' lang='lat' dir='ltr'><strong>pulchritudinem.</strong></span> <span class='ocrx_word' id='word_1_525' title='bbox 1421 5076 1622 5131; x_wconf 87' lang='lat' dir='ltr'><strong>Scribit</strong></span> <span class='ocrx_word' id='word_1_526' title='bbox 1653 5076 1932 5131; x_wconf 85' lang='lat' dir='ltr'><strong>enimvero</strong></span> <span class='ocrx_word' id='word_1_527' title='bbox 1962 5080 2029 5130; x_wconf 87' lang='lat' dir='ltr'><strong>ad</strong></span> <span class='ocrx_word' id='word_1_528' title='bbox 2064 5093 2228 5146; x_wconf 74' lang='lat' dir='ltr'><strong>quies-</strong></span> 
     </span>
    </p>
   </div>
   <div class='ocr_carea' id='block_1_71' title="bbox 662 5163 2224 5234">
    <p class='ocr_par' dir='ltr' id='par_1_71' title="bbox 662 5163 2224 5234">
     <span class='ocr_line' id='line_1_71' title="bbox 662 5163 2224 5234; baseline -0.002 -15"><span class='ocrx_word' id='word_1_529' title='bbox 662 5168 786 5219; x_wconf 83' lang='lat' dir='ltr'><strong>dant</strong></span> <span class='ocrx_word' id='word_1_530' title='bbox 831 5167 1266 5234; x_wconf 87' lang='lat' dir='ltr'><strong>sapientissimus</strong></span> <span class='ocrx_word' id='word_1_531' title='bbox 1314 5165 1509 5218; x_wconf 78' lang='lat' dir='ltr'><strong>Paulus</strong></span> <span class='ocrx_word' id='word_1_532' title='bbox 1540 5183 1551 5215; x_wconf 88' lang='lat'><strong>:</strong></span> <span class='ocrx_word' id='word_1_533' title='bbox 1585 5182 1603 5216; x_wconf 75' lang='grc' dir='ltr'><strong>ι</strong></span> <span class='ocrx_word' id='word_1_534' title='bbox 1632 5163 1827 5225; x_wconf 81' lang='lat' dir='ltr'><strong>Filioli,</strong></span> <span class='ocrx_word' id='word_1_535' title='bbox 1864 5181 1999 5234; x_wconf 91' lang='lat' dir='ltr'><strong>quos</strong></span> <span class='ocrx_word' id='word_1_536' title='bbox 2031 5164 2224 5218; x_wconf 85' lang='lat' dir='ltr'><strong>iterum</strong></span> 
     </span>
    </p>
   </div>
   <div class='ocr_carea' id='block_1_72' title="bbox 662 5255 2221 5327">
    <p class='ocr_par' dir='ltr' id='par_1_72' title="bbox 662 5255 2221 5327">
     <span class='ocr_line' id='line_1_72' title="bbox 662 5255 2221 5327; baseline -0.001 -19"><span class='ocrx_word' id='word_1_537' title='bbox 662 5258 929 5327; x_wconf 78' lang='lat' dir='ltr'><strong>parturio,</strong></span> <span class='ocrx_word' id='word_1_538' title='bbox 978 5258 1155 5326; x_wconf 86' lang='lat' dir='ltr'><strong>quoad</strong></span> <span class='ocrx_word' id='word_1_539' title='bbox 1209 5256 1469 5311; x_wconf 87' lang='lat' dir='ltr'><strong>formetur</strong></span> <span class='ocrx_word' id='word_1_540' title='bbox 1516 5258 1568 5310; x_wconf 87' lang='lat' dir='ltr'><strong>in</strong></span> <span class='ocrx_word' id='word_1_541' title='bbox 1624 5257 1778 5311; x_wconf 84' lang='lat' dir='ltr'><strong>vobis</strong></span> <span class='ocrx_word' id='word_1_542' title='bbox 1828 5257 2078 5311; x_wconf 88' lang='lat' dir='ltr'><strong>Christus</strong></span> <span class='ocrx_word' id='word_1_543' title='bbox 2102 5255 2167 5307; x_wconf 79' lang='lat'><strong>&quot;.</strong></span> <span class='ocrx_word' id='word_1_544' title='bbox 2203 5275 2221 5306; x_wconf 75' lang='grc' dir='ltr'><strong>ι</strong></span> 
     </span>
    </p>
   </div>
   <div class='ocr_carea' id='block_1_73' title="bbox 665 5347 2226 5418">
    <p class='ocr_par' dir='ltr' id='par_1_73' title="bbox 665 5347 2226 5418">
     <span class='ocr_line' id='line_1_73' title="bbox 665 5347 2226 5418; baseline 0.001 -18"><span class='ocrx_word' id='word_1_545' title='bbox 665 5349 787 5403; x_wconf 67' lang='grc' dir='ltr'>ὶίιΙι</span> <span class='ocrx_word' id='word_1_546' title='bbox 837 5361 1017 5402; x_wconf 69' lang='lat' dir='ltr'><strong>autem</strong></span> <span class='ocrx_word' id='word_1_547' title='bbox 1049 5348 1190 5403; x_wconf 84' lang='lat' dir='ltr'><strong>Deus</strong></span> <span class='ocrx_word' id='word_1_548' title='bbox 1219 5360 1272 5402; x_wconf 85' lang='lat' dir='ltr'><strong>et</strong></span> <span class='ocrx_word' id='word_1_549' title='bbox 1306 5347 1463 5403; x_wconf 83' lang='lat' dir='ltr'><strong>Pater</strong></span> <span class='ocrx_word' id='word_1_550' title='bbox 1496 5349 1877 5418; x_wconf 84' lang='lat' dir='ltr'><strong>intelligentia,</strong></span> <span class='ocrx_word' id='word_1_551' title='bbox 1905 5349 1955 5402; x_wconf 88' lang='lat' dir='ltr'><strong>id</strong></span> <span class='ocrx_word' id='word_1_552' title='bbox 1987 5359 2069 5403; x_wconf 89' lang='lat' dir='ltr'><strong>est</strong></span> <span class='ocrx_word' id='word_1_553' title='bbox 2129 5364 2226 5403; x_wconf 91' lang='lat' dir='ltr'><strong>sua</strong></span> 
     </span>
    </p>
   </div>
   <div class='ocr_carea' id='block_1_74' title="bbox 657 5439 2228 5512">
    <p class='ocr_par' dir='ltr' id='par_1_74' title="bbox 657 5439 2228 5512">
     <span class='ocr_line' id='line_1_74' title="bbox 657 5439 2228 5512; baseline -0.001 -15"><span class='ocrx_word' id='word_1_554' title='bbox 657 5442 946 5512; x_wconf 83' lang='lat' dir='ltr'><strong>sapientia,</strong></span> <span class='ocrx_word' id='word_1_555' title='bbox 980 5440 1162 5494; x_wconf 86' lang='lat' dir='ltr'><strong>divina</strong></span> <span class='ocrx_word' id='word_1_556' title='bbox 1199 5439 1427 5505; x_wconf 88' lang='lat' dir='ltr'><strong>scilicet,</strong></span> <span class='ocrx_word' id='word_1_557' title='bbox 1460 5456 1553 5495; x_wconf 87' lang='lat' dir='ltr'><strong>eos</strong></span> <span class='ocrx_word' id='word_1_558' title='bbox 1581 5442 1673 5509; x_wconf 86' lang='lat' dir='ltr'><strong>qui</strong></span> <span class='ocrx_word' id='word_1_559' title='bbox 1706 5441 1757 5494; x_wconf 90' lang='lat' dir='ltr'><strong>in</strong></span> <span class='ocrx_word' id='word_1_560' title='bbox 1789 5440 1961 5509; x_wconf 90' lang='lat' dir='ltr'><strong>ipsum</strong></span> <span class='ocrx_word' id='word_1_561' title='bbox 1996 5441 2228 5496; x_wconf 87' lang='lat' dir='ltr'><strong>credunt</strong></span> 
     </span>
    </p>
   </div>
   <div class='ocr_carea' id='block_1_75' title="bbox 660 5528 2226 5601">
    <p class='ocr_par' dir='ltr' id='par_1_75' title="bbox 660 5528 2226 5601">
     <span class='ocr_line' id='line_1_75' title="bbox 660 5528 2226 5601; baseline -0.001 -15"><span class='ocrx_word' id='word_1_562' title='bbox 660 5536 915 5597; x_wconf 71' lang='lat' dir='ltr'><strong>territare,</strong></span> <span class='ocrx_word' id='word_1_563' title='bbox 976 5532 1191 5601; x_wconf 89' lang='lat' dir='ltr'><strong>ipsique</strong></span> <span class='ocrx_word' id='word_1_564' title='bbox 1214 5528 1542 5600; x_wconf 47' lang='lat' dir='ltr'><strong>,conformes</strong></span> <span class='ocrx_word' id='word_1_565' title='bbox 1594 5530 1817 5586; x_wconf 86' lang='lat' dir='ltr'><strong>reddere</strong></span> <span class='ocrx_word' id='word_1_566' title='bbox 1860 5544 1956 5599; x_wconf 80' lang='lat' dir='ltr'><strong>per</strong></span> <span class='ocrx_word' id='word_1_567' title='bbox 1988 5531 2226 5585; x_wconf 80' lang='lat' dir='ltr'><strong>sanctiﬁ-</strong></span> 
     </span>
    </p>
   </div>
   <div class='ocr_carea' id='block_1_76' title="bbox 658 5621 2223 5695">
    <p class='ocr_par' dir='ltr' id='par_1_76' title="bbox 658 5621 2223 5695">
     <span class='ocr_line' id='line_1_76' title="bbox 658 5621 2223 5695; baseline -0.002 -15"><span class='ocrx_word' id='word_1_568' title='bbox 658 5628 923 5683; x_wconf 78' lang='lat' dir='ltr'><strong>cationcm</strong></span> <span class='ocrx_word' id='word_1_569' title='bbox 960 5627 1011 5679; x_wconf 89' lang='lat' dir='ltr'><strong>in</strong></span> <span class='ocrx_word' id='word_1_570' title='bbox 1056 5625 1268 5695; x_wconf 89' lang='lat' dir='ltr'><strong>spiritu.</strong></span> <span class='ocrx_word' id='word_1_571' title='bbox 1311 5642 1328 5673; x_wconf 80' lang='grc' dir='ltr'><strong>ι</strong></span> <span class='ocrx_word' id='word_1_572' title='bbox 1367 5621 1521 5689; x_wconf 83' lang='lat' dir='ltr'><strong>Nam,</strong></span> <span class='ocrx_word' id='word_1_573' title='bbox 1554 5624 1771 5694; x_wconf 89' lang='lat' dir='ltr'><strong>inquit,</strong></span> <span class='ocrx_word' id='word_1_574' title='bbox 1796 5640 1929 5693; x_wconf 83' lang='lat' dir='ltr'><strong>quos</strong></span> <span class='ocrx_word' id='word_1_575' title='bbox 1968 5627 2132 5689; x_wconf 80' lang='lat' dir='ltr'><strong>novit,</strong></span> <span class='ocrx_word' id='word_1_576' title='bbox 2172 5637 2223 5679; x_wconf 89' lang='lat' dir='ltr'><strong>et</strong></span> 
     </span>
    </p>
   </div>
   <div class='ocr_carea' id='block_1_77' title="bbox 725 5806 1986 5878">
    <p class='ocr_par' dir='ltr' id='par_1_77' title="bbox 725 5806 1986 5878">
     <span class='ocr_line' id='line_1_77' title="bbox 725 5806 1986 5878; baseline 0.008 -15"><span class='ocrx_word' id='word_1_577' title='bbox 725 5809 767 5841; x_wconf 60' lang='grc' dir='ltr'><strong>τ’</strong></span> <span class='ocrx_word' id='word_1_578' title='bbox 799 5811 984 5865; x_wconf 71' lang='lat' dir='ltr'><strong>Matth.</strong></span> <span class='ocrx_word' id='word_1_579' title='bbox 1025 5825 1177 5877; x_wconf 80' lang='lat' dir='ltr'><strong>xvm,</strong></span> <span class='ocrx_word' id='word_1_580' title='bbox 1214 5810 1390 5878; x_wconf 68' lang='lat' dir='ltr'><strong>18,l9.</strong></span> <span class='ocrx_word' id='word_1_581' title='bbox 1466 5810 1510 5842; x_wconf 84' lang='lat'><strong>&quot;</strong></span> <span class='ocrx_word' id='word_1_582' title='bbox 1549 5807 1593 5863; x_wconf 82' lang='lat' dir='ltr'><strong>ll</strong></span> <span class='ocrx_word' id='word_1_583' title='bbox 1632 5806 1756 5862; x_wconf 76' lang='lat' dir='ltr'><strong>Cor.</strong></span> <span class='ocrx_word' id='word_1_584' title='bbox 1796 5824 1871 5871; x_wconf 60' lang='lat' dir='ltr'><strong>XI,</strong></span> <span class='ocrx_word' id='word_1_585' title='bbox 1909 5807 1986 5860; x_wconf 68' lang='grc' dir='ltr'><strong>Η-</strong></span> 
     </span>
    </p>
   </div>
   <div class='ocr_carea' id='block_1_78' title="bbox 2064 5805 2584 5871">
    <p class='ocr_par' dir='ltr' id='par_1_78' title="bbox 2064 5805 2584 5871">
     <span class='ocr_line' id='line_1_78' title="bbox 2064 5805 2584 5871; baseline 0.01 -13"><span class='ocrx_word' id='word_1_586' title='bbox 2064 5808 2109 5841; x_wconf 80' lang='grc'><strong>⁸⁶</strong></span> <span class='ocrx_word' id='word_1_587' title='bbox 2154 5805 2190 5859; x_wconf 92' lang='grc' dir='ltr'><strong>ιι</strong></span> <span class='ocrx_word' id='word_1_588' title='bbox 2232 5806 2354 5859; x_wconf 82' lang='lat' dir='ltr'><strong>Cor.</strong></span> <span class='ocrx_word' id='word_1_589' title='bbox 2390 5823 2472 5871; x_wconf 89' lang='grc' dir='ltr'>ιιι,</span> <span class='ocrx_word' id='word_1_590' title='bbox 2504 5807 2584 5863; x_wconf 87' lang='lat' dir='ltr'><strong>l8.</strong></span> 
     </span>
    </p>
   </div>
   <div class='ocr_carea' id='block_1_79' title="bbox 2354 1964 3958 2036">
    <p class='ocr_par' dir='ltr' id='par_1_79' title="bbox 2354 1964 3958 2036">
     <span class='ocr_line' id='line_1_79' title="bbox 2354 1964 3958 2036; baseline -0.002 -19"><span class='ocrx_word' id='word_1_591' title='bbox 2354 1966 2489 2034; x_wconf 83' lang='grc' dir='ltr'>φῶς,</span> <span class='ocrx_word' id='word_1_592' title='bbox 2518 1965 2613 2019; x_wconf 75' lang='grc' dir='ltr'><strong>καὶ</strong></span> <span class='ocrx_word' id='word_1_593' title='bbox 2642 1965 2843 2019; x_wconf 79' lang='grc' dir='ltr'>πλάσαι</span> <span class='ocrx_word' id='word_1_594' title='bbox 2869 1968 2934 2036; x_wconf 85' lang='grc' dir='ltr'>τῇ</span> <span class='ocrx_word' id='word_1_595' title='bbox 2973 1965 3205 2018; x_wconf 81' lang='grc' dir='ltr'>συνέσει.</span> <span class='ocrx_word' id='word_1_596' title='bbox 3252 1966 3444 2031; x_wconf 81' lang='grc' dir='ltr'>Γέγονε</span> <span class='ocrx_word' id='word_1_597' title='bbox 3498 1966 3597 2034; x_wconf 82' lang='grc' dir='ltr'><strong>μὲν</strong></span> <span class='ocrx_word' id='word_1_598' title='bbox 3630 1964 3749 2035; x_wconf 76' lang='grc' dir='ltr'><strong>γὰρ</strong></span> <span class='ocrx_word' id='word_1_599' title='bbox 3800 1966 3958 2033; x_wconf 82' lang='grc' dir='ltr'>περί-</span> 
     </span>
    </p>
   </div>
   <div class='ocr_carea' id='block_1_80' title="bbox 2351 2056 3953 2127">
    <p class='ocr_par' dir='ltr' id='par_1_80' title="bbox 2351 2056 3953 2127">
     <span class='ocr_line' id='line_1_80' title="bbox 2351 2056 3953 2127; baseline -0.002 -17"><span class='ocrx_word' id='word_1_600' title='bbox 2351 2058 2519 2121; x_wconf 87' lang='grc' dir='ltr'>λυπος</span> <span class='ocrx_word' id='word_1_601' title='bbox 2553 2057 2658 2120; x_wconf 71' lang='grc' dir='ltr'><strong>ἕως</strong></span> <span class='ocrx_word' id='word_1_602' title='bbox 2686 2056 2916 2110; x_wconf 81' lang='grc' dir='ltr'>θανάτου</span> <span class='ocrx_word' id='word_1_603' title='bbox 2956 2056 3062 2127; x_wconf 79' lang='grc' dir='ltr'>πρὸ</span> <span class='ocrx_word' id='word_1_604' title='bbox 3097 2056 3191 2109; x_wconf 79' lang='grc' dir='ltr'>τοῦ</span> <span class='ocrx_word' id='word_1_605' title='bbox 3219 2057 3400 2125; x_wconf 81' lang='grc' dir='ltr'>τιμίου</span> <span class='ocrx_word' id='word_1_606' title='bbox 3439 2056 3704 2125; x_wconf 78' lang='grc' dir='ltr'>σταυροῦ·</span> <span class='ocrx_word' id='word_1_607' title='bbox 3734 2056 3953 2127; x_wconf 76' lang='grc' dir='ltr'>γέγρα-</span> 
     </span>
    </p>
   </div>
   <div class='ocr_carea' id='block_1_81' title="bbox 2353 2144 3950 2217">
    <p class='ocr_par' dir='ltr' id='par_1_81' title="bbox 2353 2144 3950 2217">
     <span class='ocr_line' id='line_1_81' title="bbox 2353 2144 3950 2217; baseline -0.003 -17"><span class='ocrx_word' id='word_1_608' title='bbox 2353 2165 2484 2200; x_wconf 88' lang='grc' dir='ltr'>πται</span> <span class='ocrx_word' id='word_1_609' title='bbox 2534 2147 2640 2217; x_wconf 81' lang='grc' dir='ltr'><strong>γάρ</strong></span> <span class='ocrx_word' id='word_1_610' title='bbox 2698 2145 2839 2198; x_wconf 74' lang='grc' dir='ltr'>οὕτω</span> <span class='ocrx_word' id='word_1_611' title='bbox 2892 2145 3046 2215; x_wconf 83' lang='grc' dir='ltr'>παρὰ</span> <span class='ocrx_word' id='word_1_612' title='bbox 3105 2146 3217 2206; x_wconf 85' lang='grc' dir='ltr'>τοῖς</span> <span class='ocrx_word' id='word_1_613' title='bbox 3262 2144 3437 2211; x_wconf 82' lang='grc' dir='ltr'>ἁγίοις</span> <span class='ocrx_word' id='word_1_614' title='bbox 3495 2144 3950 2213; x_wconf 72' lang='grc' dir='ltr'>εὐαγγελισταίς.</span> 
     </span>
    </p>
   </div>
   <div class='ocr_carea' id='block_1_82' title="bbox 2364 2232 3953 2309">
    <p class='ocr_par' dir='ltr' id='par_1_82' title="bbox 2364 2232 3953 2309">
     <span class='ocr_line' id='line_1_82' title="bbox 2364 2232 3953 2309; baseline -0.001 -20"><span class='ocrx_word' id='word_1_615' title='bbox 2364 2237 2581 2309; x_wconf 81' lang='grc' dir='ltr'>Ἐπειδὴ</span> <span class='ocrx_word' id='word_1_616' title='bbox 2603 2236 2660 2288; x_wconf 79' lang='grc' dir='ltr'>δὲ</span> <span class='ocrx_word' id='word_1_617' title='bbox 2685 2238 2928 2307; x_wconf 83' lang='grc' dir='ltr'>πατήσας</span> <span class='ocrx_word' id='word_1_618' title='bbox 2953 2235 3046 2288; x_wconf 83' lang='grc' dir='ltr'><strong>τὸν</strong></span> <span class='ocrx_word' id='word_1_619' title='bbox 3086 2235 3218 2306; x_wconf 80' lang='grc' dir='ltr'>ᾇδην</span> <span class='ocrx_word' id='word_1_620' title='bbox 3244 2235 3444 2289; x_wconf 80' lang='grc' dir='ltr'>ἀνεϐίω</span> <span class='ocrx_word' id='word_1_621' title='bbox 3466 2239 3805 2305; x_wconf 75' lang='grc' dir='ltr'>τριήμερος,</span> <span class='ocrx_word' id='word_1_622' title='bbox 3836 2232 3953 2287; x_wconf 69' lang='grc' dir='ltr'>εἶτα</span> 
     </span>
    </p>
   </div>
   <div class='ocr_carea' id='block_1_83' title="bbox 2350 2326 3950 2398">
    <p class='ocr_par' dir='ltr' id='par_1_83' title="bbox 2350 2326 3950 2398">
     <span class='ocr_line' id='line_1_83' title="bbox 2350 2326 3950 2398; baseline -0.002 -17"><span class='ocrx_word' id='word_1_623' title='bbox 2350 2328 2600 2382; x_wconf 81' lang='grc' dir='ltr'>τεθέαται</span> <span class='ocrx_word' id='word_1_624' title='bbox 2630 2327 2727 2398; x_wconf 82' lang='grc' dir='ltr'>τὴν</span> <span class='ocrx_word' id='word_1_625' title='bbox 2757 2327 3043 2398; x_wconf 85' lang='grc' dir='ltr'>ἀνθρώπου</span> <span class='ocrx_word' id='word_1_626' title='bbox 3080 2326 3239 2394; x_wconf 83' lang='grc' dir='ltr'>φύσιν</span> <span class='ocrx_word' id='word_1_627' title='bbox 3266 2328 3324 2379; x_wconf 85' lang='grc' dir='ltr'><strong>ἐν</strong></span> <span class='ocrx_word' id='word_1_628' title='bbox 3351 2326 3530 2396; x_wconf 77' lang='grc' dir='ltr'>ἑαυτῷ</span> <span class='ocrx_word' id='word_1_629' title='bbox 3564 2344 3950 2397; x_wconf 63' lang='grc' dir='ltr'>μεταμορφω-</span> 
     </span>
    </p>
   </div>
   <div class='ocr_carea' id='block_1_84' title="bbox 2352 2417 3951 2490">
    <p class='ocr_par' dir='ltr' id='par_1_84' title="bbox 2352 2417 3951 2490">
     <span class='ocr_line' id='line_1_84' title="bbox 2352 2417 3951 2490; baseline -0.003 -17"><span class='ocrx_word' id='word_1_630' title='bbox 2352 2420 2536 2473; x_wconf 87' lang='grc' dir='ltr'>Θεῖσαν</span> <span class='ocrx_word' id='word_1_631' title='bbox 2559 2421 2639 2482; x_wconf 86' lang='grc' dir='ltr'><strong>είς</strong></span> <span class='ocrx_word' id='word_1_632' title='bbox 2672 2418 3001 2490; x_wconf 82' lang='grc' dir='ltr'>ἀφθαρσίαν,</span> <span class='ocrx_word' id='word_1_633' title='bbox 3028 2420 3120 2470; x_wconf 71' lang='grc' dir='ltr'><strong>καὶ</strong></span> <span class='ocrx_word' id='word_1_634' title='bbox 3141 2418 3240 2488; x_wconf 70' lang='grc' dir='ltr'><strong>τὴν</strong></span> <span class='ocrx_word' id='word_1_635' title='bbox 3260 2417 3352 2470; x_wconf 83' lang='grc' dir='ltr'>τοῦ</span> <span class='ocrx_word' id='word_1_636' title='bbox 3403 2417 3539 2469; x_wconf 76' lang='grc' dir='ltr'>Θεοῦ</span> <span class='ocrx_word' id='word_1_637' title='bbox 3588 2417 3693 2469; x_wconf 75' lang='grc' dir='ltr'><strong>καὶ</strong></span> <span class='ocrx_word' id='word_1_638' title='bbox 3727 2418 3951 2487; x_wconf 58' lang='grc' dir='ltr'>Πατρὶς</span> 
     </span>
    </p>
   </div>
   <div class='ocr_carea' id='block_1_85' title="bbox 2351 2510 3952 2583">
    <p class='ocr_par' dir='ltr' id='par_1_85' title="bbox 2351 2510 3952 2583">
     <span class='ocr_line' id='line_1_85' title="bbox 2351 2510 3952 2583; baseline -0.003 -18"><span class='ocrx_word' id='word_1_639' title='bbox 2351 2514 2598 2566; x_wconf 85' lang='grc' dir='ltr'>εὐδοκίαν</span> <span class='ocrx_word' id='word_1_640' title='bbox 2626 2514 2806 2583; x_wconf 80' lang='grc' dir='ltr'>πάσης</span> <span class='ocrx_word' id='word_1_641' title='bbox 2860 2512 2960 2582; x_wconf 77' lang='grc' dir='ltr'>ἤδη</span> <span class='ocrx_word' id='word_1_642' title='bbox 3000 2511 3471 2583; x_wconf 84' lang='grc' dir='ltr'>κατευρυνομένην</span> <span class='ocrx_word' id='word_1_643' title='bbox 3520 2510 3621 2578; x_wconf 77' lang='grc' dir='ltr'>τῆς</span> <span class='ocrx_word' id='word_1_644' title='bbox 3648 2512 3784 2579; x_wconf 74' lang='grc' dir='ltr'>γῆς,</span> <span class='ocrx_word' id='word_1_645' title='bbox 3825 2510 3952 2579; x_wconf 69' lang='grc' dir='ltr'><strong>μὲλ-</strong></span> 
     </span>
    </p>
   </div>
   <div class='ocr_carea' id='block_1_86' title="bbox 2351 2600 3947 2671">
    <p class='ocr_par' dir='ltr' id='par_1_86' title="bbox 2351 2600 3947 2671">
     <span class='ocr_line' id='line_1_86' title="bbox 2351 2600 3947 2671; baseline -0.003 -16"><span class='ocrx_word' id='word_1_646' title='bbox 2351 2602 2549 2656; x_wconf 87' lang='grc' dir='ltr'>λουσάν</span> <span class='ocrx_word' id='word_1_647' title='bbox 2598 2620 2656 2655; x_wconf 88' lang='grc' dir='ltr'><strong>τε</strong></span> <span class='ocrx_word' id='word_1_648' title='bbox 2700 2601 3175 2671; x_wconf 77' lang='grc' dir='ltr'>καταφωτίζεσθαι</span> <span class='ocrx_word' id='word_1_649' title='bbox 3207 2602 3315 2654; x_wconf 86' lang='grc' dir='ltr'><strong>τῶν</strong></span> <span class='ocrx_word' id='word_1_650' title='bbox 3344 2600 3510 2653; x_wconf 79' lang='grc' dir='ltr'>ἐθνῶν</span> <span class='ocrx_word' id='word_1_651' title='bbox 3552 2601 3655 2671; x_wconf 79' lang='grc' dir='ltr'>τὴν</span> <span class='ocrx_word' id='word_1_652' title='bbox 3704 2600 3947 2669; x_wconf 62' lang='grc' dir='ltr'>πληθὺν,</span> 
     </span>
    </p>
   </div>
   <div class='ocr_carea' id='block_1_87' title="bbox 2352 2693 3951 2765">
    <p class='ocr_par' dir='ltr' id='par_1_87' title="bbox 2352 2693 3951 2765">
     <span class='ocr_line' id='line_1_87' title="bbox 2352 2693 3951 2765; baseline -0.004 -17"><span class='ocrx_word' id='word_1_653' title='bbox 2352 2697 2445 2748; x_wconf 69' lang='grc' dir='ltr'>καὶ</span> <span class='ocrx_word' id='word_1_654' title='bbox 2470 2695 2569 2765; x_wconf 77' lang='grc' dir='ltr'>τῆς</span> <span class='ocrx_word' id='word_1_655' title='bbox 2603 2695 2701 2764; x_wconf 83' lang='grc' dir='ltr'><strong>μὲν</strong></span> <span class='ocrx_word' id='word_1_656' title='bbox 2731 2695 2962 2765; x_wconf 82' lang='grc' dir='ltr'>ἀρχαίας</span> <span class='ocrx_word' id='word_1_657' title='bbox 3009 2694 3103 2746; x_wconf 70' lang='grc' dir='ltr'><strong>καὶ</strong></span> <span class='ocrx_word' id='word_1_658' title='bbox 3129 2694 3430 2765; x_wconf 82' lang='grc' dir='ltr'>συντρόφου</span> <span class='ocrx_word' id='word_1_659' title='bbox 3462 2693 3679 2763; x_wconf 78' lang='grc' dir='ltr'>πλάνης</span> <span class='ocrx_word' id='word_1_660' title='bbox 3712 2694 3951 2761; x_wconf 74' lang='grc' dir='ltr'>ἀποφοι-</span> 
     </span>
    </p>
   </div>
   <div class='ocr_carea' id='block_1_88' title="bbox 2352 2782 3948 2857">
    <p class='ocr_par' dir='ltr' id='par_1_88' title="bbox 2352 2782 3948 2857">
     <span class='ocr_line' id='line_1_88' title="bbox 2352 2782 3948 2857; baseline -0.003 -18"><span class='ocrx_word' id='word_1_661' title='bbox 2352 2788 2470 2857; x_wconf 83' lang='grc' dir='ltr'>τᾷν,</span> <span class='ocrx_word' id='word_1_662' title='bbox 2499 2785 2779 2839; x_wconf 85' lang='grc' dir='ltr'>καλεῖσθαι</span> <span class='ocrx_word' id='word_1_663' title='bbox 2811 2785 2866 2837; x_wconf 86' lang='grc' dir='ltr'>δὲ</span> <span class='ocrx_word' id='word_1_664' title='bbox 2893 2786 3029 2857; x_wconf 80' lang='grc' dir='ltr'>πρὸς</span> <span class='ocrx_word' id='word_1_665' title='bbox 3051 2786 3346 2853; x_wconf 77' lang='grc' dir='ltr'>ἐπίγνωσιν</span> <span class='ocrx_word' id='word_1_666' title='bbox 3377 2785 3569 2837; x_wconf 78' lang='grc' dir='ltr'>ἑαυτοῦ</span> <span class='ocrx_word' id='word_1_667' title='bbox 3601 2802 3665 2837; x_wconf 82' lang='grc' dir='ltr'><strong>τε</strong></span> <span class='ocrx_word' id='word_1_668' title='bbox 3723 2785 3827 2838; x_wconf 72' lang='grc' dir='ltr'><strong>καὶ</strong></span> <span class='ocrx_word' id='word_1_669' title='bbox 3857 2782 3948 2835; x_wconf 75' lang='grc' dir='ltr'>τοῦ</span> 
     </span>
    </p>
   </div>
   <div class='ocr_carea' id='block_1_89' title="bbox 2351 2876 3952 2948">
    <p class='ocr_par' dir='ltr' id='par_1_89' title="bbox 2351 2876 3952 2948">
     <span class='ocr_line' id='line_1_89' title="bbox 2351 2876 3952 2948; baseline -0.002 -19"><span class='ocrx_word' id='word_1_670' title='bbox 2351 2878 2563 2948; x_wconf 78' lang='grc' dir='ltr'>Πατρός</span> <span class='ocrx_word' id='word_1_671' title='bbox 2589 2892 2602 2906; x_wconf 84' lang='grc'>⁶</span> <span class='ocrx_word' id='word_1_672' title='bbox 2660 2877 3003 2948; x_wconf 82' lang='grc' dir='ltr'>ἀποϐέϐληκε</span> <span class='ocrx_word' id='word_1_673' title='bbox 3034 2877 3123 2930; x_wconf 83' lang='grc' dir='ltr'><strong>τὸν</strong></span> <span class='ocrx_word' id='word_1_674' title='bbox 3158 2876 3249 2929; x_wconf 69' lang='grc' dir='ltr'>ἐπὶ</span> <span class='ocrx_word' id='word_1_675' title='bbox 3273 2876 3349 2945; x_wconf 82' lang='grc' dir='ltr'>τῷ</span> <span class='ocrx_word' id='word_1_676' title='bbox 3380 2877 3573 2929; x_wconf 81' lang='grc' dir='ltr'>παθεῖν</span> <span class='ocrx_word' id='word_1_677' title='bbox 3606 2878 3775 2927; x_wconf 71' lang='grc' dir='ltr'>πόνον</span> <span class='ocrx_word' id='word_1_678' title='bbox 3808 2916 3826 2937; x_wconf 83' lang='grc'><strong>,</strong></span> <span class='ocrx_word' id='word_1_679' title='bbox 3859 2877 3952 2929; x_wconf 70' lang='grc' dir='ltr'>καὶ</span> 
     </span>
    </p>
   </div>
   <div class='ocr_carea' id='block_1_90' title="bbox 2350 2965 3950 3040">
    <p class='ocr_par' dir='ltr' id='par_1_90' title="bbox 2350 2965 3950 3040">
     <span class='ocr_line' id='line_1_90' title="bbox 2350 2965 3950 3040; baseline 0 -19"><span class='ocrx_word' id='word_1_680' title='bbox 2350 2973 2461 3031; x_wconf 79' lang='grc' dir='ltr'>τοῖς</span> <span class='ocrx_word' id='word_1_681' title='bbox 2496 2965 2554 3023; x_wconf 79' lang='grc' dir='ltr'><strong>εὖ</strong></span> <span class='ocrx_word' id='word_1_682' title='bbox 2582 2969 2837 3040; x_wconf 74' lang='grc' dir='ltr'>φρονοῦσι</span> <span class='ocrx_word' id='word_1_683' title='bbox 2864 2970 3061 3022; x_wconf 83' lang='grc' dir='ltr'>δέδωκε</span> <span class='ocrx_word' id='word_1_684' title='bbox 3094 2969 3156 3021; x_wconf 84' lang='grc' dir='ltr'><strong>τὸ</strong></span> <span class='ocrx_word' id='word_1_685' title='bbox 3187 2971 3363 3039; x_wconf 83' lang='grc' dir='ltr'>νικᾷν.</span> <span class='ocrx_word' id='word_1_686' title='bbox 3416 2969 3569 3039; x_wconf 72' lang='grc' dir='ltr'>’Ἅμα</span> <span class='ocrx_word' id='word_1_687' title='bbox 3599 2970 3713 3038; x_wconf 74' lang='grc' dir='ltr'>γὰρ</span> <span class='ocrx_word' id='word_1_688' title='bbox 3746 2971 3819 3021; x_wconf 76' lang='grc' dir='ltr'><strong>ἐκ</strong></span> <span class='ocrx_word' id='word_1_689' title='bbox 3865 2987 3950 3021; x_wconf 70' lang='lat' dir='ltr'><strong>vs-</strong></span> 
     </span>
    </p>
   </div>
   <div class='ocr_carea' id='block_1_91' title="bbox 2352 3060 3949 3132">
    <p class='ocr_par' dir='ltr' id='par_1_91' title="bbox 2352 3060 3949 3132">
     <span class='ocr_line' id='line_1_91' title="bbox 2352 3060 3949 3132; baseline -0.001 -18"><span class='ocrx_word' id='word_1_690' title='bbox 2352 3061 2503 3132; x_wconf 88' lang='grc' dir='ltr'>κρῶν</span> <span class='ocrx_word' id='word_1_691' title='bbox 2531 3062 2850 3129; x_wconf 76' lang='grc' dir='ltr'>ἐγήγερται,</span> <span class='ocrx_word' id='word_1_692' title='bbox 2890 3061 2982 3113; x_wconf 59' lang='grc' dir='ltr'><strong>καί⁵</strong></span> <span class='ocrx_word' id='word_1_693' title='bbox 3015 3062 3246 3130; x_wconf 82' lang='grc' dir='ltr'>ἐπείπερ</span> <span class='ocrx_word' id='word_1_694' title='bbox 3275 3060 3421 3113; x_wconf 80' lang='grc' dir='ltr'>ἐστὶν</span> <span class='ocrx_word' id='word_1_695' title='bbox 3456 3060 3661 3127; x_wconf 80' lang='grc' dir='ltr'>ἀγαθὸς</span> <span class='ocrx_word' id='word_1_696' title='bbox 3683 3100 3699 3121; x_wconf 89' lang='grc'><strong>,</strong></span> <span class='ocrx_word' id='word_1_697' title='bbox 3750 3062 3949 3129; x_wconf 77' lang='grc' dir='ltr'>ἡσθεὶς</span> 
     </span>
    </p>
   </div>
   <div class='ocr_carea' id='block_1_92' title="bbox 2352 3152 3947 3224">
    <p class='ocr_par' dir='ltr' id='par_1_92' title="bbox 2352 3152 3947 3224">
     <span class='ocr_line' id='line_1_92' title="bbox 2352 3152 3947 3224; baseline -0.001 -17"><span class='ocrx_word' id='word_1_698' title='bbox 2352 3155 2492 3221; x_wconf 82' lang='grc' dir='ltr'>ἄγαν</span> <span class='ocrx_word' id='word_1_699' title='bbox 2513 3155 2602 3205; x_wconf 74' lang='grc' dir='ltr'><strong>ἐπὶ</strong></span> <span class='ocrx_word' id='word_1_700' title='bbox 2625 3157 2690 3224; x_wconf 82' lang='grc' dir='ltr'><strong>τῇ</strong></span> <span class='ocrx_word' id='word_1_701' title='bbox 2722 3152 2814 3207; x_wconf 84' lang='grc' dir='ltr'>τοῦ</span> <span class='ocrx_word' id='word_1_702' title='bbox 2839 3154 3043 3221; x_wconf 80' lang='grc' dir='ltr'>κόσμου</span> <span class='ocrx_word' id='word_1_703' title='bbox 3068 3152 3310 3222; x_wconf 66' lang='grc' dir='ltr'>σωτηρίᾳ</span> <span class='ocrx_word' id='word_1_704' title='bbox 3331 3155 3423 3206; x_wconf 70' lang='grc' dir='ltr'><strong>καὶ</strong></span> <span class='ocrx_word' id='word_1_705' title='bbox 3450 3153 3588 3223; x_wconf 77' lang='grc' dir='ltr'>ζωῇ,</span> <span class='ocrx_word' id='word_1_706' title='bbox 3613 3156 3730 3215; x_wconf 82' lang='grc' dir='ltr'>τοῖς</span> <span class='ocrx_word' id='word_1_707' title='bbox 3762 3154 3947 3220; x_wconf 57' lang='grc' dir='ltr'>ἁγίοις</span> 
     </span>
    </p>
   </div>
   <div class='ocr_carea' id='block_1_93' title="bbox 2350 3248 3947 3319">
    <p class='ocr_par' dir='ltr' id='par_1_93' title="bbox 2350 3248 3947 3319">
     <span class='ocr_line' id='line_1_93' title="bbox 2350 3248 3947 3319; baseline 0.001 -20"><span class='ocrx_word' id='word_1_708' title='bbox 2350 3249 2452 3319; x_wconf 81' lang='grc' dir='ltr'>ἔφη</span> <span class='ocrx_word' id='word_1_709' title='bbox 2482 3248 2755 3319; x_wconf 79' lang='grc' dir='ltr'>μαθηταῖς</span> <span class='ocrx_word' id='word_1_710' title='bbox 2776 3265 2788 3278; x_wconf 81' lang='lat'><strong><em>°</em></strong></span> <span class='ocrx_word' id='word_1_711' title='bbox 2827 3270 2845 3299; x_wconf 75' lang='grc' dir='ltr'><strong>ι</strong></span> <span class='ocrx_word' id='word_1_712' title='bbox 2896 3248 3078 3317; x_wconf 83' lang='grc' dir='ltr'>Ἐδόθη</span> <span class='ocrx_word' id='word_1_713' title='bbox 3120 3266 3208 3318; x_wconf 86' lang='grc' dir='ltr'><strong>μοι</strong></span> <span class='ocrx_word' id='word_1_714' title='bbox 3242 3251 3389 3302; x_wconf 79' lang='grc' dir='ltr'>πᾶσα</span> <span class='ocrx_word' id='word_1_715' title='bbox 3423 3248 3644 3312; x_wconf 75' lang='grc' dir='ltr'>ἐξουσία</span> <span class='ocrx_word' id='word_1_716' title='bbox 3666 3250 3727 3299; x_wconf 80' lang='grc' dir='ltr'>ἓν</span> <span class='ocrx_word' id='word_1_717' title='bbox 3752 3266 3815 3301; x_wconf 83' lang='grc' dir='ltr'><strong>τε</strong></span> <span class='ocrx_word' id='word_1_718' title='bbox 3852 3252 3947 3300; x_wconf 68' lang='grc' dir='ltr'><strong>οἰ,-</strong></span> 
     </span>
    </p>
   </div>
   <div class='ocr_carea' id='block_1_94' title="bbox 2349 3340 3943 3411">
    <p class='ocr_par' dir='ltr' id='par_1_94' title="bbox 2349 3340 3943 3411">
     <span class='ocr_line' id='line_1_94' title="bbox 2349 3340 3943 3411; baseline 0.001 -21"><span class='ocrx_word' id='word_1_719' title='bbox 2349 3340 2515 3410; x_wconf 81' lang='grc' dir='ltr'>ρανῷ,</span> <span class='ocrx_word' id='word_1_720' title='bbox 2544 3340 2635 3391; x_wconf 68' lang='grc' dir='ltr'><strong>καὶ</strong></span> <span class='ocrx_word' id='word_1_721' title='bbox 2664 3340 2757 3393; x_wconf 75' lang='grc' dir='ltr'>ἐπὶ</span> <span class='ocrx_word' id='word_1_722' title='bbox 2784 3343 2904 3410; x_wconf 77' lang='grc' dir='ltr'>γῆς’</span> <span class='ocrx_word' id='word_1_723' title='bbox 2940 3340 3292 3411; x_wconf 80' lang='grc' dir='ltr'>πορευθέντες</span> <span class='ocrx_word' id='word_1_724' title='bbox 3340 3340 3728 3410; x_wconf 76' lang='grc' dir='ltr'>μαθητεύσατε</span> <span class='ocrx_word' id='word_1_725' title='bbox 3762 3341 3943 3393; x_wconf 75' lang='grc' dir='ltr'>πάντα</span> 
     </span>
    </p>
   </div>
   <div class='ocr_carea' id='block_1_95' title="bbox 2344 3431 3939 3501">
    <p class='ocr_par' dir='ltr' id='par_1_95' title="bbox 2344 3431 3939 3501">
     <span class='ocr_line' id='line_1_95' title="bbox 2344 3431 3939 3501; baseline 0.002 -19"><span class='ocrx_word' id='word_1_726' title='bbox 2344 3431 2412 3483; x_wconf 75' lang='grc' dir='ltr'>τὰ</span> <span class='ocrx_word' id='word_1_727' title='bbox 2448 3431 2599 3499; x_wconf 77' lang='grc' dir='ltr'>ἔθνη,</span> <span class='ocrx_word' id='word_1_728' title='bbox 2638 3431 2991 3501; x_wconf 71' lang='grc' dir='ltr'>βαπτίζοντες</span> <span class='ocrx_word' id='word_1_729' title='bbox 3020 3433 3217 3493; x_wconf 73' lang='grc' dir='ltr'>αὐτοὺς</span> <span class='ocrx_word' id='word_1_730' title='bbox 3266 3432 3344 3493; x_wconf 80' lang='grc' dir='ltr'>εἰς</span> <span class='ocrx_word' id='word_1_731' title='bbox 3378 3433 3437 3484; x_wconf 79' lang='grc' dir='ltr'><strong>τὸ</strong></span> <span class='ocrx_word' id='word_1_732' title='bbox 3475 3432 3647 3501; x_wconf 83' lang='grc' dir='ltr'>ὄνομα</span> <span class='ocrx_word' id='word_1_733' title='bbox 3698 3433 3795 3486; x_wconf 63' lang='grc' dir='ltr'>τώ</span> <span class='ocrx_word' id='word_1_734' title='bbox 3826 3434 3939 3485; x_wconf 80' lang='grc' dir='ltr'><strong>Παο</strong></span> 
     </span>
    </p>
   </div>
   <div class='ocr_carea' id='block_1_96' title="bbox 2345 3523 3937 3593">
    <p class='ocr_par' dir='ltr' id='par_1_96' title="bbox 2345 3523 3937 3593">
     <span class='ocr_line' id='line_1_96' title="bbox 2345 3523 3937 3593; baseline 0.001 -18"><span class='ocrx_word' id='word_1_735' title='bbox 2345 3523 2489 3593; x_wconf 76' lang='grc' dir='ltr'>τρὸς,</span> <span class='ocrx_word' id='word_1_736' title='bbox 2525 3525 2619 3576; x_wconf 74' lang='grc' dir='ltr'><strong>καὶ</strong></span> <span class='ocrx_word' id='word_1_737' title='bbox 2641 3523 2735 3575; x_wconf 78' lang='grc' dir='ltr'>τοῦ</span> <span class='ocrx_word' id='word_1_738' title='bbox 2762 3524 2912 3586; x_wconf 81' lang='grc' dir='ltr'><strong>Υίοῦ,</strong></span> <span class='ocrx_word' id='word_1_739' title='bbox 2939 3526 3029 3576; x_wconf 75' lang='grc' dir='ltr'><strong>καὶ</strong></span> <span class='ocrx_word' id='word_1_740' title='bbox 3058 3524 3151 3576; x_wconf 77' lang='grc' dir='ltr'>τοῦ</span> <span class='ocrx_word' id='word_1_741' title='bbox 3194 3524 3347 3591; x_wconf 84' lang='grc' dir='ltr'>ἁγίου</span> <span class='ocrx_word' id='word_1_742' title='bbox 3374 3524 3724 3591; x_wconf 77' lang='grc' dir='ltr'>Πνευματος.</span> <span class='ocrx_word' id='word_1_743' title='bbox 3755 3543 3773 3575; x_wconf 75' lang='grc' dir='ltr'><strong>ι</strong></span> <span class='ocrx_word' id='word_1_744' title='bbox 3794 3525 3937 3576; x_wconf 61' lang='lat'><strong>0&#39;31-</strong></span> 
     </span>
    </p>
   </div>
   <div class='ocr_carea' id='block_1_97' title="bbox 2344 3612 3939 3685">
    <p class='ocr_par' dir='ltr' id='par_1_97' title="bbox 2344 3612 3939 3685">
     <span class='ocr_line' id='line_1_97' title="bbox 2344 3612 3939 3685; baseline -0.001 -18"><span class='ocrx_word' id='word_1_745' title='bbox 2344 3615 2436 3667; x_wconf 79' lang='grc' dir='ltr'>οὖν</span> <span class='ocrx_word' id='word_1_746' title='bbox 2457 3614 2550 3667; x_wconf 82' lang='grc' dir='ltr'><strong>ἐὰν</strong></span> <span class='ocrx_word' id='word_1_747' title='bbox 2566 3614 2699 3667; x_wconf 84' lang='grc' dir='ltr'>δῶτε</span> <span class='ocrx_word' id='word_1_748' title='bbox 2718 3616 2845 3685; x_wconf 80' lang='grc' dir='ltr'>περὶ</span> <span class='ocrx_word' id='word_1_749' title='bbox 2871 3615 3165 3684; x_wconf 83' lang='grc' dir='ltr'>ἁμαρτίας,</span> <span class='ocrx_word' id='word_1_750' title='bbox 3192 3612 3377 3665; x_wconf 75' lang='grc' dir='ltr'>ἔσεσθε</span> <span class='ocrx_word' id='word_1_751' title='bbox 3407 3615 3628 3683; x_wconf 76' lang='grc' dir='ltr'>μέτοχοι</span> <span class='ocrx_word' id='word_1_752' title='bbox 3656 3616 3761 3665; x_wconf 80' lang='grc' dir='ltr'><strong>καὶ</strong></span> <span class='ocrx_word' id='word_1_753' title='bbox 3786 3615 3939 3666; x_wconf 79' lang='grc' dir='ltr'>αὐτοὶ</span> 
     </span>
    </p>
   </div>
   <div class='ocr_carea' id='block_1_98' title="bbox 2348 3704 3935 3777">
    <p class='ocr_par' dir='ltr' id='par_1_98' title="bbox 2348 3704 3935 3777">
     <span class='ocr_line' id='line_1_98' title="bbox 2348 3704 3935 3777; baseline -0.002 -18"><span class='ocrx_word' id='word_1_754' title='bbox 2348 3706 2644 3777; x_wconf 87' lang='grc' dir='ltr'>μακροϐίου</span> <span class='ocrx_word' id='word_1_755' title='bbox 2677 3707 3011 3776; x_wconf 84' lang='grc' dir='ltr'>σπέρματος,</span> <span class='ocrx_word' id='word_1_756' title='bbox 3042 3705 3137 3759; x_wconf 81' lang='grc' dir='ltr'><strong>τοῦ</strong></span> <span class='ocrx_word' id='word_1_757' title='bbox 3169 3706 3272 3758; x_wconf 85' lang='grc' dir='ltr'><strong>τῶν</strong></span> <span class='ocrx_word' id='word_1_758' title='bbox 3302 3705 3471 3772; x_wconf 87' lang='grc' dir='ltr'>ἁγίων</span> <span class='ocrx_word' id='word_1_759' title='bbox 3491 3705 3775 3773; x_wconf 76' lang='grc' dir='ltr'>δηλονότι.</span> <span class='ocrx_word' id='word_1_760' title='bbox 3807 3704 3935 3756; x_wconf 71' lang='grc' dir='ltr'><strong>Βού-</strong></span> 
     </span>
    </p>
   </div>
   <div class='ocr_carea' id='block_1_99' title="bbox 2342 3796 3933 3868">
    <p class='ocr_par' dir='ltr' id='par_1_99' title="bbox 2342 3796 3933 3868">
     <span class='ocr_line' id='line_1_99' title="bbox 2342 3796 3933 3868; baseline -0.001 -18"><span class='ocrx_word' id='word_1_761' title='bbox 2342 3798 2490 3851; x_wconf 82' lang='grc' dir='ltr'>λεται</span> <span class='ocrx_word' id='word_1_762' title='bbox 2517 3798 2626 3868; x_wconf 81' lang='grc' dir='ltr'>γὰρ</span> <span class='ocrx_word' id='word_1_763' title='bbox 2655 3799 2834 3860; x_wconf 84' lang='grc' dir='ltr'>όΘεὸς</span> <span class='ocrx_word' id='word_1_764' title='bbox 2865 3799 2954 3850; x_wconf 74' lang='grc' dir='ltr'>καὶ</span> <span class='ocrx_word' id='word_1_765' title='bbox 2988 3798 3176 3867; x_wconf 75' lang='grc' dir='ltr'>Πατὴρ</span> <span class='ocrx_word' id='word_1_766' title='bbox 3215 3796 3431 3864; x_wconf 77' lang='grc' dir='ltr'>ἀφελεῖν</span> <span class='ocrx_word' id='word_1_767' title='bbox 3465 3797 3575 3849; x_wconf 78' lang='grc' dir='ltr'><strong>ἀπὸ</strong></span> <span class='ocrx_word' id='word_1_768' title='bbox 3626 3796 3726 3850; x_wconf 76' lang='grc' dir='ltr'>τοῦ</span> <span class='ocrx_word' id='word_1_769' title='bbox 3772 3797 3933 3849; x_wconf 78' lang='grc' dir='ltr'>πόνον</span> 
     </span>
    </p>
   </div>
   <div class='ocr_carea' id='block_1_100' title="bbox 2342 3888 3932 3959">
    <p class='ocr_par' dir='ltr' id='par_1_100' title="bbox 2342 3888 3932 3959">
     <span class='ocr_line' id='line_1_100' title="bbox 2342 3888 3932 3959; baseline -0.001 -17"><span class='ocrx_word' id='word_1_770' title='bbox 2342 3890 2440 3959; x_wconf 81' lang='grc' dir='ltr'>τῆς</span> <span class='ocrx_word' id='word_1_771' title='bbox 2461 3890 2641 3959; x_wconf 76' lang='grc' dir='ltr'>ψυχῆς</span> <span class='ocrx_word' id='word_1_772' title='bbox 2664 3889 2849 3952; x_wconf 81' lang='grc' dir='ltr'>αὐτοῦ,</span> <span class='ocrx_word' id='word_1_773' title='bbox 2879 3890 3036 3959; x_wconf 72' lang='grc' dir='ltr'>δῆλον</span> <span class='ocrx_word' id='word_1_774' title='bbox 3064 3890 3120 3942; x_wconf 83' lang='grc' dir='ltr'><strong>δὲ</strong></span> <span class='ocrx_word' id='word_1_775' title='bbox 3144 3890 3226 3941; x_wconf 83' lang='grc' dir='ltr'><strong>ὅτι</strong></span> <span class='ocrx_word' id='word_1_776' title='bbox 3248 3888 3509 3959; x_wconf 82' lang='grc' dir='ltr'>Χριστοῦ,</span> <span class='ocrx_word' id='word_1_777' title='bbox 3534 3888 3818 3949; x_wconf 84' lang='grc' dir='ltr'>τουτέστι,</span> <span class='ocrx_word' id='word_1_778' title='bbox 3836 3888 3932 3957; x_wconf 74' lang='grc' dir='ltr'><strong>τὴν</strong></span> 
     </span>
    </p>
   </div>
   <div class='ocr_carea' id='block_1_101' title="bbox 2341 3979 3929 4052">
    <p class='ocr_par' dir='ltr' id='par_1_101' title="bbox 2341 3979 3929 4052">
     <span class='ocr_line' id='line_1_101' title="bbox 2341 3979 3929 4052; baseline -0.001 -19"><span class='ocrx_word' id='word_1_779' title='bbox 2341 3982 2432 4034; x_wconf 71' lang='grc' dir='ltr'>ἐπὶ</span> <span class='ocrx_word' id='word_1_780' title='bbox 2460 3980 2539 4050; x_wconf 82' lang='grc' dir='ltr'><strong>τῷ</strong></span> <span class='ocrx_word' id='word_1_781' title='bbox 2566 3981 2784 4052; x_wconf 83' lang='grc' dir='ltr'>σταυρῷ</span> <span class='ocrx_word' id='word_1_782' title='bbox 2814 3980 2989 4052; x_wconf 80' lang='grc' dir='ltr'>λύπην</span> <span class='ocrx_word' id='word_1_783' title='bbox 3020 3980 3357 4051; x_wconf 83' lang='grc' dir='ltr'>μεταστῆσαι</span> <span class='ocrx_word' id='word_1_784' title='bbox 3386 3979 3523 4049; x_wconf 77' lang='grc' dir='ltr'>πρὸς</span> <span class='ocrx_word' id='word_1_785' title='bbox 3570 3980 3756 4050; x_wconf 77' lang='grc' dir='ltr'>χαρὰν</span> <span class='ocrx_word' id='word_1_786' title='bbox 3778 4020 3793 4043; x_wconf 94' lang='grc'><strong>,</strong></span> <span class='ocrx_word' id='word_1_787' title='bbox 3846 3980 3929 4032; x_wconf 67' lang='grc' dir='ltr'>διὰ</span> 
     </span>
    </p>
   </div>
   <div class='ocr_carea' id='block_1_102' title="bbox 2340 4070 3927 4144">
    <p class='ocr_par' dir='ltr' id='par_1_102' title="bbox 2340 4070 3927 4144">
     <span class='ocr_line' id='line_1_102' title="bbox 2340 4070 3927 4144; baseline 0 -19"><span class='ocrx_word' id='word_1_788' title='bbox 2340 4073 2430 4126; x_wconf 79' lang='grc' dir='ltr'>τοῦ</span> <span class='ocrx_word' id='word_1_789' title='bbox 2460 4074 2628 4140; x_wconf 78' lang='grc' dir='ltr'>δεῖξαι</span> <span class='ocrx_word' id='word_1_790' title='bbox 2656 4074 2802 4144; x_wconf 77' lang='grc' dir='ltr'><strong>αὑτῷ</strong></span> <span class='ocrx_word' id='word_1_791' title='bbox 2836 4072 3300 4144; x_wconf 84' lang='grc' dir='ltr'>μεταποιηθὲντας</span> <span class='ocrx_word' id='word_1_792' title='bbox 3324 4074 3403 4136; x_wconf 85' lang='grc' dir='ltr'><strong>είς</strong></span> <span class='ocrx_word' id='word_1_793' title='bbox 3448 4070 3566 4140; x_wconf 81' lang='grc' dir='ltr'><strong>φῶς</strong></span> <span class='ocrx_word' id='word_1_794' title='bbox 3615 4073 3750 4134; x_wconf 73' lang='grc' dir='ltr'>τούς</span> <span class='ocrx_word' id='word_1_795' title='bbox 3799 4088 3927 4125; x_wconf 63' lang='grc' dir='ltr'>ποτε</span> 
     </span>
    </p>
   </div>
   <div class='ocr_carea' id='block_1_103' title="bbox 2343 4157 3929 4232">
    <p class='ocr_par' dir='ltr' id='par_1_103' title="bbox 2343 4157 3929 4232">
     <span class='ocr_line' id='line_1_103' title="bbox 2343 4157 3929 4232; baseline -0.003 -14"><span class='ocrx_word' id='word_1_796' title='bbox 2343 4166 2553 4230; x_wconf 83' lang='grc' dir='ltr'>σκότος,</span> <span class='ocrx_word' id='word_1_797' title='bbox 2583 4166 2830 4218; x_wconf 83' lang='grc' dir='ltr'>τουτέστι</span> <span class='ocrx_word' id='word_1_798' title='bbox 2858 4164 2983 4226; x_wconf 72' lang='grc' dir='ltr'>τούς</span> <span class='ocrx_word' id='word_1_799' title='bbox 3016 4181 3146 4216; x_wconf 88' lang='grc' dir='ltr'>ποτε</span> <span class='ocrx_word' id='word_1_800' title='bbox 3191 4162 3598 4232; x_wconf 79' lang='grc' dir='ltr'>πλανωμένους·</span> <span class='ocrx_word' id='word_1_801' title='bbox 3639 4157 3726 4226; x_wconf 72' lang='grc' dir='ltr'>οἷς</span> <span class='ocrx_word' id='word_1_802' title='bbox 3778 4165 3874 4215; x_wconf 75' lang='grc' dir='ltr'>καὶ</span> <span class='ocrx_word' id='word_1_803' title='bbox 3899 4164 3929 4214; x_wconf 82' lang='grc' dir='ltr'><strong>ό</strong></span> 
     </span>
    </p>
   </div>
   <div class='ocr_carea' id='block_1_104' title="bbox 2340 4255 3926 4326">
    <p class='ocr_par' dir='ltr' id='par_1_104' title="bbox 2340 4255 3926 4326">
     <span class='ocr_line' id='line_1_104' title="bbox 2340 4255 3926 4326; baseline -0.003 -16"><span class='ocrx_word' id='word_1_804' title='bbox 2340 4259 2615 4326; x_wconf 82' lang='grc' dir='ltr'>πάνσοφος</span> <span class='ocrx_word' id='word_1_805' title='bbox 2638 4258 2847 4317; x_wconf 78' lang='grc' dir='ltr'>Παῦλος</span> <span class='ocrx_word' id='word_1_806' title='bbox 2875 4255 3200 4321; x_wconf 81' lang='grc' dir='ltr'>ἐπιστέλλει,</span> <span class='ocrx_word' id='word_1_807' title='bbox 3232 4255 3404 4323; x_wconf 82' lang='grc' dir='ltr'>λέγων</span> <span class='ocrx_word' id='word_1_808' title='bbox 3428 4271 3441 4283; x_wconf 87' lang='grc'><strong>·</strong></span> <span class='ocrx_word' id='word_1_809' title='bbox 3478 4274 3497 4304; x_wconf 88' lang='grc'>‹</span> <span class='ocrx_word' id='word_1_810' title='bbox 3523 4256 3589 4307; x_wconf 86' lang='grc' dir='ltr'><strong>Οἱ</strong></span> <span class='ocrx_word' id='word_1_811' title='bbox 3628 4256 3763 4307; x_wconf 79' lang='grc' dir='ltr'>ποτὲ</span> <span class='ocrx_word' id='word_1_812' title='bbox 3799 4255 3926 4307; x_wconf 80' lang='grc' dir='ltr'>σκό·</span> 
     </span>
    </p>
   </div>
   <div class='ocr_carea' id='block_1_105' title="bbox 2338 4344 3923 4418">
    <p class='ocr_par' dir='ltr' id='par_1_105' title="bbox 2338 4344 3923 4418">
     <span class='ocr_line' id='line_1_105' title="bbox 2338 4344 3923 4418; baseline -0.002 -17"><span class='ocrx_word' id='word_1_813' title='bbox 2338 4367 2450 4411; x_wconf 77' lang='grc' dir='ltr'>τος,</span> <span class='ocrx_word' id='word_1_814' title='bbox 2485 4349 2601 4401; x_wconf 73' lang='grc' dir='ltr'><strong>νυνλ⁸</strong></span> <span class='ocrx_word' id='word_1_815' title='bbox 2626 4349 2682 4401; x_wconf 77' lang='grc' dir='ltr'>δὲ</span> <span class='ocrx_word' id='word_1_816' title='bbox 2721 4349 2836 4417; x_wconf 86' lang='grc' dir='ltr'><strong>φῶς</strong></span> <span class='ocrx_word' id='word_1_817' title='bbox 2877 4348 2933 4400; x_wconf 83' lang='grc' dir='ltr'><strong>ἐν</strong></span> <span class='ocrx_word' id='word_1_818' title='bbox 2988 4345 3193 4418; x_wconf 82' lang='grc' dir='ltr'>Κυρίῳ.</span> <span class='ocrx_word' id='word_1_819' title='bbox 3223 4366 3242 4398; x_wconf 72' lang='grc' dir='ltr'><strong>ι</strong></span> <span class='ocrx_word' id='word_1_820' title='bbox 3278 4344 3538 4398; x_wconf 80' lang='grc' dir='ltr'>Βούλεται</span> <span class='ocrx_word' id='word_1_821' title='bbox 3593 4345 3806 4398; x_wconf 83' lang='grc' dir='ltr'>πλάσαι</span> <span class='ocrx_word' id='word_1_822' title='bbox 3860 4346 3923 4413; x_wconf 73' lang='grc' dir='ltr'>τῇ</span> 
     </span>
    </p>
   </div>
   <div class='ocr_carea' id='block_1_106' title="bbox 2340 4438 3926 4509">
    <p class='ocr_par' dir='ltr' id='par_1_106' title="bbox 2340 4438 3926 4509">
     <span class='ocr_line' id='line_1_106' title="bbox 2340 4438 3926 4509; baseline -0.001 -18"><span class='ocrx_word' id='word_1_823' title='bbox 2340 4440 2572 4492; x_wconf 81' lang='grc' dir='ltr'>συνέσει.</span> <span class='ocrx_word' id='word_1_824' title='bbox 2611 4438 2719 4491; x_wconf 73' lang='grc' dir='ltr'>Καὶ</span> <span class='ocrx_word' id='word_1_825' title='bbox 2750 4440 2801 4491; x_wconf 86' lang='grc' dir='ltr'><strong>τί</strong></span> <span class='ocrx_word' id='word_1_826' title='bbox 2825 4439 2887 4509; x_wconf 83' lang='grc' dir='ltr'>δὴ</span> <span class='ocrx_word' id='word_1_827' title='bbox 2921 4438 3078 4491; x_wconf 79' lang='grc' dir='ltr'>τοῦτό</span> <span class='ocrx_word' id='word_1_828' title='bbox 3100 4440 3215 4490; x_wconf 76' lang='grc' dir='ltr'>ἐστι</span> <span class='ocrx_word' id='word_1_829' title='bbox 3236 4479 3248 4502; x_wconf 93' lang='grc'><strong>,</strong></span> <span class='ocrx_word' id='word_1_830' title='bbox 3276 4438 3476 4501; x_wconf 83' lang='grc' dir='ltr'>διδάξει</span> <span class='ocrx_word' id='word_1_831' title='bbox 3513 4438 3693 4505; x_wconf 82' lang='grc' dir='ltr'>λέγων</span> <span class='ocrx_word' id='word_1_832' title='bbox 3729 4440 3760 4489; x_wconf 81' lang='grc' dir='ltr'>ὁ</span> <span class='ocrx_word' id='word_1_833' title='bbox 3792 4438 3926 4490; x_wconf 64' lang='grc' dir='ltr'>πάνυ</span> 
     </span>
    </p>
   </div>
   <div class='ocr_carea' id='block_1_107' title="bbox 2340 4528 3924 4600">
    <p class='ocr_par' dir='ltr' id='par_1_107' title="bbox 2340 4528 3924 4600">
     <span class='ocr_line' id='line_1_107' title="bbox 2340 4528 3924 4600; baseline -0.001 -19"><span class='ocrx_word' id='word_1_834' title='bbox 2340 4547 2501 4600; x_wconf 88' lang='grc' dir='ltr'>σοφος</span> <span class='ocrx_word' id='word_1_835' title='bbox 2525 4529 2736 4594; x_wconf 60' lang='lat' dir='ltr'><strong>lIatiiM;</strong></span> <span class='ocrx_word' id='word_1_836' title='bbox 2754 4548 2767 4562; x_wconf 81' lang='grc' dir='ltr'><strong>ο</strong></span> <span class='ocrx_word' id='word_1_837' title='bbox 2798 4549 2815 4579; x_wconf 81' lang='grc' dir='ltr'><strong>ι</strong></span> <span class='ocrx_word' id='word_1_838' title='bbox 2848 4531 2906 4582; x_wconf 84' lang='grc' dir='ltr'><strong>Ἡ</strong></span> <span class='ocrx_word' id='word_1_839' title='bbox 2917 4532 3034 4599; x_wconf 80' lang='grc' dir='ltr'>μεῖς</span> <span class='ocrx_word' id='word_1_840' title='bbox 3054 4528 3161 4598; x_wconf 80' lang='grc' dir='ltr'><strong>γάρ</strong></span> <span class='ocrx_word' id='word_1_841' title='bbox 3189 4529 3387 4592; x_wconf 83' lang='grc' dir='ltr'>πάντες</span> <span class='ocrx_word' id='word_1_842' title='bbox 3411 4529 3924 4598; x_wconf 59' lang='grc' dir='ltr'>ἀνακεκαλυμμένῳ</span> 
     </span>
    </p>
   </div>
   <div class='ocr_carea' id='block_1_108' title="bbox 2335 4620 3923 4694">
    <p class='ocr_par' dir='ltr' id='par_1_108' title="bbox 2335 4620 3923 4694">
     <span class='ocr_line' id='line_1_108' title="bbox 2335 4620 3923 4694; baseline -0.003 -18"><span class='ocrx_word' id='word_1_843' title='bbox 2335 4622 2610 4694; x_wconf 84' lang='grc' dir='ltr'>προσώπῳ</span> <span class='ocrx_word' id='word_1_844' title='bbox 2637 4622 2733 4691; x_wconf 76' lang='grc' dir='ltr'>τὴν</span> <span class='ocrx_word' id='word_1_845' title='bbox 2761 4622 2918 4688; x_wconf 80' lang='grc' dir='ltr'>δόξαν</span> <span class='ocrx_word' id='word_1_846' title='bbox 2939 4621 3140 4690; x_wconf 85' lang='grc' dir='ltr'>Κυρίου</span> <span class='ocrx_word' id='word_1_847' title='bbox 3156 4620 3670 4690; x_wconf 77' lang='grc' dir='ltr'>κατοπτριζόμενοι,</span> <span class='ocrx_word' id='word_1_848' title='bbox 3700 4622 3803 4691; x_wconf 82' lang='grc' dir='ltr'><strong>τὴν</strong></span> <span class='ocrx_word' id='word_1_849' title='bbox 3825 4621 3923 4674; x_wconf 76' lang='grc' dir='ltr'>αὐ-</span> 
     </span>
    </p>
   </div>
   <div class='ocr_carea' id='block_1_109' title="bbox 2331 4712 3916 4786">
    <p class='ocr_par' dir='ltr' id='par_1_109' title="bbox 2331 4712 3916 4786">
     <span class='ocr_line' id='line_1_109' title="bbox 2331 4712 3916 4786; baseline -0.002 -18"><span class='ocrx_word' id='word_1_850' title='bbox 2331 4714 2429 4786; x_wconf 79' lang='grc' dir='ltr'><strong>τὴν</strong></span> <span class='ocrx_word' id='word_1_851' title='bbox 2478 4714 2662 4768; x_wconf 83' lang='grc' dir='ltr'>εἰκόνα</span> <span class='ocrx_word' id='word_1_852' title='bbox 2723 4713 3218 4785; x_wconf 76' lang='grc' dir='ltr'>μεταμορφούμεθα</span> <span class='ocrx_word' id='word_1_853' title='bbox 3260 4712 3369 4765; x_wconf 80' lang='grc' dir='ltr'><strong>ἀπὸ</strong></span> <span class='ocrx_word' id='word_1_854' title='bbox 3406 4712 3567 4781; x_wconf 78' lang='grc' dir='ltr'>δόξης</span> <span class='ocrx_word' id='word_1_855' title='bbox 3601 4714 3685 4775; x_wconf 86' lang='grc' dir='ltr'><strong>είς</strong></span> <span class='ocrx_word' id='word_1_856' title='bbox 3721 4713 3916 4776; x_wconf 77' lang='grc' dir='ltr'>δόξαν,</span> 
     </span>
    </p>
   </div>
   <div class='ocr_carea' id='block_1_110' title="bbox 2331 4804 3918 4876">
    <p class='ocr_par' dir='ltr' id='par_1_110' title="bbox 2331 4804 3918 4876">
     <span class='ocr_line' id='line_1_110' title="bbox 2331 4804 3918 4876; baseline 0.001 -19"><span class='ocrx_word' id='word_1_857' title='bbox 2331 4804 2583 4874; x_wconf 86' lang='grc' dir='ltr'>καθάπερ</span> <span class='ocrx_word' id='word_1_858' title='bbox 2612 4805 2718 4857; x_wconf 79' lang='grc' dir='ltr'><strong>ἀπὸ</strong></span> <span class='ocrx_word' id='word_1_859' title='bbox 2749 4806 2955 4876; x_wconf 81' lang='grc' dir='ltr'>Κυρίου</span> <span class='ocrx_word' id='word_1_860' title='bbox 2983 4804 3316 4874; x_wconf 77' lang='grc' dir='ltr'>[Ινεύματος.</span> <span class='ocrx_word' id='word_1_861' title='bbox 3344 4824 3360 4854; x_wconf 81' lang='grc' dir='ltr'><strong>ι</strong></span> <span class='ocrx_word' id='word_1_862' title='bbox 3394 4806 3455 4856; x_wconf 84' lang='grc' dir='ltr'><strong>Οἱ</strong></span> <span class='ocrx_word' id='word_1_863' title='bbox 3486 4804 3590 4873; x_wconf 82' lang='grc' dir='ltr'><strong>μὲν</strong></span> <span class='ocrx_word' id='word_1_864' title='bbox 3622 4809 3734 4874; x_wconf 76' lang='grc' dir='ltr'>γὰρ</span> <span class='ocrx_word' id='word_1_865' title='bbox 3771 4806 3918 4867; x_wconf 74' lang='grc' dir='ltr'>ὄντες</span> 
     </span>
    </p>
   </div>
   <div class='ocr_carea' id='block_1_111' title="bbox 2331 4895 3916 4967">
    <p class='ocr_par' dir='ltr' id='par_1_111' title="bbox 2331 4895 3916 4967">
     <span class='ocr_line' id='line_1_111' title="bbox 2331 4895 3916 4967; baseline 0.001 -19"><span class='ocrx_word' id='word_1_866' title='bbox 2331 4896 2389 4949; x_wconf 85' lang='grc' dir='ltr'>ὲν</span> <span class='ocrx_word' id='word_1_867' title='bbox 2422 4895 2742 4967; x_wconf 83' lang='grc' dir='ltr'>ἁμαρτίαις,</span> <span class='ocrx_word' id='word_1_868' title='bbox 2773 4897 2865 4949; x_wconf 75' lang='grc' dir='ltr'><strong>καὶ</strong></span> <span class='ocrx_word' id='word_1_869' title='bbox 2890 4896 2987 4966; x_wconf 83' lang='grc' dir='ltr'>τὴν</span> <span class='ocrx_word' id='word_1_870' title='bbox 3012 4896 3190 4949; x_wconf 89' lang='grc' dir='ltr'>κτίσιν</span> <span class='ocrx_word' id='word_1_871' title='bbox 3223 4896 3375 4964; x_wconf 78' lang='grc' dir='ltr'>παρα</span> <span class='ocrx_word' id='word_1_872' title='bbox 3412 4896 3504 4947; x_wconf 81' lang='grc' dir='ltr'>τὸν</span> <span class='ocrx_word' id='word_1_873' title='bbox 3549 4896 3796 4967; x_wconf 85' lang='grc' dir='ltr'>Κτίστην</span> <span class='ocrx_word' id='word_1_874' title='bbox 3827 4895 3916 4949; x_wconf 68' lang='lat' dir='ltr'><strong>Iu-</strong></span> 
     </span>
    </p>
   </div>
   <div class='ocr_carea' id='block_1_112' title="bbox 2332 4985 3912 5057">
    <p class='ocr_par' dir='ltr' id='par_1_112' title="bbox 2332 4985 3912 5057">
     <span class='ocr_line' id='line_1_112' title="bbox 2332 4985 3912 5057; baseline -0.001 -19"><span class='ocrx_word' id='word_1_875' title='bbox 2332 4986 2636 5057; x_wconf 82' lang='grc' dir='ltr'>τρεύοντες,</span> <span class='ocrx_word' id='word_1_876' title='bbox 2698 4987 2913 5054; x_wconf 76' lang='grc' dir='ltr'>δυσειὸῆ</span> <span class='ocrx_word' id='word_1_877' title='bbox 2971 5003 3087 5051; x_wconf 84' lang='grc' dir='ltr'><strong>πως</strong></span> <span class='ocrx_word' id='word_1_878' title='bbox 3133 4985 3314 5055; x_wconf 77' lang='grc' dir='ltr'>ἔχουσι</span> <span class='ocrx_word' id='word_1_879' title='bbox 3344 4986 3441 5055; x_wconf 77' lang='grc' dir='ltr'>τὴν</span> <span class='ocrx_word' id='word_1_880' title='bbox 3496 4986 3770 5055; x_wconf 81' lang='grc' dir='ltr'>καρδίαν,</span> <span class='ocrx_word' id='word_1_881' title='bbox 3823 4986 3912 5039; x_wconf 76' lang='grc' dir='ltr'><strong>καὶ</strong></span> 
     </span>
    </p>
   </div>
   <div class='ocr_carea' id='block_1_113' title="bbox 2333 5076 3913 5147">
    <p class='ocr_par' dir='ltr' id='par_1_113' title="bbox 2333 5076 3913 5147">
     <span class='ocr_line' id='line_1_113' title="bbox 2333 5076 3913 5147; baseline -0.003 -16"><span class='ocrx_word' id='word_1_882' title='bbox 2333 5077 2737 5147; x_wconf 85' lang='grc' dir='ltr'>ἀκαλλεστάτην</span> <span class='ocrx_word' id='word_1_883' title='bbox 2794 5077 2993 5147; x_wconf 84' lang='grc' dir='ltr'>σφόδρα</span> <span class='ocrx_word' id='word_1_884' title='bbox 3054 5084 3148 5146; x_wconf 74' lang='grc' dir='ltr'>τὴν</span> <span class='ocrx_word' id='word_1_885' title='bbox 3197 5076 3456 5130; x_wconf 79' lang='grc' dir='ltr'>διάνοιαν.</span> <span class='ocrx_word' id='word_1_886' title='bbox 3507 5077 3747 5145; x_wconf 75' lang='grc' dir='ltr'>Εἴρηται</span> <span class='ocrx_word' id='word_1_887' title='bbox 3786 5076 3913 5143; x_wconf 80' lang='grc' dir='ltr'>γοῦν</span> 
     </span>
    </p>
   </div>
   <div class='ocr_carea' id='block_1_114' title="bbox 2336 5167 3913 5240">
    <p class='ocr_par' dir='ltr' id='par_1_114' title="bbox 2336 5167 3913 5240">
     <span class='ocr_line' id='line_1_114' title="bbox 2336 5167 3913 5240; baseline -0.003 -19"><span class='ocrx_word' id='word_1_888' title='bbox 2336 5170 2472 5240; x_wconf 84' lang='grc' dir='ltr'>πρός</span> <span class='ocrx_word' id='word_1_889' title='bbox 2507 5187 2627 5221; x_wconf 87' lang='grc' dir='ltr'>τινα</span> <span class='ocrx_word' id='word_1_890' title='bbox 2656 5169 2745 5222; x_wconf 72' lang='grc' dir='ltr'><strong>διά</strong></span> <span class='ocrx_word' id='word_1_891' title='bbox 2774 5170 2873 5239; x_wconf 78' lang='grc' dir='ltr'><strong>τῆς</strong></span> <span class='ocrx_word' id='word_1_892' title='bbox 2891 5169 3152 5238; x_wconf 84' lang='grc' dir='ltr'>Ἱερεμίου</span> <span class='ocrx_word' id='word_1_893' title='bbox 3178 5167 3361 5236; x_wconf 82' lang='grc' dir='ltr'>φωνῆς</span> <span class='ocrx_word' id='word_1_894' title='bbox 3380 5185 3393 5198; x_wconf 71' lang='grc' dir='ltr'><strong>ι</strong></span> <span class='ocrx_word' id='word_1_895' title='bbox 3420 5187 3438 5217; x_wconf 78' lang='grc' dir='ltr'><strong>ι</strong></span> <span class='ocrx_word' id='word_1_896' title='bbox 3485 5168 3618 5220; x_wconf 75' lang='grc' dir='ltr'>Ἰδοὺ</span> <span class='ocrx_word' id='word_1_897' title='bbox 3641 5169 3744 5220; x_wconf 74' lang='grc' dir='ltr'><strong>οὐκ</strong></span> <span class='ocrx_word' id='word_1_898' title='bbox 3776 5168 3913 5219; x_wconf 72' lang='grc' dir='ltr'>εἰσὶν</span> 
     </span>
    </p>
   </div>
   <div class='ocr_carea' id='block_1_115' title="bbox 2332 5256 3913 5328">
    <p class='ocr_par' dir='ltr' id='par_1_115' title="bbox 2332 5256 3913 5328">
     <span class='ocr_line' id='line_1_115' title="bbox 2332 5256 3913 5328; baseline -0.004 -15"><span class='ocrx_word' id='word_1_899' title='bbox 2332 5260 2381 5314; x_wconf 76' lang='grc' dir='ltr'><strong>οἱ</strong></span> <span class='ocrx_word' id='word_1_900' title='bbox 2412 5258 2682 5328; x_wconf 79' lang='grc' dir='ltr'>ὀφθαλμοί</span> <span class='ocrx_word' id='word_1_901' title='bbox 2710 5275 2824 5320; x_wconf 85' lang='grc' dir='ltr'>σου,</span> <span class='ocrx_word' id='word_1_902' title='bbox 2856 5258 2975 5311; x_wconf 78' lang='grc' dir='ltr'>οὐδὲ</span> <span class='ocrx_word' id='word_1_903' title='bbox 3007 5259 3039 5327; x_wconf 82' lang='grc' dir='ltr'>ἡ</span> <span class='ocrx_word' id='word_1_904' title='bbox 3068 5257 3263 5325; x_wconf 81' lang='grc' dir='ltr'>καρδία</span> <span class='ocrx_word' id='word_1_905' title='bbox 3289 5273 3381 5309; x_wconf 89' lang='grc' dir='ltr'><strong>σου</strong></span> <span class='ocrx_word' id='word_1_906' title='bbox 3420 5256 3584 5324; x_wconf 78' lang='grc' dir='ltr'>καλή.</span> <span class='ocrx_word' id='word_1_907' title='bbox 3611 5275 3631 5306; x_wconf 76' lang='grc' dir='ltr'><strong>ι</strong></span> <span class='ocrx_word' id='word_1_908' title='bbox 3663 5256 3913 5308; x_wconf 69' lang='grc' dir='ltr'>Ἐπειδὰν</span> 
     </span>
    </p>
   </div>
   <div class='ocr_carea' id='block_1_116' title="bbox 2334 5346 3911 5420">
    <p class='ocr_par' dir='ltr' id='par_1_116' title="bbox 2334 5346 3911 5420">
     <span class='ocr_line' id='line_1_116' title="bbox 2334 5346 3911 5420; baseline -0.004 -17"><span class='ocrx_word' id='word_1_909' title='bbox 2334 5351 2390 5404; x_wconf 79' lang='grc' dir='ltr'>δὲ</span> <span class='ocrx_word' id='word_1_910' title='bbox 2436 5354 2533 5420; x_wconf 77' lang='grc' dir='ltr'>τὴν</span> <span class='ocrx_word' id='word_1_911' title='bbox 2576 5353 2655 5414; x_wconf 85' lang='grc' dir='ltr'>εἰς</span> <span class='ocrx_word' id='word_1_912' title='bbox 2699 5350 2933 5419; x_wconf 71' lang='grc' dir='ltr'>Χριστὸν</span> <span class='ocrx_word' id='word_1_913' title='bbox 2969 5348 3396 5420; x_wconf 80' lang='grc' dir='ltr'>παραδέξωνται,</span> <span class='ocrx_word' id='word_1_914' title='bbox 3440 5346 3911 5415; x_wconf 77' lang='grc' dir='ltr'>μεταπλάττοντσι</span> 
     </span>
    </p>
   </div>
   <div class='ocr_carea' id='block_1_117' title="bbox 2334 5439 3909 5515">
    <p class='ocr_par' dir='ltr' id='par_1_117' title="bbox 2334 5439 3909 5515">
     <span class='ocr_line' id='line_1_117' title="bbox 2334 5439 3909 5515; baseline -0.003 -19"><span class='ocrx_word' id='word_1_915' title='bbox 2334 5443 2538 5515; x_wconf 88' lang='grc' dir='ltr'>νοητῶς</span> <span class='ocrx_word' id='word_1_916' title='bbox 2573 5442 2707 5513; x_wconf 79' lang='grc' dir='ltr'>πρὸς</span> <span class='ocrx_word' id='word_1_917' title='bbox 2733 5443 2793 5495; x_wconf 86' lang='grc' dir='ltr'><strong>τὸ</strong></span> <span class='ocrx_word' id='word_1_918' title='bbox 2823 5444 2965 5496; x_wconf 85' lang='grc' dir='ltr'>Θεῖον</span> <span class='ocrx_word' id='word_1_919' title='bbox 3002 5440 3168 5494; x_wconf 80' lang='grc' dir='ltr'>αὐτοῦ</span> <span class='ocrx_word' id='word_1_920' title='bbox 3228 5442 3319 5493; x_wconf 83' lang='grc' dir='ltr'>καὶ</span> <span class='ocrx_word' id='word_1_921' title='bbox 3359 5440 3639 5510; x_wconf 72' lang='grc' dir='ltr'>ἐξαίρετον</span> <span class='ocrx_word' id='word_1_922' title='bbox 3690 5439 3909 5499; x_wconf 73' lang='grc' dir='ltr'>καλλος.</span> 
     </span>
    </p>
   </div>
   <div class='ocr_carea' id='block_1_118' title="bbox 2332 5530 3910 5606">
    <p class='ocr_par' dir='ltr' id='par_1_118' title="bbox 2332 5530 3910 5606">
     <span class='ocr_line' id='line_1_118' title="bbox 2332 5530 3910 5606; baseline -0.004 -18"><span class='ocrx_word' id='word_1_923' title='bbox 2332 5536 2537 5606; x_wconf 80' lang='grc' dir='ltr'>Γράφει</span> <span class='ocrx_word' id='word_1_924' title='bbox 2569 5534 2699 5603; x_wconf 74' lang='grc' dir='ltr'>γοῖν</span> <span class='ocrx_word' id='word_1_925' title='bbox 2731 5552 2870 5588; x_wconf 84' lang='grc' dir='ltr'>τισιν</span> <span class='ocrx_word' id='word_1_926' title='bbox 2891 5538 2919 5587; x_wconf 85' lang='grc' dir='ltr'><strong><em>ὁ</em></strong></span> <span class='ocrx_word' id='word_1_927' title='bbox 2955 5534 3229 5603; x_wconf 85' lang='grc' dir='ltr'>πάνσοφος</span> <span class='ocrx_word' id='word_1_928' title='bbox 3259 5532 3496 5594; x_wconf 82' lang='grc' dir='ltr'>Παῦλος·</span> <span class='ocrx_word' id='word_1_929' title='bbox 3526 5549 3545 5579; x_wconf 74' lang='grc' dir='ltr'><strong>ι</strong></span> <span class='ocrx_word' id='word_1_930' title='bbox 3571 5531 3793 5590; x_wconf 81' lang='grc' dir='ltr'>Τεκνία,</span> <span class='ocrx_word' id='word_1_931' title='bbox 3816 5530 3910 5591; x_wconf 68' lang='grc' dir='ltr'><strong>οὓς</strong></span> 
     </span>
    </p>
   </div>
   <div class='ocr_carea' id='block_1_119' title="bbox 2334 5622 3905 5697">
    <p class='ocr_par' dir='ltr' id='par_1_119' title="bbox 2334 5622 3905 5697">
     <span class='ocr_line' id='line_1_119' title="bbox 2334 5622 3905 5697; baseline -0.005 -16"><span class='ocrx_word' id='word_1_932' title='bbox 2334 5629 2492 5682; x_wconf 81' lang='grc' dir='ltr'>πάλιν</span> <span class='ocrx_word' id='word_1_933' title='bbox 2522 5630 2713 5693; x_wconf 69' lang='grc' dir='ltr'>ὠτὶίνιο,</span> <span class='ocrx_word' id='word_1_934' title='bbox 2766 5628 2921 5697; x_wconf 84' lang='grc' dir='ltr'>ἄχρις</span> <span class='ocrx_word' id='word_1_935' title='bbox 2953 5622 3012 5679; x_wconf 71' lang='grc' dir='ltr'><strong>οὗ</strong></span> <span class='ocrx_word' id='word_1_936' title='bbox 3049 5627 3308 5697; x_wconf 72' lang='grc' dir='ltr'>μορφωθῇ</span> <span class='ocrx_word' id='word_1_937' title='bbox 3346 5624 3579 5695; x_wconf 80' lang='grc' dir='ltr'>Χριστὸς</span> <span class='ocrx_word' id='word_1_938' title='bbox 3605 5626 3662 5674; x_wconf 70' lang='grc' dir='ltr'>ἐν</span> <span class='ocrx_word' id='word_1_939' title='bbox 3696 5625 3847 5692; x_wconf 73' lang='grc' dir='ltr'>ὑμῖν.</span> <span class='ocrx_word' id='word_1_940' title='bbox 3883 5640 3905 5674; x_wconf 75' lang='grc' dir='ltr'><strong>ι</strong></span> 
     </span>
    </p>
   </div>
   <div class='ocr_carea' id='block_1_120' title="bbox 2666 5801 3679 5871">
    <p class='ocr_par' dir='ltr' id='par_1_120' title="bbox 2666 5801 3679 5871">
     <span class='ocr_line' id='line_1_120' title="bbox 2666 5801 3679 5871; baseline -0.004 -9"><span class='ocrx_word' id='word_1_941' title='bbox 2666 5809 2707 5840; x_wconf 84' lang='grc'><strong>⁸¹</strong></span> <span class='ocrx_word' id='word_1_942' title='bbox 2745 5805 2850 5863; x_wconf 84' lang='lat' dir='ltr'><strong>Jer.</strong></span> <span class='ocrx_word' id='word_1_943' title='bbox 2886 5823 3019 5871; x_wconf 69' lang='lat' dir='ltr'><strong>nit,</strong></span> <span class='ocrx_word' id='word_1_944' title='bbox 3068 5807 3150 5861; x_wconf 82' lang='grc' dir='ltr'>Π.</span> <span class='ocrx_word' id='word_1_945' title='bbox 3228 5806 3271 5837; x_wconf 70' lang='grc' dir='ltr'><strong>δ’</strong></span> <span class='ocrx_word' id='word_1_946' title='bbox 3311 5803 3428 5858; x_wconf 84' lang='lat' dir='ltr'><strong>Gal.</strong></span> <span class='ocrx_word' id='word_1_947' title='bbox 3472 5818 3544 5867; x_wconf 69' lang='lat' dir='ltr'><strong>tr,</strong></span> <span class='ocrx_word' id='word_1_948' title='bbox 3592 5801 3679 5859; x_wconf 82' lang='lat' dir='ltr'><strong>l9.</strong></span> 
     </span>
    </p>
   </div>
  </div>
