4140 6486
303 404 444 460 1189

1433 406 1502 461 ΙΝ
1543 405 1778 462 ISAIAM
1821 405 1951 463 LIB.
1992 405 2058 463 ν.
2102 403 2341 462 TOMUS
2383 405 2419 458 Ι.

3415 400 3553 456 “90

304 520 562 574 Βούλεται
590 523 768 575 τοίνυν
787 523 814 576 ὀ
840 521 973 586 Θεὸς
1022 524 1116 576 καὶ
1149 525 1341 596 Πατὴρ
1367 528 1434 595 τῇ
1466 524 1699 588 συνέσει,
1725 542 1880 578 τουτ-

1993 523 2395 594 praedestinavit
2445 519 2746 574 coiiformes
2800 517 3018 587 imagini
3067 515 3190 582 Filii
3223 516 3327 581 sui,
3371 517 3469 570 hos
3497 520 3552 568 et

305 613 422 666 ἐστι
443 615 506 684 τῇ
537 611 730 666 ἑαυτοῦ
767 613 952 683 σοφίᾳ,
974 613 1266 686 θεοπρεπεί
1293 615 1348 668 δὲ
1370 615 1634 687 δηλονότι,
1660 613 1888 668 διαπλά·

303 720 396 757 σαι
423 705 560 776 πρὸς
585 705 746 757 αὐτὸν
783 704 910 768 τοὺς
934 704 1312 771 πιστεύοντας,
1360 707 1636 778 ἀποφῆναί
1662 725 1718 760 τε
1751 724 1886 776 συμ-

306 795 549 868 μόρφους
579 795 727 867 αὐτῷ
755 797 822 849 δι’
851 795 1143 867 ἁγιασμοῦ·
1162 799 1220 851 ὲν
1241 798 1534 868 πνεύματι.
1581 818 1598 850 t
1629 797 1734 861 Οὓς
1775 800 1885 868 γὰρ

300 884 465 952 ιγνω,
505 885 660 956 φησὶ,
715 885 810 939 καὶ
841 885 1118 958 προώρισε
1164 888 1525 958 συμμόρφους
1553 888 1653 956 τῆς
1682 889 1885 952 εἰκόνος

299 973 401 1028 τοῦ
445 973 575 1028 Υίοῦ
607 975 795 1040 αὑτοῦ,
847 975 1072 1040 τούτους
1121 978 1216 1030 καὶ
1256 977 1502 1031 ἐκάλεσε.
1541 997 1560 1028 ι
1601 978 1798 1030 Κτίσαι
1829 977 1884 1030 δὲ

301 1065 519 1133 λέγεται
571 1064 702 1127 Θεὸς
733 1065 827 1118 καὶ
856 1066 984 1128 τοὺς
1013 1065 1108 1119 δύο
1144 1065 1306 1129 λαοὺς
1336 1068 1416 1128 είς
1445 1067 1540 1118 ἕνα
1571 1067 1755 1119 καινὸν
1791 1065 1885 1119 ἄν-

303 1150 808 1228 θρῶπονΒούλεται
833 1157 911 1222 δὲ,
931 1153 1104 1226 οἶμαι,
1124 1159 1151 1209 ό
1165 1158 1315 1219 Θεὸς,
1344 1158 1436 1209 καὶ
1465 1156 1652 1227 Πατὴρ
1668 1157 1886 1210 δικαιῶο

304 1263 397 1297 σαι
417 1245 645 1308 δίκαιον,
677 1241 735 1300 εὖ
767 1247 1084 1300 δουλεύοντα
1114 1247 1348 1310 πολλοῖς,
1373 1248 1466 1300 καὶ
1487 1248 1585 1309 τὰς
1611 1247 1884 1318 ἁμαρτίας

301 1337 484 1390 αὐτῶν
512 1339 672 1400 αὐτὸς
701 1339 912 1409 ἀνήσει.
960 1339 1016 1391 '0
1044 1339 1143 1408 μὲν
1167 1335 1260 1392 οὖν
1310 1339 1515 1403 δίκαιος
1537 1335 1594 1392 εὖ
1625 1339 1886 1392 δουλεύων

303 1427 539 1492 πολλοῖς,
563 1429 778 1501 νοηθείη
807 1429 873 1482 ἂν
892 1430 990 1500 οὑχ
1010 1429 1218 1500 ἕτερος,
1253 1425 1426 1500 οἶμαί,
1464 1431 1553 1492 τίς
1576 1470 1590 1494 ,
1643 1430 1794 1500 παρά
1825 1445 1886 1497 γε

302 1518 397 1570 τὸν
444 1519 646 1590 Κύριον
693 1521 848 1591 ήμῶν
889 1519 1093 1591 Ἰησοῦν
1114 1519 1202 1572 τὸν
1235 1520 1487 1591 Χριστόν.
1515 1521 1589 1574 Οὐ
1626 1521 1734 1591 γὰρ
1754 1516 1887 1591 ἦλθε

303 1610 707 1681 διακονηθῆναι,
749 1610 893 1664 καθά
918 1628 1080 1682 φησιν
1102 1612 1285 1678 αὐτὸς,
1313 1612 1632 1681 διακονῆσαι
1665 1612 1720 1665 δὲ
1751 1611 1885 1682 μᾶλ-

305 1701 418 1769 λον,
447 1702 586 1756 κατά
606 1703 704 1775 τήν
737 1705 833 1775 τῆς
864 1705 1328 1775 ὲνανθρωπήσεως
1346 1704 1892 1776 οἰκονομίαν.Ταύτῃ-

1988 613 2199 669 vocavit
2227 613 2338 664 “.t
2391 611 2459 665 Et
2501 609 2808 665 condidisse
2853 609 3052 663 dicitur
3095 608 3233 664 Deus
3282 607 3336 662 in
3385 621 3552 661 unum

1985 719 2182 761 novnm
2237 705 2511 759 hominem
2554 704 2688 759 duos
2735 702 2993 774 populos;
3043 701 3283 772 vultque,
3337 700 3552 770 opinor,

1988 798 2128 853 Deus
2182 796 2420 852 etPater
2457 795 2759 863 justilicare
2797 794 2998 862 justum
3043 793 3180 848 bene
3227 795 3552 848 servientem

1989 890 2194 954 multis,
2241 897 2296 944 et
2345 899 2563 956 peccata
2606 901 2792 942 eorum
2821 887 2935 954 ipse
2963 887 3218 940 remittet.
3245 885 3428 940 Justus
3457 901 3593 978 ιιυοὶ

1992 992 2098 1037 tem
2153 981 2291 1036 bene
2345 981 2586 1036 serviens
2640 979 2842 1044 multis,
2879 994 2987 1032 non
3027 978 3192 1043 alius,
3217 986 3276 1031 ut
3299 978 3551 1042 arbitror,

1987 1074 2276 1143 quisquam
2303 1071 2528 1142 intelligi
2559 1079 2754 1138 potest,
2785 1077 2979 1138 pra-ter
3007 1068 3288 1123 Dominum
3314 1078 3554 1125 nostrum

1984 1166 2168 1221 Jesum
2203 1165 2498 1221 Christum.
2545 1160 2660 1216 Non
2697 1161 2839 1215 enim
2875 1162 3020 1215 venit
3043 1170 3100 1215 ut
3124 1162 3172 1215 ei
3199 1161 3556 1226 ministretur,

1986 1256 2142 1310 sicuti
2169 1256 2284 1326 ipse
2313 1255 2388 1308 ait
2415 1253 2484 1316 ⁸⁸,
2540 1253 2634 1306 sed
2678 1259 2735 1304 ut
2765 1250 3033 1303 ministret
3063 1249 3262 1318 potius,
3313 1251 3558 1303 inhuma-

1989 1347 2222 1400 nationis
2287 1343 2707 1412 dispensatione.
2785 1338 2922 1394 Hinc
3004 1339 3339 1411 visumlest
3402 1340 3561 1394 beato

1987 1437 2154 1491 Paulo
2193 1452 2316 1494 eum
2351 1435 2660 1489 ministrum
2698 1433 2898 1486 dicere.
2946 1431 3035 1484 Ait
3073 1431 3215 1485 enim
3251 1431 3318 1484 de
3355 1429 3472 1498 lege
3504 1439 3560 1485 et

1986 1528 2135 1583 Novo
2171 1527 2520 1582 Testamento
2554 1543 2567 1578 :
2613 1544 2631 1575 ι
2665 1524 2722 1578 Si
2747 1525 2890 1578 enim
2915 1522 3272 1578 ministerium
3304 1523 3558 1576 COndetno

1989 1621 2223 1674 nationis
2264 1618 2430 1688 gloria
2486 1616 2743 1686 (gloriosa
2797 1617 2939 1670 enim
2988 1613 3133 1668 facta
3195 1623 3314 1668 erat
3360 1614 3562 1684 Moysis

1986 1716 2284 1783 persona),
2328 1710 2496 1765 multo
2541 1708 2705 1780 75al
2745 1709 2916 1778 magis
2951 1706 3165 1763 excellit
3196 1706 3554 1762 ministerium

303 1809 390 1846 τοι
419 1792 661 1848 διάκονον
686 1795 855 1848 ἐδόκει
877 1796 1056 1864 λέγειν
1083 1795 1161 1864 τῷ
1184 1796 1437 1866 μακαρίῳ
1481 1794 1694 1864 Παύλῳ.
1742 1795 1883 1866 Ἔφη

1993 1803 2206 1868 iustitia:
2246 1803 2296 1856 in
2325 1800 2491 1871 gloria
2521 1800 2590 1853 ⁸³.
2630 1819 2649 1851 ι
2681 1798 2865 1854 Justus
2894 1799 3055 1868 igitur
3078 1808 3132 1853 et
3167 1798 3556 1868 irrepreheusi-

304 1885 417 1960 γὰρ
448 1887 654 1957 περξτε
682 1887 775 1941 τοῦ
797 1889 960 1959 νόμου
1000 1890 1094 1942 καὶ
1121 1891 1218 1960 τῆς
1249 1890 1452 1958 Καινῆς
1486 1888 1884 1958 ΔιαθήκηςοιΕῑ

1993 1893 2111 1947 bilis
2147 1868 2418 1956 Christus,
2453 1891 2590 1945 bene
2617 1889 2857 1943 serviens
2894 1889 3098 1945 multis.
3128 1888 3378 1943 Formam
3411 1889 3554 1943 enim

305 1980 415 2051 γὰρ
437 1982 468 2045 ὴ
495 1981 738 2034 διακονία
762 1982 861 2051 τῆς
886 1981 1264 2052 κατακρίσεως
1289 1981 1414 2044 δόξα
1455 1979 1885 2052 (δεδόξαστογὶρ

305 2071 370 2124 τὸ
399 2072 640 2133 Μωσέως
662 2074 994 2142 πρόσωπον),
1017 2071 1195 2142 πολλῷ
1233 2072 1432 2142 μᾶλλον
1455 2071 1699 2142 διαφέρει
1725 2071 1758 2138 ή
1781 2069 1888 2122 δια-

307 2160 463 2215 κονία
494 2163 593 2232 τῆς
623 2162 970 2234 δικαιοσύνης
998 2167 1054 2216 ὲν
1084 2165 1230 2237 δόξῃ.
1259 2183 1276 2216 ι
1311 2164 1529 2226 Δίκαιος
1577 2161 1758 2217 τοίνυν
1793 2162 1886 2216 καὶ

305 2257 540 2326 ἄμωμος
561 2258 589 2309 ὁ
611 2257 843 2327 Χριστὸς
876 2253 933 2310 εὖ
965 2257 1229 2311 δουλεύων
1278 2257 1511 2318 πολλοῖς.
1548 2254 1748 2309 Ἔλαῦε
1777 2253 1887 2326 γὰρ

303 2345 495 2398 δούλου
525 2348 737 2418 μορφὴν
763 2348 893 2410 Θεὸς
925 2347 1000 2400 ῶν
1023 2350 1050 2400 ό
1080 2347 1270 2416 Λόγος,
1295 2348 1393 2418 οὐχ
1421 2346 1508 2400 ἵνα
1535 2345 1633 2417 τὴν
1677 2344 1888 2399 οἰκείαν

307 2439 472 2502 αὐτὸς
504 2440 675 2512 ὀνήσῃ
698 2439 878 2508 φύσιν,
909 2440 1026 2494 ἀλλ’
1055 2443 1186 2512 ἡμῖν
1213 2441 1307 2493 καὶ
1345 2439 1505 2493 τοῦτο
1525 2437 1884 2510 δωρούμενος,

306 2529 407 2582 καὶ
443 2527 631 2598 ῶσπερ
683 2529 805 2583 τινὰ
853 2529 1126 2584 διακονίαν
1155 2529 1489 2601 ἀποπληρῶν
1524 2528 1603 2590 είς
1629 2529 1794 2597 ἡμᾶς,
1822 2526 1888 2579 δι’

305 2613 378 2682 ἧς
404 2621 496 2674 καὶ
520 2620 860 2690 σεσώσμεθα,
892 2619 1203 2674 Δικαιοῦταί
1227 2637 1290 2689 γε
1327 2619 1434 2692 μὴν
1458 2619 1557 2691 τὴν
1589 2619 1683 2673 τοῦ
1716 2620 1889 2672 δοκεῖν

306 2704 451 2762 εἶναι
474 2709 730 2780 πονηρὸς,
769 2711 888 2781 ἦτοι
905 2709 1128 2771 δικαίως
1153 2709 1346 2761 παθεῖν
1372 2708 1464 2760 τὸν
1489 2709 1583 2760 ἐπὶ
1607 2706 1763 2772 ξύλου
1792 2706 1888 2761 θά-

306 2815 489 2863 νατον,
526 2799 760 2868 ὑποψίαν
790 2800 1229 2870 ἀποκρουόμενος
1251 2798 1338 2851 διά
1361 2798 1456 2850 τοῦ
1492 2798 1586 2851 καὶ
1615 2797 1768 2860 δίκας
1796 2797 1889 2849 ὲκ-

309 2894 460 2943 sicut
489 2889 590 2959 τῆς
616 2892 696 2954 είς
735 2890 897 2945 αὑτὸν
931 2890 1250 2951 δυσσεϐείας
1279 2889 1406 2952 τοὺς
1433 2889 1491 2955 ἐξ
1533 2889 1766 2960 Ἰσραὴλ,
1800 2889 1892 2942 καὶ

310 2981 409 3035 τοῦ
431 2980 740 3050 βασιλεῦσαι
765 2987 879 3046 τοῖς
909 2985 999 3036 ὑπ’
1019 2983 1245 3054 οὐρανὸν
1271 2981 1528 3036 ἁπάντων
1555 2980 1704 3051 αὐτῷ
1727 2996 1894 3051 προσ-

304 3073 732 3144 διδραμηκότων
759 3075 949 3129 ἐθνῶν.
982 3075 1104 3128 Ὀτι
1130 3074 1239 3145 γὰρ
1269 3073 1546 3136 διακονίας
1575 3075 1726 3143 ἰσχὺν
1746 3074 1774 3124 ό
1795 3073 1892 3142 τῆς

310 3165 775 3236 ἑνανθρωπήσεως
804 3165 916 3236 ἔχει
948 3166 1126 3234 λόγος,
1158 3165 1477 3238 παρέδειξεν
1499 3163 1696 3218 εἰπών·
1735 3183 1753 3214 ι
1781 3163 1892 3217 Καὶ

308 3256 474 3319 αὐτὸς
501 3257 601 3319 τὰς
629 3257 904 3328 ἁμαρτίας
935 3256 1116 3310 αὐτῶν
1145 3258 1355 3326 ἀνήσει.
1405 3275 1422 3306 ι
1460 3257 1576 3308 Ἵνα
1611 3254 1719 3326 γὰρ
1751 3255 1888 3307 ἀπο-

313 3347 488 3418 στήσῃ
515 3346 611 3400 τοῦ
651 3347 855 3417 κόσμου
900 3347 1000 3417 τὴν
1031 3346 1326 3417 ἁμαρτίαν,
1386 3347 1546 3411 αὐτὸς
1602 3347 1685 3415 ἐφ’
1715 3344 1891 3416 ἐαυτῷ

310 3438 519 3509 ταύτην
547 3437 852 3502 ἀναλαϐὼν,
895 3439 990 3492 καὶ
1025 3435 1109 3502 εἷς
1142 3438 1286 3509 ὑπὲρ
1315 3439 1531 3491 πάντων
1554 3436 1841 3491 ἀποθανὼν
1864 3439 1893 3490 ὁ

313 3529 538 3583 πάντων
589 3530 884 3596 ἀντάξιος..
915 3529 1003 3584 διὰ
1028 3529 1186 3584 τοῦτο
1213 3530 1525 3582 δεδούλευκε
1560 3530 1794 3592 πολλοῖς.
1820 3530 1861 3581 Τ
1865 3528 1894 3579 ὸ

311 3619 538 3685 Πολλοῖς
572 3621 628 3674 δὲ
685 3621 881 3690 λέγων,
911 3621 980 3674 τὰ
1009 3620 1134 3691 ἔθνη
1163 3619 1328 3691 δηλοῖ.
1374 3621 1468 3672 Ἐν
1507 3620 1615 3691 γὰρ
1647 3615 1714 3690 ἦν
1743 3619 1895 3684 ἔθνος

330 3711 564 3784 Ἰσραήλ.
601 3712 816 3782 Ἐπειδὴ
847 3712 903 3765 δὲ
933 3711 1033 3776 τὰς
1059 3712 1333 3784 ἁμαρτίας
1366 3711 1544 3765 αὐτῶν
1590 3712 1750 3776 αὐτὸς
1798 3713 1895 3765 ἀν-

316 3806 537 3875 ήνεγκε,
554 3804 706 3875 φησὶ,
719 3804 804 3858 διὰ
826 3803 981 3857 τοῦτο
1003 3804 1399 3874 κληρονομήσει
1417 3803 1661 3869 πολλοὺς,
1681 3803 1896 3856 καὶτῶν

318 3897 557 3969 ἰσχυρῶν
580 3898 760 3968 μεριεῖ
779 3895 972 3949 σκύλα.
998 3895 1170 3948 Πάλιν
1195 3894 1381 3948 ὲνθάδε
1399 3893 1625 3954 πολλοὺς
1647 3897 1896 3962 συνήσεις

311 3986 444 4050 ⁴τοὺς
467 3987 526 4054 ἐξ
558 3987 747 4040 ὲθνῶψ
808 3985 1234 4057 μυριοπλασίους
1282 3987 1391 4056 γάρ
1421 3987 1525 4038 εισι
1552 3985 1660 4037 τῶν
1691 3983 1751 4048 ἐξ
1793 3985 1896 4036 Ἰσο

314 4075 478 4147 ραήλ’
524 4077 778 4148 ἰσχυροὺς
808 4078 863 4131 δέ
885 4093 971 4146 γε,
999 4077 1032 4146 ἢ
1061 4077 1188 4140 τοὺς
1234 4073 1420 4143 ἁγίους
1465 4072 1795 4136 ἀποστόλους
1817 4111 1831 4134 ,
1863 4071 1894 4140 ἢ

323 4171 421 4221 καὶ
466 4168 708 4234 ἅπαντας
758 4170 945 4234 ἁπλῶς
974 4170 1100 4233 τοὺς
1130 4171 1186 4221 ὲν
1220 4167 1442 4240 Χριστῷ
1482 4168 1760 4232 δυνατοὺς,
1803 4165 1898 4220 καὶ

315 4262 606 4334 εὐανδρίαν
631 4262 856 4333 ἔχοντας
887 4263 986 4334 τὴν
1029 4262 1423 4331 πνευματικὴν,
1445 4256 1527 4323 οἷς
1558 4260 1653 4313 ἅτε
1687 4276 1899 4327 νενικη-

314 4355 441 4408 κόσι
468 4354 558 4407 τὸν
581 4355 847 4417 Σατανᾶν,
867 4353 1138 4408 διαδίδωσι
1165 4352 1353 4405 σκύλα.
1378 4351 1633 4420 Διανέμει
1656 4350 1765 4420 γὰρ
1787 4352 1899 4412 τοίς

315 4445 495 4514 ἁγίοις
525 4445 757 4516 πλουσίᾳ
788 4445 933 4516 χειρὶ
965 4445 1074 4497 τῶν
1106 4441 1495 4512 πνευματικῶν
1547 4441 1899 4512 χαρισμάτων

1985 1983 2128 2037 servi
2175 1981 2383 2048 accepit
2429 1977 2570 2033 Deus
2621 1976 2876 2041 Verbum,
2909 1993 3014 2031 non
3048 1987 3105 2030 ut
3133 1979 3408 2047 propriam
3438 1979 3558 2046 ipse

1986 2083 2239 2127 naturam
2271 2069 2572 2138 adiuvaret,
2605 2069 2698 2124 sed
2723 2068 2879 2123 nobis
2919 2068 3020 2122 hoc
3050 2068 3278 2134 donans,
3314 2076 3368 2122 et
3397 2067 3556 2124 veluti

1987 2163 2221 2233 quodam
2263 2161 2315 2215 in
2349 2175 2446 2215 nos
2479 2159 2712 2230 fungens
2749 2159 3076 2222 ministerio,
3110 2173 3218 2228 quo
3250 2158 3411 2212 etiam
3439 2173 3559 2213 ser-

1986 2253 2098 2306 vati
2142 2266 2349 2308 sumus.
2382 2249 2722 2305 Justilicatur
2754 2257 2960 2315 autem,
2990 2247 3116 2302 dum
3143 2261 3263 2302 eam
3291 2247 3559 2316 suspicio-

1988 2358 2110 2398 nem
2150 2343 2422 2406 amolitnr,
2461 2356 2564 2410 qua
2614 2340 2791 2394 malus
2823 2354 2962 2403 esse,
2994 2339 3213 2407 etjuste
3247 2349 3472 2393 mortem
3503 2341 3560 2393 in

1989 2435 2136 2504 ligno
2171 2448 2362 2502 passus
2388 2432 2673 2485 videbatur
2703 2446 2717 2483 :
2755 2439 2869 2482 tum
2898 2430 3041 2498 quod
3080 2443 3271 2498 pinnas
3301 2430 3562 2484 solverint

1991 2542 2103 2581 suae
2120 2527 2172 2582 in
2192 2525 2340 2580 illum
2360 2521 2956 2594 impietatislsraelitat,
2971 2531 3081 2576 tum
3113 2524 3236 2592 quia
3257 2523 3564 2577 dominetur

1989 2618 2106 2674 orbi
2151 2618 2458 2683 terrarum',
2487 2625 2540 2668 et
2582 2615 2834 2671 omnibus
2869 2613 2934 2668 ad
2973 2629 3097 2668 eum
3141 2613 3560 2669 accurrentibus

1991 2713 2262 2783 gentibus.
2279 2709 2432 2777 Quod
2458 2709 2602 2764 enim
2626 2718 2816 2778 potens
2840 2707 3196 2762 ministerium
3223 2709 3422 2762 habeat
3445 2709 3560 2762 ha-c

1993 2802 2385 2858 incarnationis
2453 2801 2615 2866 ratio,
2667 2801 2904 2855 ostendit
2954 2815 3075 2854 cutn
3129 2799 3245 2853 ait:
3285 2798 3395 2852 «Et
3448 2799 3562 2868 ipse

1994 2905 2214 2964 peccata
2289 2908 2476 2948 eorutn
2563 2891 2825 2946 remittet.
2874 2909 2895 2944 ι
2969 2888 3038 2944 Ut
3087 2890 3229 2944 enim
3283 2900 3560 2960 peccatum

1994 2994 2264 3041 averteret
2315 3000 2344 3040 a
2394 2985 2616 3049 mundo,
2669 2985 2782 3053 ipse
2825 2983 2876 3038 in
2914 2998 2972 3037 se
3004 2982 3130 3037 illud
3163 2985 3470 3052 assumpsit,
3511 2994 3564 3035 et

1998 3093 2140 3132 unus
2174 3093 2272 3147 pro
2312 3078 2562 3132 omnibus
2592 3085 2836 3130 mortuus
2863 3085 2968 3138 est,
2999 3075 3089 3142 qui
3124 3074 3362 3127 omnium
3396 3075 3566 3128 inslnt'

1919 3195 1961 3252 ρ
1994 3181 2146 3225 erat:
2177 3177 2458 3239 propterea
2510 3167 2736 3223 servivit
2761 3166 2964 3222 multis.
3004 3168 3136 3220 Cum
3167 3165 3317 3230 dicit,
3358 3164 3560 3229 Multis,

1995 3272 2180 3330 gentes
2228 3259 2515 3327 signiﬁcat.
2560 3255 2678 3312 Una
2711 3257 2858 3313 enim
2888 3271 3021 3327 gens
3051 3266 3170 3310 erat
3206 3255 3386 3310 lsrael.
3429 3256 3562 3322 Quia

1992 3365 2143 3415 vero,
2193 3351 2384 3420 inquit,
2430 3350 2546 3419 ipse
2585 3357 2812 3418 peccata
2847 3355 3034 3403 eorum
3076 3347 3220 3412 tulit,
3280 3357 3563 3418 propterea

1993 3441 2190 3498 multos
2242 3440 2556 3510 possidebit,
2606 3451 2662 3494 et
2719 3439 2935 3494 fortium
2981 3439 3185 3494 dividet
3233 3439 3422 3508 spolia.
3467 3437 3566 3493 llic

1993 3530 2191 3585 multos
2213 3529 2482 3601 intelliges
2503 3546 2598 3586 eos
2629 3545 2691 3585 ex
2715 3532 2963 3601 gentibus
2987 3549 3000 3584 :
3029 3530 3250 3585 inﬁnitis
3276 3530 3418 3584 enim
3446 3545 3562 3600 par-

1998 3623 2142 3677 tibus
2173 3622 2352 3692 plures
2379 3631 2539 3676 erant
2571 3637 2731 3692 quam
2777 3621 3032 3678 Israelita:
3065 3621 3292 3686 :fortes,
3322 3621 3406 3676 vel
3435 3635 3566 3676 san-

1995 3723 2112 3767 ctos
2170 3714 2462 3783 apostolos,
2523 3713 2605 3767 vel
2659 3714 2821 3767 etiam
2883 3727 3074 3767 omnes
3135 3712 3458 3782 simpliciter
3513 3713 3567 3766 in

1994 3803 2212 3859 Christo
2259 3815 2526 3873 potentes,
2575 3814 2630 3858 et
2670 3806 2926 3860 virilitate
2959 3804 3226 3871 spirituali
3265 3806 3564 3872 praeditos:

2006 3896 2203 3965 quihtts
2229 3895 2390 3949 veluti
2429 3896 2688 3949 Satanam
2724 3896 3068 3950 vincentibus
3113 3896 3393 3950 distribuit
3442 3911 3568 3964 spo-

1998 3987 2087 4040 lia.
2121 3985 2455 4056 Dispartitur
2488 3985 2634 4038 enim
2671 3975 2874 4040 sanctis
2925 3987 3088 4039 divite
3124 4000 3284 4040 manu
3312 3986 3569 4056 spiritua-

1997 4076 2126 4130 liqu
2177 4075 2442 4130 donorum
2500 4074 2764 4129 subsidia.
2822 4075 2926 4130 Alii
2976 4077 3146 4142 enim,
3181 4077 3377 4147 inquit,
3411 4080 3570 4132 datus

1995 4176 2079 4222 est
2103 4182 2196 4235 per
2219 4166 2476 4236 Spiritum
2502 4181 2680 4220 sermo
2713 4167 3009 4236 sapientiae,
3041 4166 3130 4221 alii
3179 4181 3360 4222 sermo
3387 4171 3570 4239 cogni-

2000 4259 2182 4326 tionis,
2219 4267 2273 4313 et
2302 4259 2621 4328 prophetiae,
2667 4269 2720 4311 et
2765 4257 3126 4313 discretiones
3172 4259 3478 4328 spirituum,
3517 4271 3572 4315 et

1998 4353 2135 4405 dona
2165 4351 2506 4406 sanationum
2537 4351 2681 4404 “'3'.
2730 4349 3008 4406 Sermonis
3039 4360 3216 4406 autem
3277 4354 3570 4422 potentiam

2001 4444 2209 4498 sanctis
2269 4443 2529 4513 apostolis
2595 4443 2920 4510 tribuimus,
2999 4443 3235 4512 illudque
3298 4445 3567 4500 dicimus:

314 4534 420 4598 τὰς
437 4535 718 4606 χορηγίας.
743 4529 812 4606 ᾯ
841 4535 940 4606 μὲν
963 4535 1074 4606 γὰρ
1100 4535 1320 4597 δίδοται,
1341 4534 1495 4604 φησὶ,
1517 4532 1606 4585 διὰ
1620 4531 1712 4586 τοῦ
1739 4531 1892 4586 πνεύ-

2010 4533 2178 4588 tuisse
2221 4531 2365 4586 velut
2403 4532 2802 4601 possessionem
2869 4531 3083 4588 Satanae
3124 4547 3314 4588 omnes
3358 4545 3566 4604 gentes.

320 4643 493 4696 ματος
515 4626 672 4696 λόγος
702 4627 915 4696 σοφίας,
943 4627 1087 4697 ἄλλῳ
1107 4627 1163 4680 δὲ
1186 4627 1342 4696 λὸγθς
1365 4625 1638 4695 γνώσεως,
1684 4641 1896 4695 προφη·

314 4714 460 4770 τείαί
515 4731 577 4769 τε
609 4716 704 4770 καὶ
732 4716 1032 4788 διακρίσεις
1054 4715 1400 4786 πνευμάτων,
1436 4716 1530 4768 καὶ
1563 4714 1630 4768 τὰ
1681 4713 1788 4767 τῶν
1819 4715 1900 4768 ία-

320 4805 510 4877 μάτων
541 4806 878 4878 χαρίσματα.
916 4807 1352 4878 Περιστήσαντες
1398 4807 1458 4859 δὲ
1500 4805 1593 4860 τοῦ
1623 4806 1780 4875 λόγου
1801 4806 1899 4877 τήν

313 4895 549 4967 δύναμιν
575 4899 656 4961 εἰς
683 4897 808 4961 τοὺς
841 4897 1026 4966 ἁγίους
1059 4898 1391 4961 ἀποστόλους
1413 4939 1429 4962 ,
1473 4898 1650 4951 ἐκεῖνό
1679 4914 1858 4968 φαμεν
1882 4913 1895 4928 ο

314 4983 458 5058 ἦσαν
491 4987 589 5057 μὲν
622 4987 729 5059 γὰρ
754 4988 948 5058 κτῆσις
980 4987 1170 5060 ῶσπερ
1219 4989 1309 5043 τοῦ
1347 4992 1562 5043 Σατανᾶ
1609 4991 1786 5043 πάντα
1835 4989 1903 5042 τὰ

316 5077 472 5151 ἔθνη,
502 5079 616 5133 ἀλλ’
641 5080 898 5152 ἐμέρισεν
933 5081 1073 5134 αὐτὰ
1102 5083 1215 5146 τοῖς
1243 5083 1421 5151 ἁγίοις
1469 5083 1849 5154 μυσταγωγοῖς
1875 5082 1903 5133 ό

315 5171 735 5244 κληρονομήσας
760 5172 1008 5237 πολλούς.
1037 5175 1098 5226 υἱ
1123 5173 1221 5244 μὲν
1241 5174 1371 5244 γὰρ,
1393 5173 1482 5226 διὰ
1501 5173 1595 5226 τοῦ
1613 5172 1900 5226 θεσπεσίου

317 5264 529 5336 Πέτρου
555 5263 851 5335 κέκληνται
879 5267 1017 5336 πρὸς
1049 5265 1344 5335 ἐπίγνωσιν
1369 5264 1462 5319 τοῦ
1494 5266 1710 5319 πάντων
1739 5263 1900 5334 ήμῶν

316 5357 571 5427 Σωτῆρος
606 5357 867 5428 Χριστοῦ·
901 5359 950 5411 οι
971 5358 1027 5412 δὲ
1056 5358 1146 5412 διά
1176 5361 1274 5429 τῆς
1301 5357 1393 5411 τοῦ
1431 5357 1720 5410 θεσπεσίου
1767 5357 1908 5409 Παύο

315 5449 411 5503 λου
441 5451 850 5520 μυσταγωγίας,
874 5451 1043 5521 ήγουν
1067 5450 1252 5521 ἐτέρου
1277 5452 1424 5513 τινὸς
1444 5449 1554 5503 τῶν
1571 5449 1743 5517 ἁγίων
1771 5448 1907 5501 ἀπο-

315 5539 544 5607 στόλων,
564 5541 643 5604 τίς
665 5539 727 5594 τὸ
740 5540 840 5611 τῆς
859 5539 1116 5611 ἀληθείας
1139 5539 1580 5612 ἐσαγηνεύθησαν
1597 5539 1732 5608 φῶς.
1752 5538 1912 5609 Ἐμέ-

391 5777 437 5808 ⁶³
466 5777 624 5836 llam.
686 5795 807 5846 vui,
834 5778 1014 5836 29-50.
1131 5782 1174 5812 “
1209 5779 1397 5835 Matth.
1429 5794 1518 5850 xx,
1549 5778 1638 5835 28.

1748 5779 1792 5810 ⁸⁸
1838 5779 1879 5833 ll
1911 5780 2032 5835 Cur.
2073 5795 2156 5843 tn,
2197 5780 2248 5834 9.

2003 4620 2112 4675 Sed
2155 4620 2339 4675 divisit
2386 4634 2481 4674 eos
2527 4620 2734 4675 sanctis
2787 4621 3118 4692 mystagogis
3175 4623 3220 4676 is
3258 4623 3348 4692 qui
3375 4624 3572 4680 multos

2002 4714 2266 4785 possedit.
2301 4711 2406 4767 Alii
2431 4711 2574 4767 enim
2607 4727 2637 4765 a
2673 4710 2857 4768 divino
2895 4711 3062 4767 Petro
3111 4713 3288 4767 vocati
3337 4723 3464 4769 sunt
3504 4715 3572 4770 ad

2003 4805 2333 4876 agnitionem
2377 4812 2620 4859 nostrum
2679 4804 2919 4857 omnium
2958 4803 3264 4860 Servatoris
3306 4805 3508 4862 Christi
3555 4827 3569 4860 :

2007 4899 2097 4954 alii
2130 4913 2226 4966 per
2256 4897 2646 4966 mystagogiam
2675 4896 2848 4960 Pauli,
2892 4897 2974 4953 vel
3020 4897 3243 4954 alterius
3273 4900 3571 4970 cujuspiant

2007 4999 2314 5043 sanctorum
2353 4991 2750 5057 apostolorum,
2776 4989 2842 5043 ad
2875 4989 3118 5045 veritatis
3153 4991 3327 5046 lucem
3355 4993 3572 5049 adducti

2007 5090 2154 5136 sunt.
2200 5079 2391 5133 Divisit
2432 5095 2562 5149 ergo
2613 5080 2718 5134 illis
2757 5079 3018 5135 Servator
3054 5082 3206 5150 quasi
3232 5082 3402 5152 spolia
3428 5099 3576 5154 qua:-

2007 5172 2152 5236 dam,
2183 5171 2234 5224 id
2259 5182 2362 5236 est,
2397 5171 2516 5224 belli
2541 5173 2770 5240 praedas,
2797 5186 2981 5226 eorum
3011 5173 3103 5243 qui
3131 5174 3408 5243 quondam
3432 5189 3574 5230 erra-

1999 5272 2123 5316 rnnt
2150 5262 2558 5318 conversionem
2583 5273 2638 5318 et
2666 5264 3368 5336 vocationent.£0portuisse
3389 5278 3570 5323 autem

2005 5373 2157 5421 eum,
2185 5359 2275 5428 qui
2301 5375 2399 5430 pro
2427 5361 2678 5415 omnibus
2726 5372 2970 5415 mortuus
3016 5371 3120 5426 est,
3165 5364 3404 5417 omnium
3440 5376 3570 5416 con-

2007 5451 2140 5521 spici
2179 5451 2487 5520 Dominnm,
2517 5454 2833 5524 persuadet,
2885 5453 3134 5525 inquiens
3163 5475 3175 5510 :
3206 5455 3311 5509 Pro
3340 5467 3405 5508 eo
3432 5455 3572 5523 quod

2014 5543 2210 5596 tradita
2259 5553 2342 5599 est
2394 5546 2445 5598 in
2498 5553 2726 5600 mortem
2762 5545 2941 5600 anima
2971 5544 3110 5615 ejus,
3143 5554 3198 5601 et
3233 5543 3392 5616 755
3435 5545 3575 5600 inter

2379 5778 2492 5812 ""7
2545 5779 2560 5834 i
2597 5780 2720 5835 Cor.
2754 5794 2849 5845 χιι,
2887 5778 2949 5830 10
