4106 6510
204 422 347 483 H95

1317 420 1385 477 IN
1422 419 1660 479 ιεΑιΑιι
1702 419 1836 476 LIB.
1880 419 1946 476 ν.
1991 420 2228 479 MISS
2266 410 2331 478 ll.

3330 421 3477 477 ιιοι

200 518 314 582 λος.
355 516 420 571 Ἦ
453 512 548 571 οὖν
571 517 757 589 στεῖρα
782 516 863 589 τῷ
893 517 986 571 ἐπὶ
1028 516 1235 583 πάντας
1258 519 1378 592 Θεῷ
1402 522 1657 579 τίκτουσα
1688 538 1792 592 μη-

1902 519 2055 574 ltdem
2085 528 2141 575 et
2172 520 2451 573 virtutem.
2500 517 2608 574 Sed
2652 532 2781 575 ecce
2819 516 3032 589 iussum
3070 525 3156 573 est
3194 532 3481 588 erumpere

198 609 330 664 δένα
360 608 472 664 τῶν
498 608 841 679 ὀφειλόντων,
880 610 913 681 ἢ
944 609 1259 682 δυναμένων
1289 615 1345 665 ἐν
1384 613 1597 678 τέκνοις
1626 614 1793 668 αὐτοῦ

202 702 689 774 καταλογισθῆναι,
726 705 821 758 καὶ
871 702 1046 757 τελεῖν
1089 703 1181 758 διά
1203 720 1261 757 τε
1312 705 1493 758 πίστιν
1520 705 1616 759 καλ⁹
1661 708 1791 777 ἀρε-

197 798 323 870 τήν.
387 795 530 850 Ἀλλ’
558 796 669 850 ἰδοὺ
716 796 1122 869 προστέτακται
1152 780 1321 868 ίρῆξαί
1365 815 1424 850 τε
1454 800 1547 851 καὶ
1576 798 1791 871 βοῆσαι.

200 888 368 952 Ἔθος
384 888 443 941 δὲ
458 886 617 940 τοῦτο
634 888 767 959 δρᾷν
786 889 907 951 ταῖς
927 888 1020 941 ἐπὶ
1040 887 1217 960 δίφρῳ
1240 889 1425 942 λοιπὸν
1448 892 1542 944 καὶ
1584 889 1797 943 τικτού-

201 997 327 1044 σαις
376 978 646 1049 γυναιξὶν,
685 979 753 1044 ἃς
781 980 847 1051 δή
894 997 1030 1050 φασι
1081 981 1441 1050 παροτρύνειν
1482 979 1577 1044 τὰς
1626 980 1795 1051 μαίας

202 1072 416 1127 ἔντονόν
439 1090 493 1126 τι
518 1073 613 1127 καὶ
644 1072 803 1144 τορὸν
833 1073 1093 1146 άναόοᾷν,
1127 1074 1193 1126 ἵν’
1221 1074 1525 1127 ἐκθλίὸοιτο
1555 1076 1656 1146 τῆς
1687 1075 1796 1147 μή-

198 1184 335 1239 τρας
359 1165 420 1220 τὸ
448 1166 669 1237 βρέφος,
692 1166 1054 1238 εὐρυνομένου
1084 1166 1177 1220 τοῦ
1201 1167 1511 1239 σπλάγχνου
1538 1168 1675 1240 πρὸς
1694 1168 1794 1241 τὴν

203 1254 573 1327 βοήν.Τοῦτο,
610 1251 782 1325 οἶμαι,
810 1256 929 1309 ἐστὶ
965 1254 1047 1320 τὸ,
1096 1275 1114 1307 ι
1150 1254 1363 1324 Ῥἧξον,
1391 1254 1483 1308 καὶ
1528 1253 1741 1325 βόησον.
1768 1271 1788 1305 ι

203 1348 405 1421 ’Δρξαι
422 1346 487 1419 δὴ
514 1342 720 1418 οὗνξτοῦ
737 1346 965 1409 τίκτειν,
991 1347 1145 1418 φησὶ,
1168 1345 1263 1400 καὶ
1290 1330 1642 1417 ὡςξώδὶνουσα
1666 1344 1795 1399 πολ-

198 1441 351 1505 λοὺς,
386 1439 531 1493 δίδου
557 1439 767 1511 συχνῶς
797 1440 1042 1525 τὴν.ταίς
1070 1439 1383 1505 τικτούσαις
1415 1440 1505 1493 ἀεὶ
1544 1440 1793 1512 πρέπου-

204 1549 307 1586 σαν
339 1531 500 1603 βοήν*
532 1531 609 1595 ὡς
640 1530 875 1601 ἐσομένη
902 1530 961 1584 δὲ
993 1531 1176 1602 μήτηρ
1205 1529 1595 1602 ἀναριθμήτων
1629 1529 1794 1592 λαῶν,

203 1623 546 1694 εὐφροσύνην
598 1622 753 1692 δέχου
800 1622 901 1692 τὴν
950 1624 1349 1693 πνευματικήν.
1386 1620 1705 1693 Σαφηνίζων
1738 1622 1796 1676 δὲ

203 1718 301 1772 τοῦ
320 1717 682 1788 προκειμένου
710 1717 878 1787 ῥητοῦ
903 1717 1005 1787 τὴν
1032 1716 1319 1770 διάνοιανό
1341 1714 1450 1768 τῶν
1478 1716 1612 1769 ὅλων
1638 1715 1792 1781 Θεὸς,

205 1810 458 1880 ἐπιφέρει
513 1809 726 1877 λέγων·
785 1812 883 1862 Οτι
918 1808 1091 1862 πολλὰ
1142 1808 1212 1863 τὰ
1244 1809 1409 1863 τέκνα
1438 1810 1537 1881 τῆς
1586 1810 1794 1881 ἐρήμου

1895 622 1948 669 et
2027 612 2285 666 clamare.
2360 610 2547 665 Solent
2607 621 2789 667 autem
2854 610 2909 665 id
2974 610 3152 666 facere
3226 610 3484 665 mulieres

1895 721 2018 777 quae
2047 706 2101 761 in
2143 705 2274 761 sella
2310 715 2457 773 sunt,
2488 715 2542 761 et
2587 708 2842 776 pariunt:
2873 722 3011 778 quas
3058 706 3213 761 aiunt
3250 709 3491 764 excitare

1894 796 2241 861 obstetrices,
2282 795 2537 852 interrita
2586 808 2641 853 et
2688 798 2797 853 alta
2849 814 2981 853 voce
3006 800 3335 863 exclamare,
3379 814 3486 869 quo

1895 888 2079 946 infans
2109 903 2140 943 e
2169 891 2400 945 matrice
2442 889 2790 958 extrahatur,
2840 891 3145 947 visceribus
3177 892 3245 946 ad
3277 892 3485 946 clamo-

1904 994 2021 1035 rem
2044 981 2303 1038 dilatatis.
2326 980 2465 1045 Hoc,
2493 982 2709 1052 opinor,
2744 990 2849 1047 est,
2880 983 3148 1052 «Erumpe
3170 994 3223 1039 et
3254 986 3478 1039 clama.:

1894 1068 2103 1143 Incipe,
2144 1072 2350 1142 inquit,
2394 1087 2611 1143 parere,
2646 1084 2702 1129 et
2730 1074 2886 1145 quasi
2924 1077 3231 1146 parturiens
3265 1076 3486 1138 multos.

1894 1164 2240 1247 parientibus
2280 1168 2698 1223 convenientem
2748 1182 2967 1238 semper
3015 1170 3308 1225 clamorem
3360 1183 3490 1225 sub-

1896 1258 2023 1314 inde
2047 1258 2203 1329 Iede;
2242 1270 2498 1330 tanquam
2529 1270 2707 1316 mater
2739 1276 2870 1317 vero
2902 1262 3082 1317 futura
3116 1263 3489 1317 innumerabi-

1896 1346 2030 1402 liutn
2081 1349 2432 1420 populorum,
2480 1350 2815 1421 voluptatem
2857 1351 3079 1422 percipe
3129 1350 3489 1421 spirituulem.

1896 1438 2194 1496 Declarans
2252 1456 2385 1498 vero
2441 1442 2602 1512 hujus
2647 1442 2776 1497 dicti
2812 1457 3053 1508 sensum,
3110 1444 3489 1499 universorum

1896 1529 2042 1586 Deus
2092 1530 2284 1597 infert,
2344 1532 2533 1587 dicens
2579 1550 2594 1585 :
2663 1533 2798 1600 Quia
2848 1531 3029 1602 plures
3079 1532 3172 1588 lilii
3224 1533 3487 1596 deserta,

1898 1637 2061 1693 quam
2112 1623 2365 1679 habentis
2406 1626 2607 1680 virum.
2644 1622 2941 1679 Familiare
2990 1633 3076 1681 est
3117 1624 3281 1695 igitur
3328 1623 3485 1679 Scri—

1897 1724 2071 1786 ptura:
2112 1713 2373 1770 divinitus
2420 1715 2719 1785 inspiratte,
2768 1716 3038 1772 desertam
3089 1716 3361 1787 appellare
3409 1716 3491 1770 vi-

1898 1806 2083 1859 duam.
2132 1803 2307 1860 Vidua
2362 1815 2540 1861 autem
2588 1805 2966 1876 fuit'gentium
3012 1807 3319 1862 multitudo.
3372 1806 3489 1862 Non

207 1901 433 1973 μᾶλλον,
473 1899 506 1971 ἢ
538 1900 637 1970 τῆς
668 1899 899 1972 ἐχούσης
928 1900 1022 1954 τὸν
1052 1900 1243 1972 ἄνδρα.
1276 1902 1437 1965 Ἔθος
1478 1903 1578 1973 μὲν
1609 1898 1702 1957 οὖν
1729 1905 1794 1973 τῇ

1902 1900 2043 1952 enim
2076 1897 2373 1967 quidquam
2416 1898 2465 1953 ei
2492 1898 2821 1965 commercii
2872 1898 2973 1954 fuit
3036 1915 3160 1954 cum
3195 1913 3489 1965 sermone;

204 1993 553 2064 θεοπνεύστῳ
598 1994 792 2064 Γραφῇ
850 1993 1055 2064 ἔρημον
1109 1994 1412 2049 ἀποκαλεῖν
1456 1996 1557 2066 τὴν
1599 1998 1795 2069 χήραν.

220 2085 351 2157 Ἐχή
360 2102 519 2155 ρευσε
536 2086 593 2139 δὲ
603 2084 713 2138 τῶν
724 2084 895 2141 ἐθνῶν
915 2086 949 2157 ή
972 2084 1200 2157 πληθύς.
1220 2088 1295 2141 Οὐ
1308 2086 1417 2158 γὰρ
1430 2087 1679 2142 ἐπλούτει
1700 2088 1799 2160 τὴν

204 2176 493 2231 κοινωνίαν
544 2176 642 2247 τὴν
672 2175 811 2247 πρός
862 2192 948 2245 γε,
970 2179 1136 2248 φημὶ,
1164 2176 1256 2231 τὸν
1300 2178 1521 2249 ἁπάσης
1546 2177 1799 2247 γνώσεως

204 2268 461 2339 ἀληθοῦς,
494 2269 587 2321 καὶ
630 2267 723 2321 τὸν
755 2268 863 2321 τῶν
901 2270 983 2334 είς
1031 2268 1317 2333 εὐσέϐειαν
1364 2268 1798 2340 σπουδασμάτων

206 2360 420 2427 σπορέα
470 2361 655 2430 λόγον,
702 2360 763 2415 ὃν
806 2361 874 2416 ἄν
919 2379 1005 2427 τις
1055 2361 1226 2417 είπὼν
1271 2362 1531 2433 γηπόνον,
1558 2362 1633 2427 ὡς
1664 2362 1798 2434 περὶ

203 2454 388 2517 πάσης
417 2454 649 2516 κτίσεως
676 2452 924 2526 λογικῆς,
953 2455 1054 2508 οὐκ
1091 2454 1159 2509 ἂν
1194 2454 1432 2526 ἁμάρτοι
1468 2456 1514 2508 τ’
1539 2453 1794 2525 ἀληθοῦς.

202 2546 286 2599 Δι’
325 2545 492 2599 αὐτοῦ
538 2547 647 2618 γάρ
689 2548 841 2601 πᾶσα
887 2546 1239 2623 καρποφορία
1274 2547 1619 2619 πνευματικὴ
1656 2546 1712 2599 ἐν
1736 2564 1797 2601 τε

203 2641 321 2702 τοῖς
357 2639 533 2708 ἁγίοις
562 2640 816 2708 ἀγγέλοις
843 2639 939 2693 καὶ
982 2641 1116 2711 ἡμῖν
1144 2640 1328 2705 αὐτοῖς
1361 2640 1652 2711 ἐμφύεται.
1689 2641 1797 2693 Οὑ-

206 2730 338 2785 κοῦν
370 2732 519 2802 χήρα
555 2729 655 2801 μὲν
691 2725 761 2801 ήν
790 2730 897 2801 πρὸ
938 2730 1037 2801 τῆς
1069 2729 1164 2782 τοῦ
1197 2730 1451 2802 Σωτῆρος
1480 2730 1795 2801 ἐπιδημίας,

204 2821 402 2892 ἄγονός
438 2837 496 2873 τε
532 2820 620 2876 διὰ
652 2823 812 2875 τοῦτο
862 2821 961 2875 καὶ
1003 2820 1152 2886 ἄτεξ.
1202 2822 1423 2892 Ἐπειδὴ
1467 2821 1526 2875 δὲ
1567 2820 1799 2894 παρεδέ-

205 2909 340 2978 ξατο
360 2910 449 2965 διὰ
480 2911 716 2976 ’πίστεως
739 2912 831 2967 τὸν
868 2912 928 2978 ἐξ
961 2912 1195 2984 οὐρανοῦ
1230 2913 1485 2985 νυμφίον,
1510 2914 1681 2968 πολλὰ
1707 2916 1797 2983 γέο

205 3020 365 3073 γονεν
396 3003 566 3075 αὐτῆς
597 3004 852 3058 τὰτέκνα
883 3004 1107 3075 μᾶλλον,
1136 3005 1171 3075 ἢ
1197 3004 1298 3074 τῆς
1331 3006 1563 3077 ἐχούσης
1590 3006 1682 3061 τὸν
1702 3006 1799 3060 άν-

204 3095 329 3167 δρα,
378 3094 625 3148 τουτέστι
685 3096 787 3165 τῆς
837 3095 946 3148 τῶν
996 3095 1270 3149 Ἰουδαίων
1316 3096 1668 3169 Συναγωγῆς,
1727 3098 1797 3168 ἣν

202 3187 273 3259 δὴ
322 3187 705 3259 προσηγάγετο
754 3187 887 3251 Θεὸς
935 3187 1024 3241 διὰ
1066 3187 1163 3241 τοῦ
1213 3189 1493 3259 πανσόφου
1549 3189 1796 3252 Μωσέως

206 3279 350 3352 πρὸς
379 3281 687 3351 οἰκειότητα
710 3279 810 3352 τήν
838 3280 1238 3352 πνευματικὴν,
1270 3283 1365 3335 καὶ
1390 3282 1580 3353 ὥσπερ
1613 3282 1792 3335 σύνοι-

203 3388 306 3432 κον
333 3371 429 3425 καλ⁸
472 3371 679 3424 πολλῶν
710 3372 1005 3442 ἐποιήσατο
1036 3372 1131 3425 καὶ
1159 3373 1409 3444 ἀπέφηνε
1436 3373 1654 3445 μητέρα
1696 3376 1793 3426 καὶ

204 3480 238 3518 τ
245 3463 431 3535 ροφόν.
450 3463 591 3516 Ἀλλ’
613 3461 893 3533 ήτεκνώθη
920 3462 1008 3517 διὰ
1029 3463 1492 3534 Χριστὸν,καίτοι,
1524 3465 1667 3519 καθά
1688 3483 1793 3535 φη-

208 3572 297 3609 σιν
338 3557 368 3609 δ
402 3555 690 3627 προφήτης
747 3554 1055 3625 Ἱερεμίας,
1114 3552 1369 3621 εὔτεκνος
1413 3551 1548 3610 οὖσα
1598 3556 1787 3628 πολλή.

206 3649 437 3715 Πλείους
481 3649 611 3721 γὰρ,
656 3649 733 3713 ὡς
776 3648 935 3718 ἔφην,
980 3649 1030 3702 oi
1061 3649 1161 3719 τῆς
1219 3666 1349 3704 ποτε
1393 3650 1612 3722 στείρας
1665 3650 1789 3713 υἱοὶ,

208 3742 349 3813 πρὸς
376 3743 442 3813 ὴν
463 3740 556 3795 καί
585 3757 718 3812 φησι
732 3740 814 3805 τὸ.
847 3740 1153 3799 «Πλάτυνον
1174 3742 1265 3796 τὸν
1284 3743 1449 3797 τόπον
1468 3744 1570 3815 τῆς
1588 3744 1794 3815 σκηνῆς

212 3852 310 3890 σου
346 3835 439 3888 καὶ
469 3834 577 3888 τῶν
605 3834 842 3888 αύλαιῶν
875 3851 1022 3889 σου.»
1069 3833 1289 3906 Ἐπειδὴ
1320 3835 1433 3907 γὰρ
1480 3833 1676 3898 εὔπαις
1733 3852 1793 3889 τε

208 3928 307 3983 καὶ
359 3927 630 3992 πολύπαις
661 3926 945 3998 ἀδοκήτως
972 3927 1144 3995 ἀνέφυ
1176 3926 1269 3980 τὸν
1310 3926 1371 3992 ἐξ
1423 3926 1656 3998 οὐρανοῦ
1697 3928 1795 3983 λα-

208 4018 384 4075 σόῦσα
424 4019 600 4088 λόγον,
632 4020 751 4090 ὴτοι
788 4020 1045 4091 νυμφίον,
1072 4019 1391 4089 ἀναγκαίως
1414 4020 1677 4076 ἐκτείνειν
1714 4022 1795 4084 είς

207 4108 368 4184 εὖρός
388 4129 451 4165 τε
502 4112 596 4167 καὶ
627 4114 802 4184 μῆκος
824 4113 926 4176 τὰς
950 4112 1149 4183 ἑαυτῆς
1170 4112 1340 4177 αὐλὰς
1371 4114 1792 4183 προστέτακται,

208 4203 306 4257 καὶ
333 4201 748 4273 καταπηγνύναι
787 4202 915 4265 τοὺς
938 4203 1274 4270 πασσάλους,
1317 4203 1403 4257 ἶνα
1430 4203 1493 4260 τὸ
1525 4204 1798 4276 ἁκράδαν-

208 4310 303 4348 τον
329 4293 430 4363 τῆς
455 4292 518 4359 ἐξ
558 4293 727 4347 ἐθνῶν
764 4294 1089 4365 Ἐκκλησίας
1132 4294 1224 4349 διὰ
1258 4294 1451 4351 τούτου
1504 4298 1653 4367 νοῇς-
1703 4296 1797 4350 καὶ

208 4384 273 4440 τὸ
308 4384 685 4456 μακρύνεσθαι
716 4385 774 4440 δὲ
799 4385 868 4440 τά
895 4386 1275 4457 σχοινίσματα,
1302 4386 1364 4442 τὸ
1391 4387 1797 4460 ἀπαρασλήτως

209 4474 471 4533 πλούσιον
524 4478 605 4540 είς
650 4478 995 4551 εὐρυγωρίαν
1052 4477 1165 4533 τῶν
1225 4478 1396 4547 ἁγίων
1460 4479 1796 4550 Ἐκκλησιῶν

1901 2004 2027 2042 cum
2076 2004 2354 2054 sermone,
2384 1990 2628 2061 inquam,
2680 1990 2861 2045 omnis
2899 2005 3043 2046 verae
3079 1988 3404 2057 cognitionis
3434 2000 3491 2043 et

1900 2079 2203 2135 studiorum
2296 2082 2364 2134 ad
2438 2082 2701 2152 pietatem
2771 2083 3161 2153 pertinentium
3235 2091 3487 2137 satore:

1900 2186 2065 2241 quem
2109 2173 2156 2227 si
2192 2173 2316 2242 quis
2342 2174 2498 2244 quasi
2547 2173 2856 2246 agricolam“
2880 2174 3059 2229 omnis
3098 2184 3365 2229 creatura:
3402 2186 3493 2227 ra-

1902 2266 2048 2320 tione
2097 2265 2337 2334 prazdita:
2388 2265 2570 2330 dicat,
2611 2280 2642 2320 a
2695 2280 2827 2323 vero
2880 2268 3196 2335 neutiquam
3265 2266 3492 2321 aberra-

1898 2358 1997 2413 bit.
2028 2357 2132 2413 Per
2159 2358 2336 2426 ipsum
2366 2358 2510 2413 enim
2545 2359 2725 2413 omnis
2769 2357 3117 2414 fructiﬁcatio
3157 2356 3486 2428 spiritualis,

1903 2460 2012 2505 tum
2049 2451 2105 2503 in
2152 2450 2359 2505 sanctis
2411 2450 2640 2519 angelis,
2681 2460 2792 2505 tum
2844 2450 2898 2505 in
2943 2452 3103 2507 nobis
3147 2450 3280 2520 ipsis
3325 2449 3487 2504 insita

1900 2552 2004 2596 est.
2035 2539 2225 2612 Itaque
2285 2550 2414 2596 ante
2474 2539 2782 2596 Servatoris
2822 2542 3114 2601 adventum
3159 2542 3319 2597 vidua
3369 2550 3491 2597 erat

1898 2624 1956 2687 et
2004 2632 2229 2698 sterilis,
2270 2632 2339 2687 ob
2401 2647 2632 2702 eamque
2680 2647 2903 2689 causam
2951 2633 3083 2691 orba
3130 2632 3336 2688 liberis.
3380 2633 3488 2688 Sed

1900 2735 2190 2797 postquam
2253 2740 2352 2796 per
2426 2724 2587 2781 fidem
2654 2724 2935 2781 ctelestem
3006 2740 3266 2799 sponsum
3333 2739 3490 2781 acce-

1901 2820 2017 2890 pit,
2057 2818 2241 2889 plures
2300 2816 2502 2873 liberos
2564 2818 2806 2887 suscepit
2873 2832 3035 2888 quam
3096 2833 3159 2873 ea
3215 2832 3335 2887 qua:
3397 2817 3485 2871 vi-

1902 2927 2021 2965 rmn
2111 2910 2348 2974 habuit,
2444 2910 2497 2965 id
2574 2917 2707 2973 est,
2770 2906 3080 2965 Judzeorum
3159 2907 3483 2979 Synagoga,

1900 3003 2062 3075 757
2092 3018 2257 3073 quam
2297 3003 2439 3057 Deus
2460 3001 2685 3057 adduxit
2716 3016 2811 3071 per
2843 3000 3303 3071 sapientissimum
3338 2999 3489 3066 Moy-

1899 3110 2013 3151 sem
2057 3094 2127 3148 ad
2192 3093 2634 3163 conjunctiouem
2678 3089 3013 3160 spiritualem
3048 3127 3065 3154 ,
3117 3104 3283 3157 quam
3337 3088 3487 3142 velut

1898 3184 2345 3242 eobabitatricem
2392 3192 2450 3237 et
2500 3181 2943 3237 contubernalem
2992 3179 3142 3246 fecit,
3179 3195 3243 3235 ac
3298 3180 3491 3235 multo-

1905 3291 2024 3330 rum
2108 3273 2404 3329 liberurum
2465 3282 2691 3328 matrem
2738 3272 3159 3334 et.,nutricem.
3202 3272 3310 3327 Sed
3373 3278 3490 3329 haec

1901 3363 2092 3420 liberis
2136 3373 2294 3419 aucta
2344 3374 2425 3418 est
2457 3376 2552 3431 per
2581 3359 2881 3425 Christum,
2925 3369 3001 3429 et,
3035 3360 3197 3414 sicuti
3226 3362 3485 3431 prepbeta

1899 3456 2168 3513 Jeremias
2208 3456 2327 3523 ait,
2362 3456 2561 3510 multos
2614 3454 2776 3510 habet
2814 3453 3037 3508 liberos.
3082 3451 3275 3507 Plures
3316 3454 3485 3519 enim,

1902 3560 1963 3604 ut
2006 3548 2139 3616 dixi,
2172 3548 2291 3619 ejus
2328 3562 2451 3618 qua:
2472 3548 2742 3617 quondam
2766 3543 2969 3599 sterilis
3014 3552 3155 3609 erat,
3203 3544 3297 3599 lilii
3324 3554 3483 3607 sunt,

1901 3644 1991 3697 cui
2037 3652 2094 3697 et
2147 3640 2278 3695 illud
2333 3640 2507 3695 dicit:
2547 3654 2565 3688 ι
2593 3635 2765 3691 Dilata
2809 3636 2990 3691 locum
3047 3636 3261 3691 teutorii
3320 3637 3396 3692 tui
3434 3645 3491 3692 et

1914 3732 2394 3791 tabernaculorum
2446 3741 2682 3784 tuorum.
2710 3746 2729 3779 ι
2767 3726 2903 3781 Nam
2940 3727 3067 3796 quia
3098 3729 3238 3782 bona
3277 3740 3334 3783 et
3385 3744 3488 3783 nu-

1905 3844 2117 3886 merosa
2176 3826 2361 3884 sobole
2424 3832 2619 3897 praeter
2674 3822 2985 3892 opinionem
3060 3821 3287 3888 praedita
3353 3820 3486 3884 fuit.

1901 3930 2129 3991 accepto
2170 3920 2239 3975 de
2288 3918 2429 3975 ctelo
2466 3930 2718 3972 sermone
2768 3915 2884 3970 sive
2938 3927 3172 3983 sponso,
3222 3926 3480 3968 necessa-

1904 4016 1987 4070 rio
2046 4012 2266 4081 iubetur
2334 4006 2687 4065 tabernacula
2766 4020 2864 4061 sua
2920 4005 2975 4059 in
3026 4003 3366 4060 latitudinem
3431 4019 3489 4071 et

1904 4106 2291 4177 longitudinem
2340 4101 2656 4165 extendere,
2686 4108 2742 4155 et
2768 4098 2949 4153 clavos
2985 4097 3174 4170 ﬁgere,
3202 4107 3262 4152 ut
3295 4096 3483 4153 incon-

1903 4213 2120 4257 cussam
2176 4196 2435 4254 Ecclesiae
2494 4196 2740 4266 gentium
2791 4192 2964 4248 basim
3022 4192 3148 4247 inde
3191 4190 3481 4263 intelligas.

1902 4290 2235 4351 Protenrlere
2301 4288 2591 4355 funiculus,
2640 4287 2933 4358 spatiosam
2988 4294 3040 4341 et
3092 4285 3490 4356 incomparabi-

1902 4387 2030 4443 liter
2074 4384 2299 4442 divitem
2333 4392 2650 4439 sanctarum
2684 4380 3044 4436 Ecclesiarum
3078 4378 3487 4448 amplitudinem

1904 4477 2234 4541 subindicat,
2266 4475 2482 4530 etiamsi
2527 4472 2762 4542 primum
2795 4470 3082 4527 tentorium
3114 4470 3337 4525 omnino
3365 4484 3489 4540 par-

212 4568 527 4653 υποφαίνει,
556 4570 737 4624 καίτοι
766 4572 867 4642 τῆς
909 4570 1144 4641 ἀρχαίας
1176 4572 1380 4641 σκηνῆς
1419 4570 1607 4642 ὀλίγης
1629 4572 1796 4641 οὔσης

1905 4587 2033 4627 vum
2081 4569 2267 4634 fuerit,
2305 4575 2363 4625 et
2418 4566 2560 4621 atria
2621 4565 2877 4621 habuerit
2933 4562 3341 4633 angustissima.
3383 4560 3489 4625 Ve-

208 4660 515 4725 παντελῶς.
552 4662 648 4715 καὶ
680 4661 1005 4725 στενοτάτας
1036 4662 1268 4734 ἐχούσης
1301 4661 1490 4726 αὐλάς.
1527 4662 1672 4735 Πλὴν
1702 4666 1799 4718 καὶ⁹

212 4752 274 4805 ἐν
300 4752 497 4822 ἐκείνῳ
533 4751 613 4823 τῷ
654 4755 953 4824 τεχνήματι
983 4753 1191 4809 κατίδοι
1219 4772 1301 4818 τις
1340 4753 1406 4809 ἂν
1443 4754 1519 4819 ὡς
1554 4756 1612 4809 ἐν
1644 4755 1800 4827 τύπῳ

213 4843 566 4916 γραφόμενον
611 4843 711 4913 τῆς
738 4844 799 4909 ἐξ
842 4843 1010 4901 ἐθνῶν
1054 4845 1384 4915 Ἐκκλησίας
1433 4843 1496 4901 τὸ
1534 4848 1616 4910 είς
1642 4843 1799 4918 εὖρός

213 4951 277 4990 τε
318 4937 415 4990 καὶ
474 4936 652 5007 μῆκος
706 4936 1038 5007 ἀμφιλαφές.
1078 4937 1214 5009 Περὶ
1259 4938 1369 5010 γάρ
1409 4955 1491 4995 τοι
1541 4939 1640 5003 τὰς
1669 4940 1801 4995 δέκα

214 5026 389 5090 αὐλὰς
414 5028 513 5091 τὰς
544 5029 609 5082 ἐκ
635 5028 836 5101 δέρεων
870 5029 1127 5099 τριχίνων
1146 5030 1685 5101 κατεσκευασμένας,
1712 5032 1806 5085 αὺ-

205 5118 309 5173 ’λαὶ
342 5120 606 5189 τετάχατο
634 5119 820 5191 κύκλῳ
849 5121 1135 5192 τέσσαρες,
1168 5117 1280 5175 οἷον
1330 5124 1411 5186 είς
1452 5123 1682 5177 ἕκαστον
1708 5124 1809 5193 τῆς

216 5210 546 5281 οἰκουμένης
582 5212 851 5283 τρέχουσα
901 5212 1089 5283 μέρος,
1130 5214 1211 5277 είς
1246 5213 1421 5285 μῆκος
1461 5214 1560 5285 μὲν
1592 5214 1807 5277 ἑκατὸν,

217 5304 564 5374 πεντήκοντα
590 5304 646 5357 δὲ
676 5307 756 5367 είς
778 5304 999 5370 πλάτος.
1042 5304 1141 5358 Διὰ
1165 5305 1325 5360 τοῦτό
1364 5323 1548 5377 φησιν’
1579 5308 1700 5361 Ἔτι
1731 5310 1811 5371 είς

215 5396 288 5450 τὰ
313 5396 466 5463 δεξιὰ
500 5397 598 5451 καὶ
622 5399 703 5462 εἰς
727 5400 797 5454 τὰ
824 5398 1090 5471 ἀριστερὰ
1138 5400 1471 5465 ἐκπέτασον,
1503 5400 1803 5464 τουτέστιν,

221 5488 395 5543 ἁπλού
404 5489 617 5545 σθωσαν
633 5491 910 5562 πανταχοῦ
926 5491 997 5546 τὰ
1018 5491 1086 5547 σά
1102 5493 1675 5565 σχοινίσματα.Μεστὴ
1698 5492 1808 5565 γὰρ

220 5582 399 5653 ἁγίων
432 5583 820 5656 Ἐκκλησιῶνή
838 5585 929 5639 ὑπ’
959 5584 1209 5656 οὐρανὸν,
1239 5585 1345 5639 είσὶ
1364 5584 1421 5639 δέ
1448 5584 1543 5645 καὶ
1572 5584 1805 5655 εὐμεγέ-

223 5674 367 5742 θεις,
394 5675 603 5748 εὐρεϊαί
624 5687 685 5729 τε
724 5676 819 5730 καλ¹
845 5676 1107 5748 εὐμήκεις
1138 5676 1438 5747 πανταχοῦ,
1487 5677 1579 5731 καὶ
1607 5675 1809 5742 παντὸς

1905 4673 2212 4721 rumtamen
2240 4660 2326 4718 vel
2376 4660 2431 4719 in
2486 4658 2581 4719 illo
2607 4656 2824 4726 opilicio
2854 4654 3043 4709 videre
3078 4653 3204 4708 licet
3232 4664 3489 4723 tanquam

1906 4760 1960 4814 in
2010 4756 2185 4828 figura
2230 4769 2297 4811 ac
2357 4763 2487 4824 typo
2535 4751 2860 4820 descriptam
2915 4746 3172 4803 Ecclesia
3234 4748 3477 4819 gentium

1905 4848 2271 4910 latitudinem,
2307 4843 2696 4914 longitudinem
2752 4850 2811 4895 et
2841 4840 3141 4899 laxitatem.
3173 4836 3305 4899 Nam
3340 4838 3487 4893 circa

1908 4942 2093 4997 decem
2117 4938 2319 4995 anlteas
2343 4935 2423 5008 (l)
2447 4949 2512 4991 ex
2538 4934 2771 5003 pellibus
2799 4932 3033 4991 ciliciuis
3055 4929 3357 4996 coniectas,
3390 4946 3492 4984 au-

1909 5033 1975 5087 lae
2004 5031 2197 5102 positze
2258 5036 2419 5083 erant
2476 5026 2720 5094 undique
2765 5034 3023 5093 quatuor,
3055 5022 3215 5079 veluti
3252 5022 3495 5093 singulas

1907 5124 2057 5187 orbis
2107 5129 2292 5193 partes
2338 5126 2611 5185 secantes,
2641 5116 2975 5187 longitudine
3021 5126 3264 5178 contum,
3308 5115 3493 5168 latitu-

1909 5216 2039 5271 dine
2103 5212 2516 5283 quinquaginta.
2588 5210 2888 5278 Propterea
2944 5209 3137 5263 dicit:
3191 5207 3385 5263 Adltuc
3440 5206 3492 5260 in

1913 5307 2125 5365 dextris
2167 5305 2303 5360 etin
2356 5303 2592 5360 sinistris
2641 5303 2920 5372 expande,
2963 5301 3018 5365 id
3065 5310 3169 5364 est,
3215 5300 3494 5354 undequa-

1915 5413 2022 5470 que
2080 5396 2309 5453 funiculi
2354 5396 2429 5450 tui
2496 5395 2846 5465 atnplientur.
2887 5392 3086 5447 Plenus
3139 5400 3224 5449 est
3281 5396 3498 5444 sancta-

1918 5506 2038 5546 rum
2087 5488 2460 5545 Ecclesiarum
2524 5486 2675 5542 orbis
2750 5482 3299 5541 terrarumzeteuim
3366 5486 3497 5533 sunt

1913 5598 2132 5657 quoque
2198 5583 2338 5639 bene
2413 5595 2646 5652 magnae,
2700 5580 2956 5651 spatiosa:
3028 5586 3083 5633 et
3145 5577 3281 5631 bene
3326 5572 3501 5642 longae

1920 5674 2163 5746 undique
2209 5683 2266 5732 et
2316 5673 2715 5747 pulcherrimae.
2747 5672 2841 5728 Sic
2887 5671 3031 5726 enim
3086 5668 3221 5723 dicit
3279 5664 3497 5720 univer-

298 5848 381 5921 (I)
408 5848 583 5908 Locus
612 5853 897 5919 obscurus,
927 5862 984 5908 et
1012 5855 1066 5908 ni
1098 5853 1257 5909 fallor
1288 5865 1599 5924 corruptus,
1630 5854 1804 5924 inquit
1846 5850 2176 5907 Httofredus.

553 5944 823 6007 Pnnoc.
853 5946 975 6005 (in.
1022 5944 1205 6005 LXX.

3131 5931 3206 5997 38
