4106 6500
215 465 356 524 119⁸1

1297 456 1371 512 ΙΝ
1408 457 1643 513 lSAlAM
1685 456 1815 511 LIB.
1859 457 1926 511 ν.
1966 453 2209 511 TOMUS
2248 452 2313 509 11.

3318 432 3469 511 ttss

215 579 404 645 ὄνομα
453 573 635 639 αὐτῷ,
679 570 777 627 καὶ
824 574 857 625 ό
891 571 1240 641 ρυσάμενός
1266 585 1367 639 σε,
1417 572 1602 637 αὐτὸς
1652 570 1801 635 Θεὸς

1910 570 1971 623 cit
2017 578 2089 634 te,
2118 569 2376 623 Dominus
2444 568 2676 624 Sabaoth
2740 584 2926 623 nomen
2964 569 3036 635 ei,
3082 578 3132 622 et
3182 570 3274 639 qui
3327 574 3468 628 eruit

227 665 475 737 Ἰσραὴλ
514 664 684 732 πάσῃ
714 662 789 732 τῇ
812 661 895 732 τῇ
922 662 1312 731 κληθήσεται.

286 838 692 909 Δεδικαιώμεθα
741 838 840 909 μὲν
873 840 931 893 ὲν
956 839 1198 911 Χριστῷ,
1229 840 1326 894 καὶ
1367 840 1466 894 οὐκ
1508 840 1572 905 ἐξ
1614 839 1796 910 ἔργων

215 928 326 984 τῶν
358 932 418 982 ὲν
456 929 789 1000 δικαιοσύνη,
828 928 1235 1002 ἀοὲποιήσαμεν
1264 932 1446 1002 ἡμεῖς,
1478 929 1616 983 ἀλλά
1655 928 1798 982 κατὰ

214 1020 279 1076 τδ
321 1021 457 1076 πολὺ
509 1020 674 1075 αὐτοῦ
725 1021 892 1085 ἔλεος.
924 1022 1128 1092 Γράφει
1165 1022 1223 1075 δὲ
1265 1020 1438 1085 οὕτως
1466 1023 1495 1074 6
1522 1020 1795 1089 πάνσοφος

217 1112 453 1175 Παῦλος.
501 1111 927 1182 Ἀπηλλάγμεθα
959 1112 1069 1184 γὰρ
1129 1112 1227 1166 κα)⁸
1258 1113 1502 1175 σκότους,
1534 1112 1629 1165 καὶ
1656 1112 1794 1166 πλά-

216 1220 337 1274 νης.
369 1204 467 1255 γνιὶ
498 1202 841 1273 ἀνοσιότητος
877 1202 1379 1275 πατροπαραδότου,
1408 1201 1545 1256 καθδ
1570 1204 1639 1272 τῇ
1679 1202 1796 1255 κτί-

220 1311 303 1348 σει
352 1292 505 1364 παρά
549 1294 639 1346 τὸν
662 1294 904 1365 κτίστην
947 1292 1426 1365 λελατρεύκαμεν,
1465 1291 1561 1345 καὶ
1596 1292 1797 1362 τρόπος

218 1386 553 1455 φαυλότητος
584 1380 653 1455 ἧν
677 1385 851 1449 ουδεὶς
877 1388 1000 1449 ταῖς
1028 1384 1137 1438 τῶν
1162 1384 1332 1438 ἐθνῶν
1358 1384 1581 1451 ἀγέλαις
1606 1383 1796 1437 ἀνεπι-

216 1476 494 1547 τήδευτος·
517 1477 594 1541 ὡς
611 1477 719 1548 γάρ
737 1494 901 1548 φησιν
927 1479 957 1530 6
979 1476 1565 1548 Ψαλμῳδδς,ιΠάντες
1586 1475 1795 1540 ἐξέκλι-

216 1585 338 1633 ναν,
372 1567 491 1639 ἀμα
520 1567 917 1640 ὴχρειώθησαν,
948 1569 1049 1623 οὐκ
1074 1564 1144 1641 ἦν
1175 1570 1204 1622 6
1228 1568 1398 1624 ποιῶν
1431 1567 1792 1639 χρηστότητα,

218 1658 320 1713 οὐκ
349 1654 420 1730 ἦν
444 1658 549 1721 ἕως
576 1658 713 1722 ἑνός.
744 1677 763 1709 ι
785 1658 1115 1729 Ὁνειδισμδς
1137 1653 1232 1712 οὖν
1260 1657 1368 1731 ἄρα
1396 1661 1505 1717 τοῖς
1529 1657 1708 1711 ἔθνεσι
1734 1656 1797 1710 τδ

220 1748 411 1820 χρῆμα
442 1748 683 1818 γέγονεν,
713 1749 845 1802 αὐτὸ
866 1749 930 1821 δὴ
959 1750 1109 1803 τουτὶ
1134 1748 1197 1803 τὸ
1226 1749 1601 1821 πεπλανῆσθαι
1630 1766 1796 1819 φημι,

218 1840 313 1894 καὶ
362 1839 431 1894 τὰ
462 1841 528 1895 ὲκ
572 1839 666 1894 τοῦ
711 1840 1089 1911 πεπλανῆσθαι
1116 1841 1481 1913 συμϐαίνοντα
1510 1840 1703 1913 βλάϐη.
1730 1840 1798 1894 Τί

1894 669 1967 725 te,
2011 661 2123 729 ipse
2161 660 2301 714 Deus
2348 659 2557 727 Israel,
2602 660 2742 715 Deus
2773 660 2942 714 omnis
2975 669 3131 714 terra:
3172 662 3463 718 vocabitur.

1967 839 2255 897 iustiﬁcati
2290 842 2433 896 enim
2477 856 2663 896 sumus
2709 842 2761 897 in
2802 842 3043 905 Christo,
3067 849 3120 897 et
3165 841 3332 912 759
3360 856 3467 896 non

1894 947 1962 987 ex
2001 933 2258 1002 operibus
2288 931 2513 1000 iustitia:
2536 949 2653 1002 quae
2684 934 2909 989 fecimus
2950 948 3070 999 nos,
3114 934 3209 988 sed
3251 948 3317 987 ex
3356 950 3472 987 ma-

1896 1038 2000 1091 gna
2046 1024 2165 1092 ejus
2202 1022 2616 1089 misericordia;
2654 1038 2779 1077 nam
2825 1024 2903 1077 sic
2943 1023 3133 1077 scribit
3186 1024 3471 1094 sapientis-

1897 1115 2069 1168 simus
2102 1112 2298 1169 Paulus
2318 1114 2389 1167 ".
2434 1112 2676 1169 Liberali
2722 1114 2866 1168 enim
2909 1129 3098 1168 sumus
3141 1129 3170 1167 a
3212 1116 3469 1179 tenebris,

1896 1214 1953 1261 et
1984 1220 2194 1270 errore,
2238 1215 2293 1262 et
2330 1205 2603 1275 impietate
2656 1220 2685 1258 a
2731 1205 2977 1274 patribus
3021 1206 3249 1270 tradita,
3279 1216 3470 1275 quate-

1899 1311 2002 1351 nus
2046 1304 2353 1351 creaturam
2384 1311 2495 1365 pra:
2531 1294 2793 1350 Creatore
2830 1295 3118 1359 coluimus,
3144 1306 3197 1349 et
3226 1296 3468 1364 gentium

1897 1402 2031 1457 grex
2070 1386 2123 1441 in
2166 1386 2314 1441 nullo
2349 1402 2455 1440 non
2511 1386 2762 1440 vitiorum
2828 1402 3026 1458 genere
3088 1397 3207 1441 erat
3260 1386 3474 1442 voluta-

1900 1487 2028 1545 tus;
2082 1486 2142 1532 ut
2186 1486 2243 1533 et
2302 1476 2620 1533 Psalmodus
2664 1478 2785 1532 ait:
2855 1495 2874 1529 ‹
2912 1477 3111 1533 Omnes
3165 1478 3472 1532 declinave-

1897 1576 2047 1632 runt,
2088 1566 2248 1623 simul
2290 1566 2507 1621 inutiles
2543 1565 2668 1621 facti
2700 1577 2846 1631 sunt,
2907 1582 3010 1622 non
3035 1577 3152 1623 erat
3186 1568 3281 1637 qui
3332 1568 3472 1622 bene

1899 1659 2127 1728 faceret,
2167 1644 2418 1714 ne'unus
2460 1658 2757 1728 quidem“.
2802 1678 2822 1712 ι
2852 1655 3006 1726 Quod
3054 1659 3270 1729 quidem
3296 1659 3471 1728 ipsum

1898 1749 2096 1819 probro
2134 1750 2318 1804 datum
2345 1757 2429 1806 est
2450 1749 2721 1821 gentibus,
2752 1763 2928 1816 error,
2963 1748 3203 1819 inquam,
3224 1759 3279 1803 et
3302 1764 3369 1803 ex
3387 1764 3472 1802 er—

1900 1855 2023 1896 rore
2059 1840 2397 1896 incommoda
2438 1850 2747 1897 consecuta.
2786 1839 2926 1907 Quid
2977 1840 3119 1895 enim
3181 1848 3264 1893 est
3330 1840 3471 1907 quod

219 1928 330 2001 γάρ
357 1928 530 1993 οὕτως
571 1931 855 2002 ἀσχήμονα
880 1909 976 1984 καὶ
1004 1909 1432 2002 ἀκαλλέστάτην,
1462 1909 1555 1985 καὶ
1581 1909 1796 2003 μυρίοις

1910 1930 2132 1987 hominis
2174 1933 2411 1987 animam
2456 1932 2529 1987 ita
2593 1930 2981 2002 tttrpilicatam,
3016 1940 3070 1986 et
3104 1930 3471 2012 invenustam.

219 2020 542 2091 αἰτιάμασιν
582 2020 765 2092 ἔνοχον
801 2022 1131 2093 ἀποφήνειεν
1157 2022 1225 2076 ἂν
1248 2022 1348 2093 τὴν
1378 2021 1473 2075 τοῦ
1506 2020 1795 2093 ἀνθρώπου

216 2107 417 2180 ψυχὴν,
457 2110 534 2175 ὡς
569 2109 633 2163 τὸ
671 2112 975 2181 ἀποστῆναι
1016 2110 1152 2165 Θεοῦ
1205 2109 1441 2175 ζῶντος,
1485 2109 1699 2163 ἑλέσθαι
1740 2109 1799 2163 es

218 2202 550 2272 προσκυνεῖν
592 2202 722 2272 παρ’
751 2201 916 2255 αὐτὸν
959 2203 1073 2265 τοῖς
1123 2201 1453 2273 ἀκαθάρτοις
1502 2201 1796 2271 πνεύμασι,

217 2289 317 2344 καὶ
358 2292 473 2354 τοῖς
513 2291 614 2362 τῆς
658 2290 934 2363 ἁμαρτίας
978 2286 1071 2346 οἷά
1105 2308 1212 2346 τινι
1249 2291 1407 2363 πηλῷ
1434 2292 1530 2346 καὶ
1558 2292 1801 2365 βορϐόρῳ

218 2376 536 2446 ιγκαθιέναι
561 2378 858 2450 τέλμασιν;
906 2379 1067 2434 ’Δλλά
1088 2379 1143 2433 τί
1170 2397 1335 2451 φησιν
1362 2382 1391 2433 6
1416 2379 1798 2451 φιλάνθρωπος

227 2472 335 2534 τοῖς
370 2470 727 2541 κεκλημένοις
770 2471 851 2534 είς
894 2470 1088 2537 ἄφεσιν
1124 2471 1398 2543 ἁμαρτίας
1424 2472 1512 2525 διὰ
1544 2473 1797 2539 πίστεως,

222 2560 461 2632 δῆλονδὲ
486 2562 569 2614 ὄτι
596 2561 697 2631 τῆς
714 2562 794 2624 είς
818 2561 1015 2628 αὑτόνς
1040 2561 1132 2633 Μὴ
1169 2560 1360 2631 φοϐοῦ,
1386 2563 1469 2615 δτι
1496 2563 1802 2634 κατῃσχύν-

222 2651 344 2721 θης.
362 2652 579 2724 Ἐπειδὴ
622 2652 734 2722 γὰρ
768 2652 926 2716 ὅλως,
969 2651 1154 2717 καθὼς
1206 2653 1571 2725 κατοικτείρει
1621 2654 1805 2727 πατὴρ

223 2743 398 2809 υίοὺς,
436 2742 739 2816 ᾤκτείρησε
782 2742 987 2815 Κύριος
1024 2745 1155 2808 τοὺς
1200 2743 1567 2815 φοϐουμένους
1617 2744 1801 2810 αὐτὸν,

223 2832 323 2887 καὶ
360 2830 589 2887 καθόσον
626 2833 923 2903 ἀπέχουσιν
969 2833 1228 2888 ἀνατολαὶ
1276 2834 1386 2888 ἀπὸ
1423 2835 1643 2906 δυσμῶν
1669 2837 1782 2907 ἐμά

222 2941 427 2997 κρυνεν
454 2924 549 2994 ἀφ’
576 2924 733 2997 ἡμῶν
758 2942 773 2955 ·
806 2926 906 2988 τὰς
939 2926 1169 2997 ἀνομίας
1195 2927 1353 2999 ήμῶν
1373 2944 1387 2959 ο
1422 2928 1541 2991 πῶς
1569 2929 1669 2983 οὐκ
1700 2929 1807 2983 ἔδει

222 3017 341 3079 τοῖς
366 3015 534 3070 πάλαι
562 3015 1023 3086 διεπταισμένοις,
1064 3018 1159 3072 καὶ
1188 3019 1281 3072 τὸν
1322 3020 1411 3072 ἐπ’
1440 3020 1624 3083 αὐτοῖς
1657 3020 1807 3091 ἡμᾶς

221 3105 637 3161 συναποπτύσαι
669 3105 855 3176 φόϐον,
890 3108 1212 3181 μνησικάκῳ
1252 3110 1435 3181 χάριτι
1478 3110 1809 3175 δικαιοῦντος

223 3196 385 3261 Θεοῦ,
412 3196 511 3251 καὶ
545 3197 647 3251 οὐκ
671 3196 1011 3263 ἔξαιτοῦντος
1047 3201 1202 3265 δίκας
1236 3203 1328 3255 τὸν
1355 3201 1666 3275 ἀλιτήριονς
1698 3202 1808 3259 Καὶ

222 3288 361 3361 γοῦν
389 3290 491 3361 ἔφη
521 3290 757 3361 Χριστὸς
785 3294 885 3361 τῆς
913 3292 1208 3363 ἐπιδημίας
1230 3294 1322 3348 τὸν
1343 3294 1535 3365 καιρὸν
1554 3296 1635 3356 είς
1665 3298 1783 3367 ἡμε-

229 3380 433 3451 ρότητα
469 3379 846 3443 καταδεικνύςο
880 3397 899 3431 ι
931 3381 1007 3434 Οὐ
1035 3381 1145 3452 γὰρ
1163 3380 1483 3436 ἀπέστειλεν
1506 3384 1537 3437 6
1560 3382 1693 3447 Θεὸς
1709 3382 1799 3436 τὸν

226 3467 359 3522 Υίὸν
388 3467 553 3522 αὐτοῦ
599 3470 680 3531 ε’ίς
729 3469 822 3524 τόν
880 3470 1085 3541 κόσμον
1120 3472 1208 3527 ἶνα
1234 3471 1397 3543 κρίνῃ
1437 3472 1533 3526 τὸν
1576 3472 1800 3543 κόσμον,

226 3558 347 3615 ἀλλ’
378 3560 465 3613 ἵνα
496 3561 641 3633 σωθῇ
675 3562 705 3614 6
731 3560 934 3631 κόσμος
956 3561 1024 3615 δι’
1048 3561 1235 3617 αὑτοῦ.
1261 3582 1282 3615 ι
1317 3562 1526 3617 Οὐκοῦν
1548 3563 1623 3626 ὡς
1648 3562 1801 3632 δίκης

229 3650 658 3722 ἀπηλλαγμένοι,
690 3651 784 3705 καὶ
815 3653 914 3724 τὴν
943 3653 1001 3706 ἐν
1025 3656 1137 3717 τοῖς
1163 3653 1718 3725 πεπλημμελημένοις
1743 3655 1796 3708 of

228 3743 642 3814 προσδοκῶντες
664 3744 904 3809 κόλασιν,
928 3746 1022 3799 καὶ
1040 3745 1311 3816 δειμάτων
1332 3746 1621 3817 ἐλευθέραν
1642 3748 1777 3817 ἐσχή

230 3852 410 3905 καμεν
444 3835 544 3909 τὴν
585 3836 846 3901 διάνοιαν,
878 3837 1000 3890 οὐδὲ
1050 3837 1159 3891 τῶν
1204 3836 1583 3908 προλαϐόντων
1618 3838 1797 3890 όνειδι-

233 3927 390 3998 σμῶν
430 3928 774 3999 μεμνήμεθα.
806 3929 952 4000 Νικᾷ
992 3928 1101 4000 γὰρ
1136 3930 1169 3999 ἡ
1200 3928 1359 3999 χάρις
1403 3929 1687 3983 δικαιοῦσα
1716 3930 1809 3984 τὸν

231 4016 426 4088 ἀσεϐῆ,
462 4017 554 4071 καὶ
581 4016 774 4089 μώμου
806 4017 1007 4081 παντὸς
1041 4017 1459 4072 ἀπαλλάττουσα
1483 4019 1612 4083 τοὺς
1648 4018 1808 4090 ἠλεη-

236 4109 559 4181 μένους.Ὢς
601 4110 709 4181 γὰρ
749 4110 778 4163 6
820 4111 1095 4181 πάνσοφος
1136 4110 1350 4175 Παῦλός
1385 4127 1539 4181 φησι,
1574 4129 1595 4164 ε
1623 4110 1756 4174 Θεὸς
1782 4112 1813 4165 6

233 4197 482 4262 δικαιῶν,
507 4196 593 4261 τίς
638 4199 667 4251 6
712 4197 1095 4269 κατακρίνων;
1129 4216 1149 4247 ι
1180 4197 1709 4267 Ἀμνησικακοῦντος
1755 4196 1813 4250 δὲ

234 4287 333 4342 τοῦ
356 4290 571 4343 πάντων
587 4288 879 4351 Δεσπότου,
896 4288 980 4352 τίς
999 4290 1132 4360 ἡμῖν
1150 4288 1527 4357 ὀνειδίσειτῶν
1549 4287 1815 4359 ὲνξάγνοιᾳ

238 4379 595 4448 πταισμάτων
623 4378 716 4433 τὸν
745 4378 949 4451 ῥύπον;
997 4378 1259 4452 Ἑπιλήσῃ
1282 4380 1483 4445 τοίνυν,
1513 4379 1699 4450 φησὶν,
1727 4380 1785 4433 al

242 4470 445 4540 σχύνην
464 4468 682 4523 αίὼνιον
704 4470 845 4540 (ἀντὶ
859 4469 974 4529 τοῦ.
1006 4470 1265 4541 μακρὰν),
1295 4472 1390 4530 καὶ
1411 4472 1474 4525 τὸ
1499 4471 1699 4533 ὄνειδος
1716 4470 1816 4540 τῆς

239 4562 469 4634 χηρείας
516 4577 609 4615 σου
632 4562 691 4614 οὐ
715 4562 790 4633 μὴ
820 4560 1371 4633 μνησθήσῃ.’ονειδος
1392 4562 1451 4615 δὲ
1478 4562 1724 4633 χηρείας,
1754 4561 1820 4615 τὸ

1896 2039 1960 2080 ac
1992 2024 2219 2080 infinitis
2256 2026 2405 2082 vitiis
2460 2025 2790 2097 implicatam
2830 2026 3029 2089 reddit,
3072 2034 3132 2079 ut
3164 2040 3193 2079 a
3239 2027 3351 2077 Deo
3388 2027 3469 2078 vi-

1896 2122 2057 2169 vente
2099 2114 2356 2182 deiicere,
2396 2123 2451 2169 et
2510 2130 2672 2185 supra
2735 2114 2884 2169 illum
2930 2114 3157 2182 impuris
3187 2114 3469 2183 spiritibus

1896 2220 1956 2261 se
1990 2215 2365 2275 prosternere,
2401 2214 2455 2259 et
2480 2204 2531 2259 in
2553 2205 2759 2275 peccati
2776 2204 2922 2260 velut
2955 2203 3126 2257 lutum
3170 2204 3467 2273 quoddam,

1896 2311 1961 2352 ac
2015 2311 2231 2353 caenum
2293 2306 2350 2352 et
2385 2306 2605 2366 puteum
2651 2292 3088 2366 dejicere‘l‘Sed
3149 2294 3278 2364 quid
3334 2295 3471 2348 dicit

1901 2386 2178 2442 hominum
2221 2401 2409 2461 amans
2454 2386 2540 2442 his
2576 2387 2666 2455 qui
2708 2387 2776 2439 ad
2825 2385 3195 2440 remissionem
3239 2384 3470 2454 peccati,

1899 2492 1998 2547 per
2035 2477 2196 2532 (idem
2234 2478 2288 2531 in
2325 2477 2497 2547 ipsum
2532 2476 2760 2540 scilicet,
2802 2476 2975 2530 vocati
3026 2475 3196 2529 sunt?
3233 2472 3351 2529 Noli
3407 2475 3473 2528 ti-

1905 2583 2075 2633 mere,
2105 2566 2233 2638 quia
2269 2566 2497 2623 confusa
2521 2582 2601 2622 es.
2628 2565 2763 2620 Nam
2800 2579 2923 2620 cum
2960 2564 3181 2618 omnino
3212 2564 3355 2619 velut
3377 2580 3474 2633 pa-

1907 2666 1991 2714 ter
2041 2660 2333 2715 miseretur
2388 2658 2647 2725 ﬁliorum,
2679 2658 2759 2712 sic
2816 2659 3068 2710 misertus
3092 2657 3161 2710 sit
3212 2656 3475 2710 Dominus

1906 2750 2208 2805 timentium
2257 2764 2339 2814 se,
2371 2758 2427 2805 et
2466 2758 2724 2819 quantum
2770 2750 2934 2804 distat
2975 2758 3127 2803 ortus
3167 2748 3234 2801 ab
3273 2762 3471 2803 occasu

1906 2839 2062 2911 longe
2093 2848 2369 2895 removeat
2405 2855 2435 2894 a
2476 2839 2630 2896 nobis
2667 2849 2885 2908 peccata
2917 2838 3265 2907 nostra,quid
3299 2838 3357 2893 ni
3381 2837 3475 2891 de-

1906 2938 2028 2983 ceat
2068 2944 2166 2983 nos
2198 2929 2289 3000 qui
2332 2929 2599 2998 quondam
2642 2928 2777 2999 lapsi
2812 2944 3001 2983 sumus
3046 2942 3259 2981 omnem
3314 2929 3475 2982 timo-

1910 3035 2024 3075 rem
2075 3035 2361 3091 exspuere,
2410 3022 2518 3075 Deo
2554 3020 2725 3089 gratia
2768 3020 3055 3077 oblivionis
3120 3020 3473 3090 justilicante,

1910 3120 1968 3164 et
1990 3124 2021 3164 a
2059 3110 2323 3165 scelerato
2360 3124 2549 3179 poenas
2572 3122 2677 3163 non
2702 3109 2997 3178 exigente?
3020 3107 3297 3177 Siquidem
3321 3106 3477 3161 Chri.

1912 3212 2032 3258 stus
2088 3203 2224 3257 dixit
2279 3204 2541 3257 adventus
2585 3209 2799 3270 tempus
2837 3199 2903 3253 ad
2957 3199 3295 3253 clementiam
3352 3211 3476 3268 spe.

1908 3305 2093 3350 ctare:
2116 3312 2137 3347 ι
2156 3293 2269 3349 Non
2292 3294 2456 3357 enim,
2478 3310 2499 3345 ι
2523 3292 2714 3362 inquit,
2745 3309 2767 3344 ι
2786 3292 2931 3346 misit
2949 3291 3088 3345 Deus
3108 3289 3301 3344 Filium
3321 3304 3477 3345 suum

1911 3385 1965 3440 in
2028 3384 2286 3439 mundum
2324 3393 2383 3437 ut
2413 3381 2618 3450 iudicet
2652 3382 2933 3447 mundum,
2969 3384 3064 3436 sed
3097 3390 3155 3434 ut
3182 3394 3279 3451 per
3305 3382 3478 3448 ipsum

1910 3468 2168 3531 mundus
2186 3480 2434 3530 servetur
2452 3474 2522 3532 ".
2544 3491 2564 3527 ι
2596 3471 2777 3540 Quare
2802 3473 2950 3527 velut
3000 3486 3160 3541 pmna
3214 3472 3481 3526 immunes

1911 3566 2075 3632 facti,
2109 3574 2166 3621 et
2198 3565 2519 3621 delictorum
2570 3560 2893 3634 supplicium
2941 3578 3045 3617 non
3079 3570 3479 3631 exspectantes,

1908 3662 2079 3718 etiam
2127 3660 2305 3715 libero
2340 3674 2404 3714 ac
2440 3659 2741 3715 terroribus
2788 3672 2958 3712 vacuo
3011 3658 3194 3711 animo
3249 3655 3481 3719 fuimus,

1917 3768 2019 3810 nec
2049 3752 2465 3824 praecedentium
2499 3750 2913 3821 opprobriorum
2944 3748 3305 3801 meminimus.
3344 3746 3481 3802 Vin-

1911 3848 1991 3901 cit
2045 3843 2313 3913 siquidem
2386 3842 2587 3911 gratia,
2633 3855 2753 3908 quae
2828 3838 3090 3908 justillcat
3151 3838 3400 3904 impium,
3427 3848 3483 3890 et

1913 3936 2065 3991 omni
2115 3934 2236 3988 labe
2278 3946 2375 3987 eos
2419 3931 2511 4001 qui
2563 3928 2991 3985 misericordiam
3041 3928 3318 3982 consecuti
3359 3935 3487 3983 sunt

1917 4025 2131 4080 liberat.
2163 4022 2232 4078 Ut
2255 4022 2399 4077 enim
2437 4020 2870 4089 sapientissimus
2894 4016 3093 4072 Paulus
3120 4017 3195 4071 ait
3224 4033 3237 4070 :
3270 4035 3291 4069 ι
3344 4018 3490 4073 Deus

1914 4125 2001 4170 est
2032 4114 2123 4184 qui
2154 4113 2436 4182 justiticat,
2460 4113 2585 4182 quis
2611 4122 2696 4165 est
2728 4110 2819 4180 qui
2846 4109 3171 4163 condemnat
3198 4109 3244 4140 ⁸⁸
3266 4108 3326 4162 ἲ»
3353 4108 3487 4163 Cum

1916 4216 2099 4261 autem
2138 4205 2398 4260 Dominus
2446 4204 2688 4258 omnium
2731 4199 3112 4261 obliviscatur,
3143 4199 3264 4268 quis
3327 4198 3487 4253 nobis

1918 4299 2109 4353 sordes
2142 4306 2449 4351 erratorum
2491 4295 2545 4351 in
2581 4293 2884 4365 ignorantia
2928 4291 3292 4347 admissurum
3349 4290 3490 4359 obji-

1916 4389 2029 4443 ciet
2054 4386 2079 4441 ‘!
2101 4385 2453 4442 Oblivisceris
2483 4386 2692 4453 itaque,
2746 4382 2943 4453 inquit,
2975 4372 3285 4450 ignominiae
3338 4395 3489 4435 sem-

1920 4480 2169 4550 piternae,
2199 4492 2319 4546 pro,
2343 4478 2649 4539 diuturnae;
2678 4486 2737 4529 et
2764 4472 3037 4542 opprobrii
3068 4470 3349 4525 viduitatis
3387 4480 3494 4523 tum

1922 4584 2033 4624 non
2069 4568 2463 4623 recordaberis.
2496 4566 2763 4620 Probrum
2794 4573 2979 4617 autem
3028 4562 3303 4615 viduitatis
3351 4570 3492 4620 erat,

243 4656 448 4729 μηδένα
496 4656 697 4728 τρόπον
735 4656 1155 4727 καρποφορῆσαι
1195 4655 1315 4725 Θεῷ
1361 4656 1489 4718 τοὺς
1538 4655 1597 4722 ἐξ
1648 4654 1805 4708 ὲθνῶη

1920 4660 2063 4730 quod
2139 4668 2325 4729 gentes
2377 4658 2577 4712 nullum
2637 4670 2809 4723 genus
2877 4655 3152 4708 fructuum
3200 4651 3329 4703 olim
3389 4648 3500 4701 Deo

245 4749 465 4820 ίσχύσαι
499 4749 651 4811 ποτὲ,
691 4748 813 4802 καθ’
834 4748 894 4802 ὃν
928 4747 1238 4803 ἐπλανῶντο
1269 4748 1480 4818 καιρόν.
1507 4748 1583 4800 UO
1620 4746 1729 4818 γὰρ
1753 4743 1821 4817 ἦν

243 4840 377 4909 παρ’
396 4840 601 4902 αὐτοῖς,
631 4838 706 4901 ὡς
735 4836 895 4909 ἔφην,
924 4837 953 4888 6
984 4836 1042 4901 ἐξ
1069 4835 1301 4907 οὐρανοῦ
1328 4835 1584 4906 νυμφίος,
1605 4835 1635 4888 6
1659 4852 1825 4889 πνευ-

248 4929 488 5002 ματικῆς
519 4928 823 4999 εὐκαρπίας
860 4929 1047 5000 δοτὴρ,
1076 4930 1105 4981 6
1131 4926 1463 4998 σπερμάτων
1495 4926 1714 4995 ἀγαθῶν
1738 4928 1825 4979 ὲν-

249 5021 419 5083 τιθεὶς
434 5020 687 5091 ἀφορμὰς
706 5020 915 5092 ἑκάστῃ
933 5017 1101 5090 ψυχῇ.
1136 5017 1247 5071 Καὶ
1264 5017 1393 5086 γοῦν
1409 5017 1468 5070 ὲν
1493 5015 1829 5088 παραϐολαῖς

249 5113 634 5181 εὖαγγελικαῖς
659 5109 899 5164 τοιοῦτον
942 5111 1075 5179 ἡμῖν
1122 5107 1315 5163 ἑαυτὸν
1350 5108 1713 5172 διαδείκνυσι,
1748 5107 1829 5160 λέ-

250 5222 418 5275 γωνί
443 5204 696 5274 Ἐξῆλθεν
718 5204 747 5255 6
769 5204 1008 5275 σπείρων
1027 5204 1121 5258 τοῦ
1150 5206 1369 5275 σπεῖραι
1389 5202 1480 5256 τὸν
1509 5203 1708 5274 σπόρον
1733 5204 1829 5255 αὐ-

250 5294 370 5351 τοῦ.
398 5314 417 5347 ι
453 5295 587 5350 Τίνα
614 5296 671 5349 δὲ
700 5295 901 5366 τρόπον
943 5294 1372 5367 ἀφανισθήσεται
1404 5294 1466 5347 τὸ
1495 5294 1697 5355 ὄνειδος
1728 5295 1827 5364 τῆς

251 5390 484 5461 χηρείας
506 5388 697 5458 αὐτῆς,
730 5388 1006 5458 διατρανοϊ
1028 5387 1222 5455 λέγων,
1258 5390 1341 5442 ὅτι
1369 5386 1573 5458 Κύριος
1598 5387 1627 5439 6
1661 5385 1831 5439 ποιῶν

256 5497 342 5545 σε,
375 5478 577 5550 Κύριος
595 5477 820 5533 Σαϐαὼθ
849 5477 1290 5549 ὅνομαξαύτῷ.Τδ
1318 5478 1395 5542 δὲ,
1420 5478 1598 5533 IIotth
1622 5494 1704 5540 σε,
1724 5495 1831 5546 φη·

256 5572 370 5635 σὶν,
401 5572 521 5625 ἀντὶ
544 5570 663 5635 τοῦ,
684 5568 888 5633 κτίζων
918 5586 1000 5635 σε,
1031 5569 1127 5623 καὶ
1154 5568 1521 5641 μεταμορφῶν
1546 5571 1625 5633 είς
1652 5569 1835 5641 ἑτερόο

1925 4750 2203 4821 potuerint
2236 4750 2517 4811 edere,en
2572 4760 2683 4817 quo
2729 4744 2989 4799 errabant
3044 4750 3309 4808 tempore.
3367 4736 3486 4791 Non

1923 4843 2071 4897 enim
2105 4850 2227 4896 erat
2256 4840 2398 4908 apud
2423 4853 2541 4900 eos,
2565 4846 2625 4890 ut
2664 4835 2846 4900 dixi,e
2878 4832 3032 4889 cmlis
3069 4845 3299 4900 sponsus
3340 4828 3501 4899 spiri-

1926 4932 2090 4987 tualis
2136 4928 2302 5000 760
2357 4924 2654 4981 fertilitatis
2699 4924 2877 4988 dator,
2905 4921 2999 4991 qui
3028 4919 3291 4975 seminum
3333 4919 3503 4971 bono-

1930 5039 2049 5079 rum
2102 5020 2421 5076 occasiones
2459 5017 2658 5085 cuique
2710 5015 2906 5068 animas
2962 5011 3174 5067 inserit.
3222 5009 3501 5079 Siquidem

1933 5113 2100 5168 talem
2157 5110 2212 5164 in
2258 5105 2585 5177 evangelicis
2644 5102 2917 5173 parabolis
2960 5117 3021 5158 se
3068 5115 3190 5156 esse
3238 5099 3501 5162 ostendit,

1935 5218 2057 5259 cum
2086 5199 2298 5270 inquit:
2326 5216 2346 5249 ‹
2378 5197 2525 5252 Exiit
2555 5196 2646 5266 qui
2699 5194 2836 5249 serit
2877 5195 2945 5249 ad
2984 5193 3267 5248 serendum
3317 5206 3502 5246 semen

1935 5307 2092 5349 suum
2114 5292 2181 5344 ”.
2234 5307 2255 5341 ι
2310 5287 2591 5355 Quomodo
2654 5296 2836 5339 autem
2894 5284 3179 5338 viduitatis
3212 5282 3329 5351 ejus
3384 5294 3502 5349 pro.

1936 5386 2095 5439 brum
2138 5379 2501 5443 «movebitur,
2529 5376 2769 5446 exponit,
2793 5375 2980 5431 dicens
3011 5392 3027 5429 :
3074 5374 3211 5441 Quia
3248 5371 3505 5425 Dominus

1940 5472 2146 5528 faciens
2177 5478 2251 5537 te,
2303 5469 2562 5525 Dominus
2602 5464 2843 5521 Sabaoth
2882 5478 3076 5519 nomen
3123 5464 3194 5517 ei.
3238 5460 3506 5521 Faciens,

1941 5564 2094 5628 dicit,
2132 5576 2252 5634 pro,
2275 5560 2517 5616 condens
2547 5566 2621 5619 te,
2675 5565 2731 5612 et
2775 5555 3173 5611 transformans
3218 5550 3285 5604 ad
3340 5549 3506 5602 alius-

248 5674 461 5733 τροπον
490 5659 785 5722 πολιτείαν,
819 5660 913 5712 καὶ
961 5659 1042 5723 είς
1087 5658 1398 5729 εὐσχήμονα
1444 5656 1618 5728 ζωήν·
1660 5674 1805 5728 μετα⁴

1944 5656 2092 5712 modi
2120 5656 2246 5711 vita:
2276 5652 2601 5717 institutum,
2622 5658 2677 5704 et
2714 5648 2782 5703 ad
2810 5648 2972 5702 aliam
3012 5647 3174 5701 vitam
3202 5643 3506 5701 honestam.

324 5840 387 5879 ⁸⁸
414 5841 525 5897 Tit.
552 5856 637 5907 ut,
675 5840 731 5894 5.
805 5836 1021 5892 “Psal.
1050 5852 1172 5901 xm,
1201 5835 1257 5890 3.
1332 5832 1553 5891 "Joan.
1592 5849 1671 5899 tu,
1712 5832 1794 5887 l7.

1910 5836 1915 5864 '
1956 5832 2113 5886 Rom.
2146 5845 2260 5895 vut,
2290 5831 2380 5895 55,
2409 5831 2499 5886 σε.
2574 5833 2620 5863 ⁹⁹
2654 5827 2841 5883 Matth.
2872 5838 2992 5889 xm,
3026 5824 3083 5879 3.
