4140 6502
301 415 449 474 ιεοι·

1440 418 1518 475 ΙΝ·
1548 421 1943 478 ISAIAM‘UB'.
1986 425 2049 480 Υ.
2092 417 2452 478 ΤΟΜΠΞἸῘΖἺ

3406 424 3540 481 120!

298 538 421 608 χίας
447 537 695 606 αίτιαμα,
729 537 802 599 ὠς
835 537 897 589 οὐ
926 537 1200 612 δυναμένῃ
1233 518 1631 615 διακαρτερεῖν,
1657 548 1749 600 καὶ
1774 546 1877 601 τῶν

1984 543 2424 616 nuptialejugum
2453 540 2839 611 amplecti,'sed
2866 540 2932 594 ad
2964 553 3027 595 ea
3048 553 3171 609 qua
3198 537 3274 595 fas
3306 551 3545 609 non-est,

294 628 551 698 γαμικῶν
578 627 866 697 ἀνέχεσθαι
890 627 1099 697 ζυγῶν,
1136 630 1167 701 ἢ
1202 632 1602 708 μεθισταμένην
1625 639 1710 708 ἐφ’
1737 638 1772 692 ἃ
1802 638 1875 711 μὴ

294 719 476 788 θέμις,
514 719 607 771 καὶ
656 717 938 786 ὀλιγώρως
986 720 1216 791 ἔχουσαν
1262 726 1390 796 περὶ
1440 725 1500 779 τὺ
1545 728 1784 801 πληροῦν
1808 729 1877 783 τὰ

291 810 505 880 ὅσαπέρ
549 811 663 863 ἐστι
713 811 971 866 τελοῦντα
1014 812 1152 883 πρὸς
1178 814 1496 886 εὐκοσμίαν.
1522 819 1757 890 Τοιαύτη
1792 838 1877 883 τις

294 895 518 970 γέγονεν
545 902 703 972 ἡτῶν
737 903 1005 958 Ἰουδαίων
1027 904 1323 979 Συναγωγή
1345 910 1472 978 περὶ
1497 908 1590 963 τὸν
1606 912 1713 963 τῶν
1739 911 1875 964 ὅλων

292 991 598 1062 κρατοῦντα
638 991 789 1046 Θεόν.
824 994 1213 1067 Προσηγάγετο
1249 998 1346 1069 μὲν
1373 999 1482 1071 γὰρ
1530 1000 1697 1071 αὐτὴν
1741 1001 1876 1071 πρὸς

290 1083 602 1153 οἰκειότητα
630 1088 1010 1157 πνευματικὴν
1041 1086 1130 1140 διὰ
1166 1088 1261 1141 τοῦ
1295 1092 1568 1159 πανσόφου
1603 1091 1873 1156 Μωσέως,

294 1172 391 1225 καὶ
423 1172 498 1235 ὥς
538 1190 660 1227 τινα
704 1177 936 1240 γυναῖκα
980 1177 1358 1248 πορνεύσασαν
1392 1181 1452 1232 ὲν
1481 1181 1759 1250 Αἰγύπτῳ,
1787 1181 1876 1234 διά

292 1278 358 1330 γε
386 1263 478 1316 τοῦ
509 1264 576 1316 τὰ
606 1264 782 1322 αὐτῶν
811 1264 1023 1319 ἑλέσθαι
1056 1271 1291 1339 φρονεῖν,
1326 1269 1421 1323 καὶ
1441 1270 1623 1324 αὐτόθι
1646 1271 1883 1344 λατρεῦ-

294 1371 385 1407 σαι
420 1353 583 1417 θεοῖς,
632 1358 912 1425 μονονουχὶ
959 1358 1054 1410 καὶ
1101 1360 1552 1429 εἰσοικισάμενος.
1587 1357 1721 1415 Εἶτα
1763 1365 1884 1427 τοίς·

292 1445 543 1515 ἀρχαίαις
584 1446 846 1513 τέλμασιν
888 1449 1438 1521 ὲγκαταπηδήσασαν,
1464 1452 1557 1506 καὶ
1594 1452 1877 1524 παλινδρο-

295 1537 417 1605 μεῖν
447 1535 736 1590 ἐθέλουσαν
786 1539 864 1601 είς
914 1540 1213 1593 ἀπόστασιν
1279 1542 1712 1615 (προσκεκύνηκε
1767 1545 1876 1615 γὰρ

288 1628 406 1688 eoi;
444 1626 628 1697 ἔργοις
666 1628 775 1682 τῶν
811 1630 957 1684 ίδίων
985 1631 1226 1704 χειρῶν),
1257 1633 1546 1689 ἀπεώσατό
1572 1652 1629 1689 τε
1656 1637 1752 1689 καὶ
1781 1636 1877 1691 ἀλ-

289 1715 508 1785 λοτρίαν
536 1718 782 1787 ἀπέφηνε
814 1720 913 1790 τῆς
942 1721 1081 1791 πρὸς
1114 1723 1275 1778 αὑτὸν
1306 1726 1655 1798 οἰκειότητος,
1680 1728 1774 1780 καὶ
1802 1725 1877 1790 ὥς

289 1822 414 1860 τινα
454 1812 683 1876 γυναῖκα
731 1814 1111 1889 μεμισημένην
1135 1815 1229 1867 καὶ
1274 1817 1613 1887 όλιγὰψυχον,
1666 1818 1874 1884 ἑξοικον

290 1899 607 1969 ἔποιήσατο.
638 1902 748 1955 Καὶ
777 1886 911 1970 γοῦν
926 1881 1039 1975 »ἔφη
1068 1881 1140 1959 δι’
1176 1907 1294 1971 ἐνὸς
1316 1881 1626 1977 τῶν-ἁγίων
1660 1881 1875 1983 προφη-
1906 1881 1947 1938 Β

288 1991 400 2045 Ιτῶν
420 1992 555 2063 πρὸς
574 1996 700 2059 τοὺς
718 1993 780 2060 ἐξ
798 1996 1027 2066 αἵματος
1054 1998 1275 2070 Ἰσραήλ
1294 2014 1306 2028 ο
1332 1999 1600 2071 ιΚρίθητε
1621 2001 1755 2072 πρὸς
1775 2002 1873 2073 τὴν

293 2082 508 2155 μητέρα
539 2085 713 2155 ὑμῶν,
748 2085 992 2160 κρίθητε,
1018 2088 1099 2141 ὅτι
1128 2086 1269 2157 αὕτη
1295 2088 1353 2141 οὐ
1387 2091 1523 2159 γυνή
1560 2107 1685 2160 μου,
1719 2091 1874 2160 κάγὼ

285 2176 393 2228 οὐκ
421 2175 558 2247 ἀνὴρ
588 2178 780 2248 αὐτῆς.
798 2179 914 2240 ⁸Καὶ
940 2178 1119 2250 ὲξαρῶ
1149 2179 1251 2247 τὴν
1281 2181 1535 2250 πορνείαν
1572 2182 1741 2253 αὐτῆς
1767 2184 1875 2255 πρὸ

287 2263 584 2334 προσώπου
610 2282 733 2336 μου,
752 2267 847 2319 καὶ.
867 2266 971 2338 τὴν
1001 2268 1248 2339 μοιχείαν
1264 2270 1454 2338 ¹αὐτῆς
1488 2272 1552 2323 ἐκ
1575 2270 1739 2341 μέσου
1764 2273 1873 2327 τῶν

289 2355 514 2424 μαστῶν
536 2356 724 2427 αὐτῆς,
755 2357 850 2411 καὶ
886 2358 1172 2419 ἀποκτενῶ
1208 2360 1379 2431 αὐτὴν
1414 2362 1469 2413 ὲν
1494 2360 1657 2430 δίψει,
1689 2362 1875 2416 καὶτὰ

283 2445 455 2498 τέκνα
476 2447 646 2516 αὐτῆς
672 2449 732 2501 οὐ
763 2449 846 2520 μὴ·
869 2449 1096 2520 ἐλεήσω,
1116 2452 1197 2504 ὅτι
1218 2451 1386 2504 τέκνα
1407 2454 1664 2521 πορνείας
1692 2454 1837 2508 ἐστίν
1858 2497 1872 2512 .

283 2536 371 2590 δτι
385 2536 817 2611 ὲξεπόρνευσενή
839 2542 1020 2613 μήτηρ
1037 2541 1575 2612 αὑτῶν,κατῄσχυνεν
1591 2544 1880 2613 ἠῆτεκοῦσαι

284 2627 446 2685 αὑτά.
463 2647 480 2678 ι
517 2630 730 2693 Ὀποῖος
754 2630 811 2683 δὲ
833 2631 1056 2699 γέγονεν
1076 2632 1216 2703 αὐτῇ
1226 2633 1323 2701 τῆς
1338 2633 1595 2702 πορνείας
1609 2636 1636 2687 ό
1652 2635 1871 2705 τρόπος,

281 2721 583 2791 διεσάφησε
607 2722 783 2790 λέγων
819 2722 907 2776 διὰ
936 2722 1123 2794 φωνῆς
1174 2724 1451 2796 Ἰεξεχιὴλ·
1481 2742 1501 2777 ι
1529 2724 1623 2778 re
1666 2726 1876 2797 ἀνθρώ-

284 2828 412 2871 «ou,
442 2813 501 2863 οὐ
530 2813 1058 2884 κρινεῖςτὴνὈολὰν
1084 2815 1177 2867 καὶ
1203 2814 1300 2886 τὴν
1333 2814 1579 2870 Ὀολιῦὰν
1603 2817 1870 2883 (τουτέστι

281 2903 385 2973 τὴν
417 2903 770 2974 Ἰερουσαλὴμ
789 2905 882 2959 καὶ
904 2906 1004 2976 τὴν
1032 2906 1396 2976 Σαμάρειαν),
1438 2908 1532 2961 καὶ⁸
1556 2908 1873 2976 ἀναγγελεῖς

283 2995 477 3057 αὐταῖς
504 2995 601 3059 τὰς
645 2996 876 3066 ἀνομίας
908 2997 1110 3063 αὐτῶν,
1138 2998 1220 3051 ὅτι
1257 2999 1576 3068 ἐμοιχῶντο,
1603 2999 1695 3052 καὶ
1735 2995 1873 3070 αἷμα

282 3087 347 3139 ὲν
388 3088 508 3149 ταῖς
557 3088 746 3156 χερσὶν
804 3088 1021 3153 αὑτῶνς
1064 3087 1181 3157 [Ta
1243 3088 1609 3161 ἐνθυμηματα
1658 3090 1870 3163 αὐτῶν]

282 3177 618 3269 εμοιχῶντο·
648 3178 750 3269 καί
785 3177 853 3231 τὰ
901 3178 1066 3232 τέκνα
1117 3178 1317 3243 αὐτῶν,
1357 3179 1393 3233 ἃ
1422 3180 1720 3253 ἐγέννησαν
1759 3201 1869 3253 μοι,
1900 3208 1945 3269 c

283 3267 548 3339 διήγαγον
562 3269 719 3321 αὐτοὶ
734 3268 801 3322 δι’
823 3269 1262 3341 ὲμπύρων.”Εως
1290 3271 1386 3324 καὶ
1410 3272 1582 3326 ταῦτα
1609 3274 1872 3345 ἐποίησάν

287 3374 409 3428 μοι·
443 3358 522 3411 Τὰ
554 3360 682 3425 ἅγιά
711 3376 813 3429 μου
841 3360 1089 3431 ἐμίαναν,
1120 3361 1216 3414 καὶ
1237 3361 1305 3415 τὰ
1334 3362 1589 3418 Σάϐϐατα
1613 3382 1714 3435 μου
1740 3366 1873 3418 ἐϐε-

283 3447 505 3517 ϐήλουν,
539 3450 634 3502 καὶ
666 3450 724 3501 ὲν
755 3449 836 3520 τῷ
886 3451 1111 3520 σφάζειν
1141 3453 1337 3516 αὐτοὺς
1367 3454 1437 3507 τὰ
1477 3455 1639 3508 τέκνα
1693 3457 1873 3510 αὐτῶν

281 3541 399 3601 τοῖς
434 3539 667 3602 εἰδώλοις
709 3540 908 3603 αὐτῶν,
936 3542 1039 3595 καὶ
1072 3544 1481 3615 εἰσεπορεύοντο
1522 3548 1603 3610 είς
1643 3548 1713 3601 τὰ
1741 3549 1874 3617 ἅγιά

288 3647 397 3700 μου
436 3630 529 3683 τοῦ
575 3630 837 3701 βεϐηλοῦν
871 3634 1030 3688 αὑτά.
1067 3654 1088 3687 ι
1115 3631 1294 3690 ’Ἦσαν
1321 3636 1420 3707 μὲν
1447 3638 1559 3709 γὰρ
1584 3641 1640 3692 ὲν
1665 3644 1731 3711 τῇ
1766 3643 1870 3695 Σα-

293 3724 498 3794 μαρείᾳ
522 3723 653 3776 δέκα
683 3725 867 3793 φυλαὶ,
892 3725 988 3778 καὶ
1024 3725 1084 3778 τὸ
1111 3726 1284 3797 ἥμισυ
1313 3727 1484 3797 φυλῆς
1517 3730 1754 3801 Ἐφραῖμ
1772 3746 1788 3763 ⁸
1806 3733 1873 3784 γὲν

288 3814 351 3867 δέ
386 3832 448 3881 γε
476 3820 590 3885 τοῖς
626 3816 1017 3887 Ἱεροσολύμοις
1050 3818 1218 3873 Ἰούδα
1266 3819 1431 3892 φυλὴ,
1461 3820 1557 3873 καὶ
1599 3822 1660 3874 τὸ
1696 3823 1869 3893 ἥμισυ

287 3904 465 3973 φυλῆς
494 3904 748 3975 Βενιαμίν
769 3925 781 3937 υ
813 3906 927 3959 ἀλλ’
954 3899 1097 3959 οὗτοί
1118 3922 1177 3959 τε
1206 3907 1448 3960 κάκεῖνοι
1474 3907 1875 3980 δεδυσσεσήκα-

286 4010 375 4048 σιν
398 3995 457 4047 οὐ
491 3996 746 4067 μετρίως,
778 3997 976 4067 μᾶλλον
1012 3997 1069 4050 δὲ
1095 3999 1175 4060 είς
1203 3997 1356 4067 λῆξιν
1385 3999 1605 4070 ἁπάσης
1635 4001 1870 4073 ἐμϐρον-

283 4086 481 4155 τησίας
499 4085 824 4150 ἀκαθέκτοις
837 4089 1416 4158 όρμαῖςἜιελάσαντες,
1431 4089 1498 4144 τὰ
1511 4091 1873 4163 ἐνθυμήματα

283 4177 467 4230 αὐτῶν
521 4176 856 4247 ἑμοιχῶντο·
883 4178 1183 4242 τουτέστιν,
1216 4180 1398 4251 Ἀπερ
1445 4180 1753 4252 ἐπένθησαν
1795 4181 1872 4253 (Ι)

284 4268 445 4323 αὐτοὶ
474 4267 688 4331 εἴδωλα,
716 4267 888 4321 ταῦτα
916 4269 1163 4339 μοιχείας
1199 4268 1389 4341 ὥσπερ
1415 4271 1561 4335 τινὸς
1588 4273 1685 4326 καὶ⁹
1733 4290 1869 4346 πορι-

281 4358 437 4423 νείας
479 4359 679 4429 νοητῆς
718 4360 936 4412 ἐποίουν
976 4352 1270 4430 πρόφασιν,
1296 4362 1706 4433 ἀποστήσαντες
1743 4365 1870 4419 ἐαυ-

1976 635 2345 698 convertitur,
2414 641 2468 687 et
2520 629 2807 701 parvifacit
2871 630 3300 698 perfnnctionem
3359 645 3544 687 eorum

1976 742 2095 797 qum
2139 726 2205 780 ad
2249 723 2568 795 dignitatem
2614 722 2884 791 decusque
2926 721 3218 791 pertinent.
3257 721 3403 777 Talis
3445 724 3545 777 fuit

1976 815 2472 874 haec-Judaeorum
2531 813 2815 885 Synagoga
2879 828 3007 884 erga
3083 814 3249 869 Deum
3310 816 3544 869 omnium

1976 918 2262 963 rectorem.
2292 905 2530 961 Adduxit
2555 904 2698 959 enim
2727 918 2845 959 eam
2877 906 2944 959 ad
2976 904 3408 974 conjunctionem
3439 906 3548 975 spi-

1981 998 2254 1064 ritualem,
2286 1012 2382 1065 per
2419 996 2878 1066 sapientissimum
2922 995 3183 1067 Moysem,
3215 998 3378 1060 etiam
3425 1012 3545 1052 cum

1974 1091 2123 1147 velut
2148 1089 2339 1144 mulier
2363 1088 2604 1157 quaedam
2635 1096 2869 1142 scortata
2897 1086 3091 1142 fuisset
3122 1088 3174 1143 in
3204 1087 3460 1167 Egypto,
3484 1102 3550 1143 eo

1975 1180 2117 1251 quod
2146 1178 2333 1235 eadem
2364 1192 2485 1233 cum
2515 1176 2621 1232 illis
2652 1178 2899 1243 sentiret,
2929 1185 2984 1232 et
3017 1177 3119 1232 diis
3156 1178 3263 1234 illic
3297 1178 3546 1240 serviret.

1974 1285 2093 1325 eam
2144 1278 2321 1325 tamen
2371 1277 2575 1324 tantum
2612 1282 2716 1322 non
2752 1268 2805 1323 in
2844 1268 3063 1322 domum
3096 1269 3319 1337 recepit.
3349 1269 3550 1326 Deinde

1976 1374 2098 1414 cum
2148 1360 2200 1414 in
2250 1359 2506 1428 pristinas
2556 1357 2779 1412 lacunas
2826 1358 3131 1423 insiliisset,
3166 1367 3220 1413 et
3276 1359 3451 1414 denuo
3496 1360 3548 1415 in

1977 1451 2295 1519 apostasiam
2349 1464 2631 1506 recurrere
2683 1449 2871 1517 vellet,
2909 1449 3157 1509 adoravit
3188 1452 3332 1506 enim
3386 1466 3547 1520 opera

1976 1555 2229 1595 manuum
2266 1556 2484 1597 suarum
2524 1542 2571 1607 ',
2623 1542 2843 1612 repulit,
2885 1553 2940 1598 et
2983 1558 3011 1597 a
3044 1544 3423 1612 conjunctione
3453 1558 3548 1601 sua

1977 1632 2257 1698 alienavit,
2291 1643 2343 1688 et
2378 1643 2628 1702 tanquam
2666 1633 2947 1689 mulierem
2982 1635 3268 1704 quamdam
3304 1635 3548 1690 odiosam

1976 1734 2031 1780 et
2088 1724 2485 1794 pusillanimem
2551 1724 2701 1781 foras
2762 1725 3014 1781 exclusit.
3069 1725 3347 1795 Siquidem
3410 1726 3551 1796 apud

1976 1813 2262 1881 quemdam
2314 1824 2623 1868 sanctorum
2683 1814 3074 1884 prophetarum
3119 1815 3257 1870 dixit
3307 1816 3373 1871 ad
3426 1829 3550 1870 san-

1974 1905 2133 1973 guine
2175 1902 2469 1959 Israelitico
2510 1905 2767 1961 oriundos
2811 1920 2827 1960 :
2875 1924 2894 1957 ‹
2942 1904 3173 1974 Litigate
3212 1922 3332 1961 cum
3376 1916 3552 1963 matre

1973 2004 2173 2061 vestra,
2201 1993 2427 2065 litigate,
2458 1997 2583 2064 quia
2615 1996 2727 2066 ipsa
2763 2012 2869 2052 non
2903 2012 3042 2053 uxor
3076 2011 3217 2065 mea,
3246 2011 3419 2069 neque
3452 2012 3552 2067 ego

1973 2100 2091 2141 sum
2118 2086 2345 2142 maritus
2370 2084 2505 2161 ejus.
2533 2086 2791 2143 Auferam
2814 2090 3195 2144 scortationem
3222 2091 3339 2159 ejus
3362 2105 3390 2143 a
3414 2089 3551 2145 facie

1974 2190 2127 2241 mea,
2174 2186 2228 2232 et
2261 2176 2581 2232 adulterium
2628 2176 2742 2246 ejus
2774 2178 2945 2249 762‘
2981 2179 3048 2233 de
3099 2179 3273 2234 medio
3327 2180 3548 2234 uberum

1972 2268 2112 2338 ejus,
2141 2276 2194 2322 et
2242 2267 2564 2322 interiiciam
2604 2282 2722 2322 eam
2770 2269 2883 2335 siti,
2924 2278 2977 2323 et
3016 2270 3246 2324 ﬁliorum
3288 2268 3402 2338 ejus
3446 2285 3550 2324 non

1975 2358 2293 2423 miserebor,
2320 2358 2443 2427 quia
2473 2357 2564 2412 ﬁlii
2591 2359 2941 2413 scortationis
2971 2368 3128 2416 sunt:
3167 2363 3362 2429 quippe
3383 2372 3552 2416 mater

1973 2462 2157 2502 eorum
2179 2458 2413 2503 scortata
2450 2459 2555 2515 est,
2587 2449 2849 2504 dedecore
2876 2457 3055 2503 notata
3085 2459 3187 2516 est,
3206 2466 3325 2518 quae
3347 2451 3553 2521 peperit

1974 2553 2067 2593 eos
2093 2538 2166 2592 ’.ι
2199 2536 2512 2607 Cujusmodl
2547 2546 2725 2591 autem
2756 2537 2915 2591 fuerit
2940 2537 3295 2593 scortationis
3329 2538 3548 2604 modus,

1974 2630 2269 2686 declaravit
2314 2646 2446 2686 voce
2480 2615 2801 2697 Ez‘etzhietis,
2833 2632 3019 2687 dicens
3069 2649 3134 2688 τι
3160 2633 3257 2688 Fili
3297 2632 3546 2701 hominis,

1973 2735 2037 2775 an
2070 2735 2174 2775 non
2195 2719 2467 2790 judicabis
2490 2718 2676 2776 Oolam
2704 2732 2757 2777 et
2782 2722 3019 2787 Olibam,
3038 2724 3087 2778 Id
3120 2732 3231 2789 est,
3254 2721 3551 2779 Jerusalem

1973 2821 2028 2867 et
2063 2811 2397 2877 Samariam,
2440 2819 2495 2866 et
2530 2812 2875 2867 annuntiabis
2923 2813 3007 2867 eis
3036 2813 3346 2882 iniquitates
3392 2827 3551 2877 suas,

1973 2903 2099 2973 quia
2128 2904 2454 2958 meretricati
2481 2911 2627 2970 sunt,
2663 2910 2716 2959 et
2740 2904 2969 2972 sanguis
2989 2906 3039 2958 in
3069 2905 3314 2959 manibus
3338 2918 3550 2972 eorum,

1972 3002 2027 3049 et
2075 2995 2403 3051 meretricati
2458 3004 2587 3050 sunt
2636 2994 3053 3066 cogitationibus
3107 2998 3248 3061 suis,
3305 3004 3361 3051 et
3410 2995 3553 3051 lllios

1973 3101 2101 3141 suos
2127 3102 2263 3157 quos
2292 3088 2422 3141 mihi
2458 3096 2778 3157 genuerunt,
2814 3088 2912 3158 ipsi
2949 3103 3045 3157 per
3078 3089 3255 3158 ignem
3293 3087 3552 3142 traduxe-

1977 3187 2123 3232 runt.
2143 3177 2210 3233 Et
2235 3180 2349 3233 haec
2373 3178 2615 3233 fecerunt
2642 3177 2772 3233 mihi
2800 3194 2814 3233 :
2847 3177 3042 3233 Sancta
3074 3193 3189 3234 mea
3223 3178 3549 3249 polluerunt,

1976 3268 2212 3323 Sabbata
2262 3284 2381 3324 mea
2436 3269 2793 3339 profanarum
2841 3288 2856 3324 :
2907 3284 3026 3324 cum
3078 3269 3415 3340 jugularunt,
3452 3269 3553 3340 ipsi

1977 3360 2115 3415 ﬁlios
2159 3375 2286 3416 suos
2335 3360 2491 3417 idolis
2534 3361 2667 3425 suis,
2709 3370 2762 3415 et
2806 3359 3219 3429 ingrederentur
3265 3360 3317 3414 in
3363 3369 3552 3416 sancta

1976 3466 2092 3505 mea
2120 3450 2187 3505 ad
2217 3451 2495 3521 polluenda
2522 3467 2583 3505 ea
2609 3451 2651 3505 '.
2685 3470 2703 3504 ι
2732 3449 2972 3505 Fuerunt
2999 3452 3196 3505 etenim
3225 3452 3276 3505 in
3306 3450 3551 3506 Samaria

1976 3544 2157 3597 decem
2190 3544 2463 3607 tribus,et
2489 3543 2711 3598 dimidia
2743 3542 2916 3597 tribus
2941 3542 3217 3611 Ephraim.
3245 3541 3552 3614 Hierosoly-

1978 3632 2101 3699 mis,
2132 3631 2266 3687 Juda
2303 3632 2499 3709 tribus,
2532 3643 2586 3687 et
2616 3633 2837 3687 dimidia
2907 3633 3078 3686 tribus
3111 3631 3407 3702 Beniamin.
3443 3632 3550 3688 Sed

1979 3731 2089 3774 tum
2124 3720 2203 3783 hi,
2234 3729 2341 3774 tum
2374 3721 2448 3775 illi
2485 3723 2626 3775 haud
2658 3720 3007 3776 mediocriter
3032 3720 3365 3790 impietatem
3394 3736 3551 3776 exer-

1976 3820 2222 3876 Cuerunt,
2254 3811 2359 3865 imo
2386 3811 2455 3866 ad
2483 3812 2658 3865 omnis
2686 3810 3019 3880 stupiditatis
3046 3813 3259 3865 culmen
3290 3811 3552 3867 eﬂ‘renato

1977 3903 2176 3972 impetu
2226 3911 2609 3971 pervenerunt.
2646 3902 3073 3972 ﬂagitationibus
3121 3902 3238 3956 suis
3280 3901 3553 3956 adultera-

1977 4002 2122 4058 runt,
2159 3993 2211 4048 id
2260 4000 2361 4057 est,
2396 4008 2515 4060 qua)
2560 3992 2656 4062 ipsi
2703 3992 3099 4061 excogitarunt,
3134 3992 3292 4056 idola,
3330 3991 3445 4047 inec
3495 3993 3548 4048 in

1978 4085 2225 4140 adulterii
2254 4095 2307 4139 et
2330 4084 2676 4140 scortatiouis
2703 4082 2981 4153 cujusdam
3013 4084 3367 4154 intelligibilis
3390 4099 3548 4139 occa-

1978 4177 2183 4230 sionem
2220 4185 2521 4240 verterunt,
2559 4176 2720 4230 corde
2754 4188 2855 4228 suo
2889 4175 3200 4230 deﬁcientes
3233 4191 3261 4228 a
3300 4175 3427 4241 Deo,
3456 4177 3547 4245 qui

1976 4282 2071 4322 eos
2100 4267 2215 4322 loco
2243 4268 2426 4322 uxoris
2452 4267 2762 4334 assumpsit.
2784 4263 2917 4319 Nam
2951 4266 3087 4321 dixit
3109 4267 3175 4321 ad
3204 4265 3545 4337 Symgogam

1974 4358 2316 4422 Judzeorum,
2376 4359 2749 4413 universorum
2812 4358 2984 4423 Deus,
3040 4373 3170 4413 voce
3223 4356 3470 4412 Jeremite
3530 4376 3543 4411 :

280 4448 397 4501 τῶν
419 4448 516 4512 τὰς
537 4449 765 4521 καρδίας
787 4448 883 4502 τοῦ
909 4452 969 4503 ὲν
996 4450 1147 4516 τάξει
1174 4452 1433 4520 γυναικὸς
1459 4453 1871 4524 παραλασόντος

1981 4467 2008 4502 ι.
2054 4449 2245 4505 Facies
2296 4450 2600 4504 meretricis
2646 4447 2785 4504 facta
2839 4461 2922 4518 est
2975 4449 3091 4513 tibi,
3125 4448 3426 4518 depuduisti
3478 4448 3544 4502 ad

281 4537 444 4592 Θεοῦ.
471 4540 580 4592 Καὶ
608 4539 739 4608 γοῦν
766 4539 869 4610 ἔφη
900 4540 1038 4611 πρὸς
1062 4541 1160 4611 τὴν
1185 4540 1294 4594 τῶν
1322 4542 1590 4596 Ἰουδαίων
1614 4543 1868 4612 Συναγω-

1976 4556 2179 4596 omnes.
2220 4540 2407 4596 Nonne
2440 4541 2505 4594 ad
2539 4541 2640 4595 hoc
2673 4554 2842 4610 usque
2878 4548 3087 4608 tempus
3123 4554 3207 4593 me
3240 4537 3463 4606 vocasti,
3493 4548 3545 4593 et

279 4628 391 4699 γὴν
430 4631 459 4682 ό
500 4629 609 4681 τῶν
635 4630 772 4683 ὅλων
818 4631 951 4693 θεὸς
987 4631 1075 4685 διὰ
1105 4634 1288 4703 φωνῆς
1326 4633 1591 4704 Ἱερεμίου
1617 4649 1633 4665 ’
1675 4634 1869 4705 ι”Οψις

1975 4639 2181 4700 patrem
2217 4639 2269 4685 et
2301 4633 2489 4685 ducem
2522 4630 2848 4700 virginitatis
2876 4640 2982 4684 tua:
3003 4629 3061 4682 '?
3102 4649 3121 4681 ι
3159 4628 3382 4683 Matrem
3415 4643 3546 4700 ergo

282 4719 494 4790 πόρνης
530 4721 746 4789 ἐγένετό
782 4739 883 4784 σοι,
921 4722 1438 4794 ἁπηναισχύντησας
1466 4725 1603 4796 πρὸς
1626 4726 1868 4789 πάνταςο

280 4811 385 4881 οὐχ
415 4811 490 4875 ὡς
516 4808 663 4866 οἶκόν
694 4814 762 4884 μὲ
791 4813 1076 4877 ἐκάλεσας,
1108 4815 1201 4867 καὶ
1235 4814 1468 4888 πατέρα,
1506 4817 1602 4870 καὶ
1626 4803 1871 4889 ἀρχηγὸν

280 4906 387 4973 τῆς
451 4904 747 4973 παρθενίας
809 4923 924 4961 σου.
958 4925 977 4957 ι
1016 4906 1493 4977 Ἐκπορνεῦσασαν
1538 4894 1718 4963 τοίνυν
1779 4910 1879 4982 τὴν

281 4994 397 5047 τῶν
443 4994 707 5048 Ἰουδαίων
755 4997 1004 5068 μητέρα,
1059 4998 1559 5071 καταλελειμμένην
1612 5004 1870 5069 γυναῖκα,

282 5086 383 5139 καὶ
437 5086 757 5158 ὀλιγάᾲυχον
800 5089 865 5142 ὲκ
907 5090 1599 5162 νεότητοςῑμεμισημὲνην
1649 5092 1875 5159 εἰκότως

285 5177 587 5230 ἀποκαλεῖν·
615 5178 921 5247 διαλέγεται
949 5181 1007 5235 δὲ
1030 5186 1166 5256 πρὸς
1190 5181 1260 5236 τὰ
1284 5181 1436 5253 ἔθνη,
1459 5183 1553 5237 καί
1587 5201 1750 5254 φησιν
1773 5186 1872 5256 οὐχ
1894 5240 1900 5249 ,

282 5267 431 5321 οὕτω
463 5269 757 5339 κεκλῆσθαι
798 5272 892 5324 καὶ
918 5273 1055 5327 αὐτὰ
1103 5274 1239 5344 πρὸς
1274 5273 1571 5342 ἐπίγνωσιν
1612 5274 1704 5327 τοῦ
1731 5277 1883 5346 Χριοη

288 5357 442 5421 στοῠ,
488 5358 742 5430 καθάπερ
789 5359 981 5431 ἀμέλει
1019 5362 1113 5415 καὶ
1155 5362 1188 5433 ἠ
1234 5362 1726 5434 καταλελειμμένη,
1774 5364 1868 5416 καὶ

281 5446 643 5519 ὀλιγόψυχος,
669 5451 765 5503 καὶ
812 5453 877 5505 ὲκ
918 5451 1168 5524 νεότητος
1217 5454 1564 5524 μεμισημένη
1606 5454 1867 5527 κέκληται

357 5622 383 5657 ⁸
418 5624 521 5679 lsa.
549 5640 611 5693 ιι,
640 5626 694 5684 8.
770 5628 792 5659 ⁸
817 5626 943 5685 Ose.
976 5644 1036 5693 ιι,
1063 5628 1183 5684 2-5.
1262 5631 1281 5662 ⁷
1305 5629 1505 5685 Ezecb.
1537 5631 1899 5694 xxttt,56-39.

367 5779 451 5850 (1)
481 5779 701 5852 Legisse
732 5781 949 5841 videtur
969 5782 1702 5860 Huufredttrrevoﬂeqkav.

1970 4721 2277 4787 Judaaurnm
2309 4737 2426 4791 qua:
2452 4730 2685 4777 scortata
2713 4730 2816 4789 est,
2844 4720 3155 4777 derelictam
3188 4721 3465 4776 mulierem
3493 4728 3545 4775 et

1977 4814 2393 4883 pusillanimem,
2412 4815 2479 4869 ab
2500 4814 2857 4869 adolescentia
2880 4814 3144 4877 odiosam,
3159 4813 3351 4868 merito
3368 4821 3543 4867 vocat.

1980 4906 2113 4963 Cum
2146 4908 2393 4978 gentibus
2423 4915 2601 4961 autem
2630 4906 2890 4976 disputat,
2917 4907 3099 4977 aitque
3124 4921 3227 4960 non
3256 4906 3333 4961 sic
3357 4919 3449 4961 eas
3478 4907 3542 4960 ad

1978 4998 2301 5068 agnitionem
2361 4997 2560 5053 Christi
2618 5005 2838 5056 vocatas
2895 5010 3045 5061 esse,
3095 4995 3543 5067 quemadmodum

1974 5092 2225 5147 videlicet
2256 5092 2370 5147 haec
2403 5090 2681 5155 derelicta,
2708 5098 2761 5145 et
2796 5104 2964 5160 parvo
2996 5088 3177 5143 animo
3213 5089 3461 5158 praedita,
3492 5101 3544 5144 et

1976 5182 2046 5236 ab
2097 5180 2457 5238 adolescentia
2511 5182 2636 5237 odio
2690 5180 2873 5236 habita
2924 5180 3147 5244 mulier,
3197 5190 3384 5235 vocata
3437 5188 3537 5234 cst.

1974 5272 2203 5329 Maxima
2243 5273 2387 5327 enim
2428 5281 2511 5329 est
2541 5273 2843 5329 vocationis
2884 5270 3205 5327 dill‘erentia.
3235 5269 3538 5326 Iudaeorum

1972 5378 2206 5433 namque
2252 5361 2548 5435 Synagogze
2585 5362 2903 5434 excaecatio)
2943 5362 3083 5417 facta
3126 5370 3212 5417 est
3249 5376 3314 5417 ex
3357 5368 3540 5429 parle.

1971 5454 2110 5510 sicut
2151 5456 2327 5525 inquit
2370 5454 2807 5525 sapientissimus
2845 5450 3045 5509 Paulus
3083 5452 3126 5509 ’.
3184 5448 3249 5507 Et
3321 5448 3543 5504 obteueo

1981 5633 2002 5664 '
2026 5630 2136 5691 Jer.
2171 5647 2255 5703 tn,
2279 5631 2332 5702 3,
2364 5632 2419 5689 4.
2497 5633 2521 5666 ⁵
2548 5630 2705 5691 Rom.
2736 5648 2813 5701 ιι,
2840 5632 2932 5688 25.
