4140 6488
267 386 412 445 £206
1404 393 1472 453 IN
1516 396 1747 453 ιεΑιΑιι
1785 397 1916 454 LIB.
1952 398 2016 454 ν.
2056 397 2297 455 TOMUS
2336 394 2402 453 ll;
3370 399 3523 458 ηοοα

259 502 505 575 κλυσμὸν
536 504 725 577 κόσμῳ
752 506 966 562 άσεϐῶν
990 504 1200 574 ἐπάξας
1218 526 1233 541 ·
1262 527 1281 562 i
1317 512 1585 567 σέσωσται
1620 513 1677 567 δὲ
1704 530 1845 568 παν-η
1864 519 1894 576 Α

1870 519 1911 576 Α
1940 513 2140 569 familia
2179 520 2431 570 servatus
2454 520 2577 576 est;
2608 514 2827 568 senium
2863 511 3018 583 quasi
3049 525 3112 566 ac
3155 524 3350 568 munus
3378 514 3505 568 obe-

257 597 371 650 οικὶ
404 596 566 666 μόνος
589 600 618 651 ό
653 598 800 666 Νῶε,
830 600 1000 665 ξένιον
1024 602 1336 668 εὐπειθείας
1356 603 1461 674 ,καὶ
1508 605 1754 677 ὑπακοῆς
1778 606 1855 659 τὸ·

1937 605 2150 661 ιιίοηιὶω
2173 615 2227 660 et
2244 604 2730 675 obtemperationis
2760 604 3120 661 lucrifaciens.
3149 604 3219 658 At
3260 602 3355 658 ubi
3391 617 3506 659 ces-

259 688 456 758 χρῆμα
490 689 811 761 κερδαίνων.
861 692 1080 762 Ἐπειδὴ
1117 693 1193 747 δὲΔ
1214 694 1564 766 λωφήσαντος
1606 695 1700 749 τοῦ
1733 714 1837 750 καο

1935 703 2108 749 sasset
2138 694 2421 759 diluvium,
2445 709 2709 764 aquarum
2739 695 2787 749 vi
2820 696 3103 759 diminuta,
3130 708 3383 764 egressus
3423 702 3506 749 est

258 779 596 848 τακλυσμοῦ,
626 781 989 852 καὶετῆςμτῶν
1029 785 1239 839 ὐδάτων
1260 811 1265 815 ·
1284 786 1523 857 πληθύος
1549 788 1837 842 συνεσταλ-

1935 786 2366 851 acsacrillcavit,
2387 793 2465 850 et,
2493 794 2787 841 utnarrant
2802 800 2969 841 sacrae
2994 786 3225 851 Litteras,
3252 785 3506 840 odoratus

261 869 454 940 μένης,
470 870 788 942 ἑξῆλθετῆδς
803 874 1059 939 κιϐωτοῦ,
1078 876 1275 930 τέθυκέ
1292 894 1353 930 τε
1397 878 1491 931 καὶ
1514 877 1835 950 ῶσφράνθαι

1938 886 2023 932 est
2043 878 2264 933 odorem
2290 876 2621 931 suavitatis:
2652 876 2846 931 deinde
2865 876 3013 944 justo
3041 874 3165 930 huic
3200 875 3501 938 denuntiat,

259 963 427 1031 φησιν
445 962 604 1015 αὐτὸν
629 963 805 1035 ὀσμὴν
827 966 1055 1029 εὐωδίας
1080 968 1141 1021 τὸ
1162 969 1397 1038 Γράμμα
1421 968 1481 1022 τὸ
1510 969 1652 1039 ίερόν
1670 984 1683 997 ·
1714 964 1856 1022 εἶτα

1933 984 1992 1024 se
2021 983 2127 1022 non
2145 969 2488 1023 inducturum
2510 968 2785 1025 universa:
2803 976 2959 1021 terra:
2973 965 3496 1035 diluvium“.ltaque

259 1052 341 1121 τῷ
367 1052 560 1125 δικαίῳ
584 1056 1122 1124 κατεπαγγείλασθαι
1148 1059 1209 1111 τὸ
1232 1058 1428 1129 μηκέτι
1454 1057 1835 1129 κατακλυσμὸν

1933 1060 1999 1112 ab
2029 1073 2190 1128 aqua,
2220 1059 2413 1127 inquit,
2442 1067 2683 1125 tempore
2713 1055 2826 1111 Noe
2855 1057 2996 1110 istud
3024 1056 3152 1110 milii
3181 1066 3285 1119 est,
3318 1056 3368 1110 id
3398 1067 3502 1115 est.

258 1140 482 1207 ὸπάξειν
511 1144 607 1215 ὅλῃ
634 1147 699 1214 τῇ
746 1147 842 1217 τῇ.
884 1146 1092 1202 Οὐκοῦν
1117 1146 1225 1200 ἀπὸ
1264 1146 1360 1201 τοῦ
1390 1146 1581 1211 ὓδατος
1616 1146 1712 1202 τοῦ
1739 1148 1853 1203 ἐπὶν

1932 1150 2213 1205 deﬁnitum
2241 1161 2295 1205 et
2322 1160 2497 1205 ratum
2525 1156 2609 1204 est
2635 1150 2775 1219 apud
2822 1163 2929 1211 me,
2961 1161 3065 1200 non
3107 1147 3337 1215 amplius
3381 1160 3502 1201 suc-

256 1233 405 1299 Νῶε,
442 1237 595 1306 φησι,
625 1236 781 1291 τοῦτό
814 1237 905 1308 μοί
926 1241 1066 1303 ἐστι,
1088 1238 1389 1302 τουτέστιν,
1416 1238 1621 1311 ὡρίσθη
1652 1239 1830 1304 τοῦτο,

1931 1255 2157 1297 censere
2188 1241 2453 1297 universa:
2484 1247 2675 1307 terrae,
2706 1254 2804 1294 nec
2838 1238 3089 1293 humanis
3121 1238 3388 1308 indignari
3422 1237 3500 1291 Ia-

256 1324 354 1379 καὶ
393 1327 702 1398 κεκράτηκε
741 1331 869 1399 παρ’
916 1329 1040 1399 ὶμοί
1069 1329 1129 1383 τὸ
1178 1329 1376 1400 μηκέτι
1411 1328 1831 1401 θυμωθήσεσθαι

1932 1330 2136 1399 psibus,
2162 1344 2261 1385 nec
2284 1344 2449 1384 unum
2480 1329 2534 1384 in
2561 1343 2751 1384 omnes
2774 1327 3094 1397 supplicium
3126 1334 3387 1382 statuere.
3411 1325 3503 1380 llis

256 1414 419 1486 πάσῃ
433 1420 497 1487 τῇ
514 1420 613 1489 γῇ,
645 1420 783 1488 μήτε
807 1419 914 1489 μὴν
937 1421 1051 1483 τοῖς
1070 1419 1431 1491 ἀνθρωπίνοις
1460 1420 1830 1492 φιλονεικῆσαι

1933 1421 2112 1477 verbis
2139 1420 2466 1486 subindicat,
2498 1429 2741 1488 tempore
2771 1434 2878 1490 quo
2906 1419 3085 1475 illuxit
3113 1419 3314 1474 mundo
3342 1417 3501 1473 (ξιιτὶ-

255 1506 586 1575 πταίσμασι,
638 1510 734 1562 καὶ
785 1510 914 1580 μίαν
964 1510 1108 1564 κατὰ
1155 1512 1375 1566 πάντων
1420 1512 1600 1584 ὁρίσαι
1650 1512 1828 1583 δίκην.

1930 1524 2070 1580 stus,
2100 1522 2210 1569 tota
2255 1521 2397 1568 terra
2433 1511 2579 1569 velut
2620 1511 2828 1581 laqueis
2871 1512 3078 1566 erroris
3122 1519 3407 1581 occupatu,
3438 1525 3501 1564 ac

264 1596 629 1667 Ὑπεμφαίνει
666 1600 725 1653 δὲ
770 1600 870 1653 διιεέθ⁸
888 1600 1092 1655 τούτων
1133 1602 1242 1655 τῶν
1284 1602 1483 1672 λόγων,
1528 1605 1612 1658 ὅτι
1644 1605 1738 1659 καὶ
1771 1606 1830 1659 ὲν

1929 1605 2183 1660 omnibus
2217 1604 2619 1668 deﬁcientibus,
2654 1618 2718 1657 ac
2762 1612 2954 1657 natura
2999 1601 3164 1658 Deum
3207 1602 3492 1672 ignoranti-

253 1687 433 1757 καιρῷ
478 1688 598 1741 καθ’
645 1690 720 1743 δν.
750 1690 1077 1762 ἐπέλαμψεν
1116 1696 1175 1748 ὲν
1222 1693 1301 1764 τῷ
1338 1695 1526 1766 κόσμῳ
1575 1695 1827 1766 Χριστὸς,

1932 1697 2051 1761 bus,
2083 1696 2547 1765 servientibusque
2589 1709 2842 1749 manuum
2883 1708 3103 1749 suarum
3134 1693 3410 1763 operibus,
3440 1707 3500 1747 ac

252 1781 473 1850 ἁπάσης
504 1780 695 1851 ῶσπερ
734 1786 847 1847 τοῖς
874 1785 974 1856 τῆς
1006 1787 1235 1856 άπάτηςτ
1256 1787 1472 1858 βρόχοις
1504 1788 1828 1859 ὲνειλημμέ-
1861 1856 1887 1859 _

1865 1856 1889 1859 _
1929 1785 2077 1857 gregi
2132 1784 2517 1840 daemoniorum
2569 1784 2907 1853 subjugatis,
2960 1783 3265 1855 oportuisse
3319 1783 3500 1838 divino

250 1888 373 1941 νης,
405 1873 497 1924 καὶ
527 1873 744 1927 πάντων
792 1876 1209 1941 ὲκκεκλικότων,
1255 1856 1351 1932 καὶ
1380 1856 1484 1932 τὸν
1529 1880 1626 1950 μὲν
1667 1856 1828 1949 ιρύνσει
1861 1856 1885 1909 ί

1863 1856 1900 1909 Β
1929 1856 2138 1933 ealculo
2180 1891 2366 1933 omnes
2404 1884 2642 1931 veterem
2688 1876 2833 1930 illam
2873 1886 2929 1932 et
2971 1876 3247 1946 antiquam
3287 1888 3498 1943 pinnam

247 1960 384 2014 Θεὸν
406 1962 517 2015 οὐκι
539 1962 777 2025 εἰδότων,
805 1965 1240 2038 λελατρευκότων
1270 1967 1327 2019 δὲ
1368 1970 1480 2032 τοῖς
1508 1968 1689 2040 ἔργοις
1718 1969 1827 2023 τῶν

1928 1969 2130 2024 subire.
2163 1968 2261 2023 Ubi
2307 1969 2452 2023 enim
2501 1968 2650 2037 paria
2704 1966 2930 2023 omnino
2979 1976 3105 2021 sunt
3144 1966 3394 2029 crimina,
3425 1965 3496 2019 ibi

250 2048 400 2102 ἰδίων
432 2051 655 2121 χειρῶν,
686 2054 782 2104 καὶ
806 2055 927 2115 ταῖς
955 2053 1064 2105 τῶν
1121 2053 1414 2124 δαιμονίων
1452 2056 1675 2123 ἀγέλαις
1722 2057 1829 2110 ὐπ-

1928 2061 2114 2129 utique
2157 2067 2576 2114 consentaneum
2607 2066 2693 2113 est
2716 2056 3311 2125 condemnatosaequali
3343 2069 3495 2124 pinna

244 2140 611 2211 εζιυγμένων,
668 2142 788 2215 θείᾳ
830 2143 997 2216 ψήφῳ
1025 2145 1236 2208 πάντας
1265 2147 1431 2217 ὲχρῆν
1466 2147 1565 2219 τὴν
1592 2147 1827 2219 άρχαίαν

1925 2149 2084 2205 allici.
2130 2148 2428 2212 Caeterum,
2475 2147 2675 2217 inquit,
2720 2148 2822 2202 hoc
2869 2147 3401 2216 ego-praetermitto,
3445 2156 3495 2199 et

243 2235 463 2302 ἐκείνην
496 2236 783 2305 ὑπομεῖναι
810 2238 1052 2293 κόλασιν.
1088 2237 1258 2292 Ἔνθα
1283 2238 1391 2311 γὰρ
1417 2239 1555 2304 ὅλως
1594 2242 1822 2311 ἰσοπαλῆ

1927 2244 2140 2299 ﬁrmum
2187 2254 2369 2297 manet
2414 2243 2554 2312 apud
2606 2257 2696 2299 me
2741 2243 2884 2311 quod
2929 2240 3257 2311 promissum
3301 2250 3403 2306 est,
3437 2257 3499 2295 a-z

240 2327 313 2381 τὰ
346 2328 680 2398 ἐγκλήματα,
712 2330 831 2383 ἐκεῖ
857 2347 960 2383 που
991 2330 1210 2393 πάντως
1235 2332 1319 2401 εἰη
1344 2332 1410 2385 ἂν
1440 2331 1538 2385 οὐκ
1568 2333 1823 2399 ἀπεοικὸς

1923 2334 2053 2390 dicit
2083 2334 2479 2402 quodammodo
2523 2350 2538 2388 :
2584 2333 2700 2390 Non
2731 2333 3056 2404 amplius-in.
3079 2331 3261 2388 furore
3286 2341 3497 2387 montes

240 2417 307 2470 τὸ
378 2419 681 2490 ἰσορρόπως
748 2420 1071 2485 κολάζεσθαι
1133 2423 1262 2486 τοὺς
1320 2423 1820 2493 κατεγνωσμένους.

1926 2423 2279 2488 transieram,
2318 2438 2423 2479 non
2468 2424 2632 2479 colles
2674 2425 3015 2489 cont-auiam,
3052 2424 3103 2477 id
3145 2432 3258 2488 est,
3299 2437 3402 2477 non
3445 2422 3494 2476 in

254 2508 422 2562 Ἀλλὰ
447 2512 698 2581 παρίημιι
718 2510 896 2575 τοῦτο,
942 2512 1094 2582 φησὶ,
1135 2515 1232 2566 καὶ
1272 2512 1421 2583 μένει
1451 2512 1667 2581 βέϐαιον
1695 2517 1822 2586 παρ’

1922 2514 2083 2569 aliam
2117 2513 2345 2568 formam
2366 2515 2603 2569 mutabo
2641 2524 2875 2578 terram,
2904 2529 3004 2570 nec
3036 2514 3413 2584 intempestam
3447 2515 3494 2568 ei

240 2601 370 2670 ὲμοὶ
396 2602 456 2654 τὸ
485 2602 891 2672 ἐπηγγελμένον
913 2620 927 2635 ο
955 2602 1147 2675 ὥσπερ
1171 2602 1230 2657 δέ
1257 2620 1420 2675 φησιν
1442 2622 1458 2636 ο
1504 2604 1618 2658 Οὐκ
1665 2607 1732 2660 ἂν
1762 2609 1823 2661 ὲν

1926 2602 2276 2658 mutationem
2312 2602 2582 2658 inducam.
2632 2602 2728 2657 Sic
2764 2617 2940 2672 neque
2974 2618 3090 2657 mea
3141 2601 3354 2656 deliciet
3397 2600 3496 2654 mi-

241 2692 401 2763 θυμῷ
429 2696 831 2765 μεταστήσαιμι
860 2695 925 2748 τά
952 2695 1077 2765 δρη,
1109 2694 1219 2748 οὐδ’
1244 2694 1310 2748 ἂν
1337 2694 1664 2766 σαλεύσαιμι
1694 2696 1822 2761 τοὺς

1920 2696 2234 2762 sericordia,
2258 2704 2755 2751 nec~testamentum
2779 2696 2927 2764 pacis
2950 2708 3095 2749 mea.
3111 2691 3486 2748 transferetur.

241 2785 486 2854 βουνοὺς,
518 2786 814 2848 τουτέστιν,
863 2786 965 2839 οὐκ
1008 2787 1089 2851 εἰς
1118 2786 1307 2859 ἔτερόν
1346 2804 1399 2839 τι
1428 2787 1610 2858 σχῆμα
1656 2804 1821 2858 μετα-

1922 2788 2077 2844 Pacis
2106 2800 2283 2844 autem
2320 2789 2638 2844 administer
2664 2798 2724 2844 et
2754 2787 2973 2842 traderis
3004 2786 3141 2841 alius
3169 2800 3291 2841 esse
3325 2797 3490 2838 nemo

240 2876 390 2930 ϐαλῶ
410 2878 509 2947 τήν
540 2877 665 2947 γῆν,
689 2878 809 2932 οὐδὲ
837 2878 1085 2950 πρόωρον
1110 2877 1311 2933 ὲποίσω
1335 2879 1435 2950 τὴν
1469 2881 1822 2949 καινουργίαν

1920 2888 2125 2947 potest,
2152 2892 2355 2948 praeter
2386 2878 2670 2933 Dominum
2700 2887 2941 2934 nostrum
2972 2875 3155 2932 Jesum
3189 2875 3491 2929 Christum.

240 2969 378 3039 αὐτῇ
399 2984 414 2998 '
450 2968 621 3031 οὓτως
669 2968 790 3023 οὐδὲ
820 2970 882 3021 τὸ
917 2971 1047 3040 παρ’
1080 2967 1215 3039 ἐμοῦ
1252 2985 1335 3023 σοι
1367 2970 1513 3034 ἔλεος
1553 2970 1817 3042 ἐκλείψει,

1919 2969 2034 3039 Ipse
2054 2970 2199 3023 enim
2230 2977 2315 3024 est
2336 2984 2437 3037 pax
2460 2979 2667 3034 nostra,
2695 2968 2990 3026 secundum
3014 2964 3414 3035 Scripturas"‘,
3440 2972 3496 3018 et

238 3059 361 3113 οὐδὲ
385 3061 419 3128 ή
445 3059 676 3131 διαθήκη
698 3061 797 3131 τῆς
819 3062 1041 3133 εἰρήνης
1063 3079 1163 3132 μου
1188 3060 1380 3134 orbum]
1415 3061 1726 3133 μετασταθῇ
1751 3079 1764 3091 ·
1789 3062 1820 3115 ὁ

1918 3074 2040 3114 eum
2072 3059 2187 3129 ipso
2216 3060 2647 3129 conjunctionem
2683 3058 3024 3130 spiritualem
3063 3056 3278 3111 abunde
3317 3054 3494 3126 possi-

237 3150 296 3243 se
326 3151 428 3221 τῆς
462 3151 685 3243 εἰρήνης
732 3150 1059 3223 βραϐευτὴς,
1090 3154 1187 3206 καὶ
1208 3153 1307 3223 τῆς
1330 3153 1597 3224 διαθήκης
1634 3154 1721 3223 είη
1746 3153 1815 3208 ἂν
1842 3184 1872 3243 c

1854 3184 1885 3243 Β
1918 3151 2139 3214 demus,
2174 3151 2428 3219 omnique
2469 3152 2609 3204 bono
2654 3150 2841 3219 repleti
2881 3163 3067 3203 sumus
3109 3161 3171 3201 ac
3213 3144 3489 3201 cumulati.

237 3242 423 3312 ἕτερος
469 3242 643 3304 οὐδεὶς
678 3244 828 3314 παρὰ
874 3243 1216 3313 τὸνρΚύριον
1258 3244 1417 3316 ήμῶν
1474 3245 1684 3315 Ἰησοῦν
1723 3245 1814 3298 τὸν
1851 3236 1872 3243 ⁷

1861 3236 1884 3243 ”
1921 3246 2096 3313 Atque
2139 3244 2241 3298 hoc
2280 3254 2363 3298 est
2402 3245 2544 3313 quod
2587 3257 2684 3312 per
2721 3241 2909 3297 Isaiam
2956 3239 3155 3293 dictum
3198 3243 3281 3291 est
3322 3236 3496 3289 manl-

236 3332 499 3403 Χριστόν·
538 3334 701 3397 αὐτὸς
726 3336 835 3406 γάρ
868 3337 1074 3405 ἐστινὴ
1106 3336 1296 3407 εἰρήνη
1343 3334 1519 3407 ήμῶν,
1546 3336 1687 3391 κατά
1716 3337 1816 3401 τὰς

1921 3339 2061 3394 feste
2118 3338 2185 3392 ad
2233 3336 2507 3391 caelestem
2554 3336 2769 3389 Patrem
2815 3346 2879 3386 ac
2926 3330 3091 3385 Deum
3138 3347 3149 3383 :
3199 3346 3217 3379 ι
3269 3326 3494 3381 Domine

237 3424 483 3493 Γραφάς,
503 3425 598 3479 καὶ
625 3425 727 3496 τὴν
758 3426 894 3497 πρὸς
923 3426 1085 3481 αὐτὸν
1110 3427 1418 3497 οἰκειότητα
1440 3428 1538 3498 τὴν
1568 3445 1822 3499 πνευμαε-

1924 3429 2063 3484 Deus
2091 3436 2293 3491 noster,
2316 3441 2510 3495 pacem
2541 3425 2635 3478 da.
2661 3423 2830 3478 nobis.
2875 3420 3071 3475 Omnia
3112 3418 3255 3474 enim
3297 3416 3492 3471 dedisti

232 3515 394 3587 τικὴν
416 3516 770 3580 πλουτοῦντες
796 3518 1228 3588 ἐμππλήσμεθα
1246 3518 1441 3581 παντὸς
1457 3518 1683 3585 ἀγαθοῦ.
1705 3520 1828 3574 Καὶ·

1923 3520 2167 3574 nobis“:
2205 3536 2235 3573 ιν
2259 3519 2456 3586 Itaque.
2478 3531 2574 3584 per
2610 3514 2880 3569 Christum
2910 3508 3280 3564 lucrifecimus
3320 3513 3486 3560 testa-

232 3604 395 3658 τοῦτο
420 3602 487 3676 ἦν
513 3606 619 3677 ἄρα
644 3606 703 3659 τὸ
740 3607 827 3661 διὰ
867 3608 1087 3661 Ἡσαΐου
1115 3607 1302 3675 σαφῶς
1343 3609 1631 3680 εἰρημένον
1680 3609 1827 3678 πρὸς

1922 3621 2161 3666 mentum
2194 3610 2342 3681 pacis
2376 3608 2529 3678 apud.
2560 3607 2728 3662 Deum
2766 3615 2818 3660 et
2860 3603 3073 3657 Patrem
3115 3617 3131 3654 :
3171 3599 3227 3655 ei
3262 3610 3494 3665 namque

232 3697 329 3749 τὸν
374 3697 431 3749 ὲν
477 3696 983 3769 οὐρανοῖς-Πατέρα
1032 3697 1126 3750 καὶ
1175 3697 1342 3751 Θεόν·
1381 3718 1399 3748 ι
1429 3698 1598 3769 Κύριε
1625 3701 1653 3751 ὁ
1683 3699 1827 3762 Θεὸς

1920 3700 2195 3772 conjuncti
2225 3715 2411 3755 sumus
2440 3707 2495 3752 et
2520 3695 2883 3766 copulatiper
2906 3691 3147 3746 medium
3188 3686 3488 3747 Christum,

235 3785 416 3855 ἡμῶν,
431 3787 655 3857 εἰρήνην
681 3788 771 3851 δὸς
787 3789 939 3858 ἡμῖν·
964 3786 1141 3841 πάντα
1162 3788 1271 3859 γὰρ
1299 3788 1591 3852 ἀπέδωκας
1611 3791 1827 3860 ήμῖνυιη

1920 3794 2011 3861 qui
2043 3800 2322 3861 peccatum
2362 3789 2506 3859 quod
2544 3803 2642 3843 nos
2680 3784 2999 3853 sejumit,.e
3040 3781 3215 3835 medio
3254 3777 3489 3838 sustulit.

235 3875 447 3928 Οὐκοῦν
494 3877 553 3929 ὲν
599 3876 819 3948 Χριστῷ
847 3877 1112 3949 διαθήκην
1153 3879 1377 3948 εἰρήνης
1406 3879 1829 3950 κεκερδήκαμεν

1920 3880 2180 3951 765-ne
2209 3878 2376 3946 ullum
2405 3876 2658 3932 euntibus
2686 3877 2752 3928 ad
2782 3872 2950 3927 Deum
2984 3869 3295 3939 injiceretur
3319 3866 3487 3935 impe-

232 3964 336 4034 τὴν
381 3966 535 4035 παρὰ
562 3966 657 4019 τοῦ
695 3966 843 4021 Θεοῦ
875 3967 975 4020 καὶ
1013 3967 1225 4037 Πατρός
1247 4006 1262 4021 .
1296 3967 1646 4039 συνήφθημεν
1694 3968 1825 4041 γὰρισ

1915 3971 2233 4024 dimentum.
2268 3966 2539 4035 Scriptum
2571 3973 2656 4020 est
2685 3962 2828 4017 enim
2861 3979 2874 4015 :
2915 3977 2939 4011 ι
2968 3957 3066 4013 Via
3097 3958 3310 4027 piorum
3343 3962 3487 4011 recta

234 4058 386 4128 αὐτῷ
415 4059 504 4113 διὰ
530 4059 696 4131 μέσου
727 4059 823 4113 τοῦ
846 4059 1107 4132 Χριστοῦ,
1139 4060 1423 4124 καὶαύτὸς
1453 4061 1553 4132 τὴν
1584 4060 1816 4115 διασπά-

1915 4060 2052 4115 facta
2081 4067 2194 4121 est.
2223 4070 2280 4113 et
2310 4054 2719 4127 praeparatavia
2749 4053 2959 4123 piorum
2986 4052 3109 4115 W,»
3147 4046 3480 4103 currentium

236 4167 410 4205 σασαν
437 4152 585 4220 ήμᾶς
614 4151 678 4203 ὲκ
710 4150 1154 4221 μέσουλτέθεικεν
1180 4152 1481 4222 ἁμαρτίαν,
1526 4152 1613 4205 ἵνα
1648 4152 1815 4222 μηδὲν

1913 4151 2118 4206 scilicet
2143 4152 2210 4204 ad
2239 4150 2409 4213 hanc,
2436 4163 2558 4217 qua:
2587 4160 2707 4201 cum
2739 4145 2845 4198 Deo
2878 4151 2988 4208 est,
3017 4138 3453 4211 conjunctionem
3472 4177 3486 4202 ,

229 4240 410 4293 κέοιτο
455 4242 570 4303 τοῖς
603 4241 737 4310 πρὸς
782 4240 913 4293 Θεὸν
938 4240 1133 4294 ἰοῦσιν
1181 4241 1464 4312 ἐμποδών,
1499 4241 1813 4312 Γέγραπται

1913 4240 2376 4298 intercedentead
2405 4238 2507 4292 hoc
2533 4236 2772 4293 omnium
2806 4247 2955 4302 pace,
2978 4230 3224 4286 videlicet
3248 4225 3485 4283 Christo.

230 4334 386 4403 γοῦν,
421 4335 502 4389 ὃτι
534 4354 551 4385 ι
590 4335 738 4399 Ὁδὸς
763 4334 1004 4388 εὐσεϐῶν
1066 4336 1250 4390 εὐθεῖα
1319 4336 1551 4404 ἐγένετο,
1621 4336 1718 4390 καὶ
1780 4334 2339 4408 παρεσκευασμένην-ἠ
2385 4333 2502 4397 ὁδὸς
2529 4332 2640 4385 τῶν
2684 4327 2948 4391 εὐσεϐῶν,
3000 4347 3019 4380 ι
3064 4325 3365 4397 τρεχόντων
3399 4322 3491 4392 δη⁰

230 4425 411 4479 λονὸτι
435 4427 554 4479 κατ’
582 4426 891 4497 οἰκειότητα
928 4428 1026 4499 τὴν
1088 4427 1227 4498 πρὸς
1268 4428 1419 4490 Θεὸν,
1453 4429 1845 4500 μεσιτευούσης
1917 4430 2015 4495 εἰς.
2054 4428 2213 4483 τοῦτο
2273 4427 2372 4497 τῆς
2432 4424 2686 4480 ἁπάντων
2750 4422 3011 4492 εἰρήνης,
3062 4417 3218 4489 δῆλον
3284 4415 3340 4469 δὲ
3405 4414 3488 4466 ὅτι

230 4517 278 4569 Χ
290 4516 493 4587 ριστοῦ.
831 4573 837 4578 _

310 4607 453 4664 Εῐπε
476 4610 585 4679 γὰρ
610 4611 844 4681 Κύριος,
867 4612 1078 4679 "1.18m;-
1100 4628 1218 4667 σοι.
1238 4614 1502 4683 Tantm)
1546 4613 1643 4667 καὶ
1666 4615 1814 4669 ἀκα·
1844 4613 1890 4669 D

1851 4613 1890 4669 D
1992 4606 2139 4660 Dixit
2166 4600 2632 4671 enimiDominus,
2671 4596 2953 4664 Propitius,
2982 4610 3071 4649 cro
3139 4591 3231 4644 tibi
3275 4591 3486 4645 Immitis

232 4700 532 4765 τὰστατος
574 4702 646 4755 οὐ
682 4700 1086 4769 παρεκλήθης.

1914 4710 1960 4755 ει
1990 4696 2280 4757 instabilis,
2312 4710 2416 4748 non
2456 4691 2688 4747 habuisti
2708 4688 3136 4743 consolationem.

321 4790 547 4857 ’Δγαθὸς
592 4792 669 4845 ῶν
698 4792 857 4862 φύσει
897 4794 992 4846 καὶ
1036 4791 1383 4863 ἀσυγκρίτως
1428 4792 1812 4863 φιλάνθρωπος

1984 4790 2164 4844 Bonus
2210 4797 2401 4842 natura
2439 4794 2495 4839 et
2543 4778 3038 4849 incomparabiliter
3072 4776 3337 4830 humanus
3366 4774 3486 4829 uni-

233 4883 263 4935 δ
283 4882 394 4934 τῶν
414 4882 551 4935 ὅλων
574 4882 724 4945 Θεὸς,
751 4882 1007 4953 ἀφορμὰς
1032 4882 1117 4936 ἀεί
1152 4900 1270 4945 πως
1308 4882 1556 4949 συλλέγει
1590 4881 1727 4953 πρός
1751 4898 1816 4949 γε

1914 4894 2193 4937 versorum
2253 4877 2396 4932 Deus
2457 4874 2770 4929 occasiones
2835 4882 3048 4936 semper
3094 4864 3367 4934 conquirit
3430 4878 3487 4918 ut

231 4974 298 5026 τὸ
325 4973 433 5026 δεῖν
463 4972 857 5043 άμνησικάκως
897 4973 1082 5045 χάριτι
1115 4973 1357 5027 δικαιοῦν
1398 4974 1526 5036 τοὺς
1559 4975 1813 5045 ήμαρτη-

1912 4972 2083 5044 gratia
2120 4984 2241 5041 qua:
2298 4961 2890 5024 oblivionem‘iuducit.
2945 4957 3206 5026 justiﬁcet
3244 4970 3338 5011 eos
3394 4961 3486 5023 qui

236 5063 423 5126 κότας.
452 5064 528 5117 Οὐ
570 5064 679 5134 γὰρ
712 5063 961 5133 βούλεται
992 5065 1082 5118 τὸν
1109 5064 1337 5119 θάνατον
1364 5063 1458 5117 τοῦ
1488 5062 1812 5135 ἁμαρτωλοῦ

1919 5071 2297 5133 peccaverunt.
2320 5059 2435 5113 Non
2461 5058 2603 5112 enim
2653 5053 2762 5107 vult
2787 5058 3011 5105 mortem
3037 5046 3361 5118 peccatoris,
3393 5054 3483 5101 sed

238 5150 464 5219 μᾶλλον,
510 5152 586 5215 ὡς
624 5153 685 5205 τὸ
716 5153 1057 5223 ἀποστρέψαι
1090 5155 1253 5207 αὐτὸν
1285 5154 1393 5209 ὰπὸ
1420 5153 1518 5223 τῆς
1552 5150 1673 5204 ὁδοῦ
1712 5152 1813 5220 τῆς

1921 5164 1979 5209 ιιι
2012 5162 2221 5207 avertat
2263 5165 2323 5206 se
2351 5149 2510 5202 avia
2553 5146 2717 5208 mala,
2770 5157 2834 5199 ac
2867 5142 3011 5194 vivat
3038 5138 3102 5193 “'.
3137 5137 3277 5193 Dicit
3305 5152 3433 5213 ergo
3471 5158 3480 5189 :

236 5244 504 5313 πονηρᾶς,
551 5247 648 5297 καὶ
680 5245 780 5315 ζῇν
824 5246 1005 5300 αὐτόν.
1040 5247 1250 5302 Οὐκοῦν
1289 5246 1449 5309 αὐτὸς
1490 5246 1520 5299 δ
1546 5245 1655 5298 τῶν
1681 5245 1817 5299 ὅλων

1916 5247 2034 5318 Ipse
2058 5244 2434 5298 universorum
2472 5241 2614 5294 Deus
2640 5236 2900 5307 propitius
2925 5232 3029 5287 erit
3057 5229 3173 5285 tibi.
3203 5229 3271 5282 At
3288 5242 3393 5297 qua
3420 5228 3483 5279 de

235 5332 370 5395 Θεὸς
419 5334 575 5398 ἵλεως
606 5335 761 5390 ἔσται
792 5353 898 5401 σοι,
928 5339 1084 5408 φησί.
1124 5338 1234 5392 Καὶ
1269 5337 1359 5392 διὰ
1403 5336 1563 5391 ποίαν
1599 5335 1814 5399 αἰτίαν;

1917 5335 2117 5391 causa?
2138 5332 2372 5389 Primum
2403 5330 2526 5399 quia
2559 5329 2818 5396 benignus
2844 5332 2928 5379 est
2950 5331 3004 5378 et
3022 5320 3279 5382 clemens,
3312 5318 3481 5408 bonus

236 5422 483 5491 Πρῶτον,
516 5426 601 5478 ὅτι
636 5426 873 5497 Χριστός
917 5406 1033 5483 ἔστι
1075 5431 1169 5484 καὶ
1198 5430 1466 5499 ἐπιεικὴς,
1514 5428 1718 5497 ἀγαθός
1756 5443 1816 5480 τε

1915 5436 1970 5484 et
2006 5425 2228 5482 multum
2257 5422 2563 5479 misericors
2593 5436 2609 5485 ;
2643 5417 2942 5486 dein,..quia
2971 5411 3225 5469 exstitisti
3265 5406 3482 5464 humilis

236 5512 333 5566 καὶ
357 5513 662 5578 πολυέλεοξο
696 5512 815 5569 εἶτα
844 5518 927 5573 ὅτι
956 5518 1186 5587 γέγονας
1213 5521 1444 5591 ταπεινὴ
1479 5519 1572 5574 καὶ
1613 5518 1817 5573 ἀκατά-

1915 5528 1970 5574 et
1995 5515 2282 5573 instabilis.
2324 5516 2451 5568 Haec
2482 5521 2665 5567 autem
2696 5510 2879 5564 videre
2914 5512 3019 5567 est,
3054 5509 3260 5557 mentes
3293 5508 3478 5591 erran-

239 5619 454 5668 στατος.
492 5605 707 5660 Ἐνεστι
729 5607 787 5661 δὲ
812 5585 983 5664 ταῦτα
1021 5585 1150 5664 ἰδεῖν
1175 5612 1292 5675 ταῖς
1316 5585 1817 5681 τῶννπλανωμένων

1918 5610 2048 5664 tium
2066 5616 2321 5677 tanquam
2355 5603 2599 5660 morbum
2628 5599 2911 5673 quemdam
2942 5594 3219 5651 infestare.
3243 5585 3483 5655 Abiecti:

318 5786 359 5819 "
391 5785 528 5844 Gen.
558 5786 802 5858 "11,20,
833 5787 929 5844 21.
1007 5785 1303 5862 ινιΕρΙιεε.
1344 5799 1403 5855 u,
1438 5784 1525 5841 Η.
1606 5785 1649 5817 ’³
1678 5784 1779 5840 lsa.
1809 5796 1953 5850 τινι,

1683 5784 1779 5839 lsa.
1809 5796 1957 5850 sui,
1994 5780 2075 5836 12.
2159 5780 2220 5812 ιδ’
2260 5777 2417 5834 Prov.
2448 5790 2521 5847 tv,
2553 5773 2644 5829 27.
2682 5773 2770 5855 ﬂ"
2800 5758 3318 5831 Ezech..xvtu;,32.
