4140 6538
1461 396 1530 456 ιν
1570 397 1807 456 ISAIAM
1844 396 2083 487 ωιτν.
2125 396 2361 459 rosus
2399 399 2463 458 ll.

3443 401 3584 457 H10

407 517 602 589 ’Δθρει
632 519 697 588 δή
747 535 837 588 μοι
884 518 1045 573 πάλιν
1067 518 1161 573 τοῦ
1203 518 1362 589 λόγον
1408 519 1469 573 τὸ
1510 518 1783 589 εὑτεχνὶς,
1817 518 1910 573 καὶ

2084 520 2280 592 Specta
2335 520 2466 575 mihi
2503 532 2697 576 rursus
2720 517 2988 575 orationis
3032 513 3348 583 artiﬁcium,
3379 526 3437 572 ct
3468 518 3586 573 lici-

334 608 443 662 τῶν
498 607 718 662 ιννοιῶν
777 608 837 661 τὸ
898 610 1225 680 εὐμήχανον.
1276 610 1592 681 Διαλέγεται
1649 612 1746 680 μὲν
1802 608 1913 681 γὰρ

2013 612 2122 667 lam
2215 611 2611 667 sententiarum
2700 618 3058 665 structuram.
3145 606 3373 663 Disserit
3437 607 3585 663 enim

333 699 411 757 ὼς
483 699 609 752 ὅσον
685 698 895 753 οὐδέπω
959 699 1167 762 πόλεως
1240 700 1618 772 όφθησομένης
1682 700 1781 771 τῆς
1852 699 1914 767 ἐξ

2015 702 2082 758 de
2146 702 2366 757 civitate
2425 701 2574 755 velut
2640 716 2767 771 quae
2845 700 3005 755 modo
3074 713 3185 754 non
3260 698 3442 752 futura
3501 708 3586 754 est

334 789 506 842 ἐθνῶν
577 788 903 860 Ἐκκλησίας
965 790 1413 863 μεγαλοπρεποῦς
1473 806 1535 844 τε
1614 790 1711 844 καὶ
1760 805 1918 862 περιν-

337 881 727 951 καλλεστάτης,
780 882 949 946 λίθοις
979 899 1046 950 γε
1099 882 1205 953 μὴν
1236 882 1350 946 τοῖς
1382 884 1467 937 ὅτι
1521 882 1756 952 μάλιστα
1795 882 1915 935 δια-

336 974 735 1043 πρεπεστάτυις
791 974 1203 1047 ἔξωραῖσμένην
1269 975 1751 1044 ἀποφανθήοεσθαι
1826 973 1916 1026 λέ⁸

338 1082 447 1133 γει.
514 1066 678 1135 Θήσω
737 1065 868 1137 γὰρ,
922 1067 1107 1137 φησὶν,
1157 1066 1407 1138 ἄνθρακα
1459 1067 1552 1119 τὸν
1602 1065 1748 1118 λίθον
1798 1078 1915 1119 σου.

341 1157 527 1209 Ἕοικε
554 1157 613 1210 δὲ
637 1156 724 1210 διὰ
752 1156 957 1210 τούτων
1006 1158 1438 1227 κατασημαίνειν
1484 1156 1767 1225 βουλεσθαι
1825 1157 1917 1209 τὸν

352 1247 581 1319 Ἰησοῦν,
643 1248 704 1302 ὂν
770 1246 836 1318 δὴ
901 1247 1177 1302 τεθεῖσθαι
1238 1265 1371 1319 φησι
1435 1250 1495 1303 τὸ
1558 1246 1797 1319 Γράμμα
1856 1246 1920 1301 τὸ

343 1339 488 1409 ἱερὸν
510 1341 590 1402 είς
614 1339 685 1393 τὰ
709 1339 1125 1409 θεμέλιασΣιὼν,
1155 1344 1236 1404 εις
1266 1341 1325 1393 ὃν
1362 1341 1416 1394 εῐ
1440 1357 1527 1404 τις
1555 1339 1915 1404 πιστεύσειεν,

340 1431 402 1484 οὑ
457 1430 532 1501 μή
578 1430 970 1503 καταισχυνθῇ.
1003 1431 1286 1503 Ἀνθρακα
1336 1432 1434 1502 μὲν
1486 1430 1645 1482 αὑτὸν
1689 1430 1748 1481 εν
1793 1428 1919 1482 τούοο

338 1538 455 1585 τοις
495 1521 770 1592 ὀνομάζει.
824 1523 1201 1594 Διαμέμνηται
1249 1524 1307 1576 δὲ
1360 1524 1455 1577 καὶ
1508 1523 1711 1591 ἑτέρως
1754 1519 1919 1574 αὑτοῦ

338 1611 428 1666 διὰ
457 1611 754 1683 προφητῶν
787 1614 980 1681 άγίων.
1007 1615 1150 1686 Ἔφη
1195 1614 1328 1682 γοῦν
1356 1614 1444 1667 διὰ
1475 1614 1660 1682 φωνῆς
1697 1611 1881 1682 ’Δμώς
1901 1629 1917 1644 ⁹

348 1719 367 1750 ε
391 1700 520 1753 ’1δοὺ
569 1696 691 1767 ἐγὼ
726 1701 971 1753 ὲντάσσω
1012 1688 1296 1772 ἀδάμαντα
1339 1703 1397 1753 ὲν
1441 1703 1593 1772 μέσῳ
1639 1701 1771 1754 λαοῦ
1816 1717 1919 1771 μου

356 1791 625 1862 Ἰσραήλ.»
654 1792 753 1846 Διά
782 1792 840 1846 δέ
866 1809 931 1861 γε
960 1794 1143 1863 φωνῆς
1171 1793 1444 1863 Ζαχαρίου
1462 1809 1476 1824 ο
1519 1811 1537 1843 ι
1561 1792 1691 1845 Ἰδοὺ
1727 1793 1919 1859 ἐπάγω

340 1882 436 1937 ἐπὶ
462 1883 552 1937 τὸν
582 1883 766 1938 δοῦλόν
800 1900 904 1954 μου
934 1884 1198 1955 ἀνατολήν
1221 1901 1236 1915 ο
1267 1884 1398 1938 διότι
1432 1883 1579 1947 λίθος
1611 1884 1671 1937 ὃν
1711 1884 1919 1938 δέδωκα

343 1973 455 2044 πρὸ
486 1972 781 2043 προσώπου
825 1973 1024 2045 Ἰησοῦ,
1064 1974 1158 2027 ἐπὶ
1198 1973 1293 2028 τὸν
1336 1973 1486 2028 λίθον
1518 1973 1607 2026 τὸν
1646 1974 1741 2026 ἕνα
1781 1973 1921 2027 ἑπτά

342 2063 611 2133 ὀφθαλμοί
644 2066 804 2120 είσιν.
832 2084 850 2116 ι
881 2066 1099 2118 Ἔνεστι
1129 2062 1239 2135 γὰρ
1260 2062 1331 2117 τά
1352 2064 1628 2133 πανταχοῦ
1660 2062 1920 2116 δύνασθαι

344 2154 586 2226 καθορᾷν
615 2154 695 2224 τῷ
727 2156 1083 2227 παντεπόπτῃ
1124 2152 1367 2226 Χριστῷ.
1403 2153 1655 2207 Τέθειται
1681 2153 1859 2207 τοίνυν
1890 2154 1920 2207 ὁ

342 2247 546 2317 ἄνθραξ
582 2248 663 2310 είς
698 2247 846 2301 λίθον
886 2248 980 2302 καὶ
1018 2247 1415 2301 ἀκατάσειστον
1448 2245 1767 2317 ὑποδάθραν
1816 2247 1920 2316 τῆς

343 2337 552 2403 πόλεως
587 2339 690 2409 τῆς
730 2339 909 2406 ἁγίας.
957 2338 1076 2393 Ἐπ’
1118 2338 1267 2409 αὐτῷ
1309 2338 1369 2392 δὲ
1403 2337 1541 2392 λίθοι
1586 2328 1915 2409 σαπφείρου,

342 2430 483 2500 τάχα
510 2448 613 2483 που
638 2430 700 2483 τὸ
718 2430 826 2483 τῶν
857 2431 1030 2500 ἀγίων
1056 2430 1371 2485 ἀποστόλων
1390 2424 1580 2498 στῖφος
1608 2429 1918 2500 ὑποσημαί-

343 2538 545 2585 νοντες.
576 2522 894 2592 Ἐγγύτεροι
919 2522 1029 2591 γάρ
1056 2515 1205 2575 οὗτοι
1233 2520 1495 2592 Χριστοῦ,
1527 2521 1623 2574 καὶ
1644 2515 1756 2574 οἷόν
1774 2537 1919 2585 τινες

344 2610 584 2680 θεμέλιοι
619 2611 738 2681 μετ’
765 2612 926 2665 αὑτὸν
955 2612 1212 2680 γεγόνασι
1243 2614 1342 2682 τῆς
1370 2611 1463 2664 ὑπ’
1487 2610 1736 2682 οὑρανόν.
1763 2611 1919 2665 Οὑτω

342 2700 447 2754 πού
490 2718 653 2772 φησιν
704 2704 734 2756 ὁ
780 2703 944 2756 Δαὸὶδ
984 2705 1041 2757 ὲν
1084 2703 1534 2773 ἑπτακαιδεκάτῳ
1578 2703 1799 2773 ψαλμῷ,
1837 2704 1918 2756 ὅτι

348 2811 367 2842 ε
408 2791 691 2862 Ὠφθησαν
715 2794 774 2846 αἱ
804 2798 981 2863 πηγαὶ
1006 2793 1113 2847 τῶν
1141 2794 1369 2858 ὑδάτων,
1411 2794 1503 2847 καὶ
1536 2793 1917 2862 ἀνεκαλύιρθη-

344 2898 445 2935 σαν
481 2881 552 2935 τά
597 2881 820 2951 θεμέλια
866 2883 966 2954 τῆς
998 2885 1356 2954 οἰκουμένης,
1403 2885 1511 2937 ἀπὸ
1546 2884 1920 2955 ἐπιτιμήσεως

342 2988 459 3034 σου,
489 2972 687 3043 Κύριε,
711 2972 1188 3042 άπὸὲμπνεύσεως
1217 2973 1530 3044 πνεύματος
1559 2975 1730 3045 ὀργῆς
1763 2992 1912 3030 σου.»

353 3063 829 3134 Ἐπιτημηθέντων
868 3062 979 3134 γὰρ
1006 3063 1115 3117 τῶν
1148 3065 1208 3130 ἐξ
1246 3065 1484 3136 Ἰσραὴλ,
1515 3067 1610 3119 καὶ
1648 3065 1726 3136 τῷ
1752 3067 1919 3120 πνεύ-

342 3172 474 3224 ματι
506 3155 603 3223 τῆς
642 3155 794 3218 θείας
824 3155 996 3226 ὀργῆς
1032 3155 1509 3227 ὑπενηνεγμένων,
1545 3158 1665 3211 ἐπεί
1706 3175 1787 3211 τοι
1820 3176 1917 3212 περ

338 3246 734 3316 παρῳνήκασιν
766 3246 848 3308 είς
879 3245 1147 3317 Χριστὸν,
1191 3245 1454 3316 ὤφθησαν
1485 3248 1543 3300 αί
1571 3247 1680 3302 τῶν
1707 3248 1916 3304 ὑδάτων

338 3337 551 3405 πηγαὶ,
602 3336 879 3389 τουτέστιν
933 3337 967 3408 ἡ
1013 3336 1103 3390 διά
1161 3335 1257 3389 τοῦ
1322 3337 1478 3405 ἁγίου
1534 3338 1913 3409 βαπτίσματος

337 3427 624 3497 κάθαρσις,
659 3428 878 3499 ἐμφανῆ
906 3428 965 3481 δὲ
994 3429 1253 3498 γεγόνασι
1297 3430 1391 3484 καὶ
1427 3430 1499 3485 τὰ
1544 3430 1769 3501 θεμέλια
1817 3434 1917 3504 τῆς

335 3518 697 3588 οίκουμένης,
733 3519 978 3600 τουτέστι
1042 3519 1207 3575 πάλιν
1251 3523 1303 3574 oi
1350 3521 1628 3577 θεσπέσιον.
1676 3523 1915 3595 μαθηταὶ

334 3610 624 3663 ἀπόστολοί
671 3627 731 3663 τε
761 3611 855 3663 καὶ
883 3611 1290 3679 εὑαγγελισταί.
1321 3613 1486 3684 Θήσω
1514 3614 1595 3677 δὲ,
1623 3617 1779 3684 φησι,
1819 3615 1915 3669 καὶ

333 3702 436 3765 τὰς
467 3702 723 3768 ἐπάλξεις
756 3719 849 3756 σου
882 3702 1103 3766 ἴασπιν,
1136 3702 1233 3756 καὶ
1261 3703 1363 3766 τὰς
1398 3703 1575 3768 πύλας
1605 3722 1700 3758 σου
1732 3705 1914 3770 λίθους

335 3794 803 3863 κρυστάλλου,καὶ
832 3793 925 3847 τὸν
955 3794 1243 3866 περίϐολόν
1274 3811 1369 3847 σου
1392 3794 1575 3858 λίθους
1598 3795 1909 3859 ἐκλεκτούς.

349 3886 655 3952 Ἐπάλξεις,
688 3886 779 3939 καὶ
822 3885 1016 3949 πύλας,
1060 3887 1153 3940 καὶ
1174 3886 1463 3957 περίϐολον
1498 3888 1776 3958 ὀνομάζων
1805 3889 1915 3942 τῶν

335 3978 506 4047 ἁγίων
538 3978 912 4048 μυσταγωγῶν
954 3979 1016 4031 τὸ
1046 3978 1312 4049 θεοφιλὲς,
1351 3980 1448 4033 καὶ
1479 3981 1792 4049 σοφώτατον
1822 3982 1915 4035 σύ-

334 4086 540 4140 στημα,
568 4071 619 4123 οἳ
650 4070 745 4123 καὶ
786 4070 1147 4142 προμαχῶνες
1197 4072 1304 4124 είσι
1351 4072 1446 4126 καὶ
1477 4072 1643 4126 πύλαι
1676 4074 1776 4144 τῆς
1811 4074 1914 4127 πό.

333 4161 472 4225 λεως
495 4160 595 4231 τῆς
636 4160 822 4230 ἁγίας,
862 4161 1142 4233 περίϐολοι
1166 4179 1228 4215 τε
1277 4164 1374 4216 καὶ
1401 4166 1600 4234 τεῖχος.
1633 4166 1914 4234 Μάχονται

337 4252 439 4323 μὲν
487 4254 602 4315 τοῖς
642 4250 901 4322 πολεμεῖν
948 4253 1225 4309 ἐθέλουσιν
1273 4255 1467 4327 αὐτὴν,
1521 4257 1641 4328 ἦτοι
1687 4258 1813 4321 τοὺς
1855 4261 1915 4311 ἐν

333 4346 473 4416 αὐτῇ
499 4384 515 4408 ,
548 4345 796 4399 τουτέστι
840 4345 940 4417 τὴν
981 4347 1093 4399 τῶν
1132 4346 1223 4400 διά
1256 4347 1496 4412 πίστεως
1552 4349 1913 4418 σεσωσμένων

334 4436 546 4506 πληθὺν
584 4437 970 4507 άντεξάγοντες
1014 4438 1304 4509 ἐμφρόνως
1341 4442 1458 4502 τοῖς
1519 4438 1631 4492 τῶν
1678 4440 1911 4494 ἀνοσίων

2014 795 2254 852 Ecclesia
2289 794 2552 865 gentium,
2594 806 2716 863 quae
2771 791 3057 861 magniﬁca
3094 789 3379 861 apparebit
3410 798 3465 843 et
3522 788 3583 843 il-

2014 886 2337 943 iustrissiina
2396 905 2408 942 :
2457 900 2617 955 quam
2670 886 2805 942 dicit
2861 884 3131 953 lapidibus
3206 881 3591 953 insignissimis

2014 977 2403 1033 exornandam.
2454 974 2658 1031 Ponant
2713 976 2882 1039 enim,
2945 975 3145 1043 inquit,
3199 972 3591 1027 carbunculum

2018 1068 2246 1140 lapidem
2280 1078 2449 1122 tuum.
2478 1065 2707 1122 Videtur
2743 1077 2925 1121 autem
2976 1067 3128 1121 hisce
3172 1064 3593 1134 verbisilesuna

2016 1162 2152 1217 velle
2208 1159 2539 1232 significare,
2597 1174 2756 1229 quem
2810 1156 3093 1226 Scriptura
3159 1172 3318 1211 sacra
3374 1156 3505 1211 dicit
3536 1155 3594 1208 in

2016 1254 2364 1308 fundamenta
2408 1250 2536 1306 Sion
2591 1264 2715 1305 esse
2746 1249 2981 1318 positum
3014 1266 3028 1303 :
3064 1247 3118 1301 in
3151 1262 3313 1317 quem
3370 1247 3415 1300 si
3466 1246 3593 1315 quis

2017 1345 2327 1408 crediderit,
2362 1358 2469 1399 non
2502 1342 2741 1414 pudeliet
2771 1342 2843 1396 ¹τ.
2876 1340 3027 1394 “unc
3065 1339 3311 1393 nominat
3342 1338 3431 1393 hic
3471 1352 3591 1391 car-

2021 1436 2336 1490 bunculum.
2368 1433 2539 1488 Aliter
2590 1447 2808 1502 quoque
2864 1432 2982 1500 ejus
3019 1430 3180 1500 767
3212 1431 3273 1483 fit
3307 1430 3512 1483 mentio
3537 1430 3591 1482 in

2018 1521 2222 1576 sanctis
2285 1521 2587 1591 prophetis.
2654 1518 2934 1589 Siquidem
2995 1519 3130 1573 dixit
3188 1532 3322 1573 voce
3375 1520 3590 1571 Amos:

2023 1632 2042 1664 ι
2083 1614 2222 1668 Ecce
2247 1627 2349 1682 ego
2376 1612 2646 1668 constituo
2693 1610 3042 1665 admirantem
3087 1612 3140 1665 in
3186 1612 3364 1665 medio
3412 1612 3593 1680 populi

2021 1706 2123 1759 mei
2144 1703 2308 1759 Israel
2329 1705 2414 1758 η’.
2440 1723 2459 1755 ι
2494 1704 2559 1758 Ει
2583 1716 2716 1758 voce
2734 1702 3045 1758 Zachariaz:
3068 1721 3086 1755 ι
3114 1703 3253 1764 Ecce
3269 1717 3370 1773 ego
3388 1703 3597 1755 adduco

2021 1806 2184 1859 super
2235 1805 2453 1845 servum
2495 1805 2674 1844 nicum
2717 1789 3028 1857 Orientem,
3070 1791 3198 1860 quia
3246 1791 3384 1861 lapis
3435 1805 3595 1858 quem

1951 1862 1992 1916 Β
2022 1882 2142 1937 dedi
2171 1889 2298 1936 ante
2321 1881 2513 1937 faciem
2535 1880 2686 1945 Jesu,
2716 1896 2884 1952 super
2905 1883 3138 1951 lapidem
3166 1897 3357 1949 unum,
3385 1891 3595 1950 septem

2020 1973 2160 2029 oculi
2208 1974 2462 2029 sunt"“.
2497 1992 2516 2024 ι
2555 1971 2739 2028 Potest
2771 1974 2915 2028 enim
2941 1974 3123 2027 einnia
3162 1972 3364 2043 passim
3412 1971 3596 2040 perlu-

2019 2073 2195 2120 strare
2218 2064 2264 2118 is
2290 2065 2381 2132 qui
2408 2072 2499 2120 est
2521 2064 2799 2133 inspector
2814 2065 3057 2120 omnium
3080 2064 3353 2120 Christus.
3382 2062 3599 2119 Positns

2020 2162 2105 2210 est
2154 2153 2318 2223 igitur
2387 2153 2750 2208 carbunculus
2811 2154 2864 2208 in
2934 2154 3164 2222 lapidem
3212 2162 3268 2209 et
3316 2155 3594 2208 immatani

2019 2252 2221 2296 salicta
2245 2243 2481 2297 civitatis
2511 2243 2707 2298 basim.
2745 2242 2925 2312 Super
2961 2243 3138 2312 ipsum
3169 2253 3347 2299 autem
3393 2243 3599 2313 lapides

2019 2331 2280 2400 sappliiri,
2322 2331 2571 2387 fortassis
2621 2342 2933 2387 sanctorum
2989 2333 3363 2402 apostolorum
3404 2348 3595 2404 agmen

2020 2426 2297 2481 denotant.
2324 2424 2462 2480 Sunt
2503 2426 2647 2480 enim
2679 2426 2753 2479 illi
2782 2425 2999 2482 Christo
3021 2427 3334 2491 viciniores,
3389 2436 3445 2482 et
3470 2437 3595 2481 Ian—

2019 2530 2180 2585 quam
2207 2514 2560 2570 fundamenta
2605 2516 2853 2583 quaedam
2891 2516 3193 2571 secundum
3241 2517 3416 2585 ipsum
3448 2516 3599 2571 orbis

2022 2618 2291 2662 terrarum
2322 2607 2671 2662 exstiterunt.
2707 2607 2799 2661 Sic
2832 2608 2909 2660 ait
2930 2607 3099 2661 David
3129 2608 3338 2677 psalmo
3382 2608 3595 2663 decimo

2018 2699 2253 2767 septimo
2289 2716 2304 2754 :
2343 2717 2362 2750 ι
2394 2699 2776 2768 Apparuerunt
2818 2698 2997 2754 fontes
3038 2715 3322 2770 aquarum,
3347 2708 3400 2753 et
3442 2714 3598 2753 reve-

2020 2790 2127 2844 lata
2170 2798 2299 2844 sunt
2341 2787 2687 2844 iundamenta
2732 2798 2912 2854 terrae,
2951 2791 3019 2845 ab
3053 2791 3425 2860 increpatione
3465 2799 3552 2843 tua
3576 2828 3593 2853 ,

2020 2880 2266 2944 Domine,
2298 2879 2367 2933 ab
2402 2878 2767 2934 insulllatione
2796 2881 3015 2950 spiritus
3068 2881 3163 2937 irae
3208 2891 3313 2936 tua:
3337 2881 3401 2936 ’³.
3436 2899 3457 2933 ι
3490 2879 3596 2933 Re.

2020 2971 2302 3041 prehensis
2332 2971 2478 3026 enim
2525 2972 2806 3037 lsraelitis,
2851 2980 2905 3027 et
2940 2972 3087 3026 tiatui
3112 2972 3307 3027 divinae
3336 2972 3432 3027 ira:
3465 2973 3596 3026 sub-

2012 3064 2191 3133 jectis,
2222 3079 2344 3119 cum
2378 3064 2433 3118 in
2462 3063 2740 3118 Christum
2778 3065 3097 3119 debacchati
3156 3064 3406 3131 fuissent,
3430 3078 3597 3133 appa-

2019 3166 2244 3211 ruerunt
2264 3158 2441 3212 fontes
2484 3170 2768 3226 aquantm,
2799 3155 2851 3210 id
2879 3164 2983 3220 est,
3039 3168 3134 3226 per
3177 3164 3590 3211 sacrosanctum

2018 3249 2282 3318 baptisma
2313 3247 2654 3317 puriﬁcatio;
2703 3256 2760 3303 et
2804 3248 3099 3317 conspicua
3125 3248 3264 3303 facta
3311 3257 3435 3303 sunt
3466 3246 3590 3302 fun-

2016 3340 2266 3394 damenta
2316 3338 2489 3403 orbis,
2546 3336 2601 3393 id
2635 3344 2740 3402 est,
2782 3336 2951 3393 divini
2983 3336 3255 3406 discipuli,
3286 3336 3513 3403 apostoli
3538 3345 3596 3392 et

2015 3430 2385 3499 evangelista.
2436 3428 2645 3485 Ponam
2680 3440 2918 3497 quoque,
2980 3427 3177 3497 inquit,
3202 3438 3254 3482 et
3285 3441 3593 3498 propugna-

2015 3522 2132 3579 cula
2155 3532 2243 3577 tua
2259 3521 2551 3591 iaspidem,
2580 3530 2636 3575 et
2654 3529 2843 3592 portas
2870 3528 2994 3575 tuas
3025 3519 3233 3588 lapides
3260 3519 3597 3591 crystalli,et

2015 3627 2225 3668 murum
2253 3621 2402 3668 tuum
2422 3611 2627 3682 lapides
2652 3613 2875 3669 electos.
2904 3610 3311 3682 Propugnacula
3342 3620 3398 3666 et
3411 3620 3595 3680 portas

2015 3716 2069 3760 et
2100 3705 2493 3761 munimentum
2519 3708 2784 3773 nominat,
2812 3714 3127 3762 sanctorqu
3158 3716 3593 3777 mystagngorum

2018 3798 2126 3853 Deo
2168 3796 2407 3851 amicum
2425 3804 2483 3853 et
2508 3798 2978 3865 sapientissimum
3000 3805 3199 3851 catum
3228 3815 3242 3850 :
3279 3798 3372 3867 qui
3426 3798 3590 3852 etiam

2014 3886 2413 3958 propugnacula
2434 3897 2586 3951 sunt,
2607 3898 2663 3943 et
2690 3897 2863 3957 porta.-
2887 3897 3091 3943 sancta:
3118 3889 3377 3954 civitatis,
3401 3900 3457 3944 et
3476 3904 3595 3943 mu-

2017 3979 2254 4034 nimenta
2282 3994 2347 4034 ac
2384 3982 2546 4034 muri.
2579 3978 2993 4049 Pngnantenim
3021 3995 3142 4035 cum
3180 3979 3264 4035 liis
3284 3980 3376 4049 qui
3396 3979 3590 4034 bellum

2016 4071 2252 4126 inferunt
2281 4070 2378 4135 illi,
2425 4070 2623 4136 id.est,
2650 4070 2735 4125 bis
2773 4071 2866 4140 qui
2892 4069 2950 4125 in
2982 4085 3046 4126 ea
3084 4080 3231 4136 sunt,
3260 4071 3592 4126 multitudini

2015 4172 2210 4229 nempe
2254 4173 2445 4214 eorum
2477 4158 2569 4228 qui
2613 4174 2713 4229 per
2753 4159 2917 4215 fidem
2956 4161 3159 4214 servati
3184 4170 3344 4225 sunt;
3371 4168 3428 4215 et
3464 4176 3594 4229 prn-

2015 4251 2204 4306 denter
2236 4250 2494 4305 resistunt
2545 4250 2830 4320 impiarum
2862 4260 3136 4308 sectarum
3195 4253 3592 4320 inventoribus,
3654 4308 3657 4311 .

2014 4356 2079 4396 ac
2106 4341 2306 4397 diaboli
2368 4344 2589 4398 malitias
2647 4345 2940 4409 obsistunt,
2976 4361 3076 4401 nec
3108 4360 3439 4415 quemquam
3477 4358 3595 4399 ser-

2014 4440 2261 4487 vatorum
2291 4435 2616 4503 permittunt
2640 4436 2695 4488 in
2729 4434 2849 4503 ejus
2897 4436 3144 4491 incidere
3197 4436 3477 4490 sinistram
3510 4442 3596 4504 ty-

332 4528 596 4600 αίρέσεων
624 4529 894 4600 εὑρεταῖς,
944 4529 1039 4582 xci.
1088 4532 1211 4592 ταῖς
1251 4529 1347 4583 τοῦ
1393 4528 1641 4583 διαϐόλου
1690 4530 1914 4600 δυστροο

2019 4525 2322 4592 rannidem,
2359 4526 2619 4581 continuo
2675 4542 2740 4582 ac
2792 4529 2899 4581 rite
2950 4527 3019 4582 ad
3076 4526 3171 4580 Dei
3227 4524 3593 4593 cognitionem

330 4619 489 4682 πίαις
534 4620 953 4689 ἀνθιστάμενοι,
1007 4622 1105 4673 καὶ
1154 4620 1266 4674 τῶν
1319 4620 1683 4692 σεσωσμένων
1724 4621 1915 4675 οὐδένα

334 4711 689 4781 περιπίπτειν
712 4728 817 4764 που
844 4712 947 4781 τῆς
977 4710 1298 4781 σκαιότητος
1328 4711 1567 4780 συνεχῶς
1589 4711 1915 4783 ἐπιτρέπον-

330 4818 445 4866 τες,
475 4801 573 4855 καὶ
600 4797 713 4855 οἷον
747 4804 805 4855 ὲν
829 4800 981 4866 τάξει
1011 4801 1423 4872 εἰσκομίζοντες
1459 4804 1539 4866 είς
1583 4802 1913 4873 θεογνωσίαν

329 4893 458 4958 τοὺς
486 4894 545 4960 ἐξ
573 4893 789 4968 ἀπάτης
837 4896 1189 4968 Ἑλληνικῆς,
1220 4895 1683 4967 περιφράττοντές
1713 4912 1773 4949 τε
1818 4896 1915 4949 καὶ

332 4984 753 5054 περιϐάλλοντες
822 4987 1127 5050 νουθεσίαις
1190 4986 1390 5050 αὑτοὺς
1453 4988 1548 5040 καὶ
1616 5003 1907 5057 μυσταγωο

329 5074 499 5141 γίαις,
528 5074 667 5128 ὥστε
702 5075 796 5127 καὶ
827 5075 1102 5145 ἀλήπτους
1125 5071 1288 5140 εἶναι,
1325 5077 1420 5131 καὶ
1452 5076 1715 5147 δυνάμεσι
1741 5094 1909 5146 πονη-

333 5165 476 5230 ραῖς.
498 5165 594 5219 κοᾶ⁸
616 5164 975 5236 βωμολοχίαις
1000 5168 1517 5237 ψευδοδιδασκάλων,
1549 5169 1597 5221 οἳ
1622 5172 1719 5239 τῆς
1744 5168 1907 5239 ψευδ-

326 5254 436 5306 ωνύ
446 5272 549 5324 μου
589 5256 844 5325 γνώσεως
868 5258 958 5311 τὸν
977 5259 1057 5312 ίδν
1090 5259 1340 5329 ὲκχέουσι
1368 5262 1488 5324 ταῖς
1512 5260 1622 5313 τῶν
1651 5261 1910 5329 ἀκεραιο-

327 5346 505 5414 τέρων
533 5347 924 5418 ψυχαῖς.Ἔθος
958 5350 1016 5403 δὲ
1045 5353 1111 5419 τῇ
1146 5351 1488 5422 θεοπνεύστῳ
1518 5352 1710 5422 Γραφῇ
1738 5350 1910 5414 λίθοις

332 5436 812 5502 πολυτελεστάτοις
840 5439 1141 5510 ἀφομοιοῦν
1188 5440 1298 5495 ἔσθ’
1326 5443 1415 5496 ὅτε
1443 5444 1568 5503 τοὺς
1597 5442 1694 5513 τὴν
1739 5440 1908 5510 ἁγίαν

334 5527 557 5596 ἔχοντας
581 5530 748 5601 ζωὴν,
766 5532 862 5584 καὶ
888 5532 1221 5585 πολυειδέσιν
1246 5534 1468 5603 ἀρεταῖς
1496 5534 1903 5608 ἐμπρέποντας.

334 5620 445 5673 Καὶ
480 5620 613 5689 γοῦν
655 5623 762 5694 ιφη
804 5642 905 5678 που
941 5625 1068 5699 περὶ
1107 5625 1217 5678 τῶν
1256 5627 1429 5697 ἁγίων
1456 5628 1791 5695 ἀποστόλων,
1825 5630 1907 5682 ὅτι

411 5797 455 5830 ’⁷
493 5796 802 5870 lsa.xxvm,
832 5801 925 5860 16.
1002 5803 1071 5838 ιν
1104 5803 1292 5873 Amos,
1324 5820 1422 5873 vn,
1447 5804 1499 5862 8.

2019 4616 2335 4671 inducentes
2377 4617 2593 4671 ethnica
2626 4617 2817 4672 fraude
2862 4618 3125 4682 irretitos,
3173 4616 3503 4687 monitisque
3540 4624 3596 4670 et

2019 4708 2367 4779 mystagngiis
2421 4723 2516 4762 eos
2576 4707 2915 4763 obvallantcs
2966 4717 3022 4763 et
3069 4707 3482 4771 obmunientes,
3537 4718 3596 4761 ut

2016 4817 2123 4858 non
2171 4802 2283 4857 sint
2330 4804 2562 4873 expositi
2622 4803 2782 4859 malis
2829 4805 3189 4873 patestatibus
3231 4812 3285 4858 et
3332 4804 3591 4859 falsorum

2015 4894 2295 4949 doctorum
2354 4894 2674 4950 scurrilibus
2724 4893 2902 4963 nugis,
2954 4896 3047 4962 qui
3093 4893 3232 4949 falso
3299 4896 3596 4948 nominatae

2015 4982 2252 5038 scientiae
2298 4997 2564 5039 venenum
2615 4983 2815 5038 animis
2865 4983 3259 5052 simpliciorum
3288 4982 3590 5038 offendunt.

2015 5072 2114 5128 Est
2144 5074 2306 5128 etiam
2342 5074 2582 5129 solemne
2632 5073 2928 5144 Scriptura:
2974 5076 3232 5131 divinitus
3290 5075 3591 5145 inspirata,

2014 5164 2285 5233 lapidibus
2350 5164 2761 5235 pretiosissimis
2809 5166 3118 5222 assimilare
3174 5167 3445 5222 interdum
3497 5182 3595 5221 eos

2015 5258 2115 5324 qui‘
2132 5265 2323 5312 sancte
2370 5256 2539 5311 vitam
2590 5257 2898 5323 instituunt,
2947 5269 3004 5314 et
3036 5260 3205 5314 variis
3241 5260 3449 5329 fulgent
3486 5258 3595 5313 vir-

2016 5349 2239 5403 tutibus.
2272 5347 2416 5402 Dixit
2445 5348 2713 5416 siquidem
2746 5350 2812 5405 de
2847 5351 3014 5422 768
3054 5350 3265 5406 sanctis
3293 5348 3588 5420 apostolis:

2014 5437 2249 5509 Lapides
2281 5439 2456 5493 sancti
2485 5438 2773 5494 volvuntur
2803 5456 2966 5511 super
2987 5451 3129 5496 terra
3148 5442 3235 5495 ⁸⁸⁸.
3262 5439 3393 5494 Nam
3420 5437 3589 5492 divini

2016 5530 2263 5601 discipuli
2280 5530 2464 5585 orbein
2486 5539 2753 5585 terrarum
2773 5528 3591 5601 peragrabant,pr:edicantesjet

2012 5622 2447 5692 evangelizantes
2464 5623 2663 5692 ubique
2682 5623 2920 5692 gentium
2937 5624 3186 5677 omnibus
3202 5620 3432 5692 gratiam
3446 5619 3591 5675 salu-

1564 5791 2208 5890 _}v°'2act..“m,s,’9.
2290 5808 2333 5841 ιι
2363 5796 2506 5864 rs‘at.
2539 5802 2673 5874 xm,
2711 5805 2797 5861 l6.
2875 5801 3442 5870 tenebar-ix."-
