4106 6550
576 386 707 442 ιτιι

1560 379 1616 429 S.
1657 376 1932 432 CYllILLl
1975 374 2446 432 ALEXANDllINI
2487 376 2827 434 ARCIIIEP-

3709 383 3853 441 1112

576 504 645 559 tis
669 516 766 574 per
794 496 1319 568 Christum.|ilursus
1344 495 1605 564 propheta
1623 495 1787 549 etiam
1811 494 1977 552 Isaias
1994 496 2149 562 dixit,

2256 494 2391 549 λίθοι
2431 496 2580 565 άγιοι
2624 497 2918 552 κυλίονταιπ
2947 498 3060 552 ἐπὶ·
3084 498 3199 569 τῆς·
3235 499 3357 569 γῆς.
3400 500 3853 571 Περιεφοίτησαν

573 592 723 649 velut
742 594 841 647 sub
868 604 1096 661 persona
1123 586 1251 657 Dei}:
1280 606 1300 638 ι
1325 585 1554 642 Perdam
1578 586 1920 642 insolentiam
1940 586 2155 657 iniquo-

574 700 716 749 rum,
742 693 796 739 et
816 681 1169 738 insolentiam
1192 677 1549 747 superborum
1574 677 1897 747 deprimam.
1918 687 1975 732 et
1995 686 2157 735 erunt

579 773 832 831 derelicti
856 772 1206 843 pretiosiores
1222 785 1357 825 auro
1382 770 1607 842 obryzo,
1633 779 1688 826 et
1716 771 1878 826 homo
1898 772 2007 827 erit
2032 785 2155 842 pre-

569 868 761 923 tiosior
775 866 1027 937 lapideex
1043 864 1269 934 souphir
1285 865 1327 896 "
1354 861 1455 935 (4).
1480 882 1500 916 ι
1521 861 2001 920 ,ιιιόειιθτιιιιιειιίιιι
2015 878 2153 934 pra:-

569 956 694 1013 θεοιί
723 958 815 1029 qui
849 958 903 1012 in
923 957 1198 1012 Christum
1218 954 1559 1024 pravaricati
1576 963 1723 1021 sunt,
1758 955 2055 1023 perierunt.
2083 956 2154 1012 At

566 1050 886 1119 superstites
910 1064 1005 1119 per
1019 1049 1198 1113 ﬁdem,
1216 1046 1365 1101 omni
1387 1061 1517 1102 auro
1533 1056 1589 1102 et
1608 1045 1785 1115 lapide
1800 1047 2151 1116 pretiosiores

570 1141 1009 1197 meritocenseri
1047 1150 1295 1208 possunt.
1328 1137 1526 1192 Paulus
1547 1146 1697 1194 certe
1712 1139 2150 1209 sapientissimus

569 1230 979 1287 fundamentum
1005 1232 1193 1287 dicens
1219 1244 1341 1285 esse
1359 1227 1546 1284 Jesum
1588 1229 1886 1295 Christum,
1923 1230 2151 1286 creden-

569 1332 650 1379 tes
674 1323 728 1377 in
763 1324 957 1393 ipsum,
993 1323 1140 1377 velut
1168 1322 1374 1391 lapides
1402 1323 1670 1392 pretiosos
1704 1322 2004 1392 superstrui
2048 1324 2148 1389 ait,

569 1414 625 1469 in
650 1425 899 1471 sanctum
942 1414 1222 1484 templum,
1252 1414 1304 1468 in
1326 1413 1614 1469 aedilicium
1656 1413 1749 1468 Dei
1776 1414 1830 1469 in
1854 1412 2057 1483 Spiritu
2078 1416 2145 1471 '°.

565 1504 802 1562 Proinde
853 1515 1077 1561 sanctos
1128 1512 1492 1576 mystagogos,
1558 1504 1821 1560 virtutum
1882 1506 2148 1561 varietate

565 1603 628 1649 eo
665 1594 1062 1665 pulchritudine
1094 1591 1417 1662 iutelligibili
1450 1590 1972 1661 resplendescentes,
2004 1592 2145 1661 lapi-

564 1686 725 1741 dibus
807 1686 1218 1756 pretiosissimis
1278 1693 1607 1754 comparat:
1646 1693 1701 1737 et
1737 1683 1874 1738 alios
1920 1682 2054 1738 dicit
2091 1683 2146 1738 in

564 1778 911 1833 fundamenta
971 1777 1179 1848 positos
1225 1790 1346 1832 esse
1384 1784 1589 1831 sanctae
1635 1775 1863 1838 civitati,
1906 1775 2042 1830 alios
2088 1775 2140 1830 in

2254 587 2365 659 γάρ
2387 588 2489 659 τὴν
2532 590 2623 642 ὑπ’
2652 590 2880 662 οὐρανὸν
2931 592 2981 645 oi
3030 589 3310 645 θεσπέσιοι
3346 592 3610 662 μαθηταὶ,
3646 593 3854 662 διακη-

2256 677 2544 749 ρύττοντές
2591 696 2652 732 τε
2701 681 2795 734 καὶ
2834 678 3315 752 εὐαγγελιζόμενοι
3353 684 3468 745 τοῖς
3517 683 3849 752 ἁπανταχοῦ

2253 769 2356 839 τῆς
2380 768 2468 824 διά
2494 771 2731 842 Χριστοῦ
2765 773 3041 845 σωτηρίας
3064 773 3164 844 τὴν
3196 773 3381 846 χάριν.
3409 774 3566 845 Ἔφητ
3588 774 3646 827 δὲ
3675 774 3851 828 πάλιν

2253 862 2350 915 καὶ
2405 862 2457 916 όε
2494 864 2781 935 προφήτης
2836 865 3093 930 Ἡσαΐας,
3144 866 3223 928 ὡς
3269 868 3347 919 ὲκυ
3381 867 3680 936 προσώπου
3750 864 3849 918 τοῦ

2253 951 2422 1007 Θεοῦ·
2463 972 2483 1006 ι
2518 954 2629 1008 Kal
2655 954 3057 1028 άπολῶῦϐρινι·
3071 957 3312 1028 ἀνόμων,
3354 958 3449 1011 καὶ
3474 958 3639 1029 ῦσριν
3660 958 3849 1027 ὑπερ-

2252 1044 2852 1114 ηφάνωνιταπεινώσω,
2888 1047 2986 1102 καὶ
3014 1047 3296 1101 ἐσονταιοί
3333 1048 3851 1118 ἐγκαταλελειμμέ-

2252 1153 2334 1190 νοι
2360 1135 2569 1207 ἔντιμοι
2601 1138 2823 1208 μᾶλλον,
2867 1140 2989 1210 ἦίτὺ
3016 1141 3248 1210 χρυσίον
3276 1141 3363 1193 τό.
3384 1140 3619 1211 ἄπυρον,
3666 1140 3776 1193 καὶ
3817 1142 3849 1192 6

2250 1227 2537 1299 ἄνθρωπος
2575 1228 2792 1301 ἔντιμος
2824 1231 3047 1298 μᾶλλον,
3075 1234 3164 1302 ῆτό
3196 1232 3342 1296 λίθος
3369 1234 3398 1285 6
3425 1235 3490 1285 ὲκ
3521 1232 3780 1302 σουφείρ.
3821 1252 3840 1283 ι

2264 1317 2605 1373 ’Ᾱπολὼλασι
2626 1320 2724 1391 μὲν
2755 1322 2864 1392 γὰρ
2898 1324 3388 1394 παρανομήσαντες
3411 1324 3493 1387 εἰς
3516 1323 3767 1393 Χριστὸν
3790 1324 3842 1375 οξ

2248 1408 2358 1464 τῶν
2401 1410 2673 1465 Ἰουδαίων
2724 1412 3037 1484 καθηγηταὶ
3062 1452 3078 1475 ,
3129 1415 3178 1467 οί
3232 1414 3290 1467 δέ
3336 1431 3401 1482 γε
3452 1414 3543 1468 διὰ
3590 1415 3848 1477 πίστεως

2247 1501 2733 1574 άνασεσωσμένοι,.
2761 1504 2984 1575 χρυσίου
3019 1504 3221 1569 παντὸς
3265 1506 3358 1558 καὶ
3386 1505 3535 1559 λίθου
3567 1505 3846 1576 τιμιὼτε-

2253 1607 2335 1663 ροι
2383 1593 2829 1664 καταλογισθεῖεν
2858 1597 3188 1660 ἂν-είκότως
3206 1616 3217 1628 ν
3245 1604 3332 1649 val
3365 1597 3474 1668 μὴν
3511 1598 3609 1651 καὶ
3638 1600 3668 1651 6
3696 1599 3846 1652 πάνο

2250 1698 2415 1752 σοφος
2441 1683 2672 1750 Παῦλος,
2701 1685 2959 1757 θεμέλιον
2981 1686 3156 1755 λέγων
3198 1687 3527 1756 Ἰησοῦν-τὸν
3559 1688 3844 1758 Χριστὸν,

2245 1778 2375 1841 τοὺς
2405 1779 2487 1842 είς
2520 1778 2681 1833 αὐτὸν
2722 1779 3152 1844 πιστεύσαντας,
3196 1780 3273 1843 ὡς
3311 1780 3493 1844 λίθους
3536 1781 3847 1845 ἐκλεκτοὺς

563 1868 987 1939 propugnacula,
1036 1869 1174 1924 alios
1236 1878 1518 1937 portarum
1551 1876 1606 1921 et
1639 1867 1937 1921 munitonis
1981 1881 2137 1920 usum

2252 1868 2711 1939 ίποικοδομεῖσθαί
2744 1888 2907 1942 φησιν
2942 1873 3023 1935 εἰς
3060 1870 3188 1924 ναὸν
3230 1870 3413 1939 ἅγιον,
3447 1873 3530 1934 είς
3559 1889 3839 1944 κατοικηο

564 1975 629 2015 ac
649 1961 826 2016 locum
881 1961 1151 2031 supplere.
1185 1962 1361 2030 Atque
1408 1961 1526 2015 haec
1552 1960 1769 2030 quidem
1796 1960 1863 2014 de
1893 1958 2140 2015 civitatis

562 2054 856 2122 pmfectis,
883 2068 1047 2122 quam
1097 2052 1254 2107 nobis
1278 2054 1391 2107 hac
1434 2052 1696 2107 describit
1722 2052 1919 2106 oratio.
1953 2051 2027 2106 De
2054 2052 2143 2109 his

2243 1962 2434 2031 τήριον
2479 1962 2574 2015 τοῦ
2604 1963 2738 2017 Θεοῦ
2773 1964 2832 2016 ὲν
2862 1962 3155 2034 πνεύματι.
3189 1962 3402 2017 Οὐκοῦν
3440 1966 3509 2033 τῇ
3546 1963 3662 2016 τῶν
3704 1965 3845 2035 ἀρί-

2244 2069 2384 2105 στων
2422 2052 2700 2124 πολυειδίᾳ
2733 2054 2827 2107 καὶ
2867 2054 3054 2108 κάλλει
3090 2052 3170 2124 τῷ
3202 2052 3378 2124 νοητῷ
3417 2053 3837 2125 διαπρέποντας

566 2158 693 2199 vero
711 2144 801 2213 qui
832 2158 950 2197 eam
974 2144 1298 2210 inhabitant,
1325 2143 1455 2212 quid
1482 2142 1697 2197 tandem
1724 2142 1838 2196 ait?
1863 2143 1928 2197 Et
1952 2159 2143 2200 omnes

2252 2144 2369 2206 τοὺς
2412 2142 2602 2212 ἁγίους
2661 2146 3056 2215 μυσταγωγοὺς
3118 2146 3443 2218 παρεικάζει
3492 2145 3665 2209 λίθοις
3706 2151 3840 2209 ταῖς

566 2232 706 2287 ﬁlios
739 2242 857 2287 tuos
892 2233 1082 2287 doctos
1115 2247 1143 2283 a
1176 2230 1307 2286 Deo.
1345 2229 1486 2285 Olim
1542 2245 1777 2299 namque
1803 2245 1900 2300 per
1929 2229 2143 2299 sapien-

567 2324 834 2379 tissimnm
894 2322 1113 2394 Moysen
1164 2331 1217 2378 et
1283 2322 1576 2391 prophetas
1650 2330 1867 2376 sanctos
1915 2320 2145 2376 instituit

569 2413 841 2470 lsraelem.
920 2412 1191 2467 Exn-emis
1287 2419 1467 2466 autem
1525 2410 1718 2466 saeculi
1786 2412 2141 2479 temporibus,

568 2506 711 2561 docti
734 2506 935 2560 fuimus
961 2520 992 2559 a
1028 2506 1156 2561 Deo.
1182 2503 1348 2574 Cujus
1368 2504 1524 2557 testis
1546 2511 1628 2557 est
1659 2502 1878 2569 Paulus,
1908 2502 2095 2559 dicens
2125 2521 2140 2558 :

573 2615 599 2649 ο
629 2596 972 2652 Multilariam
995 2612 1059 2651 ac
1084 2595 1266 2649 multis
1315 2594 1487 2648 modis
1514 2593 1640 2647 olim
1682 2591 1828 2649 Deus
1874 2593 2145 2648 allocutus

568 2697 650 2745 est
678 2698 861 2759 patres
918 2690 971 2743 in
1020 2687 1300 2757 prophetis
1343 2705 1356 2740 :
1409 2686 1697 2755 postremis
1774 2700 1903 2740 vero
1956 2685 2146 2740 diebus

569 2782 720 2837 hisce
775 2780 989 2835 locutus
1023 2788 1109 2834 est
1142 2778 1298 2833 nobis
1341 2777 1396 2830 in
1427 2777 1566 2831 Filio
1592 2777 1659 2831 ἰ.
1700 2794 1720 2828 ›
1752 2775 2146 2847 Praeceptorem

570 2872 712 2928 enim
748 2872 927 2928 sortiti
948 2886 1162 2936 sumus,
1186 2885 1292 2925 non
1328 2869 1642 2939 prophetam
1670 2868 1902 2937 aliquem
1954 2883 2150 2937 seque-

571 2974 734 3021 strem
757 3002 774 3028 ,
819 2972 876 3019 et
907 2963 1105 3018 divinis
1148 2961 1490 3018 sermonibus
1520 2960 1941 3024 ministrantem,
1986 2960 2146 3015 sicuti

571 3053 694 3109 alim
729 3071 744 3108 :
787 3053 882 3109 sed
936 3052 1111 3123 ipsum
1145 3052 1327 3122 potius
1366 3065 1433 3106 ex
1468 3050 1579 3106 Deo
1618 3061 1672 3105 et
1719 3048 1883 3104 Patre
1908 3050 2146 3118 genitum

2242 2235 2599 2305 τιμιωτάταις
2629 2248 2644 2262 ’
2684 2236 2776 2289 καὶ
2800 2238 2927 2301 τοὺς
2954 2237 3053 2308 μὲν
3086 2239 3166 2301 είς
3203 2237 3432 2308 θεμέλια
3461 2238 3748 2291 τεθεῖσθαι
3772 2241 3844 2308 τῇ

2244 2326 2377 2396 ἁγίᾳ
2418 2326 2573 2379 πόλει
2620 2327 2776 2396 φησὶ,
2817 2328 2947 2393 τοὺς
2982 2329 3041 2382 δὲ
3074 2330 3155 2392 είς
3184 2328 3444 2393 ὲπάλιξεες
3468 2347 3481 2359 ·
3523 2330 3749 2397 ἑτέρους
3784 2330 3845 2382 δὲ

2250 2418 2457 2480 πυλῶν,
2485 2418 2580 2471 καὶ
2604 2419 2892 2490 περιϐόλου
2923 2419 3114 2493 χρείαν
3141 2418 3511 2489 ἀναπληροῦν.
3539 2420 3653 2472 Kal
3677 2420 3846 2473 ταυτὶ

2253 2510 2352 2581 μὲν
2384 2510 2510 2579 περὶ
2539 2509 2648 2563 τῶν
2681 2510 2779 2579 τῆς
2806 2510 3016 2575 πόλεως
3048 2511 3489 2582 προεστηκότων,
3521 2511 3588 2582 ἣν
3614 2511 3645 2562 6
3671 2510 3839 2578 λόγος

2248 2603 2382 2672 ἡμῖν
2414 2599 2713 2671 ζωγραφεῖ.
2746 2602 2881 2672 Περὶ
2918 2601 2976 2655 δέ
3009 2618 3074 2669 γε
3106 2601 3212 2655 τῶν
3245 2600 3540 2655 οἱκούντων
3568 2601 3745 2670 αὐτὴν
3784 2600 3842 2651 τί

2250 2694 2361 2764 ἄρα
2417 2691 2586 2761 φησί;
2618 2693 2731 2745 Kal
2778 2692 2987 2754 πάντας
3031 2692 3159 2754 τοὺς
3204 2691 3356 2754 υἱούς
3404 2708 3497 2744 σου
3550 2690 3845 2752 ὃιδακτοϋς

2246 2782 2403 2838 Θεοῦ.
2444 2781 2617 2835 Πάλαι
2663 2782 2761 2853 μὲν
2806 2781 2915 2852 γὰρ
2960 2780 3049 2834 διά
3095 2778 3191 2833 τοῦ
3253 2779 3535 2846 πανσόφου
3584 2777 3844 2839 Μωσέως

2253 2875 2348 2928 καὶ
2390 2874 2688 2945 προφητῶν
2726 2873 2895 2941 άγίων
2953 2869 3414 2941 πεπαιδαγώγηκε
3454 2871 3547 2922 τὸν
3593 2868 3842 2939 Ἰσραήλ.

2268 2967 2356 3021 Ἐν
2382 2966 2633 3036 ἐσχάτοις
2661 2965 2718 3018 δὲ
2745 2963 2840 3017 τοῦ
2870 2962 3066 3027 αἰῶνος
3095 2964 3308 3033 καιροῖς
3337 2961 3578 3013 διδακτοὶ
3600 2960 3843 3027 γεγόνα-

2253 3075 2353 3129 μεν
2390 3056 2526 3110 Θεοῦ
2549 3073 2563 3087 ⁸
2618 3056 2715 3111 καὶ
2762 3054 2966 3108 τούτου.
3008 3055 3222 3125 μάρτυς
3263 3053 3293 3106 6
3350 3050 3565 3114 Παῦλος
3623 3050 3808 3117 λέγων
3827 3068 3842 3081 ο

571 3160 902 3210 sermonem,
933 3145 1027 3215 qui
1073 3145 1126 3199 in
1184 3143 1366 3214 specie
1397 3153 1583 3199 nostra
1630 3141 1806 3197 factus
1843 3150 1949 3204 est,
1977 3150 2033 3196 et
2057 3140 2146 3211 qui

2262 3168 2280 3201 ι
2310 3146 2642 3218 Πολυμερῶς
2666 3146 2763 3199 καὶ
2791 3145 3145 3216 πολυτρόπως
3168 3144 3335 3199 πάλαι
3368 3146 3396 3197 6
3424 3142 3558 3205 Θεὸς
3593 3141 3842 3211 λαλήσας

571 3254 623 3292 ιιι
658 3237 1117 3308 carne-apparuit.
1145 3236 1437 3307 Propterea
1489 3250 1592 3305 pax
1623 3235 1792 3290 multa
1819 3242 1904 3289 est
1951 3233 2145 3288 Eccle-

572 3330 663 3385 sia:
701 3329 848 3395 ﬁliis,
904 3338 1093 3385 matre
1142 3339 1327 3384 nostra
1385 3327 1650 3384 aediﬁcata
1684 3327 1738 3382 in
1764 3326 2001 3397 jnstitia.
2039 3325 2142 3394 Qui

571 3423 715 3476 enim
748 3437 875 3476 vere
914 3437 951 3475 ar
978 3422 1090 3476 Deo
1137 3420 1283 3474 docti
1327 3426 1475 3483 sunt,
1506 3433 1601 3473 eos
1627 3433 1787 3473 nemo
1818 3417 2011 3472 laedere
2046 3432 2146 3486 po-

571 3517 676 3562 test
704 3523 892 3562 eorum
927 3509 1017 3577 qui
1056 3507 1332 3563 inanitate
1384 3505 1673 3562 verborum
1703 3506 1779 3561 uti
1802 3505 1980 3560 solent
2009 3523 2023 3559 :
2050 3505 2144 3560 sed

572 3612 757 3666 pacem
780 3598 981 3653 habent
1006 3599 1145 3667 apud
1171 3599 1361 3664 Deum,
1388 3612 1574 3653 amore
1588 3612 1713 3653 cum
1741 3596 1860 3666 ipso
1882 3596 2141 3666 colligati,

572 3698 627 3744 et
674 3690 942 3760 justitiam
993 3689 1253 3745 colentes.
1303 3688 1418 3744 Hoc
1469 3690 1703 3744 aediﬁcat
1744 3687 2144 3755 Ecclesiam,et

572 3795 690 3835 eam
737 3790 939 3835 sartam
998 3789 1194 3836 tectam
1245 3789 1531 3836 conservat
1600 3779 1772 3852 769
1820 3794 1888 3835 ne
1941 3790 2142 3844 nutet,

570 3871 788 3928 Christo
826 3881 1141 3944 protegente
1183 3881 1241 3928 et
1292 3872 1645 3937 concedente,
1697 3880 1758 3926 ut
1824 3872 2144 3927 inconcussa

570 3966 644 4021 sit
671 3973 725 4019 et
751 3963 995 4019 immota.
1042 3963 1342 4019 Adversum
1367 3962 1513 4017 enim
1553 3962 1718 4027 hanc,
1752 3961 1948 4031 inquit,
1974 3971 2143 4032 portat

571 4055 866 4112 inferorum
890 4072 996 4111 non
1024 4054 1392 4124 praevalebunt
1414 4055 1502 4108 ²¹’.
1540 4053 1617 4109 De
1655 4069 1717 4109 ea
1745 4068 1980 4121 namque
2009 4053 2145 4107 scri-

570 4157 718 4218 ptum
741 4156 824 4203 est
852 4148 1016 4202 etiam
1048 4147 1100 4200 in
1118 4146 1257 4201 libro
1282 4145 1622 4203 Psalmorum
1652 4163 1666 4200 :
1709 4165 1728 4197 ι
1760 4144 1829 4199 Ει
1857 4146 2146 4201 aediﬁcabit

571 4237 1015 4292 velutunicornis
1032 4237 1403 4291 sanctuarium
1429 4253 1585 4292 suum
1630 4238 1683 4292 in
1708 4245 1871 4305 terra,
1902 4238 2145 4292 fundavit

570 4327 700 4383 illud
735 4329 788 4382 in
821 4328 1259 4384 aeternitatem".
1312 4348 1331 4381 ι
1366 4328 1748 4385 Sanctuarium
1776 4328 1916 4398 ejus,
1946 4328 2140 4384 Eccle-

2252 3243 2364 3304 τοῖς
2394 3239 2663 3309 πατράσιν
2706 3240 2764 3291 ὲν
2793 3240 2904 3301 τοῖς
2954 3238 3282 3309 προφήταις,
3326 3237 3415 3288 ἐπ’
3445 3235 3686 3304 ἐσχάτου
3730 3235 3841 3287 τῶν

2254 3330 2478 3403 ἡμερῶν
2504 3330 2709 3384 τούτων
2736 3328 2998 3400 ἐλάλησεν
3025 3330 3158 3399 ἡμῖν
3186 3328 3243 3379 ὲν
3274 3326 3414 3397 Υίῷ.
3451 3344 3470 3378 ι
3497 3326 3841 3397 Καθηγητὴν

2254 3423 2364 3494 γάρ
2398 3422 2681 3492 ἐλάχομεν,
2727 3421 2787 3474 ού
2836 3420 3119 3491 προφήτην
3150 3416 3275 3472 τινὰ
3314 3417 3699 3489 μεσιτεύοντα,
3747 3415 3838 3470 καὶ

2250 3516 2363 3577 τοῖς
2395 3513 2546 3585 παρὰ
2573 3512 2709 3567 Θεοῦ
2746 3512 2924 3581 λόγοις
2949 3510 3321 3574 διακονοῦντα,
3342 3510 3486 3563 καθὰ
3507 3509 3606 3562 καὶ
3631 3508 3805 3562 πάλαι
3821 3524 3835 3537 ·

2254 3606 2415 3659 αὑτὸν
2440 3604 2498 3659 δὲ
2529 3605 2731 3677 μᾶλλον
2760 3605 2852 3658 τὸν
2878 3605 2945 3656 ὲκ
2967 3603 3102 3656 Θεοῦ
3139 3604 3233 3655 καὶ
3258 3601 3473 3673 [ἰατρὸς
3502 3600 3839 3669 γεννηθέντα

2251 3699 2443 3768 Λόγον,
2466 3699 2526 3750 ὲν
2550 3697 2680 3749 εῖδει
2708 3696 2785 3767 τῷ
2817 3695 2938 3750 καθ’
2960 3696 3110 3765 ἡμᾶς
3138 3694 3424 3763 γεγονότα,
3457 3693 3553 3745 καὶ
3587 3694 3645 3745 ὲν
3677 3692 3837 3761 σαρκὶ

2252 3789 2554 3860 πεφηνότα.
2609 3787 2710 3841 Διὰ
2742 3786 2903 3840 τοῦτο
2948 3786 3043 3841 xal
3079 3788 3137 3839 iw
3183 3784 3376 3856 εἰρήνῃ
3421 3782 3594 3853 πολλῇ
3632 3782 3707 3834 τά
3744 3781 3838 3850 τῆς

2263 3882 2595 3953 Ἐκκλησίας
2619 3879 2727 3933 εἰσὶ
2749 3879 2935 3943 τέκνα,
2968 3878 3069 3947 τῆς
3100 3876 3306 3948 μητρὸς
3329 3875 3490 3945 ἡμῶν
3517 3873 3837 3942 οἰκοδομου-

2256 3972 2426 4042 μένης
2458 3972 2516 4023 ὲν
2546 3968 2881 4039 δικαιοσύνῃ.
2906 3967 3046 4030 Τοὺς
3081 3967 3194 4037 γάρ
3220 3965 3359 4028 ὅλως
3383 3962 3521 4016 Θεοῦ
3547 3962 3837 4024 διόακτοὺς

2252 4060 2566 4131 γεγονότας,
2598 4059 3042 4131 καταλωὸήσαιτο
3068 4059 3113 4111 δ’
3141 4057 3209 4110 ἂν
3238 4056 3411 4118 οὐδεὶς
3440 4054 3555 4107 τῶν
3594 4070 3836 4121 κενοφω-

2253 4156 2366 4207 νεῖν
2404 4151 2695 4213 εἰωθότων,
2737 4148 3077 4221 εἰρηνεύουσι
3105 4148 3163 4201 δὲ
3193 4148 3329 4218 πρὸς
3370 4146 3519 4199 Θεὸν»
3537 4146 3733 4217 ἀγάπῃ
3771 4146 3836 4213 τῇ

2255 4246 2393 4316 πρὸς
2437 4243 2601 4297 αὐτὸν
2652 4241 3006 4313 συνδούμενα,
3053 4241 3151 4294 καὶ
3186 4243 3316 4302 τοὺς
3357 4239 3454 4308 τῆς
3487 4236 3837 4305 δικαιοσύνης

2249 4334 2493 4405 τιμῶντα
2514 4335 2747 4403 τρόπους
2765 4347 2782 4364 ο
2807 4330 3156 4401 οἱκοδομεέδὲ
3171 4329 3328 4383 τοῦτο
3348 4328 3447 4399 τὴν
3469 4327 3833 4397 Ἐκκλησίαν,

570 4422 707 4474 siam
768 4435 890 4475 esse
935 4420 1185 4486 dicimus,
1212 4436 1334 4492 quae
1388 4420 1638 4477 hostibus
1669 4421 1930 4476 horribile
1975 4435 2141 4475 cornu

2253 4427 2347 4481 καὶ
2386 4426 2448 4480 τὸ
2473 4424 2825 4497 άκραδάντως
2855 4422 3001 4494 ἐχειν
3025 4422 3163 4491 αὐτῇ
3198 4416 3676 4491 πραγματεύεται,
3706 4417 3834 4485 Χριρ

569 4512 750 4584 erigit,
806 4514 1260 4583 quemadmodum
1307 4513 1561 4569 videlicet
1584 4513 1879 4581 ,unicornis
1929 4513 2145 4568 caeteris

2253 4517 2380 4572 στοῦ
2417 4515 2861 4581 συνασπίζοντος,
2900 4515 2995 4568 καὶ
3031 4513 3092 4566 τὸ
3123 4511 3436 4582 άκλονήτως
3473 4509 3622 4580 ἔχειν
3648 4508 3833 4578 νέμον.

570 4603 733 4657 etiam
758 4605 1141 4660 animantibus.
1179 4604 1421 4659 Fundata
1457 4613 1542 4659 est
1585 4604 1729 4660 enim
1768 4604 1819 4658 in
1867 4605 2141 4659 aeternita-

2252 4627 2341 4673 τος
2368 4610 2539 4680 αύτῇο
2571 4608 2745 4662 Πύλαι
2776 4608 2887 4678 γὰρ
2919 4605 3068 4677 ᾆδον,
3102 4604 3288 4675 φησὶν,
3316 4602 3377 4655 ού
3408 4598 3834 4670 κατισχύσουσιν

573 4705 681 4751 tem
712 4711 740 4751 a
770 4696 1010 4752 Christo.

2261 4698 2448 4768 αὐτῆς.
2483 4698 2797 4769 Γέγραπται
2841 4696 2950 4766 γὰρ
2985 4694 3080 4748 καὶ
3121 4694 3181 4746 ὲν
3212 4690 3379 4761 βίϐλῳ
3408 4689 3662 4759 Ψαλμῶν
3711 4687 3833 4755 περὶ

570 4788 773 4859 αὐτῆς*
802 4806 820 4839 ι
852 4788 964 4841 Kal
1032 4788 1381 4859 ᾠκοδόμησεν
1413 4786 1491 4850 ὡς
1530 4787 1902 4857 μονοκέρωτος
1969 4786 2031 4839 τὺ
2098 4787 2348 4857 άγίασμα
2387 4786 2574 4854 αὐτοῦ,
2620 4787 2701 4849 είς
2739 4786 2839 4857 τὴν
2880 4785 2985 4855 γῆν
3036 4780 3398 4853 ὲθεμελίωσεν
3426 4777 3602 4847 αὐτὴν
3633 4778 3714 4839 είς
3745 4775 3834 4828 τὸν

572 4882 765 4937 αἰῶνα.
803 4901 821 4934 ι
865 4882 1141 4952 Ἀγίασμα
1187 4882 1245 4935 δὲ
1288 4882 1452 4935 αὑτοῦ
1498 4882 1597 4954 τὴν
1644 4880 1974 4948 Ἐκκλησίαν
2041 4876 2181 4933 εἶναι
2244 4898 2445 4953 φαμεν,
2480 4882 2515 4952 ἢ
2563 4881 2659 4934 καὶ
2682 4879 2990 4948 ἀπόϐλητον
3019 4876 3223 4947 ἐγείρει
3257 4875 3370 4934 τοῖς
3406 4871 3629 4942 ἐχθροῖς
3658 4868 3722 4922 τὸ
3743 4867 3833 4921 xi-

583 4991 706 5051 ρτς,
751 4973 847 5027 καὶ
890 4973 1142 5045 καθάπερ
1197 4974 1389 5044 ἀμέλει
1436 4975 1529 5027 καὶ
1572 4974 1602 5026 6
1654 4972 1964 5044 μονόκερως
2010 4976 2124 5036 τοῖς
2162 4972 2372 5045 ἑτέροις
2431 4971 2543 5025 τῶν
2604 4970 2781 5036 ζώων.
2817 4968 3217 5041 Τεθεμελίωται
3255 4965 3363 5035 γάρ
3402 4963 3493 5026 εἰς
3524 4960 3623 5014 τὸν
3658 4959 3830 5013 αἰῶνα

588 5064 742 5135 παρὰ
767 5065 1026 5135 Χριστοῦ.

648 5158 813 5211 Vens.
866 5159 955 5211 Η.
1011 5159 1210 5214 Recede
1253 5160 1320 5213 ab
1351 5162 1553 5230 iniquo,
1587 5169 1638 5214 et
1684 5176 1785 5213 non
1818 5160 2053 5223 timebis,
2100 5167 2150 5213 et

582 5259 773 5305 tremor
802 5266 902 5303 non
931 5251 1369 5321 appropinquabit
1399 5252 1515 5304 tibi.
1548 5250 1687 5304 Ecce
1714 5251 1969 5322 proulyti
1997 5266 2147 5304 acce-

574 5338 699 5393 dent
729 5339 798 5392 ad
825 5349 876 5392 te
904 5356 995 5408 per
1016 5356 1116 5406 me,
1146 5349 1192 5396 et
1227 5341 1298 5394 ad
1324 5351 1373 5395 te
1401 5339 1723 5410 confugient.

647 5599 694 5632 “
724 5600 830 5655 lsa.
863 5613 984 5665 xm,
1022 5599 1111 5662 ll.
1148 5598 1234 5653 12.

2340 5148 2586 5219 Ἁπέχου
2628 5148 2747 5204 ἀπὸ
2788 5147 3024 5209 ἀδίκου,
3065 5142 3166 5198 καὶ
3210 5143 3283 5196 οὺ
3341 5139 3692 5209 φοϐηθήοῃ,
3735 5138 3833 5191 καὶ

2257 5239 2472 5309 τρόμος
2514 5241 2627 5294 οὐκ
2678 5238 2865 5309 ἐγγιεῖ
2901 5253 3023 5291 σοι.
3084 5232 3251 5289 Ἰδοὺ
3299 5230 3682 5300 προσήλυτοι
3751 5230 3832 5282 δι·

2258 5332 2627 5386 ελεύσονταί
2663 5332 2740 5401 (2)
2772 5347 2871 5385 σοι
2893 5329 2970 5382 δι’
2999 5322 3289 5393 ἐμοῦ,.καὶ
3311 5322 3409 5375 ἐπὶ
3442 5321 3519 5376 σὲ
3536 5321 3835 5389 καταφεύ-

2262 5424 2489 5489 ξονται.

1334 5600 1380 5630 ’⁰
1418 5597 1589 5656 lCur.
1631 5615 1714 5664 Ill,
1747 5599 1935 5654 11-15.
2010 5598 2054 5632 ’ί
2088 5598 2149 5654 Ηι

2252 5644 2255 5655 .
2291 5619 2345 5669 ι,
2386 5602 2435 5671 1,
2464 5602 2519 5658 2.
2596 5603 2662 5636 “‘
2691 5600 2880 5657 Matth.
2916 5615 3026 5667 sn,
3067 5599 3151 5655 18.
3228 5600 3274 5631 "
3305 5594 3447 5652 Psal.
3478 5607 3686 5658 Lxxvn,
3735 5588 3830 5644 69s

660 5756 735 5828 (l)
769 5756 1019 5832 Sapphir.
1054 5758 1219 5842 Hebr.
1256 5757 1440 5829 Ophir.
1483 5756 1581 5830 (2).
1612 5757 1775 5825 LXX,
1806 5755 2273 5831 προσελεύσονται.
