4140 6542
290 431 435 489 ’213

1420 418 1490 475 IN
1528 415 1764 473 ISAIAM-
1799 414 1930 469 LIB.
1974 412 2034 467 ν.
2065 408 2305 465 ΤΟΜυδ
2340 408 2403 462 ll.

3406 405 3545 456 1214

360 542 566 608 Εἰπὼν,
582 542 673 596 δτι·
695 541 877 610 τίθησι
903 537 1002 608 μὲν
1052 534 1154 588 τὸν
1179 532 1466 605 περίϐολον
1495 532 1662 599 αὐτῆς
1689 527 1869 590 λίθους

2046 523 2181 579 Cum
2210 521 2433 586 dixerit,
2464 533 2667 592 ponere
2698 532 2759 574 se
2790 514 3143 571 munitionem
3177 511 3295 581 ejus
3338 511 3548 580 lapides

287 635 609 697 ἐκλεκτοὺς,
662 634 870 693 πάντας
907 629 966 682 δέ
1005 627 1134 691 τοὺς
1169 624 1325 688 υἱοὺς
1373 624 1543 694 αὐτῆς
1589 620 1871 683 διδακτοὺς

289 725 453 789 Θεοῦ,
498 724 859 778 διαδείκνυσιν
900 718 1060 784 εὐθὺς
1104 720 1185 783 είς
1246 716 1419 787 πέρας
1464 714 1762 785 ἐκϐεϐηκὸς
1810 711 1871 764 τὸ

296 814 738 889 ἐπηγγελμένον..
777 809 1145 879 Μυσταγωγεϊ
1169 807 1280 879 γὰρ
1308 806 1458 860 ὥσπε
1469 822 1519 875 ρ,
1553 805 1615 858 οὐ
1656 805 1751 858 διὰ
1774 823 1872 876 με·

296 911 446 963 σίτου
491 908 658 971 τινος,
710 904 855 959 καθά
900 903 996 957 καὶ
1041 900 1215 956 πάλαι
1252 896 1341 953 διὰ
1384 897 1649 962 Μωσέως,
1704 897 1872 967 ἤγουν

293 1000 496 1071 ἐτέρων
536 998 646 1051 τῶν
682 996 852 1064 ἁγίων
878 990 1196 1065 προφητῶν,
1221 990 1288 1044 δι’
1323 987 1519 1042 ἑαυτοῦ
1548 988 1604 1039 δὲ
1638 986 1861 1057 μᾶλλον,

291 1092 413 1163 ἦτοι
438 1089 622 1160 φωνῆς
650 1080 919 1149 ίδίας.Ἦν
940 1083 1055 1153 γάρ
1088 1080 1649 1145 τοῦτοτὸ,ιἜσονται
1673 1079 1872 1142 πάντες

292 1182 534 1237 διδακτοὶ
556 1177 715 1231 Θεοῦ.
743 1196 765 1229 s
779 1175 1044 1246 Γέγραφε
1054 1173 1112 1226 δὲ
1133 1172 1229 1227 καὶ
1251 1173 1280 1225 ὁ
1305 1168 1613 1239 σοφώτατος
1639 1167 1869 1232 Παῦλος,

290 1274 376 1327 ὃτι
404 1268 764 1341 «Πολυμερῶς
819 1265 913 1320 καὶ
946 1263 1301 1334 πολυτρόπως
1357 1261 1529 1315 πάλαι
1562 1261 1591 1312 ὁ
1613 1258 1745 1322 Θεὸς
1776 1259 1872 1311 λα-

290 1364 463 1435 λήσας
475 1364 587 1425 τοῖς
614 1359 898 1430 πατράσιν.
922 1359 980 1410 ἐν
1012 1357 1133 1418 τοῖς,
1154 1353 1490 1425 προφήταις,
1518 1350 1607 1404 ἐπ’
1639 1350 1871 1420 ἐσχάτου

291 1454 403 1509 τῶν
427 1452 655 1524 ἡμερῶν
684 1449 891 1505 τούτων
921 1447 1185 1517 ἐλάλησεν
1210 1446 1343 1516 ἡμῖν
1377 1445 1435 1499 ἐν
1460 1442 1597 1514 Υίῷ,
1614 1440 1672 1495 ὃν
1698 1441 1867 1513 ἔθηκε

292 1545 632 1615 κληρονόμον
674 1541 914 1605 πάντων,
945 1539 1013 1593 δι’
1043 1532 1104 1592 οὗ
1143 1537 1247 1590 καὶ
1280 1535 1410 1598 τοὺς
1437 1534 1641 1597 αίῶνας
1684 1534 1874 1604 ἐποίη-

293 1650 409 1689 σεν.
446 1651 467 1684 ι
521 1630 732 1685 οὐκοῦν
787 1628 855 1682 δι’
908 1625 1103 1682 ἐαυτοῦ
1149 1624 1260 1679 τῶν
1305 1621 1517 1677 αίώνων
1568 1624 1597 1675 ὁ
1642 1622 1874 1693 ποιητὴς

292 1722 574 1792 ἐξυφαίνει
619 1720 718 1784 τὰς
755 1718 1144 1788 μυσταγωγίας
1170 1719 1286 1781 τοῖς
1310 1716 1380 1769 δι’
1404 1714 1573 1770 αὑτοῦ
1600 1713 1874 1784 κεκλημέ-

290 1831 405 1878 νοις
434 1815 512 1877 είς
536 1813 636 1882 τὴν
664 1811 754 1867 διὰ
780 1811 1019 1873 πίστεως
1063 1808 1248 1880 χάριν.
1291 1808 1393 1861 Διά
1429 1805 1597 1860 τοῦτο
1626 1806 1722 1859 καὶ
1748 1807 1793 1877 ἡ,
1814 1806 1873 1858 ἐν

288 1898 633 1972 τῷᾌσματι
661 1897 770 1952 τῶν
815 1896 1077 1970 ᾀσμάτων
1114 1895 1441 1967 γραφομένη
1501 1893 1691 1966 νύμφη
1744 1893 1872 1965 περὶ

289 1991 458 2046 αὑτοῦ
507 1990 610 2045 πού
656 2008 791 2062 φησι
827 2008 841 2023 ο
879 2009 897 2043 t
929 1989 1218 2061 Φιλησάτω
1268 2004 1338 2059 με
1395 1985 1504 2040 ἀπὸ
1551 1985 1872 2056 φιλημάτων

292 2082 563 2153 στόματος
624 2081 814 2137 αὑτοῦ.
853 2100 874 2136 s
927 2080 1323 2151 Κατησπάζετο
1363 2076 1465 2148 μὲν
1509 2075 1619 2148 γάρ
1672 2075 1863 2146 ὥσπερ

291 2172 391 2224 καὶ
418 2170 584 2225 πάλαι
613 2170 703 2224 διὰ
733 2171 998 2241 στόματος
1023 2169 1187 2222 αὑτοῦ
1216 2166 1511 2238 προφητῶν
1541 2165 1733 2235 ἁγίων,
1768 2183 1871 2219 κα-

290 2260 400 2313 λῶν
424 2262 505 2325 είς
529 2262 827 2331 συνάφειαν
857 2261 954 2331 τὴν
994 2259 1129 2331 πρὸς
1161 2258 1322 2312 αὐτὸν
1359 2257 1425 2310 δι’
1470 2255 1742 2327 άγιασμοῦ
1772 2256 1868 2310 καὶ

289 2350 658 2421 δικαιοσύνης.
698 2351 918 2422 Ἐπειδὴ
958 2351 1015 2403 δὲ
1048 2348 1315 2421 προῆλθεν
1360 2347 1645 2418 ἄνθρωπος
1678 2348 1743 2401 ἐκ
1777 2363 1875 2415 γυ-

291 2442 499 2509 ναικὸς,
526 2441 635 2496 ἀπὸ
674 2441 997 2511 φιλημάτων
1020 2440 1285 2510 στόματος
1308 2436 1474 2492 αὑτοῦ
1502 2436 1871 2507 πεφιλήμεθα.

292 2533 480 2604 Στόμα
516 2532 625 2604 γὰρ
653 2532 790 2604 πρὸς
820 2532 995 2602 στόμα
1026 2531 1288 2601 λελάληκε
1329 2528 1467 2600 πρὸς
1503 2530 1672 2600 ἡμᾶς.
1703 2527 1876 2582 Ὅταν

290 2623 471 2677 τοίνυν
498 2623 735 2694 ἀπόσχῃ,
762 2623 944 2695 φησιν,
970 2622 1079 2675 ἀπὸ
1113 2621 1315 2684 παντὸς
1347 2618 1535 2674 ἀδίκου
1587 2618 1682 2673 καὶ
1710 2635 1876 2689 πονη-

293 2710 393 2785 ροῦ
428 2712 777 2783 πράγματος,
820 2711 941 2766 τότε
970 2713 1031 2764 οὐ
1062 2711 1371 2783 φοϐηθήσῃ,
1414 2711 1509 2765 καί¹
1534 2710 1736 2782 τρόμος
1770 2710 1872 2763 οῦκ

228 2828 233 2831 -
290 2803 470 2874 ἐγγιεῖ
499 2820 609 2857 σοισ
629 2803 735 2874 ἐστι
752 2802 863 2875 γάρ
894 2802 1168 2866 ἀνάλωτος
1190 2805 1303 2866 τοῖς
1330 2801 1566 2874 ἐχθροῖς,
1608 2802 1703 2855 καὶ
1732 2800 1878 2872 πέρα

294 2893 467 2963 φόϐου
495 2895 718 2957 παντὸς,
752 2893 857 2947 κᾶν
883 2893 1274 2959 ἐξοπλίζωνταί
1307 2910 1388 2947 σοι
1419 2891 1727 2966 καταδῃοῦν
1755 2891 1877 2947 ἐθέ-

293 2982 479 3048 λοντες
507 2984 615 3037 τῶν
639 2984 697 3037 ἐν
723 2984 912 3053 κόσμῳ
945 2984 1090 3047 τινὲς
1109 3024 1131 3050 ,
1164 2982 1426 3056 πλείστην
1455 2984 1588 3053 ὅσην
1625 2984 1880 3053 λαχόντες

291 3074 395 3146 τὴν
439 3074 778 3138 δυναστείαν,
813 3075 981 3144 ἧγουν
1027 3075 1082 3128 αἱ
1119 3074 1490 3145 άντικείμεναί
1524 3092 1583 3129 τε
1645 3076 1738 3128 καὶ
1775 3092 1876 3127 πο-

292 3166 461 3236 νηραὶ
513 3164 851 3237 δυνάμεις,ἢ
884 3166 1026 3236 τάχα
1055 3182 1161 3219 που
1198 3167 1291 3220 καὶ
1333 3166 1471 3219 αὐτὰ
1509 3166 1607 3237 τῆς
1645 3167 1876 3221 ἐκτόπου

290 3258 386 3312 καὶ
416 3259 668 3328 μυσαρᾶς
702 3256 895 3328 ἡδονῆς
929 3256 999 3311 τὰ
1038 3255 1280 3327 κύματα,
1309 3256 1547 3328 φέροντα
1577 3258 1704 3320 τοὺς
1749 3256 1873 3326 φιλ-

292 3350 694 3420 αμαρτήμονας
738 3349 818 3411 είς
868 3346 994 3418 ᾅδου
1039 3347 1312 3418 πυθμένα,
1363 3347 1458 3401 καὶ
1500 3348 1579 3411 είς
1611 3347 1743 3401 αὐτὸ
1775 3347 1875 3416 τῆς

293 3439 573 3503 ἀπωλείας
610 3438 670 3492 τὸ
694 3438 844 3492 κάτω
875 3437 1171 3509 βάραθρον.
1216 3438 1272 3492 Ἀ
1284 3438 1548 3511 ξιόληπτα
1568 3438 1749 3493 τοίνυν
1776 3439 1875 3510 τῆς

293 3530 643 3598 δικαιοσύνης
682 3530 752 3584 τά
794 3531 957 3602 γέρα,
1000 3531 1096 3585 καὶ
1121 3530 1365 3602 λαμπροί⁹
1399 3531 1497 3601 μὲν
1527 3530 1647 3585 λίαν
1679 3532 1726 3584 οί
1757 3530 1876 3584 στέ-

291 3638 484 3691 φανοι,
525 3621 954 3693 τεθαυμασμένη
1004 3622 1063 3675 δέ
1117 3622 1271 3693 παρά
1316 3638 1379 3692 γε
1430 3623 1544 3685 τοῖς
1585 3622 1875 3694 άρτίφροσι

290 3712 400 3766 τῶν
431 3712 820 3781 πνευματικῶν
846 3711 1200 3783 χαρισμάτων
1227 3714 1269 3784 η
1294 3713 1875 3784 κτῆσις.ηΠροσεπάγει

292 3804 349 3859 δέ
370 3823 426 3863 τι
450 3806 545 3858 καὶ
562 3804 749 3873 ἕτερον
764 3821 778 3835 °
809 3805 942 3858 Ἰδοὺ
963 3804 1290 3874 προσήλυτοι
1307 3803 1759 3875 προσελεύσονταί
1784 3820 1864 3856 σοι

293 3896 364 3950 δι’
391 3895 550 3966 ἐμοῦ,
576 3896 672 3949 καὶ
700 3896 793 3948 ἐπὶ
834 3895 893 3948 σὲ
926 3894 1380 3963 καταφεύξονται.
1402 3892 1784 3965 Προσηλύτους
1814 3892 1875 3947 δέ

297 4006 485 4060 φησιν,
519 3988 553 4059 ἢ
580 3988 706 4051 τοὺς
735 3989 794 4042 ἐν
824 3987 1040 4058 ἑκάστῳ
1079 3986 1255 4056 καιρῷ
1303 3985 1628 4054 προσιόντας
1660 3985 1764 4057 τὴν
1792 3984 1878 4037 πί-

295 4097 413 4135 στιν
463 4081 558 4134 καὶ
593 4079 961 4151 καλουμένους
1008 4078 1066 4145 ἐξ
1122 4080 1315 4141 ἐθνων,
1362 4078 1396 4147 ἢ
1434 4076 1576 4147 τάχα
1625 4093 1728 4130 που
1783 4076 1879 4130 καὶ

292 4173 493 4236 αὐτοὺς
524 4173 651 4235 τοὺς
703 4172 762 4238 ἐξ
812 4171 1052 4242 Ἰσραὴλ,
1094 4171 1144 4223 οἳ
1183 4168 1414 4224 κατόπιν
1454 4169 1726 4223 τέθεινται
1770 4167 1878 4221 τῶν

293 4262 486 4327 ἐθνῶν,
533 4263 711 4317 καίτοι
762 4261 860 4333 τὴν
912 4260 1143 4333 πρώτην
1183 4259 1399 4331 ἔχοντες
1456 4259 1632 4323 τάξιν,
1683 4259 1776 4312 καὶ
1828 4258 1883 4312 οἵ

293 4353 670 4425 προσηλῦτους
723 4353 1007 4424 δεχόμενοι
1042 4352 1170 4416 τοὺς
1203 4352 1269 4404 ἐκ
1308 4350 1516 4421 πλάνης
1554 4351 1874 4423 Ἑλληνικῆς

293 4443 434 4515 πρὸς
482 4444 616 4498 Θεὸν
655 4443 1119 4515 ἐπιστρέφοντας,
1154 4442 1308 4497 αὐτοὶ
1341 4442 1675 4515 προσήλυτοι
1714 4444 1875 4512 γεγό-

1972 615 2193 678 electos,
2229 628 2527 683 omnesque
2565 611 2705 666 ﬁlios
2735 606 2852 677 ejus
2882 606 3068 661 doctos
3092 618 3131 663 ,a
3164 606 3305 659 Deo:
3340 601 3524 657 statim

1973 710 2207 765 ostendit
2233 710 2377 779 quod
2406 706 2732 778 promissum
2754 710 2859 768 est,
2888 701 2956 755 ad
2978 699 3181 755 exitum
3204 695 3540 766 pervenisse.

1974 801 2245 874 Mysteriis
2278 801 2425 856 enim
2476 798 2599 854 suis
2623 796 2803 852 initiat
2833 804 2887 850 et
2919 791 3099 848 erudit
3126 805 3261 854 non,
3287 799 3544 857 tanquam

1975 911 2075 965 per
2121 893 2360 949 medium
2412 891 2712 961 quoddam,
2761 887 2924 944 sicuti
2965 886 3096 941 olim
3143 899 3237 953 per
3284 881 3544 953 Moysem.

1975 996 2070 1041 aut
2128 985 2293 1040 alium
2342 999 2374 1038 e
2422 981 2626 1038 sanctis
2680 978 2982 1051 prophetis,
3026 975 3123 1031 sed
3167 989 3263 1040 per
3305 974 3545 1041 seipsom

1974 1077 2181 1148 potius,
2204 1090 2299 1131 seu
2329 1089 2460 1130 voce
2492 1073 2733 1144 propria.
2777 1070 2913 1125 lllud
2953 1069 3098 1122 enim
3136 1066 3241 1120 hoc
3273 1064 3548 1129 signiﬁca-

1975 1170 2063 1223 bat
2095 1187 2110 1224 :
2142 1187 2160 1221 ι
2197 1168 2373 1223 Erunt
2408 1180 2598 1221 omnes
2626 1163 2772 1218 docti
2805 1176 2833 1214 a
2865 1160 2974 1214 Deo
2995 1158 3062 1213 ⁸³.
3095 1178 3114 1210 ›
3148 1158 3378 1226 Scripsit
3417 1156 3545 1209 item

1974 1259 2410 1330 sapientissimus
2460 1257 2663 1311 Paulus
2708 1268 2729 1309 :
2778 1273 2807 1305 ι
2853 1249 3205 1305 Multifariam
3256 1246 3548 1313 multisque

1975 1354 2149 1409 modis
2179 1352 2307 1408 olim
2331 1353 2473 1407 Deus
2502 1349 2712 1405 loeutus
2738 1354 2822 1400 est
2849 1341 3125 1414 patribus,
3146 1340 3200 1395 in
3227 1336 3503 1409 prephetis
3530 1353 3544 1389 :

1974 1446 2238 1502 extremis
2268 1454 2450 1501 autem
2489 1444 2643 1499 hisee
2671 1441 2866 1497 diebus
2903 1439 3117 1494 locutus
3156 1443 3247 1489 est
3286 1430 3445 1486 nobis
3492 1430 3547 1484 in

1972 1538 2148 1605 Filio,
2184 1552 2344 1607 quem
2388 1535 2571 1606 posuit
2619 1530 2884 1588 haeredem
2935 1527 3205 1592 omnium,
3247 1539 3342 1593 per
3388 1534 3547 1590 quem

1975 1630 2139 1686 etiam
2190 1627 2320 1684 fecit
2372 1627 2569 1683 saecula
2597 1626 2664 1680 “.
2719 1643 2737 1676 ι
2781 1621 3013 1677 Proinde
3050 1633 3149 1688 per
3199 1614 3548 1684 semetipsum

1983 1720 2210 1776 eﬂ'ector
2253 1717 2576 1775 saeculorum
2633 1712 2869 1787 pertexit
2912 1709 3277 1784 mystagogias
3318 1706 3404 1761 his
3456 1704 3548 1774 qui

1977 1827 2073 1882 per
2106 1817 2283 1882 Ipsum
2314 1810 2490 1866 vocati
2535 1816 2664 1864 sunt
2694 1807 2763 1861 ad
2806 1805 2947 1861 hanc
2978 1818 3074 1873 per
3105 1800 3263 1855 (idem
3292 1797 3545 1869 gratiam.

1977 1903 2277 1973 Propterea
2303 1916 2506 1971 sponsa
2539 1914 2661 1969 qum
2693 1898 2746 1952 in
2777 1895 3004 1952 Cantico
3035 1892 3373 1949 canticorum
3437 1888 3538 1943 de-

1974 1994 2173 2062 scripta
2204 2002 2308 2057 est,
2341 1993 2407 2046 de
2430 2007 2496 2046 eo
2518 1989 2684 2045 dicit:
2711 2006 2732 2041 ι
2770 1985 3057 2044 Osculetur
3108 1999 3196 2040 me
3225 1979 3410 2039 osculo
3436 1977 3551 2034 oris

1974 2084 2058 2140 sui
2084 2084 2160 2139 ⁸⁸.
2186 2102 2207 2137 s
2250 2081 2604 2152 Amplexatus
2656 2088 2740 2135 est
2781 2079 2927 2134 enim
2976 2076 3147 2132 veluti
3179 2091 3275 2131 ore
3324 2086 3549 2127 suorum

1976 2182 2289 2231 sanctorum
2322 2172 2733 2241 prophetarum,
2762 2182 2973 2222 vocans
2993 2168 3060 2220 ad
3085 2165 3399 2220 aliinitatem
3425 2177 3548 2217 cum

1976 2266 2117 2335 ipso,
2146 2279 2243 2335 per
2268 2262 2760 2320 sanctiﬁcationem
2789 2270 2845 2314 et
2867 2258 3158 2328 justitiam.
3189 2255 3549 2322 Posteaquam

1973 2373 2107 2413 vero
2137 2357 2338 2426 prodiit
2376 2355 2538 2409 homo
2570 2355 2637 2409 de
2672 2352 2920 2414 muliere.
2958 2348 3147 2405 osculo
3180 2347 3292 2401 oris
3328 2346 3410 2399 sui
3454 2359 3552 2398 nos

1974 2448 2248 2504 osculatus
2290 2455 2393 2501 est.
2441 2445 2549 2499 Ore
2604 2445 2749 2498 enim
2781 2443 2847 2496 ad
2898 2457 2962 2496 os
2997 2455 3094 2494 nos
3137 2446 3220 2493 est
3264 2438 3549 2490 allocutus.

1976 2540 2202 2609 Quando
2225 2538 2411 2617 igitur,
2432 2536 2628 2606 inquit,
2653 2534 2721 2587 ab
2747 2534 2891 2588 omni
2916 2531 3183 2600 injustitia
3235 2526 3550 2593 recesseris,

1977 2639 2033 2686 et
2058 2646 2091 2685 a
2121 2629 2285 2685 rebus
2320 2628 2476 2683 malis
2506 2645 2521 2681 :
2552 2638 2664 2680 tum
2697 2634 2802 2679 non
2844 2622 3082 2684 timebis,
3113 2629 3164 2673 et
3212 2628 3416 2671 tremor
3445 2632 3550 2670 non

1976 2719 2431 2792 appropinquabit
2480 2716 2601 2772 tibi.
2648 2713 2761 2771 Nec
2785 2714 2929 2769 enim
2965 2713 3075 2768 eris
3108 2710 3355 2767 hostibus
3384 2721 3552 2776 expo—

1975 2815 2135 2879 situs,
2168 2821 2224 2868 et
2249 2821 2402 2867 extra
2428 2824 2641 2865 omnem
2671 2817 2876 2863 metunt
2910 2806 3041 2869 eris,
3073 2802 3288 2857 etiamsi
3328 2800 3550 2870 quidam

1976 2904 2033 2958 in
2080 2903 2283 2958 mundo
2316 2909 2600 2956 armentur
2634 2909 2825 2955 contra
2863 2907 2937 2963 te,
2969 2907 3024 2953 et
3062 2896 3246 2951 delere
3285 2899 3553 2957 statuant,

1985 3010 2197 3051 summa
2231 3002 2506 3065 potestate
2545 2992 2757 3061 praditi
2781 3008 2798 3047 :
2826 2990 2910 3045 vel
2935 2990 3100 3044 etiam
3133 2985 3461 3042 adversariae
3489 2998 3555 3037 ac

1981 3086 2135 3140 mala:
2160 3092 2495 3155 potestates;
2530 3084 2615 3139 vel
2652 3083 2905 3139 fortassis
2935 3082 3091 3138 lceda:
3120 3096 3185 3143 ac
3221 3077 3553 3135 detestandae

1981 3177 2277 3245 voluptatis
2322 3176 2536 3241 ﬂuctus,
2581 3175 2747 3245 77o
2770 3174 2861 3243 qui
2886 3173 3032 3228 vitiis
3076 3171 3286 3227 deditos
3334 3170 3386 3223 in
3435 3167 3553 3224 orci

1982 3268 2333 3338 profundum,
2364 3276 2421 3323 et
2446 3268 2498 3321 in
2528 3269 2701 3337 ipsum
2728 3266 2880 3322 exitii
2910 3264 3227 3320 barathrum
3253 3260 3552 3329 abripiunt.

1973 3360 2205 3417 Jnstitia:
2237 3374 2368 3430 ergo
2398 3360 2689 3415 honoraria
2735 3359 2894 3427 digna
2925 3364 3055 3413 sunt
3087 3370 3211 3425 qua:
3251 3352 3557 3422 apprehen-

1977 3456 2199 3518 dantur,
2232 3464 2286 3510 et
2318 3469 2535 3508 coronae
2571 3452 2955 3507 illustrissimae
2987 3464 3001 3501 :
3031 3459 3086 3503 et
3123 3446 3444 3501 admiranda
3470 3451 3556 3498 est

1976 3546 2215 3603 cordatis
2253 3546 2566 3601 hominibus
2615 3543 2978 3613 spiritualium
3029 3542 3293 3594 donorum
3340 3550 3555 3606 posscs-

1976 3636 2078 3691 sio.
2150 3633 2386 3690 Adducit
2440 3643 2495 3687 et
2553 3635 2696 3688 aliud
2747 3633 3050 3702 quiddam:
3102 3631 3240 3683 Ecce
3292 3624 3553 3696 proselyti

1978 3726 2238 3781 accedent
2267 3727 2334 3780 ad
2371 3736 2424 3780 te
2463 3741 2558 3792 per
2588 3740 2694 3788 me,
2726 3735 2780 3778 et
2818 3724 2885 3777 ad
2918 3732 2969 3776 te
2997 3720 3329 3789 confugient.
3362 3716 3555 3771 Prose-

1979 3818 2121 3888 lytos
2145 3827 2326 3879 vocat,
2346 3816 2433 3872 vel
2455 3818 2650 3885 quovis
2672 3825 2913 3883 tempore
2942 3814 3267 3868 accmh-ntcs
3282 3810 3348 3863 ad
3374 3810 3556 3870 Iidem,

1978 3918 2033 3964 et
2064 3917 2292 3963 vocatos
2335 3923 2402 3963 ex
2449 3908 2727 3975 gentibus,
2759 3907 2842 3959 vel
2877 3906 3042 3959 etiam
3090 3903 3231 3957 forte
3279 3898 3557 3954 lsraelitas

1980 4001 2151 4070 ipsos,
2175 4000 2267 4070 qui
2301 4001 2552 4070 gentibus
2585 3996 2868 4067 postpositi
2900 4004 3046 4058 sunt,
3075 3991 3288 4049 etiamsi
3320 3990 3555 4060 primum

1979 4091 2224 4147 ordinem
2254 4100 2545 4157 tenerent;
2582 4099 2636 4145 et
2666 4090 2756 4159 qui
2787 4096 3113 4157 acceperunt
3146 4083 3450 4154 proselytos
3488 4082 3557 4135 ab

1981 4199 2172 4241 errore
2212 4186 2400 4255 gentili
2448 4185 2516 4240 ad
2563 4186 2730 4240 Deum
2784 4197 3065 4247 reversos,
3101 4181 3206 4251 ipsi
3257 4177 3386 4232 l'acti
3429 4185 3559 4232 sunt

1981 4273 2243 4345 proselyti
2281 4275 2521 4345 gentium
2552 4292 2568 4331 :
2602 4283 2844 4328 attamen
2877 4272 3041 4326 etiam
3075 4286 3170 4339 per
3197 4268 3474 4324 Christum
3505 4265 3559 4320 id

1982 4365 2262 4419 consecuti
2315 4375 2464 4421 sunt.
2500 4364 2614 4420 lloc
2639 4365 2785 4419 enim
2821 4361 3093 4433 signiﬁcat
3132 4360 3283 4424 illml,
3319 4373 3416 4429 per
3450 4372 3557 4411 me.

1983 4452 2087 4507 Per
2113 4454 2288 4524 ipsum
2311 4456 2581 4525 siquidem
2603 4456 2847 4510 onmium
2875 4464 2962 4509 est
2988 4452 3227 4507 reversio
3252 4460 3305 4505 et
3328 4450 3557 4512 vocatio,

293 4552 417 4589 νασι
456 4536 565 4589 τῶν
602 4536 803 4599 ἐθνῶν,
835 4536 975 4603 πλὴν
1009 4538 1105 4590 καὶ
1136 4535 1295 4589 τοῦτο
1338 4535 1428 4590 διά
1474 4536 1735 4607 Χριστοῦ.
1772 4536 1873 4607 Ση-

1979 4544 2119 4597 etad
2153 4544 2317 4599 Deum
2346 4560 2411 4600 ac
2436 4545 2646 4598 Patrem
2681 4558 2953 4599 accessus.
2986 4561 3005 4594 ι
3037 4541 3204 4595 Nemo
3232 4540 3401 4602 enim,
3426 4558 3445 4591 ι
3480 4539 3560 4591 in-

299 4627 478 4699 μαίνει
501 4629 611 4700 γάρ
632 4628 790 4683 τοῦτο
812 4628 892 4694 τὸ,
911 4629 979 4682 δι’
1003 4627 1160 4698 ἐμοῦ.
1180 4629 1260 4682 Δι’
1286 4627 1450 4682 αὑτοῦ
1473 4629 1582 4700 γάρ
1598 4629 1632 4699 ἡ
1661 4628 1878 4683 πάντων

304 4721 609 4791 ἐπιστροφή
632 4737 710 4801 τε
752 4720 848 4774 καὶ
909 4719 1136 4789 κλῆσις,
1181 4720 1278 4772 καὶ
1321 4721 1354 4789 ἡ
1401 4720 1537 4790 πρὸς
1584 4719 1718 4774 Θεὸν
1782 4720 1880 4774 καὶ

1986 4636 2125 4705 quit,
2150 4655 2168 4688 ι
2192 4638 2336 4693 venit
2355 4640 2421 4691 ad
2440 4637 2673 4699 Patrem,
2697 4636 2797 4692 nisi
2828 4651 3025 4703 perme
3062 4635 3128 4688 ’⁸.
3155 4652 3172 4685 ι
3206 4633 3272 4686 Ει
3296 4647 3511 4686 rursum
3541 4646 3555 4681 :

1986 4743 2005 4776 ι
2042 4725 2154 4797 Ego
2178 4743 2299 4781 sum
2328 4730 2412 4782 via
2430 4730 2519 4791 ²⁶”,
2558 4748 2577 4780 ι
2615 4738 2690 4793 ει,
2731 4747 2749 4779 ι
2787 4727 2900 4797 Ego
2928 4726 3147 4781 ostimn.
3173 4725 3257 4757 '°"
3288 4743 3307 4773 ι

305 4809 525 4881 Πατέρα
541 4810 796 4881 πρόσοδος
822 4809 920 4882 [αἶα
943 4808 1205 4881 πρόοδος]α
1242 4808 1461 4873 «Οὐδεὶς
1489 4808 1851 4879 γάρνὲρκεται,
1885 4830 1904 4864 s
1937 4817 2093 4887 φησὶ,
2129 4838 2146 4870 s
2177 4818 2312 4889 πρὸς
2337 4818 2430 4872 τὸν
2460 4819 2696 4891 Πατέρα,
2728 4820 2779 4871 εί
2811 4816 2886 4889 μὴ
2916 4817 2965 4869 δι
3007 4813 3194 4885 ἐμοῦ.»
3228 4813 3337 4866 Καὶ
3363 4811 3524 4865 πάλιν
3543 4826 3558 4841 ο

304 4924 325 4957 ι
376 4904 516 4972 Ἐγώ
544 4906 659 4974 είμι
681 4907 714 4974 ὴ
744 4904 890 4967 ὁδός·
921 4924 939 4957 ι
967 4905 1082 4967 καί,
1118 4922 1137 4955 r
1160 4901 1300 4971 Ἐγὼ
1323 4905 1357 4974 ἡ
1390 4903 1549 4974 θύρα.
1591 4924 1609 4955 ι

383 4992 543 5047 Ἰδοὺ
575 4994 691 5063 ἐγὼ
726 4990 897 5054 κτίζω
935 4993 1014 5065 (1)
1051 5009 1161 5058 σε,
1197 4992 1297 5047 καὶ
1337 4995 1449 5063 οὐχ
1482 4994 1566 5061 ὡς
1612 4994 1881 5063 χαλκεὺς

298 5086 515 5156 φυσῶν
551 5085 870 5154 ἄνθρακας,
910 5086 1010 5140 καί
1056 5086 1329 5156 ἐκφέρων
1356 5088 1549 5155 σκεύη
1583 5089 1672 5155 είς
1711 5087 1876 5157 ἔργα.

310 5175 453 5244 Ἐγὼ
489 5174 558 5227 δὲ
601 5174 814 5230 ἐκτισά
858 5190 933 5230 σε
976 5178 1087 5232 οὐκ
1135 5181 1223 5245 εὶς
1268 5177 1574 5233 ἀπώλειαν
1618 5179 1874 5249 φθεῖραι.

298 5266 430 5322 Πᾶν
459 5265 691 5333 σκεῦος
728 5268 992 5336 φθαρτὸν
1025 5268 1102 5340 (9.)
1155 5268 1255 5331 dar)
1294 5268 1371 5324 σὲ
1419 5271 1532 5324 οὐκ
1577 5267 1878 5336 εὐοδώσω,

299 5355 402 5409 καὶ
427 5354 596 5411 πάσα
624 5356 795 5426 φωνὴ
827 5357 1239 5426 ἀναστήσεται
1276 5359 1376 5413 ἐπὶ
1420 5359 1497 5413 σὲ
1532 5361 1621 5427 είς
1653 5360 1877 5429 κρίσιν,

299 5447 537 5514 πάντας
559 5449 782 5516 αὐτοὺς
815 5449 1120 5518 ἡττήσεις,
1146 5454 1201 5506 οἱ
1228 5451 1297 5505 δὲ
1325 5452 1531 5520 ἔνοχοι
1556 5469 1674 5506 σσυ
1699 5451 1879 5507 ἔσον-

2065 4999 2228 5054 Vtms.
2262 4998 2354 5066 16,
2390 4998 2479 5054 l7.
2523 4997 2657 5052 Ecre
2688 5014 2779 5066 ego
2810 5013 2928 5050 creo
2955 5005 3024 5060 te,
3045 5004 3091 5049 et
3132 5011 3234 5047 non
3259 5002 3311 5047 ut
3338 4991 3562 5047 aerarius

1986 5090 2213 5160 sufflans
2240 5106 2457 5160 prunas,
2491 5096 2541 5142 et
2571 5086 2839 5155 proferens
2871 5102 2999 5140 vasa
3032 5085 3086 5139 iu
3122 5100 3271 5152 apus.
3308 5082 3419 5153 Ego
3460 5100 3562 5136 au-

1985 5193 2087 5236 tem
2121 5180 2292 5234 creaui
2321 5189 2391 5246 te,
2426 5196 2529 5233 non
2566 5181 2620 5233 in
2649 5178 2992 5245 perditionem
3050 5176 3363 5244 interﬁcere.
3390 5174 3557 5229 Omne

1979 5290 2068 5328 vas
2099 5281 2407 5341 corruptum
2440 5272 2494 5325 in
2535 5281 2583 5324 le
2627 5288 2731 5324 non
2770 5271 3087 5334 prosperabo
3115 5282 3133 5320 :
3161 5278 3210 5322 et
3252 5268 3421 5321 omnis
3462 5281 3563 5319 vos:

1978 5370 2155 5430 surget
2200 5370 2382 5415 contra
2432 5370 2481 5415 ιε
2513 5361 2566 5413 in
2605 5359 2904 5428 judicium;
2948 5374 3124 5412 omnes
3171 5374 3259 5411 eos
3292 5357 3486 5418 vinces,
3511 5362 3560 5408 ει

1976 5450 2189 5504 obnoxii
2239 5450 2316 5503 tui
2357 5458 2509 5502 erunt
2550 5448 2605 5501 iu
2665 5464 2761 5505 ea.
2812 5447 2905 5501 Est
2947 5445 3231 5502 hwreditas
3272 5442 3560 5498 colentibus

367 5623 415 5654 “
440 5623 544 5678 lsa.
576 5624 793 5691 uv,l5;
819 5622 976 5680 loan.
1014 5641 1088 5693 vr,
1116 5625 1204 5680 45.
1281 5627 1327 5658 ’³
1362 5626 1495 5683 lleb.
1527 5644 1564 5694 ι,
1604 5590 1746 5694 Ι,’2.
1823 5629 1870 5662 ⁸⁸

1977 5638 2052 5683 ιιι.
2088 5643 2124 5682 ι.
2164 5628 2212 5681 1.
2286 5626 2333 5657 ⁸⁸
2360 5624 2517 5681 Joan.
2545 5641 2656 5694 χεν,
2691 5626 2746 5682 6.
2814 5624 3036 5681 “‘lbid;
3116 5617 3381 5676 “"Joan.
3418 5631 3475 5686 κ,
3499 5612 3559 5676 9.

371 5794 447 5865 (1)
482 5790 644 5857 LXX,
675 5793 883 5862 ἐκτισα,
920 5806 972 5852 et
1009 5810 1152 5862 mox,
1189 5798 1380 5862 σκεῦος
1420 5800 1496 5863 εἰς
1526 5800 1703 5869 ἔργον.

2048 5801 2123 5870 (2)
2154 5797 2314 5861 LXX,
2347 5798 2659 5853 σκευαστόν.
