4140 6558
598 430 740 487 1215

1586 428 1643 482 S.
1687 425 1961 482 CYRILIJ
2003 422 2469 479 ALEXANDBINI
2508 424 2831 480 ARCHIEP.

3718 418 3868 479 ιειο

594 545 890 600 Dominum
936 563 954 599 :
993 553 1041 599 et
1088 560 1173 596 ros
1227 543 1375 595 erilis
1432 541 1561 594 mihi
1599 540 1759 610 justi,
1809 542 1936 593 dicit
1992 537 2174 591 Domi-

2282 554 2372 590 ται
2398 538 2468 590 ἐν
2512 537 2687 605 αὐτῇ.
2712 539 2882 592 Ἐστι
2906 537 3275 606 κληρονομία
3300 536 3427 601 τοῖς
3453 537 3866 604 θεραπεύουσι

602 652 719 690 nus.

673 807 859 863 Creari
905 806 1134 861 dicimus
1174 805 1227 862 in
1276 806 1362 862 his
1405 806 1622 872 verbis,
1676 807 2021 877 significare,
2067 822 2173 860 non

595 900 784 967 utique
808 899 876 952 ab
901 913 966 952 eo
996 897 1140 966 quod
1186 914 1291 953 non
1318 908 1424 968 est,
1453 900 1519 955 ad
1560 899 1613 954 id
1644 899 1787 969 quod
1814 908 1926 961 est,
1959 912 2177 965 proces-

595 1006 740 1045 sum.
771 989 1019 1058 Disputat
1048 990 1192 1043 enim
1225 990 1391 1046 veluti
1430 1006 1551 1046 cum
1585 992 1669 1046 his
1702 990 1793 1059 qui
1826 990 2085 1060 suntjam
2115 998 2171 1043 et

598 1081 906 1135 subsistunt
939 1099 952 1137 :
987 1080 1079 1136 sed
1115 1083 1295 1150 potius
1333 1084 1740 1137 renovationem
1784 1080 2035 1151 designat
2080 1096 2177 1151 per

531 1162 535 1165 ⁷
603 1170 864 1238 Spiritum
912 1182 1163 1225 sanctum
1189 1213 1203 1237 ,
1243 1180 1697 1227 transmutantem
1744 1172 1954 1241 aliquos
1987 1173 2053 1226 ad
2095 1172 2176 1225 in-

602 1260 875 1330 enlpatam
908 1271 963 1315 et
1003 1271 1252 1316 sanctam
1290 1264 1757 1317 conversationem
1788 1273 1953 1332 atque
1985 1263 2171 1317 vitam.

607 1352 700 1406 Sic
740 1354 883 1407 enim
926 1369 1115 1409 creare
1161 1356 1362 1410 dicitur
1398 1355 1653 1410 Christus
1679 1357 1813 1411 duos
1853 1357 2077 1425 populos
2120 1358 2173 1410 in

605 1452 770 1496 unum
799 1458 997 1498 novum
1036 1445 1311 1502 hominem
1333 1486 1348 1511 ,
1390 1446 1601 1501 faciens
1637 1461 1857 1517 pacem,
1890 1456 1946 1501 et
1985 1460 2176 1502 recon-

603 1532 799 1590 cilians
830 1538 1018 1591 ambos
1050 1536 1102 1589 in
1138 1551 1248 1591 uno
1282 1552 1512 1607 corpore
1539 1553 1660 1593 cum
1700 1539 1883 1593 Patre.
1916 1539 2177 1596 Hortatur

601 1626 765 1681 etiam
822 1642 919 1683 nos
970 1628 1404 1696 sapientissimus
1450 1629 1681 1694 Paulus,
1752 1631 1832 1685 sic
1879 1633 2171 1688 scribens:

610 1734 631 1769 ι
679 1717 855 1772 Nolite
884 1719 1211 1774 conformari
1259 1720 1459 1775 saeculo
1491 1720 1639 1785 huic,
1678 1724 1772 1776 sed
1816 1722 2173 1778 transforma-

604 1809 737 1862 mini
779 1793 1130 1865 renovatione
1173 1813 1371 1866 mentis
1411 1820 1626 1877 vestras,
1666 1822 1726 1866 ut
1770 1814 2011 1882 probetis
2053 1829 2169 1880 vos,

602 1912 724 1969 quas
754 1900 825 1955 sit
867 1901 1116 1957 voluntas
1148 1901 1247 1956 Dei
1278 1904 1417 1957 bona
1443 1913 1497 1959 et
1527 1913 1745 1974 accepta
1764 1906 1829 1959 ⁸⁷.
1866 1924 1888 1958 ι
1912 1904 2172 1962 labentur

601 1991 764 2046 etiam
795 2006 994 2048 exuere
1024 2003 1263 2048 veterem
1294 1995 1591 2060 hominem,
1618 2004 1673 2051 et
1698 1996 1923 2052 induere
1946 2014 2171 2065 novum,

603 2093 926 2136 renovatum
964 2083 1031 2139 ad
1079 2084 1369 2154 imaginem
1410 2084 1527 2155 ejus
1568 2086 1660 2155 qui
1707 2100 1828 2142 eum
1875 2087 2172 2143 creavit“.

604 2168 747 2224 Creo
782 2170 966 2240 igitur,
1016 2171 1212 2239 inquit,
1255 2182 1327 2241 te,
1374 2189 1483 2231 non
1512 2185 1571 2231 ut
1608 2176 1772 2232 homo
1813 2176 2059 2245 aerarius,
2107 2192 2175 2233 ex

606 2263 831 2316 materia
874 2276 1000 2318 vasa
1028 2264 1324 2320 conficiens
1354 2266 1513 2337 771
1545 2267 1921 2331 instrumentis
1943 2278 1999 2323 et
2024 2269 2130 2339 igni
2161 2290 2174 2325 :

606 2351 701 2407 sed
733 2352 987 2408 ineffabili
1018 2357 1250 2426 quadam
1288 2367 1343 2413 et
1371 2359 1693 2430 intelligibili
1726 2363 2179 2417 transmutatione

607 2451 663 2496 et
714 2443 1134 2513 reformatione,
1180 2458 1235 2503 et
1275 2450 1420 2504 velut
1460 2451 1811 2507 renovatione
1860 2453 2126 2522 spirituali
2163 2475 2175 2510 :

607 2548 771 2603 quam
798 2537 964 2590 etiam
1000 2538 1116 2608 ipse
1154 2539 1413 2597 Servator
1452 2543 1746 2613 aliquando
1782 2547 2053 2614 expressit
2086 2547 2180 2603 Ni-

608 2627 855 2696 codemo,
907 2630 1142 2686 dicens:
1176 2651 1193 2685 ι
1224 2633 1428 2699 Amen,
1473 2651 1635 2691 amen
1680 2637 1801 2693 dico
1847 2640 2031 2703 vobis,
2073 2641 2176 2697 nisi

610 2719 735 2787 quis
766 2729 927 2775 natus
953 2724 1024 2776 sit
1050 2739 1117 2777 ex
1147 2741 1284 2794 aqua
1318 2735 1372 2781 et
1398 2726 1629 2798 Spiritu,
1660 2745 1766 2784 non
1793 2739 1967 2801 potest
1996 2734 2180 2789 videre

609 2826 833 2881 regnum
872 2815 963 2870 Dei
981 2818 1049 2870 ”.
1086 2837 1105 2871 ι
1142 2818 1261 2874 Nati
1307 2834 1497 2877 sumus
1535 2822 1681 2877 enim
1729 2841 1833 2879 non
1872 2841 1936 2881 ex
1977 2829 2180 2883 semine

611 2914 886 2974 corrupto,
920 2909 1012 2961 sed
1036 2924 1135 2977 per
1159 2906 1380 2965 verbum
1416 2912 1509 2967 Dei
1540 2914 1775 2970 viventis
1800 2928 1856 2971 et
1887 2919 2176 2972 manentis.

613 2994 707 3049 Sic
740 3005 885 3051 creat
914 2997 1185 3065 Christus,
1219 3003 1521 3059 relbrmans
1569 3019 1667 3074 per
1692 3006 2179 3063 sanctificationem

611 3100 707 3143 eos
740 3089 833 3159 qui
867 3090 921 3145 in
960 3092 1131 3161 ipsum
1157 3094 1407 3160 credunt,
1444 3105 1499 3149 et
1530 3096 1596 3150 ad
1625 3097 1858 3152 salutem
1894 3099 2177 3154 reducens.

2282 630 2532 696 Κύριον,
2578 630 2676 683 καί
2730 628 2901 699 ὑμεῖς
2945 627 3165 684 ἔσεσθέ
3224 642 3343 697 μοις
3384 628 3663 695 δίκαιοι,
3694 628 3867 696 λέγει

2278 722 2510 788 Κύριος.

2346 811 2421 864 Τὸ
2451 810 2732 875 κτίζεσθαί
2771 827 2952 881 φαμεν
2984 812 3044 863 ὲν
3078 810 3291 873 τούτοις
3340 808 3711 879 καταδηλοῖῆο,
3739 810 3867 879 οὐχὶ

2274 904 2443 974 δήπου
2484 905 2701 966 πάντως
2747 904 2846 975 τὴν
2886 906 2951 956 ὲκ
2993 902 3085 956 τοῦ
3153 905 3229 973 μὴ
3272 903 3428 965 ὄντος
3476 904 3559 964 είς
3599 901 3662 955 τὸ
3720 898 3865 954 eius

2278 994 2531 1065 πάροδον.
2593 995 2908 1062 Διαλέγεται
2951 993 3058 1063 γὰρ
3098 995 3175 1055 ὡς
3217 993 3357 1062 πρὸς
3409 992 3572 1055 ὄντας
3613 992 3721 1062 ἤδη
3768 994 3866 1045 καὶ

2278 1085 2669 1155 ὐφεστηκότας,
2709 1085 3103 1154 ἀνακαινισμδν
3141 1083 3199 1137 δὲ
3233 1084 3433 1154 μᾶλλον
3466 1082 3734 1150 ὑποδηλοί
3761 1082 3865 1134 τδν

2276 1176 2363 1230 διὰ
2392 1176 2485 1229 τοῦ
2523 1177 2677 1245 ἁγίου
2718 1177 3057 1246 Πνεύματος,
3083 1174 3563 1245 ἀναστονχειοῦντά
3588 1190 3749 1237 τινας
3784 1175 3868 1235 είς

2277 1270 2439 1339 ἁγίαν
2485 1269 2581 1322 καὶ
2622 1268 2923 1339 ἀμώμητον
2964 1268 3279 1332 πολιτείαν,
3325 1268 3422 1319 καὶ
3467 1266 3641 1335 ζωήν.
3695 1263 3870 1318 Οὕτω

2274 1362 2383 1433 γὰρ
2412 1362 2595 1415 κτίσαι
2636 1361 2856 1429 λέγεται
2896 1360 3131 1430 Χριστὸς
3176 1360 3305 1422 τοὺς
3331 1358 3427 1412 δύο
3449 1359 3616 1420 λαοὺς
3650 1358 3738 1419 είς
3764 1355 3869 1410 ἓν.

2275 1452 2461 1507 καινὸν
2484 1452 2785 1523 ἄνθρωπον,
2822 1451 2993 1505 ποιῶν
3025 1452 3271 1522 εἰρήνην,
3304 1449 3399 1503 καὶ
3431 1448 3866 1503 amnem:-

2277 1559 2387 1597 σων
2430 1544 2556 1606 τοὺς
2587 1542 2932 1614 ἀμφοτέρους
2974 1544 3031 1594 ὲν
3061 1542 3142 1593 ἑνὶ
3169 1539 3383 1609 σώματι
3426 1541 3567 1611 πρὸς
3596 1538 3695 1593 τδν
3738 1540 3859 1592 [Ια-

2272 1635 2427 1707 τέρα.
2454 1634 2753 1707 Παρεγγυᾷ
2775 1634 2831 1688 δὲ
2863 1635 2996 1704 ἡμῖν
3023 1633 3115 1685 καὶ
3132 1635 3161 1685 ὁ
3189 1632 3466 1699 πάνσοφος
3491 1629 3733 1693 Παῦλος,
3756 1629 3863 1681 ὡδὶ

2273 1726 2597 1802 γεγραφώς·
2635 1747 2654 1779 ι
2694 1728 2786 1796 Μὴ
2822 1724 3293 1797 συσχηματίζεσθε
3322 1724 3401 1795 τῷ
3449 1723 3609 1776 αἰῶνι
3657 1723 3866 1790 τούτῳ,

2276 1820 2412 1874 ἀλλά
2443 1816 2891 1890 μεταμορφοῦσθε
2917 1819 2985 1887 τῇ
3026 1813 3387 1868 ἀνακαινώσει
3410 1812 3505 1865 τοῦ
3538 1812 3661 1874 νοδς
3705 1810 3866 1879 ὑμῶν

2204 1875 2249 1930 Β
2277 1913 2357 1976 είς
2386 1875 2455 1963 si;
2492 1875 2807 1979 δοκιμάξειν
2840 1875 3018 1977 ὑμᾶς,
3054 1906 3108 1959 τί
3138 1906 3203 1958 τὸ
3228 1904 3442 1976 θέλημα
3483 1903 3582 1956 τοῦ
3800 1903 3868 1954 τὸ

2275 2001 2475 2071 ἀγαθὸν
2526 2002 2620 2053 καὶ
2674 2000 2987 2071 εὐάρεστον.
3030 2017 3049 2050 ι
3112 1995 3579 2068 Προστετάγμεθα
3638 1995 3701 2047 δὲ
3760 1994 3863 2047 καὶ

2277 2091 2648 2148 ἀπολύσασθαι
2684 2090 2784 2162 μὲν
2805 2088 2897 2143 τὸν
2924 2089 3152 2143 παλαιὸν
3183 2089 3490 2161 ἄνθρωπον,
3521 2087 3864 2141 ἐνδύσασθαι

2276 2182 2335 2237 δὲ
2379 2183 2470 2236 τὸν
2515 2181 2653 2247 νέον,
2710 2180 2804 2234 τὸν
2843 2180 3300 2251 ἀνακαινούμενον
3348 2180 3471 2233 κατ’
3526 2179 3723 2232 είκὸνα
3768 2176 3865 2230 τοῦ

2277 2273 2562 2336 κτίσαντος
2591 2272 2771 2326 αὐτόν.
2810 2271 2994 2335 Κτίζω
3030 2288 3090 2323 σε
3119 2270 3302 2323 τοίνυν
3346 2268 3480 2337 ἐγὼ,
3526 2269 3723 2337 φησὶν,
3767 2267 3873 2335 οὐχ

2277 2366 2355 2430 ὡς
2389 2365 2676 2437 ἄνθρωπος
2717 2362 3058 2435 χαλκουργὸς
3106 2361 3174 2415 τὰ
3205 2359 3265 2425 ἐξ
3311 2360 3445 2430 ὕλης
3471 2360 3643 2430 σκεύη
3690 2356 3881 2411 ποιῶν.

2276 2457 2343 2511 δι’
2380 2454 2623 2526 ὀργάνων
2674 2453 2768 2506 καὶ
2807 2451 2997 2523 πυρὸς,
3043 2450 3180 2505 ἀλλά
3230 2449 3428 2521 μᾶλλον
3469 2450 3705 2520 ἀρρήτῳ
3759 2449 3883 2505 τινι.

2278 2549 2373 2602 καὶ
2404 2549 2566 2618 νοητῇ
2593 2542 3202 2616 μεταποιχεαῦσει,καὶ
3231 2541 3601 2612 ἀναπλασμῷ,
3623 2542 3726 2593 καὶ
3756 2533 3867 2594 οἷον

2278 2644 2630 2712 ἁναγεννήσει
2674 2642 3039 2710 πνευματικῇ,
3066 2640 3132 2709 ἦν
3169 2638 3233 2709 δή
3264 2637 3360 2690 καὶ
3389 2637 3555 2699 αὐτὸς
3589 2637 3620 2687 ὁ
3656 2635 3850 2704 Sun-ip

2279 2732 2576 2803 Νικοδήμῳ
2602 2730 2731 2784 ποτὲ
2762 2729 3237 2799 διεσάφει,λέγων-
3271 2746 3289 2780 ι
3312 2726 3507 2798 Ἀμὴν,
3537 2726 3695 2796 ἀμήν
3716 2724 3866 2793 λέγω
3888 2774 3893 2777 ,

2280 2825 2428 2894 ὑμῖν,
2470 2822 2565 2876 ὲάν
2600 2823 2674 2892 μή
2699 2839 2782 2884 τις
2805 2819 3039 2892 γεννηθῇ
3084 2820 3143 2885 ἐξ
3170 2820 3363 2881 ὕδατος
3396 2820 3491 2873 καὶ
3521 2818 3891 2886 Πνεύματοςμ

2278 2916 2337 2969 οὗ
2376 2914 2596 2969 δύναται
2633 2914 2758 2966 ίδείν
2788 2913 2888 2983 τὴν
2918 2912 3194 2982 βασιλείαν
3222 2911 3318 2964 τοῦ
3346 2910 3506 2963 Θεοῦ.
3537 2931 3553 2961 ι
3595 2911 3867 2977 Γεγεννή-

2282 3006 2420 3077 μεθα
2445 3005 2555 3076 γάρ
2585 3006 2685 3058 οὐκ
2725 3004 2790 3057 ὲκ
2822 3006 3028 3073 σπορᾶς
3073 3003 3340 3074 φθαρτῆς,
3391 3002 3528 3055 ἀλλά
3566 3002 3659 3054 διὰ
3691 3001 3865 3068 Λόγου

2284 3096 2483 3162 ζῶντος
2526 3096 2661 3150 Θεοῦ
2728 3095 2822 3148 καὶ
2867 3095 3138 3167 μένοντος.
3169 3093 3325 3146 αὖτω
3376 3092 3554 3155 κτίζει
3604 3091 3865 3159 Χριστὸς,

608 3174 776 3233 Creat
819 3183 960 3235 enim
1000 3198 1100 3238 nos
1129 3198 1236 3239 non
1285 3186 1351 3239 ad
1394 3184 1695 3255 interitum,
1747 3188 1802 3243 id
1838 3200 1940 3256 est,
1974 3205 2081 3244 non
2113 3190 2178 3245 ad

2282 3192 2610 3262 ἀναμορφῶν
2639 3192 2706 3244 δι’
2733 3187 3005 3258 ἀγιασμοῦ
3040 3187 3176 3258 πρὸς
3199 3185 3392 3239 ἑαυτὸν
3413 3185 3543 3246 τοὺς
3577 3180 3869 3235 πιστεύον-

606 3269 1010 3338 corruptionem
1064 3281 1118 3328 et
1170 3282 1434 3342 mortem,
1488 3277 1583 3333 sed
1646 3279 1712 3332 ad
1762 3278 2065 3350 longmvam
2128 3289 2182 3334 et

613 3369 873 3417 aeternam
903 3365 1094 3420 vitam.
1135 3366 1290 3433 Quod
1326 3377 1507 3424 autem
1549 3370 1631 3426 his
1659 3369 1750 3441 qui
1783 3372 1949 3427 semel
1982 3374 2048 3427 ad
2080 3373 2182 3428 hoc

611 3452 915 3523 splendoris
972 3457 1187 3513 adducti
1233 3470 1392 3528 sunt,
1447 3469 1501 3515 et
1572 3462 1712 3517 hanc
1778 3463 2180 3519 innovationem

612 3558 710 3613 per
754 3546 1029 3601 Christum
1078 3549 1259 3607 sortiti
1316 3560 1463 3618 sunt,
1514 3553 1731 3608 dabitur
1779 3556 1945 3609 etiam
2000 3556 2071 3610 ab
2119 3570 2184 3612 eo

612 3637 915 3706 spiritualis
961 3640 1298 3698 fortitudinis
1341 3643 1542 3699 invicta
1588 3647 1801 3715 gratia,
1850 3653 1904 3702 et
1948 3647 2188 3717 cognitio

614 3730 702 3783 cui
734 3729 917 3785 hostes
948 3733 1196 3790 veritatis
1222 3749 1329 3791 non
1357 3746 1584 3806 possunt
1619 3740 1891 3805 resistere,
1924 3741 2181 3807 ostendit,

614 3836 737 3875 cum
767 3822 845 3877 ait
874 3839 890 3877 :
915 3821 1087 3879 Omne
1113 3840 1207 3881 vas
1239 3835 1577 3897 corruptum,
1610 3830 1753 3897 quod
1780 3839 1973 3885 contra
2000 3840 2053 3887 te
2075 3847 2183 3887 non

613 3915 964 3982 promoveho,
1030 3924 1086 3972 et
1127 3918 1306 3972 omnis
1360 3932 1466 3973 vox
1533 3929 1717 3989 surget
1759 3929 1955 3976 contra
2016 3931 2068 3978 te
2128 3921 2183 3976 in

608 4002 875 4074 judicium
911 4022 926 4059 :
958 4020 1147 4063 omnes
1182 4022 1277 4063 eos
1315 4008 1522 4064 vinces.
1557 4007 1697 4064 Vasa
1735 4010 1880 4064 enim
1916 4012 2187 4081 corrupti-

611 4095 743 4151 bilia
770 4098 954 4153 dicere
996 4100 1119 4168 quis
1154 4100 1379 4168 poterit,
1424 4100 1707 4157 diabolicae
1757 4103 2011 4173 nequitia:
2057 4119 2188 4172 ope-

614 4188 812 4255 rarios,
837 4189 928 4258 qui
953 4190 1120 4245 etiam
1148 4191 1514 4260 corruptionis
1550 4202 1675 4247 sunt
1696 4203 1754 4248 et
1789 4194 2041 4250 interitus
2065 4196 2183 4250 liiii.

615 4277 680 4333 Hi
715 4289 1035 4348 grassantur
1066 4282 1118 4337 in
1148 4295 1388 4352 sanctos,
1424 4287 1697 4343 interdum
1727 4299 1782 4344 et
1811 4290 1988 4361 iacula
2030 4292 2187 4346 emit-

616 4379 741 4425 tttnt
791 4371 1175 4441 multifariam,
1225 4378 1446 4432 saevitia:
1500 4392 1612 4433 sua:
1665 4382 1771 4435 tela
1833 4382 2185 4449 ejaculantes,

613 4464 1023 4531 persecutiones
1075 4475 1130 4522 et
1177 4466 1490 4524 alliictiones
1529 4479 1582 4525 et
1621 4472 1769 4527 varia
1824 4475 2185 4529 tentationtm

2282 3300 2400 3345 τας,
2427 3282 2521 3335 καὶ
2549 3278 2897 3350 ἀνακομίζων
2926 3278 3006 3340 είς
3036 3276 3330 3345 σωτηρίαν.
3365 3273 3556 3337 κτίζει
3586 3275 3701 3342 γὰρ
3722 3272 3869 3340 ἡμᾶς

2281 3371 2380 3425 οὐκ
2412 3372 2491 3434 είς
2520 3369 2813 3433 ἀπώλειαν,
2845 3366 3125 3420 τουτέστιν
3163 3365 3262 3417 οὐκ
3300 3363 3393 3427 είς
3414 3361 3628 3432 φθορὰν
3660 3360 3744 3414 ἔτι
3774 3362 3868 3414 καὶ

2282 3464 2533 3526 θάνατον,
2569 3460 2685 3514 ἀλλ’
2721 3462 2801 3523 είς
2842 3457 3167 3531 μακραίωνα
3210 3456 3323 3526 βίον
3366 3455 3461 3507 καὶ
3504 3452 3872 3522 ἀτελεύτητον

2284 3555 2451 3625 ζωήν.
2501 3554 2624 3606 Ὅτι
2668 3553 2726 3606 δὲ
2780 3553 2893 3614 τοῖς
2943 3547 3093 3613 ἅπαξ
3150 3549 3231 3611 εἰς
3278 3545 3436 3599 τοῦτο
3481 3543 3869 3615 λαμπρότητος

2283 3643 2702 3715 ἀνηνεγμένοις,
2763 3642 2860 3695 καὶ
2924 3637 3282 3709 καινουργίαν
3334 3634 3582 3705 λαχοῦσιι
3621 3634 3723 3703 τὴν
3786 3633 3881 3685 διιὶ

2283 3736 2546 3809 Χριστοῦ,
2605 3734 2896 3805 δοθήσεται
2942 3732 3073 3802 παρ’
3118 3728 3283 3783 αὑτοῦ
3331 3727 3425 3781 καὶ
3480 3726 3869 3795 πνευματικῆς

2286 3826 2571 3897 εὐανδρίας
2609 3820 3077 3890 ἀνανταγώνιστος
3126 3818 3320 3889 χάρις,
3362 3817 3456 3870 καὶ
3506 3816 3729 3878 σύνεσις
3774 3814 3868 3867 οὐκ

2285 3920 2575 3987 εὑάντητος
2616 3917 2727 3977 τοῖς
2762 3912 2861 3983 τῆς
2881 3910 3141 3981 ἀληθείας
3156 3909 3399 3979 ἐχθροῖς,
3423 3904 3761 3958 διαδείκνυσι
3782 3904 3865 3955 λέ-

2284 4024 2423 4076 γων·
2456 4006 2569 4059 Πᾶν
2595 4002 2787 4066 σκεῦος
2813 4000 3070 4070 φθαρτὸν,
3096 3996 3238 4071 [καὶ]
3266 3997 3360 4049 ἐπὶ
3378 3996 3558 4048 σὲούκ
3584 3991 3855 4054 εὐοδὼσω,

2286 4098 2381 4153 καὶ
2402 4098 2549 4150 πᾶσα
2582 4093 2752 4164 φωνὴ,
2788 4089 2868 4163 [ἢ]
2908 4090 3269 4160 ἀναστήσεται
3305 4086 3485 4140 επὶ-σὲ
3526 4087 3611 4147 είς
3660 4085 3860 4153 κρίσιν,

2288 4190 2497 4251 πάντας
2522 4188 2718 4249 αὐτοὺς
2743 4183 3021 4254 ήττήσεις.
3048 4180 3224 4251 Σκεύη
3260 4178 3359 4249 μὲν
3392 4177 3615 4248 φθαρτὰ
3644 4177 3779 4245 φαίη
3807 4176 3881 4228 ἂν

2287 4277 2426 4335 εἷναί
2463 4296 2548 4342 τις
2576 4278 2678 4348 τῆς
2713 4275 2806 4330 τοῦ
2846 4273 3096 4327 διαὸὀλου
3125 4270 3459 4341 δυστροπίας
3497 4268 3632 4331 τοὺς
3667 4268 3868 4336 ὑπουρ-

2286 4371 2436 4439 γοὺς,
2478 4370 2528 4422 οἳ
2564 4371 2659 4422 καὶ
2690 4366 2896 4438 φθορᾶς
2922 4368 3029 4418 εἱσι
3060 4364 3155 4418 καὶ
3188 4362 3463 4425 ἀπωλείας
3487 4360 3683 4414 τέκνα.
3717 4355 3873 4413 Οὗτοι

2289 4461 2717 4529 κατεπιφύονται
2763 4457 2874 4513 τῶν
2921 4459 3114 4527 ἀγίων.
3161 4454 3272 4509 ἔσθ’
3322 4455 3409 4506 ὅτε
3447 4453 3545 4505 καὶ
3595 4450 3877 4515 τοξεύουσι

617 4556 834 4613 inventa
890 4558 1226 4615 inducentes.
1287 4560 1393 4617 Sed
1459 4577 1567 4617 non
1634 4568 2094 4636 prosperahuntur
2157 4586 2180 4623 a

2293 4552 2648 4624 πολυτρόπως
2688 4550 2757 4605 τά
2789 4551 2891 4621 τῆς
2934 4548 3145 4603 ἑαυτῶν
3191 4545 3514 4615 σκαιότητος
3549 4543 3875 4636 ὲπαφιὲντες

616 4648 856 4716 Christo,
892 4658 950 4704 ut
979 4651 1188 4721 possint
1215 4652 1426 4708 animas
1457 4664 1766 4710 sanctorum
1797 4672 2185 4727 corrumpere:

616 4742 903 4812 impiarum
940 4743 1132 4798 deinde
1162 4744 1439 4800 haereseon
1482 4746 1807 4814 inventores,
1844 4748 2186 4819 blasphemas

615 4847 781 4889 voces
824 4841 1014 4888 contra
1053 4834 1379 4890 inelfabilem
1433 4836 1775 4907 maiestatem
1818 4838 2187 4909 projicientes.

619 4933 827 4979 tantum
876 4940 983 4979 non
1025 4935 1227 4981 vocant
1261 4928 1316 4982 in
1357 4929 1448 4999 jus
1496 4939 1733 4996 sanctos,
1763 4930 1855 4999 qui
1904 4932 2188 4987 veritatem

617 5026 977 5088 propugnant,
1010 5028 1063 5072 et
1107 5021 1376 5074 sinceram
1425 5021 1918 5077 ecclesiasticorum
1961 5024 2188 5095 dogma-

621 5119 731 5164 tum
762 5111 1140 5167 rectitudinem
1169 5111 1484 5180 iuveniliter
1518 5124 1574 5167 et
1606 5115 1850 5169 animose
1882 5115 2185 5172 defensant.

622 5200 1007 5257 Verumtamen
1044 5204 1358 5271 vincuntur,
1393 5204 1611 5259 Christo
1646 5206 1810 5259 etiam
1842 5208 1943 5262 hoc
1980 5210 2187 5263 sanctis

617 5294 901 5365 iargiente.
955 5295 1032 5349 Ab
1072 5310 1136 5350 eo
1177 5297 1320 5350 enim
1377 5296 1742 5366 proficiscitur
1781 5298 1923 5366 quod
1966 5309 2189 5367 possunt

616 5394 831 5437 omnem
870 5382 1105 5436 hostium
1138 5384 1419 5452 impetmn,
1462 5399 1789 5454 omnemque
1832 5388 2011 5457 impia:
2044 5389 2190 5443 vocis

622 5473 1035 5529 reluctationem
1090 5490 1352 5545 superare
1404 5492 1467 5532 ac
1516 5477 1833 5541 confutare,
1878 5488 1935 5531 ut
1988 5477 2191 5532 Psaltcs

615 5564 696 5621 Iit
731 5584 785 5621 τι
824 5564 878 5621 In
904 5566 1013 5621 Deo
1042 5567 1301 5622 faciemus
1339 5568 1612 5632 virtutem,
1643 5579 1697 5624 et
1727 5570 1842 5639 ipse
1882 5568 1934 5623 in
1965 5568 2189 5623 nihilum

616 5658 829 5730 rediget
853 5674 947 5716 eos
969 5659 1061 5730 qui
1084 5657 1329 5731 alﬂigunt
1352 5673 1451 5713 nos
1476 5658 1543 5713 ³⁸.
1569 5678 1588 5713 ι
1619 5660 1821 5715 Verum
1850 5659 2066 5715 obnoxii
2099 5659 2193 5713 tibi

2288 4647 2438 4718 βέλη,
2481 4645 2753 4714 διωγμοὺς
2804 4641 2900 4696 καὶ
2942 4640 3153 4710 θλίψεις
3201 4638 3524 4706 ἐπάγοντες,
3567 4637 3666 4689 καὶ
3706 4632 3863 4686 πολύ-

2290 4754 2467 4810 τροπα
2507 4732 2832 4803 πειρασμῶν
2859 4730 3161 4803 εὑρέματα.
3198 4727 3344 4781 Ἀλλ’
3371 4726 3474 4779 οὐκ
3506 4723 3869 4791 εὐοδωθήσον-

2293 4850 2381 4887 ται
2414 4831 2565 4901 παρά
2589 4826 2850 4900 Χριστοῦ,
2876 4825 3017 4878 ὥστε
3049 4822 3145 4876 καὶ
3174 4821 3390 4891 ίσχύσαι
3425 4817 3529 4880 τὰς
3565 4816 3680 4867 τῶν
3708 4813 3870 4881 ἁγίων

2296 4924 2662 4995 καταφθεῖραι
2698 4920 2911 4991 ψυχάς·
2945 4920 2994 4971 οἱ
3021 4916 3077 4969 δέ
3100 4932 3163 4984 γε
3192 4913 3301 4967 τῶν
3337 4911 3575 4965 ἀνοσίων
3605 4909 3869 4978 αἱρέσεων

2297 5017 2517 5089 εὑρεταὶ
2560 5012 2960 5084 παλιμφήμους
2987 5006 3170 5077 φωνὰς
3203 5002 3345 5058 κατά
3380 5002 3481 5071 τῆς
3516 5002 3761 5072 ἀρρήτου
3791 4996 3869 5049 δό-

2298 5110 2393 5180 ξης
2430 5109 2600 5171 ίέντες
2635 5101 2919 5177 μονονουχὶ
2963 5098 3270 5163 δικάζονται
3301 5095 3413 5156 τοῖς
3448 5092 3645 5159 ἁγίοις,
3684 5090 3735 5142 οἶ
3775 5089 3875 5193 τῇς

2297 5200 2555 5273 ἀληθείας
2590 5198 3003 5271 προμάχονται,
3048 5192 3142 5246 καὶ
3189 5188 3561 5260 προεστήκασι
3607 5188 3869 5273 venistis;

2299 5272 2401 5364 τῆς
2447 5289 2782 5363 ἀκραιφνοῦς
2822 5285 3115 5358 ὀρθότητος
3146 5280 3254 5334 τῶν
3278 5273 3755 5346 ὲκκλησιαστικῶν
3778 5272 3879 5364 ,δυ-ν

2299 5401 2333 5451 γ
2341 5361 2543 5453 μάτωνξ
2564 5380 2707 5450 Πλὴν
2721 5376 3014 5448 ἡττῶνται,
3037 5369 3272 5444 Χριστοῦ
3289 5367 3543 5438 νέμοντος
3561 5366 3674 5426 τοῖς
3697 5361 3869 5429 ἁγίοις

2302 5452 2395 5528 καὶ
2427 5472 2602 5526 τοῦτο.
2649 5468 2788 5540 Παρ’
2822 5466 2987 5522 αὐτοῦ
3021 5464 3130 5536 γὰρ
3168 5463 3230 5517 τὸ
3274 5458 3532 5515 δύνασθαι
3563 5457 3740 5527 νικᾷν,
3776 5452 3867 5504 καὶ

2300 5568 2482 5619 πᾶσαν
2529 5561 2737 5634 ἐχθρῶν
2787 5558 3177 5621 ἐπανάστασιν,
3218 5553 3314 5607 καὶ
3343 5553 3523 5607 πᾶσαν
3561 5547 3867 5643 ἀντίστασῗρ

2297 5657 2511 5711 ἀνοσίου
2550 5654 2733 5724 φωνῆς
2754 5671 2767 5684 ·
2815 5654 2891 5717 ὡς
2939 5650 3049 5723 γὰρ
3069 5650 3097 5704 ὁ
3132 5646 3368 5703 Ψάλλων
3399 5641 3564 5714 φησίν
3584 5658 3598 5673 ·
3632 5638 3761 5693 «Ἑν
3788 5638 3864 5706 τῷ

698 5840 746 5916 θ’
782 5840 940 5900 Romo
974 5856 1070 5913 ιιι,
1095 5841 1150 5898 2.
1229 5843 1275 5878 ’⁸
1301 5842 1416 5902 Col.
1444 5858 1529 5915 ιιι,
1558 5843 1612 5900 9.
1690 5842 1733 5877 ³ο
1764 5839 1919 5897 Joan.
1948 5851 2033 5909 ut,
2067 5837 2121 5895 5.

2282 5832 2413 5894 Psal.
2448 5850 2558 5902 us,
2604 5833 2689 5889 l3.
