4140 6540
311 445 457 502 lii-'1

1437 442 1505 500 IN
1545 440 1780 500 ISAIAM
1817 441 1947 503 LIB.
1988 443 2054 501 ν.
2095 441 2335 507 ΤΟΜΗΞ
2372 440 2437 498 ιι.

312 556 440 627 Θεῷ
468 554 767 627 ποιήσομεν
790 553 1040 623 δύναμιν,
1077 552 1171 607 καὶ
1203 552 1362 619 αὐτὸς
1397 552 1738 620 ἐξουδενὼσει
1767 554 1892 616 τοὺς

2002 562 2160 609 erunt
2216 553 2269 607 in
2321 566 2405 606 ea.
2464 549 2633 621 "llius
2682 564 2869 606 versus
2912 551 3043 611 nulli
3094 552 3186 610 alii
3244 562 3571 625 .nterpretcs

314 647 596 709 θλίϐοντας
623 647 790 716 ἡμᾶς.
813 665 832 697 ι
863 646 1008 716 Πλὴν
1040 646 1089 697 0i
1118 644 1290 715 ἔνοχοί
1322 662 1438 709 σου,
1461 645 1645 715 φησὶν,
1683 644 1894 697 ἔσονται

318 754 374 791 ιν
406 737 564 808 αὐτῇ.
606 737 715 790 Καὶ
744 735 851 788 τῶν
892 739 990 805 μὲν
1030 736 1230 806 ἐτέρων
1280 735 1690 807 ἐρμηνευόντων
1727 734 1897 796 οὐδεὶς

321 829 411 882 τοῦ
447 826 807 897 προκειμένου
838 826 1259 897 διαμνημονεύει
1315 826 1529 896 στίχου,
1566 826 1705 896 πλὴν
1743 821 1897 894 οἶμαι

314 917 508 988 δηλοῦν
537 916 711 970 ἐκεῖνό
741 934 842 968 που
870 918 1038 987 τάχα·
1076 918 1372 989 Κρεεττους
1416 917 1514 987 μὲν
1537 915 1643 988 γὰρ
1665 915 1897 986 ἐχθρῶν,

316 1009 415 1062 καὶ
444 1007 660 1077 ἁπάσης
695 1006 882 1077 φωνῆς
926 1009 976 1059 οἱ
1010 1008 1362 1081 καινουργίαν
1401 1006 1656 1076 λαχόντες
1684 1006 1780 1076 τὴν
1810 1006 1899 1058 διὰ

317 1097 556 1169 Χριστοῦ
587 1099 928 1168 γενήσονται,
956 1090 1101 1151 οὗτοι
1134 1098 1190 1151 δέ
1216 1100 1358 1151 εἰσιν
1400 1099 1448 1150 οἱ
1480 1094 1901 1168 ἁναμορφούμε-

321 1205 406 1241 νοι
447 1189 583 1259 πρὸς
618 1187 886 1257 ἁγιασμόν
911 1189 969 1240 ἐν
998 1189 1298 1258 Πνεύματι,
1332 1188 1426 1240 καὶ
1450 1186 1573 1249 τοὺς
1597 1185 1696 1255 τῆς
1724 1190 1901 1256 ἀμαρ-

318 1278 442 1342 τίας
469 1278 837 1348 διαπηδῶντες
869 1278 1115 1349 βόθρους.
1150 1277 1287 1329 Ἀλλ’
1313 1278 1363 1329 οἱ
1391 1277 1562 1348 ἔνοχοί
1595 1295 1711 1341 σου,
1738 1276 1898 1348 φησὶ,

318 1369 620 1434 τουτέστιν,
650 1368 808 1439 οἵπερ
842 1370 906 1421 ἂν
944 1365 1051 1421 εἷεν
1082 1369 1256 1439 ἔνοχοι
1287 1372 1407 1434 ταῖς
1451 1369 1770 1439 ἁμαρτίαις,
1808 1369 1903 1421 καὶ

323 1460 463 1531 μετὰ
524 1461 624 1531 τὴν
684 1460 875 1528 κλῆσιν
936 1461 1031 1512 καὶ
1073 1461 1172 1531 τὴν
1221 1462 1279 1514 ἐν
1330 1460 1550 1532 Χριστῷ
1600 1461 1900 1525 δικαίωσιν,

321 1552 540 1603 ἔσονται
588 1553 645 1602 ἐν
682 1552 841 1621 αὐτῇ.
889 1552 975 1603 Ἐν
1019 1552 1155 1623 αὐτῇ
1193 1552 1270 1616 δὲ,
1316 1553 1451 1618 τίνι;
1475 1547 1550 1603 Ἦ
1584 1551 1797 1616 πάντως
1830 1555 1896 1622 τῇ

322 1643 517 1714 φθορᾷ.
568 1641 667 1695 Διὰ
712 1644 870 1696 τοῦτο
910 1644 1016 1713 γὰρ
1055 1645 1356 1715 ἐπήνεγκεν
1399 1641 1581 1705 εὐθὺς,
1621 1643 1701 1694 ὅτι
1737 1641 1895 1696 Ἐστι

322 1734 657 1804 κληρονομία
695 1737 808 1796 τοῖς
856 1734 1218 1804 θεραπεύουσι
1265 1732 1491 1805 Κύριον.
1525 1734 1599 1786 Οὔ
1648 1735 1754 1801 γὰρ
1791 1737 1903 1797 τοῖς

322 1825 539 1877 εἰωθόσι
570 1824 899 1877 καταλυπεῖν
938 1823 1028 1876 διὰ
1069 1822 1162 1876 τοῦ
1205 1822 1506 1893 τετράφθαι
1561 1823 1654 1875 καὶ
1685 1820 1902 1891 βλέπειν

2001 641 2331 694 mentionem
2381 637 2619 703 faciunt,
2673 647 2729 692 at
2765 639 2892 697 illud
2928 650 3061 709 pulo
3095 641 3400 713 signiﬁcare
3427 662 3439 699 :
3471 645 3573 701 Su-

2000 733 2240 801 periores
2268 743 2427 785 erunt
2468 731 2745 798 hostibus,
2781 742 2835 788 et
2866 734 3010 786 omni
3051 748 3183 788 voce
3214 736 3569 803 potentiores.

2001 823 2055 876 bi
2106 822 2196 891 qui
2255 822 2395 876 hanc
2453 821 2850 877 iunovationem
2920 839 3018 893 per
3063 823 3340 879 Christum
3395 826 3573 881 sortiti

2002 926 2149 977 sunt,
2177 912 2267 981 qui
2294 912 2499 967 scilicet
2526 913 2801 968 reformati
2836 924 2966 969 sunt
2991 916 3055 968 ad
3087 917 3571 971 sanctiﬁcationem

2003 1007 2054 1059 in
2081 1004 2309 1071 Spiritu,
2332 1013 2386 1057 et
2411 1005 2616 1072 peccati
2648 1005 2833 1060 foveas
2858 1004 3118 1076 eﬂ‘ugiunt
3148 1022 3211 1061 ac
3244 1010 3574 1063 transiliunt.

2004 1097 2163 1168 772
2191 1094 2295 1150 Sed
2339 1094 2560 1151 obnoxii
2603 1097 2700 1161 tui,
2738 1098 2933 1166 inquit,
2966 1099 3016 1152 id
3054 1109 3163 1161 est,
3200 1102 3436 1168 peccatis
3472 1101 3575 1156 im-

2003 1188 2197 1256 pliciti,
2234 1187 2396 1242 etiam
2434 1197 2557 1256 post
2585 1188 2926 1242 vocationem
2956 1196 3011 1242 et
3039 1189 3487 1258 jttstiﬂcationem
3519 1192 3576 1246 in

2004 1278 2240 1342 Christo,
2272 1289 2432 1332 erunt
2462 1279 2512 1332 in
2551 1294 2635 1334 ea.
2673 1276 2730 1332 In
2758 1279 2898 1348 qua?
2932 1279 3091 1333 Certe
3124 1281 3176 1334 in
3208 1282 3575 1350 corruptione,

2006 1386 2127 1423 nam
2181 1371 2381 1424 idcirco
2413 1386 2537 1426 mox
2573 1370 2901 1425 subintulit:
2934 1368 3030 1424 Est
3066 1372 3354 1427 haereditas
3388 1372 3576 1429 colen-

2006 1459 2147 1514 tibus
2184 1458 2490 1513 Dominum.
2524 1461 2640 1516 Non
2674 1461 2817 1514 enim
2850 1476 2967 1516 sors
2997 1476 3025 1514 a
3057 1462 3165 1517 Deo
3198 1464 3302 1518 illis
3365 1464 3580 1519 dabitur

2005 1550 2095 1620 qui
2134 1566 2254 1605 eum
2292 1549 2590 1619 oil‘endunt,
2636 1561 2690 1606 et
2738 1552 2789 1607 in
2836 1552 3093 1608 eiii-enen]
3145 1570 3208 1610 ac
3255 1555 3576 1612 dissolutam

2006 1641 2170 1695 vitam
2216 1652 2482 1709 proruunt
2516 1660 2528 1695 :
2560 1643 2654 1695 sed
2702 1642 2786 1697 bis
2825 1644 2914 1712 qui
2955 1644 3103 1698 illum
3143 1646 3444 1712 delectant,
3494 1648 3579 1701 vel

2006 1731 2212 1799 colunt,
2240 1733 2292 1785 id
2322 1742 2426 1796 est,
2456 1733 2503 1787 ei
2531 1734 2796 1789 serviunt.
2826 1736 2989 1792 Erilis
3013 1739 3175 1809 igitur
3197 1740 3351 1804 mihi,
3381 1741 3577 1810 inquit,

2002 1821 2157 1891 justi,
2197 1837 2305 1892 quo
2347 1820 2508 1890 hujus
2553 1823 2746 1886 sortis,
2798 1839 2918 1894 qua:
2964 1827 3262 1880 cultoribus
3308 1829 3578 1898 promissa

322 1918 406 1980 εἰς
436 1917 497 1969 τὸ
536 1915 745 1987 ἐξήνιον
773 1919 800 1970 6
831 1917 981 1986 παρὰ
1024 1914 1159 1968 Θεοῦ
1191 1915 1477 1986 δοθήσεται
1508 1913 1729 1984 κλῆρος,
1765 1912 1899 1966 ἀλλὰ

2002 1920 2086 1966 est
2114 1922 2166 1966 et
2197 1928 2294 1967 suo
2330 1922 2575 1983 tempore
2605 1912 2842 1978 dabitur,
2874 1915 2994 1970 sitis
3018 1918 3327 1987 participes.

322 2013 436 2072 τοῖς
480 2010 895 2081 εὐφραίνουσιν,
946 2010 1112 2079 ήγουν
1170 2008 1565 2080 θεραπεύουσι,
1616 2007 1861 2060 τουτέστι
1912 2005 2270 2059 δουλεύουσιν.
2308 2004 2536 2058 Ἐσεσθε
2600 2006 2780 2061 τοίνυν
2825 2008 2947 2079 ἐμοὶ
2990 2008 3207 2075 δίκαιοι,
3250 2011 3456 2080 φησὶν,
3490 2011 3578 2064 ἵνα

322 2098 419 2152 τοῦ
466 2099 672 2169 κλήρου
724 2098 1023 2171 γενήσεσθε
1077 2099 1325 2169 μέτοχοι,
1382 2098 1480 2151 τοῦ
1538 2101 1645 2161 τοῖς
1701 2096 2093 2168 θεραπεύουσιν
2145 2094 2562 2168 ἐπηγγελμένον
2620 2113 2682 2149 τε
2746 2098 2841 2152 καὶ
2902 2099 3009 2171 μὴν
3056 2101 3150 2154 καὶ
3211 2102 3576 2173 δοθησομένου

322 2194 465 2245 κατά
494 2193 735 2265 καιρούς.

404 2287 463 2337 οι
505 2282 818 2352 διψῶντες,
854 2288 1179 2354 πορεύεσθε
1231 2286 1322 2354 ἐφ’
1379 2284 1533 2353 ὕδωρ
1556 2301 1569 2315 ·
1619 2284 1718 2338 καὶ
1770 2284 1903 2337 ὅσοι

314 2375 406 2445 μὴ
445 2376 613 2444 ἔχετε
658 2377 963 2445 ἀργύριον,
991 2378 1359 2443 βαδίσαντες
1401 2376 1755 2444 ἀγοράσατε,
1804 2375 1901 2427 καὶ

322 2468 487 2520 πίετε
532 2468 605 2537 (1)
658 2468 805 2523 ἄνευ
866 2468 1149 2538 ἀργυρίου
1198 2469 1297 2522 καὶ
1353 2465 1532 2536 τιμῆς
1591 2463 1760 2520 οἶνον
1806 2467 1901 2520 καί

322 2558 528 2626 στέαρ.
550 2557 685 2613 Ἵνα
718 2560 778 2612 τί
806 2558 1053 2629 τιμᾶσθε
1079 2561 1385 2631 ἀργυρίου,
1415 2558 1515 2612 καὶ
1545 2558 1653 2611 τὸν
1673 2558 1905 2628 μόχθον

322 2647 490 2718 ὑμῶν
519 2652 628 2703 οὐκ
665 2652 753 2716 είς
789 2653 1192 2719 sanemus-qr;
1223 2650 1560 2715 Ἀκούσατε,
1591 2650 1690 2703 καὶ
1724 2649 1905 2719 φάγε-

320 2743 434 2793 σθε
478 2739 690 2809 ἀγαθὰ,
726 2740 825 2793 καὶ
868 2740 1231 2810 ἐντρυφήσει
1267 2741 1337 2794 ἐν
1368 2740 1610 2811 ἀγαθοῖς
1650 2743 1689 2809 ἡ
1728 2741 1898 2809 ψυχὴ

319 2829 508 2900 ὑμῶν.
542 2831 874 2899 Προσέχετε
913 2832 1038 2898 τοῖς
1077 2832 1270 2898 ὡτίοις
1320 2832 1505 2902 ὑμῶν,
1548 2832 1647 2886 καὶ
1681 2834 1900 2887 ἐπακο-

319 2920 665 2987 λουθήσατε
691 2922 821 2989 ταῖς
840 2922 1002 2989 ὁδοῖς
1029 2941 1164 2992 μου.
1204 2922 1613 2978 Ἐπακούσατέ
1626 2943 1767 2995 μου,
1800 2925 1898 2979 καὶ

320 3012 560 3082 ζήσεται
592 3014 661 3067 ἐν
698 3014 939 3084 ἀγαθοῖς
964 3015 1001 3081 ἡ
1041 3013 1212 3084 ψυχὴ
1246 3014 1433 3085 ὑμῶν.

389 3107 449 3160 '0
474 3107 760 3171 θεσπέσιος
782 3108 967 3173 Δαὸὶδ,
991 3110 1057 3178 τῇ
1086 3107 1175 3159 διὰ
1196 3107 1289 3159 τοῦ
1312 3107 1451 3159 Πνεύ
1460 3125 1626 3177 ματος
1645 3109 1901 3180 δαδουχίᾳ
1928 3133 1972 3191 C

319 3196 840 3267 καταλαμπόμενος,
878 3196 977 3258 τὰς
1010 3196 1146 3265 πρὸς
1182 3195 1314 3249 Θεὸν
1351 3197 1615 3265 μελῳδίας
1647 3200 1899 3263 ἐποιεῖτο,

317 3279 498 3349 λέγων
551 3283 679 3353 περὶ
725 3282 818 3336 τοῦ
866 3284 1083 3335 πάντων
1120 3282 1277 3353 ήμῶν
1326 3283 1579 3355 Σωτῆρος
1623 3284 1857 3355 Χριστοῦ
1882 3302 1897 3316 ο

326 3391 347 3424 ι
367 3372 455 3436 Ὠς
483 3373 789 3444 ἐπλήθυνας
821 3373 881 3425 τὸ
912 3373 1059 3436 ἔλεός
1087 3390 1199 3439 σου,
1234 3376 1261 3426 6
1287 3373 1418 3437 Θεός
1446 3374 1458 3427 i
1500 3376 1548 3427 οί
1578 3374 1634 3427 δὲ
1656 3376 1762 3428 υἱοὶ
1794 3376 1902 3428 τῶν

317 3463 647 3536 ἀνθρώπων,
690 3466 748 3517 ἐν
788 3465 965 3537 σκέπῃ
1006 3465 1116 3519 τῶν
1160 3467 1447 3536 πτερύγων
1492 3470 1584 3519 σου
1630 3467 1899 3523 ἐλπιοῦσι.

317 3556 773 3626 Μεθυσθήσονται
802 3557 909 3610 ἀπὸ
943 3557 1197 3629 πιότητος
1222 3557 1316 3609 τοῦ
1339 3558 1488 3612 οἴκου
1532 3575 1647 3623 σου,
1676 3560 1770 3612 καὶ
1811 3560 1901 3615 τὸν

316 3649 658 3720 χειμάρρουν
683 3648 1012 3720 τῆςκτρυφῆς
1045 3666 1136 3702 σου
1166 3652 1370 3713 ποτιεῖς
1394 3649 1610 3714 αὐτοὺς,
1635 3651 1716 3703 ὅτι
1751 3651 1902 3723 παρὰ

318 3740 404 3795 σοὶ
441 3740 595 3811 πηγὴ
625 3739 791 3810 ζωῆς·
822 3759 840 3791 ι
876 3740 969 3793 καὶ
1006 3740 1234 3810 ἑτέρωθί
1268 3757 1368 3794 που
1406 3740 1586 3805 πάλιν,
1619 3761 1637 3792 ι
1667 3741 1773 3794 Τοῦ
1806 3759 1902 3796 ποο

316 3828 496 3898 ταμοῦ
518 3828 588 3881 τὰ
606 3828 748 3899 ὁρμή
759 3846 904 3899 ματα
923 3830 1273 3899 εὐφραίνουσι
1296 3829 1392 3901 τὴν
1414 3831 1565 3884 πόλιν
1590 3829 1683 3885 τοῦ
1706 3830 1858 3885 Θεοῦ.
1876 3850 1895 3885 ι

315 3920 430 3973 Καὶ
462 3920 568 3991 μὴν
611 3921 705 3974 καὶ
733 3921 818 3975 διὰ
853 3922 1039 3992 φωνῆς
1072 3923 1367 3994 προφητῶν
1392 3922 1552 3987 αὐτός
1601 3922 1704 3975 πού
1735 3940 1900 3995 φησιν

316 4012 346 4064 6
374 4011 505 4074 Υἱὸς
540 4013 573 4082 ἡ
601 4012 799 4075 παντὸς
822 4011 1026 4081 ἀγαθοῦ
1058 4014 1229 4084 πηγὴ,
1249 4013 1311 4065 τὸ
1343 4016 1407 4066 ἐκ
1431 4014 1531 4084 τῆς
1559 4012 1653 4066 τοῦ
1685 4014 1898 4085 Πατρός

315 4102 507 4166 οὐσίας
539 4103 899 4174 προχεόμενον
926 4106 1073 4175 νᾶμα
1111 4105 1371 4170 ζωοποιόν
1393 4119 1409 4135 ⁸
1449 4122 1468 4156 ι
1505 4104 1633 4158 Ἰδοὺ
1664 4103 1775 4174 ἐγὼ
1808 4106 1900 4158 ἐκ-

317 4192 486 4245 κλίνω
510 4192 597 4245 ἐπ’
635 4191 833 4254 αὐτοὺς
865 4192 943 4255 ὡς
967 4193 1209 4263 ποταμὸς
1263 4194 1505 4264 εἰρήνης,
1545 4193 1640 4247 καὶ
1667 4193 1742 4257 ὡς
1787 4212 1899 4265 χει-

320 4283 565 4353 μάρρους
614 4282 920 4345 ἐπικλύζων
966 4283 1124 4349 δόξαν
1173 4285 1360 4338 ἐθνῶν.
1389 4303 1408 4337 ι
1440 4284 1586 4356 Ἔφη
1623 4285 1679 4339 δὲ
1728 4287 1821 4339 καὶ
1870 4288 1899 4340 6

318 4374 607 4443 προφήτης
640 4373 934 4443 Ζαχαρίας,
962 4374 1042 4427 ὅτι
1072 4393 1088 4425 ι
1116 4374 1275 4445 Πήγὴ
1308 4375 1369 4440 ἐξ
1397 4374 1547 4429 οτκου
1570 4376 1774 4447 Κυρίου
1811 4375 1899 4442 ἐξ·

2079 2279 2209 2335 CAP.
2239 2278 2349 2335 LV.
2382 2280 2543 2337 Vens.
2576 2279 2628 2346 1,
2655 2279 2709 2335 2.
2737 2280 2842 2350 Qui
2874 2282 3059 2347 sititis,
3080 2285 3245 2339 venite
3269 2286 3339 2339 ad
3362 2304 3579 2358 aquam,

2008 2381 2059 2426 et
2101 2381 2355 2442 quotquot
2402 2382 2678 2442 argentum
2711 2389 2815 2427 non
2858 2373 3087 2439 habetis,
3122 2387 3300 2431 euntes
3335 2361 3490 2435 emite
3526 2391 3579 2439 et

2010 2462 2167 2516 bibite
2216 2464 2410 2532 absque
2453 2473 2667 2532 argenta
2714 2474 2763 2517 et
2813 2465 2980 2532 pretio
3035 2468 3205 2520 vinum
3253 2481 3298 2523 et
3347 2474 3574 2541 adipem.

2012 2553 2189 2619 Quare
2232 2556 2404 2609 emitis
2444 2556 2697 2623 pecunia,
2744 2567 2791 2609 et
2840 2557 3073 2612 laborem
3118 2569 3345 2615 vestrum
3375 2581 3476 2618 non
3507 2568 3577 2619 ad

2009 2647 2341 2699 satietatem?
2374 2648 2584 2710 Audite,
2611 2656 2659 2701 et
2685 2649 2937 2702 concedite
2969 2650 3124 2714 bona,
3156 2662 3203 2705 et
3232 2653 3579 2710 delectabitur

2007 2740 2062 2793 in
2098 2741 2245 2793 bonis
2281 2741 2459 2792 anima
2492 2750 2684 2795 vestra.
2730 2742 2996 2794 Attendite
3035 2744 3250 2797 nuribus
3299 2748 3500 2813 reatris,
3527 2759 3576 2804 et

2007 2832 2283 2901 sequimini
2314 2835 2423 2884 vias
2455 2848 2614 2885 mens.
2666 2830 2930 2887 Exaudite
2959 2850 3057 2899 me,
3091 2845 3135 2888 et
3173 2836 3299 2891 viret
3344 2838 3399 2892 iu
3430 2839 3576 2894 bonis

2006 2924 2182 2973 anima
2214 2932 2402 2974 vestra.

2078 3098 2300 3153 Divinus
2332 3098 2518 3160 David,
2554 3097 2791 3169 Spiritus
2817 3100 2934 3157 face
2967 3101 3289 3169 illustratus,
3316 3104 3380 3158 ad
3408 3104 3573 3160 Deum

2007 3190 2269 3246 melodias
2320 3191 2518 3245 cecinit
2567 3191 2633 3245 de
2687 3194 2928 3246 omnium
2984 3205 3230 3249 nostrum
3287 3196 3576 3253 Servatore

2003 3281 2244 3349 Christo,
2289 3283 2520 3338 dicens:
2559 3301 2577 3334 ι
2624 3283 2792 3350 Quam
2844 3285 3212 3355 qultiplicasli
3260 3288 3572 3344 misericor-

2006 3371 2149 3425 diam
2180 3381 2349 3435 tuam,
2378 3373 2550 3428 Deus!
2581 3374 2701 3427 Filii
2738 3374 3012 3444 hominum
3046 3376 3094 3428 in
3121 3378 3434 3433 tunbraculo
3463 3379 3577 3434 ala-

2006 3480 2124 3517 rum
2163 3480 2378 3519 tuarum
2412 3466 2731 3536 sperabunt.
2769 3465 3183 3523 lnebriabuutur
3214 3471 3282 3521 ab
3327 3470 3577 3525 ubertate

2003 3553 2195 3608 domus
2222 3563 2346 3621 tuae,
2391 3566 2445 3610 et
2477 3566 2717 3611 torrente
2758 3558 3071 3611 deliciarum
3114 3570 3322 3614 tuarum
3369 3563 3578 3631 potabis

2005 3657 2117 3704 eos.
2139 3642 2264 3712 quia
2297 3646 2435 3713 apud
2468 3653 2523 3699 te
2553 3655 2635 3700 est
2663 3644 2784 3699 fons
2814 3647 2935 3701 vita:
2958 3648 3023 3701 υ.
3055 3665 3074 3699 ι
3104 3648 3167 3702 Ει
3194 3649 3319 3705 alibi
3348 3668 3572 3709 rursus:

2010 3751 2028 3785 ι
2068 3732 2335 3789 Fluminis
2390 3736 2620 3804 impetus
2679 3737 2954 3792 ltetilicant
3001 3740 3277 3795 civitatem
3328 3742 3421 3797 Dei
3442 3744 3507 3798 ³³.
3550 3762 3571 3797 ι

2002 3821 2145 3876 Dicit
2174 3838 2391 3893 quoque
2420 3840 2551 3879 voce
2579 3826 2962 3897 prophetarum
2998 3830 3223 3898 ipsemet
3252 3830 3442 3895 Filius,
3479 3834 3572 3902 qui

2002 3913 2121 3967 fons
2153 3922 2236 3968 est
2285 3914 2462 3968 onmis
2510 3916 2667 3978 boni.
2720 3927 2775 3972 ct
2824 3920 2968 3972 rivus
3019 3920 3086 3973 ab
3125 3922 3356 3975 essentia
3398 3921 3575 3979 Patris

2001 4018 2284 4071 emanans,
2314 4015 2367 4059 et
2398 4008 2562 4060 vitam
2593 4006 2825 4062 alierens
2851 4025 2866 4063 :
2903 4029 2921 4062 ι
2954 4010 3092 4067 Ecce
3133 4027 3232 4082 ego
3263 4014 3475 4069 declino
3515 4014 3571 4070 in

2002 4109 2116 4162 eos,
2151 4095 2296 4150 velut
2330 4096 2523 4150 ﬂumen
2555 4100 2725 4167 pacis,
2773 4108 2827 4153 et
2868 4100 3013 4154 velut
3059 4110 3271 4155 torrens
3306 4102 3575 4159 ittundans

2001 4187 2227 4259 gloriam
2263 4187 2503 4256 gentium
2530 4189 2593 4244 ³³.
2627 4206 2648 4241 ι
2680 4188 2823 4244 Dixit
2856 4192 3024 4247 etiam
3071 4193 3331 4261 propheta
3364 4193 3575 4251 Zacha-

2003 4275 2146 4329 rias:
2184 4295 2201 4327 ι
2251 4275 2395 4331 Fons
2426 4279 2491 4332 de
2532 4278 2690 4331 domo
2732 4279 2939 4334 Domini
2984 4284 3312 4352 egredietur,
3361 4294 3418 4338 et
3452 4285 3577 4339 irri-

2000 4367 2147 4436 gabit
2177 4376 2470 4423 torrentem
2507 4369 2794 4435 juncorum
2820 4371 2886 4428 “.
2922 4390 2940 4423 ι
2972 4372 3125 4443 Saepe
3170 4390 3299 4429 vero
3330 4376 3382 4431 in
3426 4376 3574 4432 8ςεί-

316 4463 621 4529 ελεύσεται,
662 4464 757 4517 καὶ
780 4466 953 4517 ποτιεῖ
977 4463 1068 4517 τὸν
1093 4465 1424 4537 χειμάρρουν
1453 4464 1562 4519 τῶν
1597 4465 1841 4536 σχοίνων.
1870 4483 1888 4518 ›

2002 4468 2156 4527 plura
2210 4460 2468 4516 divinitus
2519 4461 2777 4530 inspirata
2819 4461 3152 4520 inveniemus
3194 4467 3285 4520 Dei
3333 4466 3571 4523 Verbum

319 4555 657 4627 Πλεισταχοῦ
697 4556 752 4611 δὲ
779 4558 878 4629 τῆς
908 4557 1267 4611 θεοπνεύστου
1326 4558 1570 4631 Γραφῆς,
1612 4560 1797 4631 πηγήν
1836 4577 1895 4614 τε

316 4650 413 4703 καὶ
438 4650 678 4721 ποταμὸν
702 4650 791 4705 τὸν
814 4650 910 4704 τοῦ
943 4650 1079 4703 Θεοῦ
1110 4651 1280 4719 Λόγον
1318 4651 1702 4723 ὠνομασμένον
1732 4655 1897 4727 εὑρή-

320 4740 622 4809 σομεν.ξΔιὰ
637 4741 793 4794 τοῦτο
809 4742 902 4795 καὶ⁸
922 4741 1083 4805 αὐτὸς
1101 4743 1212 4805 τοῖς
1246 4742 1518 4807 Ἰουδαίοις
1535 4742 1895 4815 προ[σ]διελέ-

314 4848 464 4899 γετο,
488 4833 581 4885 καὶ
606 4833 669 4904 δὴ
700 4834 793 4887 καὶ
828 4833 963 4905 πρὸς
995 4832 1187 4887 ἑαυτὸν
1208 4834 1392 4887 ἐκάλει
1428 4835 1599 4904 λέγων
1619 4851 1632 4865 ·
1670 4856 1689 4888 ι
1718 4837 1786 4891 Ei
1809 4855 1895 4901 τις

312 4922 466 4997 διψᾷ,
493 4923 733 4996 ἐρχέσθω
761 4924 899 4997 πρός
926 4942 1014 4997 με,
1046 4925 1138 4978 καὶ
1167 4925 1389 4980 πινέτω.
1429 4926 1487 4979 Ὀ
1517 4927 1787 4984 πιστεύων
1812 4931 1892 4993 είς

313 5014 438 5083 ἐμὲ,
491 5012 674 5078 καθὼς
708 5009 864 5070 εἶπεν
889 5018 921 5088 ἡ
960 5014 1170 5085 Γραφὴ,
1211 5017 1444 5086 ποταμοὶ
1470 5018 1533 5069 ἐκ
1563 5018 1660 5089 τῆς
1684 5019 1893 5083 κοιλίας

313 5102 480 5156 αὐτοῦ
513 5103 797 5175 ῥεύσουσιν
836 5105 1025 5170 ὓδατος
1065 5105 1227 5176 ζωῆς.
1256 5124 1274 5157 ι
1312 5106 1640 5173 Ποιούμενος
1676 5108 1733 5162 δὲ
1765 5111 1891 5174 τοὺς

310 5193 505 5261 λόγους
534 5195 671 5265 πρὸς
698 5196 795 5267 τὴν
830 5197 888 5250 ἐν
919 5199 985 5269 τῇ
1017 5197 1302 5269 Σαμαρείᾳ
1328 5200 1580 5267 γυναῖκα,
1605 5198 1764 5253 πάλιν
1789 5193 1891 5254 ὧδέ

312 5302 486 5355 φησι’
530 5305 546 5334 ⁶
588 5288 705 5350 Πᾶς
744 5286 771 5339 ό
806 5287 976 5341 πίνων
1013 5289 1077 5342 ἐκ
1108 5288 1201 5341 τοῦ
1251 5286 1442 5351 ὓδατος
1482 5285 1675 5340 τούτου
1734 5286 1889 5361 διψή-

313 5393 397 5429 σει
427 5376 609 5435 πάλιν,
640 5379 735 5441 ’ος
761 5377 805 5431 δ’
826 5377 893 5432 ἂν
921 5379 1019 5451 πίῃ
1048 5380 1113 5432 ἐκ
1144 5376 1239 5431 τοῦ
1268 5377 1479 5441 ὓδατος,
1511 5370 1571 5432 οῦ
1600 5376 1712 5446 ἐγὼ
1736 5376 1891 5432 δώσω

311 5465 479 5537 αὒτῷ,
519 5470 806 5538 γενήσεται
828 5469 885 5523 ἐν
908 5468 1057 5540 αὐτῷ
1095 5468 1243 5540 πηγὴ
1273 5468 1465 5533 ὓδατος
1490 5468 1782 5540 ἁλλομένου
1807 5471 1887 5534 είς

383 5618 426 5649 ³⁸
459 5617 597 5673 Psal.
660 5635 823 5682 xxxv,
850 5619 999 5683 8,10.
1113 5620 1156 5652 ⁶²
1181 5618 1323 5675 Psal.
1358 5636 1479 5687 xu,
1520 5621 1575 5674 ὅ.

1687 5622 1732 5654 ³⁸
1762 5619 1866 5675 lsa.
1933 5636 2077 5682 ιιτι,
2123 5622 2208 5678 12.

1996 4552 2198 4607 dictum
2228 4566 2350 4607 esse
2373 4552 2573 4608 fontem
2606 4569 2670 4608 ac
2690 4553 2888 4610 ﬂumen
2913 4572 2927 4620 ;
2962 4556 3188 4627 ideoque
3216 4558 3331 4627 ipse
3356 4556 3572 4614 Judaeos

1997 4648 2393 4719 alloquebatur,
2446 4657 2501 4704 et
2545 4651 2612 4704 ad
2659 4664 2717 4703 se
2748 4649 2998 4716 vocabat,
3029 4651 3217 4705 dicens
3252 4669 3264 4703 :
3304 4669 3322 4702 ι
3359 4650 3415 4705 Si
3448 4650 3570 4720 quis

1995 4741 2131 4808 sitit,
2161 4744 2339 4796 veniat
2376 4742 2439 4797 ad
2496 4757 2601 4808 me,
2662 4751 2717 4795 et
2780 4742 2951 4798 bibat.
3003 4742 3101 4809 Qui
3137 4744 3308 4797 credit
3360 4743 3412 4797 in
3460 4757 3566 4809 me,

1993 4834 2447 4903 quemadmodum
2480 4833 2612 4888 dicit
2660 4833 2962 4904 Scriptura,
3014 4833 3233 4888 ﬂumina
3273 4834 3339 4888 de
3381 4824 3597 4889 ventre

1998 4923 2116 4993 ejus
2161 4923 2326 4978 ﬂuent
2369 4941 2523 4996 aquae
2570 4927 2774 4981 vitae".
2808 4945 2826 4978 ›
2864 4924 3000 4979 Cum
3054 4927 3214 4979 etiam
3262 4939 3566 4980 sermonem

1999 5013 2161 5068 habet
2210 5013 2371 5084 773
2414 5028 2536 5068 cum
2587 5013 2926 5069 Samaritana
2974 5015 3218 5081 muliere,
3258 5031 3444 5070 rursus
3489 5015 3567 5071 sic

1997 5104 2073 5158 ait
2104 5121 2120 5159 :
2155 5122 2173 5155 ι
2210 5104 2399 5159 Omnis
2427 5108 2517 5175 qui
2553 5106 2687 5160 bibit
2728 5107 2793 5161 de
2822 5120 2959 5175 aqua
3002 5105 3124 5172 bac,
3168 5107 3307 5160 sitiet
3359 5120 3565 5160 rursus.

1994 5196 2064 5251 At
2108 5197 2198 5266 qui
2250 5198 2452 5253 biberit
2482 5198 2548 5253 de
2588 5213 2727 5269 aqua
2761 5214 2922 5269 quam
2970 5214 3069 5269 ego
3101 5198 3238 5255 dabo
3276 5198 3348 5263 ei,
3391 5198 3481 5253 [iet
3513 5197 3564 5253 in

1996 5287 2085 5342 illo
2135 5289 2256 5342 fons
2323 5303 2476 5358 aqua:
2527 5289 2771 5346 salientis
2833 5290 2885 5345 in
2930 5292 3095 5344 vitam
3145 5300 3401 5344 aeternam
3436 5289 3502 5344 ³⁸.
3539 5306 3562 5339 ι

1994 5377 2181 5450 Itaque
2213 5379 2389 5451 inquit
2420 5398 2435 5436 :
2465 5379 2522 5437 Si
2556 5382 2678 5451 quis
2716 5382 2851 5450 sitit,
2892 5384 3115 5437 accedat
3155 5383 3220 5436 ad
3264 5380 3564 5444 Christum,

1994 5481 2049 5525 et
2082 5471 2247 5537 bibat,
2291 5471 2633 5543 accipiatque
2657 5471 2877 5530 uberem
2907 5488 3001 5544 per
3026 5484 3271 5528 sanctum
3298 5468 3561 5539 Spiritum

2320 5621 2368 5693 ff
2398 5621 2535 5681 Joel.
2607 5640 2690 5693 tu,
2724 5624 2810 5684 18.
2926 5624 2970 5657 ⁸⁸
2998 5622 3151 5680 Joan.
3221 5636 3319 5689 vn,
3356 5618 3446 5687 37,
3471 5617 3561 5686 38;

312 5686 414 5741 lsa.
455 5702 601 5755 xuv,
631 5688 686 5753 5,
713 5698 768 5743 et
800 5704 956 5757 LVIII,
986 5689 1086 5757 il;
1117 5688 1255 5755 Joel,
1288 5705 1348 5755 tt,
1373 5686 1484 5759 28;
1519 5691 1639 5746 Act.
1668 5706 1729 5757 ιι,
1763 5690 1846 5745 l7.
1922 5691 1966 5723 ³⁸
1997 5690 2155 5747 Joau.
2184 5707 2257 5760 Iv,
2290 5691 2377 5761 ιδ,
2413 5694 2496 5753 Η.

382 5844 458 5899 (Η
501 5841 660 5903 LXX.
699 5843 919 5904 φάγετε.
