4106 6576
604 421 741 501 ista

1591 436 1651 492 S.
1691 434 1965 490 CYmLLl
2008 431 2482 488 ALEXANDRINI
2521 429 2836 486 ARCHiEP.

3751 427 3886 480 1223

605 563 1059 626 consolationem,
1097 569 1154 616 et
1196 559 1451 632 gratiam,
1485 569 1541 614 et
1585 561 1934 629 purissimam
1980 566 2182 628 mysta—

2296 556 2432 627 ζωὴν
2466 556 2705 608 αἰώνιον.
2736 572 2754 605 ι
2790 553 3003 606 Οὑκουν
3048 555 3102 607 εί
3129 570 3214 615 τις
3247 551 3393 621 διψᾷ.
3439 551 3601 619 φησὶ,
3638 550 3887 618 προσίτω

605 655 841 724 gogiam.
891 653 1140 722 Accipiet
1187 661 1367 707 autem
1420 667 1528 707 non
1573 668 1758 707 emens
1796 651 2043 721 pecunia,
2086 651 2180 704 sed

609 744 989 798 liberalissima
1017 760 1079 797 ac
1104 745 1511 814 promptissima
1543 744 1784 798 vocantis
1815 743 2180 797 munificentia

606 833 929 889 delectatus.
987 835 1344 900 Accedentes,
1389 836 1595 904 inquit,
1645 835 1728 888 vel
1770 843 1979 897 euntes,
2021 842 2076 887 et
2115 831 2184 884 ab

611 941 718 978 uno
751 925 872 978 loco
903 926 970 978 ad
1004 926 1166 978 alium
1199 927 1500 994 migrantes
1525 933 1579 980 et
1605 935 1967 987 transeuntes,
1998 925 2047 976 id
2077 933 2183 987 est,

618 1015 686 1066 ab
725 1028 914 1067 errore
956 1029 1142 1068 rursus
1185 1017 1249 1068 ad
1290 1016 1621 1083 agnitionem
1665 1016 1944 1079 veritatis',
1997 1015 2181 1078 emite,

609 1114 664 1155 ct
703 1104 870 1155 bibite
906 1102 1109 1172 absque
1149 1116 1374 1171 argento
1412 1121 1475 1158 ac
1499 1106 1700 1174 pretio.
1747 1105 1887 1173 Ergo
1915 1105 2182 1172 quomodo

610 1206 798 1248 emunt
832 1205 888 1249 et
925 1197 1202 1263 accipiunt
1242 1199 1432 1266 gratis,
1477 1209 1530 1252 et
1575 1199 1692 1252 sine
1731 1198 1993 1265 argento?
2035 1196 2182 1249 Fidei

610 1287 757 1339 enim
791 1291 1072 1356 praemium
1103 1289 1399 1356 accipimus
1427 1305 1456 1340 a
1477 1289 1696 1342 Christo
1719 1289 1968 1358 gratiam,
2007 1303 2183 1340 rerqu

613 1390 796 1431 autem
831 1391 1336 1434 momentauearum
1371 1391 1423 1434 et
1454 1381 1794 1448 pereuntium
1833 1381 1962 1433 nihil
1997 1395 2186 1448 repen-

615 1468 817 1523 dimus.
849 1489 867 1521 ι
901 1473 1012 1524 Dixi
1039 1472 1181 1525 enim
1205 1473 1427 1526 Domino
1454 1487 1590 1536 meo,
1618 1491 1636 1523 ι
1663 1472 1854 1539 inquit,
1879 1490 1896 1520 ι
1929 1471 2186 1524 Dominus

614 1575 769 1614 meus
800 1577 860 1615 es
892 1572 964 1625 tu,
1000 1564 1122 1630 quia
1136 1564 1295 1616 bouis
1319 1564 1452 1616 meis
1473 1578 1606 1632 opus
1640 1579 1743 1616 non
1767 1562 1933 1616 habes
1953 1561 2186 1616 "‘.»Sed

616 1651 734 1707 loco
770 1653 1032 1707 donorum
1077 1665 1130 1707 et
1178 1656 1334 1723 pretii
1387 1655 1663 1709 offerimus
1713 1654 1930 1708 Christo
1971 1653 2090 1707 fidei
2131 1654 2184 1706 in

615 1745 789 1814 ipsum
835 1746 1256 1801 confessionem.
1297 1749 1480 1817 Itaque
1516 1748 1633 1802 sine
1668 1759 1892 1817 argento
1924 1757 1974 1801 et
2016 1748 2188 1816 pretio

613 1849 698 1892 est
750 1840 864 1893 haec
923 1842 1104 1908 potio,
1148 1857 1209 1895 ac
1243 1839 1632 1895 charismatum
1688 1841 1804 1909 ejus
1856 1840 2186 1908 amplissima

2282 649 2360 718 τῷ
2384 648 2630 718 Χριστῷ,
2661 646 2758 699 καὶ
2789 645 2853 714 δὴ
2887 648 2980 698 καὶ
3017 645 3219 697 πινέτω
3255 644 3546 713 δεχόμενος
3588 642 3888 709 ἀμφελιςῆ

2281 744 2380 813 τὴν
2410 742 2499 794 διά
2519 741 2612 793 τοῦ
2637 739 2792 807 ἁγίου
2829 737 3146 808 Πνεύματος
3175 735 3544 806 παράκλησιν,
3573 732 3679 784 καὶ
3708 733 3886 800 χάριν,

2287 837 2379 888 καὶ
2402 835 2880 904 ἀκραιφνεστάτην
2905 830 3312 902 μυσταγωγίαν.
3333 826 3555 890 Δὲξεται
3580 825 3643 875 δὲ
3673 825 3738 875 οὐ
3763 840 3887 890 χρῇς

2291 925 2478 995 μάτων
2511 924 2836 994 ὠνούμενος,
2884 922 3223 991 ἀφθονοτάτῃ
3263 920 3318 971 δὲ
3357 917 3563 987 μᾶλλον
3603 915 3888 981 φιλοτιμία

2285 1016 2379 1068 τοῦ
2437 1014 2729 1075 καλοῦντος
2781 1013 3086 1084 ἐντρυφῶν.
3143 1010 3465 1081 Προστόντες
3521 1007 3621 1071 δὲ,
3691 1007 3887 1073 φησὶν.

2285 1109 2457 1178 ἤγουν
2497 1106 2836 1176 βαδίσαντες,
2868 1106 2963 1159 καὶ
2996 1105 3070 1165 ὡς
3098 1106 3162 1154 ἐκ
3193 1102 3352 1154 τόπου
3395 1096 3889 1168 μεταπηδήταντες

2287 1200 2369 1261 είς
2401 1199 2563 1250 τόπον
2599 1197 2822 1268 ἕτερον,
2860 1195 3139 1250 τουτέστιν
3183 1191 3242 1256 ἐξ
3280 1192 3497 1260 ἀπάτης
3538 1189 3719 1240 πάλιν
3759 1187 3891 1255 πρὸς

2288 1291 2589 1357 ἐπίγνωσιν
2648 1289 2946 1359 ἀληθείας,
3013 1287 3320 1356 ἀγοράσατε
3385 1285 3483 1334 καὶ
3539 1283 3710 1333 πίετε
3767 1281 3893 1332 ἄνευ

2291 1381 2560 1451 ἀργυρίου
2604 1382 2698 1432 καὶ
2735 1380 2922 1450 τιμῆς.
2953 1378 3079 1437 Πῶς
3119 1372 3210 1428 οὖν
3255 1373 3614 1444 ἀγοράζουσι,
3669 1371 3772 1422 καί
3816 1370 3899 1420 δὲ·

2288 1490 2472 1542 χονται
2527 1472 2777 1542 δωρεὰν,
2824 1473 2920 1522 καὶ
2971 1469 3233 1540 ἀργυρίου
3283 1467 3435 1536 δίχα;
3468 1465 3739 1523 Πίστεως
3792 1462 3896 1530 γάρ

2286 1564 2593 1617 ἀντέκτισιν
2619 1563 2716 1634 τὴν
2746 1561 2897 1632 παρά
2929 1558 3471 1630 Χριστοῦ,δεχὸμεθα
3499 1558 3702 1626 χάριν,
3724 1572 3895 1607 κατα·

2287 1655 2563 1725 τιθέμενοι
2624 1655 2724 1725 μὲν
2771 1653 2881 1706 τῶν
2933 1651 3282 1723 προσκαίρων
3341 1652 3437 1702 καὶ
3484 1648 3896 1716 ἀπολλυμένων

2290 1747 2480 1817 μηδὲν(
2507 1765 2524 1796 ι
2544 1743 2688 1799 Εἷπα
2708 1746 2817 1816 γάρ
2834 1745 2907 1814 τῷ
2927 1744 3115 1814 Κυρίῳ
3133 1761 3284 1813 μου,ι
3316 1742 3474 1812 φησί’
3513 1762 3530 1790 ι
3545 1741 3773 1811 Κύριός
3798 1756 3899 1806 μου

2287 1835 2334 1889 εἷ
2363 1838 2449 1898 συ,
2473 1839 2554 1890 ὅτι
2580 1837 2686 1890 τῶν
2715 1835 2933 1904 ἀγαθῶν
2957 1852 3058 1904 μου
3086 1837 3144 1886 οὑ
3170 1833 3356 1904 χρείαν
3378 1833 3570 1902 ἔχεις),
3595 1851 3612 1881 ι
3656 1833 3724 1882 ἐν
3750 1831 3897 1893 τάξει

615 1930 856 1984 donatio.
918 1932 996 1985 Ac
1043 1933 1171 2001 quid
1221 1931 1777 1999 tuercamuquuam
1823 1932 2052 1985 eminms
2100 1947 2192 1998 po-

2296 1929 2348 1982 δὲ
2387 1929 2574 2000 δώρων
2627 1929 2722 1981 καὶ
2760 1928 3087 1998 τιμημάτων
3123 1926 3581 1996 προσκομίζοντες
3621 1924 3716 1992 τῷ
3768 1925 3896 1994 Χρι-

615 2021 864 2074 tionem?
900 2020 1053 2086 Vini,
1103 2023 1307 2092 inquit;
1341 2038 1518 2077 escam
1562 2037 1712 2087 vero,
1755 2022 1928 2091 adipis
1976 2034 2030 2077 et
2073 2021 2189 2074 fru-

618 2114 806 2167 menti.
861 2113 928 2167 Et
970 2115 1186 2182 quidem
1237 2116 1287 2168 in
1338 2114 1586 2170 confesso
1632 2123 1751 2177 est,
1801 2115 2187 2168 charismatum

616 2202 818 2258 Christi
851 2206 1126 2274 copiosam
1180 2207 1570 2270 accessionem,
1606 2208 1841 2261 animam
1873 2205 2053 2270 laetitia
2081 2204 2192 2258 elli-

623 2306 784 2356 cere,
835 2303 891 2347 et
946 2293 1273 2355 vinum,illi
1321 2308 1443 2347 esse
1524 2293 1886 2362 iutelligibile,
1958 2301 2013 2346 et
2078 2291 2193 2359 qui-

618 2383 738 2437 dem
779 2385 1020 2453 adipem,
1049 2385 1098 2439 id
1127 2394 1230 2452 est,
1283 2385 1482 2438 cibum.
1523 2383 1762 2439 Roborat
1797 2398 2028 2452 namque
2049 2396 2186 2446 eam,

619 2476 959 2544 maximeque
994 2487 1226 2546 vegetat.
1265 2475 1537 2531 Credibile
1564 2485 1649 2530 est
1669 2476 1833 2529 etiam
1859 2475 1960 2528 hos
2003 2488 2191 2527 versus

617 2568 948 2622 subinnuere
993 2566 1191 2622 Christi
1257 2569 1596 2638 mysterium.
1650 2566 1751 2634 Qui
1806 2566 1950 2621 enim
2005 2566 2192 2618 hibunt

617 2674 811 2729 aquam
849 2661 1138 2726 viventem,
1175 2661 1229 2715 id
1267 2669 1371 2725 est,
1399 2677 1497 2730 per
1529 2660 1797 2730 Spiritum
1836 2658 2011 2725 gratia
2044 2658 2194 2710 locu-

618 2751 1210 2822 pletatisunt,eumque
1253 2753 1528 2821 possident
1563 2767 1627 2806 ac
1651 2748 2194 2821 participant,etflde

617 2854 823 2908 emunt,
841 2844 1131 2914 participes
1153 2845 1282 2899 fient
1301 2845 1465 2899 etiam
1486 2844 1596 2898 vini
1622 2853 1676 2898 et
1699 2843 1895 2913 adipis,
1917 2842 1966 2895 id
1983 2850 2085 2906 est,
2106 2855 2195 2893 sa-

616 2936 889 2990 crosancti
907 2935 1210 3004 corporiset
1228 2934 1505 3002 sanguinis
1534 2933 1758 2988 Christi.
1797 2934 1998 2987 Deinde
2020 2933 2104 2986 his
2124 2932 2198 2984 in-

629 3025 733 3079 fert
751 3026 882 3080 :Cur
898 3027 1198 3096 expenditis
1215 3025 1823 3097 argentum,etlaborem
1838 3035 2070 3077 vestrum
2091 3038 2194 3076 nou

618 3115 686 3168 ad
720 3117 1022 3170 satietatem
1043 3116 1066 3170 ί
1087 3115 1396 3171 Graecorum
1424 3118 1566 3169 enim
1611 3115 1882 3184 principes
1914 3127 2009 3182 pro
2033 3109 2196 3164 animi

620 3207 703 3262 sui
739 3209 1029 3272 arbitratu,
1056 3219 1108 3263 et
1123 3209 1304 3262 mundi
1334 3208 1531 3277 spiritu
1580 3218 1824 3276 accepto,
1851 3215 1902 3259 et
1918 3206 2197 3274 loquentes

2295 2020 2408 2091 στῷ
2434 2021 2530 2089 τῆς
2578 2021 2658 2082 είς
2705 2020 2867 2073 αὑτὸν
2913 2020 3149 2081 πίστεως
3194 2018 3288 2087 τὴν
3314 2018 3623 2087 ὁμολογίαν.
3677 2014 3896 2068 Οὐκοῦν

2292 2114 2417 2166 ἄνευ
2448 2113 2711 2184 ἀργυρίου
2756 2113 2852 2164 καὶ
2912 2112 3078 2182 τιμῆς
3117 2112 3151 2180 ἡ
3202 2110 3357 2172 πόσις
3397 2111 3487 2161 καὶ
3527 2112 3561 2177 ἡ
3593 2109 3717 2160 τῶν
3761 2111 3893 2179 παρ’

2295 2204 2460 2257 αὑτοῦ
2509 2203 2868 2275 χαρισμάτων
2908 2202 3248 2272 ἀφθονοτάτη
3281 2203 3476 2271 δωρεά.
3503 2202 3570 2252 Τί
3612 2201 3679 2252 δὲ
3713 2201 3786 2270 δὴ
3822 2218 3893 2254 τι·

2295 2295 2558 2366 μώμεθα,
2620 2296 2714 2348 καὶ
2761 2296 2925 2347 ποίαν
2972 2293 3259 2364 ὠνούμεθα
3300 2292 3489 2355 πόσιν;
3541 2292 3658 2360 Τὴν
3713 2294 3890 2353 eheu,

2297 2391 2452 2456 φησι,
2485 2387 2686 2457 βρῶσίν
2711 2404 2770 2438 τε
2801 2387 2938 2458 πρὸς
2976 2385 3150 2453 τούτῳ
3182 2383 3280 2453 τὴν
3313 2385 3531 2445 στέατος
3553 2386 3648 2436 καὶ
3683 2385 3888 2454 πυροῦ.

2295 2478 2405 2530 Καὶ
2446 2478 2894 2548 ὁμολογουμένως
2945 2479 3045 2548 μὲν
3077 2477 3184 2529 τῶν
3234 2475 3384 2546 παρά
3428 2474 3671 2545 Χριστοῦ
3735 2494 3894 2547 χαρι-

2297 2571 2516 2640 σμάτων
2545 2573 2578 2638 ἡ
2619 2569 2940 2639 ἀμφιλαφὴς
2976 2568 3215 2630 ἐπίδοσις
3249 2566 3632 2635 κατευφραίνει
3682 2568 3892 2637 ψυχὴν.

2295 2665 2390 2717 καὶ
2421 2658 2560 2725 οἶνος
2609 2663 2745 2732 αὐτῇ
2779 2661 2985 2727 γίνεται
3026 2658 3251 2727 νοητὸς·
3297 2659 3388 2710 καὶ
3429 2658 3534 2726 μὴν
3561 2660 3657 2711 καὶ
3697 2661 3893 2728 στέαρ,

2302 2754 2550 2808 τουτέστι
2583 2755 2779 2824 τροφή·
2806 2753 3016 2820 στερεοί
3045 2752 3154 2821 γὰρ
3201 2750 3369 2820 αὐτὴν
3405 2751 3497 2801 καὶ
3523 2750 3895 2802 εὐσθενεστά-

2296 2863 2396 2915 την
2429 2843 2701 2896 ἀποτελεῖ.
2727 2843 2837 2894 Οὐκ
2858 2841 3121 2894 ἀπίθανον
3154 2841 3232 2906 δὲ,
3269 2841 3362 2893 καὶ
3397 2841 3458 2892 τὸ
3496 2841 3745 2912 Χριστοῦ
3790 2862 3895 2911 μυο

2307 2937 2529 3005 στήριον
2593 2933 3001 2987 ὑπαινίττεσθαι
3079 2932 3257 3000 λέγειν
3333 2933 3439 2983 τῶν
3501 2934 3896 3001 προκειμένων

2306 3028 2505 3097 στίχων
2532 3024 2631 3095 τὴν
2659 3025 2908 3093 δύναμιν.
2943 3024 3005 3077 Οἱ
3038 3023 3147 3094 γάρ
3170 3041 3254 3075 τοι
3286 3024 3528 3086 πίνοντες
3558 3024 3622 3075 τὸ
3647 3024 3809 3093 ὕδωρ
3838 3027 3898 3076 τὸ

2300 3119 2428 3184 ζῶν,
2459 3118 2726 3179 τουτέστι,
2770 3117 2866 3183 τὴν
2900 3116 2986 3168 διὰ
3019 3115 3112 3167 τοῦ
3154 3115 3466 3185 Πνεῦματος
3499 3133 3638 3167 κατα
3651 3116 3898 3186 πλουτή-

2301 3226 2493 3272 σαντες
2530 3209 2690 3279 χάριν
2723 3207 2811 3261 διὰ
2853 3207 2948 3260 τοῦ
2991 3209 3281 3278 μετασχεῖν
3326 3206 3512 3270 αὑτοῦ,
3543 3208 3642 3259 καὶ
3680 3209 3899 3279 ἀγορά-

620 3299 673 3353 in
712 3295 1018 3365 Beelzebul,
1051 3301 1238 3353 orbem
1262 3309 1528 3352 terrarum
1553 3297 1949 3362 fefellerunt,et
1974 3297 2192 3363 dogma-

2303 3318 2495 3364 σαντες
2534 3300 2692 3353 τοῦτο
2715 3299 2802 3352 διὰ
2831 3300 2928 3369 τῆς
2958 3299 3212 3365 πίστεως,
3239 3300 3295 3350 ἐν
3318 3299 3530 3370 μεθέξει
3557 3302 3898 3370 γενήσονται

621 3398 733 3442 tum
757 3404 860 3442 non
886 3403 1153 3453 verorum,
1171 3389 1262 3442 sed
1291 3390 1617 3442 incertorum
1638 3403 1700 3441 ac
1721 3387 2192 3456 vituperandorum

620 3482 985 3548 expositiones
1006 3480 1467 3546 conscripserunt,
1493 3496 1555 3534 ex
1583 3481 1742 3534 corde
1766 3495 1864 3533 suo
1891 3479 2193 3546 loquentes,

621 3587 728 3625 non
747 3588 811 3625 ex
836 3587 931 3625 ore
949 3571 1181 3636 Domini,
1207 3572 1364 3624 sicuti
1384 3573 1645 3640 scriptum
1669 3571 1834 3643 774Ι
1862 3581 1944 3626 est
1967 3571 2074 3625 ³⁶“.
2096 3570 2198 3624 Ve-

622 3677 742 3717 rum
767 3680 886 3717 cum
915 3672 1163 3716 errantes
1206 3662 1566 3732 cognitionem
1595 3665 1839 3716 veritatis
1882 3672 1936 3716 et
1961 3662 2195 3716 divinam

623 3768 687 3807 ac
700 3754 973 3808 cmlestem
1001 3753 1172 3807 lucem
1201 3768 1304 3806 non
1329 3753 1592 3807 haberent
1610 3793 1624 3815 ,
1652 3753 1992 3822 disciplinam
2015 3767 2076 3805 ac
2101 3751 2197 3804 do-

623 3845 858 3898 ctrinam
909 3843 1336 3913 perniciosarum
1368 3842 1677 3912 opinionum
1712 3840 2195 3910 amplectebantur,

621 3935 879 3999 grandem
935 3932 1177 4002 pecuniae
1226 3933 1331 3985 vim
1400 3931 1732 3984 adducentes
1793 3930 1877 3983 his
1934 3930 2024 3998 qui
2076 3929 2197 3982 illas

619 4022 1034 4092 profitebantur.
1086 4021 1191 4077 Sed
1238 4022 1388 4088 haec,
1424 4022 1619 4090 inquit,
1655 4035 1826 4090 quare
1875 4020 2195 4074 mercamini

622 4111 892 4181 argento?
923 4110 1056 4164 Nam
1087 4126 1206 4179 qua:
1238 4111 1446 4163 utilitas
1473 4119 1581 4174 est,
1619 4109 1758 4161 scire
1783 4106 1920 4159 velle
1949 4106 2196 4159 facundia

621 4201 1004 4272 quorumdam,
1067 4215 1164 4254 ceu
1214 4199 1370 4252 melle
1415 4200 1693 4251 iuunctum
1745 4196 2107 4261 mendacium,
2147 4206 2202 4249 et

623 4296 879 4348 dictionis
903 4293 1190 4363 splendore
1215 4301 1463 4344 ornatam
1495 4293 1801 4344 doctrinam
1833 4291 2060 4353 discere,
2082 4303 2201 4358 qua:

621 4402 743 4441 cum
789 4385 958 4440 exitio
998 4384 1281 4452 conjuncta
1317 4394 1433 4446 est,
1490 4393 1543 4437 et
1595 4384 1889 4435 vanitatem
1947 4393 2200 4449 tanquam

622 4477 794 4532 lutum
848 4477 899 4530 in
945 4492 1074 4530 vase
1125 4492 1291 4529 aureo
1342 4476 1632 4543 repositam
1687 4473 2046 4544 cognoscere?
2096 4474 2205 4527 Nos

621 4573 764 4626 enim
801 4573 853 4626 in
886 4571 1031 4625 vasis
1076 4569 1326 4624 testaceis
1369 4566 1568 4620 Christi
1603 4568 1917 4621 thesaurum
1951 4567 2197 4635 posside-

2296 3392 2391 3445 καὶ
2441 3393 2586 3444 οἴνου
2615 3392 2710 3442 καὶ
2745 3390 2986 3452 στέατος,
3020 3391 3262 3442 τουτέστι
3297 3391 3392 3443 τοῦ
3420 3391 3574 3459 ἀγίου
3607 3391 3892 3460 σώματος,

2295 3483 2388 3535 καὶ
2418 3481 2512 3535 τοῦ
2545 3483 2773 3551 αἵματος
2793 3480 2886 3532 τοῦ
2913 3479 3150 3552 Χριστοῦ
3171 3496 3186 3509 ⁸
3217 3477 3335 3532 εἶτα
3366 3482 3574 3542 τούτοις
3605 3481 3888 3551 ἐπιφέρει·

2299 3573 2416 3626 Ἵνα
2443 3572 2493 3624 τί
2527 3571 2757 3642 τιμᾶσθε
2797 3570 3086 3641 ἀργυρίου,
3118 3571 3210 3622 καὶ
3239 3571 3330 3622 τὸν
3363 3571 3560 3640 μόχθον
3591 3571 3693 3642 [ιιι.
3725 3574 3759 3624 ὀ
3800 3572 3894 3642 μό-

2299 3662 2449 3734 χθος]
2477 3663 2629 3732 ὑμῶν
2659 3663 2758 3715 οὐκ
2780 3665 2857 3724 εἰς
2881 3661 3231 3732 πλησμονήν,
3265 3664 3328 3714 Ui
3355 3664 3451 3732 μὲν
3478 3663 3586 3733 γὰρ
3617 3664 3892 3734 Ἑλλήνων

2296 3755 2541 3822 λογάδες,
2567 3753 2709 3806 κατά
2739 3754 2797 3805 τὸ
2827 3753 3008 3814 αὐτοῖς
3035 3753 3225 3805 δοκοῦν
3253 3742 3470 3822 μᾶλλον,
3502 3754 3598 3806 καὶ
3634 3756 3700 3806 τὸ
3729 3756 3890 3809 πνεῦ-

2300 3862 2377 3914 μα
2414 3845 2670 3907 λαῆόντες
2695 3845 2788 3896 τοῦ
2822 3845 3028 3915 κόσμου
3049 3883 3063 3907 ,
3099 3847 3192 3898 καὶ
3223 3841 3508 3907 λαποῦντες
3555 3847 3616 3897 ὲν
3664 3845 3889 3910 Bal-:5-

2299 3936 2429 3989 ϐοίδλ
2461 3936 2846 4004 πεπλανήκασι
2880 3938 2978 4005 τὴν
3024 3937 3116 3988 ὑπ’
3161 3937 3419 4007 οὐρανὸν,
3457 3935 3754 4006 δογμάτων
3795 3940 3890 3991 οὐκ

2299 4026 2514 4096 ἀληθῶν
2537 4067 2552 4091 ,
2592 4028 2911 4080 ἀσυστάτων
2951 4028 3007 4080 δὲ
3059 4027 3259 4099 μᾶλλον
3300 4030 3394 4081 καὶ
3429 4029 3893 4098 κατεψευσμένον

2301 4118 2548 4180 ἐκθέσεις
2596 4120 3071 4190 συγγεγραφότες,
3131 4122 3225 4172 καὶ
3274 4121 3382 4173 ἀπὸ
3431 4122 3663 4190 καρδίας
3713 4122 3892 4175 aia-ﬁs

2299 4205 2608 4269 λαλοῦντες,
2639 4207 2733 4259 καὶ
2764 4208 2863 4259 οὐκ
2893 4208 3000 4260 ἀπὸ
3048 4208 3313 4278 στόματος
3359 4210 3591 4280 Κυρίου,
3625 4213 3772 4264 καθά
3801 4212 3891 4280 γέο

2301 4315 2564 4368 γραπται.
2584 4298 2730 4368 Πλὴν
2757 4299 2857 4352 οὐκ
2887 4299 3098 4370 ἔχοντες
3123 4301 3222 4370 τῆς
3253 4301 3510 4372 ἀληθείας
3534 4304 3635 4373 τὴν
3665 4305 3887 4372 γνῶσιν,

2302 4389 2425 4441 οὔτε
2462 4389 2570 4461 μὴν
2617 4391 2678 4444 τὸ
2719 4391 2862 4444 θεῖόν
2896 4409 2954 4444 τε
3010 4393 3104 4444 καὶ
3137 4394 3386 4463 οὐράνιον
3417 4395 3554 4465 ψῶς,
3586 4399 3634 4448 οἱ
3671 4397 3889 4449 πλανώ-

2307 4496 2457 4549 μενοι
2500 4481 2813 4551 προσῄεσαν
2842 4486 2906 4553 τῇ
2955 4484 3190 4554 μαθήσει
3238 4485 3348 4537 τῶν
3380 4487 3642 4558 ὀλεθρίων
3683 4488 3889 4558 δογμά-

2304 4587 2432 4635 των,
2465 4570 2693 4624 πλεῖστα
2725 4574 3089 4643 προσάγοντες
3123 4575 3381 4645 χρήματα
3412 4581 3523 4639 τοῖς
3563 4578 3705 4630 αὐτά
3743 4579 3886 4631 διδά-

623 4679 766 4717 mus.
805 4663 940 4730 Quid
978 4676 1128 4731 ergo,
1168 4663 1386 4730 inquit“
1413 4662 1524 4714 hzrc
1572 4672 1795 4729 argento
1845 4656 2192 4710 mercamini?

2302 4676 2451 4712 σχειν
2492 4662 2961 4732 ὑπισχνουμένοις.
3011 4664 3169 4716 Ἀλλὰ
3227 4665 3422 4731 ταῦτα,
3459 4669 3648 4735 φησὶν,
3703 4668 3789 4720 ῖνα
3835 4669 3886 4720 τί

624 4756 691 4809 Et
734 4755 886 4810 labor
925 4765 1108 4808 vester
1149 4753 1241 4822 qui
1281 4753 1620 4806 consumitur
1651 4750 1926 4812 discendo,
1963 4765 2066 4801 non
2092 4750 2198 4802 erit

625 4849 680 4901 in
705 4849 1033 4909 satietatem,
1056 4846 1107 4899 id
1135 4856 1239 4910 est,
1269 4846 1335 4897 ad
1364 4842 1706 4897 nutriendum
1739 4850 1791 4895 et
1818 4841 2194 4894 vivilicaudam

623 4938 856 4991 animam
890 4952 992 4991 non
1022 4937 1240 4990 sufficit.
1281 4935 1452 4989 Nocet
1498 4935 1640 4988 enim
1688 4933 1761 4986 illi
1816 4933 1989 5002 magis
2033 4946 2194 5000 quam

625 5035 839 5103 prodest
873 5034 1298 5102 perniciosorum
1339 5033 1652 5098 dogmatum
1701 5029 1975 5084 collectio.
2027 5029 2195 5082 [tecte

625 5140 754 5194 ergo
783 5125 958 5192 inquit
999 5124 1436 5192 sapientissimus
1467 5123 1663 5176 Paulus
1697 5138 1709 5174 :
1746 5139 1764 5171 ι
1802 5119 1903 5174 Ubi
1938 5118 2196 5189 sapiens?

629 5213 730 5269 Ubi
793 5214 1011 5266 scriba?
1049 5213 1146 5266 Ubi
1183 5215 1518 5283 conquisitor
1569 5211 1748 5265 saeculi
1786 5210 1976 5275 hujus?
2013 5209 2200 5263 Nonne

628 5302 917 5356 infamavit
954 5303 1093 5355 Deus
1126 5303 1450 5372 sapientiam
1494 5305 1675 5356 mundi
1699 5303 1786 5355 ’τί
1816 5323 1834 5354 ι
1873 5302 1937 5355 Ει
1977 5303 2190 5356 iterum.

628 5394 918 5462 Postquam
950 5394 1093 5446 enim
1124 5394 1176 5445 in
1213 5394 1474 5462 sapientia
1510 5394 1598 5446 Dei
1627 5410 1729 5447 non
1760 5395 2012 5456 cognovit
2041 5409 2196 5447 utun-

627 5483 729 5537 dus
763 5497 858 5552 per
884 5483 1207 5550 sapientiam
1236 5482 1432 5549 Deum;
1465 5483 1640 5537 visum
1675 5482 1886 5537 estDeo
1905 5498 2000 5552 per
2016 5483 2195 5536 stulti-

629 5573 756 5627 tiam
780 5573 1179 5643 przedicationis
1194 5586 1416 5628 servare
1437 5573 1814 5628 credentes”.
1835 5573 2192 5627 Communem

627 5677 691 5718 ac
712 5667 989 5735 vulgarem
1012 5665 1267 5736 loquendi
1299 5667 1514 5720 modum
1550 5667 1601 5720 in
1629 5666 1910 5736 Scriptura
1935 5666 2194 5720 divinitus

696 5843 760 5873 ³⁸·
791 5840 932 5896 Psal.
969 5857 1057 5908 xv,
1084 5843 1138 5894 ἓ.
1216 5845 1302 5876 ³⁶“
1326 5841 1526 5897 Jercm.
1563 5857 1720 5908 χχιιι,
1746 5842 1832 5896 16.

1911 5845 1952 5876 ιτ
1985 5844 2148 5900 ιεοτ.
2183 5845 2342 5913 1,20.

2298 4752 2530 4822 τιμᾶσθε
2563 4753 2827 4825 ἀργυρίου
2851 4772 2866 4820 ;
2900 4755 3035 4808 Ποία
3058 4756 3166 4827 γὰρ
3187 4741 3373 4826 ὄνησις
3394 4757 3455 4808 τὸ
3487 4757 3690 4810 εἰδέναι
3716 4759 3885 4810 θέλειν

2301 4843 2605 4914 εὐγλωττία
2643 4848 2707 4916 τῇ
2740 4863 2902 4899 τινων
2942 4842 3138 4919 οἷάπερ
3169 4846 3392 4920 μέλι[τι]
3433 4851 3884 4922 καταχριομένων

2301 4931 2396 5003 [aL
2418 4935 2943 5008 κατακεχρισμένον]
2963 4939 3023 4990 τὸ
3037 4937 3354 5006 ψεῦδος,μκαὶ
3371 4942 3428 4990 ἐν
3444 4939 3794 5008 λαμπρότητι
3807 4937 3883 4991 λέ-

2302 5025 2435 5089 ξεων
2468 5026 2698 5098 μάθημα
2728 5028 3073 5100 φθοροποιὸν,
3108 5032 3198 5083 καὶ
3244 5025 3352 5083 οἷον
3384 5032 3440 5082 ἐν
3479 5031 3666 5082 σκεύει
3705 5029 3882 5101 χρυσῷ

2302 5118 2565 5190 βορϐόρου
2603 5121 2757 5190 δίκην
2791 5125 3200 5193 σεσωρευμένον
3237 5124 3297 5175 τὸ
3324 5123 3550 5192 ψεῦδος
3591 5127 3754 5194 ἡμεῖς
3780 5123 3880 5191 γὰρ

2301 5213 2359 5262 ὲν
2408 5211 2659 5264 σκεύεσιν
2692 5213 3034 5283 ὀστρακίνοις
3086 5215 3176 5266 τὸν
3224 5215 3455 5285 Χριστὸν
3485 5212 3578 5286 [al.
3627 5210 3880 5284 Χριστοῦῖ

2305 5301 2579 5372 θησαυρὸν
2631 5304 2966 5374 κεκτήμεθα.
3010 5306 3126 5358 Ἵνα
3178 5307 3230 5357 τί
3280 5301 3371 5358 οὖν
3403 5306 3580 5357 ταῦτα
3623 5304 3878 5374 τιμᾶσθε,

2305 5395 2492 5464 φησὶν,
2524 5395 2811 5466 ἀργυρίου,
2841 5398 2935 5450 καὶ
2962 5399 2989 5450 ὀ
3037 5398 3232 5468 μόχθος
3264 5397 3440 5467 ὑμῶν,
3461 5396 3521 5459 ὃς
3565 5396 3632 5448 ἂν
3681 5395 3880 5462 γένοιτο

2301 5484 2745 5554 διαπονουμένοις
2799 5489 2879 5549 είς
2926 5488 2989 5540 τδ
3037 5488 3229 5558 μαθεῖν
3282 5488 3382 5540 οὐκ
3430 5490 3510 5550 είς
3568 5487 3879 5555 πλησμονῇν

2302 5573 2479 5640 ἔσται,
2501 5577 2801 5640 τουτέστιν,
2831 5579 2931 5632 οὐκ
2959 5580 3175 5650 ἀπόχρη
3202 5579 3337 5648 πρὸς
3375 5579 3436 5631 τὸ
3470 5579 3757 5650 διαθρέψαι
3791 5577 3879 5628 καὶ

2303 5665 2637 5739 ζωοποιῆσαι
2675 5670 2874 5740 ψυχήν.
2913 5671 3113 5723 Ἀδικεῖ
3152 5673 3259 5743 γὰρ
3309 5669 3530 5740 μᾶλλον,
3563 5670 3596 5739 ἢ
3647 5668 3877 5737 ὀνίνησιν

2421 5847 2486 5877 ’τ’
2513 5845 2533 5900 1
2571 5847 2698 5903 Cor.
2729 5863 2768 5912 ι,
2788 5847 2876 5902 2|.
