4140 6488
1436 420 1503 476 IN
1545 418 1781 478 ISAIAM
1822 419 1951 478 LIB.
1989 422 2056 477 ν.
2086 421 2327 479 TOMUS
2364 422 2432 478 11.

3429 420 3569 477 1999

299 538 474 609 αὐτὴν
519 540 628 592 τῶν
660 538 923 608 ’ὀλεθρίων
966 538 1260 607 δογμάτων
1293 540 1327 609 ὴ
1378 539 1632 610 συλλογὴ.
1686 538 1891 611 Ὀρθῶς

1997 542 2284 612 inspirata,
2331 542 2617 596 stultitiam
2659 538 3059 609 praedicationis
3104 545 3281 594 vocat.
3324 537 3571 592 ()tttittito

295 626 395 686 ὥν
423 630 534 702 ἄρα
562 630 655 683 καὶ
674 631 715 683 εό
745 630 1019 698 πάνσοφος
1046 628 1259 693 Παῦλός
1295 646 1430 700 φησι
1453 646 1469 663 ο
1500 647 1520 681 ι
1548 630 1661 684 Ποῦ
1692 631 1889 699 σοφός;

298 722 406 776 ποῦ
427 721 826 793 γραμματεύς;
864 722 968 775 ποῦ
990 720 1298 793 συζητητὴς
1321 721 1417 775 τοῦ
1443 722 1639 786 αἰῶνος
1663 721 1852 775 τούτου
1873 740 1888 789 ;

301 812 445 881 υύχὶ
481 811 766 880 ἐμώρανεν
798 811 837 862 δ
866 810 997 873 Θεὸς
1025 809 1124 879 τὴν
1170 809 1361 879 σοφίαν
1393 808 1490 864 τοῦ
1519 810 1729 880 κόσμου
1767 809 1892 863 τού-

298 917 397 954 του
419 918 434 969 ;
460 920 479 951 s
510 900 621 953 Καὶ
643 900 804 954 πάλιν
828 915 843 930 '
893 900 1113 971 Ἐπειδὴ
1130 899 1251 969 γὰρ
1279 901 1338 953 ἐν
1366 902 1431 971 τῇ
1457 900 1621 970 σοφίᾳ
1644 899 1738 952 τοῦ
1754 898 1889 953 Θεοῦ

299 992 404 1044 οὐκ
434 991 577 1060 εγπνω
601 992 631 1043 δ
660 993 865 1062 κόσμος
892 992 980 1045 διὰ
1009 992 1108 1062 τῆς
1135 990 1328 1061 σοφίας
1358 990 1450 1044 τὸν
1476 990 1634 1056 Θεὸν,
1663 990 1889 1061 εὐδόκη-

303 1100 397 1137 σεν
424 1085 453 1136 δ
483 1084 615 1147 Θεὸς
645 1083 735 1137 διὰ
763 1084 862 1154 τῆς
898 1083 1109 1155 μωρίας
1136 1081 1231 1135 τοῦ
1261 1081 1616 1153 κηρύγματος
1644 1082 1773 1144 τοὺς
1799 1098 1889 1135 πιο

305 1176 637 1239 στεύσαντας
674 1174 868 1227 σῶσαι.
911 1173 1231 1245 Μωρίαννδέ
1267 1172 1360 1226 τοῦ
1400 1170 1760 1243 κηρύγματος
1790 1170 1892 1244 τὴν

304 1266 596 1338 κοινότητα
621 1266 723 1336 τῆς
777 1265 976 1331 λέξεως
1016 1265 1117 1335 τῆς
1160 1264 1387 1334 ἐνούσης
1436 1266 1503 1334 τῇ
1550 1262 1892 1333 θεοπνεύστῳ

304 1360 533 1432 Γραφῇ,
581 1356 766 1428 φησίν.
828 1356 1083 1424 Ἀφέντες
1128 1350 1222 1408 οὖν
1268 1354 1329 1408 τὸ
1375 1355 1499 1425 είκῆ
1539 1357 1753 1421 πονεῖν,
1798 1353 1891 1408 καὶ

303 1447 584 1519 ἀκαρπίαν
612 1444 909 1513 συλλέγειν,
944 1444 1319 1517 ttat-Sanaqu
1366 1444 1653 1515 ἀνέχεσθαι
1698 1445 1893 1508 πόνους

304 1542 394 1594 ἐπ’
422 1539 727 1609 ἀνωφελέσι
755 1538 1066 1610 πράγμασι,
1098 1535 1299 1607 μᾶλλον
1340 1536 1608 1590 ἀκούσατέ
1643 1553 1768 1607 μου,
1798 1538 1894 1592 καὶ

305 1632 547 1702 φάγεσθε
584 1630 764 1699 ἀγαθά
810 1629 877 1683 τὰ
917 1628 1007 1682 διὰ
1045 1628 1154 1683 τῶν
1209 1628 1586 1697 εύαγγελικῶν
1627 1628 1891 1699 δηλονότι,

303 1721 386 1787 οἷς
414 1723 479 1793 δὴ
504 1722 599 1775 καί
641 1719 914 1793 περιττῶς
934 1761 949 1785 ,
983 1720 1147 1792 φησὶν
1167 1762 1182 1786 ,
1233 1720 1624 1793 ἐντρυφήσειεν
1668 1722 1701 1790 ἡ
1745 1719 1893 1791 ψυχὴ

305 1812 484 1883 ὑμῶν.
539 1812 686 1864 Ἐκεῖ
723 1809 923 1878 γνῶσις
973 1808 1178 1880 ἀληθὴς
1222 1809 1315 1863 τοῦ
1360 1808 1502 1864 κατὰ
1529 1809 1690 1878 φύσιν
1730 1808 1890 1877 Θεοῦ,

1995 633 2157 702 igitur
2189 632 2391 686 frustra
2430 632 2697 695 laborare,
2734 640 2791 685 et
2823 630 3000 685 nullos
3037 629 3248 684 fruetus
3292 628 3568 697 colligere,

1992 735 2057 776 ac
2089 722 2143 775 in
2182 722 2346 776 rebus
2376 720 2711 789 infrugiferis
2737 720 2951 775 labores
2977 718 3270 782 collocare,
3300 732 3365 771 ac
3389 717 3571 787 potius

1994 812 2177 867 audite
2204 826 2309 879 me,
2338 822 2392 866 et
2424 811 2727 867 comedetis
2747 813 2908 875 bona,
2934 827 2998 866 ex
3029 810 3339 879 evangelica
3366 809 3572 863 scilicet

1993 906 2384 974 prtedicalione
2411 922 2427 959 :
2460 905 2512 958 in
2548 918 2653 972 qua
2682 905 2862 959 anima
2894 913 3097 966 vestra,
3124 902 3327 970 inquit,
3356 900 3571 955 abunde

1994 994 2310 1063 acquiescet
2343 1002 2399 1049 et
2444 994 2808 1049 deliciabitur.
2862 993 2981 1047 lllic
3014 994 3254 1061 cognitio
3308 1006 3473 1055 vera,
3516 1000 3573 1045 et

1992 1086 2089 1143 Dei
2127 1084 2425 1141 secundum
2454 1094 2730 1152 naturam,
2760 1093 2819 1140 et
2841 1084 3026 1138 omnis
3066 1084 3285 1138 virtutis
3310 1092 3367 1138 et
3397 1084 3569 1137 sancti

1993 1179 2210 1234 decoris
2263 1177 2549 1247 disciplina
2601 1185 2691 1231 est
2744 1190 2809 1230 ac
2870 1174 3261 1244 intelligentia,
3310 1190 3433 1243 qua:
3484 1188 3571 1228 rcs

2001 1285 2251 1341 quasque
2297 1269 2536 1341 agendas
2567 1266 2890 1323 mirabiliter
2933 1281 2998 1321 ac
3036 1274 3184 1319 recte
3210 1265 3490 1329 discernit,
3518 1272 3573 1318 et

1994 1370 2231 1416 mentem
2270 1360 2536 1414 bonorum
2567 1374 2792 1429 operum
2829 1356 3157 1413 ell‘ectricetn
3194 1354 3403 1418 reddit;
3435 1355 3573 1409 adeo

1993 1459 2054 1503 ut
2101 1449 2355 1504 omnibus
2401 1464 2524 1519 qua
2565 1448 2840 1504 intellectu
2883 1447 3257 1517 percipiuntur
3317 1444 3573 1499 adhaere-

1999 1548 2182 1605 scaut,
2214 1548 2269 1593 et
2310 1538 2380 1594 ob
2405 1538 2551 1594 omni
2586 1538 2785 1609 probro
2815 1538 3090 1601 recedant,
3119 1536 3281 1591 etiam
3311 1535 3401 1605 qtti
3445 1544 3575 1588 ante

1995 1630 2253 1700 gravibus
2287 1630 2612 1687 criminibus
2650 1630 2870 1686 fuerunt
2906 1628 3113 1683 aﬂincs.
3158 1627 3435 1682 Attendite
3467 1627 3573 1679 ita-

1992 1738 2100 1792 que
2144 1724 2368 1779 auribus
2410 1724 2629 1787 vestris,
2675 1723 2727 1778 id
2774 1731 2891 1787 est,
2944 1733 3092 1776 recte
3132 1730 3189 1775 et
3228 1719 3570 1774 obedientcr.

1995 1815 2301 1885 Sequimini
2328 1816 2448 1871 vias
2482 1830 2657 1870 meas.
2690 1814 2781 1869 Sic
2803 1814 2949 1869 enim
2974 1813 3115 1867 dixit
3142 1811 3394 1866 Christus
3418 1823 3434 1862 :
3465 1827 3485 1862 ι
3512 1808 3571 1862 Si

305 1906 400 1959 καὶ
442 1904 644 1975 ἀρετῆς
677 1900 895 1971 ἀπάσης
923 1900 1018 1954 καὶ
1058 1900 1431 1971 ἀγιοπρεποῦς
1460 1900 1759 1972 εὐκοσμίας
1785 1903 1889 1972 μά-

1992 1905 2113 1974 quis
2142 1905 2270 1960 velit
2315 1915 2439 1976 post
2484 1921 2569 1959 me
2596 1905 2807 1969 venire,
2841 1906 3072 1971 abneget
3109 1903 3488 1971 semetipsum,
3516 1907 3574 1953 et

304 1996 461 2065 θημα
503 1994 597 2047 καὶ
629 1992 865 2055 σύνεσις,
884 1991 1224 2063 θαυμαστῶς
1245 1992 1449 2046 ἐκαστα
1467 1992 1577 2046 τῶν
1606 1993 1896 2062 πρακτέων

303 2084 479 2158 ὀρθῶς
528 2084 913 2155 διακρίνοντα,
955 2084 1051 2135 καὶ
1101 2081 1351 2153 τεχνίτην
1400 2084 1481 2147 είς
1522 2083 1895 2154 ἀγαθουργίαν

302 2175 748 2244 ἀποτελοῦσατδν
768 2174 895 2228 νοῦν
924 2174 1105 2226 ’ὥστε
1128 2173 1225 2226 καὶ
1254 2173 1427 2227 ἀπασι
1457 2173 1557 2244 μέν
1584 2174 1894 2245 νοουμένοις

304 2267 660 2337 προσκεῖσθαι
699 2264 897 2334 φιλεῖν,
932 2265 1233 2335 ἀποφοιτᾷν
1254 2263 1317 2317 δέ
1341 2264 1451 2317 τῶν
1495 2265 1597 2318 ὅσα
1629 2265 1748 2317 ἐστὶ
1776 2265 1893 2318 δια-

298 2359 639 2431 ϐεϐλημένα,
669 2359 765 2413 καὶ
801 2360 901 2429 τῆς
927 2357 1263 2427 φαυλότητος
1299 2357 1448 2410 αῐτια
1483 2356 1596 2428 [πρ.
1628 2356 1801 2429 αἰτίᾳ]
1830 2358 1891 2410 οὐ

308 2451 542 2524 μετρίως
576 2449 987 2522 ἐνισχημένους.
1041 2448 1347 2520 Προσέχετε
1389 2448 1571 2501 τοίνυν
1607 2452 1719 2512 τοῖς
1758 2450 1892 2503 ὠσὶν

300 2541 493 2614 ὑμῶν·
526 2543 773 2597 τουτέστι
800 2580 815 2606 ,
853 2541 927 2594 Τὸ
964 2540 1022 2593 δέ
1058 2539 1121 2594 τδ
1151 2538 1307 2602 εὐθές
1345 2538 1439 2592 καὶ
1477 2539 1707 2610 εὐήκοον
1732 2582 1747 2607 ,
1790 2540 1892 2593 ἐπ-

308 2635 723 2708 ακουληθήσατε
753 2637 875 2699 ταῖς
907 2634 1047 2697 ὁδοῖς
1077 2631 1323 2704 μου.Καὶ
1356 2631 1465 2703 γὰρ
1486 2630 1590 2700 ἐφη
1614 2631 1848 2702 Χριστός
1871 2647 1887 2663 ο

310 2746 331 2780 ι
369 2727 437 2781 Et
462 2744 544 2791 τις
569 2728 713 2780 θέλει
739 2727 915 2780 ὀπίσω
946 2744 1049 2796 μου
1075 2724 1272 2789 ἐλθεῖν,
1315 2724 1646 2795 ἀρνησάσθω
1675 2724 1886 2791 ἑαυτὸν,

1998 1997 2153 2052 tollat
2181 2011 2397 2051 crucem
2426 2012 2606 2060 suam,
2634 2004 2688 2051 et
2715 2003 2976 2064 sequatur
3006 2008 3093 2047 me
3114 1994 3180 2047 ³⁸.
3214 2012 3235 2045 s
3262 1993 3441 2059 Quare
3475 1989 3570 2060 qui

1994 2099 2125 2144 sunt
2151 2088 2292 2159 ejus,
2326 2104 2421 2144 eos
2451 2096 2664 2156 Oportet
2695 2086 2941 2157 vestigiis
2966 2086 3087 2153 ejus
3118 2084 3391 2139 insistere.
3433 2081 3572 2148 Quid

1994 2188 2178 2236 autem
2212 2182 2318 2235 erit
2351 2180 2460 2245 his,
2491 2180 2582 2250 qui
2612 2180 2693 2234 sic
2712 2178 2903 2233 volunt
2929 2176 3143 2231 facere?
3172 2173 3348 2240 Vivet,
3376 2172 3573 2243 inquit,

1995 2273 2052 2329 in
2090 2272 2248 2328 bonis
2295 2274 2475 2327 anima
2519 2282 2722 2326 vestra.
2770 2269 2933 2342 775
2975 2268 3372 2340 Sempiteruam
3422 2279 3572 2336 spem

1995 2366 2203 2419 sanctis
2247 2367 2571 2419 destinatam
2607 2362 2825 2416 videtur
2862 2360 3017 2415 uobis
3043 2360 3190 2414 hisce
3216 2357 3397 2412 verbis
3440 2357 3572 2410 sub-

1990 2453 2249 2508 indicare.
2300 2452 2374 2508 Ut
2429 2452 2575 2505 enim
2618 2451 2817 2505 Paulus
2858 2450 3035 2518 inquit
3084 2465 3099 2503 :
3148 2467 3165 2499 ι
3215 2446 3416 2503 Oculus
3467 2460 3571 2499 non

1987 2546 2147 2610 vidit,
2194 2545 2343 2599 auris
2377 2558 2485 2598 non
2529 2543 2758 2609 audivit,
2792 2551 2846 2595 et
2876 2556 2971 2596 cor
3010 2541 3250 2596 hominis
3285 2554 3390 2594 non
3421 2553 3572 2593 com-

1986 2635 2274 2707 prehendit
2342 2650 2464 2705 quae
2512 2634 2835 2706 prteparavit
2880 2632 3023 2688 Deus
3076 2633 3160 2687 his
3202 2631 3294 2701 qui
3342 2630 3573 2700 diligttut

1988 2740 2111 2781 eum
2132 2726 2201 2779 ³⁸.
2242 2744 2262 2779 ι

305 2822 401 2875 καὶ
426 2822 613 2893 ἀράτω
646 2822 737 2874 τὸν
760 2821 992 2891 σταυρὸν
1015 2819 1201 2884 αὑτοῦ,
1230 2821 1324 2873 καὶ
1352 2818 1714 2873 ἀκολουθείτω
1771 2837 1882 2890 μοι.
1934 2839 1953 2872 s
1994 2820 2116 2893 Χρὴ
2165 2822 2453 2892 τοιγαροῦν
2478 2862 2493 2887 ,
2535 2824 2651 2886 τοῖς
2710 2825 2911 2894 ἴχνεσιν
2945 2820 3111 2875 αὑτοῦ
3151 2817 3571 2874 κατακολουθεῖν

304 2916 623 2985 ἐπείγεσθαι
672 2917 799 2978 τοὺς
864 2916 1023 2979 ϐντας
1059 2914 1247 2970 αὐτοῦ.
1291 2916 1400 2969 Καὶ
1440 2915 1495 2968 τί
1547 2915 1779 2986 ὑπάρξει
1826 2918 1939 2980 τοῖς
1976 2917 2222 2971 ἐθέλουσι
2268 2916 2429 2971 τοῦτο
2472 2918 2639 2991 δρᾷν;
2678 2919 2931 2988 Ζήσεται,
2962 2917 3149 2987 φησὶν,
3177 2916 3236 2968 ἐν
3281 2912 3504 2983 ἀγαθοῖς
3530 2913 3569 2984 ἠ

303 3016 453 3086 ψυχὴ
478 3013 653 3083 ὑμῶν.
686 3012 798 3085 Τὴν
832 3012 1185 3084 ἀτελεύτητον
1235 3011 1449 3077 ἐλπίδα,
1478 3010 1576 3083 τὴν
1603 3015 1715 3075 τοῖς
1781 3012 1959 3081 ἀγίοις
1996 3014 2462 3087 ηὐτρεπισμένην,
2501 3015 2645 3069 ἐοικε
2676 3016 2763 3069 διὰ
2823 3016 3028 3069 τούτων
3058 3015 3191 3085 ἡμῖν
3247 3007 3565 3081 ὑποδηλοῦν.

316 3107 406 3172 Ὦς
430 3108 539 3179 γὰρ
558 3109 587 3160 ὁ
622 3107 829 3172 Παῦλος
860 3123 1043 3178 φησιν,
1078 3125 1097 3159 ι
1137 3106 1443 3177 ὐφθαλμδς
1499 3106 1601 3160 οὒκ
1631 3102 1792 3171 εἶδεν,
1858 3105 1953 3172 οὖς
1986 3111 2088 3164 οὐκ
2120 3111 2341 3179 ἤκουσε,
2367 3113 2461 3165 καὶ
2483 3112 2575 3166 ἐπί
2618 3113 2845 3185 καρδίαν
2879 3112 3165 3183 ἀνθρώπου
3188 3112 3289 3165 οὐκ
3314 3108 3500 3177 ἀνέϐη,
3531 3106 3568 3162 ἀ

304 3200 602 3274 ἡτοίμασεν
636 3202 664 3253 ὁ
703 3201 832 3264 Θεὸς
857 3205 968 3265 τοῖς
995 3201 1283 3269 ἀγαπῶσιν
1302 3202 1484 3257 αὐτόν.
1508 3220 1527 3252 ι

377 3291 487 3345 Kal
511 3290 865 3359 διαθήσομαι
886 3291 1029 3361 ὑμῖν
1053 3292 1350 3361 διαθήκην
1369 3294 1630 3356 αῖώνιον,
1654 3295 1724 3347 τὰ
1744 3294 1886 3349 ὅσια

2059 3295 2416 3353 Vens.3—5.
2447 3295 2517 3351 Et
2561 3297 2877 3350 constituam
2908 3295 3167 3350 uobiscum
3204 3304 3569 3349 testamentum

306 3381 488 3436 A0616
533 3381 607 3435 τὰ
650 3382 853 3437 πιστά.
890 3382 1046 3439 Ἰδοὺ
1082 3385 1411 3452 μαρτύριον
1445 3385 1516 3439 ὲν
1562 3385 1765 3439 ἔθνεσι
1795 3385 1890 3439 δέ⁸

306 3472 471 3527 δωκα
512 3473 719 3538 αὐτὸν,
750 3473 1031 3542 ἄρχοντα,
1071 3474 1169 3528 καί
1214 3473 1683 3543 προστάσσοντα
1728 3479 1890 3531 ἔθνε-

305 3572 431 3617 σιν.
460 3561 614 3618 Ἰδοὺ
643 3563 787 3631 ἔθνη
819 3562 997 3632 ᾶιοῠκ
1026 3564 1275 3633 ᾕδεισάν
1301 3581 1394 3629 σε,
1423 3566 1889 3621 ἐπικαλέσονται

306 3669 418 3707 σε·
448 3653 545 3707 καί
576 3657 736 3719 λαοὶ,
766 3653 825 3707 οἱ
854 3656 965 3708 οὐκ
985 3656 1324 3722 ἠπίσταντό
1349 3671 1443 3719 σε,
1476 3656 1575 3709 ἐπὶ
1609 3658 1685 3709 σὲ
1714 3674 1889 3712 κατα-

305 3746 652 3815 φσύξονται,
666 3745 873 3799 ἕνεκεν
894 3746 1115 3814 Κυρίου
1140 3746 1245 3801 τοῦ
1265 3745 1413 3800 Θεοῦ
1433 3761 1570 3809 σου,
1588 3746 1693 3800 τοῦ
1714 3748 1887 3818 ἁγίου

322 3837 584 3907 Ἰσραὴλ,
612 3838 701 3892 ὅτι
731 3838 989 3903 ἐδόξασέ
1022 3853 1116 3892 σε.

391 3928 814 4000 ’Υποσχόμενος,
837 3930 921 3983 δτι
944 3928 1187 3997 Φάγεσθε
1209 3928 1409 3997 ἀγαθὰ,
1435 3930 1528 3981 καὶ
1560 3930 1646 3982 ἐντ
1657 3932 1888 4002 ρυφήσει

308 4020 370 4073 ἐν
404 4019 629 4087 ἀγαθοῖς
654 4023 688 4090 ἡ
742 4020 888 4092 ψυχὴ
932 4021 1107 4091 ὑμῶν,
1147 4020 1507 4073 διαδείκνυσιν
1550 4021 1712 4085 εὐθὺς
1763 4022 1887 4076 τίνα

305 4108 510 4181 τρόπον
538 4111 723 4174 αὐτοῖς
752 4112 831 4175 είς
859 4110 1033 4180 πέρας
1060 4111 1349 4181 ἐκϐήσεται
1372 4110 1434 4163 τὸ
1456 4110 1883 4183 ἐπηγγελμένον.

306 4204 522 4257 Διδόναι
550 4203 659 4275 γὰρ
705 4203 1099 4273 ἐπαγγέλλεται
1142 4204 1411 4276 διαθήκην
1463 4204 1680 4258 αἰώνιον
1715 4207 1792 4275 (l)
1825 4201 1883 4259 εὖ

311 4293 458 4365 μάλα
487 4294 672 4365 φησίν.
709 4312 727 4345 ι
756 4295 829 4347 Οὐ
860 4294 969 4365 γὰρ
996 4289 1139 4364 εἶχεν
1157 4294 1185 4346 ὀ
1221 4295 1384 4366 νόμος
1413 4294 1474 4348 τὸ
1498 4293 1745 4365 διηνεκὲς
1793 4296 1887 4349 καὶ

306 4385 636 4451 ἀσάλευτον,
681 4385 858 4439 ἔκειτο
901 4384 958 4438 δὲ
1002 4385 1163 4457 μέχρι
1213 4386 1406 4458 καιροῦ
1450 4386 1820 4456 διορθώσεως,
1860 4404 1878 4439 s

306 4476 455 4530 καθά
487 4492 650 4547 φησιν
678 4478 705 4529 ὁ
735 4476 1009 4545 πάνσοφος
1056 4476 1287 4542 Παῦλος,
1340 4478 1434 4531 καὶ
1481 4476 1885 4549 παλαιωθείσης

305 4567 409 4636 τῆς
438 4566 671 4638 ἀρχαίας
714 4565 932 4636 ἐντολῆς
971 4567 1046 4631 ὼς
1078 4567 1178 4620 οὐκ
1212 4567 1442 4637 ἐχούσης
1471 4568 1530 4621 τὸ
1574 4568 1881 4639 ἄμεμπτον,

1992 3396 2269 3450 (eternum,
2300 3397 2484 3440 sancta
2544 3384 2716 3438 David
2737 3384 2939 3449 ﬁdelia.
2967 3384 3099 3437 Ecce
3130 3386 3479 3437 testimonium
3515 3386 3569 3438 in

1987 3477 2225 3548 gentibus
2248 3478 2520 3542 dedieum,
2540 3477 2823 3546 principem
2840 3487 2886 3530 et
2909 3476 3291 3545 pra’cipientem
3310 3476 3364 3528 in
3397 3477 3567 3545 genti-

1992 3572 2108 3626 bus.
2131 3570 2322 3625 Gentes
2343 3584 2459 3641 qua:
2475 3568 2769 3622 nesciebant
2796 3579 2864 3630 te,
2882 3568 3192 3621 invocabant
3209 3576 3290 3629 te;
3319 3576 3368 3619 et
3393 3567 3569 3635 populi

1988 3665 2076 3732 qui
2099 3662 2413 3733 ignorabant
2448 3660 2601 3725 te,ad
2646 3668 2696 3712 te
2741 3658 3060 3726 confugient,
3118 3668 3330 3726 propter
3388 3657 3572 3711 Domi-

1989 3769 2113 3805 num
2166 3751 2336 3805 Deum
2424 3760 2593 3815 tuum,
2644 3760 2883 3804 sanctum
2942 3747 3157 3813 Israel,
3216 3748 3343 3817 quia
3407 3751 3572 3818 glori-

1988 3845 2163 3914 ﬁcavt't
2202 3853 2270 3898 te.

2058 3937 2195 3992 Cum
2225 3949 2288 3990 ea
2311 3933 2673 4004 promissione
2689 3933 2759 3987 sit
2789 3948 2918 3987 usus
2943 3950 2957 3988 :
2987 3930 3294 3987 Comedetis
3319 3931 3486 3997 bona,
3511 3941 3567 3989 et

1988 4028 2348 4083 delectabitur
2371 4026 2527 4081 bonis
2558 4025 2737 4097 anima
2769 4034 2972 4088 vestra,
2997 4023 3181 4077 statim
3218 4024 3571 4092 quemadmo-

1988 4120 2113 4173 dum
2167 4120 2234 4171 ad
2291 4116 2453 4171 ﬁnem
2498 4114 2775 4186 perveniet
2807 4114 2947 4183 quod
2976 4114 3299 4183 promissum
3335 4122 3440 4175 est,
3469 4114 3567 4168 dc-

1988 4216 2277 4265 monstrat.
2305 4206 2602 4262 Pollicetnr
2630 4205 2772 4260 enim
2819 4205 2949 4259 dare
2984 4210 3366 4259 testamentum
3400 4211 3564 4257 mter-

1987 4317 2139 4366 num,
2168 4298 2537 4369 evangelicum
2566 4296 2819 4352 videlicet
2851 4307 2905 4350 et
2946 4295 3238 4351 salutarem
3298 4295 3563 4364 praedica-

1990 4396 2212 4451 tionem.
2266 4391 2420 4458 Quod
2474 4390 2677 4459 optime
2728 4388 2862 4443 dicit
2926 4403 3047 4443 esse
3093 4396 3379 4442 aeternum.
3456 4387 3567 4443 Nec

1988 4486 2133 4541 enim
2168 4491 2427 4554 perpetua
2458 4489 2576 4536 erat
2606 4489 2661 4535 et
2692 4480 3016 4534 inconcussa
3052 4478 3159 4546 lex,
3190 4480 3283 4533 sed
3326 4478 3392 4532 ad
3423 4488 3563 4532 tem-

1990 4592 2092 4645 pus
2133 4574 2548 4630 instaurationis
2597 4574 2771 4643 posita
2819 4580 2905 4626 est
2938 4571 3006 4637 δ’,
3044 4571 3199 4626 sicuti
3247 4571 3323 4623 ait
3351 4571 3564 4638 sapien-

303 4660 561 4731 δευτέρας
588 4659 824 4732 ἐζητήθη
858 4659 1040 4722 τόπος,
1080 4658 1238 4730 δῆλον
1274 4659 1330 4712 δέ
1363 4660 1445 4712 ὅτι
1476 4660 1574 4731 τῆς
1605 4660 1754 4722 νέας,
1788 4660 1881 4713 καὶ

1992 4666 2232 4721 tissimus
2260 4662 2478 4727 Paulus,
2523 4671 2579 4715 et
2607 4669 2788 4715 vetere
2826 4669 3094 4730 prteccpto
3133 4658 3436 4728 antiquato,
3480 4667 3562 4713 ut-

306 4751 370 4804 ιν
410 4749 631 4821 Χριστῷ
676 4750 811 4803 πολὺ
846 4751 908 4804 τὸ
958 4750 1415 4823 παρηλλαγμένον
1465 4750 1695 4822 ἐχούσης
1734 4752 1887 4823 παρὰ

1992 4765 2111 4828 pote
2153 4756 2208 4810 in
2258 4769 2367 4823 quo
2418 4752 2621 4822 aliquid
2681 4750 3113 4816 desiderabatur,
3142 4749 3292 4803 locus
3327 4758 3444 4804 erat
3478 4764 3563 4804 se-

302 4841 406 4913 τὴν
438 4842 682 4913 πρώτην.
721 4844 788 4897 Ἢ
840 4844 940 4914 μέν
986 4843 1096 4914 γάρ
1146 4839 1216 4915 ἦν
1262 4846 1319 4897 ἐν
1361 4846 1574 4907 σκιαῖς,
1605 4845 1639 4914 ἠ
1685 4843 1742 4896 δέ
1787 4845 1885 4914 τῆς

1992 4843 2161 4899 cundo
2213 4857 2353 4897 novo
2413 4841 2642 4903 scilicet,
2685 4840 2828 4909 quod
2882 4839 2933 4892 in
2973 4838 3194 4892 Christo
3249 4837 3475 4891 multum
3529 4852 3559 4894 a

304 4934 565 5004 ἀληθείας
586 4935 647 4989 τὺ
669 4934 863 4999 κάλλος
891 4935 1270 5006 ἀπαστράπτει
1300 4936 1705 5005 πνευματικῶς.
1741 4936 1885 5005 Ἔφη

1992 4932 2155 5005 priori
2194 4930 2561 4999 discrepabat.
2597 4928 2730 4983 Illud
2779 4928 2923 4985 enini
2969 4927 3167 4984 eratin
3196 4926 3424 4990 untbris,
3454 4928 3560 4981 hoc

301 5024 438 5094 γοῦν
457 5028 486 5079 ὁ
511 5026 619 5079 τῶν
648 5026 787 5081 ὅλων
817 5025 948 5089 Θεὸς
971 5025 1038 5079 δι’
1081 5026 1199 5090 ἐνὸς
1222 5027 1329 5079 τῶν
1363 5027 1533 5094 ἀγίων
1566 5026 1882 5098 προφητῶν·

1992 5023 2235 5081 veritatis
2300 5020 2754 5092 pulchritudinem
2803 5021 2983 5075 elucet
3008 5019 3386 5089 spiritualiter.
3418 5019 3559 5073 Dixit

310 5136 331 5168 ι
354 5117 487 5171 Ἰδοὺ
511 5118 718 5189 ἡμέραι
748 5118 1017 5187 ἔρχονται,
1048 5117 1197 5186 λέγει
1229 5118 1564 5189 Κύριος,καῖ
1589 5117 1890 5171 συντελέσω

1992 5120 2165 5186 itaque
2203 5114 2583 5169 universorum
2632 5113 2775 5167 Deus
2803 5127 2898 5182 per
2924 5128 3088 5165 unum
3143 5126 3174 5165 e
3206 5112 3411 5165 sanctis
3439 5125 3564 5180 pro-

304 5209 401 5261 ἐπὶ
442 5208 533 5262 τὸν
562 5204 711 5263 οἷκον
762 5208 955 5262 Ἰακὼϐ
988 5209 1081 5263 καὶ
1112 5210 1205 5262 ἐπὶ
1230 5209 1322 5263 τὸν
1348 5204 1497 5263 οἷκον
1525 5208 1742 5279 Ἰσραὴλ
1766 5207 1883 5262 δια-

1992 5205 2164 5276 phetis
2190 5221 2203 5257 :
2243 5220 2263 5255 ι
2297 5202 2434 5257 Ecce
2460 5201 2576 5257 dies
2609 5203 2854 5266 veniunt,
2881 5200 3015 5256 dicit
3042 5200 3321 5265 Dominus,
3351 5209 3405 5253 et
3435 5214 3564 5252 cou-

304 5300 483 5373 θήκην
506 5303 719 5374 καινὴν,
741 5304 801 5356 οὑ
828 5302 970 5356 κατά
996 5302 1396 5374 τὴνξδιαθήκην,
1416 5305 1483 5375 ἢν
1505 5303 1763 5373 διεθέμην
1779 5305 1889 5365 τοῖς

1992 5295 2273 5352 summabo
2305 5309 2469 5366 super
2502 5296 2719 5349 domum
2749 5293 2937 5362 Jacob,
2966 5304 3019 5348 et
3044 5307 3207 5363 super
3240 5292 3455 5346 domum
3486 5290 3561 5346 ls-

304 5394 578 5465 πατράσιν
599 5394 777 5448 αὐτῶν
816 5396 874 5447 ἐν
902 5393 1084 5466 ἡμέρᾳ
1108 5394 1618 5464 ἐπιλαμϐανομένου
1655 5411 1758 5463 μου
1790 5393 1890 5464 τῆς

1992 5387 2100 5442 rael
2132 5395 2515 5443 testamentum
2552 5401 2773 5451 novum,
2808 5401 2911 5440 non
2939 5385 3232 5440 secundum
3260 5390 3556 5435 testamen-

304 5483 491 5554 χειρὸς
515 5482 695 5537 αὐτῶν
715 5482 805 5536 τοῦ
833 5482 1118 5552 ἐξαγαγεῖν
1143 5484 1340 5548 αὐτοὺς
1365 5485 1429 5537 ἐκ
1452 5484 1555 5554 γῆς
1580 5484 1853 5553 Αἰγύπτου
1871 5500 1885 5515 ·

1992 5492 2100 5536 tum
2136 5478 2281 5552 quod
2311 5479 2557 5552 percussi
2582 5495 2703 5536 cum
2736 5478 2981 5551 patribus
3014 5492 3230 5543 eorum,
3253 5474 3340 5530 die
3364 5486 3429 5528 eo
3450 5484 3559 5543 quo

377 5653 423 5687 ³³
459 5654 653 5711 Matth.
687 5671 799 5722 xvt,
829 5657 921 5711 24.
998 5657 1043 5689 ³⁹
1072 5657 1091 5712 l
1129 5657 1258 5713 Cor.
1292 5658 1431 5725 ",9.
1506 5660 1551 5691 “
1580 5658 1740 5715 llebr.
1773 5674 1849 5727 ιχ,
1882 5659 1971 5714 10.

379 5804 455 5877 (ι)
484 5804 869 5863 Desiderantur
902 5806 991 5862 hic
1010 5804 1289 5863 nonnulla.
