4140 6532
619 412 763 471 “23

1612 412 1674 469 S.
1717 406 1998 466 εῒῐυιιι
2030 407 2505 467 ALEXANDRINI
2541 408 2861 467 ARCHEP.

620 528 954 603 apprehendi
983 541 1204 587 manum
1231 539 1443 593 eorum,
1476 534 1538 582 ut
1562 526 1853 583 educerem
1874 540 1969 582 eos
1994 544 2024 582 e
2053 535 2203 581 terra

2320 528 2388 580 ὅτι
2424 527 2576 582 αὐτοὶ
2609 529 2711 582 οὐκ
2761 529 3045 599 ἐνέμειναν
3074 531 3133 583 ἐν
3183 533 3250 601 τῇ
3288 531 3519 602 διαθήκῃ
3555 546 3684 600 μου,
3738 531 3891 598 κάγὼ

620 621 880 693 Ᾱὲεγυιίς
917 620 1042 689 quia
1078 618 1156 673 illi
1186 632 1291 673 non
1340 628 1763 687 permanserunt
1793 619 1848 672 iu
1878 626 2199 673 teatatuento

618 716 764 767 ineo.
798 711 863 764 Et
914 725 1014 779 ego
1072 708 1284 778 neglexi
1315 724 1431 776 cos,
1464 708 1600 765 dicit
1624 708 1904 763 Dominus.
1935 707 2069 762 Nam
2100 709 2202 763 hoc

624 811 1005 857 testamentum
1036 810 1121 855 est
1153 802 1295 871 quod
1329 800 1520 855 feriam
1551 816 1674 854 cum
1709 801 1868 854 domo
1896 801 2059 855 Israel
2084 809 2202 868 post

624 895 739 950 dies
767 895 902 958 illos,
926 894 1057 948 dicit
1097 893 1397 949 Dominus;
1429 894 1566 947 dabo
1610 892 1756 962 leges
1779 906 1929 946 meas
1963 891 2016 945 in
2050 907 2200 945 men-

630 996 740 1040 tem
780 1002 993 1051 eorum,
1029 994 1084 1039 et
1121 984 1380 1040 cordibus
1407 999 1597 1039 eorum
1630 983 1924 1040 inscribam
1955 999 2049 1038 eas
2077 983 2141 1038 δι.
2176 1002 2195 1036 ι

625 1080 999 1136 Diil‘erentiam
1036 1080 1200 1133 etiam
1258 1079 1456 1134 veteris
1502 1088 1559 1133 et
1614 1076 1740 1132 novi
1772 1076 2079 1132 testamenti
2110 1092 2199 1133 os-

628 1175 799 1229 tendit
853 1173 1011 1227 nobis
1064 1172 1279 1241 sapiens
1323 1171 1581 1236 Joannes,
1628 1171 1850 1225 dicens:
1886 1169 2044 1223 «va
2108 1184 2203 1238 per

627 1266 847 1338 Moysen
878 1266 1001 1321 data
1030 1275 1132 1325 est.
1160 1265 1330 1333 gratia
1361 1274 1415 1319 et
1450 1263 1657 1319 veritas
1688 1277 1783 1332 per
1807 1260 1991 1319 Iesum
2043 1262 2199 1314 (lin-i-

626 1368 770 1413 stum
836 1355 976 1410 facta
1008 1364 1095 1410 est
1122 1355 1189 1410 δ’.
1215 1373 1233 1405 ι
1264 1353 1504 1411 Gratiam
1534 1362 1590 1408 et
1632 1353 1914 1408 veritatem
1971 1354 2203 1422 appellat

630 1447 1027 1503 institutionem
1067 1447 1182 1502 veri
1212 1457 1267 1501 et
1317 1446 1617 1517 Spiritualis
1646 1445 1823 1501 cultus
1847 1460 1943 1515 per
1967 1462 2201 1515 evange-

629 1539 730 1595 lica
770 1539 987 1593 oracula
1005 1578 1021 1603 ,
1082 1554 1201 1609 qua:
1226 1554 1348 1592 cum
1381 1539 1581 1597 virtute
1606 1554 1670 1594 ac
1697 1541 1935 1609 potentia
1962 1551 2045 1594 est
2074 1556 2203 1595 cou-

626 1631 1071 1701 juucta.Moyscn
1096 1632 1264 1694 enim.
1293 1648 1414 1687 cum
1445 1632 1674 1688 famulus
1699 1644 1865 1698 esset,
1895 1634 2200 1689 ministrum

630 1740 751 1779 esse
773 1726 981 1780 umbra:
1020 1740 1123 1778 non
1158 1729 1462 1793 manentis;
1493 1727 1819 1798 776jngis
1846 1744 1972 1782 vero
2006 1741 2059 1783 et
2091 1745 2205 1783 ma—

631 1817 812 1871 nentis
842 1815 1016 1871 cultus
1056 1817 1303 1870 nuntium
1335 1832 1459 1871 eum
1491 1820 1582 1885 qui
1650 1828 1886 1874 aeternus
1912 1830 2012 1883 est,
2050 1819 2206 1874 Chri-

2307 619 2561 690 ἠμέλησα
2585 620 2785 685 αὐτῶν,
2815 622 2963 689 λέγει
2994 622 3197 689 Κύριος
3225 638 3239 651 °
3285 623 3368 676 ὅτι
3399 621 3538 691 αῦτη
3564 622 3600 689 ή
3635 620 3887 689 διαθήκη,

2306 709 2374 779 ἢν
2418 710 2744 780 διαθήσομαι
2789 710 2868 780 τῷ
2895 712 3031 782 οἴκῳ
3080 712 3297 782 Ἰσραὴλ
3350 712 3489 783 μετὰ
3532 711 3635 773 τάς
3683 712 3889 781 ἡμέρας

2309 799 2541 863 ἐκείνας,
2572 800 2722 868 λέγει
2746 800 2970 870 Κύριος,
2993 802 3167 865 διδοὺς
3192 803 3385 872 νόμους
3416 819 3520 871 μου
3545 803 3628 863 είς
3660 804 3763 868 τὴν
3788 803 3890 853 ad-

2284 889 2456 944 ’νοιαν
2498 890 2702 953 αὐτῶν,
2737 892 2830 945 καί
2863 892 2957 945 ἐπὶ
2982 894 3080 957 τὰς
3128 893 3353 963 καρδίας
3382 893 3563 946 αὐτῶν
3602 892 3892 961 ἐπιγράιξω

2308 981 2527 1046 αύτούς.
2552 1000 2571 1032 ι
2604 983 2715 1051 Τὴν
2768 982 2827 1036 δέ
2878 999 2943 1051 γε
2979 984 3243 1053 διαφορὰν
3296 983 3392 1052 τῆς
3420 1000 3479 1035 τε
3517 983 3765 1039 παλαιᾶς
3806 984 3891 1034 καὶ

2307 1072 2406 1143 τῆς
2434 1073 2559 1137 νέας
2583 1072 2848 1145 διαθήκης
2875 1075 3131 1140 διέδειξεν
3158 1076 3289 1145 ἡμῖν
3329 1076 3424 1126 καί
3458 1076 3488 1126 ὁ
3513 1073 3679 1141 σοφὸς
3715 1075 3895 1126 Ἰωάν-

2309 1179 2407 1233 νης
2433 1161 2717 1230 λέγων,ὃτι
2751 1181 2770 1216 ι
2803 1164 2861 1217 '0
2890 1164 3053 1235 νόμος
3072 1165 3159 1218 διὰ
3186 1167 3429 1228 Μωσέως
3478 1164 3660 1235 ἐδόθη,
3686 1165 3724 1233 ἡ
3743 1164 3894 1232 χάρις

2312 1254 2404 1307 καὶ
2448 1252 2738 1324 samem
2763 1253 2851 1305 διὰ
2898 1253 3072 1323 Ἰησοῦ
3109 1253 3344 1324 Χριστοῦ
3376 1254 3617 1321 ἐγένετο.
3660 1272 3683 1304 ι
3725 1252 3895 1322 Χάριν

2308 1343 2476 1399 δὲκαὶ
2493 1344 2753 1414 ἀλήθειαν
2768 1345 2866 1415 τὴν
2886 1343 2975 1399 διά
2988 1346 3097 1398 τῶν
3114 1344 3487 1412 εύαγγελικῶν
3508 1343 3895 1414 θεσπισμάτων

2309 1435 2575 1489 ἀποκαλεῖ
2593 1437 2892 1501 παίδευσιν,
2922 1436 3021 1506 τῆς
3041 1436 3273 1506 ἀληθοῦς
3302 1438 3395 1491 καὶ
3412 1439 3471 1489 ἐν
3502 1435 3785 1505 πνεύματι
3809 1436 3897 1487 λα-

2308 1526 2499 1596 τρείας
2537 1525 2635 1595 τὴν
2666 1526 2894 1597 δύναμιν
2926 1526 3190 1596 ἔχουσαν*
3222 1528 3333 1581 ἔδει
3368 1538 3505 1599 γαρ,
3536 1529 3769 1595 οἰκέτην
3804 1527 3897 1596 μὲν

2308 1618 2440 1673 ὄντα
2466 1618 2692 1678 Μωσέα,
2716 1618 2814 1687 τῆς
2846 1619 2921 1688 μὴ
2950 1618 3220 1690 μενούσης
3247 1622 3402 1680 σκιᾶς
3430 1619 3689 1689 γενέσθαι
3716 1618 3897 1671 διάκο-

2310 1725 2429 1761 νον·
2457 1706 2752 1776 ἐξαγγελέα
2796 1708 2853 1760 δὲ
2902 1710 3000 1778 τῆς
3047 1708 3329 1780 διηνεκοῦς
3365 1710 3456 1763 καὶ
3492 1709 3770 1780 μενούσης
3811 1709 3898 1761 λα-

2310 1797 2519 1869 τρείας,
2537 1797 2628 1851 τὸν
2654 1797 2892 1863 αἰώνιον,
2921 1801 3066 1870 φημὶ
3085 1801 3150 1871 δὴ
3171 1802 3261 1853 τὸν
3285 1800 3539 1873 Χριστόν.
3559 1800 3701 1855 Ποία
3721 1801 3897 1853 τοίνυν

633 1920 773 1965 stunt
798 1910 943 1974 dico,
975 1910 1241 1979 oportuit.
1276 1910 1446 1976 Quale
1475 1911 1546 1965 sit
1578 1911 1740 1980 igitur
1773 1911 1899 1966 illud
1948 1922 2208 1966 aeternum

2320 1891 2459 1945 ἐστὶν
2491 1889 2708 1954 αἰώνιος
2734 1891 2993 1963 διαθήκη,
3030 1894 3096 1964 ἦν
3134 1894 3200 1964 δὴ
3234 1894 3539 1947 συντελέσει
3584 1896 3702 1955 τοῖς
3735 1909 3898 1961 προσο

634 2005 1195 2071 testameutum,quod
1227 2003 1612 2065 accedentibus
1638 2002 1703 2056 ad
1729 2004 1902 2072 ipsum
1930 2019 2027 2072 per
2052 2002 2208 2058 ﬁdem

2320 1981 2486 2035 ιοῦσιν
2518 1980 2669 2052 αὐτῷ
2706 1982 2797 2036 διὰ
2836 1983 3103 2047 πίστεως,
3143 1983 3463 2055 καθίστησιν
3504 1984 3765 2053 ἐναργὲς,
3807 1985 3897 2035 ἐπ-

632 2079 1052 2161 ἒοηδυιηηιουίι,
1112 2095 1329 2165 planum
1395 2094 1526 2149 facit
1561 2110 1687 2150 cum
1746 2097 1929 2150 subdit
1980 2096 2209 2151 statim:

2320 2073 2551 2143 ινεγκὼν
2579 2073 2740 2137 εὐθύς
2767 2091 2779 2104 ·
2812 2075 2893 2131 Τὰ
2920 2075 3045 2129 ὅσια
3073 2074 3236 2128 Δαδὶδ
3259 2074 3329 2129 τά
3351 2077 3535 2129 πιστά.
3566 2077 3636 2127 Ἦ
3662 2074 3781 2143 γὰρ
3810 2075 3899 2143 τὴν

636 2187 836 2241 Sancta
883 2186 1100 2241 Davidis
1139 2185 1339 2241 ﬁdelia.
1404 2184 1498 2241 Vel
1548 2186 1692 2240 enim
1760 2186 2211 2255 pollicitationem

2320 2166 2389 2238 τῷ
2418 2166 2688 2236 θεσπεσίῳ
2720 2168 2887 2221 Δαδὶδ
2929 2167 3175 2223 δοθεῖσαν
3210 2168 3577 2235 ἐπαγγελλίαν
3638 2168 3779 2239 περὶ
3810 2167 3897 2221 τοῦ

633 2276 833 2331 factam
868 2277 1053 2331 divino
1084 2274 1296 2341 Davidi,
1322 2275 1389 2332 de
1441 2276 1683 2329 omnium
1743 2287 1984 2331 nostrum
2021 2275 2215 2331 Serva-

2320 2256 2533 2312 πάντων
2578 2258 2740 2329 ἡμῶν
2792 2257 3043 2329 Σωτῆρος
3084 2256 3357 2328 Χριστοῦ.
3395 2257 3727 2329 δοθήσεσθαι
3774 2276 3899 2328 φησι

639 2372 755 2416 tore
810 2362 1049 2427 Christo,
1086 2364 1338 2430 gentibus
1400 2364 1803 2419 revertentibus
1853 2366 2211 2433 praestandam

2320 2347 2424 2411 τοῖς
2457 2347 2515 2414 ἐξ
2554 2346 2725 2401 ἐθνῶν
2775 2347 3237 2418 ἐπιστρέφουσιν,
3285 2348 3454 2417 ἤγουν
3485 2348 3609 2402 θεῖα
3657 2348 3900 2401 καλείτὰ

635 2454 900 2518 dicit;vel
938 2456 1117 2507 divina
1153 2464 1303 2511 vocat
1328 2464 1384 2507 et
1404 2468 1563 2510 sacra
1592 2453 1850 2508 vaticinia
1885 2455 1950 2511 de
1973 2453 2211 2519 Christo,

638 2546 729 2614 qui
754 2560 821 2599 ex
866 2546 1073 2600 semine
1108 2544 1275 2600 David
1305 2543 1602 2602 secundum
1639 2559 1861 2601 carnem
1893 2554 2054 2603 natus
2107 2554 2211 2602 est.

641 2632 841 2689 Sancta
871 2634 1001 2689 dicit
1050 2634 1139 2689 illa
1175 2648 1318 2699 esse,
1355 2636 1501 2689 velut
1532 2643 1753 2690 sanctos
1795 2634 2071 2691 reddentia
2120 2651 2217 2693 ens

641 2725 694 2780 in
730 2726 926 2795 quibus
955 2726 1178 2779 insunt:
1212 2726 1664 2793 quemadmodum
1697 2725 1943 2780 videlicet
1969 2726 2216 2787 timorem

641 2818 735 2873 Dei
766 2834 957 2887 purum
991 2818 1297 2871 nominavit
1327 2818 1419 2887 qui
1450 2818 1719 2889 puriﬁcat,
1758 2827 1813 2872 et
1848 2820 2015 2872 vitam
2048 2834 2214 2873 evan-

636 2909 871 2977 gelicum
900 2907 1147 2978 verbum,
1174 2908 1328 2978 quasi
1358 2908 1655 2964 vivilicnus.
1692 2908 1836 2962 Dixit
1863 2910 2007 2964 enini
2062 2907 2216 2962 Chri-

645 3010 803 3055 stus:
851 3018 869 3051 ι
896 2997 1071 3052 Verba
1101 3013 1221 3066 quae
1253 3013 1353 3067 ego
1410 2997 1618 3053 locutus
1649 3014 1766 3053 sum
1796 3001 1968 3066 vobis,
1997 2999 2219 3069 spiritus

641 3098 771 3145 sunt
829 3101 884 3144 ct
941 3091 1048 3150 vita
1084 3091 1198 3152 ",i
1237 3090 1288 3142 id
1344 3100 1448 3153 est,
1510 3090 1812 3160 spiritualia
1865 3102 1921 3146 et
1983 3091 2214 3146 viviﬁca.

2316 2437 2438 2506 ιερὰ
2475 2437 2821 2506 θεσπίσματα
2868 2437 2962 2493 τοῦ
2996 2437 3062 2489 ἐκ
3120 2436 3434 2508 σπέρματος
3460 2436 3629 2490 Δαόὶδ
3658 2438 3725 2490 τὸ
3771 2438 3900 2489 κατᾶ

2317 2530 2497 2598 σάρκα
2522 2527 2788 2600 Χριστοῦ*
2823 2528 2945 2581 ὅσια
2972 2528 3030 2581 δέ
3052 2545 3222 2598 φησιν
3256 2528 3419 2594 αὐτὰ,
3447 2529 3526 2593 ὡς
3553 2529 3743 2590 ὁσίους
3777 2530 3902 2581 duo.

2318 2618 2578 2674 τελοῦντα
2616 2622 2740 2686 τοὺς
2771 2623 2827 2674 ἐν
2867 2616 2949 2684 οἷς
2992 2621 3058 2677 ἂν
3096 2621 3360 2689 γένοιντο,
3412 2620 3670 2691 καθάπερ
3712 2620 3899 2690 ἀμέλει

2317 2716 2411 2768 καί
2438 2712 2529 2766 τὸν
2551 2713 2642 2766 τοῦ
2666 2712 2799 2765 Θεοῦ
2823 2713 2985 2780 φόϐον
3015 2712 3176 2779 ἁγνὸν
3196 2712 3466 2782 ὠνόμασε,
3492 2714 3588 2766 καὶ
3615 2710 3900 2779 rimantes

2315 2806 2470 2870 ὄντα,
2509 2805 2607 2857 καὶ
2620 2804 2764 2875 ζωὴν
2793 2805 2851 2856 τὸ
2880 2805 3032 2875 ρῆμα
3056 2804 3117 2859 τὸ
3137 2804 3493 2873 εύαγγελικδν
3515 2806 3591 2867 ὡς
3618 2803 3899 2867 ζωοποιὸν.

2323 2898 2465 2969 Ἔφη
2488 2896 2597 2967 γάρ
2622 2913 2724 2949 που
2752 2896 3009 2967 Χριστὸς,
3029 2896 3113 2950 ὅτι
3151 2916 3172 2947 ί
3194 2897 3275 2949 Τά
3306 2897 3551 2966 ῥήματα,
3583 2895 3622 2949 ἃ
3647 2896 3764 2963 ἐγὼ
3789 2895 3904 2948 ἐλά-

2318 2988 2459 3057 λησα
2487 2988 2642 3057 ύμῖν,
2675 2986 2901 3057 πνεῦμά
2922 2987 3041 3040 ἐστι
3068 2986 3163 3040 καί
3178 2986 3314 3057 ζωὴ,
3344 3005 3363 3039 ι
3386 2987 3631 3039 τουτέστι
3654 3003 3900 3055 πνεῦμα·

2317 3080 2445 3133 τικὰ
2488 3080 2582 3132 καὶ
2616 3078 2875 3143 ζωοποιά.
2904 3079 3068 3132 Ὀσια
3108 3078 3173 3150 δὴ
3200 3074 3295 3131 οὖν
3341 3078 3410 3131 τά
3466 3079 3772 3149 ὁσιουργά,
3818 3080 3903 3132 καὶ

644 3185 844 3238 Sancta
897 3182 1059 3251 igitur
1107 3194 1252 3247 sunt,
1290 3198 1411 3251 quae
1459 3183 1824 3247 sanctilicant,
1864 3192 1918 3237 et
1949 3183 2126 3252 juslos
2152 3197 2216 3237 ac

2333 3171 2572 3234 δικαίους
2623 3172 2716 3227 καί⁹
2770 3169 3034 3241 ἀμώμους
3079 3170 3448 3238 ἀποφαίνοντα
3492 3174 3621 3233 τοὺς
3682 3172 3905 3241 δεχομέ-

645 3272 1146 3344 irreprehensibiles
1178 3273 1405 3326 reddunt
1452 3288 1546 3327 eos
1575 3274 1665 3341 qui
1698 3273 1786 3327 illa
1811 3274 2126 3341 accipiunt;
2151 3272 2217 3328 ii-

644 3366 782 3422 delia
819 3378 1055 3433 quoque,
1081 3364 1207 3433 quia
1232 3363 1390 3419 [idem
1425 3363 1652 3428 faciunt,
1692 3374 1746 3421 et
1777 3366 2127 3420 stabilitatem
2150 3364 2216 3420 li-

645 3455 815 3511 deiet
868 3454 990 3507 vitae
1037 3453 1289 3521 pietatem
1336 3452 1421 3507 his
1475 3451 1565 3521 qui
1610 3466 1671 3504 ca
1724 3453 2215 3521 apprehenderunt,

646 3545 985 3617 ingencraut.
1021 3544 1146 3597 llaec
1171 3552 1256 3597 est
1295 3544 1439 3597 enim
1473 3542 1851 3598 vaticiniorum
1879 3543 2081 3598 Christi
2112 3545 2219 3597 vir-

648 3643 735 3688 tus
762 3642 817 3688 et
848 3632 1158 3687 elIicacitas.
1187 3630 1323 3686 Cum
1364 3632 1527 3701 igitur
1572 3631 1827 3687 Davidem
1864 3634 2216 3699 nominasset,

648 3725 944 3788 Christum,
970 3738 1036 3778 ex
1064 3722 1272 3777 semine
1296 3720 1515 3777 Davidis
1545 3723 1840 3777 secundum
1888 3738 2130 3794 carnem,
2152 3724 2221 3779 de

650 3830 715 3870 eo
739 3814 867 3871 dicit
898 3814 1188 3870 continuo:
1218 3832 1237 3866 ι
1263 3812 1400 3868 Ecce
1426 3812 1793 3868 testimonium
1819 3814 2068 3883 gentibus
2097 3815 2218 3871 dedi

649 3907 825 3972 illum,
860 3906 1158 3977 principem
1209 3913 1265 3959 et
1325 3913 1714 3975 praeceptorem
1773 3904 1915 3957 inter
1957 3914 2166 3973 gentes.
2195 3922 2215 3957 ι

646 3996 963 4056 Obtestatur
1023 3997 1177 4068 quasi
1231 3995 1493 4052 Dominus
1550 4005 1738 4050 noster
1765 3993 1924 4050 .lesns
1952 3994 2222 4060 Christus.

650 4103 839 4161 greges
889 4088 1150 4159 gentium,
1189 4086 1331 4157 quod
1371 4086 1483 4141 sint
1536 4086 1639 4141 illae
1671 4100 1924 4155 capaces,
1955 4086 2224 4157 liceatque

649 4180 973 4243 volentibus,
1035 4178 1186 4234 nullo
1233 4179 1573 4247 prohibente,
1603 4193 1745 4233 vera:
1773 4178 1867 4233 Dei
1898 4179 2224 4249 cognitionis

652 4272 776 4326 luce
805 4270 989 4326 ditari.
1018 4270 1163 4324 Dixit
1193 4271 1375 4340 itaque
1404 4284 1500 4340 per
1526 4269 1695 4340 lyram
1723 4269 2011 4326 Psallentis
2040 4293 2052 4327 :
2089 4273 2226 4326 «Au-

653 4362 766 4417 dite
814 4363 949 4425 hzec,
973 4376 1162 4415 omnes
1206 4370 1412 4430 gentes,
1446 4362 1669 4416 auribus
1704 4363 1988 4432 percipite,
2036 4378 2225 4419 omnes

655 4452 748 4523 qui
803 4450 1062 4509 habitatis
1110 4449 1296 4504 orbem
1346 4459 1632 4516 terrarum,
1685 4454 2070 4523 tcrrigenae,et
2128 4453 2224 4508 ﬁlii

2319 3280 2443 3326 νους
2482 3261 2655 3314 αὑτά·
2691 3259 2859 3315 πιστά
2892 3260 2970 3325 δὲ,
3001 3262 3082 3313 ὅτι
3120 3262 3281 3315 πάλιν
3312 3263 3609 3317 πιστοποιά
3645 3267 3781 3326 εἱσι,
3821 3264 3904 3317 καὶ

2318 3355 2379 3408 τὸ
2401 3353 2689 3424 ἱδρυμένον
2716 3354 2773 3405 ἐν
2797 3352 2977 3405 πίστει
2998 3352 3173 3424 καὶτῇ
3214 3356 3331 3415 κατ’
3355 3352 3639 3407 εὐσέϐειαν
3663 3354 3785 3425 ζωῇ
3801 3357 3904 3417 toi;

2316 3443 2571 3498 λαϐοῦσιν
2613 3442 2989 3515 ἐνεργάζεται.
3029 3442 3269 3514 Δύναμις
3306 3444 3417 3515 γάρ
3471 3444 3613 3514 αῦτη
3672 3446 3786 3498 τῶν
3825 3446 3903 3498 διά

2316 3536 2975 3608 Χριστοῦθεσπισμάτων.
2996 3534 3205 3589 Ούκοῦν
3230 3536 3389 3589 Δαδὶδ
3410 3520 3829 3608 (impingam
3847 3538 3906 3592 bl

2321 3628 2632 3700 σπέρματος
2647 3629 2812 3683 Δαδὶδ
2826 3630 2967 3684 κατὰ
2981 3628 3159 3700 σάρκα
3178 3630 3433 3700 Χριστὸν,
3447 3632 3578 3702 περὶ
3592 3631 3765 3685 αὐτοῦ
3780 3649 3905 3702 φησι

2321 3720 2699 3791 παραχρῆμα,
2722 3740 2741 3775 ι
2774 3720 2906 3774 Ἰδοὺ
2941 3721 3244 3793 μαρτύριον
3275 3721 3453 3774 ἔθνεσι
3482 3722 3698 3775 δέδωκα
3723 3724 3902 3788 αὑτὸν,

2320 3810 2578 3882 ἄρχοντα,
2601 3813 2696 3866 καί
2716 3812 3130 3883 προστάσσοντα
3167 3812 3343 3867 ἔθνεσι
3366 3854 3380 3865 .
3415 3832 3435 3865 ι
3468 3814 3903 3886 Διαμαρτύρετιι

2320 3902 2507 3971 ὥσπερ
2530 3903 2559 3956 ὁ
2588 3903 2792 3974 Κύριος
2824 3903 2981 3975 ἡμῶν
3009 3902 3217 3974 Ἰησοῦς
3254 3904 3485 3973 Χριστὸς
3512 3888 3617 3967 τὰς
3653 3905 3715 3972 ἐξ
3740 3906 3904 3958 ἐθνῶν

2321 3994 2544 4062 ἀγέλας,
2572 3994 2657 4047 ὅτι
2700 3994 2890 4050 δεκταὶ
2919 3995 3176 4064 γεγόνασι
3216 3996 3311 4047 καὶ
3337 3989 3524 4060 αὗται,
3548 3996 3645 4049 καὶ
3692 3998 3904 4066 μέτεστι

2321 4087 2436 4148 τοῖς
2469 4084 2744 4143 ἐθέλουσιν
2784 4085 3145 4157 ἀπείργοντος
3187 4070 3401 4149 οὐδενὸς
3437 4086 3500 4139 τὸ
3535 4086 3638 4157 τῆς
3678 4086 3905 4157 άληθοαξ

2324 4176 2657 4244 θεογνωσίας
2683 4176 3128 4248 καταπλουτῆσαι
3166 4176 3300 4246 φῶς.
3335 4178 3481 4249 Ἔφη
3516 4177 3655 4245 γοῦν
3689 4179 3781 4233 διὰ
3816 4180 3905 4250 τῆς

2323 4268 2417 4322 τοῦ
2443 4269 2749 4333 Ψάλλοντος
2779 4269 2977 4339 λύρας*
3017 4286 3036 4322 ι
3079 4268 3378 4323 Ἀκούσατε
3406 4270 3605 4337 ταῦτα,
3634 4272 3818 4325 πάντα
3846 4271 3907 4324 τὰ

2326 4359 2474 4431 ἔθνη’
2499 4359 2844 4427 ἐνωτίσασθε,
2884 4359 3085 4422 πάντες
3103 4360 3151 4413 oi
3180 4359 3563 4421 κατοικοῦντες
3593 4360 3699 4431 τὴν
3738 4364 3907 4414 οίκου-

2330 4454 2519 4523 μὲνην,
2552 4455 2601 4507 oi
2631 4454 2905 4523 γηγενεῖς,
2937 4452 3032 4505 καὶ
3064 4453 3170 4506 uio!
3209 4453 3318 4505 τῶν
3360 4449 3695 4522 ἀνθρώπων,
3731 4454 3823 4506 ἐπὶ
3853 4455 3907 4505 οδ

656 4542 955 4611 hominum,
983 4542 1133 4597 dives
1180 4541 1340 4597 simul
1368 4551 1424 4595 et
1458 4556 1681 4612 pauper.
1714 4542 1786 4599 Os
1819 4558 1997 4598 meum
2038 4543 2216 4614 loquer

2330 4543 2462 4597 αὐτὸ
2520 4543 2777 4607 πλούσιος
2821 4544 2915 4597 καὶ
2970 4542 3159 4614 πένης.
3200 4542 3273 4597 Τὸ
3327 4544 3503 4614 στόμα
3546 4561 3650 4614 μου
3694 4544 3907 4614 λαλήσει

658 4644 745 4690 tur
787 4632 1129 4704 sapientiam,
1166 4643 1221 4688 et
1254 4634 1531 4689 meditatio
1560 4634 1738 4691 cordis
1766 4636 1869 4689 mei
1922 4636 2229 4707 intelligen-

659 4725 790 4779 tiam
823 4724 891 4778 “.
924 4742 942 4777 ι
974 4724 1121 4795 Opus
1149 4726 1314 4791 enim,
1342 4739 1478 4795 opus
1503 4736 1621 4779 erat
1652 4727 1914 4795 sapientia
1944 4738 1998 4781 et
2027 4727 2230 4785 intelli-

659 4817 838 4888 gentia
892 4816 981 4871 his
1010 4816 1103 4886 qui
1151 4826 1425 4883 errarunt,
1466 4818 1559 4888 qui
1599 4832 1667 4872 ex
1725 4818 1917 4888 insigni
1982 4818 2231 4875 fatuitate

660 4917 964 4963 creaturam
995 4922 1105 4977 pra:
1137 4906 1397 4964 Creatore
1425 4911 1746 4975 adorarunt,
1771 4911 1863 4978 qui
1898 4910 2041 4980 ligna
2071 4921 2124 4969 et
2152 4912 2230 4967 la-

661 4998 813 5069 pides
862 4998 992 5054 deos
1031 5007 1431 5068 nuncuparunt.
1459 4999 1729 5055 Praeterea
1756 5001 2090 5058 incarnatum
2148 5012 2232 5063 est

663 5086 924 5157 Verbum,
987 5105 1148 5158 quam
1183 5091 1253 5145 ob
1309 5105 1527 5146 causam
1586 5091 1762 5146 innuit
1819 5093 1966 5162 ipsis,
2003 5093 2227 5151 dicens:

668 5200 687 5233 ι
734 5180 967 5251 Spiritus
1014 5182 1225 5237 Domini
1260 5197 1422 5253 super
1461 5199 1566 5238 me.
1619 5184 1904 5253 Propterea
1929 5187 2083 5245 unxit
2122 5200 2228 5252 me,

667 5272 728 5330 ad
759 5272 1239 5345 evangelizandutn
1271 5276 1603 5345 pauperibus
1631 5278 1780 5333 misit
1810 5294 1919 5342 me,
1944 5281 2010 5337 ad
2041 5278 2233 5348 pradi-

670 5362 894 5419 candum
937 5364 1167 5432 captivis
1229 5364 1623 5433 liberationem,
1650 5371 1705 5419 et
1732 5366 1890 5423 cazcis
1934 5367 2141 5435 visum,~
2162 5367 2228 5421 ad

665 5454 960 5511 sanandum
1014 5454 1275 5509 contritos
1320 5455 1487 5510 corde
1514 5454 1582 5509 ".
1613 5473 1631 5507 ι
1702 5454 1766 5509 ili
1811 5458 1954 5513 enim
2012 5455 2230 5517 fuerunt

640 5538 840 5601 morbi
865 5546 1132 5613 gentium,
1160 5545 1254 5600 sed
1284 5561 1381 5615 per
1404 5545 1552 5600 illum
1580 5546 1870 5616 redemptae
1898 5557 2041 5603 sunt.
2094 5546 2226 5603 Nam

663 5638 925 5708 .apientia
952 5637 1108 5693 ditati
1132 5646 1260 5693 sunt
1287 5636 1355 5692 ab
1384 5651 1473 5704 eo,
1503 5648 1559 5693 et
1595 5637 1725 5694 facti
1750 5648 1877 5694 sunt
1926 5637 2231 5711 intelligen-

2339 4634 2552 4702 σοφίαν,
2584 4635 2680 4688 καὶ
2734 4636 2767 4705 ἡ
2800 4634 2997 4707 μελέτη
3038 4634 3139 4703 τῆς
3188 4635 3415 4707 καρδίας
3460 4653 3566 4707 μου
3612 4634 3852 4690 σύνεσιν.
3883 4655 3903 4688 ι

2338 4725 2489 4779 Ἔδει
2523 4725 2654 4795 γὰρ,
2687 4724 2792 4778 ἔδει
2825 4725 3143 4793 σοφίαςκαὶ
3186 4726 3455 4789 συνέσεως
3481 4730 3595 4790 τοῖς
3633 4727 3907 4797 πεπλανη-

2340 4816 2544 4887 μένοις,
2586 4816 2635 4868 οἳ
2676 4815 2763 4869 διὰ
2806 4815 3007 4887 πολλὴν
3032 4815 3361 4888 ἁδελτηρίαν
3402 4817 3905 4889 προσεκύνησαντῇ

2338 4908 2515 4962 κτίσει
2541 4904 2693 4977 παρὰ
2719 4906 2808 4959 τὸν
2836 4907 3137 4971 κτίσαντα,
3164 4906 3339 4971 ξύλοις
3361 4907 3454 4961 καὶ
3477 4907 3647 4971 λίθοις
3676 4907 3905 4981 ἐπεγρά-

2337 5016 2498 5069 φοντο
2536 4998 2711 5061 θεούς.
2753 4996 3173 5068 Ἐνηνθρώπησε
3207 4998 3263 5052 δὲ
3294 5000 3322 5052 ὁ
3362 5000 3555 5067 Λόγος,
3592 5001 3720 5054 ὅτου
3760 5003 3905 5072 χάριν

2339 5088 2433 5141 καὶ
2480 5087 2768 5141 ἐπένευσεν
2810 5087 3015 5151 αὐτοῖς,
3045 5086 3248 5155 λέγων’
3278 5107 3296 5140 ι
3332 5089 3558 5160 Πνεῦμα
3595 5090 3805 5160 Κυρίου
3830 5091 3906 5143 ἐπ’

2341 5182 2462 5252 ἐμὲ,
2499 5175 2559 5235 οῦ
2588 5182 2794 5235 εἵνεκεν
2824 5179 3013 5251 ἓχρισέ
3053 5197 3121 5249 με
3143 5197 3157 5211 ·
3188 5181 3645 5250 εὐαγγελίσασθαι
3683 5182 3907 5252 πτωχοῖς

2339 5273 2648 5328 ἁπέσταλκέ
2681 5290 2772 5345 με,
2802 5272 3037 5345 κηρύξαι
3064 5272 3428 5343 αίχμαλὼτοις
3450 5274 3664 5341 ἄφεσιν,
3700 5273 3794 5329 καὶ
3826 5290 3908 5326 τυ-

2343 5366 2496 5435 φλοῖς
2522 5365 2835 5435 ἀνάϐλεψιν,
2868 5364 3117 5419 ἰάσασθαι
3146 5366 3273 5429 τοὺς
3297 5366 3795 5436 συντετριμμένους
3816 5366 3909 5434 τὴν

2334 5457 2585 5527 καρδίαν.
2626 5476 2644 5509 ι
2688 5456 2876 5510 Ταῦτα
2910 5455 3019 5526 γὰρ
3058 5451 3127 5527 ἦν
3159 5455 3228 5509 τὰ
3257 5455 3365 5509 τῶν
3407 5455 3577 5509 ἐθνῶν
3626 5456 3909 5526 ἀρρωστή-

2339 5566 2511 5621 ματα,
2539 5547 2879 5621 λελύτρωται
2913 5549 2970 5603 δὲ
3009 5549 3078 5603 δι’
3120 5546 3317 5601 αὐτοῦ’
3358 5546 3768 5617 πεπλουτήκασι
3803 5545 3906 5617 γάρ

2334 5640 2435 5713 τὴν
2477 5640 2607 5711 παρ’
2640 5638 2807 5693 αὐτοῦ
2852 5639 3046 5710 σοφίαν
3067 5680 3083 5706 ,
3125 5638 3221 5694 καὶ
3261 5637 3473 5691 συνετοὶ
3506 5636 3793 5707 γεγόνασι,
3818 5632 3908 5688 καὶ

736 5816 781 5848 ⁸⁸
807 5813 921 5871 Jer.
950 5829 1098 5881 uxr,
1126 5815 1310 5870 51-33.
1390 5814 1434 5845 δ’
1470 5813 1627 5868 .loan.
1666 5828 1703 5877 ι,
1742 5814 1829 5869 l7.
1905 5814 1950 5846 ⁸³
1978 5813 2134 5870 Joan.
2165 5828 2241 5883 vi,
2272 5814 2363 5870 οι.
2436 5817 2482 5848 ⁸⁸
2503 5815 2645 5873 Psal.
2678 5830 2869 5884 uvm,
2894 5815 3014 5874 2-4.
3088 5817 3137 5851 “
3163 5815 3267 5873 lla.
3296 5829 3409 5882 ut,
3440 5815 3492 5869 ί.
