4140 6484
286 418 428 482 ιὲἳὸ

1412 421 1479 476 IN
1515 420 1747 478 ISAIAM
1789 422 1920 480 LIB.
1966 423 2030 479 ν.
2075 422 2312 480 TOMUS
2350 424 2412 479 ll.

3404 418 3540 475 £226

283 535 484 604 ἀσθενῆ
510 537 604 590 καὶ
642 534 1116 606 συντετριμμένην
1137 534 1316 588 οὐκέτι
1339 535 1436 607 τὴν
1457 535 1696 592 διάνοιαν
1720 536 1868 608 ἔχου-

1971 548 2069 602 tes,
2103 547 2158 593 et
2193 539 2465 596 inlirmum
2492 553 2554 592 ac
2587 537 2922 594 confractum
2967 533 3208 594 animum
3239 531 3401 606 777
3436 532 3540 585 utin

285 643 391 694 σιν,
438 623 599 698 [ἀλλ’]
640 624 766 694 ὑγιῆ
818 641 877 679 τε
922 626 1017 678 καὶ
1047 625 1388 698 ἐρρωμένην,
1428 629 1520 689 καὶ
1550 627 1869 698 ἐπιτηδείως

284 718 513 789 ἔχουσαν
530 715 664 788 πρὸς
679 716 1012 792 παραδοχὴν,
1042 719 1136 772 καὶ
1153 719 1489 791 κατόρθωσιν
1512 720 1716 789 ἀγαθοῦ
1735 737 1870 774 παν-

281 810 376 873 τὸς
400 809 494 862 καὶ
531 803 798 878 σωτηρίου
831 811 1178 878 πράγματος.
1198 808 1344 878 Πλὴν
1367 808 1522 878 ἄθρει
1549 810 1611 862 τὸ
1642 809 1870 880 ἀκριόὲς

285 901 380 956 τοῦ
394 899 762 968 λόγου.Είπὼν
775 898 904 970 γὰρ.
920 900 1014 963 Εἰς
1031 899 1208 971 μαρτύ
1218 916 1328 970 ριον
1345 903 1456 963 τοῖς
1471 899 1654 954 ἔθνεσέ
1663 901 1870 954 δέδωκα

285 993 470 1060 αὑτὸν,
514 992 601 1044 ἶνα
635 993 710 1061 μή
743 993 827 1054 τίς
864 1007 988 1044 τινα
1027 991 1136 1046 τῶν
1178 991 1349 1060 ἁγίων
1379 990 1676 1061 προφητῶν
1706 991 1870 1049 αὐτὸν

289 1083 556 1151 ὑπάρχειν
574 1081 988 1152 ὑποτοπήσειεν,
1012 1081 1240 1151 ὲνειδείη
1261 1081 1318 1134 δὲ
1342 1081 1541 1150 μᾶλλον
1569 1083 1676 1143 πᾶς
1691 1084 1872 1142 ὁστισ-

283 1175 401 1236 οῦν,
427 1177 508 1228 ὅτι
535 1175 600 1244 τῇ
633 1173 732 1242 τῆς
769 1171 1091 1244 κυριότητος
1120 1171 1412 1244 διαπρέπει
1434 1172 1583 1243 δόξῃ.
1601 1172 1733 1236 Θεὸς
1760 1175 1868 1245 γὰρ

287 1265 362 1320 ὢν
396 1264 665 1333 ἑπέφανεν
697 1265 851 1336 ἡμῖν,
891 1265 951 1316 οὺ
987 1263 1147 1334 μόνον
1192 1264 1354 1318 αὑτὸν
1397 1263 1698 1336 μαρτύριον
1723 1266 1869 1322 δεδό-

290 1357 413 1409 σθαι
441 1354 626 1424 φησὶν,
650 1353 787 1407 ἀλλὰ
820 1353 930 1424 γάρ
955 1355 1050 1406 καὶ
1072 1353 1310 1424 ἄρχοντα
1344 1355 1439 1408 καὶ
1459 1355 1869 1425 προστάσσοντα

289 1446 520 1502 ἔθνεσιν.
557 1447 620 1500 Οἱ
652 1445 752 1516 μὲν
801 1446 910 1518 γάρ
962 1446 1224 1518 μακάριοι
1269 1446 1583 1517 προφῆται,
1627 1450 1721 1502 καὶ
1763 1449 1868 1520 πρὸ

288 1539 468 1596 αὐτῶν
507 1539 588 1592 ἔτι
607 1537 832 1609 Μωσῆς,
870 1537 1067 1609 μέτρον
1105 1537 1318 1608 ἔχοντες
1352 1537 1414 1589 τὸ
1457 1539 1750 1602 οἰκετικὸν,
1783 1540 1864 1605 τὸ,

297 1651 316 1683 ι
357 1631 494 1694 Τάδε
536 1630 683 1703 λέγει
722 1627 946 1698 Κύριος,
977 1647 996 1679 ι
1035 1629 1346 1698 ἐπεφώνουν
1383 1629 1469 1681 ἀεὶ
1513 1631 1625 1692 τοῖς
1655 1632 1868 1702 ἀκροω-

293 1722 498 1794 μένοις,
530 1721 628 1792 οὐχ
651 1719 726 1784 ὡς
749 1720 1182 1791 προστάσσοντες
1213 1720 1435 1792 μᾶλλον,
1456 1719 1570 1773 ἀλλ’
1591 1721 1666 1787 ὡς
1695 1721 1867 1786 θείαις

291 1811 664 1876 διακονοῦντες
689 1813 893 1882 φωναῖς
913 1826 926 1840 ·
967 1813 997 1864 6
1025 1811 1080 1864 δέ
1119 1828 1181 1880 γε
1215 1811 1420 1884 Κύριος
1452 1811 1606 1883 ἡμῶν
1661 1811 1866 1882 Ἰησοῦς

1973 629 2170 687 habent
2227 629 2478 696 amplius,
2529 639 2583 681 at
2629 643 2824 682 sanum
2847 637 2902 683 et
2932 628 2997 683 ad
3044 625 3444 695 suScipieudum
3479 639 3544 680 ac

1971 719 2358 788 perliciendum
2433 736 2592 778 ontne
2650 722 2848 776 bonum
2906 734 2968 774 ac
3000 734 3086 774 res
3118 719 3382 774 salutares
3434 717 3545 771 ido-

1971 827 2152 864 neum.
2183 811 2286 865 Sed
2319 813 2546 866 observa
2583 812 2847 866 orationis
2871 809 3199 864 elaboratam
3229 808 3542 884 dispositio-

1969 915 2114 958 nem,
2140 899 2288 958 Dixit
2329 903 2471 958 enim
2503 921 2516 957 :
2547 902 2604 962 In
2647 901 3016 960 testimonium
3047 901 3169 962 dedi
3208 914 3332 954 eum
3367 899 3538 970 genti.

1969 987 2090 1058 bus,
2126 1004 2192 1050 ne
2217 991 2340 1058 quis
2374 1007 2496 1046 eum
2533 1007 2562 1045 e
2593 992 2802 1054 sanctis
2834 991 3108 1062 prophetis
3157 990 3388 1059 aliquem
3419 1003 3542 1045 esse

1970 1081 2352 1150 suspicaretur
2380 1101 2393 1144 ;
2422 1084 2516 1138 sed
2544 1091 2601 1138 ut
2630 1097 2821 1142 omnes
2847 1083 3158 1154 quicunque
3189 1091 3314 1136 sunt
3348 1080 3544 1142 intem-

1968 1179 2098 1240 gaut
2122 1211 2138 1235 ,
2183 1170 2571 1228 dominationis
2605 1173 2884 1242 majestate
2912 1173 3140 1242 quadam
3166 1187 3286 1227 eum
3329 1172 3545 1240 prazcel-

1969 1260 2098 1318 lere.
2138 1262 2279 1322 Deus
2337 1265 2482 1322 enim
2527 1265 2778 1336 apparuit
2815 1265 2971 1330 nobis
3019 1282 3034 1318 :
3067 1281 3165 1318 nec
3205 1265 3377 1320 solum
3418 1278 3543 1320 eum

1969 1352 2154 1407 datunt
2204 1369 2324 1410 esse
2381 1357 2434 1409 in
2481 1357 2850 1412 testimonium
2898 1355 3068 1419 dicit,
3111 1355 3204 1409 sed
3245 1354 3543 1424 principem

1968 1458 2089 1499 esse
2115 1462 2178 1507 ac
2210 1459 2595 1518 praeceptorem
2631 1449 2770 1508 inter
2804 1456 3012 1518 gentes.
3061 1446 3206 1502 Beati
3240 1445 3382 1502 enim
3421 1459 3546 1520 pro-

1969 1538 2164 1606 phetaa,
2200 1549 2252 1593 et
2282 1542 2370 1609 qui
2403 1551 2529 1596 ante
2557 1557 2648 1596 eos
2681 1541 2782 1602 luit
2808 1540 3040 1612 Moyses,
3073 1555 3196 1600 cum
3224 1537 3544 1594 famulorum

1972 1629 2146 1682 vicem
2189 1630 2471 1696 haberent,
2503 1646 2718 1698 semper
2767 1632 3137 1692 acclantahant
3163 1629 3540 1688 auditoribus:

1975 1737 1994 1774 ι
2021 1719 2146 1776 ΙΙωο
2177 1721 2305 1778 dicit
2331 1721 2591 1784 Dominus
2617 1739 2630 1776 :
2659 1741 2677 1776 ι
2714 1737 2819 1784 non
2850 1722 2988 1776 velut
3015 1721 3410 1794 praecipientes,
3449 1719 3544 1775 sed

1972 1811 2116 1868 velut
2151 1814 2348 1868 divinis
2398 1814 2618 1868 vocibus
2648 1815 3045 1874 ministrantes.
3077 1811 3340 1870 Dominus
3365 1810 3543 1866 autem

290 1905 320 1956 6
349 1903 582 1975 Χριστὸς
614 1901 1116 1974 θεοπρεπεστάτους
1152 1904 1388 1964 ἐποιεῖτο
1424 1902 1635 1972 λόγους.
1674 1903 1864 1964 Ἐθαν-

1971 1912 2150 1958 uoster
2193 1902 2348 1963 Jesus
2412 1904 2661 1960 Christus
2702 1905 2866 1964 verba
2904 1903 3140 1962 faciebat
3191 1905 3299 1958 Deo
3351 1919 3546 1958 conve-

295 1993 498 2062 μάζετο
533 1991 662 2059 γοῦν
705 1993 800 2046 καὶ
839 1993 970 2064 παρ’
1011 1994 1193 2058 αὐτοῖς
1228 1998 1340 2057 τοίς
1375 1993 1662 2058 Ἰουδαίοις,
1705 1996 1786 2048 ὅτι
1814 1998 1872 2050 ὲν

291 2083 512 2155 ἐξουσίᾳ
553 2079 621 2156 ἦν
664 2083 694 2138 6
728 2083 887 2154 λόγος
918 2085 1090 2154 αὐτῷ,
1119 2086 1214 2139 καὶ
1258 2087 1340 2144 ὅτι
1373 2087 1648 2142 ἐδίδασκεν
1676 2089 1872 2152 αὐτοὺς

289 2175 366 2237 ὼς
396 2173 643 2238 ἐξουσίαν
669 2174 830 2245 ἔχων,
853 2175 948 2230 καὶ
971 2175 1069 2250 οὐχ
1093 2176 1169 2240 ὼς
1203 2177 1253 2230 oi
1287 2177 1638 2248 ι’ραμματεῖς
1666 2178 1867 2233 αὐτῶν.

291 2267 368 2318 Οὐ
396 2266 502 2337 γάρ
534 2261 603 2337 ἦν
633 2267 663 2318 6
704 2265 863 2335 λόγος
900 2267 1048 2336 αὐτῴ
1080 2267 1182 2337 τῆς
1218 2268 1311 2321 τοῦ
1345 2269 1507 2340 νόμου
1543 2271 1722 2334 σκιᾶς,
1753 2269 1869 2322 ἀλλ’

288 2358 367 2422 ὡς
391 2359 552 2426 αὐτὸς
578 2357 654 2411 ὣν
691 2360 722 2414 6
758 2359 1055 2432 νομοθέτης
1089 2357 1354 2429 μετετίθει
1386 2359 1446 2412 τὸ
1465 2361 1700 2431 γράμμα
1734 2360 1870 2430 πρὸς

291 2448 571 2520 ἀλήθειαν,
599 2449 844 2512 καὶτοὺς
886 2449 1091 2514 τύπους
1125 2452 1204 2513 εἰς
1239 2452 1538 2520 ἐμφάνειαν
1576 2453 1675 2522 τὴν
1709 2469 1870 2508 πνευ-

291 2541 564 2608 ματικήν·
608 2538 794 2610 ἄρχων
822 2539 930 2610 γὰρ
957 2535 1046 2610 ἦν,
1078 2540 1171 2594 καὶ
1207 2539 1302 2594 τοῦ
1337 2543 1694 2612 προστάττειν
1732 2542 1870 2613 ἔχων

289 2629 390 2700 τὴν
409 2629 676 2694 ἐξουσίαν.
707 2632 827 2684 Ὀτι
860 2631 916 2684 δὲ
953 2631 1084 2704 περὶ
1120 2631 1230 2684 τῶν
1258 2633 1428 2685 ἐθνῶν
1454 2635 1483 2690 6
1515 2635 1614 2704 τῆς
1653 2651 1868 2706 προφη-

288 2722 439 2785 τείας
471 2723 819 2791 ὲξυφαίνεται
861 2722 1041 2792 λόγος,
1075 2723 1343 2792 ἀναμάθοι
1373 2741 1456 2788 τις
1487 2725 1575 2790 ἂν,
1608 2727 1702 2780 καὶ
1748 2726 1868 2780 λίαν

289 2813 555 2882 ἀμογητὶ,
583 2813 676 2868 τοῦ
699 2811 834 2868 Θεοῦ
853 2814 946 2866 καὶ
964 2813 1249 2884 Πατρδςπο
1273 2815 1868 2887 ιουμένουίτοὺςίλόγους

288 2902 368 2967 ὡς
395 2904 532 2973 πρὸς
564 2903 724 2962 αὑτὸν
760 2903 854 2956 τὸν
895 2903 1024 2956 ἴδιον
1058 2903 1202 2962 Υίόν.
1233 2906 1398 2977 Ἔθνη
1430 2906 1557 2977 γὰρ,
1609 2910 1794 2978 φησὶν,
1831 2909 1869 2962 ἃ

287 2993 389 3044 οὐκ
424 2993 646 3062 ᾔδεισάν
679 3009 760 3060 σε,
795 2993 1206 3050 ὲπικαλέσονταί
1255 3012 1347 3060 σε,
1380 2998 1474 3050 καὶ
1508 2997 1649 3063 λαοὶ,
1687 2999 1736 3052 οἳ
1769 3001 1868 3052 οὐκ

287 3083 586 3153 ἠπίσταντό
617 3100 676 3136 σε
710 3084 823 3148 ,ἐπὶ
867 3085 926 3138 σὲ
967 3085 1415 3155 καταφεύξονται.
1466 3089 1528 3142 Ol
1560 3088 1667 3160 γὰρ
1699 3090 1867 3144 πάλαι

289 3173 523 3246 Χριστὸν
551 3175 650 3234 οὐκ
677 3175 899 3241 ειδότες,
934 3177 1023 3233 διὰ
1059 3178 1120 3232 τὸ
1150 3179 1208 3232 ἐν
1243 3179 1399 3254 ἁχλύῖ
1430 3181 1725 3256 καὶδσκότῳ
1753 3183 1867 3236 διας

1975 1993 2336 2050 uientissima.
2373 1995 2731 2056 Admirationi
2772 2010 2964 2066 nempe
3008 1994 3102 2048 fuit
3151 1995 3284 2064 ipsis
3319 1992 3544 2056 Iudaeis,

1973 2089 2113 2154 quod
2143 2102 2261 2144 cum
2291 2096 2555 2156 potestate
2587 2090 2869 2156 conjuncta
2907 2095 3051 2146 esset
3097 2085 3216 2158 ejus
3256 2088 3429 2140 oratio
3456 2103 3468 2138 :
3493 2095 3547 2138 et

1973 2177 2154 2232 docuit
2181 2191 2297 2242 eos,
2331 2179 2486 2251 quasi
2516 2187 2836 2249 potestatein
2875 2177 3100 2240 habens,
3128 2185 3184 2230 et
3215 2191 3320 2229 non
3357 2185 3412 2228 ut
3453 2189 3546 2229 eo-

1973 2281 2088 2320 rum
2127 2265 2329 2322 Scrihaa
2350 2267 2488 2324 κου.
2515 2267 2632 2324 Νοιι
2673 2271 2814 2322 enim
2857 2267 2998 2326 illius
3027 2267 3201 2326 oratio
3252 2281 3318 2324 ex
3357 2265 3544 2319 umbra

1971 2357 2105 2428 lcgis
2127 2368 2266 2422 erat,
2297 2359 2390 2414 sed
2424 2369 2676 2431 tanquam
2707 2360 2820 2430 ipse
2850 2357 3127 2431 legislator
3151 2357 3544 2421 exsistcns,lit-

1972 2457 2143 2504 teram
2179 2451 2244 2504 ad
2295 2453 2603 2517 veritatem,
2637 2461 2791 2522 typos
2840 2451 2906 2504 ad
2953 2450 3290 2520 spiritualem
3337 2449 3546 2522 perspi-

1973 2541 2226 2595 cuitatem
2265 2543 2599 2600 traducebat.
2633 2541 2886 2609 Princeps
2915 2541 3060 2596 enim
3097 2549 3234 2603 erat.
3259 2550 3314 2594 et
3354 2541 3544 2610 praeci-

1973 2634 2154 2701 piendi
2208 2642 2534 2702 ροιεειιιιιειιι
2604 2633 2855 2694 habebat.
2924 2631 3298 2702 Propheticam
3360 2644 3542 2688 autem

1970 2723 2267 2777 orationem
2318 2726 2383 2778 de
2429 2726 2681 2792 gentibus
2723 2724 2964 2788 contexi,
2999 2723 3156 2778 facile
3189 2733 3274 2780 est
3314 2723 3442 2777 illud
3487 2733 3545 2776 et

1971 2815 2188 2884 quidem
2240 2817 2356 2869 sine
2405 2817 2589 2872 labore
2646 2815 2893 2876 discere:
2926 2831 3048 2868 cum
3099 2815 3240 2871 Deus
3287 2825 3342 2868 et
3380 2813 3544 2870 Pater

1970 2907 2133 2964 verba
2166 2906 2325 2962 faciat
2350 2909 2501 2976 quasi
2532 2923 2654 2962 cum
2689 2907 2804 2980 ipso
2828 2923 2928 2961 suo
2953 2907 3114 2964 Filio.
3145 2905 3345 2966 Gentes
3371 2906 3539 2972 enim,

1971 2998 2168 3067 inquit,
2199 3015 2318 3070 qua:
2342 3011 2392 3055 te
2429 3015 2532 3054 non
2576 3012 2864 3062 noverunt,
2898 3001 3225 3054 invocabant
3256 3008 3329 3067 te,
3355 3009 3407 3060 et
3444 3013 3542 3068 po-

1970 3089 2080 3158 puli
2110 3090 2200 3157 qui
2249 3103 2355 3143 non
2411 3089 2688 3144 sciverunt
2722 3099 2794 3152 te,
2833 3091 2900 3142 ad
2951 3099 3002 3143 te
3045 3088 3375 3158 confugient.
3405 3085 3541 3150 Nam

1969 3180 2060 3248 qui
2110 3181 2236 3234 olim
2286 3179 2556 3238 Christum
2621 3181 2954 3250 ignorarunt,
3008 3193 3072 3232 eo
3125 3179 3265 3252 quod
3316 3178 3366 3235 in
3417 3177 3544 3232 culi-

289 3265 485 3332 τελείν,
513 3266 931 3336 ἐπεκαλέσαντο,
969 3271 1276 3333 τουτέστιν,
1313 3271 1445 3327 Θεὸν
1491 3273 1868 3346 ἐπεγράψαντο

1973 3272 2098 3341 gine
2143 3281 2198 3330 et
2249 3271 2487 3326 tenebris
2527 3282 2892 3334 versarentur,
2943 3271 3290 3332 invocabant,
3335 3268 3386 3326 id
3436 3279 3539 3334 est,

287 3353 381 3406 τὸν
409 3353 634 3425 Ἰησοῦν,
680 3356 773 3407 καὶ
813 3357 898 3408 ἐπ’
938 3357 1098 3412 αὐτὸν
1144 3359 1482 3429 κατέφυγον,
1516 3363 1740 3430 ἐλπίδα,
1779 3367 1873 3422 καὶ

292 3446 629 3516 σκεπαστὴν,
659 3447 754 3498 καὶ
787 3448 1058 3519 σωτηρίας
1088 3451 1344 3520 πρόξενον
1366 3453 1744 3523 ὀνομάζοντες,
1780 3459 1874 3511 καὶ

289 3535 364 3604 ὡς
383 3535 514 3589 Θεὸν
535 3538 974 3608 ἐπικαλούμενον
1002 3540 1094 3594 καὶ
1119 3540 1205 3596 διὰ
1235 3542 1392 3596 ποίαν
1413 3545 1590 3597 αἰτίαν
1611 3563 1625 3611 ;
1646 3546 1872 3602 ’Ἕνεκεν

290 3627 495 3698 Κυρίου
521 3629 612 3682 τοῦ
657 3628 793 3682 Θεοῦ
837 3646 952 3692 σου,
999 3632 1155 3702 φησι,
1186 3633 1278 3687 τοῦ
1320 3634 1476 3702 ἁγίου
1512 3636 1750 3709 Ἰσραὴλ,
1790 3639 1871 3693 ὅτι

291 3719 510 3788 ὲδόξασέ
531 3737 608 3773 σε’
630 3721 876 3791 πρόσεισι
897 3723 996 3793 μὲν
1017 3723 1126 3793 γὰρ
1151 3725 1228 3798 τῷ
1249 3725 1361 3796 Υἱῷ
1379 3727 1688 3793 δοξάζοντες
1710 3731 1870 3784 αὐτὸν

289 3809 367 3874 ὼς
399 3813 462 3864 ἐκ
493 3811 628 3865 Θεοῦ
667 3814 874 3884 Πατρὸς
902 3816 1232 3886 γεννηθέντα
1266 3819 1408 3872 κατὰ
1435 3821 1618 3889 φύσιν,
1641 3822 1736 3878 καὶ
1771 3823 1870 3894 τὴν

290 3901 454 3955 αὐτοῦ
482 3902 577 3956 τοῦ
609 3905 857 3968 τεκόντος
886 3904 1080 3975 ἔχοντα
1113 3906 1366 3972 δόξαν.⁹0
1397 3911 1505 3980 γὰρ
1525 3911 1764 3981 δοξάζων
1779 3913 1869 3966 τὸν

289 3993 509 4066 Πατέρα
534 3995 744 4062 δοξάζει
766 3996 855 4050 τὸν
879 3996 937 4062 ἐξ
959 3997 1146 4062 αὑτοῦ,
1174 4000 1268 4052 καὶ
1295 4002 1324 4052 6
1345 3999 1582 4065 δοξάζων
1619 4002 1710 4056 τὸν
1743 4004 1868 4056 Υίὸν

291 4081 603 4148 συνδοξάζει
648 4083 864 4148 πάντως
902 4085 1052 4155 αὐτῷ
1102 4086 1194 4146 καὶ
1237 4087 1327 4140 τὸν
1355 4086 1413 4154 ἐξ
1452 4083 1512 4143 οὗ
1550 4090 1868 4164 γεγέννηται

289 4171 431 4225 κατὰ
457 4172 638 4241 φύσιν⁶
661 4173 826 4243 ἤγουν
855 4176 948 4228 καὶ
983 4175 1104 4232 καθ’
1131 4177 1337 4247 ἕτερον,
1357 4179 1405 4230 εί
1437 4177 1636 4248 βούλει,
1666 4181 1868 4251 τρόπον

287 4265 400 4328 τοῖς
433 4263 742 4334 εἰρημένοις
769 4265 1112 4338 προσϐάλῃς·
1145 4288 1163 4320 ι
1201 4269 1488 4345 ’Υπάρχων
1517 4272 1616 4341 μὲν
1655 4276 1762 4346 γὰρ
1810 4277 1869 4328 ὲν

293 4355 476 4424 μορφῇ
507 4353 600 4406 τοῦ
637 4353 796 4418 Θεοῦ,
833 4359 926 4408 καὶ
965 4357 1178 4426 Πατρὺς
1207 4361 1236 4413 6
1267 4360 1412 4428 Υἱὸς,
1445 4362 1543 4432 οὐχ
1573 4365 1868 4438 ἁρπαγμὸν

287 4442 533 4512 ἡγήσατο
562 4442 622 4495 τὸ
650 4438 788 4496 εἶναι
819 4445 907 4498 ἴσα
935 4446 1073 4516 Θεῷ,
1103 4448 1219 4504 ἀλλ’
1254 4451 1446 4510 ἑαυτὸν
1469 4454 1704 4511 έκένωσε
1743 4473 1869 4528 μορ·

290 4530 397 4598 φῆν
430 4529 615 4582 δούλου
648 4530 825 4584 λαϐὼν
861 4535 920 4585 ἐν
954 4535 1264 4607 ὁμοιώματι
1303 4540 1604 4609 ἀνθρώπων
1640 4547 1866 4616 γενόμε-

1974 3365 2142 3420 Deum
2174 3363 2556 3431 nuncupabant
2584 3362 2789 3424 Jesuut,
2824 3373 2877 3415 et
2900 3362 2965 3422 ad
2993 3377 3114 3418 eum
3139 3358 3542 3431 confugiebant,

1972 3469 2121 3524 spent
2165 3464 2220 3509 et
2250 3464 2630 3524 protectorem,
2675 3466 2728 3508 et
2760 3455 2951 3508 salutis
2981 3453 3388 3512 conciliator-em
3418 3465 3542 3506 eum

1973 3547 2407 3610 nominantes.et
2437 3557 2688 3616 tauquam
2726 3544 2890 3600 Deum
2916 3547 3249 3606 invocantes.
3281 3543 3347 3600 Et
3380 3558 3541 3614 quam

1971 3638 2041 3692 ob
2063 3637 2328 3692 causam?
2358 3636 2584 3706 Pr0pter
2627 3635 2910 3689 Dominum
2944 3635 3110 3692 Deum
3140 3645 3312 3692 tuum.
3349 3634 3544 3702 inquit,

1971 3742 2216 3784 sanctum
2270 3731 2454 3795 Israel,
2488 3729 2611 3798 quia
2647 3728 2936 3796 gloriosum
2989 3738 3037 3780 te
3073 3725 3226 3780 fecit.
3265 3725 3546 3780 Accedunt

1971 3821 2117 3878 enim
2143 3822 2208 3876 ad
2242 3818 2436 3878 Filium
2459 3831 2690 3886 eumque
2715 3817 3031 3883 praedicant,
3055 3813 3213 3884 quasi
3246 3822 3442 3870 natura
3474 3827 3539 3866 ex

1974 3910 2081 3962 Deo
2107 3906 2270 3962 Patre
2296 3905 2871 3972 natum,eamdemque
2901 3918 3021 3956 cum
3051 3901 3292 3972 genitore
3316 3900 3542 3970 gloriam

1971 4002 2281 4060 habentem.
2322 3999 2422 4065 Qui
2462 3999 2605 4056 enim
2663 3996 2896 4052 illustrat
2928 3993 3164 4060 Patrem,
3198 4003 3253 4050 et
3295 4009 3416 4048 eum
3449 3993 3540 4063 qui

1969 4106 2034 4145 cx
2069 4092 2186 4159 ipso
2216 4100 2300 4144 est
2330 4090 2600 4151 illustrat;
2633 4097 2686 4142 et
2727 4087 2819 4155 qui
2865 4085 3097 4140 illustrat
3131 4083 3350 4147 Filium,
3381 4082 3543 4140 simul

1969 4198 2088 4238 cum
2118 4195 2182 4236 eo
2221 4195 2435 4249 semper
2491 4181 2722 4236 illustrat
2763 4188 2818 4233 et
2853 4177 2998 4232 illum
3030 4192 3094 4232 ex
3140 4193 3247 4246 quo
3279 4175 3540 4232 naturali-

1968 4283 2050 4327 ter
2085 4273 2296 4342 genitus
2325 4281 2428 4328 est.
2459 4270 2568 4334 Vel,
2603 4271 2647 4326 si
2683 4272 2880 4342 placet,
2912 4269 3019 4328 alio
3047 4269 3204 4326 modo
3235 4267 3348 4338 jam
3383 4267 3545 4326 dictis

1967 4363 2142 4416 adde:
2180 4381 2197 4412 ι
2223 4361 2394 4416 Filius
2424 4363 2567 4416 enim
2595 4376 2715 4414 cum
2741 4361 2792 4414 in
2834 4359 3002 4415 forma
3041 4358 3132 4416 Dei
3169 4367 3221 4416 et
3252 4357 3428 4414 Patris
3464 4370 3544 4414 es-

1967 4462 2070 4514 set,
2123 4468 2226 4509 non
2280 4451 2527 4521 rapinam
2578 4452 2877 4508 arbitratus
2910 4461 2992 4504 est
3029 4463 3148 4510 esse
3193 4464 3250 4502 se
3279 4447 3542 4520 aaqualem
3599 4517 3607 4528 λ

1971 4542 2112 4606 Deo;
2161 4543 2254 4596 sed
2313 4541 2538 4596 iuanivit
2585 4543 2846 4610 seipsutn,
2898 4540 3072 4602 fortuna
3113 4539 3254 4600 servi
3303 4548 3541 4606 sumpta,

289 4637 396 4682 νος,
425 4621 518 4672 καὶ
552 4624 786 4692 σχήματι
809 4625 1054 4698 εὑρεθεὶς
1082 4627 1156 4692 ὡς
1178 4628 1482 4699 ἄνθρωπος,
1505 4613 1864 4692 ἐταπείνωσεν

1971 4634 2136 4706 778
2159 4635 2209 4687 in
2243 4634 2594 4690 similitudine
2627 4633 2903 4690 hominum
2934 4632 3130 4694 factus,
3156 4643 3209 4686 et
3237 4631 3421 4685 habitu
3449 4645 3538 4683 re-

287 4711 476 4763 ἑαυτὸν
496 4712 783 4781 γενόμενος
809 4716 1048 4786 ὑπήκοος
1081 4717 1244 4789 μέχρι
1261 4721 1515 4787 θανάτου,
1546 4723 1774 4784 θανάτου
1801 4729 1858 4782 δὲ

288 4800 547 4870 σταυροῦ.
570 4801 659 4854 Διὸ
685 4802 777 4854 καὶ
798 4806 826 4855 6
845 4803 978 4867 Θεὸς
1000 4806 1160 4859 αὐτὸν
1185 4808 1532 4880 ὑπερύψωσε,
1561 4817 1654 4868 καὶ
1675 4817 1857 4886 exapt-

1967 4736 2150 4790 pertus
2190 4733 2246 4776 ut
2297 4723 2455 4778 homo
2486 4742 2504 4772 ι
2541 4724 2738 4791 dejecit
2767 4725 2884 4790 ipse
2907 4738 2966 4776 se
3011 4740 3029 4776 ι
3058 4722 3230 4783 luctus
3284 4721 3540 4776 ubedieus

1965 4827 2132 4882 usque
2158 4813 2225 4867 ad
2254 4823 2502 4878 mortem,
2543 4820 2595 4867 et
2639 4811 2855 4880 quidem
2908 4823 3134 4866 mortem
3189 4809 3389 4864 crucis.
3416 4808 3542 4863 Pro-

287 4907 420 4943 σατο
432 4890 581 4962 αὑτῷ
601 4890 770 4962 ὄνομα
787 4892 848 4948 τὸ
869 4895 1007 4965 ὑπὲρ
1025 4897 1131 4950 πᾶν
1151 4896 1340 4968 δνομα,
1361 4900 1446 4953 ἵνα
1467 4904 1524 4955 ὲν
1541 4902 1617 4972 τῷ
1631 4905 1855 4975 ὀνόματι

1971 4915 2080 4974 pter
2108 4906 2248 4973 quod
2269 4906 2475 4960 etDeus
2503 4905 2762 4961 exaltavit
2782 4911 2997 4964 eum,et
3021 4901 3237 4956 donavit
3266 4901 3311 4954 ei
3346 4914 3539 4954 nomen

299 4980 722 5052 ’lqcoGX9to'r06
747 4983 853 5036 πᾶν
877 4986 1006 5054 γόνυ
1037 4987 1251 5060 κάμψῃ,
1267 4990 1731 5062 ἑπουρανίων,κα“ι
1752 4998 1870 5052 ἐπι-

281 5071 472 5140 γείων,
490 5074 583 5127 καὶ
606 5074 997 5144 καταχθονίων,
1013 5080 1108 5132 καὶ
1139 5082 1288 5133 πᾶσα
1307 5082 1527 5150 γλῶσσα
1549 5085 1870 5162 ἐξομολογή-

284 5171 459 5230 σεται,
487 5165 570 5218 ὃτι
613 5166 816 5237 Κύριος
869 5170 1074 5239 Ἰησοῦς
1112 5174 1365 5245 Χριστὸς,
1416 5179 1497 5240 είς
1543 5179 1701 5243 δόξαν
1731 5183 1865 5237 Θεοῦ

282 5253 516 5327 Πατρός.
535 5255 725 5328 Ἀμήν.
741 5279 760 5309 ι
783 5259 1000 5331 Ἐπειδὴ
1017 5261 1123 5334 γάρ
1145 5263 1233 5318 διὰ
1256 5266 1316 5326 τὸ
1331 5267 1428 5337 τῆς
1447 5268 1866 5344 άνθρωπότητος

284 5347 485 5438 μέτρον
523 5347 722 5438 ἀκλεής
748 5346 995 5438 τιςᾲεῖναι
1029 5353 1287 5424 ἐνομίσθη
1310 5357 1563 5429 Χριστὸς,
1595 5362 1862 5438 ἁναφοιτᾷ

282 5436 450 5490 πάλιν
480 5438 560 5498 είς
591 5437 692 5507 τὴν
729 5436 956 5490 ἐνοῦσαν
991 5439 1139 5509 αὐτῷ
1168 5439 1449 5516 θεοπρεπῆ
1481 5462 1540 5508 τε
1580 5450 1671 5502 κα).
1698 5436 1867 5520 ὑπερᾲ

279 5525 454 5610 τάτην
484 5527 760 5598 ὑπεροχήν
791 5545 853 5580 τε
881 5528 978 5582 καὶ
1009 5527 1188 5595 δόξαν,
1227 5533 1319 5584 καὶ
1345 5539 1482 5604 μετὰ
1513 5540 1730 5610 σαρκός.
1755 5541 1867 5600 Καὶ

275 5609 458 5682 τοῦτο,
477 5611 652 5688 οἶμαι,
678 5619 794 5670 ἐστὶ
830 5618 892 5671 τὸ
903 5618 1147 5674 δεδόσθαι
1163 5620 1340 5690 λέγειν
1363 5623 1442 5694 τῷ
1465 5609 1744 5701 Υίῷίπαρὰ
1773 5631 1865 5688 τοῦ

351 5805 394 5835 ιι
424 5807 464 5836 ιτ
499 5804 664 5860 Marc,
706 5821 743 5868 ι,
771 5805 860 5859 22,
938 5804 984 5836 ⁸⁸
1023 5801 1255 5870 Philipp.
1291 5816 1351 5867 tt,
1377 5800 1530 5858 6-H.

601 5903 880 5963 Pnaoc.
921 5902 1037 5961 Gn.
1070 5899 1256 5960 LXX.

1976 5012 2136 5064 supra
2189 5012 2347 5052 onme
2411 5011 2628 5059 nomen,
2667 5005 2723 5049 ιιι
2776 4995 2828 5052 in
2889 4994 3104 5048 nomine
3159 4991 3286 5048 Jesu
3332 4992 3538 5052 Christi

1975 5103 2133 5144 omne
2166 5104 2305 5154 genu
2367 5103 2424 5141 se
2472 5086 2674 5150 ﬂectat,
2717 5086 3043 5148 ccclestium,
3090 5083 3425 5142 terrestrium
3485 5092 3544 5137 et

1976 5178 2467 5242 sublerraneortnn,
2494 5184 2546 5230 et
2594 5175 2769 5229 omnis
2819 5175 2998 5242 lingua
3045 5171 3367 5226 cculitcalur
3415 5169 3541 5237 quia

1978 5268 2237 5321 Dominus
2279 5265 2434 5324 Jesns
2483 5266 2736 5320 Christus
2777 5273 2860 5320 est
2907 5265 2957 5317 itt
3003 5263 3166 5331 gloria
3220 5262 3310 5314 Dei
3343 5259 3539 5313 Patris.

1971 5357 2140 5410 Amen
2167 5355 2231 5409 “.
2261 5376 2280 5410 ι
2316 5357 2450 5423 Quia
2478 5355 2622 5410 enim
2649 5366 2865 5424 propter
2901 5349 3247 5406 humanitatis
3279 5347 3542 5402 conditio-

1974 5464 2094 5503 nem
2151 5447 2396 5518 ignobilis
2439 5447 2710 5518 quispiam
2756 5461 2873 5501 esse
2919 5444 3168 5499 Christus
3209 5439 3535 5510 putabatur.

1975 5554 2161 5594 rursus
2184 5541 2249 5592 ad
2278 5539 2510 5594 divinam
2539 5553 2692 5592 suam
2718 5547 2771 5590 ct
2799 5547 3063 5590 summam
3091 5525 3457 5599 praestantiam
3485 5536 3541 5579 et

1974 5629 2198 5700 gloriam
2231 5645 2350 5684 cum
2389 5645 2552 5684 carne
2582 5629 2745 5686 etiam
2786 5627 2938 5681 tedit.
2978 5625 3160 5691 quue,
3191 5617 3404 5687 opinor,
3433 5624 3541 5684 cst,

3069 5892 3143 5953 39
