4106 6522
649 423 788 479 12ὶ7

1654 421 1713 477 S.
1751 418 2030 477 CYRIILI
2069 417 2533 473 ALEXANDRINI
2575 416 2895 478 ARCHIEP.

3784 429 3918 485 1238

641 547 832 599 datum
856 558 976 599 esse
998 541 1133 598 Filio
1153 558 1179 598 a
1195 540 1354 599 Patre
1380 559 1574 599 nomen
1601 546 1743 613 quod
1773 555 1854 598 est
1881 558 2040 612 supra
2065 557 2220 597 omne

2328 541 2542 612 Πατρδς
2569 544 2630 595 τὸ
2667 544 2834 615 ὄνομα
2873 547 2933 599 τὸ
2959 547 3101 619 ὑπὲρ
3137 550 3244 602 πᾶν
3271 549 3460 619 ὗνομα.
3502 551 3616 603 Καὶ
3653 550 3788 618 γοῦν
3819 552 3916 624 ἔφη

647 651 866 690 nomen.
904 635 1180 705 Siquidem
1226 636 1363 690 dixit
1401 636 1485 690 ei:
1529 656 1548 688 ι
1581 636 1757 700 Pater,
1791 635 1998 690 illustra
2035 649 2119 688 me
2163 650 2223 688 ea

647 731 818 801 gloria
867 745 1026 799 quam
1057 727 1246 796 habui,
1291 739 1578 798 antequam
1612 733 1843 782 mundus
1888 735 2052 791 esset,
2084 726 2223 795 apud

647 837 701 879 te
727 825 794 877 δ’.
823 841 842 874 ι

723 913 882 968 Vsus.
916 911 969 977 6,
996 911 1049 965 7.
1081 910 1310 977 Quwrite
1348 910 1536 976 Deum,
1565 921 1612 964 et
1647 911 1702 965 in
1741 907 2050 964 inveniendo
2078 924 2220 975 eum,

644 1003 895 1058 invocata.
926 1003 994 1056 Et
1037 1013 1312 1074 postquam
1351 1005 1492 1058 vobis
1520 1004 2032 1072 apprOpinquaverit,
2063 1001 2222 1054 relin-

643 1104 768 1164 quat
817 1095 1010 1161 impius
1064 1095 1201 1146 viam
1260 1110 1432 1160 suam,
1472 1103 1518 1146 et
1565 1095 1644 1147 vir
1682 1094 1892 1161 iniquus
1943 1091 2218 1145 consilium

647 1201 822 1248 suum,
861 1192 909 1237 et
940 1191 1274 1237 convertatur
1301 1185 1369 1236 ad
1400 1183 1700 1246 Dominum,
1728 1195 1774 1236 et
1801 1183 2219 1237 misericordiam

645 1285 1006 1346 consequetur,
1034 1276 1162 1346 quia
1188 1276 1410 1328 multum
1446 1275 1674 1329 dimittet
1709 1287 1920 1344 peccata
1945 1285 2133 1330 vestra.

714 1456 848 1513 Cum
873 1456 993 1511 fidei
1028 1455 1080 1510 in
1110 1469 1168 1510 se
1193 1455 1334 1510 viam
1370 1456 1710 1522 exposuisset
1738 1455 2000 1512 Dominus
2033 1466 2218 1512 noster

642 1548 800 1605 Jesus
821 1548 1091 1614 Christus,
1118 1551 1252 1605 dixit
1276 1551 1476 1606 Iudaeis
1503 1567 1517 1605 :
1552 1569 1570 1601 ι
1603 1549 1681 1604 Ne
1717 1561 2050 1604 murmurate
2076 1551 2218 1604 inter

2328 633 2465 704 πρὸς
2488 635 2670 688 αὑτόν⁹
2699 657 2716 686 ι
2745 639 2946 706 Πάτερ,
2970 639 3192 705 δόξασόν
3222 658 3288 711 με
3311 645 3375 712 τῇ
3401 642 3554 712 δόξῃ,
3638 639 3791 712 εἶχον

2324 725 2417 778 τοῦ
2445 725 2534 780 τὸν
2563 726 2766 798 κόσμον
2796 724 2931 782 εἶναι
2960 733 3110 801 παρὰ
3144 733 3245 785 σοί.
3275 752 3293 784 ι

2399 900 2708 965 Ζητήσατε
2733 903 2838 955 τὸν
2861 903 3029 966 Θεὸν,
3055 904 3150 956 καὶ
3171 905 3240 957 ἑν
3263 905 3343 971 τῷ
3367 909 3687 974 εὑρίσκειν
3704 911 3910 976 αὑτὸν,

2321 989 2786 1045 ἑπικαλέσασθε.
2827 993 3028 1048 Ἠνίκα
3057 994 3110 1046 δ’
3140 995 3222 1050 ἂν
3251 996 3449 1066 enim
3479 999 3645 1068 ὑμῖν,
3698 1002 3911 1056 ἀπολι-

2322 1079 2478 1133 πέτω
2511 1084 2544 1134 d
2574 1083 2802 1151 ἀσεϐὴς
2822 1084 2939 1151 τὴν
2961 1087 3107 1140 ὀδόν
3137 1087 3344 1152 αὐτοῦ,
3369 1090 3469 1143 καὶ
3495 1092 3660 1160 ἀνὴρ
3691 1093 3913 1162 ἄνομος

2323 1171 2434 1240 τὴν
2478 1174 2723 1243 βουλὴν
2753 1177 2962 1241 αὐτοῦ,
2998 1177 3097 1231 καί
3147 1181 3572 1250 ἐπιστραφήτω
3611 1185 3770 1252 πρὸς
3807 1188 3914 1239 Κίρ.

2314 1284 2469 1335 ριον,
2502 1268 2602 1323 καί
2635 1270 3049 1339 ἐλεηθήσεται,
3086 1271 3173 1324 ὅτι
3212 1273 3310 1326 ἐπὶ
3340 1274 3500 1328 πολὺ
3536 1275 3772 1343 ἀφήσει
3809 1279 3911 1343 τὰς

2317 1359 2606 1429 ἁμαρτίας
2621 1362 2805 1431 ὑμῶν.

2391 1452 2501 1522 Τῆς
2528 1455 2607 1516 είς
2641 1455 2802 1507 αὑτὸν
2831 1454 3064 1518 πίστεως
3094 1457 3191 1528 τὴν
3223 1457 3338 1510 ὁδὸν
3365 1459 3571 1531 ἐναργῆ
3598 1460 3865 1522 καθιστὰς
3882 1463 3910 1515 ὁ

2319 1544 2524 1615 Κύριος
2542 1544 2702 1616 ἡμῶν
2747 1546 3272 1619 ἸησοῦςόΧριστὺς,
3303 1549 3405 1621 ἔφη
3436 1567 3539 1602 που
3583 1551 3728 1621 πρὸς
3779 1552 3909 1603 Ἰου-

643 1655 759 1694 vos.
775 1639 944 1694 Nemo
973 1649 1147 1708 potest
1172 1642 1358 1697 venire
1377 1643 1442 1696 ad
1471 1656 1574 1707 me,
1609 1642 1712 1696 nisi
1743 1641 1921 1706 Pater,
1954 1641 2044 1710 qui
2073 1642 2219 1695 misit

2321 1635 2524 1698 δαίους·
2571 1655 2590 1686 ι
2621 1637 2712 1706 Μὴ
2747 1637 3043 1706 γογγύζετε
3087 1642 3202 1709 μετ’
3229 1639 3494 1710 ἀλλήλων.
3524 1642 3724 1704 Οὐδεὶς
3753 1643 3909 1696 δύνα-

647 1749 753 1796 me,
799 1732 1033 1788 traxerit
1076 1747 1199 1787 eum
1232 1734 1304 1789 ⁸⁸.
1339 1752 1356 1785 ι
1388 1733 1754 1789 lntroducitur
1797 1734 1959 1789 etiam
1988 1747 2214 1804 persona

2321 1743 2406 1780 ται
2432 1726 2607 1780 ἐλθεῖν
2628 1728 2764 1798 πρὸς
2795 1729 2882 1800 μὲ,
2910 1729 3006 1782 ἐὰν
3037 1730 3110 1800 μὴ
3133 1729 3364 1802 ὁΠατὴρ
3399 1731 3628 1802 πέμψας
3660 1750 3732 1802 με
3755 1733 3909 1787 ἐλκύ-

643 1822 814 1892 ipsius
851 1821 1050 1889 Patris,
1086 1823 1166 1880 sic
1209 1824 1405 1878 Filium
1437 1825 1758 1894 alloquens:
1795 1843 1814 1876 ι
1845 1823 1985 1879 Sede
2019 1840 2048 1878 a
2080 1825 2212 1878 dex-

2321 1832 2388 1889 σῃ
2427 1818 2617 1872 αὑτόν.
2664 1839 2683 1872 ι
2724 1819 3046 1892 Εἰσφέρεται
3093 1822 3149 1874 δὲ
3181 1823 3274 1875 καὶ
3309 1823 3368 1876 τδ
3398 1824 3568 1877 αὑτοῦ
3613 1825 3908 1895 πρόσωπον

643 1914 742 1970 tr'is
769 1914 924 1981 meis,
948 1915 1119 1970 donec
1142 1931 1336 1984 ponam
1369 1915 1617 1970 inimicos
1650 1923 1770 1969 tuos
1802 1915 2091 1971 scabellmn
2121 1929 2210 1982 pe-

2321 1907 2410 1960 τοῦ
2440 1909 2673 1980 Πατρος,
2700 1909 2840 1963 οὑτω
2881 1910 3038 1979 λέγον
3076 1911 3214 1982 πρὸς
3243 1913 3332 1966 τὸν
3371 1913 3499 1966 Υίόν
3520 1930 3534 1944 ο
3581 1933 3600 1965 ι
3628 1893 3816 1968 Κάθου
3845 1917 3906 1967 ἐκ

641 2006 767 2059 dum
813 2014 1026 2060 tuorum
1057 2006 1124 2058 ⁵¹.
1157 2025 1175 2057 ι
1227 2007 1334 2061 Eos
1390 2006 1532 2061 enim
1579 2007 1669 2075 qui
1709 2016 1988 2069 errarunt,
2032 2007 2213 2059 hostes

2321 1999 2505 2064 δεξιῶν
2552 2019 2674 2072 μου,
2704 2003 2808 2067 ἕως
2836 2003 2902 2057 ἂν
2931 2003 3007 2057 θῶ
3037 2007 3161 2070 τοὺς
3206 2007 3433 2078 ἐχθρούς
3482 2025 3575 2060 σου
3617 2009 3905 2063 (mandato?

642 2093 956 2165 aliquando,
994 2096 1179 2150 mundi
1220 2095 1490 2151 elementa
1519 2098 1780 2163 colentes,
1810 2106 1863 2150 et
1895 2097 2099 2165 peccati
2133 2098 2211 2150 la-

2321 2092 2426 2145 τῶν
2457 2095 2630 2147 ποδῶν
2665 2113 2776 2149 σου.
2810 2116 2827 2146 ι
2849 2097 3106 2168 Ἐχθροὺς
3135 2100 3244 2170 γὰρ
3274 2099 3433 2163 ὄντας
3455 2101 3583 2163 τοὺς
3627 2101 3902 2171 πεπλανη-

642 2190 797 2259 queis
842 2189 1231 2244 inevitabiliter
1277 2189 1538 2256 irretitos,
1584 2189 1744 2244 Pater
1796 2189 2024 2257 subjecit
2049 2190 2207 2244 Filio.

2322 2183 2514 2248 μένους
2539 2185 2690 2248 ποτὲ,
2715 2187 2810 2240 καὶ
2834 2191 2945 2253 τοῖς
2962 2189 3053 2241 τοῦ
3083 2190 3288 2260 κόσμου
3313 2193 3601 2260 στοιχείοις
3618 2190 3903 2262 λατρεύον-

644 2281 827 2351 Neque
855 2298 982 2338 vero
1008 2283 1150 2338 dicat
1176 2281 1463 2353 quispiam,
1490 2283 1589 2337 hoc
1616 2282 1687 2336 illi
1715 2283 1868 2352 quasi
1901 2298 2087 2353 parum
2119 2298 2212 2352 po-

2321 2291 2436 2338 τας,
2494 2277 2585 2327 καὶ
2633 2279 2744 2341 τοῖς
2792 2277 2893 2348 τῆς
2945 2264 3218 2351 ιῖμαρτίας
3262 2282 3476 2352 βρόχοις
3515 2283 3785 2352 ἀφύκτως
3823 2287 3904 2336 ἐν-

645 2374 775 2427 tenti
819 2382 872 2426 et
903 2372 1170 2427 imbecillo
1201 2373 1456 2427 tribuisse
1486 2390 1499 2426 :
1533 2372 1715 2426 omnia
1747 2373 1890 2426 enim
1934 2379 2210 2440 operatur,

2322 2368 2667 2437 ισχημένους,
2706 2370 2981 2441 ὑπέθηκεν
3015 2375 3043 2426 ὁ
3073 2373 3260 2444 Πατὴρ
3304 2375 3382 2446 τῷ
3427 2375 3562 2444 Υίῷ.
3608 2378 3722 2430 Καὶ
3751 2377 3810 2429 οὑ
3839 2377 3901 2448 δή

640 2473 696 2519 et
726 2463 838 2534 ipse
859 2471 942 2518 est
970 2462 1220 2518 Parentis
1238 2463 1424 2518 dextra
1439 2464 1782 2532 omnipotens
1813 2473 1866 2517 et
1894 2463 2208 2518 fortissima.

2321 2473 2421 2510 που
2458 2458 2587 2528 φαίη
2627 2477 2709 2523 τις
2758 2460 2844 2524 ἂν,
2901 2462 2977 2526 ὡς
3029 2464 3304 2529 ἀδυνάτως
3351 2467 3531 2536 ἔχοντι
3575 2467 3901 2538 προσνέμων

641 2555 750 2610 Sed
784 2557 905 2624 quia
943 2555 1202 2625 singulari
1235 2552 1638 2623 dispensatione
1655 2554 1720 2608 ad
1761 2553 2079 2622 capiendam
2109 2553 2210 2605 hu-

2321 2549 2429 2622 [ἵσ.
2465 2553 2816 2625 προσνέμειν]
2845 2555 2904 2606 τὸ
2933 2555 3142 2626 χρῆμα.
3175 2557 3360 2611 Πάντα
3389 2557 3501 2628 γὰρ
3533 2561 3770 2630 ἐνεργεῖ,
3813 2559 3901 2614 καὶ

641 2645 920 2700 manitatis
973 2660 1280 2700 mensuram
1325 2660 1447 2699 eum
1496 2655 1715 2699 vocarat
1755 2662 1767 2697 :
1803 2644 2005 2698 idcirco
2051 2642 2211 2697 Pater

2321 2643 2480 2706 αὑτός
2539 2645 2684 2696 ἐστιν
2737 2645 2768 2715 ἡ
2812 2645 2904 2697 τοῦ
2950 2647 3197 2710 τεκόντος
3249 2648 3400 2713 δεξιὰ
3455 2650 3769 2721 πανσθενὴς
3812 2653 3899 2706 καὶ

641 2735 841 2791 dicitur
872 2750 1062 2790 omnes
1093 2749 1204 2789 ante
1232 2735 1384 2804 quasi
1429 2735 1684 2804 potentia:
1729 2746 1782 2788 et
1819 2734 2096 2802 sapientia:
2120 2733 2212 2786 Fi-

2321 2735 2692 2807 άλκιμωτάτη.
2737 2737 2955 2805 Ἐπειδὴ
3003 2739 3059 2791 δέ
3096 2738 3156 2791 τὸ
3191 2739 3293 2809 τῆς
3340 2740 3764 2812 άνθρωπότητος
3809 2745 3899 2812 μέ-

639 2828 712 2883 lio
739 2827 989 2882 subdere.
1017 2825 1216 2882 Potens
1244 2830 1386 2882 enim
1428 2825 1588 2881 eliicit
1617 2841 1711 2894 per
1744 2828 1916 2894 ipsum
1961 2826 2098 2894 quod
2129 2835 2211 2880 est

2321 2842 2463 2895 τρον,
2491 2827 2583 2878 καὶ
2614 2828 2691 2888 εἰς
2724 2826 2783 2879 τὸ
2813 2828 3010 2897 χρῆναι
3039 2827 3220 2882 λαϐεῖν
3250 2830 3518 2902 κέκληκεν
3557 2833 3722 2885 αὑτὸν
3758 2836 3899 2888 οἰκο-

642 2919 938 2983 infirmum,
969 2927 1023 2975 et
1055 2919 1377 2988 sapientiam
1415 2917 1549 2972 indit
1574 2918 1619 2972 ei
1651 2919 1792 2986 quod
1815 2925 1890 2970 est
1927 2916 2206 2986 insipiens.

2321 2916 2576 2986 νομικῶς,
2607 2917 2810 2988 ταύτης
2839 2920 3000 2973 ἓνεκα
3031 2924 3131 2990 τῆς
3156 2922 3337 2984 αἰτίας
3374 2925 3402 2974 ὀ
3440 2923 3636 2995 Πατὴρ
3678 2923 3895 2993 λέγεται

639 3008 752 3065 Nec
785 3009 1069 3080 quisquam
1111 3022 1292 3064 mente
1337 3009 1594 3079 praeditus
1650 3023 1883 3077 unquam
1916 3007 2208 3072 existimet,

2321 3007 2525 3074 πάντας
2572 3009 2883 3081 ὑποφέρειν,
2918 3011 2994 3074 ὡς
3043 3012 3146 3082 ἰδίᾳ
3191 3011 3439 3082 δυνάμει,
3494 3015 3591 3068 καὶ
3632 3017 3794 3087 σοφίᾳ
3822 3018 3896 3088 τῷ

641 3116 745 3156 non
781 3101 1014 3156 valuisse
1043 3100 1238 3156 Filium
1275 3100 1486 3169 aliquos
1523 3099 1624 3154 sibi
1663 3099 1962 3169 subjicere:
2000 3099 2094 3154 sed
2121 3113 2210 3153 co-

2321 3101 2431 3172 Υίῷ
2451 3120 2467 3136 ο
2511 3104 2739 3173 δυναμοῖ
2763 3105 2872 3175 γὰρ
2893 3104 2960 3157 δι’
2988 3104 3152 3157 αὑτοῦ
3175 3105 3234 3157 τὸ
3260 3105 3582 3177 ἠσθενηκὸς,
3618 3110 3712 3161 καὶ
3745 3113 3898 3177 σοφοί

639 3192 776 3262 silet
804 3192 1006 3262 potius,
1034 3201 1094 3245 ut
1120 3192 1229 3261 jam
1266 3192 1401 3255 dixi,
1430 3207 1526 3261 per
1563 3191 1712 3244 illum
1744 3190 1926 3244 omnia
1952 3189 2116 3244 Deum
2155 3196 2208 3243 et

2321 3193 2376 3246 τὸ
2404 3192 2689 3246 ἀσύνετονσ
2723 3194 2816 3246 καὶ
2849 3195 2950 3248 οὐκ
2978 3196 3044 3248 άν
3066 3212 3148 3259 τις
3176 3195 3301 3248 νοῦν
3335 3197 3474 3267 ἔχων
3520 3196 3733 3268 οἰηθείη
3765 3200 3894 3251 ποτέ

638 3285 858 3338 Patrem
892 3282 1130 3338 efficere.
1174 3283 1339 3353 779
1367 3281 1502 3348 Quid
1525 3296 1654 3351 ergo
1693 3281 1780 3335 hic
1813 3279 1911 3334 sibi
1946 3279 2058 3334 vult
2087 3296 2211 3349 pro-

2321 3284 2390 3354 μὴ
2417 3283 2732 3354 δεδυνῆσθαι
2760 3285 2852 3338 τὸν
2879 3285 3005 3338 Υίὸν
3037 3287 3299 3353 ὑποτάξαι
3323 3289 3446 3341 τινὰ
3471 3290 3685 3360 ἑαυτῷ·
3719 3291 3894 3344 διαλοο

639 3373 839 3440 phetia:
869 3372 1095 3426 oratio?
1129 3371 1338 3426 inducit
1377 3385 1661 3440 persoaam
1697 3368 1894 3432 Patris,
1931 3369 2210 3437 alloquens

2321 3378 2510 3443 γιεῖται
2542 3375 2598 3428 δέ
2625 3375 2825 3446 μᾶλλον
2845 3377 2926 3430 ὅτι
2948 3376 3124 3430 πάντα
3143 3378 3209 3430 δι’
3241 3379 3429 3443 αὑτοῦ,
3470 3381 3727 3451 καθάπερ
3759 3381 3892 3451 Eam

637 3473 693 3516 et
746 3461 1078 3532 compellans
1124 3475 1339 3532 gregem
1392 3463 1636 3531 gentium
1679 3478 1692 3513 :
1747 3458 1980 3524 Qua-rite
2013 3459 2210 3523 Deum,

2321 3465 2531 3537 ἀρτίως,
2561 3468 2588 3518 ὁ
2616 3465 2748 3528 Θεὸς
2804 3468 2898 3521 καὶ
2947 3467 3134 3539 Πατὴρ
3177 3469 3486 3540 ἐργάζεται.
3546 3472 3613 3524 Τί
3657 3469 3750 3525 οὖν
3790 3475 3886 3544 ἄρα

637 3569 797 3624 quem
843 3553 1000 3607 modo
1028 3552 1242 3607 dicebat
1273 3551 1638 3606 testimonium
1669 3549 1854 3604 datum
1882 3564 2001 3605 esse
2036 3549 2211 3617 genti-

2321 3558 2405 3608 καὶ
2433 3556 2526 3609 νῦν
2558 3555 2807 3626 βούλεται
2831 3559 2931 3628 τῆς
2961 3559 3298 3630 προφητείας
3320 3562 3348 3612 ό
3377 3560 3537 3629 λόγος
3562 3579 3576 3626 ;
3629 3563 3888 3635 Eia-acopi-

637 3643 764 3710 bus,
789 3653 840 3697 et
873 3643 1168 3714 principem
1225 3657 1410 3696 eorum
1463 3657 1526 3694 ac
1555 3651 1934 3710 praeceptorem
1953 3642 1998 3673 ⁸³
2025 3659 2038 3695 :
2071 3643 2211 3695 hunc

2321 3647 2393 3712 ζει
2423 3649 2482 3702 τὸ
2509 3648 2603 3702 τοῦ
2647 3649 2857 3721 Πατρδς
2899 3651 3211 3721 πρόσωπον,
3256 3651 3546 3719 ἐπιφωνῶν
3589 3653 3686 3706 καὶ
3722 3654 3886 3722 λέγων

638 3733 783 3789 illico
821 3741 876 3787 et
922 3729 1090 3786 Deum
1139 3730 1394 3801 appellat,
1425 3741 1479 3782 et
1520 3729 1688 3800 (μιαιιί
1723 3729 1898 3799 jubet.
1927 3730 2209 3799 Inquisitio

2321 3743 2426 3801 ταῖς
2454 3739 2562 3792 τῶν
2603 3738 2771 3792 ἐθνῶν
2820 3739 3082 3808 ἁγέλαις’
3140 3742 3419 3810 Ζητήσατε
3476 3742 3571 3794 τὸν
3631 3744 3784 3806 Θεὸν,
3831 3745 3885 3795 ὃν

637 3831 816 3878 autem
849 3837 956 3879 non
1004 3821 1123 3876 loco
1154 3822 1563 3891 circumscripta
1594 3830 1708 3876 est:
1743 3821 2008 3876 Divinitas
2049 3822 2196 3876 enim

2321 3833 2510 3902 ἰιρτίως
2533 3831 2635 3903 ἔφη
2665 3831 2964 3903 μαρτύριον
2994 3832 3236 3886 δεδόσθαι
3263 3837 3374 3897 τοῖς
3397 3834 3629 3899 ἔθνεσιν,
3660 3837 3885 3906 ἄρχοντᾶ

635 3916 952 3986 incorporea
977 3924 1080 3980 est,
1110 3929 1208 3969 nec
1242 3915 1294 3967 in
1321 3913 1439 3969 loco
1469 3913 1811 3981 intelligitur.
1845 3913 2034 3983 Implet
2059 3929 2208 3966 nam-

2321 3940 2365 3976 ιε
2393 3921 2592 3983 αὐτῶν,
2619 3922 2713 3974 καὶ
2758 3921 3160 3989 προστάττοντα
3183 3937 3197 3951 ο
3226 3920 3413 3974 τοῦτον
3448 3922 3614 3984 εὐθὺς
3644 3924 3737 3974 καὶ
3758 3922 3880 3975 Θεὸν

634 4023 740 4076 que
769 4007 973 4072 omnia,
999 4020 1098 4061 nec
1127 4021 1157 4058 a
1191 4020 1248 4060 re
1271 4004 1377 4058 ulla
1403 4004 1576 4068 abest,
1601 4006 1690 4058 sed
1722 4005 1774 4058 in
1805 4004 1983 4059 studio
2013 4005 2207 4060 animae

2321 4014 2589 4077 ὶποκαλεῖ,
2619 4014 2714 4065 καὶ
2749 4011 3025 4082 ζητεῖσθαι
3055 4012 3438 4082 προστέταχεν.
3485 4013 3549 4064 Ἦ
3579 4013 3637 4065 δὲ
3666 4013 3880 4084 Cain-53:;

635 4096 1030 4168 quodammodo
1061 4097 1163 4151 sita
1187 4105 1290 4162 est,
1311 4110 1429 4165 quae
1453 4110 1549 4164 per
1575 4095 1786 4163 pietatis
1816 4097 2013 4160 studia,
2043 4105 2096 4149 et
2121 4111 2208 4150 ve-

2321 4106 2376 4158 οὑ
2410 4105 2630 4176 τοπική·
2652 4103 2712 4156 τὸ
2741 4103 2848 4174 γὰρ
2879 4104 3032 4156 Θεῖον
3053 4104 3364 4174 ἀσώματον,
3403 4105 3498 4157 καὶ
3523 4106 3626 4159 οὑκ
3660 4109 3718 4158 ὲν
3741 4108 3879 4177 τόπῳ

635 4205 750 4244 ram
800 4189 893 4244 Dei
937 4186 1325 4255 cognitionem,
1359 4187 1473 4240 sitit
1520 4201 1636 4239 eam
1671 4200 1791 4254 qua:
1824 4201 1944 4238 cum
1981 4187 2095 4254 ipso
2126 4199 2206 4241 est

2321 4198 2526 4251 νοεῖται.
2568 4196 2776 4267 Πληροῖ
2794 4195 2902 4266 γὰρ
2943 4195 3176 4260 ἅπαντα,
3213 4196 3306 4250 καὶ
3333 4197 3545 4261 οὐδενὸς
3578 4199 3688 4252 τῶν
3721 4199 3876 4253 όντων

633 4280 1096 4352 coniunctionem.
1145 4277 1386 4344 Quadrat
1437 4277 1552 4332 haec
1596 4277 1920 4347 conquisitio
1987 4278 2066 4332 his
2113 4279 2202 4349 qui

2321 4289 2606 4358 ὶποδημεῖ,
2655 4286 2770 4340 ἀλλ’
2795 4287 2871 4350 ὡς
2915 4288 2971 4340 ἐν
3024 4289 3301 4359 προθυμίᾳ
3347 4288 3524 4359 ψυχῆς
3579 4293 3876 4361 οἰκειότητα

632 4371 820 4440 procul
854 4371 918 4426 ab
969 4383 1036 4424 eo
1061 4367 1312 4437 disjnncti
1353 4368 1530 4422 adhuc
1560 4378 1705 4432 sunt,
1733 4369 2100 4424 intercedente
2129 4370 2206 4424 ni-

2321 4378 2542 4449 ῑιψὼσης
2563 4378 2660 4449 τὴν
2695 4377 2831 4450 πρὸς
2860 4376 3021 4430 αὑτὸν
3046 4377 3134 4430 διὰ
3162 4377 3270 4429 τῶν
3295 4380 3373 4440 είς
3403 4379 3689 4432 εὐσέϐειαν
3718 4398 3872 4433 σπου-

634 4464 828 4515 tnirum
885 4470 1129 4530 peccato,
1162 4469 1218 4513 et
1265 4467 1527 4528 operante
1580 4458 1634 4512 in
1689 4459 1818 4529 ipsis
1863 4460 2198 4531 ignorantia:

2321 4471 2615 4541 Ξασμάτων,
2646 4469 2740 4522 καὶ
2779 4467 3102 4536 θεογνωσίας
3126 4468 3226 4539 τῆς
3244 4467 3497 4537 ἀληθοῦς.
3540 4470 3748 4539 Πρέποι
3774 4470 3872 4541 γὰρ

630 4555 827 4622 quibus
862 4568 892 4606 e
924 4551 1101 4606 medio
1132 4550 1382 4614 sublatis,
1419 4565 1584 4619 prope
1618 4551 1684 4604 ad
1728 4549 1894 4605 Deum
1924 4551 2199 4606 accedent.

2321 4564 2371 4617 iv
2401 4565 2434 4634 ὴ
2473 4561 2693 4630 τοιαύτη
2719 4561 2947 4631 ζήτησις
2983 4562 3096 4623 τοῖς
3124 4558 3202 4612 ἔτι
3246 4561 3484 4629 μακράν,
3521 4561 3618 4613 καὶ
3652 4563 3874 4630 ἀφεστη·

632 4650 723 4704 Sic
743 4649 886 4703 enim
917 4647 1116 4702 Paulus
1149 4645 1581 4715 sapientissimus
1617 4646 1703 4699 his
1733 4645 1823 4714 qui
1859 4660 1922 4700 ex
1956 4643 2203 4714 gentibus

2321 4655 2463 4710 κόσιν
2491 4652 2678 4716 αὑτοῦ,
2713 4651 3120 4723 μεσολαὸοὑσης
3165 4650 3410 4720 δηλονότι
3445 4650 3543 4720 τῆς
3585 4653 3870 4721 ἁμαρτίας,

631 4750 759 4796 sunt
809 4739 1019 4801 scribit,
1050 4739 1280 4794 dicens:
1315 4756 1334 4789 ι
1360 4737 1512 4791 Nunc
1563 4747 1740 4790 autem
1796 4736 1884 4805 qui
1934 4737 2199 4805 quondam

2321 4747 2404 4799 καὶ
2448 4745 2548 4814 τῆς
2577 4744 2902 4812 ἐνεργούσης
2925 4743 3109 4804 αὑτοῖς
3142 4741 3382 4809 ἀγνοίας,
3406 4734 3480 4794 ὧν
3506 4742 3571 4795 ἐκ
3600 4743 3765 4812 μέσου
3796 4759 3872 4810 γει

632 4832 818 4902 procul
849 4833 1035 4897 eratis,
1070 4831 1196 4885 facti
1231 4829 1363 4885 estis
1396 4829 1765 4899 propinqui“.
1806 4847 1824 4879 ι
1879 4828 1971 4883 Sic
2003 4829 2201 4898 quaeri-

2321 4855 2440 4909 γενη
2450 4838 2623 4907 μένων
2644 4837 2808 4904 ἐγγὺς
2831 4835 3045 4887 ἔσονται
3066 4832 3222 4887 Θεοῦ.
3251 4833 3407 4886 Οὕτω
3439 4833 3550 4906 γάρ
3572 4851 3675 4887 που
3723 4835 3810 4886 καὶ
3842 4834 3869 4884 ὁ

634 4935 720 4976 tur
751 4937 781 4976 a
804 4923 954 4978 vobis
981 4924 1355 4978 universorum
1379 4921 1540 4976 Deus.
1568 4921 1673 4976 Sed
1735 4921 1962 4984 interea,
2006 4921 2203 4988 inquit,

2321 4930 2589 4998 πάνσοφος
2634 4926 2845 4989 Παῦλος
2875 4927 2987 4988 τοῖς
3014 4925 3072 4991 ἐξ
3099 4924 3266 4978 ἐθνῶν
3305 4924 3630 4988 ἐπιστέλλει,
3665 4925 3828 4991 λέγων
3851 4940 3864 4954 ο

634 5015 757 5068 dum
783 5015 1088 5080 invenietis,
1106 5016 1375 5070 invocate.
1408 5015 1676 5076 lnvocate,
1706 5012 1849 5066 aliud
1876 5011 2009 5066 nihil
2037 5012 2197 5081 signi-

2321 5037 2325 5068 :
2359 5017 2496 5070 Νυνὶ
2526 5017 2584 5068 δὲ
2611 5015 2667 5068 οἵ
2694 5031 2825 5067 ποτε
2859 5013 3011 5075 ὄντες
3047 5012 3262 5082 μακρὰν
3294 5011 3587 5083 ἐγενήθητε
3636 5012 3813 5080 ἐγγύς.
3843 5030 3859 5060 ι

635 5107 779 5170 ticat,
819 5121 1002 5175 quam,
1033 5105 1105 5161 Ut
1153 5108 1320 5162 Deum
1363 5105 1652 5171 celebrate,
1689 5113 1742 5158 et
1780 5104 2007 5173 quaerite
2035 5103 2102 5156 ab
2136 5117 2202 5157 eo

2321 5107 2454 5162 )ὑτω
2486 5107 2726 5177 ζητεῖται
2755 5106 2889 5176 πρὸς
2928 5105 3081 5174 ὑμῶν
3127 5104 3154 5156 ό
3197 5103 3304 5155 τῶν
3346 5104 3484 5158 ὅλων
3526 5103 3678 5164 Θεός.
3737 5102 3861 5154 Ἀλλ’

632 5197 777 5250 vires
805 5205 858 5250 ει
892 5198 1369 5268 promptitudinem
1426 5207 1653 5258 tantam,
1694 5204 1891 5263 quanta
1925 5194 2055 5248 satis
2082 5209 2202 5247 esse

2321 5219 2357 5253 ,ν
2410 5199 2488 5270 τῷ
2542 5198 2835 5271 εὑρίσκειν,
2866 5195 3286 5258 ἐπικαλέσασθε,
3323 5196 3476 5266 φησι.
3519 5196 3592 5248 Τὸ
3632 5195 3718 5255 δὲ,
3755 5196 3862 5246 ἐπιο

634 5286 786 5342 vobis
810 5289 878 5342 ad
905 5289 1310 5342 conversionem
1346 5284 1760 5356 poterit.Petite
1791 5285 1858 5339 ab
1883 5285 1973 5338 illo
2006 5285 2202 5338 libera-

2321 5289 2623 5354 ιαλέσασθε,
2678 5289 3114 5358 κατασημήνειεν
3163 5286 3228 5339 ἂν
3279 5287 3466 5356 ἕτερον
3514 5287 3684 5351 οὐδὲν,
3734 5283 3863 5350 πλὴν

632 5388 857 5446 tionem,
882 5392 939 5434 et
976 5379 1282 5435 facultatem
1314 5378 1601 5447 effugiendi
1647 5377 1851 5448 peccati
1884 5377 2117 5440 vincula,
2149 5384 2201 5429 et

2321 5385 2387 5436 5τι
2431 5383 2513 5445 τὸ,
2558 5382 2633 5444 ὡς
2666 5381 2798 5434 Θεὸν
2828 5381 3126 5450 ὑμνήσατε,
3162 5379 3255 5431 καὶ
3287 5376 3499 5448 ζητεῖτε
3543 5377 3670 5446 παρ’
3706 5372 3862 5428 αὑτοῦ

631 5487 848 5526 manum
878 5471 993 5539 ejus
1017 5471 1107 5540 qui
1136 5470 1435 5539 oceupavit,
1463 5471 1512 5522 id
1539 5478 1644 5531 est,
1665 5468 1902 5522 Satanae.
1923 5466 2196 5535 Scriptum

2321 5471 2535 5541 ῑῦναμίν
2583 5488 2642 5523 τε
2694 5469 2787 5522 καὶ
2852 5469 3158 5541 προθυμίαν
3223 5468 3553 5538 ἀποχρῶσαν
3614 5468 3738 5536 ὑμῖν
3787 5464 3863 5524 είς

629 5570 713 5615 est
742 5563 923 5616 enim:
959 5579 978 5613 ι
1006 5560 1256 5614 Laudans
1291 5560 1551 5612 invocabo
1582 5559 1885 5619 Dominum,
1919 5566 1973 5609 et
2002 5558 2069 5608 alt
2094 5557 2199 5610 iui-

2321 5561 2657 5632 ἐπιστροφήν.
2680 5561 2945 5630 Λίτήσατε
2977 5559 3104 5629 παρ’
3131 5559 3296 5612 αὑτοῦ
3322 5561 3422 5630 τὴν
3458 5559 3739 5630 λύτρωσιν,
3774 5554 3860 5608 καὶ

629 5651 786 5706 micis
837 5652 974 5707 meis
1030 5651 1210 5706 salvus
1262 5650 1452 5703 ero".
1483 5667 1501 5699 ι
1552 5647 1615 5700 Ει
1658 5651 1783 5702 dum
1838 5646 2090 5701 invenitis
2143 5655 2199 5700 et

2321 5652 2365 5704 ιὸ
2422 5653 2680 5706 δύνασθαι
2740 5653 3021 5721 διαφυγεῖν
3073 5650 3143 5704 τά
3193 5651 3290 5722 τῆς
3342 5650 3615 5721 ἁμαρτίας
3660 5644 3856 5716 δεσμὰ,

700 5828 918 5884 "Joan.
945 5845 1074 5896 un,
1102 5829 1153 5882 ὅ.
1234 5829 1279 5860 ⁸ο
1304 5827 1462 5882 Juan.
1501 5841 1572 5892 vn,
1607 5826 1696 5890 45,
1725 5824 1813 5879 Η.
1882 5826 1924 5860 ⁸¹
1953 5824 2092 5879 Psal.
2122 5840 2220 5891 ctx,

2401 5828 2444 5858 ”
2471 5827 2574 5881 lsa.
2607 5842 2690 5886 ιγ,
2725 5826 2776 5879 t.
2843 5828 2889 5860 ⁸³
2911 5829 3104 5897 Ephes.
3135 5843 3194 5889 ιι,
3239 5827 3321 5882 ιῦ.
3396 5827 3442 5862 ⁸³
3476 5825 3613 5882 Psal.
3648 5837 3770 5888 mi,
3797 5818 3852 5878 6-
