4140 6548
372 421 510 478 ηερ

1497 421 1560 476 ΙΝ
1600 421 1838 478 ISAIAM
1876 421 2026 493 ;L|B.
2070 421 2136 478 γ.
2179 421 2418 480 TOMUS
2453 422 2521 478 ll.

3485 428 3622 488 1230

365 543 464 594 καὶ
533 540 630 613 τὴν
695 541 791 595 τοῦ
857 541 1350 614 πλεονεκτήσαντος
1400 546 1582 616 χεῖρα,
1625 543 1772 599 τοῦτ’
1806 545 1942 610 ἐστι,

2049 554 2332 616 postquam
2369 544 2522 600 vobis
2557 547 3089 616 appropinquaverit.
3119 547 3386 613 relinquat
3427 549 3625 616 impius

364 632 463 686 τοῦ
506 634 741 688 Σατανᾶ.
793 633 1106 704 Γέγραπται
1159 635 1290 706 γὰρ,
1347 636 1430 690 ὅτι
1473 657 1491 690 ι
1521 636 1698 690 Αἰνῶν
1744 638 1946 692 ἐπικα-

366 724 596 795 λέσομαι
636 725 726 778 τὸν
763 726 986 797 Κύριον,
1011 726 1107 778 καὶ
1145 727 1210 780 ὲκ
1239 729 1346 782 τῶν
1380 729 1590 800 ὲχθρῶν
1632 745 1736 799 μου
1767 729 1945 800 σωθή-

368 833 554 887 σομαι.
589 835 606 866 ι
647 818 733 869 Ἐν
773 817 831 870 δὲ
875 816 952 886 τῷ
1001 818 1296 888 εὑρίσκειν,
1331 820 1580 886 γενέσθαι
1616 821 1673 873 δὲ
1710 821 1806 874 καί
1854 822 1948 888 ἐγ-

307 909 315 920 ’
365 908 487 979 γὺς,
519 907 842 962 ἀπολιπέτω
869 911 898 962 ό
925 909 1125 979 ἀσεὸὴς
1163 910 1264 980 τὴν
1307 909 1424 964 ὁδὸν
1465 909 1652 973 αὐτοῦ,
1686 912 1780 964 καὶ
1807 911 1947 982 ἀνὴρ

364 998 564 1067 ἄνομος
613 997 712 1068 τῂν
769 996 962 1069 βουλὴν
1013 997 1177 1052 αὐτοῦ
1203 1040 1217 1064 ,
1266 1001 1361 1053 καὶ
1418 1001 1810 1072 ἐπιστραφήτω
1855 1002 1946 1054 ἐπὶ

365 1087 605 1159 Κύριον,
644 1090 738 1142 καὶ
788 1088 1159 1160 ὲλεηθήσεται.
1201 1092 1264 1144 Oi
1296 1090 1405 1162 γὰρ
1446 1091 1582 1154 ὅλως
1624 1091 1946 1158 ἀξιωθέντες

363 1179 610 1250 κλήσεως
631 1197 690 1232 τε
720 1181 816 1233 καὶ
839 1181 1196 1252 ἐπιστροφῆς,
1231 1183 1328 1236 καὶ
1356 1182 1464 1234 τῶν
1487 1185 1616 1254 παρ’
1649 1182 1814 1236 αὐτοῦ
1847 1201 1945 1254 χα-

365 1271 668 1340 ρισμάτων,
725 1271 1127 1342 προσδοκῶντες
1188 1273 1288 1344 τὴν
1339 1273 1576 1345 μέθεξιν,
1644 1276 1945 1347 ἀποφοιτᾷν

360 1360 638 1429 όςρείλουσι
659 1362 766 1414 τῶν
789 1363 1034 1432 ἀρχαίων
1057 1365 1525 1436 ἐπιτηδευμάτων,
1551 1366 1646 1419 καὶ
1667 1367 1765 1438 τῆς
1783 1369 1864 1430 είς
1885 1367 1946 1420 τὸ

363 1451 566 1518 φαῦλον
596 1452 738 1514 ὁδοῦ,
768 1453 862 1506 καὶ
899 1454 1072 1524 ῥοπῆς
1106 1455 1200 1524 τῆς
1237 1457 1318 1519 εἰς
1349 1457 1644 1528 ἁμαρτίαν,
1673 1459 1769 1512 καὶ
1789 1459 1945 1530 φιλη-

359 1539 541 1604 δονίας
581 1543 870 1612 σαρκικῆς.
928 1543 1310 1615 Ἑλεηθήσεται
1331 1545 1442 1618 γὰρ
1473 1547 1648 1612 οὕτως
1675 1549 1734 1614 ἐξ
1756 1549 1944 1621 ἀληθι-

357 1630 458 1699 νῆς
489 1631 714 1702 καρδίας
745 1632 1111 1703 ποιησάμενος
1139 1636 1238 1703 τὴν
1261 1637 1618 1709 ἐπιστροφὴν,
1641 1638 1724 1692 ὅτι
1741 1638 1943 1710 ἀφήσει

358 1721 452 1774 ἐπὶ
475 1722 608 1775 πολὺ
641 1722 742 1785 τάς
786 1723 1057 1796 ἁμαρτίας
1087 1724 1259 1795 ὑμῶν.
1295 1726 1368 1780 Τὸ
1395 1726 1473 1792 δὲ,
1505 1727 1597 1782 ἐπὶ
1618 1727 1774 1792 πολὺ,
1809 1729 1945 1798 φησι

356 1811 482 1863 ἀντὶ
499 1809 612 1873 τοῦ,
633 1810 910 1874 παντελῶς
941 1812 1038 1864 καὶ
1058 1812 1290 1866 εἰσάπαν
1311 1829 1324 1843 ·
1357 1807 1462 1868 «Ob
1484 1813 1594 1884 γὰρ
1619 1814 1943 1868 ἐπλεόνασεν

2055 635 2197 688 viam
2238 651 2414 700 suam,
2452 647 2508 690 et
2545 637 2631 690 vir
2677 638 2894 706 iniquus
2926 640 3308 709 cogitationem
3357 655 3532 706 suam,
3569 652 3625 696 et

2055 732 2360 779 revertatur
2384 725 2449 779 ad
2479 726 2787 792 Dominum,
2828 743 2891 782 ac
2920 740 3286 800 consequetur
3314 731 3624 786 misericor-

2053 813 2219 868 diam.
2251 813 2352 880 Qui
2378 815 2522 869 enim
2560 831 2682 870 vere
2709 817 2854 884 digni
2897 817 3068 872 habiti
3109 820 3544 874 sunt.vocatioue
3570 828 3628 874 et

2051 905 2444 969 conversione,
2497 916 2551 961 et
2607 908 3077 977 participationem
3156 909 3422 964 donorum
3505 910 3624 979 ejus

2052 994 2463 1060 exspectabant,
2516 996 2713 1051 debent
2763 1011 2792 1049 a
2821 998 3064 1066 pristinis
3112 999 3235 1053 vitae
3273 1000 3554 1063 institutis,
3591 1015 3624 1053 a

2054 1083 2137 1136 via
2181 1085 2248 1138 ad
2295 1084 2611 1152 nequitiam,
2645 1086 2713 1140 ab
2761 1087 3083 1155 impulsione
3133 1090 3198 1142 ad
3245 1101 3550 1158 peccatum,
3590 1103 3622 1142 a

2052 1173 2257 1229 carnali
2317 1174 2610 1242 voluptatis
2668 1177 2847 1232 studio
2924 1179 3196 1234 recedere.
3249 1183 3624 1250 Consequetur

2051 1265 2196 1320 enim
2256 1266 2356 1320 hoc
2393 1276 2551 1336 pacto
2589 1269 3016 1324 misericordiam
3077 1279 3318 1334 sanctus,
3376 1288 3444 1327 ex
3495 1287 3622 1328 vero

2049 1356 2216 1410 corde
2236 1371 2532 1413 conversus
2552 1397 2568 1423 ,
2595 1360 2850 1429 quoniam
2888 1361 3112 1414 multum
3139 1363 3373 1418 dimittet
3401 1373 3622 1431 peccata

2049 1459 2250 1502 vestra.
2303 1449 2530 1504 Multum
2575 1451 2730 1517 dicit,
2781 1467 2915 1521 pro,
2954 1454 3178 1508 omnino
3211 1465 3266 1508 et
3315 1454 3368 1508 in
3425 1464 3616 1510 totum.

2055 1559 2076 1592 ι
2101 1540 2202 1596 Ubi
2234 1543 2378 1596 enim
2410 1544 2708 1599 abundavit
2736 1555 3038 1614 peccatum,
3077 1548 3539 1618 superabundavit
3566 1556 3623 1602 et

2048 1634 2219 1702 gratia
2250 1636 2319 1701 ⁵⁸,
2344 1653 2362 1686 ι
2395 1637 2688 1691 secundum
2717 1637 2768 1692 id
2795 1638 2936 1707 quod
2966 1638 3223 1708 scriptum
3258 1647 3365 1694 est.
3405 1637 3618 1693 Nullum

2048 1725 2189 1779 enim
2229 1726 2436 1782 crimen
2475 1728 2525 1781 in
2575 1730 2731 1784 nobis
2773 1729 3062 1786 lndelebile
3103 1739 3206 1795 est,
3231 1731 3276 1785 si
3312 1730 3436 1785 velit
3480 1731 3623 1786 Deus

2049 1817 2378 1887 abstergere.
2412 1818 2685 1890 Scriptum
2719 1831 2804 1877 est
2833 1823 2976 1877 enim
3012 1824 3080 1878 de
3107 1823 3347 1876 omnium
3372 1832 3617 1876 nostrum

357 1903 395 1972 ἡ
422 1903 661 1974 ἁμαρτία
711 1903 1212 1974 ύπερπερίσσευσεν
1261 1907 1294 1977 ἡ
1333 1905 1513 1976 χάρις,
1544 1927 1561 1955 ι
1592 1905 1733 1958 κατὰ
1761 1905 1824 1958 τὸ
1859 1921 1944 1974 γε·

2045 1908 2336 1964 Servatore
2377 1909 2594 1965 Christo
2632 1929 2646 1966 :
2680 1929 2698 1963 ι
2724 1911 2861 1966 Ecce
2913 1913 3029 1982 ipse
3096 1914 3404 1981 egredietur
3463 1914 3618 1982 quasi

356 1995 681 2062 γραμμένον
705 2009 717 2023 ”
755 1992 1156 2047 δυσαπόνιπτον
1180 1995 1290 2066 γάρ
1313 1994 1423 2046 τῶν
1450 1997 1510 2047 ἐν
1532 1994 1662 2064 ὑμῖν
1690 1993 1942 2064 αἰτιαμέιο

354 2099 466 2136 των
486 2083 662 2147 οὐδὲν,
690 2082 956 2154 διασμήχε
965 2101 1012 2136 ιν
1030 2083 1304 2148 ἐθέλοντος
1325 2084 1480 2138 Θεοῦ.
1501 2085 1810 2154 Γέγραπται
1835 2085 1944 2156 γὰρ

355 2176 487 2245 περὶ
517 2174 612 2228 τοῦ
635 2175 854 2228 πάντων
889 2175 1140 2245 Σωτῆρος
1159 2175 1318 2245 ἡμῶν
1371 2175 1546 2247 Ἰησοῦ
1576 2176 1836 2246 Χριστοῦ,
1859 2177 1943 2230 ὅτι

361 2285 382 2317 ι
415 2265 548 2319 Ἰδοὺ
582 2265 743 2328 αὐτὸς
764 2265 1147 2338 εἰσπορεύεται
1166 2266 1242 2330 ὡς
1271 2266 1382 2336 πῦρ
1407 2267 1794 2338 χωνευτηρίου,
1847 2269 1943 2322 καὶ

369 2357 447 2421 ὡς
495 2360 602 2411 πόα
664 2357 1000 2412 πλυνόντων.
1063 2359 1171 2410 Καὶ
1219 2358 1488 2412 καθιείται
1529 2359 1801 2429 χωνεύων,
1847 2361 1943 2414 καὶ

355 2448 672 2520 καθαρίζων
691 2448 768 2513 ὡς
792 2447 854 2502 τὸ
878 2448 1142 2520 ἀργύριον
1164 2449 1257 2502 καὶ
1280 2449 1340 2502 τὸ
1367 2449 1608 2520 χρυσίον.
1625 2468 1642 2500 ι
1682 2449 1942 2514 Βαπτίςει

363 2541 476 2612 γάρ
525 2545 673 2614 ἡμᾶς
717 2543 996 2613 Πνεύματι
1045 2543 1186 2613 ἁγίῳ
1227 2543 1322 2597 καὶ
1373 2543 1526 2614 πυρί.
1570 2543 1690 2613 Πῦρ
1735 2543 1792 2596 δὲ
1839 2539 1979 2596 εἶναί
2031 2561 2212 2614 φαμεν
2257 2546 2357 2614 τὴν
2407 2540 2516 2598 οἷον
2565 2548 2874 2618 σμηκτικὴν
2923 2549 3017 2602 τοῦ
3079 2548 3233 2617 ἁγίου
3296 2549 3616 2619 Πνεύματος
3728 2590 3731 2591 ν

2041 1998 2180 2068 ignis
2239 1998 2540 2054 conﬂatorii
2572 2039 2588 2065 ,
2639 2012 2694 2055 et
2748 2002 2893 2056 velut
2945 2002 3111 2057 herba
3162 2003 3481 2058 lavantium.
3555 2003 3622 2057 Et

2039 2088 2205 2159 780
2251 2089 2458 2144 sedebit
2500 2090 2764 2156 conﬂa-ns,
2799 2101 2853 2147 et
2885 2095 3186 2150 emundans
3233 2105 3487 2165 tanquam
3527 2111 3618 2148 ar-

2039 2188 2257 2248 gentum
2305 2188 2360 2233 et
2401 2194 2594 2234 aurum
2622 2181 2689 2235 ⁸⁸.
2723 2200 2742 2234 ι
2779 2180 3028 2252 Baptizat
3068 2185 3211 2237 enim
3261 2199 3359 2239 nos
3411 2183 3616 2252 Spiritu

2037 2278 2226 2324 sancto
2257 2279 2313 2324 et
2337 2270 2460 2339 igne
2486 2271 2575 2324 “2
2606 2269 2786 2342 ignem
2827 2282 3006 2333 autem
3043 2289 3163 2330 esse
3199 2274 3430 2328 dicimus
3471 2271 3616 2327 velut

2047 2359 2218 2414 sancti
2244 2359 2477 2430 Spiritus
2504 2361 2611 2415 vim
2667 2363 3098 2432 abstergentem,
3129 2366 3298 2420 instar
3319 2365 3461 2435 ignis
3492 2379 3614 2419 sor-

2050 2450 2143 2504 des
2174 2451 2492 2506 delictorum
2523 2451 2574 2506 in
2599 2453 2756 2507 nobis
2784 2453 3077 2522 liquantem
3102 2463 3157 2509 et
3181 2465 3613 2510 consumentem.

353 2632 606 2704 δύναμιν,
640 2634 809 2706 πυρὸς
833 2634 990 2705 δίκην
1037 2636 1376 2708 ὲκτήκουσαν
1415 2635 1526 2689 τῶν
1556 2638 1613 2688 ἐν
1649 2637 1781 2706 ἡμῖν
1806 2635 2292 2708 πλημμελημάτων
2320 2637 2412 2690 τὸν
2441 2639 2631 2707 ῥύπον.

434 2733 516 2784 Οὐ
548 2728 658 2799 γάρ
690 2732 848 2784 εἰσιν
867 2732 926 2784 αἱ
951 2730 1178 2795 ,βουλαί
1221 2748 1361 2800 μου,
1395 2729 1598 2798 ὥσπερ
1628 2733 1687 2784 at
1711 2729 1938 2794 ,βουλαὶ

354 2820 544 2891 ὑμῶν,
593 2819 739 2874 οὐδὲ
787 2819 989 2888 ὥσπερ
1039 2823 1100 2874 αἱ
1134 2819 1264 2874 ὁδοί
1295 2837 1437 2888 μου,
1475 2823 1532 2874 αὶ
1573 2820 1700 2873 ὁδοὶ
1748 2819 1935 2890 ὑμῶν,

353 2913 497 2968 ἀλλ’
539 2911 741 2980 ῶσπερ
768 2909 977 2978 ἀπέχει
1011 2915 1042 2965 ό
1075 2911 1333 2978 οὐρανὸς
1362 2909 1480 2963 ἀπὸ
1513 2909 1624 2978 τῆς
1656 2908 1788 2979 γῆς,
1834 2909 1937 2962 οὕ-

353 3013 472 3062 τως
499 2994 705 3065 ἀπέχει
732 2995 771 3062 ἡ
792 2995 932 3060 ὁδός
962 3012 1082 3064 μου
1117 2994 1237 3048 ἀπὸ
1266 2993 1386 3046 τῶν
1423 2992 1581 3046 ὁδῶν
1609 2993 1794 3062 ὑμῶν,
1834 2992 1933 3046 καὶ

354 3092 432 3141 τὰ
458 3086 828 3156 διανοήματα
857 3085 1021 3155 ὑμῶν
1049 3085 1167 3140 ἀπὸ
1192 3084 1305 3154 τῆς
1326 3084 1596 3150 διανοίας
1618 3102 1759 3153 μου.

444 3180 718 3232 Ἀπιστείν
738 3178 839 3230 οὐκ
867 3179 932 3249 ἐᾷ
958 3177 1047 3230 διὰ
1090 3176 1327 3247 Χριστοῦ
1359 3177 1544 3248 χάριτι
1578 3176 1705 3238 τοὺς
1746 3173 1940 3228 καλου-

362 3271 559 3341 μένους
589 3272 668 3333 si;
699 3269 1054 3342 ἐπιστροφὴν,
1083 3271 1176 3323 καὶ
1201 3268 1487 3340 λύτρωσιν,
1507 3269 1601 3321 καὶ
1623 3266 1940 3337 ἀποκάθαρ-

358 3384 445 3420 σιν
501 3366 794 3437 ἀμαρτίας.
856 3362 1030 3416 Τοῦτο
1084 3360 1421 3414 πεπόνθασιν
1478 3361 1528 3413 oi
1587 3359 1648 3424 ἐξ
1710 3357 1940 3428 αἵματος

370 3457 624 3528 Ἰσραήλ*
675 3455 812 3510 Θεοῦ
844 3454 953 3526 γὰρ
996 3452 1288 3516 καλοῦντος
1336 3454 1418 3515 εἰς
1470 3448 1808 3522 ἐπιστροφὴν
1844 3448 1939 3502 καὶ

361 3550 727 3622 μετάγνωσιν,
760 3549 872 3609 τοῖς
895 3545 984 3599 τοῦ
1014 3544 1313 3607 συνειδότος
1339 3543 1581 3613 ἐλέγχοις
1602 3541 1937 3596 καταδακνό-

361 3655 539 3709 μενοι,
568 3637 662 3690 καὶ
685 3635 1042 3689 δυσέκνιπτον
1075 3633 1273 3703 κομιδῇ
1306 3632 1398 3685 τὸν
1424 3632 1520 3700 τῆς
1552 3630 1762 3684 ἑαυτῶν
1795 3647 1934 3698 φαυ-

355 3726 582 3796 λότητος
624 3723 794 3794 ῥύπον
824 3719 1160 3793 λογιζόμενοι
1185 3761 1200 3784 ,
1249 3723 1313 3775 Αἱ
1349 3720 1545 3774 πλάναι
1593 3719 1771 3789 ἡμῶν,
1806 3718 1938 3788 ἔφα-

360 3835 511 3878 σκον,
543 3819 600 3870 ὲν
627 3817 760 3886 ἡμῖν
786 3816 946 3878 εἰσιν,
977 3813 1072 3866 καὶ
1105 3814 1162 3864 ὲν
1198 3812 1389 3875 αὑταῖς
1416 3813 1578 3881 ἡμεῖς
1617 3809 1934 3879 τικτόμεθα.

357 3910 472 3964 Καὶ
509 3908 627 3972 πῶς
652 3906 966 3978 ζησόμεθας
994 3907 1104 3960 Καὶ
1132 3906 1184 3958 τί
1228 3905 1363 3975 πρὸς
1389 3903 1558 3956 ταῦτα
1588 3902 1754 3966 Θεός;
1796 3901 1940 3955 Ἐπι-

361 4001 567 4070 στροφῇ
613 3994 990 4066 ἁποστρέψατε
1034 3994 1143 4048 ἀπὸ
1177 3994 1274 4064 τῆς
1303 3992 1422 4045 ὁδοῦ
1463 3991 1636 4061 ὑμῶν,
1666 3985 1813 4053 οἶκος
1841 3989 1937 4042 τοῦ

373 4089 606 4161 Ἰσραὴλ,
640 4089 734 4142 καὶ
765 4088 866 4140 οὐκ
896 4085 1109 4140 ἔσονται
1159 4087 1285 4156 ὑμῖν
1318 4087 1397 4146 εἰς
1429 4083 1650 4137 κόλασιν
1701 4081 1933 4145 ἀδικίας.

361 4181 532 4233 Ὅταν
557 4179 734 4232 τοίνυν
756 4176 1041 4246 ἀπιστῆτε,
1067 4176 1160 4229 καὶ
1183 4176 1357 4244 ὑμεῖς.
1391 4172 1550 4236 αὐτός
1575 4188 1728 4240 φησι,
1759 4171 1940 4224 διαϐε-

359 4268 687 4337 ϐαιουμένου
712 4283 771 4318 τε
799 4265 893 4319 καὶ
927 4264 1176 4332 λέγοντος
1205 4261 1338 4333 ἐμοῦ
1369 4261 1462 4315 τοῦ
1504 4262 1680 4314 πάντα
1705 4257 1938 4330 Ιὶσχύον-

359 4378 471 4424 τος,
503 4361 584 4414 ὅτι
630 4359 817 4426 Πάσης
874 4357 1016 4426 ὑμᾶς
1071 4353 1362 4417 ἀπαλλάξω
1423 4352 1662 4423 κηλῖδος,
1709 4352 1937 4405 καὶτῶν

359 4449 972 4520 πάλαιδιεπταισμένων
998 4447 1312 4516 ἐλευθέρους
1351 4443 1634 4512 ἀποφανῶ,
1664 4444 1784 4498 τότε
1812 4444 1934 4497 καθ’
1966 4435 2012 4494 D

361 4545 589 4607 ἑαυτοὺς
615 4543 928 4612 ἐννοήσατε,
967 4539 1049 4601 τίς
1077 4538 1174 4607 μὲν
1201 4536 1329 4604 ἐγὼ,
1359 4536 1501 4600 τίνες
1528 4536 1584 4589 δὲ
1617 4537 1710 4589 καὶ
1751 4536 1929 4604 ὑμεῖς,

365 4635 455 4689 καὶ
483 4635 564 4687 ὅτι
597 4633 850 4686 τοσοῦτον
896 4631 1240 4700 διεστήκασιν
1269 4629 1334 4682 ἐκ
1373 4627 1481 4680 τῶν
1515 4627 1648 4680 ὁδῶν
1693 4625 1846 4696 ὑμῶν
1874 4626 1931 4679 αἱ

359 4725 468 4779 ὁδοί
500 4741 622 4795 μου,
655 4726 745 4778 καὶ
777 4724 846 4777 τὰ
879 4722 1210 4791 διανοήματα
1236 4719 1387 4789 ὑμῶν
1419 4717 1525 4771 ἀπὸ
1554 4718 1654 4788 τῆς
1697 4717 1934 4780 διανοίας

364 4834 490 4887 μου,
517 4817 618 4885 ὅση
647 4815 730 4877 τίς
759 4817 874 4867 ἐστι
902 4813 995 4866 καὶ
1021 4811 1129 4864 τῶν
1173 4810 1389 4880 φύσεων
1431 4810 1464 4880 ὴ
1509 4809 1760 4878 διαφορά.
1804 4811 1932 4861 ’Λν-

361 4907 569 4978 θρωποι
607 4905 706 4976 μὲν
761 4905 868 4975 γὰρ
911 4904 1090 4972 ὑμεῖς,
1127 4899 1236 4971 ἐγὼ
1264 4901 1320 4954 δὲ
1361 4901 1514 4963 Θεός.
1552 4898 1759 4953 Οὐκοῦν
1805 4898 1941 4968 ἀμέ-

360 5000 562 5068 τρητόν
584 5014 644 5049 τε
677 4996 736 5049 τὸ
760 4995 984 5067 μεταξὺ,
1025 4994 1120 5048 καὶ
1158 4993 1522 5065 ἀπαράϐλητα
1556 4991 1835 5054 παντελῶς
1871 4990 1941 5042 τὰ

361 5090 522 5143 Θεοῦ.
552 5090 698 5160 Nm;
731 5088 838 5156 γὰρ
865 5086 1028 5155 ἰσχύϊ,
1062 5085 1157 5138 καὶ
1181 5083 1327 5155 δόξῃ,
1358 5085 1452 5136 καὶ
1492 5081 1808 5154 ἡμερότητι,
1845 5080 1940 5132 καὶ

361 5182 516 5235 οὐδὲν
544 5179 658 5232 ἐστι
683 5177 961 5239 παντελῶς
990 5177 1047 5228 ὲν
1072 5177 1370 5246 γεννητοῖς,
1402 5174 1431 5227 ὂ
1465 5175 1577 5236 τοῖς
1600 5172 1809 5226 ὲνοῦσιν
1841 5171 1940 5224 αύ-

361 5273 442 5343 τῷ
472 5272 904 5340 πλεονεκτήμασι
937 5267 1353 5329 συνεκτείνεται,
1396 5266 1563 5336 ἤγουν
1604 5265 1773 5331 ἐγγὺς
1809 5264 1938 5334 ὁρᾶ-

368 5381 460 5416 ται
508 5365 602 5416 καὶ
629 5357 979 5432 παραϐραχύ.
1021 5357 1328 5428 Ἄνθρωποι
1369 5357 1467 5425 μὲν
1501 5354 1608 5426 γὰρ
1640 5352 1938 5424 ἀοργησὶαν

363 5454 467 5506 οὐκ
493 5451 738 5522 ἔχουσιν·
787 5450 960 5504 ἔνεστι
996 5448 1052 5502 δὲ
1081 5448 1237 5501 τοῦτο
1268 5450 1332 5518 τῇ
1359 5448 1496 5518 ὑπὲρ
1536 5447 1712 5499 πάντα
1755 5444 1937 5513 φύσει·

363 5542 426 5595 οὐ
454 5541 561 5611 γὰρ
583 5542 864 5609 κρατεῖται
881 5537 1054 5609 θυμῷ.
1079 5539 1282 5608 Πικρὸς
1308 5540 1336 5590 ό
1355 5538 1639 5608 ἄνθρωπος
1657 5535 1751 5588 καὶ
1775 5535 1942 5596 πολὺς

367 5634 446 5695 είς
475 5631 757 5701 πονηρίας,
793 5630 994 5698 ἀγαθὸς
1023 5629 1081 5683 δὲ
1129 5632 1194 5700 τῇ
1239 5629 1396 5699 φύσει
1445 5627 1596 5691 Θεὸς,
1645 5626 1845 5698 μᾶλλον
1886 5625 1941 5678 δὲ

2119 2729 2280 2785 Vsus.
2313 2729 2366 2793 8,
2402 2730 2456 2784 9.
2495 2729 2615 2784 Non
2645 2731 2780 2784 enim
2810 2739 2932 2783 sunt
2978 2730 3323 2800 cogitationes
3354 2747 3483 2785 mem
3514 2734 3618 2785 sic-

2044 2831 2100 2874 ut
2150 2822 2492 2890 cogitationes
2541 2830 2754 2885 vestrm;
2793 2837 2952 2890 neque
3000 2823 3097 2876 vim
3151 2839 3280 2876 mem
3332 2825 3468 2876 sicut
3516 2824 3614 2876 vim

2041 2919 2246 2966 vestrm.
2282 2910 2411 2977 Sed,
2437 2921 2490 2963 ut
2523 2911 2681 2963 distat
2709 2914 2893 2964 cmlnm
2924 2928 2956 2963 a
2986 2919 3150 2974 terra,
3198 2911 3276 2964 sic
3327 2912 3486 2964 distat
3531 2913 3613 2964 via

2041 3017 2156 3054 mea
2192 3018 2223 3054 a
2251 3001 2346 3055 viis
2380 3001 2581 3066 vestris,
2640 3011 2687 3055 et
2715 3003 3055 3071 cogitationes
3086 3013 3266 3056 vestrm
3290 3019 3320 3056 a
3345 3003 3615 3071 cogitatio-

1963 3102 2009 3164 C
2043 3105 2106 3143 ne
2130 3105 2269 3143 mea.

2112 3181 2344 3238 Vocates
2377 3181 2444 3235 ad
2491 3181 2901 3236 conversionem
2949 3189 3004 3235 et
3058 3179 3488 3249 redemptionem
3548 3194 3613 3233 ac

2039 3272 2476 3327 emundationem
2531 3279 2876 3339 peccatorqu
2931 3285 3035 3324 non
3094 3269 3226 3324 sinit
3279 3271 3465 3339 gratia:
3515 3285 3611 3338 per

2038 3362 2309 3418 Christum
2353 3361 2615 3416 diﬂidere.
2643 3361 2794 3428 Quod
2846 3361 3089 3416 fecerunt
3151 3361 3428 3416 Israelitte.
3497 3361 3607 3415 Deo

2039 3469 2274 3522 namque
2307 3453 2370 3508 ad
2399 3453 2810 3508 conversionem
2835 3461 2888 3507 et
2913 3452 3340 3520 resipiscentiam
3357 3462 3611 3518 vocante,

2039 3543 2477 3599 accusationibus
2507 3543 2852 3597 conscientia:
2875 3542 3183 3612 compuncti
3209 3551 3265 3598 et
3294 3544 3608 3605 commorsi,

2037 3636 2332 3705 sordesque
2369 3649 2480 3689 sum
2514 3635 2828 3688 vitiositatis
2860 3634 2948 3687 vix
2998 3633 3102 3687 elui
3161 3648 3330 3702 posse
3387 3633 3608 3688 omnino

2037 3728 2357 3795 cogitantes,
2379 3726 2602 3780 Errores
2627 3724 2817 3788 nostri,
2836 3723 3172 3792 inquiebant,
3197 3725 3250 3777 in
3283 3723 3435 3777 nobis
3461 3734 3608 3788 sunt,

2038 3828 2092 3872 et
2129 3833 2226 3871 nos
2251 3818 2303 3872 in
2338 3817 2442 3871 illis
2469 3817 2581 3870 nati
2620 3831 2828 3869 sumus.
2870 3814 2928 3867 Et
2983 3815 3252 3882 quomodo
3319 3815 3609 3867 viVemus?

2036 3912 2250 3978 Adqua:
2274 3909 2413 3962 Deus
2444 3929 2456 3963 :
2483 3909 2638 3962 Serio
2665 3906 3008 3960 revertamini
3037 3921 3066 3956 a
3093 3905 3177 3957 via
3208 3907 3606 3968 vestra,donttts

2045 4000 2202 4054 Israel
2225 4038 2239 4063 ,
2271 4009 2458 4054 etnon
2493 4000 2688 4052 cedent
2729 3997 2879 4051 vobis
2909 3995 2962 4049 in
3022 3994 3342 4063 supplicium
3397 3993 3607 4057 injusti-

2039 4093 2146 4148 tiaa.
2174 4091 2399 4158 Quando
2430 4090 2592 4160 igitur
2630 4104 2746 4151 vos,
2793 4087 2983 4156 inquit,
3060 4084 3319 4148 diliiditis,
3373 4101 3456 4138 me
3511 4087 3602 4152 qui

2037 4183 2216 4237 omnia
2256 4197 2494 4250 possum,
2545 4180 2844 4234 allii-mante
2897 4188 2951 4233 et
2985 4179 3234 4231 dicente:
3300 4177 3457 4231 Omni
3509 4192 3606 4230 vos

2040 4273 2245 4327 macula
2275 4272 2533 4334 liberabo,
2567 4284 2620 4324 et
2645 4271 2712 4324 ab
2741 4270 3053 4324 inveteratis
3080 4268 3294 4338 ﬂagitiis
3337 4269 3603 4322 immunes

2039 4364 2300 4425 reddam;
2344 4373 2472 4416 tunc
2516 4361 2654 4429 apud
2695 4375 2788 4413 vos
2817 4361 3051 4429 cogitate
3080 4360 3201 4428 quis
3245 4373 3346 4425 ego
3378 4359 3503 4423 sint,
3553 4368 3605 4412 et

2039 4456 2128 4524 qui
2164 4469 2256 4508 vos
2285 4455 2426 4520 sitis,
2463 4463 2516 4507 et
2560 4462 2765 4506 tantum
2795 4453 2912 4505 vias
2943 4463 3092 4504 meas
3147 4465 3174 4501 a
3226 4451 3328 4503 viis
3387 4451 3605 4513 vestris,

2039 4563 2102 4601 ac
2143 4545 2494 4616 cogitationes
2525 4554 2785 4598 vestrasa
2827 4542 3150 4616 cogitatione
3189 4553 3305 4591 mea
3367 4537 3603 4601 differre,

2039 4615 2240 4702 quanta
2273 4642 2356 4687 est
2386 4635 2549 4687 etiam
2583 4644 2896 4685 naturarum
2924 4615 3244 4683 diﬂ'ereutia.
3295 4626 3403 4681 Vos
3459 4630 3605 4682 enim

2042 4726 2288 4779 homines
2320 4724 2473 4787 estis,
2507 4738 2608 4793 ego
2655 4723 2819 4777 Deus.
2857 4722 2996 4790 Ergo
3040 4722 3359 4773 immensum
3389 4730 3473 4772 est
3525 4719 3610 4771 in-

2043 4816 2344 4879 tervallum,
2393 4825 2448 4868 et
2485 4828 2604 4884 quae
2633 4815 2722 4868 Dei
2767 4823 2911 4877 sunt,
2947 4813 3168 4865 omnino
3209 4820 3336 4863 sunt
3403 4810 3608 4884 incom-

2039 4905 2320 4975 parabilia.
2366 4904 2542 4959 Vincit
2585 4905 2725 4959 enim
2755 4903 3090 4966 fortitudine,
3119 4901 3312 4971 gloria,
3371 4881 3606 4953 elemen-

2038 4999 2145 5053 tia:
2201 5014 2302 5052 nec
2333 5009 2414 5052 est
2455 4998 2743 5065 quidquam
2778 4996 2830 5048 in
2869 5010 3046 5048 rerttm
3099 5001 3285 5047 natura
3334 4997 3474 5060 quod
3505 5007 3604 5044 ex-

2037 5088 2340 5142 cellentiam
2370 5088 2487 5155 eius
2515 5088 2816 5154 adaequare,
2846 5093 2937 5138 aut
2971 5099 3136 5155 prope
3162 5086 3323 5137 etiam
3348 5084 3607 5138 act-edere

2035 5193 2191 5249 posse
2226 5173 2490 5232 videatur.
2538 5177 2793 5230 Homines
2833 5177 2974 5230 enim
3013 5176 3089 5229 ira
3117 5190 3221 5229 non
3257 5185 3451 5229 vacant
3481 5189 3493 5224 :
3549 5185 3607 5228 at

2041 5266 2142 5317 hoc
2172 5263 2412 5316 omnium
2455 5280 2680 5317 summae
2715 5273 2919 5318 natura!
2951 5263 3111 5327 inest,
3154 5263 3451 5333 utqum‘ira
3498 5277 3604 5315 non

2039 5362 2304 5407 teneatur.
2337 5355 2478 5408 Acer
2527 5356 2688 5408 homo
2717 5365 2768 5408 et
2816 5369 3018 5423 pronus
3065 5355 3114 5408 in
3173 5354 3506 5421 nequitiam:
3552 5359 3609 5403 at

2037 5443 2208 5498 bonus
2235 5454 2424 5498 natura
2449 5446 2610 5509 Deus,
2678 5446 2785 5500 imo
2821 5447 3000 5515 potius
3049 5446 3316 5514 ipsissima
3367 5442 3602 5497 bonitas.

2041 5533 2295 5589 Remittet
2322 5550 2450 5604 ergo
2483 5545 2539 5588 ut
2566 5535 2801 5599 Deus,et
2833 5534 3416 5604 justiﬁeabitimpium,
3454 5532 3610 5600 igneo

2039 5626 2229 5679 rantia:
2261 5627 2439 5694 lapsus
2469 5627 2739 5682 oblivione
2766 5627 3020 5687 obruens,
3053 5633 3108 5677 et
3152 5623 3355 5678 erroris
3423 5621 3611 5675 sordes

441 5808 489 5841 "
517 5807 674 5864 Rom.
705 5823 758 5875 v,
781 5806 869 5862 ΞΟ.
947 5806 992 5840 ⁵⁸
1019 5805 1204 5861 Malae.
1239 5820 1318 5872 in,
1348 5801 1404 5872 2,
1437 5803 1514 5871 5.,
1583 5802 1651 5834 η’
1673 5800 1862 5859 Matth.
1900 5816 1979 5865 ιιι,
2023 5801 2103 5856 ιι.
