4106 6574
563 420 696 501 ιεδι

1555 418 1615 472 S.
1655 415 1925 474 CYRILLI
1962 414 2431 472 ALEXANDBINI
2469 412 2788 470 ARCHIEP.

3701 404 3848 459 |252

562 535 767 588 deletis.
804 531 922 585 Alio
957 544 1175 600 quoque
1214 531 1372 584 modo
1417 530 1704 586 verborum
1760 533 1953 591 borum
2011 547 2145 589 con-

2251 532 2572 602 αὐτόχρημα
2602 530 2662 583 τὸ
2688 527 2914 598 ἀγαθόν.
2974 526 3189 595 Ἀνησει
3220 523 3283 592 δὴ
3308 517 3400 575 οὖν
3431 520 3512 583 ὡς
3550 519 3714 581 Θεὸς,
3758 518 3851 568 καὶ

562 623 876 679 siderationi
914 621 1039 675 illud
1075 621 1322 689 adjicias.
1357 621 1497 677 Olim
1543 624 1686 676 enim
1717 624 1957 691 gentium
2005 623 2143 678 mul-

571 716 743 769 titudo
812 713 1068 782 insipiens
1119 713 1276 781 781
1331 723 1449 766 erat
1509 723 1561 766 et
1612 710 1770 769 facile
1821 716 1873 768 in
1929 729 2144 769 omnem

562 807 863 862 foeditatem
911 804 1299 872 abripiebatur,
1338 813 1391 855 et
1438 803 1562 857 t0tis
1602 803 1756 872 quasi
1802 803 1933 857 velis
1973 813 2147 858 trans-

561 897 762 950 versim
799 893 1146 949 auferebatur
1184 893 1248 947 ad
1284 908 1345 946 ea
1380 892 1623 946 facienda
1660 908 1778 960 qua:
1814 892 1898 946 fas
1927 907 2031 947 non
2068 900 2152 948 est

564 987 769 1039 dicere.
811 984 917 1039 Sed
954 995 1242 1053 postquam
1282 1000 1374 1052 per
1408 983 1562 1036 ﬁdem
1602 984 1933 1050 quaesierunt
1963 985 2149 1046 Deum,

568 1076 913 1138 invocarunt,
948 1086 1000 1127 et
1024 1077 1233 1144 priores
1271 1089 1397 1129 suas
1442 1075 1555 1129 vias
1602 1082 1655 1128 et
1708 1075 1891 1143 iniqua
1932 1073 2153 1128 consilia

567 1167 934 1236 reliquerunt;
963 1166 1390 1220 misericordiam
1434 1166 1499 1218 ab
1544 1166 1659 1233 ipso
1693 1166 1971 1221 consecuti
2007 1177 2154 1230 sunt,

570 1270 624 1312 ct
658 1258 724 1311 ad
755 1259 915 1311 aliam
950 1257 1115 1311 vitam
1145 1266 1270 1313 sunt
1301 1257 1450 1324 quasi
1491 1256 1895 1322 transformati;
1943 1257 2148 1325 sapien-

570 1360 651 1404 tes
685 1349 812 1403 lacti
847 1359 992 1412 sunt,
1022 1358 1206 1418 utpote
1232 1348 1513 1417 sapientiae
1546 1349 1857 1417 participes,
1873 1350 2146 1403 omnium-

570 1456 674 1508 que
711 1456 887 1494 rerum
921 1442 1178 1494 bonarum
1232 1440 1501 1504 scientes;
1552 1439 1737 1509 jugum
1794 1440 2005 1508 pristini
2054 1455 2145 1493 er-

572 1532 711 1591 roris
749 1540 1123 1594 excusserunt,
1158 1542 1438 1599 peccatum
1473 1532 1737 1593 vicerunt,
1773 1546 1871 1585 nec
1913 1531 2145 1599 amplius

574 1620 777 1673 lubrico
807 1628 860 1672 et
898 1617 1043 1671 labili
1069 1620 1250 1671 animo
1274 1619 1480 1685 przediti
1518 1625 1663 1679 sunt,
1702 1617 1798 1670 sed
1832 1616 2010 1678 ﬁrmo,
2083 1624 2140 1668 et

2250 622 2527 677 δικαιώσει
2556 622 2645 674 τὸν
2668 618 2862 688 ἀσεϐῆ,
2903 614 3251 685 καταχωννῦς
3283 610 3652 682 ἀμνηστείαις
3690 607 3765 659 τὰ
3796 606 3853 671 ἐξ

2251 714 2472 783 ἀγνοίας
2521 712 2859 782 πταίσματα,
2897 706 3172 776 ἀφανίζων
3222 704 3281 756 δὲ
3323 702 3419 755 καὶ
3462 700 3593 765 τοῦς
3647 700 3716 749 ὲκ
3756 695 3853 747 τοῦ

2254 805 2627 875 πεπλανῆσθαι
2699 802 2923 872 ῥύπους.
2970 798 3079 851 Καὶ
3132 794 3250 849 καθ’
3299 794 3487 859 ἕτερον
3541 790 3602 842 δὲ
3646 788 3854 857 τρόπον

2257 901 2323 968 τῇ
2361 897 2470 955 τῶν
2500 894 2875 965 προκειμένων
2915 890 3118 959 θεωρίᾳ
3154 885 3500 968 προσϐαλεῖς.
3529 881 3717 968 Πάλαι
3754 878 3855 968 μὲν

2256 964 2364 1055 γάρ
2412 984 2520 1037 τῶν
2550 964 2743 1034 νέθνῶν
2796 981 2829 1049 ὴ
2881 976 3087 1047 πληθὺς
3140 972 3398 1033 ἀσύνετος
3453 966 3561 1039 ἦν,
3626 964 3853 1023 εῦκολος

2254 1078 2335 1138 είς
2372 1072 2654 1142 ἀποφορὰν
2684 1072 2781 1140 τὴν
2824 1069 3056 1121 εἰσάπαν
3094 1062 3275 1117 ὁτιοῦν
3306 1060 3414 1113 τῶν
3437 1060 3724 1119 ἐκτόπων,
3760 1055 3855 1105 καὶ

2257 1170 2400 1230 ὅλοις
2458 1166 2648 1235 ὥσπερ
2705 1163 2895 1225 ἱστίοις
2958 1156 3341 1227 ἀποφερομένη
3397 1151 3537 1221 πρὸς
3592 1148 3661 1200 τὸ
3719 1147 3852 1216 δρᾷν

2254 1259 2491 1323 ἐθέλειν,
2546 1256 2582 1309 ἃ
2637 1255 2712 1325 μὴ
2763 1253 2922 1322 θέμις
2990 1251 3183 1302 εἰπεῖν.
3236 1242 3453 1311 Ἐπειδὴ
3502 1241 3561 1294 δὲ
3599 1240 3695 1292 διὰ
3755 1239 3852 1303 τῆς

2248 1353 2481 1413 πίστεως
2521 1348 2789 1417 ἐζήτησαν
2833 1343 2923 1396 τὸν
2975 1341 3140 1401 Θεὸν,
3181 1332 3597 1390 ἀπεκαλέσαντό
3651 1346 3712 1381 τε
3757 1328 3851 1380 καὶ

2247 1441 2516 1495 ἀπέλιπον
2545 1437 2755 1492 ἑαυτῶν
2785 1435 2883 1497 τὰς
2912 1431 3132 1502 πρώτας
3157 1428 3306 1491 ὁδοὺς
3330 1426 3422 1479 καὶ
3449 1424 3698 1493 ἀνόμους
3727 1420 3853 1490 βου-

2247 1535 2364 1598 λὰς,
2398 1533 2655 1603 ηλέηνται
2708 1530 2806 1599 μὲν
2850 1528 2978 1597 παρ’
3026 1520 3215 1583 αὑτοῦ,
3276 1513 3849 1592 μετεστοιχειὼθησαν

2246 1625 2301 1678 δὲ
2335 1623 2527 1693 ὥσπερ
2554 1624 2633 1684 είς
2661 1622 2851 1689 ἑτέραν
2896 1615 3064 1684 ζωὴν,
3118 1612 3272 1680 σοφοὶ
3313 1610 3605 1677 γεγόνασιν
3652 1604 3731 1668 ὡς
3761 1620 3847 1654 σο-

576 1712 718 1777 torti,
753 1721 807 1763 ct
843 1719 1029 1777 parato
1068 1709 1134 1761 ad
1186 1708 1585 1775 exsequendum
1628 1721 1691 1760 ca
1749 1706 1943 1774 quibus
2006 1705 2143 1758 Deus

2251 1716 2381 1787 φίας
2410 1715 2645 1784 μέτοχοι,
2681 1712 2774 1764 καὶ
2795 1706 3000 1778 ἀγαθοῦ
3033 1703 3235 1767 παντὸς
3258 1701 3585 1772 πράγματος
3621 1694 3848 1787 ἐπιστή-

573 1803 891 1860 oblectatur.
928 1799 1031 1854 Sed
1066 1800 1286 1868 quando
1322 1799 1601 1867 promitto,
1656 1798 1852 1866 inquit,
1905 1798 2040 1861 hwc,
2078 1809 2145 1848 ne

2255 1784 2433 1874 μονες,
2461 1802 2824 1859 ἀπεσείσαντο
2850 1799 2948 1868 τῆς
2994 1794 3227 1866 ἀρχαίας
3265 1791 3481 1860 ἀπάτης
3519 1787 3614 1840 τὸν
3652 1784 3843 1874 ζυγδν.

573 1893 826 1956 dil'litlite,
866 1905 962 1945 nec
1004 1891 1315 1946 mutabilem
1353 1890 1466 1943 fore
1496 1901 1728 1943 mentem
1772 1888 2141 1957 suspicamini.

2251 1896 2563 1965 νενικήκασι
2607 1892 2703 1963 τὴν
2736 1889 3031 1963 ἁμαρτίαν,
3075 1887 3175 1939 οὐκ
3223 1879 3713 1951 εὐπαρακόμιστον
3766 1872 3844 1925 ἔτι

574 1982 687 2035 Non
725 1992 851 2036 sunt
903 1981 1046 2034 enim
1076 1979 1301 2034 consilia
1333 1993 1447 2031 mea
1499 1979 1640 2033 sicut
1678 1978 1901 2032 consilia
1927 1987 2140 2041 vestra;

2251 1988 2343 2059 τὴν
2368 1987 2605 2040 διάνοιαν
2659 1986 2900 2055 ἔχοντες,
2935 1978 3331 2051 ἐρηρεισμένην
3363 1975 3420 2027 δὲ
3466 1970 3701 2042 μᾶλλον,
3753 1968 3847 2059 καὶ

574 2090 673 2129 nec
715 2075 813 2127 vim
846 2087 977 2126 mea:
1026 2071 1165 2126 sicut
1193 2071 1291 2123 via:
1327 2080 1537 2123 vestrae.
1594 2069 1757 2124 Vobis
1803 2070 1947 2122 enim
1988 2080 2143 2122 natu-

574 2181 633 2219 ra
669 2163 975 2219 hominibus
1005 2162 1236 2232 plurima
1270 2172 1397 2216 sunt
1451 2176 1571 2231 quae
1622 2160 1906 2214 diﬂiculter
1956 2163 2145 2229 acqui-

576 2257 618 2309 ri
664 2254 945 2325 acperlici
995 2262 1241 2323 possunt.
1291 2250 1401 2306 Nec
1456 2252 1601 2306 enim
1664 2252 1923 2319 quidquid
1987 2252 2146 2317 vultis

577 2348 757 2402 facere
802 2347 905 2400 hoc
939 2360 1155 2417 semper
1192 2345 1256 2398 ad
1305 2344 1463 2399 ﬁnem
1509 2352 1816 2408 procurret.
1878 2343 1947 2404 At
2013 2345 2143 2404 mihi

579 2440 687 2493 Deo
714 2438 891 2491 omnia
949 2437 1125 2490 facilia
1166 2444 1323 2488 erunt
1356 2446 1411 2489 et
1448 2435 1730 2505 proclivia,
1785 2450 1882 2489 nec
1925 2437 2146 2489 omnino

575 2529 864 2599 quidquam
893 2530 1141 2580 arduum.
1176 2526 1404 2579 Tantum
1449 2526 1590 2579 enim
1628 2528 1830 2579 distant
1877 2527 1975 2579 vim
2013 2541 2145 2580 mea?

576 2638 606 2675 a
674 2622 773 2674 viis
807 2620 1022 2682 vestris,
1060 2628 1316 2687 quantum
1373 2616 1689 2685 intelligitur
1753 2617 1892 2669 inter
1943 2624 2143 2669 terrant

575 2726 630 2767 et
665 2713 1162 2766 cmlumintercsse.
1194 2709 1700 2777 lncomprebensum
1753 2723 1882 2762 vero
1941 2710 2042 2762 hoc
2092 2716 2147 2761 et

576 2806 921 2866 immensum,
966 2816 1064 2856 nec
1122 2802 1173 2854 id
1228 2802 1460 2854 humana
1508 2816 1659 2853 mens
1707 2815 1901 2869 capere
1946 2809 2142 2869 potest.

578 2893 722 2949 Dixit
746 2892 1156 2963 igiturdivinus
1188 2892 1449 2960 propheta
1477 2890 1679 2945 Isaias:
1719 2910 1736 2941 ι
1768 2892 1899 2957 Quis
1930 2907 2145 2945 mensus

576 2995 660 3040 est
689 3000 849 3038 manu
881 2998 1099 3053 aquam,
1144 2992 1198 3037 et
1230 2984 1426 3038 coalum
1458 2982 1658 3049 palmo,
1699 2994 1755 3035 et
1784 2999 1995 3037 omnem
2049 2993 2150 3037 ter-

579 3094 690 3133 ram
717 3077 931 3147 pugno?
962 3076 1084 3145 quis
1121 3075 1374 3142 appendit
1414 3084 1626 3127 montes
1671 3076 1924 3144 pondere,
1953 3084 2005 3133 et
2061 3092 2148 3129 ru-

578 3185 672 3239 pes
695 3178 895 3224 statera
924 3167 946 3220 ?
988 3176 1080 3223 aut
1113 3166 1235 3234 quis
1265 3166 1411 3219 novit
1455 3176 1685 3219 mentem
1734 3166 1940 3220 Domini
1996 3167 2089 3219 ‘7?
2125 3186 2143 3218 ι

2247 2058 2498 2148 εῦσθενῆ,
2537 2079 2631 2131 καὶ
2666 2078 2799 2130 πολὺ
2831 2076 3133 2146 βλέπουσαν
3166 2072 3257 2128 ἐπὶ
3288 2068 3349 2120 τὸ
3373 2067 3571 2136 χρῆναι
3593 2058 3846 2131 πληροῦν

2243 2171 2315 2223 τά
2348 2171 2431 2239 ἐφ’
2463 2167 2660 2240 οἷσπερ
2696 2169 2762 2221 ἂν
2793 2165 2986 2237 ἡσθείη
3018 2163 3170 2223 Θεός.
3203 2159 3344 2215 Ἀλλ’
3376 2158 3508 2215 ὅταν
3566 2151 3840 2240 ἐπαγγεί-

2245 2238 2424 2328 λωμαι
2476 2238 2679 2319 ταῦτα,
2742 2254 2917 2323 φησὶ,
2981 2251 3056 2320 μὴ
3113 2248 3490 2315 ἀπιστήσητε,
3541 2241 3687 2311 μήτε
3739 2238 3845 2307 μὴν

2247 2350 2520 2419 ἀμήνυτον
2547 2347 2656 2418 [ian
2695 2341 2989 2416 ἀνήνυτον]
3017 2341 3234 2401 ἔσεσθαι
3262 2338 3362 2407 τῆς
3395 2334 3577 2389 αὐτῶν
3612 2330 3845 2401 γνώμης

2245 2442 2342 2510 τὴν
2373 2440 2674 2511 μεταϐολὴν
2701 2436 3113 2507 ὑπολαμϐάνετε
3131 2450 3144 2463 ⁸
3171 2434 3230 2487 οῦ
3255 2431 3365 2501 γάρ
3394 2430 3534 2481 εἰσιν
3571 2427 3625 2478 αί
3650 2423 3843 2494 βουλαί

2250 2549 2351 2600 μου
2387 2530 2576 2598 ὥσπερ
2606 2531 2660 2581 αἱ
2697 2527 2881 2598 βουλαὶ
2913 2525 3088 2597 ὑμῶν,
3115 2525 3235 2577 οὐδὲ
3259 2523 3449 2591 ὥσπερ
3480 2521 3533 2572 αἱ
3562 2519 3679 2571 ὁδοὶ
3718 2533 3844 2587 μου,

2246 2624 2301 2676 αἱ
2361 2621 2469 2674 ὁδοὶ
2524 2620 2697 2690 ὑμῶν.
2751 2620 2908 2688 Ὑμῖν
2959 2620 3066 2688 γὰρ
3126 2614 3432 2684 ἀνθρώποις
3489 2607 3610 2663 οὖσι
3679 2609 3845 2677 φύσει

2247 2714 2473 2766 πλεῖστά
2515 2713 2573 2764 τέ
2626 2714 2744 2769 ἐστι
2790 2710 2896 2763 τῶν
2949 2710 3291 2780 πραγμάτων
3323 2704 3390 2758 τά
3443 2702 3695 2769 δυσερπῆ
3752 2700 3845 2753 καὶ

2245 2805 2503 2874 ἀνήνυτα.
2529 2803 2602 2855 Οὐ
2632 2802 2739 2871 γὰρ
2764 2803 2890 2863 πᾶν,
2919 2802 3054 2869 ὅπερ
3070 2797 3277 2851 ἕλοισθε
3295 2796 3450 2866 δρᾷν,
3474 2792 3635 2846 τοῦτο
3656 2792 3839 2859 πάντη

2246 2911 2306 2947 τε
2334 2894 2427 2947 καὶ
2462 2894 2677 2956 πάντως
2715 2894 3001 2964 δραμεῖται
3047 2891 3185 2960 πρὸς
3228 2889 3433 2959 πέραςσ
3478 2888 3601 2957 ἐμοὶ
3630 2886 3691 2938 δὲ
3724 2885 3839 2938 εντι

2248 2983 2365 3054 Θεῴ
2406 2984 2522 3036 λεῖα
2562 2985 2740 3052 πάντη
2797 2983 2891 3037 καὶ
2950 2981 3210 3052 εὐήλατα,
3258 2981 3353 3033 καὶ
3407 2978 3555 3030 οὐδὲν
3606 2977 3841 3035 ἄναντες

2248 3076 2406 3138 ὅλως.
2464 3075 2729 3128 Τοσοῦτον
2783 3075 2892 3145 γάρ
2928 3074 3304 3143 ἀφεστήκασιν
3342 3072 3400 3129 αἱ
3435 3068 3543 3123 ὁδοί
3582 3083 3687 3136 μου
3730 3064 3840 3120 ἀπὸ

2250 3168 2357 3221 τῶν
2384 3168 2518 3221 ὁδῶν
2544 3168 2573 3221 ὑ
2583 3168 2720 3238 μῶν,
2761 3168 2883 3220 ὅσον
2909 3165 2975 3219 ἂν
3001 3169 3172 3218 νοοῖτο
3200 3165 3261 3217 τὸ
3293 3162 3494 3233 μεταξὺ
3523 3161 3628 3230 γῆς
3654 3176 3716 3211 τε
3750 3159 3840 3211 καὶ

575 3261 805 3334 οὐρανοῦ
835 3279 848 3291 ·
897 3259 1280 3328 ἀκατάληπτον
1311 3259 1367 3311 δὲ
1407 3258 1562 3312 τοῦτο
1610 3259 1911 3325 παντελῶς,
1968 3261 2062 3313 καὶ
2102 3261 2299 3330 μέτρου
2356 3261 2519 3332 πέρα,
2563 3262 2659 3314 καὶ
2700 3264 2818 3323 ταῖς
2860 3258 3162 3330 ἀνθρώπων
3193 3256 3453 3318 διανοίαις
3491 3255 3591 3323 οὐχ
3644 3244 3843 3304 ἁλώσι·

581 3370 700 3423 μον.
734 3355 879 3423 Ἔφη
924 3351 1052 3420 γοῦν
1087 3353 1181 3404 καὶ
1211 3352 1239 3402 ὁ
1266 3350 1551 3413 θεσπέσιος
1590 3353 1876 3422 προφήτης
1917 3352 2143 3416 Ἡσαΐας
2169 3373 2212 3405 ,ι
2234 3353 2328 3418 Τίς
2373 3354 2644 3424 ὲμέτρησε
2678 3355 2743 3422 τῇ
2791 3352 2937 3422 χειρὶ
2970 3350 3033 3404 τὸ
3081 3350 3254 3419 ὕδωρ,
3291 3347 3400 3417 ,καὶ
3450 3347 3537 3400 τὸν
3602 3344 3840 3417 οὐρανὸν

581 3446 855 3516 σπιθαμῇ,
900 3444 991 3499 καὶ
1032 3446 1211 3497 πᾶσαν
1241 3444 1340 3513 τὴν
1377 3444 1481 3512 γῆν
1510 3444 1702 3514 δρακί;
1756 3445 1851 3507 Τίς
1888 3445 2085 3515 ἔστησε
2131 3445 2200 3499 τά
2239 3447 2364 3518 ὅρια
2399 3445 2645 3517 σταθμῷ,
2674 3445 2769 3498 καί
2801 3445 2901 3507 τὰς
2932 3445 3107 3507 νάπας
3136 3442 3321 3513 ζυγῷ;
3350 3440 3383 3510 ἢ
3418 3439 3500 3502 τίς
3530 3438 3675 3507 ἔγνω
3715 3435 3840 3490 νοῦν

580 3538 786 3607 Κυρίου
812 3555 826 3602 ;
861 3555 879 3588 ι

654 3628 818 3683 Vens.
846 3630 934 3692 10,
965 3628 1051 3681 il.
1090 3627 1302 3681 Etenim
1327 3628 1766 3696 quemadmodum
1794 3644 1911 3682 cum
1937 3630 2151 3684 descen-

579 3722 654 3775 dit
690 3720 863 3788 pluvia
891 3719 968 3773 vel
1003 3719 1093 3771 nia;
1132 3720 1194 3771 de
1233 3718 1381 3781 caelo,
1423 3728 1469 3769 et
1517 3735 1620 3770 non
1666 3721 1943 3773 revertitur
1987 3720 2150 3774 donec

580 3809 794 3864 inebriet
830 3820 1042 3871 terram,
1070 3816 1118 3861 et
1147 3816 1370 3876 generet,
1404 3814 1451 3858 et
1482 3806 1755 3874 germinet,
1784 3815 1830 3862 et
1871 3806 1955 3859 det
1978 3823 2151 3861 semen

579 3900 769 3955 serenti
822 3909 868 3952 et
902 3914 1086 3967 panem
1120 3900 1188 3951 ad
1214 3914 1386 3952 escam
1437 3912 1455 3950 :
1494 3898 1568 3949 sic
1612 3896 1707 3949 erit
1743 3897 1950 3952 verbum
2013 3897 2150 3967 quod

580 3990 759 4045 exierit
782 3991 844 4042 de
878 4005 967 4045 ore
1003 4004 1113 4041 meo
1140 4005 1158 4051 ;
1187 4004 1289 4041 non
1314 3995 1621 4051 revertetur,
1645 3986 1807 4043 donec
1866 3988 2155 4057 compleve-

583 4083 648 4133 rit
677 4096 998 4150 quwcunque
1024 4081 1183 4133 volui.

662 4170 815 4226 Velut
848 4169 1096 4238 exemplo
1138 4170 1422 4238 perspicuo
1464 4180 1520 4225 et
1571 4171 1822 4231 onmibus
1872 4170 2156 4227 notissimo

582 4262 911 4330 persuadere
968 4260 1156 4313 nititur
1213 4268 1413 4328 quanta
1467 4263 1539 4314 sit
1571 4271 1796 4314 nutuum
1838 4261 2003 4329 ipsius
2056 4274 2154 4329 po-

583 4354 772 4407 tentia.
800 4350 955 4404 Cadit
994 4350 1135 4402 enim
1169 4350 1345 4418 pluvia
1383 4351 1467 4405 vel
1511 4351 1605 4404 nix
1645 4351 1899 4417 etelitus;
1954 4350 2156 4406 demis-

582 4458 698 4497 sam
735 4457 862 4497 vero
898 4456 926 4495 a
965 4441 1072 4496 Deo
1108 4456 1266 4495 nemo
1308 4442 1567 4511 impedire
1596 4443 1813 4512 poterit,
1842 4442 1936 4498 sed
1962 4442 2156 4498 demit-

584 4534 748 4588 tentis
796 4547 990 4601 scopus
1046 4547 1111 4586 ac
1156 4536 1486 4602 propositum
1561 4532 1719 4587 linem
1783 4534 2151 4602 consequitur.

584 4623 891 4679 Fecundam
922 4623 1068 4678 enim
1104 4624 1279 4677 reddit
1303 4638 1517 4678 omnem
1562 4634 1782 4689 terram,
1836 4625 1905 4678 ita
1934 4633 1989 4678 ut
2011 4624 2153 4693 agri-

586 4714 717 4769 cola:
751 4725 861 4769 tum
894 4714 1118 4768 seminis
1142 4723 1254 4769 tum
1284 4715 1390 4770 cibi
1441 4715 1603 4785 782
1641 4730 1885 4784 magnam
1917 4716 2151 4769 habeant

583 4805 814 4871 copiam.
869 4803 1003 4867 Cum
1032 4804 1177 4859 enim
1212 4806 1369 4860 adest
1409 4813 1619 4873 tempus
1672 4821 1778 4873 quo
1838 4805 1991 4871 plena
2036 4804 2147 4873 spi-

585 4908 646 4948 ca
697 4904 856 4949 terrae
915 4896 1194 4959 reddatur,
1231 4911 1337 4949 non
1392 4896 1563 4951 solum
1604 4906 1853 4964 qmerunt
1903 4894 2154 4963 agricola:

587 4998 708 5050 quae
732 4984 800 5038 ad
830 4986 1029 5041 victum
1062 4988 1424 5055 suppeditent,
1476 4988 1569 5042 sed
1598 4989 1760 5040 etiam
1817 5000 2153 5056 quaecunque

594 5075 719 5137 illis,
752 5084 992 5144 tempore
1035 5088 1263 5133 vocante
1314 5080 1379 5133 ad
1427 5080 1796 5142 laberandum,
1867 5076 2149 5131 sufﬁciant.

587 5162 687 5224 Ita,
714 5164 903 5231 inquit,
938 5181 1095 5224 nemo
1135 5183 1312 5222 meum
1338 5183 1642 5221 sermonem
1684 5166 2009 5235 prohibebit,
2053 5180 2151 5219 nec

588 5263 885 5320 avertetur,
917 5257 967 5311 id
1020 5269 1125 5324 est,
1157 5273 1262 5315 non
1292 5260 1521 5324 desinet,
1556 5261 1727 5315 donec
1752 5259 1891 5327 quod
1920 5259 2047 5311 mihi
2072 5258 2151 5311 vi-

588 5359 707 5398 sum
735 5354 838 5410 est,
881 5348 1038 5402 ﬁnem
1074 5349 1270 5417 capiat.
1330 5348 1397 5402 Et
1449 5363 1576 5403 vera
1626 5357 1708 5403 est
1768 5350 1881 5403 haec
1949 5349 2146 5402 oratio.

586 5431 744 5502 Nam,
781 5437 941 5491 sicuti
1016 5440 1276 5508 propheta
1315 5438 1508 5511 {Isaias
1571 5440 1685 5494 ait:
1740 5457 1760 5491 ι
1839 5437 1966 5504 Quae
2009 5437 2148 5491 Deus

654 5608 699 5638 ⁸⁷
734 5607 835 5676 lsa.
870 5625 958 5675 XL,
996 5609 1080 5675 12,
1118 5611 1203 5666 15.

656 5783 734 5854 (1)
774 5784 935 5849 LX-X,
967 5787 1201 5857 τελεσθῇ.

2185 4400 2233 4460 D

2338 3632 2434 3697 Ὦς
2464 3632 2573 3701 γὰρ
2608 3629 2834 3697 καταϐῇ
2863 3631 3057 3693 ὑετὸς.
3081 3630 3120 3695 ἢ
3150 3628 3297 3696 χιὼν
3326 3626 3395 3680 ἐκ
3419 3624 3527 3678 τοῦ
3548 3623 3840 3691 οὐρανοῦ,

2256 3724 2351 3779 καί
2384 3725 2455 3777 οὺ
2476 3722 2560 3792 μὴ
2600 3720 2959 3790 ἀποστροφῇ
3005 3721 3116 3785 ἕως
3155 3719 3231 3773 ἂν
3259 3720 3492 3788 μεθύση
3541 3718 3664 3784 τὴν
3696 3717 3831 3785 γῆν.

2256 3814 2355 3867 καὶ
2396 3815 2606 3882 mem
2648 3814 2746 3869 καὶ
2788 3810 3134 3877 βλαστήσει
3157 3849 3172 3873 ,
3221 3810 3317 3862 καὶ
3351 3807 3433 3873 δῷ
3466 3808 3711 3876 σπέρμα
3758 3804 3835 3871 τῷ

2255 3905 2585 3973 σπείροντι,
2614 3904 2715 3957 καί
2745 3905 2930 3971 ἄρτον
2961 3898 3327 3968 ειςβρῶσινσ
3363 3899 3549 3964 οὕτως
3571 3898 3749 3952 ἔσται
3771 3898 3832 3950 τό

2247 3994 2412 4063 ῥῆμα
2454 3994 2486 4047 ὃ
2517 3994 2626 4049 ἐὰν
2667 3993 2884 4062 ἐξέλθῃ
2907 3994 2976 4048 ἐκ
2998 3992 3106 4047 τοῦ
3127 3991 3423 4060 στόματός
3450 4007 3569 4060 μου
3590 4006 3605 4021 ⁸
3634 3991 3712 4043 οὐ
3746 3989 3829 4057 μὴ

2252 4086 2637 4156 ἀποστραφῇ,
2669 4087 2779 4153 ἕως
2801 4087 2877 4141 ἂν
2906 4085 3250 4153 συντελέσῃ
3281 4085 3358 4155 (1)
3393 4084 3510 4137 ὅσα
3532 4084 3827 4150 ἠθέλησα.

2333 4177 2423 4239 Ὠς
2448 4178 2513 4230 ἐκ
2542 4177 2983 4247 παραδείγματος
3016 4173 3279 4245 ἐναργοῦς
3308 4175 3403 4227 καὶ
3443 4175 3577 4225 πᾶσι
3629 4188 3831 4242 γνωρι-

2256 4266 2503 4337 μωτάτου
2549 4271 2808 4338 πειρᾶται
2855 4269 3236 4338 πληροςρορεῖν,
3275 4267 3377 4336 ὅση
3425 4265 3509 4328 τίς
3557 4266 3676 4317 ἐστι
3723 4264 3830 4316 τῶν

2255 4358 2421 4410 αὑτοῦ
2465 4360 2750 4427 νευμάτων
2788 4361 2820 4428 ἡ
2855 4358 3102 4429 δύναμις.
3151 4358 3345 4410 Πίπτει
3397 4356 3496 4427 μὲν
3525 4355 3636 4425 γὰρ
3684 4356 3828 4418 ὑετὸς

2260 4449 2293 4519 ἢ
2330 4448 2461 4519 χιὼν
2501 4450 2561 4514 ἐξ
2585 4449 2838 4519 οὐρανοῦ,
2860 4450 3189 4520 καθιεμένην
3222 4449 3278 4503 δὲ
3304 4448 3453 4518 παρά
3484 4447 3621 4500 Θεοῦ
3641 4448 3829 4501 διακω-

2261 4538 2473 4593 λύσειεν
2504 4541 2570 4594 ἂν
2612 4542 2787 4605 οὐδείς
2807 4556 2823 4573 ν
2869 4543 3050 4613 τρέχει
3094 4543 3151 4596 δὲ
3202 4542 3399 4613 μᾶλλον
3427 4542 3508 4604 είς
3534 4540 3712 4610 πέρας
3736 4539 3824 4591 τοῦ

2258 4628 2537 4693 καθιέντος
2567 4630 2729 4683 αὐτὸν
2761 4634 2789 4683 ὁ
2819 4632 3021 4694 σκοπός
3043 4648 3057 4661 ·
3094 4631 3367 4703 εὔκαρπον
3395 4631 3504 4699 γὰρ
3539 4629 3824 4697 ἀποφαίνει

2256 4718 2476 4774 ἅπασαν
2521 4720 2619 4791 τὴν
2673 4721 2810 4790 γῆν,
2852 4722 2992 4777 ὥστε
3033 4724 3159 4786 τοὺς
3195 4723 3465 4794 γηπόνους
3493 4723 3553 4774 ὲν
3592 4721 3823 4791 ἀμφιλα-

2257 4812 2387 4882 φεία
2433 4813 2687 4879 γενέσθαι
2736 4814 2901 4885 πολλῇ
2960 4817 3053 4869 καὶ
3089 4814 3437 4885 σπερμάτων,
3474 4814 3568 4866 καὶ
3599 4812 3816 4882 τροφῆς.

2260 4902 2467 4973 Καιροῦ
2495 4903 2602 4974 γὰρ
2633 4903 2785 4966 ὄντος
2806 4906 2926 4959 καθ’
2952 4905 3009 4959 ὃν
3030 4906 3096 4958 ἀν
3122 4902 3397 4975 εὐτραφὴς
3420 4906 3449 4956 ό
3476 4903 3677 4971 στάχυς
3705 4902 3823 4955 ἀνα·

2258 4992 2435 5063 δοθείη
2482 4995 2581 5062 τῆς
2608 4995 2731 5064 γῆς,
2777 4995 2899 5065 οὐχὶ
2935 4997 3071 5066 μόνα
3120 4994 3190 5048 τὰ
3219 4993 3505 5065 διαρκέσαι
3559 4992 3823 5061 δυνάμενα⁵

2256 5084 2392 5153 πρὸς
2436 5085 2643 5154 τροφὴν
2690 5085 2911 5155 ζητοῦσι
2964 5086 3212 5155 γηπόνοι,
3246 5083 3382 5137 ἀλλά
3438 5083 3549 5153 γὰρ
3588 5084 3684 5136 καὶ
3727 5081 3821 5134 ὅσα

2256 5174 2417 5226 πάλιν
2450 5176 2814 5245 ἀποχρήσειεν
2847 5176 2913 5230 ἂν
2943 5177 3124 5240 αὐτοῖς
3146 5215 3162 5240 ,
3192 5175 3386 5244 καιροῦ
3419 5173 3709 5235 καλοῦντος
3732 5172 3818 5225 ἐπὶ

2253 5266 2313 5317 τὸ
2335 5266 2531 5335 χρῆναι
2561 5271 2763 5322 πονεῖν.
2786 5267 2962 5334 Οὕτω,
2989 5270 3154 5339 φησιν
3177 5310 3190 5334 ,
3226 5270 3327 5321 οὐκ
3355 5269 3421 5322 ἄν
3452 5284 3537 5330 τις
3575 5267 3666 5319 τὸν
3696 5264 3819 5333 ἐμὸν

2252 5351 2405 5424 εἵρξῃ
2422 5352 2600 5421 λόγον,
2631 5357 2739 5409 οὐδ’
2759 5356 2826 5411 ἂν
2855 5359 3254 5429 ἀποστραφείη,
3284 5358 3583 5420 τουτέστιν,
3612 5356 3671 5408 οὐ
3693 5351 3817 5406 παύ-

2254 5460 2426 5510 σεται,
2461 5447 2620 5517 ἄχρις
2653 5446 2718 5501 ἂν
2748 5451 2829 5513 είς
2863 5451 3033 5521 πέρας
3062 5451 3205 5506 ἔλθοι
3246 5452 3307 5504 τὸ
3337 5450 3529 5505 δοκοῦν
3550 5448 3688 5519 ἐμοί.
3715 5446 3818 5501 Καὶ
