4140 6488
292 428 425 484 12⁸53

1406 432 1475 487 ΙΝ
1512 432 1748 488 ISAIAM
1785 431 1911 486 ΜΒ.
1946 429 2011 487 Υ.
2052 428 2289 486 Τοιιυδ
2329 428 2391 486 ll.

3402 428 3538 485 ιεει

289 545 488 615 ἀληθὴς
510 544 539 597 6
561 544 749 614 λόγος’
780 546 855 609 ὡς
886 547 994 618 γὰρ
1025 548 1053 599 6
1092 550 1379 621 προφήτης
1410 553 1575 621 φησὶν
1613 552 1849 613 Ἡσαΐας.

1966 560 2187 605 sanctus
2236 548 2491 611 decrevit,
2522 548 2645 616 quis
2698 546 3023 617 dissipabit?
3055 547 3118 600 Et
3171 560 3387 599 manum
3446 564 3539 601 ex-

294 656 312 687 t
330 639 392 689 Ἀ
415 638 446 690 6
473 636 608 699 Θεὸς
636 640 665 689 ό
699 636 851 705 ἅγιος
875 638 1241 707 βεὸούλευται,
1258 641 1341 704 τίς
1372 642 1736 703 διασκεδάσει,
1769 645 1863 695 xui.

289 725 381 795 τὴν
432 727 587 797 χεῖρα
625 727 725 797 τὴν
770 727 978 797 ὑψηλήν
1025 730 1107 791 τίς
1160 731 1522 801 ἀποστρέψεις
1564 748 1580 783 ι
1621 732 1715 795 Τίς
1754 733 1862 800 γάρ

290 816 432 869 ἔσται
455 817 729 880 τοσοῦτος,
762 817 838 879 ὡς
863 818 1032 881 θείαις
1058 819 1374 888 ἀντιστῆναι
1393 820 1615 890 ψήφοις,
1646 820 1741 873 καὶ
1775 820 1862 872 θε-

289 903 516 975 λήμασιν
538 907 940 976 ἀνταναστῆναι
961 908 1327 975 δεσποτικοίς;
1348 910 1537 972 Οὐδεὶς
1560 910 1856 973 παντελῶς.

291 994 494 1049 Οὐκοῦν
527 998 665 1067 ὅπερ
695 996 761 1051 ἂν
791 999 856 1051 ὲκ
883 1000 1148 1068 στόματος
1180 998 1383 1065 ἐξέλθοι
1425 999 1519 1052 τοῦ
1552 1000 1689 1052 κατὰ
1735 1000 1861 1069 ἀλή-

290 1086 435 1139 θειαν
462 1088 615 1149 ὄντος
659 1086 817 1151 Θεοῦ,
850 1090 1007 1141 τοῦτο
1039 1090 1215 1159 πάντη
1244 1107 1302 1142 τε
1349 1089 1442 1142 καὶ
1471 1089 1687 1152 πάντως
1734 1090 1860 1159 δρα-

292 1181 462 1246 μεῖται
508 1177 645 1249 πρὸς
696 1179 872 1249 πέρας
899 1198 911 1209 ο
951 1180 1129 1232 ἔνεστι
1155 1180 1265 1250 γάρ
1311 1180 1372 1231 τὸ
1396 1180 1572 1233 πάντα
1600 1179 1859 1234 δύνασθαι

290 1268 581 1340 κατορθοῦν
629 1268 797 1340 αὐτῷ,
842 1270 935 1324 καὶ
981 1272 1114 1340 πρός
1158 1288 1221 1339 γε
1259 1272 1432 1341 τούτῳ
1484 1272 1545 1324 τὸ
1588 1272 1858 1341 ἀψευδεῖν.

288 1358 428 1426 Πλὴν
458 1358 811 1428 κατέπεμψεν
838 1361 969 1429 ἡμῖν
991 1364 1104 1424 τοῖς
1137 1362 1230 1413 ἐπὶ
1264 1361 1369 1430 γῆς
1406 1363 1435 1413 6
1456 1362 1588 1425 Θεὸς
1615 1363 1711 1415 καὶ
1744 1364 1856 1415 [luo

286 1446 385 1516 τὴρ
409 1447 561 1501 ὑετὸν
588 1446 778 1519 ὥσπερ
824 1450 946 1504 τινὰ
980 1449 1122 1503 θεῖόν
1175 1467 1233 1503 τε
1282 1450 1377 1503 καὶ
1423 1450 1611 1520 νοητὸν
1640 1451 1739 1522 τὴν
1771 1451 1859 1506 διὰ

286 1536 516 1605 Χριστοῦ
549 1538 913 1608 παράκλησιν,
943 1539 1061 1608 ἦτοι
1091 1539 1200 1591 τῶν
1239 1539 1613 1607 εὐαγγελικῶν
1647 1558 1857 1612 κηρυγ-

289 1627 469 1697 μάτων
510 1626 607 1697 τὴν
654 1628 938 1699 χορηγίαν,
978 1628 1045 1681 δι’
1073 1624 1142 1700 ἦς
1169 1627 1444 1701 εὔκαρπος
1489 1631 1585 1682 καὶ⁵
1630 1649 1858 1701 γονιμω-

285 1716 417 1785 τάτη
442 1716 663 1785 γέγονεν
690 1720 722 1787 ή
755 1716 1017 1787 σύμπασα
1040 1718 1133 1786 γῆ.
1148 1717 1354 1770 Ψάλλει
1375 1719 1504 1786 γοῦν
1525 1721 1552 1772 ό
1573 1720 1858 1783 θεσπέσιος

286 1806 461 1873 Δασὶδ,
488 1807 581 1860 καί
618 1824 808 1877 φησιν·
850 1825 870 1858 ι
901 1808 1220 1877 Ἐπεσκέψω
1246 1809 1345 1879 τὴν
1378 1810 1504 1877 γῆν,
1535 1811 1631 1864 καὶ
1662 1810 1858 1880 ἐμέθυ-

1964 641 2165 695 celsam
2225 640 2345 705 quis
2383 648 2588 691 avertet
2614 638 2705 691 “?
2748 657 2765 690 ι
2808 637 2939 704 Quis
2993 638 3135 691 enim
3193 638 3298 691 erit
3355 646 3539 690 tantus

1964 742 2021 784 ut
2066 729 2250 783 divino
2288 732 2501 783 resistat
2544 729 2772 791 calculo,
2805 738 2858 782 et
2884 728 3091 781 Domini
3124 726 3387 780 voluntati
3441 726 3531 779 οὶιο

1961 822 2211 874 nitatur?
2253 819 2481 873 Prorsus
2508 834 2687 873 nemo.
2752 817 2936 887 Itaque
2964 818 3227 886 quidquid
3285 815 3536 887 egredie-

1962 921 2049 966 tur
2088 910 2156 965 de
2203 925 2298 964 ore
2352 910 2466 979 ejus
2503 910 2589 977 qui
2641 924 2765 962 vere
2823 910 2962 963 Deus
3016 918 3119 971 est,
3169 908 3270 962 hoc
3314 908 3537 961 omnino

1958 1017 2021 1057 ac
2050 1010 2264 1069 semper
2297 1000 2363 1054 ad
2392 1002 2547 1054 tinem
2587 1000 2791 1053 tendet.
2834 998 2980 1053 lnest
3012 999 3171 1052 enim'
3227 997 3323 1061 illi,
3369 1006 3422 1051 et
3479 1006 3537 1048 ut

1956 1090 2138 1144 omnia
2195 1097 2452 1158 prestare
2516 1087 2709 1155 possit,
2750 1096 2806 1141 et
2829 1092 3109 1155 prasterea'
3137 1087 3299 1138 etiam
3336 1096 3394 1139 ut
3421 1102 3529 1139 non

1960 1179 2270 1234 mentiatur.
2334 1176 2439 1232 Sed
2504 1178 2647 1231 enim
2731 1176 2951 1230 demisit
3008 1176 3162 1230 nobis
3216 1175 3533 1229 mortalibus

1961 1272 2104 1325 Deus
2149 1280 2204 1324 et
2231 1268 2410 1333 Pater,
2455 1268 2609 1338 quasi
2657 1268 2893 1335 pluviam
2935 1267 3226 1334 quamdam
3287 1249 3525 1319 divinam

1956 1372 2014 1416 et
2036 1362 2137 1416 sub
2166 1359 2573 1430 intelligentiam
2606 1359 2913 1421 cadentem,
2953 1356 3378 1411 consolationem
3434 1371 3533 1425 per

1954 1452 2253 1515 Christum,
2287 1450 2403 1504 sive
2431 1449 2757 1519 evangelicae
2826 1447 3228 1517 praedicationis
3299 1446 3532 1499 admini-

1956 1543 2296 1606 strationem,
2337 1557 2434 1609 per
2458 1556 2622 1610 quam
2650 1540 2899 1594 universa
2947 1549 3089 1593 terra
3135 1537 3377 1593 redditur
3407 1538 3523 1591 fru-

1957 1633 2128 1701 gifera
2162 1641 2216 1687 et
2290 1630 2694 1687 fecundissima.
2752 1630 2938 1685 Psallit
3000 1631 3255 1685 nimirum
3316 1631 3531 1685 divinus

1958 1723 2149 1788 David,
2176 1732 2229 1776 et
2260 1723 2473 1791 inquit:
2520 1740 2537 1773 ι
2586 1722 2827 1775 Visitasti
2861 1732 3084 1787 terram,
3125 1732 3178 1776 et
3247 1720 3528 1775 iuehriasti

1956 1827 2099 1878 eam,
2151 1811 2519 1879 multiplicasti
2578 1811 2905 1880 locupletare
2972 1827 3110 1865 eam.
3180 1810 3346 1863 llivos
3414 1811 3532 1877 ejus

286 1910 381 1956 σας
426 1894 633 1966 αὐτὴν,
666 1894 969 1965 ὲπλήθυνας
1019 1896 1113 1953 τοῦ
1162 1898 1445 1951 πλουτίσαι
1498 1900 1689 1968 αὐτήν·
1734 1900 1849 1962 τοὺς

1958 1902 2190 1965 inebria,
2226 1899 2518 1967 multiplica
2610 1898 2852 1969 germina
2908 1899 3052 1967 ejus,
3114 1899 3167 1951 in
3243 1898 3531 1952 stillicidiis

283 1986 525 2049 αὔλακας
570 1986 739 2056 αὐτῆς
793 1987 1043 2057 μέθυσον,
1097 1987 1365 2058 πλήθυνον
1422 1989 1489 2042 τά
1540 1991 1852 2060 γεννήματα

284 2071 467 2141 αὐτῆς,
498 2072 556 2124 ὲν
587 2074 706 2135 ταῖς
731 2074 984 2142 σταγόσιν
1028 2077 1197 2146 αὐτῆς
1246 2076 1680 2147 εὐφρανθήσεται
1731 2080 1853 2134 ἀνα·

282 2161 553 2215 τέλλουσα.
582 2185 601 2213 ρ
624 2163 735 2215 Καὶ
760 2162 865 2234 μήν
895 2167 988 2217 καὶ
1014 2164 1101 2218 διὰ
1118 2167 1300 2237 φωνῆς
1323 2169 1583 2232 Μωσέως,
1618 2188 1636 2220 ι
1663 2171 1849 2224 Κατα-

280 2252 536 2322 δήσεται,
574 2254 761 2324 φησὶν,
796 2255 871 2319 ὡς
925 2255 1077 2318 ύετὸς
1122 2258 1182 2310 τὸ
1220 2259 1551 2329 ἀπόφθεγμα
1598 2276 1723 2330 μου,
1754 2262 1851 2315 xui.

280 2343 569 2415 καταδήτω
593 2344 668 2407 ὡς
694 2345 883 2417 δρόσος
910 2347 977 2399 τὰ
1011 2349 1231 2418 ῥήματά
1256 2366 1375 2419 μου.
1392 2368 1410 2401 ι
1432 2350 1764 2405 Ἐπιστέλλει
1792 2354 1848 2406 δέ

278 2447 383 2484 τισι
413 2431 507 2485 καὶ
529 2434 557 2485 6
583 2433 854 2501 πάνσοφος
884 2434 1116 2499 Παῦλοςο
1145 2455 1162 2487 ι
1188 2438 1245 2490 '0
1266 2437 1320 2490 δὲ
1343 2438 1475 2501 Θεὸς
1501 2440 1601 2510 τῆς
1627 2442 1850 2512 εἰρήνης

276 2521 505 2593 αὐξήσαι
530 2522 620 2576 τὸν
659 2524 860 2595 σπόρον
915 2525 1089 2595 ὐμῶν,
1126 2528 1217 2582 καὶ
1263 2528 1529 2599 πληθύναι
1576 2531 1643 2584 τὰ
1666 2534 1852 2603 γεννή-

278 2628 422 2682 ματα
469 2613 570 2683 τῆς
615 2613 959 2685 δικαιοσύνης
1008 2616 1182 2685 ὑμῶν.
1221 2637 1240 2669 ι
1280 2619 1488 2672 υύκοῦν
1546 2622 1848 2692 εὐκαρπίαν

275 2703 587 2773 ἐσχήκαμεν
621 2702 715 2775 τὴν
748 2707 1143 2778 πνευματικήν,
1167 2708 1264 2778 τὴν
1293 2708 1379 2762 διὰ
1425 2711 1665 2780 Χριστοῦ
1693 2729 1849 2783 χορη-

272 2792 397 2861 γίαν
448 2795 703 2860 λαϐόντες
750 2799 829 2860 είς
886 2797 1032 2863 νοῦν,
1071 2798 1210 2851 ὥστε
1243 2798 1317 2870 μὴ
1362 2802 1521 2871 μόνον
1546 2803 1644 2873 τήν
1696 2804 1847 2874 ἱερὰν

274 2884 522 2952 συλλέξαι
554 2887 781 2958 τροφὴν,
801 2889 917 2957 ἤτοι
948 2889 1037 2940 τὸν
1061 2888 1224 2961 ἄρτον
1252 2890 1396 2961 ἔχειν
1429 2893 1578 2961 ἡμᾶς
1604 2892 1695 2947 τὸν
1721 2892 1848 2958 C(00-

273 2974 445 3037 ποιὸν,
479 2975 615 3028 ἀλλὰ
646 2976 753 3046 γὰρ
785 2977 881 3028 καὶ
916 2976 1138 3045 σπέρμα
1187 2977 1264 3047 τῷ
1310 2978 1609 3049 σπείροντι.
1643 2982 1707 3032 Οἱ
1736 2982 1845 3052 γάρ

272 3084 354 3119 τοι
385 3066 528 3121 λαῶν
566 3068 984 3137 προεστηκότες,
1018 3069 1110 3121 καὶ
1138 3069 1422 3139 δογμάτων
1445 3071 1604 3140 ιερῶν
1630 3074 1846 3141 ἐπιστή-

274 3172 455 3225 μονες,
488 3158 582 3211 καὶ
608 3157 976 3226 παιδαγωγεῖν
1009 3160 1229 3231 ἐτέρους
1266 3156 1366 3214 οἷοί
1406 3179 1461 3214 τε
1506 3164 1716 3215 καὶτὸν
1745 3164 1844 3233 τῆς

272 3250 670 3319 μυσταγωγίας
706 3254 815 3313 τοῖς
865 3251 968 3303 ὑπὸ
994 3255 1151 3322 χεῖρα
1189 3253 1333 3315 λαοῖς
1357 3252 1733 3322 ἐξυφαίνοντες
1760 3256 1845 3308 λό-

268 3353 391 3407 ¹γον,
418 3340 735 3411 σπείρουσιν
764 3343 822 3392 ὲν
854 3343 975 3403 ταῖς
1003 3342 1250 3412 καρδίαις
1286 3344 1484 3407 αὐτῶν,
1518 3344 1577 3397 ὃν
1619 3346 1848 3416 ἐθησαύο

273 3448 432 3503 ρισαν
476 3432 659 3494 αὐτοῖς
707 3432 936 3501 σπόρον,
972 3435 1595 3505 προκατασωρεύσαντες
1641 3440 1698 3490 ὲν
1727 3441 1845 3500 ταῖς

269 3523 482 3597 ἑαυτῶν
514 3523 731 3594 ψυχαῖς.
778 3525 863 3587 Ὠς
891 3525 1001 3595 γάρ
1038 3528 1065 3578 6
1101 3527 1373 3596 πάνσοφος
1412 3528 1617 3592 Παῦλός
1652 3547 1840 3600 φησιν,

277 3615 449 3669 «Θεοῦ
492 3615 757 3686 γεώργιόν
809 3616 998 3685 ἐσμενο
1060 3636 1079 3668 ι
1133 3620 1381 3688 συνεργοὶ
1415 3619 1523 3689 γὰρ
1566 3620 1699 3673 Θεοῦ
1746 3621 1839 3673 τοῦ

271 3706 585 3777 σπείροντες
614 3707 670 3758 ἐν
695 3705 843 3775 ήμῖν,
869 3706 961 3759 καὶ
982 3707 1315 3778 δογματικῆς
1334 3710 1613 3779 εὐτεχνίας
1642 3710 1841 3777 γνῶσιν

267 3798 493 3870 ὰκριδῆ,
522 3799 615 3851 καὶ
649 3797 921 3862 πολιτείας
950 3799 1178 3867 εὐαγοῦς
1207 3801 1538 3871 ἐπιστήμην,
1584 3803 1675 3855 καὶ⁵
1702 3819 1840 3855 παν·-

1954 1992 2068 2060 ejus
2096 1990 2365 2045 laetabitur
2401 1990 2707 2059 germinans
2736 1989 2804 2044 ⁸⁵.
2841 2008 2858 2039 ι
2888 1988 3025 2054 Quin
3050 2000 3103 2039 et
3130 2003 3258 2042 voce
3286 1987 3488 2057 Moysis
3512 2028 3526 2049 .

1959 2098 1978 2131 ι
2016 2081 2339 2142 Descendet,
2376 2079 2568 2146 inquit,
2606 2087 2858 2146 tanquam
2907 2078 3083 2146 pluvia
3142 2093 3308 2131 sonus
3355 2092 3527 2143 meus,

1951 2180 2004 2227 et
2047 2170 2374 2225 descendant
2404 2186 2500 2224 ceu
2540 2184 2630 2223 ros
2650 2170 2810 2224 verba
2842 2185 2956 2222 mea
2982 2170 3102 2220 "to
3136 2168 3338 2222 Scribit
3362 2168 3526 2222 etiam

1952 2263 2018 2316 ad
2054 2262 2314 2330 quosdam
2381 2259 2820 2328 sapientissimus
2851 2257 3090 2311 Paulus:
3130 2276 3148 2309 ι
3213 2257 3353 2312 Deus
3380 2257 3528 2326 pacis

1952 2362 2148 2423 augeat
2174 2362 2470 2407 sementem
2509 2363 2768 2415 vestram,
2796 2362 2850 2405 et
2907 2350 3227 2419 multiplicet
3278 2349 3525 2420 germina

1946 2442 2172 2512 iustitia:
2198 2451 2386 2497 vestra:
2419 2442 2485 2497 ⁸ο.
2529 2460 2550 2495 ι
2585 2441 2885 2495 [tabuimus
2948 2442 3127 2510 itaque
3175 2442 3227 2495 in
3288 2441 3526 2493 animum

1950 2536 2282 2599 ubertatem,
2331 2543 2552 2604 accepta
2608 2534 2836 2603 spiritali
2888 2548 2983 2603 per
3037 2534 3312 2587 Christum
3368 2532 3528 2600 largi-

1949 2626 2116 2688 tione,
2154 2625 2226 2678 ita
2255 2634 2311 2677 ut
2338 2640 2440 2677 non
2471 2625 2643 2679 solum
2678 2638 2893 2676 sacrum
2918 2624 3097 2677 cibum
3126 2622 3525 2696 collegerimus,

1948 2732 2011 2771 ac
2055 2730 2245 2786 panem
2291 2714 2559 2769 viviﬁcum
2596 2730 2692 2769 nos
2737 2715 3050 2777 habeamus,
3080 2715 3174 2768 sed
3224 2720 3385 2767 etiam
3440 2728 3524 2767 se-

1950 2823 2073 2861 men
2095 2806 2316 2861 serenti.
2376 2805 2548 2859 Duces
2599 2805 2743 2859 enim
2772 2806 3113 2874 pupillorum,
3146 2814 3201 2857 et
3238 2819 3522 2859 sacrorum

1949 2899 2264 2963 dogtnatnm
2292 2897 2468 2966 periti,
2508 2896 2711 2964 quique
2761 2896 3030 2964 [λιθάδειοςί
3068 2895 3188 2949 aliis
3213 2910 3335 2949 esse
3396 2911 3524 2964 pos-

1950 3000 2094 3053 sunt,
2139 2997 2193 3041 et
2226 2987 2571 3058 mystagogiae
2604 3001 2907 3040 sermonem
2927 2986 3119 3054 popqu
3153 2986 3367 3040 subdito
3394 3002 3528 3053 pra:-

1951 3089 2158 3141 texere,
2193 3089 2381 3132 serunt
2417 3078 2468 3130 in
2497 3078 2750 3131 cordibus
2785 3092 2971 3129 eorum
3026 3092 3212 3130 semen
3250 3078 3390 3143 quod
3446 3093 3527 3131 rec

1947 3172 2322 3232 condiderunt,
2357 3170 2610 3238 quodque
2654 3168 2802 3235 prius
2850 3168 2901 3219 in
2927 3168 3122 3221 animis
3162 3169 3274 3223 suis
3300 3184 3527 3237 conges-

1954 3271 2158 3315 serunt.
2219 3259 2285 3313 Ut
2329 3260 2472 3313 enim
2529 3257 2964 3325 sapientissimus
2996 3255 3194 3310 Paulus
3237 3258 3350 3310 ait:
3389 3275 3406 3307 ι
3435 3257 3525 3310 Dei

1955 3353 2264 3420 agricolatio
2292 3365 2481 3404 sumus
2505 3350 2567 3403 “.
2607 3367 2626 3400 ι
2679 3348 2989 3413 Cooperarii
3047 3363 3282 3416 namque
3340 3364 3529 3400 sumus

1956 3444 2070 3507 Dei,
2123 3444 2211 3512 qui
2258 3444 2410 3496 nobis
2448 3443 2758 3510 dogmatum
2790 3440 3150 3508 cognitionem
3186 3449 3450 3496 exactam.
3474 3448 3531 3491 et

1951 3543 2151 3588 sanctae
2174 3531 2602 3587 conversationis
2624 3529 2927 3591 scientiam,
2957 3536 3011 3581 et
3039 3525 3387 3595 omnis783
3405 3526 3527 3578 boni

1948 3624 2272 3678 desiderium
2314 3622 2523 3675 inserit.
2557 3619 2654 3674 ilic
2702 3628 2881 3672 autem
2932 3628 3014 3672 est
3043 3618 3313 3679 Christus,
3348 3618 3439 3686 qui
3467 3617 3531 3669 de

1947 3731 2007 3770 se
2036 3717 2149 3783 ipso
2179 3715 2308 3768 dicit
2344 3729 2357 3766 :
2403 3732 2422 3764 ι
2458 3712 2600 3765 Ετὶἰι
2626 3711 2715 3779 qui
2758 3710 2891 3764 serit
2920 3709 2984 3763 ad
3020 3709 3308 3764 serendum
3343 3722 3527 3763 semen

266 3892 365 3956 τὸς
393 3892 575 3961 ἔφεσιν
601 3890 806 3958 ἀγαθοῦ
850 3892 1189 3962 πράγματος·
1216 3888 1367 3956 οὗτος
1395 3893 1452 3946 δέ
1489 3897 1635 3948 ἐστιν
1671 3897 1699 3948 6
1732 3896 1986 3964 Χριστὸς,
2009 3898 2067 3961 ὃς
2103 3897 2168 3966 δὴ
2192 3897 2283 3949 καὶ
2306 3895 2433 3967 περὶ
2470 3893 2635 3947 αὐτοῦ
2662 3909 2825 3961 φησιν
2845 3908 2858 3921 ο
2910 3911 2927 3941 ι
2950 3891 3205 3961 Ἐξῆλθεν
3230 3894 3259 3945 ό
3282 3886 3532 3958 σπείρων

264 3982 364 4038 ⁴τοῦ
387 3983 604 4053 σπεῖραι
628 3981 721 4034 τὸν
745 3981 943 4051 σπόρον
972 3980 1155 4035 αὐτοῦ.
1192 4000 1209 4030 ι

341 4076 449 4131 Kal
487 4075 761 4130 εὐοδώσω
780 4075 886 4140 τὰς
912 4074 1089 4139 ὁδούς
1114 4091 1253 4141 μου,
1276 4076 1371 4128 καὶ
1408 4074 1480 4128 τὰ
1504 4076 1846 4147 ἐντάλματὰ

257 4186 407 4239 μου.
437 4168 534 4221 Ἐν
549 4167 656 4237 γὰρ
680 4167 1026 4236 εὐφροσύνῃ
1043 4164 1458 4231 ἐξελεύσεσθε,
1482 4167 1580 4221 καὶ
1605 4168 1675 4222 ἐν
1692 4166 1846 4237 χαρᾷ

263 4256 737 4327 διδαχθήσεσθε.

351 4350 754 4419 ’Υποσχόμενος
782 4348 864 4399 ὃτι
886 4346 1058 4417 πάντη
1081 4363 1140 4398 τε
1169 4348 1261 4400 καὶ
1288 4348 1503 4412 πάντως
1525 4347 1845 4419 ἐλεηθήσον-

266 4458 365 4495 ται
404 4440 526 4501 τοὺς
562 4439 662 4506 τῆς
713 4438 985 4507 ἁμαρτίας
1017 4438 1408 4508 ἀπονιψάμενοι
1443 4438 1644 4510 ῥύπους
1667 4479 1682 4502 ,
1727 4435 1846 4493 εἶτα

269 4531 509 4600 καθαροὶ
527 4530 806 4599 γεγονότες
824 4530 972 4598 αὐτῷ
995 4529 1421 4598 συναφθήσονται
1444 4530 1845 4599 πνευματικῶς,

266 4623 489 4675 ἔσονται
517 4623 574 4675 δὲ
593 4623 641 4675 οἱ
667 4622 883 4692 μακρὰν
913 4622 1095 4689 ἐγγὺς,
1120 4623 1215 4673 καὶ
1253 4624 1369 4683 ταῖς
1406 4621 1535 4691 παρ’
1559 4621 1723 4674 αὐτοῦ
1758 4639 1847 4690 φι-

266 4714 543 4782 λοτιμίαις
569 4714 1116 4783 καταπιανθήσονται,
1146 4716 1237 4767 καὶ
1258 4714 1344 4766 διὰ
1367 4714 1529 4782 μέσου
1560 4714 1846 4784 παρενθεὶς

263 4805 337 4857 τὰ
365 4805 433 4858 δι’
463 4798 538 4858 ὧν
553 4801 621 4876 ἦν
635 4805 890 4859 δύνασθαι
920 4805 1194 4859 πιστεύειν
1222 4807 1437 4868 αὐτοὺς,
1458 4806 1541 4857 ὅτι
1569 4806 1663 4859 καὶ
1687 4805 1845 4874 ἀψευ-

261 4898 370 4968 δὴς
403 4892 459 4969 ᾖ,
494 4896 627 4960 Θεὸς
672 4898 750 4950 ὢν
786 4898 966 4966 φύσει,
1023 4899 1115 4951 καὶ
1152 4898 1261 4950 τῶν
1290 4897 1571 4967 δυνάμεων
1623 4898 1843 4968 Κύριος,

261 4986 456 5057 ἔχεται
490 4988 652 5041 πάλιν
696 4987 807 5040 τῶν
845 4988 1059 5057 ἐφεξῆς,
1114 4989 1232 5058 ἢτοι
1263 4987 1361 5058 τῆς
1415 4986 1847 5058 ἀπαριθμήσεως

258 5080 381 5132 τῶν
403 5080 774 5149 δοθησομένων
805 5080 987 5142 αὐτοῖς
1040 5078 1423 5149 πνευματικῶν
1473 5080 1843 5148 χαρισμάτων.

259 5169 540 5224 Εὐοδώσω
582 5169 709 5239 γὰρ,
742 5170 898 5239 φησὶ.
944 5170 1040 5231 τὰς
1077 5169 1227 5228 ὁδούς
1256 5186 1381 5239 μου,
1407 5170 1502 5223 καὶ
1544 5170 1611 5223 τὰ
1656 5170 1845 5223 ἐντάλ-

262 5263 422 5332 ματά
477 5276 598 5332 μου·
649 5261 791 5331 μέγα
816 5261 969 5314 τοῦτο
998 5263 1091 5314 καὶ
1119 5261 1438 5331 άξιόληπτον
1482 5262 1703 5331 ἀγαθὸν,
1752 5262 1847 5314 καὶ

259 5354 447 5417 ξένιον
480 5351 708 5424 οὐρανοῦ
734 5367 747 5381 ·
785 5354 878 5405 καὶ
899 5353 1020 5405 τίνα
1052 5354 1271 5422 τρόπον,
1301 5352 1553 5424 ἐροῦμεν.
1591 5355 1715 5416 Τοῖς
1749 5354 1847 5423 μὲν

256 5445 381 5514 γὰρ
409 5446 471 5497 ὲκ
497 5442 803 5514 φιληδονίας
825 5443 1093 5512 κοσμικῆς
1112 5444 1189 5505 είς
1210 5445 1516 5513 εὐσχήμονα
1542 5444 1684 5514 ζωὴν
1716 5443 1847 5514 μεθ-

255 5535 594 5605 ορμίζεσθαι
633 5534 974 5603 βουλομένοις
1010 5533 1110 5585 οὐκ
1140 5533 1343 5602 ἇτραχυ
1377 5534 1435 5585 τὸ
1468 5534 1653 5603 χρῆμά
1678 5535 1846 5593 ἐστιν,

253 5627 387 5680 ἀλλ’
410 5627 530 5679 οὐδὲ
556 5626 781 5695 βάσιμον
811 5625 868 5676 έν
892 5625 1105 5693 ἀρχαῖς.
1172 5625 1577 5677 ’Λντανίσταται
1614 5624 1722 5695 γὰρ
1751 5625 1847 5677 αὐ-

342 5744 393 5773 ⁶⁸
430 5743 530 5795 lsa.
565 5758 676 5796 xw.
710 5741 799 5792 “2'7.
908 5740 952 5770 "
985 5739 1124 5794 l‘saI.
1165 5757 1310 5804 LXIV,
1370 5742 1451 5798 lO.
1494 5742 1575 5793 ll.

258 5813 313 5845 "
350 5812 535 5866 Matth.
570 5826 688 5875 nu,
727 5812 777 5863 5.

1690 5742 1754 5772 ⁵³·
1787 5741 1940 5796 Dcnt.
2003 5758 2180 5806 xxxii,
2229 5740 2281 5792 2.

2022 4075 2185 4128 Vens.
2246 4073 2332 4126 l2.
2391 4071 2456 4124 Et
2485 4066 2799 4139 prosperabo
2835 4067 2945 4120 vias
2990 4082 3131 4121 mea:
3175 4077 3223 4121 et
3269 4081 3530 4140 prter-cpta

1951 4184 2084 4220 mea.
2129 4163 2269 4216 Nam
2301 4179 2417 4215 cum
2447 4161 2630 4215 [milia
2659 4156 3013 4228 egrediemini,
3054 4168 3102 4212 et
3166 4176 3284 4212 cum
3334 4164 3530 4229 gaudio

1951 4254 2287 4311 docebimini.

2022 4348 2152 4402 Cum
2182 4346 2251 4399 sit
2283 4343 2549 4413 pollicitus
2589 4342 2953 4411 plenissimam
2996 4350 3380 4395 consecuturos
3409 4356 3530 4397 esse

1952 4436 2398 4495 misericordiam,
2427 4434 2517 4500 qui
2554 4434 2756 4500 peccati
2799 4434 2990 4485 sordes
3031 4430 3281 4494 eluerint,
3318 4442 3370 4483 et
3414 4432 3526 4497 qui,

1960 4526 2145 4582 mundi
2177 4524 2323 4587 facti,
2357 4522 2557 4577 fuerint
2590 4521 2864 4590 conjuncti
2906 4536 3026 4576 cum
3065 4535 3131 4573 eo
3158 4519 3529 4588 spiritualitcr,

1954 4633 2017 4672 ac
2040 4618 2155 4671 fore
2176 4614 2503 4681 propinquos
2535 4612 2623 4680 qni
2653 4611 2926 4680 longinqui
2956 4610 3192 4673 fuerunt,
3219 4625 3281 4663 ac
3316 4612 3532 4662 muniti-

1954 4709 2128 4764 centia
2159 4706 2276 4776 eius
2305 4705 2631 4774 saginandus
2653 4718 2715 4757 ac
2738 4704 3095 4764 recreandos;
3117 4702 3410 4767 cumqneiu
3433 4717 3536 4754 tne-

1952 4802 2040 4855 dio
2066 4797 2443 4867 interposuerit
2473 4810 2533 4848 ea
2573 4796 2712 4847 unde
2740 4794 2896 4847 fidem
2928 4792 3109 4848 facere
3148 4802 3329 4861 posset
3352 4808 3409 4847 se
3440 4808 3536 4844 ve-

1945 4905 2065 4943 rum
2086 4902 2207 4942 esse
2237 4897 2426 4941 natura
2449 4884 2613 4937 Deum
2645 4899 2706 4938 ac
2726 4882 3007 4936 Dominum
3021 4883 3355 4937 exercituum
3384 4901 3395 4935 :
3423 4900 3535 4935 rur-

1948 4993 2042 5032 sus
2057 4992 2178 5046 qua
2206 4982 2505 5044 sequuntur
2527 4972 2891 5041 prosequitur,
2921 4983 2977 5026 et
2998 4973 3275 5026 continuat
3302 4988 3529 5026 enume—

1949 5068 2218 5122 rationem
2253 5064 2613 5134 spiritualium
2644 5063 2903 5117 donornm
2932 5078 3051 5132 quae
3081 5062 3188 5116 illis
3236 5062 3527 5116 dabuntur.

1948 5158 2305 5227 Prosperabo,
2338 5157 2527 5223 inquit,
2566 5157 2677 5209 vias
2712 5169 2855 5208 meas
2882 5164 2935 5207 et
2955 5163 3218 5223 praecepta
3247 5170 3381 5209 mea.
3416 5156 3533 5208 Ma-

1954 5266 2115 5321 gnum
2143 5252 2335 5313 hoc,et
2355 5262 2457 5301 non
2474 5246 2866 5313 aspernandum
2893 5245 3233 5307 beneﬁcium.
3261 5256 3314 5301 et
3336 5248 3530 5300 donum

1956 5344 2175 5398 caeleste
2198 5359 2212 5396 :
2238 5339 2507 5410 quomodo
2539 5346 2739 5396 autem,
2769 5336 3140 5403 dicemus.Qni
3171 5340 3359 5392 enima
3380 5355 3535 5390 lllllll-

1955 5440 2107 5491 (lana:
2121 5435 2405 5503 voluptatis
2421 5447 2603 5485 amore
2625 5432 2691 5485 ad
2712 5432 2990 5484 honestam
3010 5431 3171 5483 vitam
3200 5430 3426 5484 transire
3446 5445 3539 5483 voc

1956 5529 2092 5593 lunt,
2114 5528 2165 5582 bi
2187 5528 2415 5595 primum
2437 5525 2488 5577 in
2512 5538 2699 5591 aspera
2721 5537 2778 5577 re
2798 5538 2860 5576 ac
2887 5538 2991 5576 non
3016 5504 3089 5575 ita
3110 5536 3271 5591 prona
3287 5532 3337 5574 et
3354 5522 3535 5589 pervia

1954 5634 2257 5681 versantur.
2290 5624 2621 5678 Adversatur
2650 5621 2794 5673 enim
2838 5620 2941 5674 illis
2968 5620 3107 5672 tritze
3130 5616 3281 5685 quasi
3307 5628 3541 5667 consue-

2395 5740 2439 5771 ⁸ο
2482 5735 2523 5790 ll
2564 5735 2688 5791 Cor.
2740 5749 2815 5798 IX,
2852 5734 2935 5786 10.
3046 5732 3086 5762 ⁶¹
3128 5729 3146 5782 l
3183 5730 3305 5784 Cor.
3344 5742 3425 5790 Ill,
3483 5725 3537 5781 9.
