  <div class='ocr_page' id='page_1' title='image "/cluster/home/n/w/nwhite01/storage/ocr_20150623/70/hvd.32044019207901/625.png"; bbox 0 0 4106 6574; ppageno 0'>
   <div class='ocr_carea' id='block_1_1' title="bbox 548 425 3809 489">
    <p class='ocr_par' dir='ltr' id='par_1_1' title="bbox 548 425 3809 489">
     <span class='ocr_line' id='line_1_1' title="bbox 548 425 3809 489; baseline -0.002 -2"><span class='ocrx_word' id='word_1_1' title='bbox 548 433 685 489; x_wconf 76' lang='grc'><strong>1255</strong></span> <span class='ocrx_word' id='word_1_2' title='bbox 1535 430 1589 485; x_wconf 89' lang='lat' dir='ltr'><strong>S.</strong></span> <span class='ocrx_word' id='word_1_3' title='bbox 1634 431 1904 487; x_wconf 76' lang='lat' dir='ltr'><strong>CYRILLI</strong></span> <span class='ocrx_word' id='word_1_4' title='bbox 1947 429 2413 485; x_wconf 79' lang='lat' dir='ltr'><strong>ALEXANDRINI</strong></span> <span class='ocrx_word' id='word_1_5' title='bbox 2454 428 2769 485; x_wconf 78' lang='lat' dir='ltr'><strong>ARCHIEP.</strong></span> <span class='ocrx_word' id='word_1_6' title='bbox 3660 425 3809 481; x_wconf 66' lang='lat'><strong>1256</strong></span> 
     </span>
    </p>
   </div>
   <div class='ocr_carea' id='block_1_2' title="bbox 547 543 2168 618">
    <p class='ocr_par' dir='ltr' id='par_1_2' title="bbox 547 547 2168 610">
     <span class='ocr_line' id='line_1_2' title="bbox 547 547 2168 610; baseline 0.002 -8"><span class='ocrx_word' id='word_1_7' title='bbox 547 549 752 602; x_wconf 92' lang='lat' dir='ltr'><strong>tudinis</strong></span> <span class='ocrx_word' id='word_1_8' title='bbox 793 548 1038 610; x_wconf 84' lang='lat' dir='ltr'><strong>dulcedo,</strong></span> <span class='ocrx_word' id='word_1_9' title='bbox 1092 554 1146 602; x_wconf 87' lang='lat' dir='ltr'><strong>et</strong></span> <span class='ocrx_word' id='word_1_10' title='bbox 1197 556 1429 601; x_wconf 77' lang='lat' dir='ltr'><strong>mentem</strong></span> <span class='ocrx_word' id='word_1_11' title='bbox 1476 562 1662 601; x_wconf 87' lang='lat' dir='ltr'><strong>eorum</strong></span> <span class='ocrx_word' id='word_1_12' title='bbox 1710 547 1929 602; x_wconf 74' lang='lat' dir='ltr'><strong>tristitia</strong></span> <span class='ocrx_word' id='word_1_13' title='bbox 1967 548 2112 605; x_wconf 89' lang='lat' dir='ltr'><strong>velut</strong></span> <span class='ocrx_word' id='word_1_14' title='bbox 2141 550 2168 606; x_wconf 73' lang='grc' dir='ltr'><em>Α</em></span> 
     </span>
    </p>
   </div>
   <div class='ocr_carea' id='block_1_3' title="bbox 2201 543 3822 618">
    <p class='ocr_par' dir='ltr' id='par_1_3' title="bbox 2211 543 3822 618">
     <span class='ocr_line' id='line_1_3' title="bbox 2211 543 3822 618; baseline -0.004 -16"><span class='ocrx_word' id='word_1_15' title='bbox 2211 552 2322 612; x_wconf 84' lang='grc' dir='ltr'>τοῖς</span> <span class='ocrx_word' id='word_1_16' title='bbox 2363 548 2553 618; x_wconf 85' lang='grc' dir='ltr'>ὥσπερ</span> <span class='ocrx_word' id='word_1_17' title='bbox 2581 547 2680 617; x_wconf 82' lang='grc' dir='ltr'>τῆς</span> <span class='ocrx_word' id='word_1_18' title='bbox 2721 545 3001 617; x_wconf 87' lang='grc' dir='ltr'>ἐντριϐοῦς</span> <span class='ocrx_word' id='word_1_19' title='bbox 3040 544 3330 616; x_wconf 78' lang='grc' dir='ltr'>συνηθείας</span> <span class='ocrx_word' id='word_1_20' title='bbox 3366 545 3430 597; x_wconf 69' lang='grc' dir='ltr'><strong>τὸ</strong></span> <span class='ocrx_word' id='word_1_21' title='bbox 3468 544 3671 613; x_wconf 69' lang='grc' dir='ltr'>γλυκὺ,</span> <span class='ocrx_word' id='word_1_22' title='bbox 3711 543 3822 596; x_wconf 75' lang='grc' dir='ltr'><strong>και</strong></span> 
     </span>
    </p>
   </div>
   <div class='ocr_carea' id='block_1_4' title="bbox 548 633 2169 708">
    <p class='ocr_par' dir='ltr' id='par_1_4' title="bbox 548 633 2118 690">
     <span class='ocr_line' id='line_1_4' title="bbox 548 633 2118 690; baseline 0 -1"><span class='ocrx_word' id='word_1_23' title='bbox 548 634 801 689; x_wconf 82' lang='lat' dir='ltr'><strong>inebriat.</strong></span> <span class='ocrx_word' id='word_1_24' title='bbox 828 633 935 688; x_wconf 85' lang='lat' dir='ltr'><strong>Nec</strong></span> <span class='ocrx_word' id='word_1_25' title='bbox 963 634 1105 687; x_wconf 88' lang='lat' dir='ltr'><strong>enim</strong></span> <span class='ocrx_word' id='word_1_26' title='bbox 1129 633 1573 689; x_wconf 83' lang='lat' dir='ltr'><strong>carnis&#39;affectus</strong></span> <span class='ocrx_word' id='word_1_27' title='bbox 1605 635 1763 690; x_wconf 82' lang='lat' dir='ltr'><strong>facile</strong></span> <span class='ocrx_word' id='word_1_28' title='bbox 1797 647 1923 690; x_wconf 86' lang='lat' dir='ltr'><strong>sunt</strong></span> <span class='ocrx_word' id='word_1_29' title='bbox 1952 636 2118 690; x_wconf 86' lang='lat' dir='ltr'><strong>evita-</strong></span> 
     </span>
    </p>
   </div>
   <div class='ocr_carea' id='block_1_5' title="bbox 2190 633 3811 708">
    <p class='ocr_par' dir='ltr' id='par_1_5' title="bbox 2219 634 3811 708">
     <span class='ocr_line' id='line_1_5' title="bbox 2219 634 3811 708; baseline -0.004 -16"><span class='ocrx_word' id='word_1_30' title='bbox 2219 638 2622 708; x_wconf 80' lang='grc' dir='ltr'>καταμεθύσκει</span> <span class='ocrx_word' id='word_1_31' title='bbox 2651 638 2769 700; x_wconf 77' lang='grc' dir='ltr'>ταῖς</span> <span class='ocrx_word' id='word_1_32' title='bbox 2798 636 2996 698; x_wconf 79' lang='grc' dir='ltr'><strong>λύπαις</strong></span> <span class='ocrx_word' id='word_1_33' title='bbox 3048 636 3139 688; x_wconf 77' lang='grc' dir='ltr'>τὸν</span> <span class='ocrx_word' id='word_1_34' title='bbox 3171 639 3229 689; x_wconf 80' lang='grc' dir='ltr'><strong>ὲν</strong></span> <span class='ocrx_word' id='word_1_35' title='bbox 3258 636 3439 698; x_wconf 77' lang='grc' dir='ltr'>αὐτοῖς</span> <span class='ocrx_word' id='word_1_36' title='bbox 3491 636 3624 687; x_wconf 68' lang='grc' dir='ltr'>ὄντα</span> <span class='ocrx_word' id='word_1_37' title='bbox 3654 634 3811 686; x_wconf 74' lang='grc' dir='ltr'>νοῦν.</span> 
     </span>
    </p>
   </div>
   <div class='ocr_carea' id='block_1_6' title="bbox 549 723 2170 795">
    <p class='ocr_par' dir='ltr' id='par_1_6' title="bbox 549 725 2120 793">
     <span class='ocr_line' id='line_1_6' title="bbox 549 725 2120 793; baseline 0.001 -14"><span class='ocrx_word' id='word_1_38' title='bbox 549 725 705 790; x_wconf 86' lang='lat' dir='ltr'><strong>biles,</strong></span> <span class='ocrx_word' id='word_1_39' title='bbox 731 738 828 779; x_wconf 88' lang='lat' dir='ltr'><strong>nec</strong></span> <span class='ocrx_word' id='word_1_40' title='bbox 853 725 1091 793; x_wconf 84' lang='lat' dir='ltr'><strong>proclive</strong></span> <span class='ocrx_word' id='word_1_41' title='bbox 1142 734 1224 780; x_wconf 90' lang='lat' dir='ltr'><strong>est</strong></span> <span class='ocrx_word' id='word_1_42' title='bbox 1247 727 1570 791; x_wconf 82' lang='lat' dir='ltr'><strong>volentibus,</strong></span> <span class='ocrx_word' id='word_1_43' title='bbox 1606 730 1672 781; x_wconf 90' lang='lat' dir='ltr'><strong>ad</strong></span> <span class='ocrx_word' id='word_1_44' title='bbox 1711 727 1965 781; x_wconf 77' lang='lat' dir='ltr'><strong>virtutem</strong></span> <span class='ocrx_word' id='word_1_45' title='bbox 1995 742 2120 781; x_wconf 90' lang='lat' dir='ltr'><strong>cur-</strong></span> 
     </span>
    </p>
   </div>
   <div class='ocr_carea' id='block_1_7' title="bbox 2193 723 3814 795">
    <p class='ocr_par' dir='ltr' id='par_1_7' title="bbox 2220 723 3814 795">
     <span class='ocr_line' id='line_1_7' title="bbox 2220 723 3814 795; baseline -0.003 -16"><span class='ocrx_word' id='word_1_46' title='bbox 2220 729 2334 780; x_wconf 87' lang='grc' dir='ltr'><strong>Οὐκ</strong></span> <span class='ocrx_word' id='word_1_47' title='bbox 2372 726 2702 795; x_wconf 83' lang='grc' dir='ltr'>εὐδιάφυκτα</span> <span class='ocrx_word' id='word_1_48' title='bbox 2736 726 2845 795; x_wconf 76' lang='grc' dir='ltr'><strong>γὰρ</strong></span> <span class='ocrx_word' id='word_1_49' title='bbox 2879 725 2946 777; x_wconf 71' lang='grc' dir='ltr'><strong>τὰ</strong></span> <span class='ocrx_word' id='word_1_50' title='bbox 2970 725 3070 794; x_wconf 84' lang='grc' dir='ltr'>τῆς</span> <span class='ocrx_word' id='word_1_51' title='bbox 3106 724 3308 794; x_wconf 79' lang='grc' dir='ltr'>σαρκὸς</span> <span class='ocrx_word' id='word_1_52' title='bbox 3337 724 3508 789; x_wconf 82' lang='grc' dir='ltr'>πάθη,</span> <span class='ocrx_word' id='word_1_53' title='bbox 3545 723 3675 776; x_wconf 71' lang='grc' dir='ltr'>οὗτε</span> <span class='ocrx_word' id='word_1_54' title='bbox 3701 725 3814 791; x_wconf 64' lang='grc' dir='ltr'>μὴν</span> 
     </span>
    </p>
   </div>
   <div class='ocr_carea' id='block_1_8' title="bbox 549 814 2170 888">
    <p class='ocr_par' dir='ltr' id='par_1_8' title="bbox 549 816 2117 888">
     <span class='ocr_line' id='line_1_8' title="bbox 549 816 2117 888; baseline 0.003 -19"><span class='ocrx_word' id='word_1_55' title='bbox 549 832 702 871; x_wconf 90' lang='lat' dir='ltr'><strong>rere.</strong></span> <span class='ocrx_word' id='word_1_56' title='bbox 733 816 801 870; x_wconf 87' lang='lat' dir='ltr'><strong>At</strong></span> <span class='ocrx_word' id='word_1_57' title='bbox 828 828 1180 884; x_wconf 82' lang='lat' dir='ltr'><strong>prosperante</strong></span> <span class='ocrx_word' id='word_1_58' title='bbox 1212 834 1277 874; x_wconf 87' lang='lat' dir='ltr'><strong>ac</strong></span> <span class='ocrx_word' id='word_1_59' title='bbox 1314 829 1664 888; x_wconf 80' lang='lat' dir='ltr'><strong>promovente</strong></span> <span class='ocrx_word' id='word_1_60' title='bbox 1715 820 1846 882; x_wconf 88' lang='lat' dir='ltr'><strong>Deo,</strong></span> <span class='ocrx_word' id='word_1_61' title='bbox 1890 828 1945 873; x_wconf 91' lang='lat' dir='ltr'><strong>et</strong></span> <span class='ocrx_word' id='word_1_62' title='bbox 1999 820 2117 873; x_wconf 84' lang='lat' dir='ltr'><strong>loca</strong></span> 
     </span>
    </p>
   </div>
   <div class='ocr_carea' id='block_1_9' title="bbox 2189 814 3810 888">
    <p class='ocr_par' dir='ltr' id='par_1_9' title="bbox 2218 814 3810 885">
     <span class='ocr_line' id='line_1_9' title="bbox 2218 814 3810 885; baseline -0.005 -14"><span class='ocrx_word' id='word_1_63' title='bbox 2218 821 2331 881; x_wconf 82' lang='grc' dir='ltr'>τοῖς</span> <span class='ocrx_word' id='word_1_64' title='bbox 2375 818 2647 871; x_wconf 80' lang='grc' dir='ltr'>ἐθέλουσιν</span> <span class='ocrx_word' id='word_1_65' title='bbox 2690 815 2936 885; x_wconf 82' lang='grc' dir='ltr'>εὐτριϐὲς</span> <span class='ocrx_word' id='word_1_66' title='bbox 2967 816 3028 868; x_wconf 85' lang='grc' dir='ltr'>τὸ</span> <span class='ocrx_word' id='word_1_67' title='bbox 3060 815 3273 885; x_wconf 78' lang='grc' dir='ltr'>τρέχειν</span> <span class='ocrx_word' id='word_1_68' title='bbox 3319 817 3398 876; x_wconf 76' lang='grc' dir='ltr'><strong>εἰς</strong></span> <span class='ocrx_word' id='word_1_69' title='bbox 3439 814 3667 883; x_wconf 79' lang='grc' dir='ltr'>ἀρετήν,</span> <span class='ocrx_word' id='word_1_70' title='bbox 3707 814 3810 864; x_wconf 79' lang='grc' dir='ltr'>Εὐ-</span> 
     </span>
    </p>
   </div>
   <div class='ocr_carea' id='block_1_10' title="bbox 550 904 2171 978">
    <p class='ocr_par' dir='ltr' id='par_1_10' title="bbox 550 907 2121 977">
     <span class='ocr_line' id='line_1_10' title="bbox 550 907 2121 977; baseline 0.003 -18"><span class='ocrx_word' id='word_1_71' title='bbox 550 907 691 960; x_wconf 90' lang='lat' dir='ltr'><strong>invia</strong></span> <span class='ocrx_word' id='word_1_72' title='bbox 727 915 782 960; x_wconf 89' lang='lat' dir='ltr'><strong>et</strong></span> <span class='ocrx_word' id='word_1_73' title='bbox 803 918 1069 976; x_wconf 64' lang='lat' dir='ltr'><strong>praerupta</strong></span> <span class='ocrx_word' id='word_1_74' title='bbox 1129 908 1412 964; x_wconf 87' lang='lat' dir='ltr'><strong>alleviante</strong></span> <span class='ocrx_word' id='word_1_75' title='bbox 1456 920 1509 965; x_wconf 92' lang='lat' dir='ltr'><strong>et</strong></span> <span class='ocrx_word' id='word_1_76' title='bbox 1543 910 1938 977; x_wconf 83' lang='lat' dir='ltr'><strong>complanante,</strong></span> <span class='ocrx_word' id='word_1_77' title='bbox 1968 910 2121 963; x_wconf 83' lang='lat' dir='ltr'><strong>facil-</strong></span> 
     </span>
    </p>
   </div>
   <div class='ocr_carea' id='block_1_11' title="bbox 2195 904 3816 978">
    <p class='ocr_par' dir='ltr' id='par_1_11' title="bbox 2220 904 3816 978">
     <span class='ocr_line' id='line_1_11' title="bbox 2220 904 3816 978; baseline -0.006 -15"><span class='ocrx_word' id='word_1_78' title='bbox 2220 910 2462 973; x_wconf 80' lang='grc' dir='ltr'>οδοῦντός</span> <span class='ocrx_word' id='word_1_79' title='bbox 2513 925 2576 976; x_wconf 89' lang='grc' dir='ltr'>γε</span> <span class='ocrx_word' id='word_1_80' title='bbox 2614 908 2720 978; x_wconf 84' lang='grc' dir='ltr'><strong>μὴν</strong></span> <span class='ocrx_word' id='word_1_81' title='bbox 2760 906 2852 960; x_wconf 92' lang='grc' dir='ltr'><strong>τοῦ</strong></span> <span class='ocrx_word' id='word_1_82' title='bbox 2883 905 3036 968; x_wconf 87' lang='grc' dir='ltr'>Θεοῦ,</span> <span class='ocrx_word' id='word_1_83' title='bbox 3090 907 3186 959; x_wconf 70' lang='grc' dir='ltr'>καὶ</span> <span class='ocrx_word' id='word_1_84' title='bbox 3216 906 3283 959; x_wconf 90' lang='grc' dir='ltr'><strong>τά</strong></span> <span class='ocrx_word' id='word_1_85' title='bbox 3329 906 3677 975; x_wconf 87' lang='grc' dir='ltr'>δυσπόρευτα</span> <span class='ocrx_word' id='word_1_86' title='bbox 3714 904 3816 955; x_wconf 77' lang='grc' dir='ltr'>καὶ</span> 
     </span>
    </p>
   </div>
   <div class='ocr_carea' id='block_1_12' title="bbox 548 994 2169 1070">
    <p class='ocr_par' dir='ltr' id='par_1_12' title="bbox 548 995 2118 1070">
     <span class='ocr_line' id='line_1_12' title="bbox 548 995 2118 1070; baseline 0.003 -22"><span class='ocrx_word' id='word_1_87' title='bbox 548 995 676 1050; x_wconf 89' lang='lat' dir='ltr'><strong>lime</strong></span> <span class='ocrx_word' id='word_1_88' title='bbox 698 998 818 1065; x_wconf 86' lang='lat' dir='ltr'><strong>quis</strong></span> <span class='ocrx_word' id='word_1_89' title='bbox 841 996 1125 1053; x_wconf 72' lang='lat' dir='ltr'><strong>affectuum</strong></span> <span class='ocrx_word' id='word_1_90' title='bbox 1153 999 1387 1054; x_wconf 84' lang='lat' dir='ltr'><strong>assultus</strong></span> <span class='ocrx_word' id='word_1_91' title='bbox 1413 1001 1596 1070; x_wconf 75' lang='lat' dir='ltr'><strong>fugere</strong></span> <span class='ocrx_word' id='word_1_92' title='bbox 1625 1000 1840 1070; x_wconf 91' lang='lat' dir='ltr'><strong>poterit,</strong></span> <span class='ocrx_word' id='word_1_93' title='bbox 1858 1010 1912 1054; x_wconf 90' lang='lat' dir='ltr'><strong>et</strong></span> <span class='ocrx_word' id='word_1_94' title='bbox 1934 999 2118 1053; x_wconf 83' lang='lat' dir='ltr'><strong>furtis-</strong></span> 
     </span>
    </p>
   </div>
   <div class='ocr_carea' id='block_1_13' title="bbox 2197 994 3818 1070">
    <p class='ocr_par' dir='ltr' id='par_1_13' title="bbox 2221 994 3818 1069">
     <span class='ocr_line' id='line_1_13' title="bbox 2221 994 3818 1069; baseline -0.006 -16"><span class='ocrx_word' id='word_1_95' title='bbox 2221 1001 2420 1069; x_wconf 81' lang='grc' dir='ltr'><strong>ἀνάντη</strong></span> <span class='ocrx_word' id='word_1_96' title='bbox 2456 999 2587 1068; x_wconf 77' lang='grc' dir='ltr'><strong>ψιλά</strong></span> <span class='ocrx_word' id='word_1_97' title='bbox 2636 996 2873 1059; x_wconf 83' lang='grc' dir='ltr'><strong>τιθέντος</strong></span> <span class='ocrx_word' id='word_1_98' title='bbox 2897 997 2992 1050; x_wconf 75' lang='grc' dir='ltr'>καὶ</span> <span class='ocrx_word' id='word_1_99' title='bbox 3020 997 3278 1065; x_wconf 83' lang='grc' dir='ltr'><strong>εὐήλατα,</strong></span> <span class='ocrx_word' id='word_1_100' title='bbox 3315 996 3474 1064; x_wconf 81' lang='grc' dir='ltr'>φύγοι</span> <span class='ocrx_word' id='word_1_101' title='bbox 3506 1012 3591 1057; x_wconf 85' lang='grc' dir='ltr'><strong>τις</strong></span> <span class='ocrx_word' id='word_1_102' title='bbox 3620 994 3693 1047; x_wconf 74' lang='grc' dir='ltr'>ἂν</span> <span class='ocrx_word' id='word_1_103' title='bbox 3717 994 3818 1046; x_wconf 69' lang='grc' dir='ltr'>καὶ</span> 
     </span>
    </p>
   </div>
   <div class='ocr_carea' id='block_1_14' title="bbox 550 1084 2171 1161">
    <p class='ocr_par' dir='ltr' id='par_1_14' title="bbox 550 1085 2116 1158">
     <span class='ocr_line' id='line_1_14' title="bbox 550 1085 2116 1158; baseline 0.003 -22"><span class='ocrx_word' id='word_1_104' title='bbox 550 1085 686 1137; x_wconf 89' lang='lat' dir='ltr'><strong>sime</strong></span> <span class='ocrx_word' id='word_1_105' title='bbox 708 1086 773 1139; x_wconf 91' lang='lat' dir='ltr'><strong>ad</strong></span> <span class='ocrx_word' id='word_1_106' title='bbox 791 1086 1047 1140; x_wconf 90' lang='lat' dir='ltr'><strong>virtutum</strong></span> <span class='ocrx_word' id='word_1_107' title='bbox 1069 1089 1281 1142; x_wconf 86' lang='lat' dir='ltr'><strong>culmen</strong></span> <span class='ocrx_word' id='word_1_108' title='bbox 1305 1090 1533 1143; x_wconf 85' lang='lat' dir='ltr'><strong>assilire.</strong></span> <span class='ocrx_word' id='word_1_109' title='bbox 1552 1088 1821 1158; x_wconf 83' lang='lat' dir='ltr'><strong>Scriptum</strong></span> <span class='ocrx_word' id='word_1_110' title='bbox 1840 1098 1923 1144; x_wconf 88' lang='lat' dir='ltr'><strong>est</strong></span> <span class='ocrx_word' id='word_1_111' title='bbox 1940 1089 2082 1143; x_wconf 88' lang='lat' dir='ltr'><strong>enim</strong></span> <span class='ocrx_word' id='word_1_112' title='bbox 2103 1105 2116 1141; x_wconf 90' lang='lat'><strong>:</strong></span> 
     </span>
    </p>
   </div>
   <div class='ocr_carea' id='block_1_15' title="bbox 2196 1084 3817 1161">
    <p class='ocr_par' dir='ltr' id='par_1_15' title="bbox 2224 1084 3817 1161">
     <span class='ocr_line' id='line_1_15' title="bbox 2224 1084 3817 1161; baseline -0.004 -18"><span class='ocrx_word' id='word_1_113' title='bbox 2224 1091 2367 1160; x_wconf 83' lang='grc' dir='ltr'>μάλα</span> <span class='ocrx_word' id='word_1_114' title='bbox 2399 1090 2594 1161; x_wconf 75' lang='grc' dir='ltr'>ῥᾳδίως</span> <span class='ocrx_word' id='word_1_115' title='bbox 2622 1089 2715 1142; x_wconf 56' lang='grc' dir='ltr'><strong>καὶ⁵</strong></span> <span class='ocrx_word' id='word_1_116' title='bbox 2747 1089 2843 1150; x_wconf 73' lang='grc' dir='ltr'><strong>τὰς</strong></span> <span class='ocrx_word' id='word_1_117' title='bbox 2867 1088 2975 1140; x_wconf 82' lang='grc' dir='ltr'>τῶν</span> <span class='ocrx_word' id='word_1_118' title='bbox 3013 1088 3201 1141; x_wconf 84' lang='grc' dir='ltr'>παθῶν</span> <span class='ocrx_word' id='word_1_119' title='bbox 3244 1086 3569 1157; x_wconf 79' lang='grc' dir='ltr'>προσϐολὰς,</span> <span class='ocrx_word' id='word_1_120' title='bbox 3612 1084 3817 1137; x_wconf 77' lang='grc' dir='ltr'>εὐσθε-</span> 
     </span>
    </p>
   </div>
   <div class='ocr_carea' id='block_1_16' title="bbox 557 1176 2178 1248">
    <p class='ocr_par' dir='ltr' id='par_1_16' title="bbox 557 1177 2123 1248">
     <span class='ocr_line' id='line_1_16' title="bbox 557 1177 2123 1248; baseline 0.002 -20"><span class='ocrx_word' id='word_1_121' title='bbox 557 1194 577 1228; x_wconf 75' lang='grc' dir='ltr'><strong>ι</strong></span> <span class='ocrx_word' id='word_1_122' title='bbox 631 1177 837 1233; x_wconf 87' lang='lat' dir='ltr'><strong>Montes</strong></span> <span class='ocrx_word' id='word_1_123' title='bbox 888 1179 1086 1232; x_wconf 79' lang='lat' dir='ltr'><strong>excelsi</strong></span> <span class='ocrx_word' id='word_1_124' title='bbox 1131 1181 1306 1234; x_wconf 91' lang='lat' dir='ltr'><strong>cervis</strong></span> <span class='ocrx_word' id='word_1_125' title='bbox 1332 1181 1398 1234; x_wconf 80' lang='grc'><strong>⁸³.</strong></span> <span class='ocrx_word' id='word_1_126' title='bbox 1433 1198 1454 1231; x_wconf 86' lang='grc'>›</span> <span class='ocrx_word' id='word_1_127' title='bbox 1503 1180 1641 1245; x_wconf 88' lang='lat' dir='ltr'><strong>Quid</strong></span> <span class='ocrx_word' id='word_1_128' title='bbox 1687 1194 1817 1246; x_wconf 83' lang='lat' dir='ltr'><strong>ergo</strong></span> <span class='ocrx_word' id='word_1_129' title='bbox 1874 1178 2123 1248; x_wconf 85' lang='lat' dir='ltr'><strong>promisit</strong></span> 
     </span>
    </p>
   </div>
   <div class='ocr_carea' id='block_1_17' title="bbox 2198 1176 3819 1248">
    <p class='ocr_par' dir='ltr' id='par_1_17' title="bbox 2222 1176 3819 1248">
     <span class='ocr_line' id='line_1_17' title="bbox 2222 1176 3819 1248; baseline -0.004 -14"><span class='ocrx_word' id='word_1_130' title='bbox 2222 1181 2455 1234; x_wconf 78' lang='grc' dir='ltr'>νέστατα</span> <span class='ocrx_word' id='word_1_131' title='bbox 2492 1180 2549 1233; x_wconf 85' lang='grc' dir='ltr'>δὲ</span> <span class='ocrx_word' id='word_1_132' title='bbox 2598 1180 2693 1232; x_wconf 73' lang='grc' dir='ltr'>καὶ</span> <span class='ocrx_word' id='word_1_133' title='bbox 2721 1180 2798 1241; x_wconf 89' lang='grc' dir='ltr'><strong>είς</strong></span> <span class='ocrx_word' id='word_1_134' title='bbox 2829 1179 2899 1231; x_wconf 87' lang='grc' dir='ltr'><strong>τά</strong></span> <span class='ocrx_word' id='word_1_135' title='bbox 2922 1178 3030 1230; x_wconf 85' lang='grc' dir='ltr'><strong>τῶν</strong></span> <span class='ocrx_word' id='word_1_136' title='bbox 3060 1177 3272 1248; x_wconf 82' lang='grc' dir='ltr'><strong>ἀρετῶν</strong></span> <span class='ocrx_word' id='word_1_137' title='bbox 3303 1176 3576 1246; x_wconf 78' lang='grc' dir='ltr'><strong>ὑψώματα</strong></span> <span class='ocrx_word' id='word_1_138' title='bbox 3606 1176 3819 1244; x_wconf 82' lang='grc' dir='ltr'>διαπηο</span> 
     </span>
    </p>
   </div>
   <div class='ocr_carea' id='block_1_18' title="bbox 567 1266 2188 1341">
    <p class='ocr_par' dir='ltr' id='par_1_18' title="bbox 567 1266 2119 1337">
     <span class='ocr_line' id='line_1_18' title="bbox 567 1266 2119 1337; baseline 0.001 -18"><span class='ocrx_word' id='word_1_139' title='bbox 567 1266 706 1320; x_wconf 89' lang='lat' dir='ltr'><strong>Deus</strong></span> <span class='ocrx_word' id='word_1_140' title='bbox 734 1266 788 1319; x_wconf 91' lang='lat' dir='ltr'><strong>in</strong></span> <span class='ocrx_word' id='word_1_141' title='bbox 817 1268 991 1333; x_wconf 90' lang='lat' dir='ltr'><strong>ipsum</strong></span> <span class='ocrx_word' id='word_1_142' title='bbox 1015 1269 1358 1323; x_wconf 82' lang='lat' dir='ltr'><strong>credentibus</strong></span> <span class='ocrx_word' id='word_1_143' title='bbox 1382 1269 1405 1323; x_wconf 83' lang='lat'><strong>?</strong></span> <span class='ocrx_word' id='word_1_144' title='bbox 1435 1268 1769 1337; x_wconf 87' lang='lat' dir='ltr'><strong>Prosperabo</strong></span> <span class='ocrx_word' id='word_1_145' title='bbox 1806 1268 1921 1322; x_wconf 85' lang='lat' dir='ltr'><strong>vias</strong></span> <span class='ocrx_word' id='word_1_146' title='bbox 1950 1282 2119 1331; x_wconf 88' lang='lat' dir='ltr'><strong>meas,</strong></span> 
     </span>
    </p>
   </div>
   <div class='ocr_carea' id='block_1_19' title="bbox 2199 1266 3820 1341">
    <p class='ocr_par' dir='ltr' id='par_1_19' title="bbox 2222 1266 3820 1341">
     <span class='ocr_line' id='line_1_19' title="bbox 2222 1266 3820 1341; baseline -0.003 -18"><span class='ocrx_word' id='word_1_147' title='bbox 2222 1270 2453 1341; x_wconf 81' lang='grc' dir='ltr'><strong>δήσειεν.</strong></span> <span class='ocrx_word' id='word_1_148' title='bbox 2485 1270 2796 1340; x_wconf 77' lang='grc' dir='ltr'><strong>Γέγραπται</strong></span> <span class='ocrx_word' id='word_1_149' title='bbox 2838 1270 2945 1340; x_wconf 85' lang='grc' dir='ltr'>γάρ</span> <span class='ocrx_word' id='word_1_150' title='bbox 2966 1285 2978 1297; x_wconf 90' lang='grc'><strong>·</strong></span> <span class='ocrx_word' id='word_1_151' title='bbox 3012 1268 3183 1338; x_wconf 79' lang='grc' dir='ltr'>ιὈρη</span> <span class='ocrx_word' id='word_1_152' title='bbox 3211 1267 3277 1320; x_wconf 87' lang='grc' dir='ltr'><strong>τά</strong></span> <span class='ocrx_word' id='word_1_153' title='bbox 3308 1266 3487 1337; x_wconf 76' lang='grc' dir='ltr'>ὐψηλά</span> <span class='ocrx_word' id='word_1_154' title='bbox 3531 1269 3659 1328; x_wconf 83' lang='grc' dir='ltr'>ταῖς</span> <span class='ocrx_word' id='word_1_155' title='bbox 3687 1266 3820 1319; x_wconf 72' lang='grc' dir='ltr'>ἐλά-</span> 
     </span>
    </p>
   </div>
   <div class='ocr_carea' id='block_1_20' title="bbox 556 1356 2177 1430">
    <p class='ocr_par' dir='ltr' id='par_1_20' title="bbox 556 1358 2119 1428">
     <span class='ocr_line' id='line_1_20' title="bbox 556 1358 2119 1428; baseline 0.001 -18"><span class='ocrx_word' id='word_1_156' title='bbox 556 1368 610 1410; x_wconf 86' lang='lat' dir='ltr'><strong>et</strong></span> <span class='ocrx_word' id='word_1_157' title='bbox 635 1359 884 1411; x_wconf 81' lang='lat' dir='ltr'><strong>mandata</strong></span> <span class='ocrx_word' id='word_1_158' title='bbox 917 1372 1057 1421; x_wconf 89' lang='lat' dir='ltr'><strong>mea,</strong></span> <span class='ocrx_word' id='word_1_159' title='bbox 1105 1367 1159 1412; x_wconf 89' lang='lat' dir='ltr'><strong>et</strong></span> <span class='ocrx_word' id='word_1_160' title='bbox 1186 1374 1288 1412; x_wconf 90' lang='lat' dir='ltr'><strong>non</strong></span> <span class='ocrx_word' id='word_1_161' title='bbox 1319 1374 1441 1412; x_wconf 91' lang='lat' dir='ltr'><strong>cum</strong></span> <span class='ocrx_word' id='word_1_162' title='bbox 1478 1360 1694 1412; x_wconf 88' lang='lat' dir='ltr'><strong>tristitia</strong></span> <span class='ocrx_word' id='word_1_163' title='bbox 1745 1358 2119 1428; x_wconf 80' lang='lat' dir='ltr'><strong>egrediemini,</strong></span> 
     </span>
    </p>
   </div>
   <div class='ocr_carea' id='block_1_21' title="bbox 2201 1356 3822 1430">
    <p class='ocr_par' dir='ltr' id='par_1_21' title="bbox 2223 1356 3822 1430">
     <span class='ocr_line' id='line_1_21' title="bbox 2223 1356 3822 1430; baseline -0.004 -16"><span class='ocrx_word' id='word_1_164' title='bbox 2223 1379 2363 1430; x_wconf 80' lang='grc' dir='ltr'>φοις.</span> <span class='ocrx_word' id='word_1_165' title='bbox 2406 1380 2425 1411; x_wconf 70' lang='grc' dir='ltr'><strong>ι</strong></span> <span class='ocrx_word' id='word_1_166' title='bbox 2453 1361 2519 1412; x_wconf 90' lang='grc' dir='ltr'>Τί</span> <span class='ocrx_word' id='word_1_167' title='bbox 2560 1361 2740 1413; x_wconf 95' lang='grc' dir='ltr'>τοίνυν</span> <span class='ocrx_word' id='word_1_168' title='bbox 2783 1359 2914 1422; x_wconf 82' lang='grc' dir='ltr'>Θεὸς</span> <span class='ocrx_word' id='word_1_169' title='bbox 2939 1358 3331 1424; x_wconf 83' lang='grc' dir='ltr'>ἐπαγγέλλεται</span> <span class='ocrx_word' id='word_1_170' title='bbox 3368 1360 3480 1419; x_wconf 82' lang='grc' dir='ltr'>τοῖς</span> <span class='ocrx_word' id='word_1_171' title='bbox 3522 1359 3603 1418; x_wconf 81' lang='grc' dir='ltr'><strong>είς</strong></span> <span class='ocrx_word' id='word_1_172' title='bbox 3647 1356 3822 1407; x_wconf 71' lang='grc' dir='ltr'>αὐτὸν</span> 
     </span>
    </p>
   </div>
   <div class='ocr_carea' id='block_1_22' title="bbox 561 1446 2182 1518">
    <p class='ocr_par' dir='ltr' id='par_1_22' title="bbox 561 1447 2120 1518">
     <span class='ocr_line' id='line_1_22' title="bbox 561 1447 2120 1518; baseline 0.001 -19"><span class='ocrx_word' id='word_1_173' title='bbox 561 1449 656 1499; x_wconf 89' lang='lat' dir='ltr'><strong>sed</strong></span> <span class='ocrx_word' id='word_1_174' title='bbox 690 1461 811 1499; x_wconf 90' lang='lat' dir='ltr'><strong>cum</strong></span> <span class='ocrx_word' id='word_1_175' title='bbox 832 1448 1023 1513; x_wconf 82' lang='lat' dir='ltr'><strong>gaudio</strong></span> <span class='ocrx_word' id='word_1_176' title='bbox 1042 1448 1384 1503; x_wconf 77' lang='lat' dir='ltr'><strong>docebimiui.</strong></span> <span class='ocrx_word' id='word_1_177' title='bbox 1411 1447 1520 1502; x_wconf 84' lang='lat' dir='ltr'><strong>Hoc</strong></span> <span class='ocrx_word' id='word_1_178' title='bbox 1546 1450 1758 1503; x_wconf 90' lang='lat' dir='ltr'><strong>demum</strong></span> <span class='ocrx_word' id='word_1_179' title='bbox 1786 1458 1890 1513; x_wconf 86' lang='lat' dir='ltr'><strong>est,</strong></span> <span class='ocrx_word' id='word_1_180' title='bbox 1909 1450 2120 1518; x_wconf 89' lang='lat' dir='ltr'><strong>opinor,</strong></span> 
     </span>
    </p>
   </div>
   <div class='ocr_carea' id='block_1_23' title="bbox 2201 1446 3822 1518">
    <p class='ocr_par' dir='ltr' id='par_1_23' title="bbox 2224 1446 3822 1516">
     <span class='ocr_line' id='line_1_23' title="bbox 2224 1446 3822 1516; baseline -0.004 -13"><span class='ocrx_word' id='word_1_181' title='bbox 2224 1451 2606 1515; x_wconf 69' lang='grc' dir='ltr'>πιστεύσασινς</span> <span class='ocrx_word' id='word_1_182' title='bbox 2642 1448 2901 1502; x_wconf 84' lang='grc' dir='ltr'>Εὐοδώσω</span> <span class='ocrx_word' id='word_1_183' title='bbox 2925 1450 3022 1511; x_wconf 83' lang='grc' dir='ltr'>τὰς</span> <span class='ocrx_word' id='word_1_184' title='bbox 3051 1447 3203 1509; x_wconf 80' lang='grc' dir='ltr'>ὁδούς</span> <span class='ocrx_word' id='word_1_185' title='bbox 3228 1465 3357 1516; x_wconf 90' lang='grc' dir='ltr'>μου,</span> <span class='ocrx_word' id='word_1_186' title='bbox 3385 1448 3479 1500; x_wconf 77' lang='grc' dir='ltr'>καὶ</span> <span class='ocrx_word' id='word_1_187' title='bbox 3517 1446 3585 1498; x_wconf 75' lang='grc' dir='ltr'>τὰ</span> <span class='ocrx_word' id='word_1_188' title='bbox 3615 1446 3822 1498; x_wconf 70' lang='grc' dir='ltr'>ἐντάλ-</span> 
     </span>
    </p>
   </div>
   <div class='ocr_carea' id='block_1_24' title="bbox 555 1535 2176 1609">
    <p class='ocr_par' dir='ltr' id='par_1_24' title="bbox 555 1536 2122 1609">
     <span class='ocr_line' id='line_1_24' title="bbox 555 1536 2122 1609; baseline 0.004 -21"><span class='ocrx_word' id='word_1_189' title='bbox 555 1538 695 1603; x_wconf 89' lang='lat' dir='ltr'><strong>quod</strong></span> <span class='ocrx_word' id='word_1_190' title='bbox 732 1536 855 1591; x_wconf 91' lang='lat' dir='ltr'><strong>alibi</strong></span> <span class='ocrx_word' id='word_1_191' title='bbox 882 1553 1065 1593; x_wconf 87' lang='lat' dir='ltr'><strong>rursus</strong></span> <span class='ocrx_word' id='word_1_192' title='bbox 1100 1539 1236 1593; x_wconf 84' lang='lat' dir='ltr'><strong>dixit</strong></span> <span class='ocrx_word' id='word_1_193' title='bbox 1266 1539 1542 1609; x_wconf 82' lang='lat' dir='ltr'><strong>Scriptura</strong></span> <span class='ocrx_word' id='word_1_194' title='bbox 1574 1540 1887 1609; x_wconf 85' lang='lat' dir='ltr'><strong>prophetica</strong></span> <span class='ocrx_word' id='word_1_195' title='bbox 1918 1558 1931 1594; x_wconf 90' lang='lat'><strong>:</strong></span> <span class='ocrx_word' id='word_1_196' title='bbox 1970 1557 1989 1591; x_wconf 82' lang='grc' dir='ltr'><strong>ι</strong></span> <span class='ocrx_word' id='word_1_197' title='bbox 2024 1538 2122 1594; x_wconf 77' lang='lat' dir='ltr'><strong>Via</strong></span> 
     </span>
    </p>
   </div>
   <div class='ocr_carea' id='block_1_25' title="bbox 2205 1535 3826 1609">
    <p class='ocr_par' dir='ltr' id='par_1_25' title="bbox 2228 1535 3826 1607">
     <span class='ocr_line' id='line_1_25' title="bbox 2228 1535 3826 1607; baseline -0.001 -19"><span class='ocrx_word' id='word_1_198' title='bbox 2228 1536 2374 1606; x_wconf 87' lang='grc' dir='ltr'><strong>ματά</strong></span> <span class='ocrx_word' id='word_1_199' title='bbox 2409 1553 2531 1607; x_wconf 88' lang='grc' dir='ltr'>μου,</span> <span class='ocrx_word' id='word_1_200' title='bbox 2555 1538 2648 1589; x_wconf 81' lang='grc' dir='ltr'>καὶ</span> <span class='ocrx_word' id='word_1_201' title='bbox 2674 1538 2772 1589; x_wconf 87' lang='grc' dir='ltr'><strong>οὐκ</strong></span> <span class='ocrx_word' id='word_1_202' title='bbox 2796 1538 2852 1589; x_wconf 82' lang='grc' dir='ltr'><strong>ἐν</strong></span> <span class='ocrx_word' id='word_1_203' title='bbox 2880 1536 3023 1607; x_wconf 76' lang='grc' dir='ltr'>λύπῃ</span> <span class='ocrx_word' id='word_1_204' title='bbox 3052 1535 3419 1601; x_wconf 77' lang='grc' dir='ltr'>ὲξελεύσεσϐε,</span> <span class='ocrx_word' id='word_1_205' title='bbox 3449 1535 3564 1588; x_wconf 73' lang='grc' dir='ltr'>ἀλλ’</span> <span class='ocrx_word' id='word_1_206' title='bbox 3588 1538 3650 1587; x_wconf 80' lang='grc' dir='ltr'><strong>ἐν</strong></span> <span class='ocrx_word' id='word_1_207' title='bbox 3673 1536 3826 1604; x_wconf 73' lang='grc' dir='ltr'><strong>κα.ρᾷ</strong></span> 
     </span>
    </p>
   </div>
   <div class='ocr_carea' id='block_1_26' title="bbox 557 1623 2178 1702">
    <p class='ocr_par' dir='ltr' id='par_1_26' title="bbox 557 1628 2118 1702">
     <span class='ocr_line' id='line_1_26' title="bbox 557 1628 2118 1702; baseline 0.003 -23"><span class='ocrx_word' id='word_1_208' title='bbox 557 1628 767 1689; x_wconf 83' lang='lat' dir='ltr'><strong>piorum</strong></span> <span class='ocrx_word' id='word_1_209' title='bbox 800 1638 945 1683; x_wconf 89' lang='lat' dir='ltr'><strong>recta</strong></span> <span class='ocrx_word' id='word_1_210' title='bbox 973 1628 1114 1684; x_wconf 85' lang='lat' dir='ltr'><strong>facta</strong></span> <span class='ocrx_word' id='word_1_211' title='bbox 1138 1640 1236 1694; x_wconf 87' lang='lat' dir='ltr'><strong>est,</strong></span> <span class='ocrx_word' id='word_1_212' title='bbox 1269 1642 1323 1684; x_wconf 89' lang='lat' dir='ltr'><strong>et</strong></span> <span class='ocrx_word' id='word_1_213' title='bbox 1347 1640 1645 1700; x_wconf 67' lang='lat' dir='ltr'><strong>prmparata</strong></span> <span class='ocrx_word' id='word_1_214' title='bbox 1677 1633 1758 1686; x_wconf 88' lang='lat' dir='ltr'><strong>via</strong></span> <span class='ocrx_word' id='word_1_215' title='bbox 1790 1634 2001 1702; x_wconf 83' lang='lat' dir='ltr'><strong>piorum</strong></span> <span class='ocrx_word' id='word_1_216' title='bbox 2019 1632 2118 1685; x_wconf 65' lang='grc'><strong>⁸⁵.»</strong></span> 
     </span>
    </p>
   </div>
   <div class='ocr_carea' id='block_1_27' title="bbox 2204 1623 3825 1702">
    <p class='ocr_par' dir='ltr' id='par_1_27' title="bbox 2222 1623 3825 1697">
     <span class='ocr_line' id='line_1_27' title="bbox 2222 1623 3825 1697; baseline -0.001 -17"><span class='ocrx_word' id='word_1_217' title='bbox 2222 1627 2627 1697; x_wconf 86' lang='grc' dir='ltr'>διδαχθήσεσθε.</span> <span class='ocrx_word' id='word_1_218' title='bbox 2665 1627 2856 1691; x_wconf 85' lang='grc' dir='ltr'>Τοῦτο,</span> <span class='ocrx_word' id='word_1_219' title='bbox 2892 1623 3069 1697; x_wconf 70' lang='grc' dir='ltr'>οἴμαι,</span> <span class='ocrx_word' id='word_1_220' title='bbox 3110 1628 3279 1690; x_wconf 73' lang='grc' dir='ltr'>ἐστὶν,</span> <span class='ocrx_word' id='word_1_221' title='bbox 3310 1629 3449 1697; x_wconf 83' lang='grc' dir='ltr'>ὅπερ</span> <span class='ocrx_word' id='word_1_222' title='bbox 3487 1627 3591 1696; x_wconf 71' lang='grc' dir='ltr'>ἔφη</span> <span class='ocrx_word' id='word_1_223' title='bbox 3650 1627 3825 1678; x_wconf 76' lang='grc' dir='ltr'>πάλιν</span> 
     </span>
    </p>
   </div>
   <div class='ocr_carea' id='block_1_28' title="bbox 557 1716 2178 1790">
    <p class='ocr_par' dir='ltr' id='par_1_28' title="bbox 557 1716 2124 1788">
     <span class='ocr_line' id='line_1_28' title="bbox 557 1716 2124 1788; baseline 0.004 -17"><span class='ocrx_word' id='word_1_224' title='bbox 557 1716 654 1772; x_wconf 79' lang='lat' dir='ltr'><strong>Via</strong></span> <span class='ocrx_word' id='word_1_225' title='bbox 696 1720 838 1773; x_wconf 89' lang='lat' dir='ltr'><strong>enim</strong></span> <span class='ocrx_word' id='word_1_226' title='bbox 870 1721 1077 1775; x_wconf 90' lang='lat' dir='ltr'><strong>Domini</strong></span> <span class='ocrx_word' id='word_1_227' title='bbox 1122 1721 1402 1788; x_wconf 88' lang='lat' dir='ltr'><strong>judicium.</strong></span> <span class='ocrx_word' id='word_1_228' title='bbox 1438 1722 1595 1776; x_wconf 84' lang='lat' dir='ltr'><strong>Alius</strong></span> <span class='ocrx_word' id='word_1_229' title='bbox 1647 1724 1808 1775; x_wconf 88' lang='lat' dir='ltr'><strong>etiam</strong></span> <span class='ocrx_word' id='word_1_230' title='bbox 1860 1738 1891 1778; x_wconf 90' lang='lat' dir='ltr'><strong>e</strong></span> <span class='ocrx_word' id='word_1_231' title='bbox 1920 1723 2124 1777; x_wconf 90' lang='lat' dir='ltr'><strong>sanctis</strong></span> 
     </span>
    </p>
   </div>
   <div class='ocr_carea' id='block_1_29' title="bbox 2201 1716 3822 1790">
    <p class='ocr_par' dir='ltr' id='par_1_29' title="bbox 2225 1716 3822 1790">
     <span class='ocr_line' id='line_1_29' title="bbox 2225 1716 3822 1790; baseline -0.003 -19"><span class='ocrx_word' id='word_1_232' title='bbox 2225 1719 2449 1790; x_wconf 79' lang='grc' dir='ltr'>ἑτέρωθί</span> <span class='ocrx_word' id='word_1_233' title='bbox 2480 1736 2582 1770; x_wconf 86' lang='grc' dir='ltr'><strong>που</strong></span> <span class='ocrx_word' id='word_1_234' title='bbox 2615 1718 2676 1770; x_wconf 85' lang='grc' dir='ltr'>τὸ</span> <span class='ocrx_word' id='word_1_235' title='bbox 2695 1719 2928 1789; x_wconf 85' lang='grc' dir='ltr'>γράμμα</span> <span class='ocrx_word' id='word_1_236' title='bbox 2952 1718 3013 1771; x_wconf 81' lang='grc' dir='ltr'>τὸ</span> <span class='ocrx_word' id='word_1_237' title='bbox 3043 1718 3379 1789; x_wconf 84' lang='grc' dir='ltr'>προφητικόν</span> <span class='ocrx_word' id='word_1_238' title='bbox 3398 1736 3411 1748; x_wconf 67' lang='grc' dir='ltr'><em>υ</em></span> <span class='ocrx_word' id='word_1_239' title='bbox 3435 1736 3452 1767; x_wconf 86' lang='grc' dir='ltr'><strong>ι</strong></span> <span class='ocrx_word' id='word_1_240' title='bbox 3473 1716 3622 1779; x_wconf 80' lang='grc' dir='ltr'>ὐδδς</span> <span class='ocrx_word' id='word_1_241' title='bbox 3651 1718 3822 1769; x_wconf 81' lang='grc' dir='ltr'>εὐσε-</span> 
     </span>
    </p>
   </div>
   <div class='ocr_carea' id='block_1_30' title="bbox 556 1807 2177 1883">
    <p class='ocr_par' dir='ltr' id='par_1_30' title="bbox 556 1812 2177 1883">
     <span class='ocr_line' id='line_1_30' title="bbox 556 1812 2177 1883; baseline 0.002 -19"><span class='ocrx_word' id='word_1_242' title='bbox 556 1812 867 1880; x_wconf 85' lang='lat' dir='ltr'><strong>propbetis,</strong></span> <span class='ocrx_word' id='word_1_243' title='bbox 892 1832 908 1863; x_wconf 77' lang='grc' dir='ltr'><strong>ι</strong></span> <span class='ocrx_word' id='word_1_244' title='bbox 942 1812 1143 1881; x_wconf 70' lang='lat' dir='ltr'><strong>Rectze,</strong></span> <span class='ocrx_word' id='word_1_245' title='bbox 1183 1832 1200 1864; x_wconf 79' lang='grc' dir='ltr'><strong>ι</strong></span> <span class='ocrx_word' id='word_1_246' title='bbox 1250 1814 1444 1883; x_wconf 84' lang='lat' dir='ltr'><strong>inquit,</strong></span> <span class='ocrx_word' id='word_1_247' title='bbox 1477 1831 1495 1864; x_wconf 84' lang='grc' dir='ltr'><strong>ι</strong></span> <span class='ocrx_word' id='word_1_248' title='bbox 1530 1824 1654 1867; x_wconf 90' lang='lat' dir='ltr'><strong>sunt</strong></span> <span class='ocrx_word' id='word_1_249' title='bbox 1683 1814 1782 1869; x_wconf 66' lang='lat' dir='ltr'><strong>viae</strong></span> <span class='ocrx_word' id='word_1_250' title='bbox 1811 1812 2047 1879; x_wconf 91' lang='lat' dir='ltr'><strong>Domini,</strong></span> <span class='ocrx_word' id='word_1_251' title='bbox 2070 1822 2125 1867; x_wconf 89' lang='lat' dir='ltr'><strong>et</strong></span> <span class='ocrx_word' id='word_1_252' title='bbox 2157 1874 2177 1883; x_wconf 88' lang='lat'><em>_</em></span> 
     </span>
    </p>
   </div>
   <div class='ocr_carea' id='block_1_31' title="bbox 2207 1807 3828 1883">
    <p class='ocr_par' dir='ltr' id='par_1_31' title="bbox 2226 1807 3828 1879">
     <span class='ocr_line' id='line_1_31' title="bbox 2226 1807 3828 1879; baseline -0.002 -18"><span class='ocrx_word' id='word_1_253' title='bbox 2226 1811 2334 1863; x_wconf 81' lang='grc' dir='ltr'>ϐῶν</span> <span class='ocrx_word' id='word_1_254' title='bbox 2364 1809 2547 1862; x_wconf 80' lang='grc' dir='ltr'>εὐθεῖα</span> <span class='ocrx_word' id='word_1_255' title='bbox 2573 1809 2803 1876; x_wconf 78' lang='grc' dir='ltr'>ἐγένετο,</span> <span class='ocrx_word' id='word_1_256' title='bbox 2828 1809 2921 1861; x_wconf 75' lang='grc' dir='ltr'>καὶ</span> <span class='ocrx_word' id='word_1_257' title='bbox 2957 1808 3450 1879; x_wconf 83' lang='grc' dir='ltr'><strong>παρεσκευασμένη</strong></span> <span class='ocrx_word' id='word_1_258' title='bbox 3489 1810 3522 1875; x_wconf 82' lang='grc' dir='ltr'><strong>ἡ</strong></span> <span class='ocrx_word' id='word_1_259' title='bbox 3554 1807 3680 1870; x_wconf 81' lang='grc' dir='ltr'>ὁδὸς</span> <span class='ocrx_word' id='word_1_260' title='bbox 3711 1807 3828 1859; x_wconf 76' lang='grc' dir='ltr'>τῶν</span> 
     </span>
    </p>
   </div>
   <div class='ocr_carea' id='block_1_32' title="bbox 550 1874 2171 1974">
    <p class='ocr_par' dir='ltr' id='par_1_32' title="bbox 550 1874 2171 1974">
     <span class='ocr_line' id='line_1_32' title="bbox 550 1874 2171 1974; baseline 0.004 -23"><span class='ocrx_word' id='word_1_261' title='bbox 550 1874 680 1969; x_wconf 63' lang='lat' dir='ltr'><strong>iusti</strong></span> <span class='ocrx_word' id='word_1_262' title='bbox 709 1903 1060 1957; x_wconf 87' lang='lat' dir='ltr'><strong>ambulabunt</strong></span> <span class='ocrx_word' id='word_1_263' title='bbox 1098 1904 1148 1957; x_wconf 90' lang='lat' dir='ltr'><strong>in</strong></span> <span class='ocrx_word' id='word_1_264' title='bbox 1175 1904 1253 1958; x_wconf 90' lang='lat' dir='ltr'><strong>eis</strong></span> <span class='ocrx_word' id='word_1_265' title='bbox 1279 1923 1293 1957; x_wconf 90' lang='lat'><strong>:</strong></span> <span class='ocrx_word' id='word_1_266' title='bbox 1320 1874 1463 1974; x_wconf 82' lang='lat' dir='ltr'><strong>impii</strong></span> <span class='ocrx_word' id='word_1_267' title='bbox 1491 1913 1668 1957; x_wconf 84' lang='lat' dir='ltr'><strong>autem</strong></span> <span class='ocrx_word' id='word_1_268' title='bbox 1710 1905 2126 1959; x_wconf 84' lang='lat' dir='ltr'><strong>inlirmabuntur</strong></span> <span class='ocrx_word' id='word_1_269' title='bbox 2156 1874 2171 1929; x_wconf 68' lang='grc'><strong>1</strong></span> 
     </span>
    </p>
   </div>
   <div class='ocr_carea' id='block_1_33' title="bbox 2205 1874 3826 1974">
    <p class='ocr_par' dir='ltr' id='par_1_33' title="bbox 2228 1874 3826 1971">
     <span class='ocr_line' id='line_1_33' title="bbox 2228 1874 3826 1971; baseline -0.002 -17"><span class='ocrx_word' id='word_1_270' title='bbox 2228 1902 2483 1955; x_wconf 83' lang='grc' dir='ltr'>εὐσεϐῶν.</span> <span class='ocrx_word' id='word_1_271' title='bbox 2509 1921 2526 1952; x_wconf 77' lang='grc' dir='ltr'><strong>ι</strong></span> <span class='ocrx_word' id='word_1_272' title='bbox 2654 1903 2761 1971; x_wconf 75' lang='grc' dir='ltr'><strong>γὰρ</strong></span> <span class='ocrx_word' id='word_1_273' title='bbox 2791 1901 2906 1963; x_wconf 77' lang='grc' dir='ltr'>ὁδὸς</span> <span class='ocrx_word' id='word_1_274' title='bbox 2934 1874 3141 1971; x_wconf 61' lang='grc' dir='ltr'>Κυρίου</span> <span class='ocrx_word' id='word_1_275' title='bbox 3165 1874 3596 1971; x_wconf 81' lang='grc' dir='ltr'>κρίσις.Ἔτερος</span> <span class='ocrx_word' id='word_1_276' title='bbox 3619 1900 3687 1951; x_wconf 80' lang='grc' dir='ltr'>δὲ</span> <span class='ocrx_word' id='word_1_277' title='bbox 3710 1898 3826 1951; x_wconf 76' lang='grc' dir='ltr'>τῶν</span> 
     </span>
    </p>
   </div>
   <div class='ocr_carea' id='block_1_34' title="bbox 558 1989 2179 2065">
    <p class='ocr_par' dir='ltr' id='par_1_34' title="bbox 558 1993 2127 2065">
     <span class='ocr_line' id='line_1_34' title="bbox 558 1993 2127 2065; baseline 0.005 -22"><span class='ocrx_word' id='word_1_278' title='bbox 558 1994 608 2044; x_wconf 88' lang='lat' dir='ltr'><strong>in</strong></span> <span class='ocrx_word' id='word_1_279' title='bbox 634 1993 791 2047; x_wconf 74' lang='lat' dir='ltr'><strong>eis”.</strong></span> <span class='ocrx_word' id='word_1_280' title='bbox 825 2012 843 2042; x_wconf 76' lang='grc' dir='ltr'><strong>ι</strong></span> <span class='ocrx_word' id='word_1_281' title='bbox 875 1994 980 2047; x_wconf 89' lang='lat' dir='ltr'><strong>Deo</strong></span> <span class='ocrx_word' id='word_1_282' title='bbox 999 1996 1141 2047; x_wconf 87' lang='lat' dir='ltr'><strong>enim</strong></span> <span class='ocrx_word' id='word_1_283' title='bbox 1171 1994 1273 2049; x_wconf 88' lang='lat' dir='ltr'><strong>illis</strong></span> <span class='ocrx_word' id='word_1_284' title='bbox 1302 1996 1417 2049; x_wconf 88' lang='lat' dir='ltr'><strong>vias</strong></span> <span class='ocrx_word' id='word_1_285' title='bbox 1448 2010 1551 2050; x_wconf 92' lang='lat' dir='ltr'><strong>non</strong></span> <span class='ocrx_word' id='word_1_286' title='bbox 1581 1994 1868 2065; x_wconf 78' lang='lat' dir='ltr'><strong>levigante,</strong></span> <span class='ocrx_word' id='word_1_287' title='bbox 1888 2012 1983 2065; x_wconf 88' lang='lat' dir='ltr'><strong>per</strong></span> <span class='ocrx_word' id='word_1_288' title='bbox 2009 1996 2127 2051; x_wconf 90' lang='lat' dir='ltr'><strong>illas</strong></span> 
     </span>
    </p>
   </div>
   <div class='ocr_carea' id='block_1_35' title="bbox 2205 1989 3826 2065">
    <p class='ocr_par' dir='ltr' id='par_1_35' title="bbox 2229 1989 3826 2064">
     <span class='ocr_line' id='line_1_35' title="bbox 2229 1989 3826 2064; baseline -0.003 -18"><span class='ocrx_word' id='word_1_289' title='bbox 2229 1993 2398 2061; x_wconf 82' lang='grc' dir='ltr'>ἁγίων</span> <span class='ocrx_word' id='word_1_290' title='bbox 2455 1992 2770 2064; x_wconf 78' lang='grc' dir='ltr'><strong>προφητῶν,</strong></span> <span class='ocrx_word' id='word_1_291' title='bbox 2810 2010 2828 2042; x_wconf 80' lang='grc' dir='ltr'><strong>ι</strong></span> <span class='ocrx_word' id='word_1_292' title='bbox 2855 1991 3092 2056; x_wconf 80' lang='grc' dir='ltr'>Εὐθεῖαι,</span> <span class='ocrx_word' id='word_1_293' title='bbox 3127 1990 3311 2059; x_wconf 74' lang='grc' dir='ltr'>φησὶν,</span> <span class='ocrx_word' id='word_1_294' title='bbox 3346 1991 3402 2043; x_wconf 75' lang='lat' dir='ltr'><strong>ai</strong></span> <span class='ocrx_word' id='word_1_295' title='bbox 3439 1989 3546 2043; x_wconf 74' lang='grc' dir='ltr'>ὁδοὶ</span> <span class='ocrx_word' id='word_1_296' title='bbox 3575 1990 3826 2055; x_wconf 78' lang='grc' dir='ltr'>Κυρίου,</span> 
     </span>
    </p>
   </div>
   <div class='ocr_carea' id='block_1_36' title="bbox 557 2079 2178 2153">
    <p class='ocr_par' dir='ltr' id='par_1_36' title="bbox 557 2082 2125 2151">
     <span class='ocr_line' id='line_1_36' title="bbox 557 2082 2125 2151; baseline 0.003 -18"><span class='ocrx_word' id='word_1_297' title='bbox 557 2082 685 2135; x_wconf 88' lang='lat' dir='ltr'><strong>ferri</strong></span> <span class='ocrx_word' id='word_1_298' title='bbox 751 2098 857 2136; x_wconf 90' lang='lat' dir='ltr'><strong>non</strong></span> <span class='ocrx_word' id='word_1_299' title='bbox 926 2093 1198 2151; x_wconf 88' lang='lat' dir='ltr'><strong>poterunt.</strong></span> <span class='ocrx_word' id='word_1_300' title='bbox 1233 2082 1383 2150; x_wconf 86' lang='lat' dir='ltr'><strong>Quod</strong></span> <span class='ocrx_word' id='word_1_301' title='bbox 1430 2085 1595 2147; x_wconf 89' lang='lat' dir='ltr'><strong>enim,</strong></span> <span class='ocrx_word' id='word_1_302' title='bbox 1650 2094 1706 2137; x_wconf 89' lang='lat' dir='ltr'><strong>ut</strong></span> <span class='ocrx_word' id='word_1_303' title='bbox 1762 2084 1894 2151; x_wconf 80' lang='lat' dir='ltr'><strong>dixi,</strong></span> <span class='ocrx_word' id='word_1_304' title='bbox 1925 2085 2125 2139; x_wconf 90' lang='lat' dir='ltr'><strong>donum</strong></span> 
     </span>
    </p>
   </div>
   <div class='ocr_carea' id='block_1_37' title="bbox 2207 2079 3828 2153">
    <p class='ocr_par' dir='ltr' id='par_1_37' title="bbox 2229 2079 3828 2153">
     <span class='ocr_line' id='line_1_37' title="bbox 2229 2079 3828 2153; baseline -0.004 -15"><span class='ocrx_word' id='word_1_305' title='bbox 2229 2085 2321 2138; x_wconf 75' lang='grc' dir='ltr'>καὶ</span> <span class='ocrx_word' id='word_1_306' title='bbox 2345 2084 2541 2136; x_wconf 89' lang='grc' dir='ltr'>δίκαιοι</span> <span class='ocrx_word' id='word_1_307' title='bbox 2570 2081 2929 2153; x_wconf 80' lang='grc' dir='ltr'>πορεύσονται</span> <span class='ocrx_word' id='word_1_308' title='bbox 2956 2082 3014 2134; x_wconf 88' lang='grc' dir='ltr'><strong>ἐν</strong></span> <span class='ocrx_word' id='word_1_309' title='bbox 3036 2082 3248 2143; x_wconf 85' lang='grc' dir='ltr'>αὐταῖς,</span> <span class='ocrx_word' id='word_1_310' title='bbox 3267 2082 3315 2132; x_wconf 78' lang='lat' dir='ltr'><strong>oi</strong></span> <span class='ocrx_word' id='word_1_311' title='bbox 3335 2081 3391 2133; x_wconf 79' lang='grc' dir='ltr'>δὲ</span> <span class='ocrx_word' id='word_1_312' title='bbox 3410 2081 3621 2141; x_wconf 78' lang='grc' dir='ltr'>ἀσεϐεῖς</span> <span class='ocrx_word' id='word_1_313' title='bbox 3648 2079 3828 2131; x_wconf 75' lang='grc' dir='ltr'>ἀσθε-</span> 
     </span>
    </p>
   </div>
   <div class='ocr_carea' id='block_1_38' title="bbox 562 2171 2183 2246">
    <p class='ocr_par' dir='ltr' id='par_1_38' title="bbox 562 2173 2126 2245">
     <span class='ocr_line' id='line_1_38' title="bbox 562 2173 2126 2245; baseline 0.002 -20"><span class='ocrx_word' id='word_1_314' title='bbox 562 2173 781 2228; x_wconf 81' lang='lat' dir='ltr'><strong>caeleste</strong></span> <span class='ocrx_word' id='word_1_315' title='bbox 807 2175 900 2237; x_wconf 88' lang='lat' dir='ltr'><strong>sit,</strong></span> <span class='ocrx_word' id='word_1_316' title='bbox 932 2176 1047 2227; x_wconf 83' lang='lat' dir='ltr'><strong>vias</strong></span> <span class='ocrx_word' id='word_1_317' title='bbox 1075 2175 1283 2229; x_wconf 85' lang='lat' dir='ltr'><strong>divinas</strong></span> <span class='ocrx_word' id='word_1_318' title='bbox 1329 2177 1406 2228; x_wconf 91' lang='lat' dir='ltr'><strong>ire</strong></span> <span class='ocrx_word' id='word_1_319' title='bbox 1440 2190 1618 2245; x_wconf 86' lang='lat' dir='ltr'><strong>posse,</strong></span> <span class='ocrx_word' id='word_1_320' title='bbox 1649 2185 1703 2228; x_wconf 91' lang='lat' dir='ltr'><strong>et</strong></span> <span class='ocrx_word' id='word_1_321' title='bbox 1733 2176 1958 2244; x_wconf 86' lang='lat' dir='ltr'><strong>implere</strong></span> <span class='ocrx_word' id='word_1_322' title='bbox 1984 2190 2126 2229; x_wconf 84' lang='lat' dir='ltr'><strong>man-</strong></span> 
     </span>
    </p>
   </div>
   <div class='ocr_carea' id='block_1_39' title="bbox 2205 2171 3826 2246">
    <p class='ocr_par' dir='ltr' id='par_1_39' title="bbox 2228 2171 3826 2246">
     <span class='ocr_line' id='line_1_39' title="bbox 2228 2171 3826 2246; baseline -0.005 -15"><span class='ocrx_word' id='word_1_323' title='bbox 2228 2178 2480 2246; x_wconf 78' lang='grc' dir='ltr'>νὴσουσιν</span> <span class='ocrx_word' id='word_1_324' title='bbox 2508 2178 2563 2227; x_wconf 85' lang='grc' dir='ltr'>ἐν</span> <span class='ocrx_word' id='word_1_325' title='bbox 2588 2176 2797 2234; x_wconf 82' lang='grc' dir='ltr'>αὐταῖς.</span> <span class='ocrx_word' id='word_1_326' title='bbox 2834 2193 2852 2225; x_wconf 75' lang='grc' dir='ltr'><strong>ι</strong></span> <span class='ocrx_word' id='word_1_327' title='bbox 2890 2173 3026 2227; x_wconf 83' lang='grc' dir='ltr'>θεοῦ</span> <span class='ocrx_word' id='word_1_328' title='bbox 3070 2173 3179 2244; x_wconf 84' lang='grc' dir='ltr'>γὰρ</span> <span class='ocrx_word' id='word_1_329' title='bbox 3214 2174 3394 2235; x_wconf 86' lang='grc' dir='ltr'>αὐτοῖς</span> <span class='ocrx_word' id='word_1_330' title='bbox 3426 2171 3523 2234; x_wconf 87' lang='grc' dir='ltr'><strong>τάς</strong></span> <span class='ocrx_word' id='word_1_331' title='bbox 3555 2172 3723 2234; x_wconf 73' lang='grc' dir='ltr'>ὁδοὺς</span> <span class='ocrx_word' id='word_1_332' title='bbox 3761 2171 3826 2224; x_wconf 79' lang='grc' dir='ltr'><strong>οὐ</strong></span> 
     </span>
    </p>
   </div>
   <div class='ocr_carea' id='block_1_40' title="bbox 558 2262 2179 2335">
    <p class='ocr_par' dir='ltr' id='par_1_40' title="bbox 558 2264 2126 2334">
     <span class='ocr_line' id='line_1_40' title="bbox 558 2264 2126 2334; baseline 0.002 -17"><span class='ocrx_word' id='word_1_333' title='bbox 558 2266 681 2318; x_wconf 67' lang='lat' dir='ltr'><strong>data</strong></span> <span class='ocrx_word' id='word_1_334' title='bbox 714 2264 908 2331; x_wconf 88' lang='lat' dir='ltr'><strong>quibus</strong></span> <span class='ocrx_word' id='word_1_335' title='bbox 943 2265 1010 2319; x_wconf 90' lang='lat' dir='ltr'><strong>ad</strong></span> <span class='ocrx_word' id='word_1_336' title='bbox 1057 2267 1222 2321; x_wconf 89' lang='lat' dir='ltr'><strong>Deum</strong></span> <span class='ocrx_word' id='word_1_337' title='bbox 1264 2265 1458 2334; x_wconf 88' lang='lat' dir='ltr'><strong>aliquis</strong></span> <span class='ocrx_word' id='word_1_338' title='bbox 1489 2265 1712 2327; x_wconf 87' lang='lat' dir='ltr'><strong>feratur,</strong></span> <span class='ocrx_word' id='word_1_339' title='bbox 1746 2264 1948 2330; x_wconf 87' lang='lat' dir='ltr'><strong>docuit,</strong></span> <span class='ocrx_word' id='word_1_340' title='bbox 2005 2280 2126 2320; x_wconf 86' lang='lat' dir='ltr'><strong>cum</strong></span> 
     </span>
    </p>
   </div>
   <div class='ocr_carea' id='block_1_41' title="bbox 2203 2262 3824 2335">
    <p class='ocr_par' dir='ltr' id='par_1_41' title="bbox 2228 2262 3824 2335">
     <span class='ocr_line' id='line_1_41' title="bbox 2228 2262 3824 2335; baseline -0.005 -13"><span class='ocrx_word' id='word_1_341' title='bbox 2228 2267 2825 2328; x_wconf 79' lang='grc' dir='ltr'>καταλειαίνοντος,οὐκ</span> <span class='ocrx_word' id='word_1_342' title='bbox 2850 2265 2913 2317; x_wconf 81' lang='grc' dir='ltr'>ἂν</span> <span class='ocrx_word' id='word_1_343' title='bbox 2937 2266 3214 2335; x_wconf 82' lang='grc' dir='ltr'>ίσχύσειαν</span> <span class='ocrx_word' id='word_1_344' title='bbox 3241 2264 3499 2333; x_wconf 81' lang='grc' dir='ltr'>φέρεσθαι</span> <span class='ocrx_word' id='word_1_345' title='bbox 3520 2262 3590 2314; x_wconf 83' lang='grc' dir='ltr'><strong>δι’</strong></span> <span class='ocrx_word' id='word_1_346' title='bbox 3606 2263 3824 2316; x_wconf 75' lang='grc' dir='ltr'>αὐτῶν.</span> 
     </span>
    </p>
   </div>
   <div class='ocr_carea' id='block_1_42' title="bbox 558 2354 2179 2433">
    <p class='ocr_par' dir='ltr' id='par_1_42' title="bbox 558 2355 2129 2428">
     <span class='ocr_line' id='line_1_42' title="bbox 558 2355 2129 2428; baseline 0.004 -22"><span class='ocrx_word' id='word_1_347' title='bbox 558 2356 703 2410; x_wconf 89' lang='lat' dir='ltr'><strong>velut</strong></span> <span class='ocrx_word' id='word_1_348' title='bbox 727 2356 793 2410; x_wconf 93' lang='lat' dir='ltr'><strong>de</strong></span> <span class='ocrx_word' id='word_1_349' title='bbox 819 2355 1099 2428; x_wconf 80' lang='lat' dir='ltr'><strong>Synagoga</strong></span> <span class='ocrx_word' id='word_1_350' title='bbox 1137 2357 1464 2420; x_wconf 70' lang='lat' dir='ltr'><strong>Judaeorum,</strong></span> <span class='ocrx_word' id='word_1_351' title='bbox 1496 2357 1659 2428; x_wconf 70' lang='grc'><strong>784.</strong></span> <span class='ocrx_word' id='word_1_352' title='bbox 1682 2356 1971 2427; x_wconf 87' lang='lat' dir='ltr'><strong>Pr0pterea</strong></span> <span class='ocrx_word' id='word_1_353' title='bbox 2002 2372 2129 2413; x_wconf 91' lang='lat' dir='ltr'><strong>ecce</strong></span> 
     </span>
    </p>
   </div>
   <div class='ocr_carea' id='block_1_43' title="bbox 2208 2354 3829 2433">
    <p class='ocr_par' dir='ltr' id='par_1_43' title="bbox 2230 2354 3829 2433">
     <span class='ocr_line' id='line_1_43' title="bbox 2230 2354 3829 2433; baseline -0.006 -17"><span class='ocrx_word' id='word_1_354' title='bbox 2230 2364 2351 2416; x_wconf 83' lang='grc' dir='ltr'>’Ὁτι</span> <span class='ocrx_word' id='word_1_355' title='bbox 2375 2363 2483 2433; x_wconf 81' lang='grc' dir='ltr'>γὰρ</span> <span class='ocrx_word' id='word_1_356' title='bbox 2507 2361 2676 2427; x_wconf 78' lang='grc' dir='ltr'>ξένιόν</span> <span class='ocrx_word' id='word_1_357' title='bbox 2705 2363 2869 2424; x_wconf 84' lang='grc' dir='ltr'>ἐστιν,</span> <span class='ocrx_word' id='word_1_358' title='bbox 2899 2359 2973 2423; x_wconf 81' lang='grc' dir='ltr'>ὡς</span> <span class='ocrx_word' id='word_1_359' title='bbox 3006 2358 3162 2428; x_wconf 76' lang='grc' dir='ltr'>ἔφην,</span> <span class='ocrx_word' id='word_1_360' title='bbox 3192 2356 3422 2427; x_wconf 88' lang='grc' dir='ltr'>οὐρανοῦ</span> <span class='ocrx_word' id='word_1_361' title='bbox 3446 2355 3507 2409; x_wconf 82' lang='grc' dir='ltr'>τὸ</span> <span class='ocrx_word' id='word_1_362' title='bbox 3536 2354 3634 2418; x_wconf 80' lang='grc' dir='ltr'><strong>τὰς</strong></span> <span class='ocrx_word' id='word_1_363' title='bbox 3663 2354 3829 2418; x_wconf 69' lang='grc' dir='ltr'>Θείας</span> 
     </span>
    </p>
   </div>
   <div class='ocr_carea' id='block_1_44' title="bbox 559 2444 2180 2520">
    <p class='ocr_par' dir='ltr' id='par_1_44' title="bbox 559 2446 2129 2519">
     <span class='ocr_line' id='line_1_44' title="bbox 559 2446 2129 2519; baseline 0.003 -22"><span class='ocrx_word' id='word_1_364' title='bbox 559 2461 680 2513; x_wconf 73' lang='lat' dir='ltr'><strong>ego,</strong></span> <span class='ocrx_word' id='word_1_365' title='bbox 719 2446 910 2516; x_wconf 90' lang='lat' dir='ltr'><strong>inquit,</strong></span> <span class='ocrx_word' id='word_1_366' title='bbox 944 2448 1220 2501; x_wconf 82' lang='lat' dir='ltr'><strong>obstruam</strong></span> <span class='ocrx_word' id='word_1_367' title='bbox 1258 2450 1371 2503; x_wconf 89' lang='lat' dir='ltr'><strong>vias</strong></span> <span class='ocrx_word' id='word_1_368' title='bbox 1400 2449 1511 2515; x_wconf 80' lang='lat' dir='ltr'><strong>eius</strong></span> <span class='ocrx_word' id='word_1_369' title='bbox 1535 2451 1775 2514; x_wconf 83' lang='lat' dir='ltr'><strong>sudibus,</strong></span> <span class='ocrx_word' id='word_1_370' title='bbox 1809 2458 1862 2503; x_wconf 87' lang='lat' dir='ltr'><strong>et</strong></span> <span class='ocrx_word' id='word_1_371' title='bbox 1926 2459 2129 2519; x_wconf 66' lang='lat' dir='ltr'><strong>quaeret</strong></span> 
     </span>
    </p>
   </div>
   <div class='ocr_carea' id='block_1_45' title="bbox 2205 2444 3826 2520">
    <p class='ocr_par' dir='ltr' id='par_1_45' title="bbox 2228 2444 3826 2520">
     <span class='ocr_line' id='line_1_45' title="bbox 2228 2444 3826 2520; baseline -0.007 -15"><span class='ocrx_word' id='word_1_372' title='bbox 2228 2451 2488 2506; x_wconf 85' lang='grc' dir='ltr'>δύνασθαι</span> <span class='ocrx_word' id='word_1_373' title='bbox 2527 2450 2762 2520; x_wconf 74' lang='grc' dir='ltr'><strong>βαδίζειν</strong></span> <span class='ocrx_word' id='word_1_374' title='bbox 2787 2450 2961 2512; x_wconf 83' lang='grc' dir='ltr'>όδούς,</span> <span class='ocrx_word' id='word_1_375' title='bbox 2984 2449 3079 2501; x_wconf 61' lang='grc' dir='ltr'><strong>καλ⁵</strong></span> <span class='ocrx_word' id='word_1_376' title='bbox 3101 2446 3343 2516; x_wconf 79' lang='grc' dir='ltr'>πληροῦν</span> <span class='ocrx_word' id='word_1_377' title='bbox 3382 2445 3451 2498; x_wconf 80' lang='grc' dir='ltr'><strong>τὰ</strong></span> <span class='ocrx_word' id='word_1_378' title='bbox 3477 2444 3826 2512; x_wconf 77' lang='grc' dir='ltr'>ἐντάλματα,</span> 
     </span>
    </p>
   </div>
   <div class='ocr_carea' id='block_1_46' title="bbox 558 2532 2179 2609">
    <p class='ocr_par' dir='ltr' id='par_1_46' title="bbox 558 2536 2129 2609">
     <span class='ocr_line' id='line_1_46' title="bbox 558 2536 2129 2609; baseline 0.006 -24"><span class='ocrx_word' id='word_1_379' title='bbox 558 2536 694 2599; x_wconf 81' lang='lat' dir='ltr'><strong>vias,</strong></span> <span class='ocrx_word' id='word_1_380' title='bbox 721 2547 774 2589; x_wconf 91' lang='lat' dir='ltr'><strong>et</strong></span> <span class='ocrx_word' id='word_1_381' title='bbox 802 2553 904 2590; x_wconf 88' lang='lat' dir='ltr'><strong>non</strong></span> <span class='ocrx_word' id='word_1_382' title='bbox 932 2537 1202 2592; x_wconf 87' lang='lat' dir='ltr'><strong>inveniet.</strong></span> <span class='ocrx_word' id='word_1_383' title='bbox 1249 2537 1435 2607; x_wconf 87' lang='lat' dir='ltr'><strong>itaque</strong></span> <span class='ocrx_word' id='word_1_384' title='bbox 1487 2555 1592 2602; x_wconf 91' lang='lat' dir='ltr'><strong>me,</strong></span> <span class='ocrx_word' id='word_1_385' title='bbox 1663 2541 1854 2608; x_wconf 85' lang='lat' dir='ltr'><strong>inquit,</strong></span> <span class='ocrx_word' id='word_1_386' title='bbox 1907 2554 2129 2609; x_wconf 86' lang='lat' dir='ltr'><strong>prospe-</strong></span> 
     </span>
    </p>
   </div>
   <div class='ocr_carea' id='block_1_47' title="bbox 2208 2532 3829 2609">
    <p class='ocr_par' dir='ltr' id='par_1_47' title="bbox 2229 2532 3829 2607">
     <span class='ocr_line' id='line_1_47' title="bbox 2229 2532 3829 2607; baseline -0.008 -13"><span class='ocrx_word' id='word_1_387' title='bbox 2229 2542 2294 2594; x_wconf 80' lang='grc' dir='ltr'>δι’</span> <span class='ocrx_word' id='word_1_388' title='bbox 2320 2536 2393 2593; x_wconf 85' lang='grc' dir='ltr'><strong>ὧν</strong></span> <span class='ocrx_word' id='word_1_389' title='bbox 2435 2541 2498 2594; x_wconf 85' lang='grc' dir='ltr'><strong>ἄν</strong></span> <span class='ocrx_word' id='word_1_390' title='bbox 2544 2556 2626 2602; x_wconf 87' lang='grc' dir='ltr'><strong>τις</strong></span> <span class='ocrx_word' id='word_1_391' title='bbox 2676 2538 2868 2590; x_wconf 81' lang='grc' dir='ltr'>ἐλάσαι</span> <span class='ocrx_word' id='word_1_392' title='bbox 2898 2538 3034 2607; x_wconf 77' lang='grc' dir='ltr'>πρὸς</span> <span class='ocrx_word' id='word_1_393' title='bbox 3064 2537 3216 2601; x_wconf 80' lang='grc' dir='ltr'>Θεὸν,</span> <span class='ocrx_word' id='word_1_394' title='bbox 3248 2535 3480 2600; x_wconf 80' lang='grc' dir='ltr'>ἐδίδαξεν</span> <span class='ocrx_word' id='word_1_395' title='bbox 3525 2532 3708 2585; x_wconf 73' lang='grc' dir='ltr'>εἰπὼν</span> <span class='ocrx_word' id='word_1_396' title='bbox 3747 2534 3829 2594; x_wconf 54' lang='grc' dir='ltr'><strong>εἰς</strong></span> 
     </span>
    </p>
   </div>
   <div class='ocr_carea' id='block_1_48' title="bbox 560 2618 2181 2703">
    <p class='ocr_par' dir='ltr' id='par_1_48' title="bbox 560 2629 2126 2699">
     <span class='ocr_line' id='line_1_48' title="bbox 560 2629 2126 2699; baseline 0.003 -19"><span class='ocrx_word' id='word_1_397' title='bbox 560 2638 711 2682; x_wconf 89' lang='lat' dir='ltr'><strong>rante</strong></span> <span class='ocrx_word' id='word_1_398' title='bbox 779 2630 1049 2692; x_wconf 87' lang='lat' dir='ltr'><strong>mandata,</strong></span> <span class='ocrx_word' id='word_1_399' title='bbox 1097 2644 1218 2683; x_wconf 88' lang='lat' dir='ltr'><strong>cum</strong></span> <span class='ocrx_word' id='word_1_400' title='bbox 1272 2629 1454 2683; x_wconf 68' lang='lat' dir='ltr'><strong>laetitia</strong></span> <span class='ocrx_word' id='word_1_401' title='bbox 1514 2630 1977 2699; x_wconf 78' lang='lat' dir='ltr'><strong>egredieminizid</strong></span> <span class='ocrx_word' id='word_1_402' title='bbox 2022 2640 2126 2694; x_wconf 86' lang='lat' dir='ltr'><strong>est,</strong></span> 
     </span>
    </p>
   </div>
   <div class='ocr_carea' id='block_1_49' title="bbox 2206 2618 3827 2703">
    <p class='ocr_par' dir='ltr' id='par_1_49' title="bbox 2231 2618 3827 2703">
     <span class='ocr_line' id='line_1_49' title="bbox 2231 2618 3827 2703; baseline -0.009 -18"><span class='ocrx_word' id='word_1_403' title='bbox 2231 2632 2360 2703; x_wconf 81' lang='grc' dir='ltr'><strong>περὶ</strong></span> <span class='ocrx_word' id='word_1_404' title='bbox 2384 2631 2485 2701; x_wconf 86' lang='grc' dir='ltr'>τῆς</span> <span class='ocrx_word' id='word_1_405' title='bbox 2519 2629 2786 2682; x_wconf 80' lang='grc' dir='ltr'>Ἰουδαίων</span> <span class='ocrx_word' id='word_1_406' title='bbox 2814 2628 3161 2697; x_wconf 77' lang='grc' dir='ltr'><strong>Συναγωγῆς·</strong></span> <span class='ocrx_word' id='word_1_407' title='bbox 3205 2624 3305 2677; x_wconf 85' lang='grc' dir='ltr'>Διά</span> <span class='ocrx_word' id='word_1_408' title='bbox 3336 2623 3493 2676; x_wconf 87' lang='grc' dir='ltr'>τοῦτο</span> <span class='ocrx_word' id='word_1_409' title='bbox 3527 2622 3639 2674; x_wconf 73' lang='grc' dir='ltr'><strong>1.δού</strong></span> <span class='ocrx_word' id='word_1_410' title='bbox 3680 2618 3827 2687; x_wconf 79' lang='grc' dir='ltr'>ἐγὼ,</span> 
     </span>
    </p>
   </div>
   <div class='ocr_carea' id='block_1_50' title="bbox 557 2711 2178 2793">
    <p class='ocr_par' dir='ltr' id='par_1_50' title="bbox 557 2720 2130 2791">
     <span class='ocr_line' id='line_1_50' title="bbox 557 2720 2130 2791; baseline 0.003 -18"><span class='ocrx_word' id='word_1_411' title='bbox 557 2720 725 2774; x_wconf 87' lang='lat' dir='ltr'><strong>dolori</strong></span> <span class='ocrx_word' id='word_1_412' title='bbox 773 2736 874 2773; x_wconf 87' lang='lat' dir='ltr'><strong>non</strong></span> <span class='ocrx_word' id='word_1_413' title='bbox 930 2720 1311 2785; x_wconf 89' lang='lat' dir='ltr'><strong>succumbctis,</strong></span> <span class='ocrx_word' id='word_1_414' title='bbox 1342 2736 1440 2776; x_wconf 88' lang='lat' dir='ltr'><strong>nec</strong></span> <span class='ocrx_word' id='word_1_415' title='bbox 1481 2722 1645 2776; x_wconf 90' lang='lat' dir='ltr'><strong>corde</strong></span> <span class='ocrx_word' id='word_1_416' title='bbox 1692 2722 2030 2791; x_wconf 79' lang='lat' dir='ltr'><strong>pungemini,</strong></span> <span class='ocrx_word' id='word_1_417' title='bbox 2076 2731 2130 2777; x_wconf 90' lang='lat' dir='ltr'><strong>et</strong></span> 
     </span>
    </p>
   </div>
   <div class='ocr_carea' id='block_1_51' title="bbox 2209 2711 3830 2793">
    <p class='ocr_par' dir='ltr' id='par_1_51' title="bbox 2231 2711 3830 2793">
     <span class='ocr_line' id='line_1_51' title="bbox 2231 2711 3830 2793; baseline -0.008 -18"><span class='ocrx_word' id='word_1_418' title='bbox 2231 2724 2387 2793; x_wconf 76' lang='grc' dir='ltr'>φησὶ,</span> <span class='ocrx_word' id='word_1_419' title='bbox 2421 2722 2648 2791; x_wconf 83' lang='grc' dir='ltr'>φράσσω</span> <span class='ocrx_word' id='word_1_420' title='bbox 2666 2720 2763 2782; x_wconf 85' lang='grc' dir='ltr'><strong>τὰς</strong></span> <span class='ocrx_word' id='word_1_421' title='bbox 2792 2719 2943 2781; x_wconf 74' lang='grc' dir='ltr'>ὁδοὺς</span> <span class='ocrx_word' id='word_1_422' title='bbox 2964 2717 3135 2786; x_wconf 77' lang='grc' dir='ltr'>αὐτῆς</span> <span class='ocrx_word' id='word_1_423' title='bbox 3164 2717 3224 2769; x_wconf 86' lang='grc' dir='ltr'><strong>ἐν</strong></span> <span class='ocrx_word' id='word_1_424' title='bbox 3251 2714 3493 2783; x_wconf 79' lang='grc' dir='ltr'>σκόλοψι.</span> <span class='ocrx_word' id='word_1_425' title='bbox 3524 2714 3621 2766; x_wconf 70' lang='grc' dir='ltr'>καὶ</span> <span class='ocrx_word' id='word_1_426' title='bbox 3650 2711 3830 2781; x_wconf 77' lang='grc' dir='ltr'>ζητή·</span> 
     </span>
    </p>
   </div>
   <div class='ocr_carea' id='block_1_52' title="bbox 558 2801 2179 2879">
    <p class='ocr_par' dir='ltr' id='par_1_52' title="bbox 558 2808 2130 2876">
     <span class='ocr_line' id='line_1_52' title="bbox 558 2808 2130 2876; baseline 0.004 -15"><span class='ocrx_word' id='word_1_427' title='bbox 558 2808 838 2863; x_wconf 82' lang='lat' dir='ltr'><strong>afl‘ectibus</strong></span> <span class='ocrx_word' id='word_1_428' title='bbox 861 2812 1014 2865; x_wconf 83' lang='lat' dir='ltr'><strong>vacui</strong></span> <span class='ocrx_word' id='word_1_429' title='bbox 1048 2811 1220 2876; x_wconf 90' lang='lat' dir='ltr'><strong>eritis,</strong></span> <span class='ocrx_word' id='word_1_430' title='bbox 1244 2819 1298 2866; x_wconf 85' lang='lat' dir='ltr'><strong>et</strong></span> <span class='ocrx_word' id='word_1_431' title='bbox 1330 2812 1418 2873; x_wconf 67' lang='lat' dir='ltr'><strong>zad</strong></span> <span class='ocrx_word' id='word_1_432' title='bbox 1444 2812 1721 2867; x_wconf 89' lang='lat' dir='ltr'><strong>meliorem</strong></span> <span class='ocrx_word' id='word_1_433' title='bbox 1765 2824 1819 2867; x_wconf 92' lang='lat' dir='ltr'><strong>et</strong></span> <span class='ocrx_word' id='word_1_434' title='bbox 1852 2813 2130 2867; x_wconf 90' lang='lat' dir='ltr'><strong>admiran-</strong></span> 
     </span>
    </p>
   </div>
   <div class='ocr_carea' id='block_1_53' title="bbox 2203 2801 3824 2879">
    <p class='ocr_par' dir='ltr' id='par_1_53' title="bbox 2233 2801 3824 2879">
     <span class='ocr_line' id='line_1_53' title="bbox 2233 2801 3824 2879; baseline -0.009 -12"><span class='ocrx_word' id='word_1_435' title='bbox 2233 2831 2313 2866; x_wconf 93' lang='grc' dir='ltr'>σει</span> <span class='ocrx_word' id='word_1_436' title='bbox 2341 2814 2439 2876; x_wconf 80' lang='grc' dir='ltr'><strong>τὰς</strong></span> <span class='ocrx_word' id='word_1_437' title='bbox 2471 2813 2622 2874; x_wconf 78' lang='grc' dir='ltr'>ὁδοὺς</span> <span class='ocrx_word' id='word_1_438' title='bbox 2647 2811 2838 2879; x_wconf 80' lang='grc' dir='ltr'>αὐτῆς,</span> <span class='ocrx_word' id='word_1_439' title='bbox 2888 2811 2979 2861; x_wconf 62' lang='grc' dir='ltr'><strong>κα)⁸</strong></span> <span class='ocrx_word' id='word_1_440' title='bbox 3002 2809 3063 2861; x_wconf 91' lang='grc' dir='ltr'><strong>οὐ</strong></span> <span class='ocrx_word' id='word_1_441' title='bbox 3090 2808 3164 2879; x_wconf 84' lang='grc' dir='ltr'>μὴ</span> <span class='ocrx_word' id='word_1_442' title='bbox 3194 2806 3351 2878; x_wconf 78' lang='grc' dir='ltr'><strong>εὕρῃ.</strong></span> <span class='ocrx_word' id='word_1_443' title='bbox 3398 2804 3611 2859; x_wconf 84' lang='grc' dir='ltr'>Οὐκοῦν</span> <span class='ocrx_word' id='word_1_444' title='bbox 3652 2801 3824 2871; x_wconf 80' lang='grc' dir='ltr'>ἐμοῦ,</span> 
     </span>
    </p>
   </div>
   <div class='ocr_carea' id='block_1_54' title="bbox 560 2892 2181 2977">
    <p class='ocr_par' dir='ltr' id='par_1_54' title="bbox 560 2899 2131 2972">
     <span class='ocr_line' id='line_1_54' title="bbox 560 2899 2131 2972; baseline 0.004 -20"><span class='ocrx_word' id='word_1_445' title='bbox 560 2899 680 2952; x_wconf 86' lang='lat' dir='ltr'><strong>dam</strong></span> <span class='ocrx_word' id='word_1_446' title='bbox 719 2900 883 2953; x_wconf 90' lang='lat' dir='ltr'><strong>vitam</strong></span> <span class='ocrx_word' id='word_1_447' title='bbox 918 2902 1326 2955; x_wconf 82' lang='lat' dir='ltr'><strong>trauscurretis.</strong></span> <span class='ocrx_word' id='word_1_448' title='bbox 1354 2901 1687 2955; x_wconf 80' lang='lat' dir='ltr'><strong>Docebiutini</strong></span> <span class='ocrx_word' id='word_1_449' title='bbox 1720 2903 1867 2956; x_wconf 90' lang='lat' dir='ltr'><strong>enim</strong></span> <span class='ocrx_word' id='word_1_450' title='bbox 1896 2904 2131 2972; x_wconf 81' lang='lat' dir='ltr'><strong>gauden-</strong></span> 
     </span>
    </p>
   </div>
   <div class='ocr_carea' id='block_1_55' title="bbox 2207 2892 3828 2977">
    <p class='ocr_par' dir='ltr' id='par_1_55' title="bbox 2232 2892 3828 2977">
     <span class='ocr_line' id='line_1_55' title="bbox 2232 2892 3828 2977; baseline -0.011 -17"><span class='ocrx_word' id='word_1_451' title='bbox 2232 2906 2415 2977; x_wconf 65' lang='grc' dir='ltr'>φησιν,</span> <span class='ocrx_word' id='word_1_452' title='bbox 2438 2903 2740 2965; x_wconf 85' lang='grc' dir='ltr'>εὐοδοῦντος</span> <span class='ocrx_word' id='word_1_453' title='bbox 2763 2902 2830 2955; x_wconf 74' lang='grc' dir='ltr'>τὰ</span> <span class='ocrx_word' id='word_1_454' title='bbox 2851 2901 3177 2970; x_wconf 80' lang='grc' dir='ltr'>ἐντάλματα,</span> <span class='ocrx_word' id='word_1_455' title='bbox 3200 2901 3257 2951; x_wconf 86' lang='grc' dir='ltr'><strong>ἐν</strong></span> <span class='ocrx_word' id='word_1_456' title='bbox 3273 2895 3577 2967; x_wconf 75' lang='grc' dir='ltr'>εὐφροσύνῃ</span> <span class='ocrx_word' id='word_1_457' title='bbox 3603 2892 3828 2958; x_wconf 74' lang='grc' dir='ltr'>ἐξελεύ-</span> 
     </span>
    </p>
   </div>
   <div class='ocr_carea' id='block_1_56' title="bbox 560 2983 2181 3062">
    <p class='ocr_par' dir='ltr' id='par_1_56' title="bbox 560 2990 2125 3052">
     <span class='ocr_line' id='line_1_56' title="bbox 560 2990 2125 3052; baseline 0.003 -11"><span class='ocrx_word' id='word_1_458' title='bbox 560 2996 664 3052; x_wconf 91' lang='lat' dir='ltr'><strong>tes,</strong></span> <span class='ocrx_word' id='word_1_459' title='bbox 694 2997 748 3041; x_wconf 91' lang='lat' dir='ltr'><strong>et</strong></span> <span class='ocrx_word' id='word_1_460' title='bbox 774 2990 1134 3043; x_wconf 75' lang='lat' dir='ltr'><strong>sacrosanctis</strong></span> <span class='ocrx_word' id='word_1_461' title='bbox 1168 2992 1506 3045; x_wconf 85' lang='lat' dir='ltr'><strong>sermonibus</strong></span> <span class='ocrx_word' id='word_1_462' title='bbox 1537 3001 1745 3045; x_wconf 91' lang='lat' dir='ltr'><strong>vosmet</strong></span> <span class='ocrx_word' id='word_1_463' title='bbox 1774 2991 2125 3046; x_wconf 89' lang='lat' dir='ltr'><strong>oblectantes.</strong></span> 
     </span>
    </p>
   </div>
   <div class='ocr_carea' id='block_1_57' title="bbox 2207 2983 3828 3062">
    <p class='ocr_par' dir='ltr' id='par_1_57' title="bbox 2232 2983 3828 3062">
     <span class='ocr_line' id='line_1_57' title="bbox 2232 2983 3828 3062; baseline -0.009 -11"><span class='ocrx_word' id='word_1_464' title='bbox 2232 2998 2410 3061; x_wconf 83' lang='grc' dir='ltr'>σεσθε,</span> <span class='ocrx_word' id='word_1_465' title='bbox 2443 2997 2738 3056; x_wconf 77' lang='grc' dir='ltr'>τουτέστιν,</span> <span class='ocrx_word' id='word_1_466' title='bbox 2767 2993 3023 3062; x_wconf 82' lang='grc' dir='ltr'>ἀμείνους</span> <span class='ocrx_word' id='word_1_467' title='bbox 3055 2990 3239 3043; x_wconf 76' lang='grc' dir='ltr'>ἔσεσθε</span> <span class='ocrx_word' id='word_1_468' title='bbox 3269 2988 3464 3058; x_wconf 86' lang='grc' dir='ltr'>λύπης,</span> <span class='ocrx_word' id='word_1_469' title='bbox 3487 2987 3547 3037; x_wconf 85' lang='grc' dir='ltr'><strong>οὐ</strong></span> <span class='ocrx_word' id='word_1_470' title='bbox 3579 2983 3828 3053; x_wconf 77' lang='grc' dir='ltr'>καταδη-</span> 
     </span>
    </p>
   </div>
   <div class='ocr_carea' id='block_1_58' title="bbox 560 3077 2181 3160">
    <p class='ocr_par' dir='ltr' id='par_1_58' title="bbox 560 3077 2127 3151">
     <span class='ocr_line' id='line_1_58' title="bbox 560 3077 2127 3151; baseline 0.003 -20"><span class='ocrx_word' id='word_1_471' title='bbox 560 3077 827 3132; x_wconf 81' lang='lat' dir='ltr'><strong>Nimirum</strong></span> <span class='ocrx_word' id='word_1_472' title='bbox 852 3080 1069 3134; x_wconf 89' lang='lat' dir='ltr'><strong>divinus</strong></span> <span class='ocrx_word' id='word_1_473' title='bbox 1104 3080 1310 3134; x_wconf 86' lang='lat' dir='ltr'><strong>David:</strong></span> <span class='ocrx_word' id='word_1_474' title='bbox 1351 3100 1368 3132; x_wconf 84' lang='grc' dir='ltr'><strong>ι</strong></span> <span class='ocrx_word' id='word_1_475' title='bbox 1406 3081 1577 3147; x_wconf 88' lang='lat' dir='ltr'><strong>Quam</strong></span> <span class='ocrx_word' id='word_1_476' title='bbox 1606 3082 1807 3148; x_wconf 85' lang='lat' dir='ltr'><strong>dulcia,</strong></span> <span class='ocrx_word' id='word_1_477' title='bbox 1833 3100 1852 3135; x_wconf 71' lang='grc' dir='ltr'><strong>ι</strong></span> <span class='ocrx_word' id='word_1_478' title='bbox 1929 3083 2127 3151; x_wconf 87' lang='lat' dir='ltr'><strong>inquit,</strong></span> 
     </span>
    </p>
   </div>
   <div class='ocr_carea' id='block_1_59' title="bbox 2207 3077 3828 3160">
    <p class='ocr_par' dir='ltr' id='par_1_59' title="bbox 2233 3078 3828 3160">
     <span class='ocr_line' id='line_1_59' title="bbox 2233 3078 3828 3160; baseline -0.009 -19"><span class='ocrx_word' id='word_1_479' title='bbox 2233 3088 2495 3160; x_wconf 80' lang='grc' dir='ltr'>χθήσεσθε</span> <span class='ocrx_word' id='word_1_480' title='bbox 2524 3088 2623 3157; x_wconf 85' lang='grc' dir='ltr'>τὴν</span> <span class='ocrx_word' id='word_1_481' title='bbox 2657 3086 2901 3156; x_wconf 85' lang='grc' dir='ltr'>καρδίαν,</span> <span class='ocrx_word' id='word_1_482' title='bbox 2942 3084 3045 3149; x_wconf 73' lang='grc' dir='ltr'><strong>ἔξω</strong></span> <span class='ocrx_word' id='word_1_483' title='bbox 3082 3082 3367 3151; x_wconf 77' lang='grc' dir='ltr'>γεγονότες</span> <span class='ocrx_word' id='word_1_484' title='bbox 3388 3078 3601 3139; x_wconf 83' lang='grc' dir='ltr'>παθῶν,</span> <span class='ocrx_word' id='word_1_485' title='bbox 3620 3078 3721 3129; x_wconf 69' lang='grc' dir='ltr'>καὶ</span> <span class='ocrx_word' id='word_1_486' title='bbox 3744 3078 3828 3138; x_wconf 84' lang='grc' dir='ltr'><strong>είς</strong></span> 
     </span>
    </p>
   </div>
   <div class='ocr_carea' id='block_1_60' title="bbox 565 3166 2186 3253">
    <p class='ocr_par' dir='ltr' id='par_1_60' title="bbox 565 3167 2186 3253">
     <span class='ocr_line' id='line_1_60' title="bbox 565 3167 2186 3253; baseline 0.003 -34"><span class='ocrx_word' id='word_1_487' title='bbox 565 3185 585 3219; x_wconf 79' lang='grc' dir='ltr'><strong>ι</strong></span> <span class='ocrx_word' id='word_1_488' title='bbox 622 3167 865 3222; x_wconf 79' lang='lat' dir='ltr'><strong>faucibus</strong></span> <span class='ocrx_word' id='word_1_489' title='bbox 910 3171 1044 3223; x_wconf 89' lang='lat' dir='ltr'><strong>meis</strong></span> <span class='ocrx_word' id='word_1_490' title='bbox 1091 3170 1309 3223; x_wconf 90' lang='lat' dir='ltr'><strong>oracula</strong></span> <span class='ocrx_word' id='word_1_491' title='bbox 1340 3172 1464 3224; x_wconf 89' lang='lat' dir='ltr'><strong>tua!</strong></span> <span class='ocrx_word' id='word_1_492' title='bbox 1506 3169 1679 3239; x_wconf 86' lang='lat' dir='ltr'><strong>Supra</strong></span> <span class='ocrx_word' id='word_1_493' title='bbox 1710 3170 1814 3225; x_wconf 87' lang='lat' dir='ltr'><strong>mel</strong></span> <span class='ocrx_word' id='word_1_494' title='bbox 1849 3181 1902 3225; x_wconf 90' lang='lat' dir='ltr'><strong>et</strong></span> <span class='ocrx_word' id='word_1_495' title='bbox 1950 3172 2127 3225; x_wconf 81' lang='lat' dir='ltr'><strong>favum</strong></span> <span class='ocrx_word' id='word_1_496' title='bbox 2160 3198 2186 3253; x_wconf 69' lang='grc' dir='ltr'><strong>ί</strong></span> 
     </span>
    </p>
   </div>
   <div class='ocr_carea' id='block_1_61' title="bbox 2202 3166 3823 3253">
    <p class='ocr_par' dir='ltr' id='par_1_61' title="bbox 2234 3166 3823 3247">
     <span class='ocr_line' id='line_1_61' title="bbox 2234 3166 3823 3247; baseline -0.007 -18"><span class='ocrx_word' id='word_1_497' title='bbox 2234 3176 2329 3247; x_wconf 84' lang='grc' dir='ltr'>τὴν</span> <span class='ocrx_word' id='word_1_498' title='bbox 2351 3176 2557 3245; x_wconf 82' lang='grc' dir='ltr'><strong>ἀμείνω</strong></span> <span class='ocrx_word' id='word_1_499' title='bbox 2584 3176 2677 3226; x_wconf 77' lang='grc' dir='ltr'>καὶ</span> <span class='ocrx_word' id='word_1_500' title='bbox 2698 3173 2863 3225; x_wconf 83' lang='grc' dir='ltr'>τεθαυ</span> <span class='ocrx_word' id='word_1_501' title='bbox 2873 3172 3155 3241; x_wconf 82' lang='grc' dir='ltr'>μασμένην</span> <span class='ocrx_word' id='word_1_502' title='bbox 3200 3187 3362 3240; x_wconf 87' lang='grc' dir='ltr'>μετατ</span> <span class='ocrx_word' id='word_1_503' title='bbox 3375 3168 3628 3237; x_wconf 81' lang='grc' dir='ltr'>ρέχοντες</span> <span class='ocrx_word' id='word_1_504' title='bbox 3648 3166 3823 3233; x_wconf 68' lang='grc' dir='ltr'>ζωήν.</span> 
     </span>
    </p>
   </div>
   <div class='ocr_carea' id='block_1_62' title="bbox 558 3257 2179 3335">
    <p class='ocr_par' dir='ltr' id='par_1_62' title="bbox 558 3257 2122 3328">
     <span class='ocr_line' id='line_1_62' title="bbox 558 3257 2122 3328; baseline 0.003 -17"><span class='ocrx_word' id='word_1_505' title='bbox 558 3259 640 3312; x_wconf 91' lang='lat' dir='ltr'><strong>ori</strong></span> <span class='ocrx_word' id='word_1_506' title='bbox 663 3273 781 3312; x_wconf 90' lang='lat' dir='ltr'><strong>meo</strong></span> <span class='ocrx_word' id='word_1_507' title='bbox 804 3259 868 3321; x_wconf 78' lang='lat'><strong>“,</strong></span> <span class='ocrx_word' id='word_1_508' title='bbox 902 3276 921 3309; x_wconf 72' lang='grc' dir='ltr'><strong>ι</strong></span> <span class='ocrx_word' id='word_1_509' title='bbox 954 3272 1017 3312; x_wconf 90' lang='lat' dir='ltr'><strong>ac</strong></span> <span class='ocrx_word' id='word_1_510' title='bbox 1038 3258 1454 3327; x_wconf 86' lang='lat' dir='ltr'><strong>prudentissime</strong></span> <span class='ocrx_word' id='word_1_511' title='bbox 1473 3257 1760 3314; x_wconf 74' lang='lat' dir='ltr'><strong>affirmavit</strong></span> <span class='ocrx_word' id='word_1_512' title='bbox 1782 3261 2122 3328; x_wconf 76' lang='lat' dir='ltr'><strong>gaudendum</strong></span> 
     </span>
    </p>
   </div>
   <div class='ocr_carea' id='block_1_63' title="bbox 2209 3257 3830 3335">
    <p class='ocr_par' dir='ltr' id='par_1_63' title="bbox 2235 3258 3830 3335">
     <span class='ocr_line' id='line_1_63' title="bbox 2235 3258 3830 3335; baseline -0.009 -15"><span class='ocrx_word' id='word_1_513' title='bbox 2235 3265 2625 3335; x_wconf 82' lang='grc' dir='ltr'>Διδαχθήσεσθε</span> <span class='ocrx_word' id='word_1_514' title='bbox 2664 3266 2771 3335; x_wconf 80' lang='grc' dir='ltr'>γὰρ</span> <span class='ocrx_word' id='word_1_515' title='bbox 2811 3266 3127 3334; x_wconf 75' lang='grc' dir='ltr'>χαίροντες,</span> <span class='ocrx_word' id='word_1_516' title='bbox 3163 3263 3257 3313; x_wconf 77' lang='grc' dir='ltr'>καὶ</span> <span class='ocrx_word' id='word_1_517' title='bbox 3295 3262 3407 3321; x_wconf 82' lang='grc' dir='ltr'>τοῖς</span> <span class='ocrx_word' id='word_1_518' title='bbox 3438 3259 3603 3328; x_wconf 76' lang='grc' dir='ltr'>ἱεροῖς</span> <span class='ocrx_word' id='word_1_519' title='bbox 3636 3258 3830 3322; x_wconf 69' lang='grc' dir='ltr'>ἐντρυο</span> 
     </span>
    </p>
   </div>
   <div class='ocr_carea' id='block_1_64' title="bbox 562 3346 2183 3426">
    <p class='ocr_par' dir='ltr' id='par_1_64' title="bbox 562 3348 2128 3421">
     <span class='ocr_line' id='line_1_64' title="bbox 562 3348 2128 3421; baseline 0.003 -22"><span class='ocrx_word' id='word_1_520' title='bbox 562 3349 615 3400; x_wconf 90' lang='lat' dir='ltr'><strong>in</strong></span> <span class='ocrx_word' id='word_1_521' title='bbox 648 3348 751 3401; x_wconf 92' lang='lat' dir='ltr'><strong>illis</strong></span> <span class='ocrx_word' id='word_1_522' title='bbox 797 3349 967 3417; x_wconf 79' lang='lat' dir='ltr'><strong>magis</strong></span> <span class='ocrx_word' id='word_1_523' title='bbox 999 3364 1158 3416; x_wconf 87' lang='lat' dir='ltr'><strong>quam</strong></span> <span class='ocrx_word' id='word_1_524' title='bbox 1198 3349 1250 3402; x_wconf 92' lang='lat' dir='ltr'><strong>in</strong></span> <span class='ocrx_word' id='word_1_525' title='bbox 1280 3349 1531 3403; x_wconf 89' lang='lat' dir='ltr'><strong>omnibus</strong></span> <span class='ocrx_word' id='word_1_526' title='bbox 1565 3349 1786 3407; x_wconf 88' lang='lat' dir='ltr'><strong>divitiis.</strong></span> <span class='ocrx_word' id='word_1_527' title='bbox 1820 3349 1955 3405; x_wconf 85' lang='lat' dir='ltr'><strong>Cum</strong></span> <span class='ocrx_word' id='word_1_528' title='bbox 1997 3367 2128 3421; x_wconf 80' lang='lat' dir='ltr'><strong>gau-</strong></span> 
     </span>
    </p>
   </div>
   <div class='ocr_carea' id='block_1_65' title="bbox 2205 3346 3826 3426">
    <p class='ocr_par' dir='ltr' id='par_1_65' title="bbox 2236 3346 3826 3426">
     <span class='ocr_line' id='line_1_65' title="bbox 2236 3346 3826 3426; baseline -0.01 -17"><span class='ocrx_word' id='word_1_529' title='bbox 2236 3358 2445 3426; x_wconf 72' lang='grc' dir='ltr'>ερῶντες</span> <span class='ocrx_word' id='word_1_530' title='bbox 2494 3357 2696 3423; x_wconf 87' lang='grc' dir='ltr'>λόγοις.</span> <span class='ocrx_word' id='word_1_531' title='bbox 2730 3356 2840 3407; x_wconf 79' lang='grc' dir='ltr'><strong>Καὶ</strong></span> <span class='ocrx_word' id='word_1_532' title='bbox 2885 3353 3016 3422; x_wconf 92' lang='grc' dir='ltr'>γοῦν</span> <span class='ocrx_word' id='word_1_533' title='bbox 3045 3355 3072 3406; x_wconf 83' lang='grc' dir='ltr'>ὁ</span> <span class='ocrx_word' id='word_1_534' title='bbox 3104 3352 3389 3411; x_wconf 79' lang='grc' dir='ltr'>Θεσπέσιος</span> <span class='ocrx_word' id='word_1_535' title='bbox 3439 3346 3605 3399; x_wconf 84' lang='grc' dir='ltr'>Δαϐίδ</span> <span class='ocrx_word' id='word_1_536' title='bbox 3625 3363 3640 3375; x_wconf 72' lang='grc' dir='ltr'><strong>ο</strong></span> <span class='ocrx_word' id='word_1_537' title='bbox 3689 3365 3709 3394; x_wconf 76' lang='grc' dir='ltr'><strong>ι</strong></span> <span class='ocrx_word' id='word_1_538' title='bbox 3735 3347 3826 3407; x_wconf 78' lang='grc' dir='ltr'>Ὠς</span> 
     </span>
    </p>
   </div>
   <div class='ocr_carea' id='block_1_66' title="bbox 564 3437 2185 3517">
    <p class='ocr_par' dir='ltr' id='par_1_66' title="bbox 564 3438 2126 3507">
     <span class='ocr_line' id='line_1_66' title="bbox 564 3438 2126 3507; baseline 0.004 -16"><span class='ocrx_word' id='word_1_539' title='bbox 564 3438 652 3492; x_wconf 90' lang='lat' dir='ltr'><strong>dio</strong></span> <span class='ocrx_word' id='word_1_540' title='bbox 668 3452 955 3491; x_wconf 84' lang='lat' dir='ltr'><strong>accurrere</strong></span> <span class='ocrx_word' id='word_1_541' title='bbox 979 3439 1200 3506; x_wconf 77' lang='lat' dir='ltr'><strong>intelligi</strong></span> <span class='ocrx_word' id='word_1_542' title='bbox 1221 3448 1509 3507; x_wconf 85' lang='lat' dir='ltr'><strong>possuntet</strong></span> <span class='ocrx_word' id='word_1_543' title='bbox 1524 3442 1702 3494; x_wconf 89' lang='lat' dir='ltr'><strong>aliter.</strong></span> <span class='ocrx_word' id='word_1_544' title='bbox 1725 3442 1961 3496; x_wconf 79' lang='lat' dir='ltr'><strong>Liberali</strong></span> <span class='ocrx_word' id='word_1_545' title='bbox 1984 3444 2126 3497; x_wconf 91' lang='lat' dir='ltr'><strong>enim</strong></span> 
     </span>
    </p>
   </div>
   <div class='ocr_carea' id='block_1_67' title="bbox 2201 3437 3822 3517">
    <p class='ocr_par' dir='ltr' id='par_1_67' title="bbox 2234 3437 3822 3517">
     <span class='ocr_line' id='line_1_67' title="bbox 2234 3437 3822 3517; baseline -0.01 -15"><span class='ocrx_word' id='word_1_546' title='bbox 2234 3449 2457 3517; x_wconf 81' lang='grc' dir='ltr'>γλυκέα,</span> <span class='ocrx_word' id='word_1_547' title='bbox 2490 3448 2644 3516; x_wconf 67' lang='grc' dir='ltr'>φησι,</span> <span class='ocrx_word' id='word_1_548' title='bbox 2677 3445 2756 3515; x_wconf 78' lang='grc' dir='ltr'>τῷ</span> <span class='ocrx_word' id='word_1_549' title='bbox 2792 3444 3027 3515; x_wconf 82' lang='grc' dir='ltr'>λάρυγγί</span> <span class='ocrx_word' id='word_1_550' title='bbox 3064 3461 3164 3514; x_wconf 88' lang='grc' dir='ltr'><strong>μου</strong></span> <span class='ocrx_word' id='word_1_551' title='bbox 3195 3443 3261 3496; x_wconf 73' lang='grc' dir='ltr'><strong>τὰ</strong></span> <span class='ocrx_word' id='word_1_552' title='bbox 3299 3441 3453 3507; x_wconf 87' lang='grc' dir='ltr'>λόγιά</span> <span class='ocrx_word' id='word_1_553' title='bbox 3503 3439 3639 3491; x_wconf 71' lang='grc' dir='ltr'>σουε</span> <span class='ocrx_word' id='word_1_554' title='bbox 3675 3437 3822 3505; x_wconf 72' lang='grc' dir='ltr'>ὑπὲρ</span> 
     </span>
    </p>
   </div>
   <div class='ocr_carea' id='block_1_68' title="bbox 563 3526 2184 3607">
    <p class='ocr_par' dir='ltr' id='par_1_68' title="bbox 563 3530 2129 3597">
     <span class='ocr_line' id='line_1_68' title="bbox 563 3530 2129 3597; baseline 0.003 -17"><span class='ocrx_word' id='word_1_555' title='bbox 563 3545 591 3580; x_wconf 86' lang='lat' dir='ltr'><strong>a</strong></span> <span class='ocrx_word' id='word_1_556' title='bbox 630 3530 856 3595; x_wconf 75' lang='lat' dir='ltr'><strong>pristino</strong></span> <span class='ocrx_word' id='word_1_557' title='bbox 883 3543 1087 3591; x_wconf 90' lang='lat' dir='ltr'><strong>errore,</strong></span> <span class='ocrx_word' id='word_1_558' title='bbox 1113 3530 1403 3597; x_wconf 80' lang='lat' dir='ltr'><strong>gaudentes</strong></span> <span class='ocrx_word' id='word_1_559' title='bbox 1428 3531 1763 3583; x_wconf 84' lang='lat' dir='ltr'><strong>vocationem</strong></span> <span class='ocrx_word' id='word_1_560' title='bbox 1795 3547 1823 3583; x_wconf 92' lang='lat' dir='ltr'><strong>a</strong></span> <span class='ocrx_word' id='word_1_561' title='bbox 1856 3531 1962 3585; x_wconf 87' lang='lat' dir='ltr'><strong>Deo</strong></span> <span class='ocrx_word' id='word_1_562' title='bbox 1990 3533 2129 3585; x_wconf 87' lang='lat' dir='ltr'><strong>arri-</strong></span> 
     </span>
    </p>
   </div>
   <div class='ocr_carea' id='block_1_69' title="bbox 2205 3526 3826 3607">
    <p class='ocr_par' dir='ltr' id='par_1_69' title="bbox 2233 3526 3826 3607">
     <span class='ocr_line' id='line_1_69' title="bbox 2233 3526 3826 3607; baseline -0.009 -17"><span class='ocrx_word' id='word_1_563' title='bbox 2233 3535 2360 3607; x_wconf 76' lang='grc' dir='ltr'>”μέλι</span> <span class='ocrx_word' id='word_1_564' title='bbox 2386 3537 2477 3589; x_wconf 66' lang='grc' dir='ltr'>καὶ</span> <span class='ocrx_word' id='word_1_565' title='bbox 2498 3536 2689 3607; x_wconf 82' lang='grc' dir='ltr'>κηρίον</span> <span class='ocrx_word' id='word_1_566' title='bbox 2714 3533 2793 3603; x_wconf 83' lang='grc' dir='ltr'>τῷ</span> <span class='ocrx_word' id='word_1_567' title='bbox 2820 3533 3046 3604; x_wconf 87' lang='grc' dir='ltr'>στόματί</span> <span class='ocrx_word' id='word_1_568' title='bbox 3073 3549 3196 3601; x_wconf 86' lang='grc' dir='ltr'>μου.</span> <span class='ocrx_word' id='word_1_569' title='bbox 3226 3551 3244 3582; x_wconf 73' lang='grc' dir='ltr'><strong>ι</strong></span> <span class='ocrx_word' id='word_1_570' title='bbox 3281 3530 3507 3601; x_wconf 86' lang='grc' dir='ltr'>Χαίρειν</span> <span class='ocrx_word' id='word_1_571' title='bbox 3534 3526 3592 3580; x_wconf 80' lang='grc' dir='ltr'>δὲ</span> <span class='ocrx_word' id='word_1_572' title='bbox 3619 3526 3826 3595; x_wconf 77' lang='grc' dir='ltr'>μᾶλλον</span> 
     </span>
    </p>
   </div>
   <div class='ocr_carea' id='block_1_70' title="bbox 564 3616 2185 3691">
    <p class='ocr_par' dir='ltr' id='par_1_70' title="bbox 564 3618 2128 3691">
     <span class='ocr_line' id='line_1_70' title="bbox 564 3618 2128 3691; baseline 0.006 -24"><span class='ocrx_word' id='word_1_573' title='bbox 564 3620 733 3685; x_wconf 77' lang='lat' dir='ltr'><strong>piunt.</strong></span> <span class='ocrx_word' id='word_1_574' title='bbox 765 3618 913 3684; x_wconf 83' lang='lat' dir='ltr'><strong>Quod</strong></span> <span class='ocrx_word' id='word_1_575' title='bbox 954 3634 1139 3671; x_wconf 87' lang='lat' dir='ltr'><strong>verum</strong></span> <span class='ocrx_word' id='word_1_576' title='bbox 1172 3633 1312 3677; x_wconf 82' lang='lat' dir='ltr'><strong>esse,</strong></span> <span class='ocrx_word' id='word_1_577' title='bbox 1338 3634 1401 3671; x_wconf 81' lang='lat' dir='ltr'><strong>ex</strong></span> <span class='ocrx_word' id='word_1_578' title='bbox 1425 3618 1556 3687; x_wconf 83' lang='lat' dir='ltr'><strong>ipsis</strong></span> <span class='ocrx_word' id='word_1_579' title='bbox 1594 3622 1753 3673; x_wconf 86' lang='lat' dir='ltr'><strong>rebus</strong></span> <span class='ocrx_word' id='word_1_580' title='bbox 1778 3620 1959 3691; x_wconf 86' lang='lat' dir='ltr'><strong>videre</strong></span> <span class='ocrx_word' id='word_1_581' title='bbox 1982 3621 2128 3676; x_wconf 88' lang='lat' dir='ltr'><strong>licet.</strong></span> 
     </span>
    </p>
   </div>
   <div class='ocr_carea' id='block_1_71' title="bbox 2204 3616 3825 3691">
    <p class='ocr_par' dir='ltr' id='par_1_71' title="bbox 2236 3616 3825 3691">
     <span class='ocr_line' id='line_1_71' title="bbox 2236 3616 3825 3691; baseline -0.008 -13"><span class='ocrx_word' id='word_1_582' title='bbox 2236 3624 2322 3678; x_wconf 80' lang='grc' dir='ltr'><strong>ἐπ’</strong></span> <span class='ocrx_word' id='word_1_583' title='bbox 2356 3624 2541 3687; x_wconf 87' lang='grc' dir='ltr'>αὐτοῖς</span> <span class='ocrx_word' id='word_1_584' title='bbox 2578 3622 2963 3684; x_wconf 90' lang='grc' dir='ltr'>διεϐεϐαιοῦτο,</span> <span class='ocrx_word' id='word_1_585' title='bbox 2995 3622 3090 3675; x_wconf 77' lang='grc' dir='ltr'>καὶ</span> <span class='ocrx_word' id='word_1_586' title='bbox 3123 3621 3265 3691; x_wconf 81' lang='grc' dir='ltr'>μάλα</span> <span class='ocrx_word' id='word_1_587' title='bbox 3292 3618 3579 3690; x_wconf 68' lang='grc' dir='ltr'>ἐμφρόνως</span> <span class='ocrx_word' id='word_1_588' title='bbox 3611 3618 3690 3679; x_wconf 80' lang='grc' dir='ltr'>ὡς</span> <span class='ocrx_word' id='word_1_589' title='bbox 3728 3616 3825 3669; x_wconf 76' lang='grc' dir='ltr'>ἐπὶ</span> 
     </span>
    </p>
   </div>
   <div class='ocr_carea' id='block_1_72' title="bbox 562 3690 3820 3783">
    <p class='ocr_par' dir='ltr' id='par_1_72' title="bbox 562 3690 3820 3783">
     <span class='ocr_line' id='line_1_72' title="bbox 562 3690 3820 3783; baseline 0.002 -22"><span class='ocrx_word' id='word_1_590' title='bbox 562 3708 723 3761; x_wconf 75' lang='grc' dir='ltr'>παντὶ</span> <span class='ocrx_word' id='word_1_591' title='bbox 752 3707 985 3777; x_wconf 73' lang='grc' dir='ltr'><strong>πλούτῳ⁸</strong></span> <span class='ocrx_word' id='word_1_592' title='bbox 1011 3710 1067 3760; x_wconf 85' lang='grc' dir='ltr'><strong>ὲν</strong></span> <span class='ocrx_word' id='word_1_593' title='bbox 1100 3710 1243 3779; x_wconf 84' lang='grc' dir='ltr'>χαρᾷ</span> <span class='ocrx_word' id='word_1_594' title='bbox 1266 3708 1321 3760; x_wconf 83' lang='grc' dir='ltr'>δὲ</span> <span class='ocrx_word' id='word_1_595' title='bbox 1349 3708 1441 3760; x_wconf 79' lang='grc' dir='ltr'>καὶ</span> <span class='ocrx_word' id='word_1_596' title='bbox 1470 3709 1668 3779; x_wconf 79' lang='grc' dir='ltr'>ἑτέρως</span> <span class='ocrx_word' id='word_1_597' title='bbox 1696 3690 1935 3779; x_wconf 77' lang='grc' dir='ltr'>νοηθεῖεν</span> <span class='ocrx_word' id='word_1_598' title='bbox 1974 3710 2040 3763; x_wconf 83' lang='grc' dir='ltr'>ἂν</span> <span class='ocrx_word' id='word_1_599' title='bbox 2097 3713 2464 3783; x_wconf 56' lang='grc' dir='ltr'>ἐκτρέχοντες</span> <span class='ocrx_word' id='word_1_600' title='bbox 2505 3712 2966 3782; x_wconf 83' lang='grc' dir='ltr'>ἀπαλλαττόμενοι</span> <span class='ocrx_word' id='word_1_601' title='bbox 3010 3711 3118 3781; x_wconf 83' lang='grc' dir='ltr'><strong>γὰρ</strong></span> <span class='ocrx_word' id='word_1_602' title='bbox 3166 3711 3266 3779; x_wconf 81' lang='grc' dir='ltr'>τῆς</span> <span class='ocrx_word' id='word_1_603' title='bbox 3316 3709 3546 3779; x_wconf 76' lang='grc' dir='ltr'>ἀρχαίας</span> <span class='ocrx_word' id='word_1_604' title='bbox 3573 3708 3820 3779; x_wconf 68' lang='grc' dir='ltr'>ἀπάτης.</span> 
     </span>
    </p>
   </div>
   <div class='ocr_carea' id='block_1_73' title="bbox 563 3786 3822 3877">
    <p class='ocr_par' dir='ltr' id='par_1_73' title="bbox 563 3786 3822 3877">
     <span class='ocr_line' id='line_1_73' title="bbox 563 3786 3822 3877; baseline 0 -25"><span class='ocrx_word' id='word_1_605' title='bbox 563 3799 864 3871; x_wconf 68' lang='grc' dir='ltr'>ἁρπάζουσι</span> <span class='ocrx_word' id='word_1_606' title='bbox 906 3801 1186 3871; x_wconf 84' lang='grc' dir='ltr'>χαίροντες</span> <span class='ocrx_word' id='word_1_607' title='bbox 1218 3800 1316 3871; x_wconf 80' lang='grc' dir='ltr'>τὴν</span> <span class='ocrx_word' id='word_1_608' title='bbox 1358 3801 1507 3871; x_wconf 86' lang='grc' dir='ltr'><strong>παρά</strong></span> <span class='ocrx_word' id='word_1_609' title='bbox 1529 3801 1663 3854; x_wconf 88' lang='grc' dir='ltr'>Θεοῦ</span> <span class='ocrx_word' id='word_1_610' title='bbox 1713 3802 1929 3873; x_wconf 80' lang='grc' dir='ltr'>κλῆσιν,</span> <span class='ocrx_word' id='word_1_611' title='bbox 1972 3807 2065 3858; x_wconf 77' lang='grc' dir='ltr'><strong>και</strong></span> <span class='ocrx_word' id='word_1_612' title='bbox 2115 3786 2313 3877; x_wconf 74' lang='grc' dir='ltr'>ἀληύὲξ</span> <span class='ocrx_word' id='word_1_613' title='bbox 2344 3807 2504 3861; x_wconf 89' lang='grc' dir='ltr'>τοῦτο</span> <span class='ocrx_word' id='word_1_614' title='bbox 2532 3806 2776 3875; x_wconf 80' lang='grc' dir='ltr'>ὑπάρχον</span> <span class='ocrx_word' id='word_1_615' title='bbox 2820 3805 2879 3871; x_wconf 84' lang='grc' dir='ltr'>ἐξ</span> <span class='ocrx_word' id='word_1_616' title='bbox 2918 3804 3095 3857; x_wconf 84' lang='grc' dir='ltr'>αὐτῶν</span> <span class='ocrx_word' id='word_1_617' title='bbox 3129 3803 3304 3855; x_wconf 71' lang='grc' dir='ltr'>ἔνεστι</span> <span class='ocrx_word' id='word_1_618' title='bbox 3335 3801 3442 3854; x_wconf 80' lang='grc' dir='ltr'>τῶν</span> <span class='ocrx_word' id='word_1_619' title='bbox 3474 3802 3822 3871; x_wconf 70' lang='grc' dir='ltr'>πραγμάτων</span> 
     </span>
    </p>
   </div>
   <div class='ocr_carea' id='block_1_74' title="bbox 564 3891 707 3945">
    <p class='ocr_par' dir='ltr' id='par_1_74' title="bbox 564 3891 707 3945">
     <span class='ocr_line' id='line_1_74' title="bbox 564 3891 707 3945; baseline -0.007 -1"><span class='ocrx_word' id='word_1_620' title='bbox 564 3891 707 3945; x_wconf 76' lang='grc' dir='ltr'>ἰδεῖν.</span> 
     </span>
    </p>
   </div>
   <div class='ocr_carea' id='block_1_75' title="bbox 640 3983 2261 4059">
    <p class='ocr_par' dir='ltr' id='par_1_75' title="bbox 640 3985 2130 4059">
     <span class='ocr_line' id='line_1_75' title="bbox 640 3985 2130 4059; baseline 0.004 -20"><span class='ocrx_word' id='word_1_621' title='bbox 640 3985 799 4041; x_wconf 79' lang='lat' dir='ltr'><strong>Vens.</strong></span> <span class='ocrx_word' id='word_1_622' title='bbox 834 3985 919 4039; x_wconf 81' lang='grc' dir='ltr'><strong>Η.</strong></span> <span class='ocrx_word' id='word_1_623' title='bbox 965 3985 1169 4041; x_wconf 83' lang='lat' dir='ltr'><strong>Montes</strong></span> <span class='ocrx_word' id='word_1_624' title='bbox 1200 3987 1336 4039; x_wconf 87' lang='lat' dir='ltr'><strong>enim</strong></span> <span class='ocrx_word' id='word_1_625' title='bbox 1377 3998 1423 4040; x_wconf 82' lang='lat' dir='ltr'><strong>et</strong></span> <span class='ocrx_word' id='word_1_626' title='bbox 1454 3987 1607 4040; x_wconf 78' lang='lat' dir='ltr'><strong>colles</strong></span> <span class='ocrx_word' id='word_1_627' title='bbox 1639 3988 1904 4053; x_wconf 78' lang='lat' dir='ltr'><strong>exsilient,</strong></span> <span class='ocrx_word' id='word_1_628' title='bbox 1948 4005 2130 4059; x_wconf 75' lang='lat' dir='ltr'><strong>exspe-</strong></span> 
     </span>
    </p>
   </div>
   <div class='ocr_carea' id='block_1_76' title="bbox 2202 3983 3823 4059">
    <p class='ocr_par' dir='ltr' id='par_1_76' title="bbox 2314 3983 3823 4058">
     <span class='ocr_line' id='line_1_76' title="bbox 2314 3983 3823 4058; baseline -0.005 -13"><span class='ocrx_word' id='word_1_629' title='bbox 2314 3991 2392 4045; x_wconf 82' lang='grc' dir='ltr'><em>Τὰ</em></span> <span class='ocrx_word' id='word_1_630' title='bbox 2418 3991 2530 4058; x_wconf 78' lang='grc' dir='ltr'><strong>γὰρ</strong></span> <span class='ocrx_word' id='word_1_631' title='bbox 2560 3990 2666 4058; x_wconf 83' lang='grc' dir='ltr'><strong>ὅρη</strong></span> <span class='ocrx_word' id='word_1_632' title='bbox 2704 3988 2803 4040; x_wconf 79' lang='grc' dir='ltr'>καὶ</span> <span class='ocrx_word' id='word_1_633' title='bbox 2837 3986 3122 4051; x_wconf 69' lang='grc' dir='ltr'>οἰβουνοὶ</span> <span class='ocrx_word' id='word_1_634' title='bbox 3163 3984 3523 4048; x_wconf 70' lang='grc' dir='ltr'>ἐξαλοῦνται</span> <span class='ocrx_word' id='word_1_635' title='bbox 3560 3983 3823 4051; x_wconf 57' lang='grc' dir='ltr'>προσθε-</span> 
     </span>
    </p>
   </div>
   <div class='ocr_carea' id='block_1_77' title="bbox 562 4073 2183 4152">
    <p class='ocr_par' dir='ltr' id='par_1_77' title="bbox 562 4078 2132 4150">
     <span class='ocr_line' id='line_1_77' title="bbox 562 4078 2132 4150; baseline 0.005 -23"><span class='ocrx_word' id='word_1_636' title='bbox 562 4085 763 4127; x_wconf 84' lang='lat' dir='ltr'><strong>ctantes</strong></span> <span class='ocrx_word' id='word_1_637' title='bbox 791 4091 879 4128; x_wconf 83' lang='lat' dir='ltr'><strong>vos</strong></span> <span class='ocrx_word' id='word_1_638' title='bbox 910 4092 1027 4127; x_wconf 88' lang='lat' dir='ltr'><strong>cum</strong></span> <span class='ocrx_word' id='word_1_639' title='bbox 1062 4078 1278 4145; x_wconf 84' lang='lat' dir='ltr'><strong>gaudio,</strong></span> <span class='ocrx_word' id='word_1_640' title='bbox 1303 4088 1353 4130; x_wconf 69' lang='lat' dir='ltr'><strong>et</strong></span> <span class='ocrx_word' id='word_1_641' title='bbox 1392 4080 1567 4131; x_wconf 83' lang='lat' dir='ltr'><strong>omnia</strong></span> <span class='ocrx_word' id='word_1_642' title='bbox 1596 4078 1738 4147; x_wconf 81' lang='lat' dir='ltr'><strong>ligna</strong></span> <span class='ocrx_word' id='word_1_643' title='bbox 1766 4081 1882 4150; x_wconf 82' lang='lat' dir='ltr'><strong>agri</strong></span> <span class='ocrx_word' id='word_1_644' title='bbox 1917 4081 2132 4149; x_wconf 74' lang='lat' dir='ltr'><strong>applau-</strong></span> 
     </span>
    </p>
   </div>
   <div class='ocr_carea' id='block_1_78' title="bbox 2202 4073 3823 4152">
    <p class='ocr_par' dir='ltr' id='par_1_78' title="bbox 2238 4073 3823 4152">
     <span class='ocr_line' id='line_1_78' title="bbox 2238 4073 3823 4152; baseline -0.005 -17"><span class='ocrx_word' id='word_1_645' title='bbox 2238 4084 2462 4152; x_wconf 76' lang='grc' dir='ltr'>χόμενα</span> <span class='ocrx_word' id='word_1_646' title='bbox 2516 4078 2669 4148; x_wconf 82' lang='grc' dir='ltr'>ὑμᾶς</span> <span class='ocrx_word' id='word_1_647' title='bbox 2714 4079 2785 4131; x_wconf 84' lang='grc' dir='ltr'>ἐν</span> <span class='ocrx_word' id='word_1_648' title='bbox 2830 4075 3005 4147; x_wconf 81' lang='grc' dir='ltr'>χαρᾷ,</span> <span class='ocrx_word' id='word_1_649' title='bbox 3038 4077 3136 4130; x_wconf 74' lang='grc' dir='ltr'>καὶ</span> <span class='ocrx_word' id='word_1_650' title='bbox 3178 4074 3375 4129; x_wconf 78' lang='grc' dir='ltr'>πάντα</span> <span class='ocrx_word' id='word_1_651' title='bbox 3408 4075 3479 4127; x_wconf 80' lang='grc' dir='ltr'>τὰ</span> <span class='ocrx_word' id='word_1_652' title='bbox 3520 4074 3682 4137; x_wconf 79' lang='grc' dir='ltr'>ξύλα</span> <span class='ocrx_word' id='word_1_653' title='bbox 3720 4073 3823 4127; x_wconf 80' lang='grc' dir='ltr'><strong>τοῦ</strong></span> 
     </span>
    </p>
   </div>
   <div class='ocr_carea' id='block_1_79' title="bbox 562 4163 2183 4241">
    <p class='ocr_par' dir='ltr' id='par_1_79' title="bbox 562 4167 2132 4239">
     <span class='ocr_line' id='line_1_79' title="bbox 562 4167 2132 4239; baseline 0.004 -20"><span class='ocrx_word' id='word_1_654' title='bbox 562 4170 683 4220; x_wconf 81' lang='lat' dir='ltr'><strong>deut</strong></span> <span class='ocrx_word' id='word_1_655' title='bbox 709 4170 890 4220; x_wconf 83' lang='lat' dir='ltr'><strong>ramis.</strong></span> <span class='ocrx_word' id='word_1_656' title='bbox 941 4167 1007 4219; x_wconf 80' lang='lat' dir='ltr'><strong>Et</strong></span> <span class='ocrx_word' id='word_1_657' title='bbox 1042 4184 1135 4236; x_wconf 89' lang='lat' dir='ltr'><strong>pro</strong></span> <span class='ocrx_word' id='word_1_658' title='bbox 1176 4168 1336 4221; x_wconf 72' lang='lat' dir='ltr'><strong>staeba</strong></span> <span class='ocrx_word' id='word_1_659' title='bbox 1380 4179 1665 4222; x_wconf 84' lang='lat' dir='ltr'><strong>succrescet</strong></span> <span class='ocrx_word' id='word_1_660' title='bbox 1703 4173 2025 4239; x_wconf 73' lang='lat' dir='ltr'><strong>cyparissus,</strong></span> <span class='ocrx_word' id='word_1_661' title='bbox 2084 4183 2132 4225; x_wconf 81' lang='lat' dir='ltr'><strong>et</strong></span> 
     </span>
    </p>
   </div>
   <div class='ocr_carea' id='block_1_80' title="bbox 2201 4163 3822 4241">
    <p class='ocr_par' dir='ltr' id='par_1_80' title="bbox 2238 4163 3822 4241">
     <span class='ocr_line' id='line_1_80' title="bbox 2238 4163 3822 4241; baseline -0.006 -15"><span class='ocrx_word' id='word_1_662' title='bbox 2238 4172 2421 4241; x_wconf 74' lang='grc' dir='ltr'>ἀγροῦ</span> <span class='ocrx_word' id='word_1_663' title='bbox 2468 4172 2848 4238; x_wconf 76' lang='grc' dir='ltr'>ἐπικροτήσει</span> <span class='ocrx_word' id='word_1_664' title='bbox 2892 4168 3016 4233; x_wconf 83' lang='grc' dir='ltr'>τοῖς</span> <span class='ocrx_word' id='word_1_665' title='bbox 3074 4166 3341 4231; x_wconf 78' lang='grc' dir='ltr'>κλάδοις,</span> <span class='ocrx_word' id='word_1_666' title='bbox 3382 4166 3482 4217; x_wconf 77' lang='grc' dir='ltr'>καὶ</span> <span class='ocrx_word' id='word_1_667' title='bbox 3534 4166 3674 4219; x_wconf 81' lang='grc' dir='ltr'>ἀντι</span> <span class='ocrx_word' id='word_1_668' title='bbox 3715 4163 3822 4230; x_wconf 77' lang='grc' dir='ltr'>τῆς</span> 
     </span>
    </p>
   </div>
   <div class='ocr_carea' id='block_1_81' title="bbox 563 4252 2184 4329">
    <p class='ocr_par' dir='ltr' id='par_1_81' title="bbox 563 4259 2133 4328">
     <span class='ocr_line' id='line_1_81' title="bbox 563 4259 2133 4328; baseline 0.006 -20"><span class='ocrx_word' id='word_1_669' title='bbox 563 4275 658 4325; x_wconf 87' lang='lat' dir='ltr'><strong>pro</strong></span> <span class='ocrx_word' id='word_1_670' title='bbox 711 4275 906 4328; x_wconf 74' lang='lat' dir='ltr'><strong>conyza</strong></span> <span class='ocrx_word' id='word_1_671' title='bbox 964 4269 1157 4312; x_wconf 78' lang='lat' dir='ltr'><strong>crescet</strong></span> <span class='ocrx_word' id='word_1_672' title='bbox 1212 4270 1431 4328; x_wconf 79' lang='lat' dir='ltr'><strong>myrtus.</strong></span> <span class='ocrx_word' id='word_1_673' title='bbox 1500 4259 1565 4311; x_wconf 81' lang='lat' dir='ltr'><strong>Et</strong></span> <span class='ocrx_word' id='word_1_674' title='bbox 1613 4263 1709 4313; x_wconf 80' lang='lat' dir='ltr'><strong>erit</strong></span> <span class='ocrx_word' id='word_1_675' title='bbox 1766 4261 2017 4317; x_wconf 82' lang='lat' dir='ltr'><strong>Dominus</strong></span> <span class='ocrx_word' id='word_1_676' title='bbox 2080 4265 2133 4317; x_wconf 88' lang='lat' dir='ltr'><strong>in</strong></span> 
     </span>
    </p>
   </div>
   <div class='ocr_carea' id='block_1_82' title="bbox 2200 4252 3821 4329">
    <p class='ocr_par' dir='ltr' id='par_1_82' title="bbox 2238 4252 3821 4329">
     <span class='ocr_line' id='line_1_82' title="bbox 2238 4252 3821 4329; baseline -0.008 -13"><span class='ocrx_word' id='word_1_677' title='bbox 2238 4261 2487 4329; x_wconf 80' lang='grc' dir='ltr'>στοιϐἦς</span> <span class='ocrx_word' id='word_1_678' title='bbox 2510 4261 2875 4326; x_wconf 76' lang='grc' dir='ltr'>ἀναϐήσεται</span> <span class='ocrx_word' id='word_1_679' title='bbox 2916 4257 3319 4326; x_wconf 76' lang='grc' dir='ltr'>κυπάρισσος,</span> <span class='ocrx_word' id='word_1_680' title='bbox 3341 4254 3476 4308; x_wconf 76' lang='grc' dir='ltr'>ἀντὶ</span> <span class='ocrx_word' id='word_1_681' title='bbox 3500 4252 3571 4305; x_wconf 80' lang='grc' dir='ltr'>δὲ</span> <span class='ocrx_word' id='word_1_682' title='bbox 3594 4252 3709 4319; x_wconf 81' lang='grc' dir='ltr'>τῆς</span> <span class='ocrx_word' id='word_1_683' title='bbox 3735 4270 3821 4304; x_wconf 81' lang='grc' dir='ltr'>κο-</span> 
     </span>
    </p>
   </div>
   <div class='ocr_carea' id='block_1_83' title="bbox 566 4346 2187 4420">
    <p class='ocr_par' dir='ltr' id='par_1_83' title="bbox 566 4351 1927 4420">
     <span class='ocr_line' id='line_1_83' title="bbox 566 4351 1927 4420; baseline 0.004 -19"><span class='ocrx_word' id='word_1_684' title='bbox 566 4366 773 4414; x_wconf 82' lang='lat' dir='ltr'><strong>nomen,</strong></span> <span class='ocrx_word' id='word_1_685' title='bbox 807 4361 855 4403; x_wconf 86' lang='lat' dir='ltr'><strong>et</strong></span> <span class='ocrx_word' id='word_1_686' title='bbox 884 4351 1155 4419; x_wconf 77' lang='lat' dir='ltr'><strong>insignum</strong></span> <span class='ocrx_word' id='word_1_687' title='bbox 1187 4358 1458 4414; x_wconf 70' lang='lat' dir='ltr'><strong>a&#39;ternum,</strong></span> <span class='ocrx_word' id='word_1_688' title='bbox 1487 4361 1533 4403; x_wconf 86' lang='lat' dir='ltr'><strong>et</strong></span> <span class='ocrx_word' id='word_1_689' title='bbox 1569 4368 1671 4404; x_wconf 85' lang='lat' dir='ltr'><strong>non</strong></span> <span class='ocrx_word' id='word_1_690' title='bbox 1701 4353 1927 4420; x_wconf 68' lang='lat' dir='ltr'><strong>deﬁciet.</strong></span> 
     </span>
    </p>
   </div>
   <div class='ocr_carea' id='block_1_84' title="bbox 2199 4346 3820 4420">
    <p class='ocr_par' dir='ltr' id='par_1_84' title="bbox 2239 4346 3820 4420">
     <span class='ocr_line' id='line_1_84' title="bbox 2239 4346 3820 4420; baseline -0.008 -13"><span class='ocrx_word' id='word_1_691' title='bbox 2239 4353 2418 4419; x_wconf 64' lang='grc' dir='ltr'>νύζτης</span> <span class='ocrx_word' id='word_1_692' title='bbox 2446 4352 2813 4420; x_wconf 77' lang='grc' dir='ltr'>ἀναϐήσεται</span> <span class='ocrx_word' id='word_1_693' title='bbox 2830 4350 3117 4419; x_wconf 70' lang='grc' dir='ltr'>μυρσίνη.</span> <span class='ocrx_word' id='word_1_694' title='bbox 3151 4349 3259 4401; x_wconf 75' lang='grc' dir='ltr'><strong>Καὶ</strong></span> <span class='ocrx_word' id='word_1_695' title='bbox 3288 4348 3459 4401; x_wconf 77' lang='grc' dir='ltr'>ἔσται</span> <span class='ocrx_word' id='word_1_696' title='bbox 3493 4346 3714 4411; x_wconf 78' lang='grc' dir='ltr'>Κύριος</span> <span class='ocrx_word' id='word_1_697' title='bbox 3738 4347 3820 4407; x_wconf 79' lang='grc' dir='ltr'><strong>εις</strong></span> 
     </span>
    </p>
   </div>
   <div class='ocr_carea' id='block_1_85' title="bbox 2163 4436 3816 4535">
    <p class='ocr_par' dir='ltr' id='par_1_85' title="bbox 2163 4436 3816 4535">
     <span class='ocr_line' id='line_1_85' title="bbox 2163 4436 3816 4535; baseline -0.004 -41"><span class='ocrx_word' id='word_1_698' title='bbox 2163 4478 2211 4535; x_wconf 71' lang='grc'><strong>1)</strong></span> <span class='ocrx_word' id='word_1_699' title='bbox 2242 4444 2447 4512; x_wconf 81' lang='grc' dir='ltr'>ὄνομα,</span> <span class='ocrx_word' id='word_1_700' title='bbox 2477 4443 2575 4495; x_wconf 81' lang='grc' dir='ltr'>καὶ</span> <span class='ocrx_word' id='word_1_701' title='bbox 2597 4445 2683 4507; x_wconf 78' lang='grc' dir='ltr'><strong>είς</strong></span> <span class='ocrx_word' id='word_1_702' title='bbox 2706 4441 2958 4509; x_wconf 77' lang='grc' dir='ltr'>σημεῖον</span> <span class='ocrx_word' id='word_1_703' title='bbox 2978 4440 3235 4500; x_wconf 74' lang='grc' dir='ltr'>αἰώνιον,</span> <span class='ocrx_word' id='word_1_704' title='bbox 3261 4436 3355 4490; x_wconf 72' lang='grc' dir='ltr'>καὶ</span> <span class='ocrx_word' id='word_1_705' title='bbox 3380 4439 3492 4535; x_wconf 56' lang='grc' dir='ltr'><strong>οὐκ</strong></span> <span class='ocrx_word' id='word_1_706' title='bbox 3526 4437 3816 4535; x_wconf 42' lang='lat' dir='ltr'><strong>Mdg-2:.</strong></span> 
     </span>
    </p>
   </div>
   <div class='ocr_carea' id='block_1_86' title="bbox 635 4526 2256 4604">
    <p class='ocr_par' dir='ltr' id='par_1_86' title="bbox 635 4526 2206 4598">
     <span class='ocr_line' id='line_1_86' title="bbox 635 4526 2206 4598; baseline 0.003 -18"><span class='ocrx_word' id='word_1_707' title='bbox 635 4527 843 4582; x_wconf 84' lang='lat' dir='ltr'><strong>Montes</strong></span> <span class='ocrx_word' id='word_1_708' title='bbox 876 4529 960 4583; x_wconf 90' lang='lat' dir='ltr'><strong>bic</strong></span> <span class='ocrx_word' id='word_1_709' title='bbox 1002 4528 1135 4582; x_wconf 87' lang='lat' dir='ltr'><strong>dicit</strong></span> <span class='ocrx_word' id='word_1_710' title='bbox 1162 4543 1385 4598; x_wconf 90' lang='lat' dir='ltr'><strong>superas</strong></span> <span class='ocrx_word' id='word_1_711' title='bbox 1419 4540 1473 4582; x_wconf 89' lang='lat' dir='ltr'><strong>et</strong></span> <span class='ocrx_word' id='word_1_712' title='bbox 1514 4529 1764 4584; x_wconf 79' lang='lat' dir='ltr'><strong>caelestes</strong></span> <span class='ocrx_word' id='word_1_713' title='bbox 1818 4539 2133 4598; x_wconf 86' lang='lat' dir='ltr'><strong>potestates,</strong></span> <span class='ocrx_word' id='word_1_714' title='bbox 2167 4526 2206 4535; x_wconf 77' lang='lat'>&quot;</span> 
     </span>
    </p>
   </div>
   <div class='ocr_carea' id='block_1_87' title="bbox 2198 4526 3819 4604">
    <p class='ocr_par' dir='ltr' id='par_1_87' title="bbox 2198 4526 3819 4604">
     <span class='ocr_line' id='line_1_87' title="bbox 2198 4526 3819 4604; baseline -0.009 -16"><span class='ocrx_word' id='word_1_715' title='bbox 2198 4526 2206 4533; x_wconf 27' lang='lat'><em>7</em></span> <span class='ocrx_word' id='word_1_716' title='bbox 2314 4538 2451 4604; x_wconf 76' lang='grc' dir='ltr'><strong>ὐρη</strong></span> <span class='ocrx_word' id='word_1_717' title='bbox 2477 4534 2640 4601; x_wconf 71' lang='grc' dir='ltr'>φησιν</span> <span class='ocrx_word' id='word_1_718' title='bbox 2666 4534 2725 4585; x_wconf 88' lang='grc' dir='ltr'><strong>ἐν</strong></span> <span class='ocrx_word' id='word_1_719' title='bbox 2753 4530 2962 4588; x_wconf 83' lang='grc' dir='ltr'>τούτοις</span> <span class='ocrx_word' id='word_1_720' title='bbox 2988 4531 3126 4599; x_wconf 86' lang='grc' dir='ltr'>τάχα</span> <span class='ocrx_word' id='word_1_721' title='bbox 3157 4546 3259 4580; x_wconf 87' lang='grc' dir='ltr'><strong>που</strong></span> <span class='ocrx_word' id='word_1_722' title='bbox 3292 4527 3392 4589; x_wconf 74' lang='grc' dir='ltr'>τὰς</span> <span class='ocrx_word' id='word_1_723' title='bbox 3421 4526 3534 4580; x_wconf 79' lang='grc' dir='ltr'><strong>ἅνω</strong></span> <span class='ocrx_word' id='word_1_724' title='bbox 3552 4543 3611 4578; x_wconf 89' lang='grc' dir='ltr'><strong>τε</strong></span> <span class='ocrx_word' id='word_1_725' title='bbox 3631 4527 3726 4577; x_wconf 75' lang='grc' dir='ltr'>καὶ</span> <span class='ocrx_word' id='word_1_726' title='bbox 3763 4527 3819 4575; x_wconf 76' lang='grc' dir='ltr'>ἓν</span> 
     </span>
    </p>
   </div>
   <div class='ocr_carea' id='block_1_88' title="bbox 563 4615 2184 4695">
    <p class='ocr_par' dir='ltr' id='par_1_88' title="bbox 563 4618 2133 4687">
     <span class='ocr_line' id='line_1_88' title="bbox 563 4618 2133 4687; baseline 0.004 -18"><span class='ocrx_word' id='word_1_727' title='bbox 563 4634 681 4687; x_wconf 69' lang='lat' dir='ltr'><strong>quae</strong></span> <span class='ocrx_word' id='word_1_728' title='bbox 702 4635 729 4672; x_wconf 90' lang='lat' dir='ltr'><strong>a</strong></span> <span class='ocrx_word' id='word_1_729' title='bbox 765 4618 871 4675; x_wconf 86' lang='lat' dir='ltr'><strong>Deo</strong></span> <span class='ocrx_word' id='word_1_730' title='bbox 904 4620 1208 4673; x_wconf 83' lang='lat' dir='ltr'><strong>constitutae</strong></span> <span class='ocrx_word' id='word_1_731' title='bbox 1240 4629 1363 4674; x_wconf 86' lang='lat' dir='ltr'><strong>sunt</strong></span> <span class='ocrx_word' id='word_1_732' title='bbox 1396 4620 1447 4673; x_wconf 92' lang='lat' dir='ltr'><strong>in</strong></span> <span class='ocrx_word' id='word_1_733' title='bbox 1480 4621 1780 4675; x_wconf 88' lang='lat' dir='ltr'><strong>subsidium</strong></span> <span class='ocrx_word' id='word_1_734' title='bbox 1806 4622 2133 4676; x_wconf 90' lang='lat' dir='ltr'><strong>mortalium.</strong></span> 
     </span>
    </p>
   </div>
   <div class='ocr_carea' id='block_1_89' title="bbox 2197 4615 3818 4695">
    <p class='ocr_par' dir='ltr' id='par_1_89' title="bbox 2235 4615 3818 4695">
     <span class='ocr_line' id='line_1_89' title="bbox 2235 4615 3818 4695; baseline -0.008 -17"><span class='ocrx_word' id='word_1_735' title='bbox 2235 4624 2448 4695; x_wconf 79' lang='grc' dir='ltr'>οὐρανῷ</span> <span class='ocrx_word' id='word_1_736' title='bbox 2490 4623 2746 4693; x_wconf 81' lang='grc' dir='ltr'>δυνάμεις</span> <span class='ocrx_word' id='word_1_737' title='bbox 2769 4660 2784 4686; x_wconf 93' lang='grc'><strong>,</strong></span> <span class='ocrx_word' id='word_1_738' title='bbox 2823 4622 2879 4675; x_wconf 79' lang='grc' dir='ltr'>αἲ</span> <span class='ocrx_word' id='word_1_739' title='bbox 2928 4620 2989 4689; x_wconf 82' lang='grc' dir='ltr'>δὴ</span> <span class='ocrx_word' id='word_1_740' title='bbox 3022 4620 3115 4673; x_wconf 74' lang='grc' dir='ltr'>καὶ</span> <span class='ocrx_word' id='word_1_741' title='bbox 3152 4618 3443 4687; x_wconf 83' lang='grc' dir='ltr'>τετάχαται</span> <span class='ocrx_word' id='word_1_742' title='bbox 3490 4617 3643 4685; x_wconf 77' lang='grc' dir='ltr'>παρὰ</span> <span class='ocrx_word' id='word_1_743' title='bbox 3685 4615 3818 4666; x_wconf 83' lang='grc' dir='ltr'><strong>Θεοῦ</strong></span> 
     </span>
    </p>
   </div>
   <div class='ocr_carea' id='block_1_90' title="bbox 566 4708 2187 4787">
    <p class='ocr_par' dir='ltr' id='par_1_90' title="bbox 566 4708 2133 4780">
     <span class='ocr_line' id='line_1_90' title="bbox 566 4708 2133 4780; baseline 0.001 -18"><span class='ocrx_word' id='word_1_744' title='bbox 566 4708 703 4762; x_wconf 83' lang='lat' dir='ltr'><strong>Sunt</strong></span> <span class='ocrx_word' id='word_1_745' title='bbox 728 4710 869 4762; x_wconf 89' lang='lat' dir='ltr'><strong>enim</strong></span> <span class='ocrx_word' id='word_1_746' title='bbox 936 4709 1160 4777; x_wconf 88' lang='lat' dir='ltr'><strong>spiritus</strong></span> <span class='ocrx_word' id='word_1_747' title='bbox 1200 4709 1529 4772; x_wconf 88' lang='lat' dir='ltr'><strong>administri,</strong></span> <span class='ocrx_word' id='word_1_748' title='bbox 1597 4710 1690 4779; x_wconf 90' lang='lat' dir='ltr'><strong>qui</strong></span> <span class='ocrx_word' id='word_1_749' title='bbox 1750 4711 2000 4780; x_wconf 81' lang='lat' dir='ltr'><strong>legantur</strong></span> <span class='ocrx_word' id='word_1_750' title='bbox 2067 4712 2133 4765; x_wconf 84' lang='lat' dir='ltr'><strong>ad</strong></span> 
     </span>
    </p>
   </div>
   <div class='ocr_carea' id='block_1_91' title="bbox 2196 4708 3817 4787">
    <p class='ocr_par' dir='ltr' id='par_1_91' title="bbox 2237 4709 3817 4787">
     <span class='ocr_line' id='line_1_91' title="bbox 2237 4709 3817 4787; baseline -0.008 -17"><span class='ocrx_word' id='word_1_751' title='bbox 2237 4718 2374 4787; x_wconf 75' lang='grc' dir='ltr'>πρὸς</span> <span class='ocrx_word' id='word_1_752' title='bbox 2412 4716 2727 4786; x_wconf 77' lang='grc' dir='ltr'>ἐπικουρίαν</span> <span class='ocrx_word' id='word_1_753' title='bbox 2750 4714 2857 4767; x_wconf 86' lang='grc' dir='ltr'>τῶν</span> <span class='ocrx_word' id='word_1_754' title='bbox 2879 4714 2971 4766; x_wconf 73' lang='grc' dir='ltr'>ἐπὶ</span> <span class='ocrx_word' id='word_1_755' title='bbox 2993 4713 3093 4781; x_wconf 78' lang='grc' dir='ltr'>τῆς</span> <span class='ocrx_word' id='word_1_756' title='bbox 3118 4712 3240 4782; x_wconf 81' lang='grc' dir='ltr'>γῆς.</span> <span class='ocrx_word' id='word_1_757' title='bbox 3263 4710 3403 4763; x_wconf 88' lang='grc' dir='ltr'>Πνεύ</span> <span class='ocrx_word' id='word_1_758' title='bbox 3411 4727 3556 4779; x_wconf 84' lang='grc' dir='ltr'>ματα</span> <span class='ocrx_word' id='word_1_759' title='bbox 3584 4709 3693 4777; x_wconf 77' lang='grc' dir='ltr'>γάρ</span> <span class='ocrx_word' id='word_1_760' title='bbox 3712 4709 3817 4759; x_wconf 77' lang='grc' dir='ltr'>εἰσι</span> 
     </span>
    </p>
   </div>
   <div class='ocr_carea' id='block_1_92' title="bbox 566 4799 2187 4879">
    <p class='ocr_par' dir='ltr' id='par_1_92' title="bbox 566 4800 2134 4871">
     <span class='ocr_line' id='line_1_92' title="bbox 566 4800 2134 4871; baseline 0 -17"><span class='ocrx_word' id='word_1_761' title='bbox 566 4802 947 4865; x_wconf 85' lang='lat' dir='ltr'><strong>ministerium,</strong></span> <span class='ocrx_word' id='word_1_762' title='bbox 978 4810 1196 4869; x_wconf 85' lang='lat' dir='ltr'><strong>propter</strong></span> <span class='ocrx_word' id='word_1_763' title='bbox 1227 4815 1320 4855; x_wconf 87' lang='lat' dir='ltr'><strong>eos</strong></span> <span class='ocrx_word' id='word_1_764' title='bbox 1348 4802 1438 4869; x_wconf 91' lang='lat' dir='ltr'><strong>qui</strong></span> <span class='ocrx_word' id='word_1_765' title='bbox 1475 4800 1702 4854; x_wconf 88' lang='lat' dir='ltr'><strong>salutem</strong></span> <span class='ocrx_word' id='word_1_766' title='bbox 1750 4801 2134 4871; x_wconf 89' lang='lat' dir='ltr'><strong>adipiscentur,</strong></span> 
     </span>
    </p>
   </div>
   <div class='ocr_carea' id='block_1_93' title="bbox 2199 4799 3820 4879">
    <p class='ocr_par' dir='ltr' id='par_1_93' title="bbox 2236 4799 3820 4879">
     <span class='ocr_line' id='line_1_93' title="bbox 2236 4799 3820 4879; baseline -0.008 -18"><span class='ocrx_word' id='word_1_767' title='bbox 2236 4808 2582 4879; x_wconf 81' lang='grc' dir='ltr'>λειτουργικὰ</span> <span class='ocrx_word' id='word_1_768' title='bbox 2614 4806 2945 4876; x_wconf 84' lang='grc' dir='ltr'>πεμπόμενα</span> <span class='ocrx_word' id='word_1_769' title='bbox 2967 4805 3101 4875; x_wconf 81' lang='grc' dir='ltr'>πρὸς</span> <span class='ocrx_word' id='word_1_770' title='bbox 3129 4802 3403 4857; x_wconf 87' lang='grc' dir='ltr'>διακονίαν</span> <span class='ocrx_word' id='word_1_771' title='bbox 3433 4801 3519 4853; x_wconf 77' lang='grc' dir='ltr'><strong>διὰ</strong></span> <span class='ocrx_word' id='word_1_772' title='bbox 3548 4801 3673 4861; x_wconf 77' lang='grc' dir='ltr'>τοὺς</span> <span class='ocrx_word' id='word_1_773' title='bbox 3701 4799 3820 4868; x_wconf 75' lang='grc' dir='ltr'>μέλ·</span> 
     </span>
    </p>
   </div>
   <div class='ocr_carea' id='block_1_94' title="bbox 568 4892 2189 4968">
    <p class='ocr_par' dir='ltr' id='par_1_94' title="bbox 568 4893 2135 4964">
     <span class='ocr_line' id='line_1_94' title="bbox 568 4893 2135 4964; baseline 0.003 -19"><span class='ocrx_word' id='word_1_774' title='bbox 568 4904 620 4945; x_wconf 88' lang='lat' dir='ltr'><strong>et</strong></span> <span class='ocrx_word' id='word_1_775' title='bbox 640 4893 873 4962; x_wconf 79' lang='lat' dir='ltr'><strong>gaudent</strong></span> <span class='ocrx_word' id='word_1_776' title='bbox 888 4909 1047 4964; x_wconf 91' lang='lat' dir='ltr'><strong>super</strong></span> <span class='ocrx_word' id='word_1_777' title='bbox 1065 4908 1171 4947; x_wconf 91' lang='lat' dir='ltr'><strong>uno</strong></span> <span class='ocrx_word' id='word_1_778' title='bbox 1188 4903 1474 4962; x_wconf 87' lang='lat' dir='ltr'><strong>peccatore</strong></span> <span class='ocrx_word' id='word_1_779' title='bbox 1495 4894 1941 4962; x_wconf 79' lang='lat' dir='ltr'><strong>resipiscente“‘.</strong></span> <span class='ocrx_word' id='word_1_780' title='bbox 1968 4894 2135 4964; x_wconf 87' lang='lat' dir='ltr'><strong>Equi-</strong></span> 
     </span>
    </p>
   </div>
   <div class='ocr_carea' id='block_1_95' title="bbox 2195 4892 3816 4968">
    <p class='ocr_par' dir='ltr' id='par_1_95' title="bbox 2233 4892 3816 4968">
     <span class='ocr_line' id='line_1_95' title="bbox 2233 4892 3816 4968; baseline -0.006 -18"><span class='ocrx_word' id='word_1_781' title='bbox 2233 4898 2423 4961; x_wconf 88' lang='grc' dir='ltr'>λοντας</span> <span class='ocrx_word' id='word_1_782' title='bbox 2470 4898 2825 4968; x_wconf 88' lang='grc' dir='ltr'>κληρονομεῖν</span> <span class='ocrx_word' id='word_1_783' title='bbox 2871 4895 3165 4966; x_wconf 88' lang='grc' dir='ltr'>σωτηρίαν,</span> <span class='ocrx_word' id='word_1_784' title='bbox 3198 4894 3452 4963; x_wconf 84' lang='grc' dir='ltr'>χαίρουσι</span> <span class='ocrx_word' id='word_1_785' title='bbox 3488 4893 3545 4945; x_wconf 83' lang='grc' dir='ltr'>δὲ</span> <span class='ocrx_word' id='word_1_786' title='bbox 3592 4892 3689 4944; x_wconf 71' lang='grc' dir='ltr'><strong>καὶ</strong></span> <span class='ocrx_word' id='word_1_787' title='bbox 3734 4892 3816 4957; x_wconf 72' lang='grc' dir='ltr'>ἐφ’</span> 
     </span>
    </p>
   </div>
   <div class='ocr_carea' id='block_1_96' title="bbox 568 4981 2189 5057">
    <p class='ocr_par' dir='ltr' id='par_1_96' title="bbox 568 4985 2136 5055">
     <span class='ocr_line' id='line_1_96' title="bbox 568 4985 2136 5055; baseline 0.003 -20"><span class='ocrx_word' id='word_1_788' title='bbox 568 4985 688 5036; x_wconf 85' lang='lat' dir='ltr'><strong>dem</strong></span> <span class='ocrx_word' id='word_1_789' title='bbox 720 4985 911 5037; x_wconf 91' lang='lat' dir='ltr'><strong>merito</strong></span> <span class='ocrx_word' id='word_1_790' title='bbox 943 4985 1246 5049; x_wconf 86' lang='lat' dir='ltr'><strong>comparari</strong></span> <span class='ocrx_word' id='word_1_791' title='bbox 1304 4996 1527 5053; x_wconf 87' lang='lat' dir='ltr'><strong>possunt</strong></span> <span class='ocrx_word' id='word_1_792' title='bbox 1571 4985 1871 5050; x_wconf 86' lang='lat' dir='ltr'><strong>montibus,</strong></span> <span class='ocrx_word' id='word_1_793' title='bbox 1935 4987 2136 5055; x_wconf 88' lang='lat' dir='ltr'><strong>quippe</strong></span> 
     </span>
    </p>
   </div>
   <div class='ocr_carea' id='block_1_97' title="bbox 2197 4981 3818 5057">
    <p class='ocr_par' dir='ltr' id='par_1_97' title="bbox 2242 4981 3818 5057">
     <span class='ocr_line' id='line_1_97' title="bbox 2242 4981 3818 5057; baseline -0.006 -17"><span class='ocrx_word' id='word_1_794' title='bbox 2242 4988 2323 5040; x_wconf 80' lang='grc' dir='ltr'>ἐνὶ</span> <span class='ocrx_word' id='word_1_795' title='bbox 2349 4985 2656 5057; x_wconf 83' lang='grc' dir='ltr'>ἁμαρτωλῷ</span> <span class='ocrx_word' id='word_1_796' title='bbox 2681 4984 3049 5055; x_wconf 85' lang='grc' dir='ltr'>μετανοοῦντι.</span> <span class='ocrx_word' id='word_1_797' title='bbox 3072 4982 3178 5036; x_wconf 78' lang='grc' dir='ltr'><strong>Ναὶ</strong></span> <span class='ocrx_word' id='word_1_798' title='bbox 3202 4983 3308 5052; x_wconf 78' lang='grc' dir='ltr'>μὴν</span> <span class='ocrx_word' id='word_1_799' title='bbox 3338 4983 3432 5034; x_wconf 85' lang='grc' dir='ltr'>καὶ</span> <span class='ocrx_word' id='word_1_800' title='bbox 3454 4981 3607 5050; x_wconf 80' lang='grc' dir='ltr'>δρεσι</span> <span class='ocrx_word' id='word_1_801' title='bbox 3630 4996 3818 5048; x_wconf 78' lang='grc' dir='ltr'>παρειο</span> 
     </span>
    </p>
   </div>
   <div class='ocr_carea' id='block_1_98' title="bbox 567 5067 2188 5144">
    <p class='ocr_par' dir='ltr' id='par_1_98' title="bbox 567 5073 2135 5144">
     <span class='ocr_line' id='line_1_98' title="bbox 567 5073 2135 5144; baseline 0.003 -18"><span class='ocrx_word' id='word_1_802' title='bbox 567 5075 657 5142; x_wconf 91' lang='lat' dir='ltr'><strong>qui</strong></span> <span class='ocrx_word' id='word_1_803' title='bbox 675 5073 834 5126; x_wconf 86' lang='lat' dir='ltr'><strong>altam</strong></span> <span class='ocrx_word' id='word_1_804' title='bbox 863 5074 1176 5144; x_wconf 67' lang='lat' dir='ltr'><strong>dignitatem</strong></span> <span class='ocrx_word' id='word_1_805' title='bbox 1194 5074 1492 5139; x_wconf 91' lang='lat' dir='ltr'><strong>obtineant,</strong></span> <span class='ocrx_word' id='word_1_806' title='bbox 1520 5087 1617 5142; x_wconf 91' lang='lat' dir='ltr'><strong>pro</strong></span> <span class='ocrx_word' id='word_1_807' title='bbox 1641 5075 1859 5128; x_wconf 87' lang='lat' dir='ltr'><strong>virtutis</strong></span> <span class='ocrx_word' id='word_1_808' title='bbox 1890 5075 2135 5144; x_wconf 91' lang='lat' dir='ltr'><strong>ipsorum</strong></span> 
     </span>
    </p>
   </div>
   <div class='ocr_carea' id='block_1_99' title="bbox 2194 5067 3815 5144">
    <p class='ocr_par' dir='ltr' id='par_1_99' title="bbox 2241 5067 3815 5142">
     <span class='ocr_line' id='line_1_99' title="bbox 2241 5067 3815 5142; baseline -0.006 -11"><span class='ocrx_word' id='word_1_809' title='bbox 2241 5078 2491 5142; x_wconf 79' lang='grc' dir='ltr'>κάζοιντο</span> <span class='ocrx_word' id='word_1_810' title='bbox 2514 5075 2580 5130; x_wconf 83' lang='grc' dir='ltr'><strong>ἂν</strong></span> <span class='ocrx_word' id='word_1_811' title='bbox 2615 5075 2838 5137; x_wconf 89' lang='grc' dir='ltr'>εἰκότως</span> <span class='ocrx_word' id='word_1_812' title='bbox 2859 5074 2935 5136; x_wconf 83' lang='grc' dir='ltr'>ὡς</span> <span class='ocrx_word' id='word_1_813' title='bbox 2963 5073 3025 5126; x_wconf 88' lang='grc' dir='ltr'>τὸ</span> <span class='ocrx_word' id='word_1_814' title='bbox 3056 5071 3190 5141; x_wconf 66' lang='grc' dir='ltr'>ὐψοῦ</span> <span class='ocrx_word' id='word_1_815' title='bbox 3225 5071 3344 5124; x_wconf 88' lang='grc' dir='ltr'>λίαν</span> <span class='ocrx_word' id='word_1_816' title='bbox 3372 5067 3509 5123; x_wconf 75' lang='grc' dir='ltr'>εἶναι</span> <span class='ocrx_word' id='word_1_817' title='bbox 3538 5069 3815 5138; x_wconf 75' lang='grc' dir='ltr'>λαχόντες.</span> 
     </span>
    </p>
   </div>
   <div class='ocr_carea' id='block_1_100' title="bbox 570 5159 2191 5242">
    <p class='ocr_par' dir='ltr' id='par_1_100' title="bbox 570 5162 2138 5242">
     <span class='ocr_line' id='line_1_100' title="bbox 570 5162 2138 5242; baseline 0.004 -28"><span class='ocrx_word' id='word_1_818' title='bbox 570 5162 958 5231; x_wconf 82' lang='lat' dir='ltr'><strong>magnitudine.</strong></span> <span class='ocrx_word' id='word_1_819' title='bbox 990 5163 1086 5216; x_wconf 78' lang='lat' dir='ltr'><strong>Vel</strong></span> <span class='ocrx_word' id='word_1_820' title='bbox 1132 5163 1294 5216; x_wconf 89' lang='lat' dir='ltr'><strong>etiam</strong></span> <span class='ocrx_word' id='word_1_821' title='bbox 1326 5174 1567 5242; x_wconf 30' lang='lat' dir='ltr'><strong>.moutes</strong></span> <span class='ocrx_word' id='word_1_822' title='bbox 1627 5166 1860 5233; x_wconf 89' lang='lat' dir='ltr'><strong>accipies</strong></span> <span class='ocrx_word' id='word_1_823' title='bbox 1906 5180 2003 5233; x_wconf 92' lang='lat' dir='ltr'><strong>pro</strong></span> <span class='ocrx_word' id='word_1_824' title='bbox 2053 5166 2138 5221; x_wconf 88' lang='lat' dir='ltr'><strong>bis</strong></span> 
     </span>
    </p>
   </div>
   <div class='ocr_carea' id='block_1_101' title="bbox 2192 5159 3813 5242">
    <p class='ocr_par' dir='ltr' id='par_1_101' title="bbox 2242 5159 3813 5237">
     <span class='ocr_line' id='line_1_101' title="bbox 2242 5159 3813 5237; baseline -0.009 -14"><span class='ocrx_word' id='word_1_825' title='bbox 2242 5172 2384 5223; x_wconf 84' lang='grc' dir='ltr'>κατά</span> <span class='ocrx_word' id='word_1_826' title='bbox 2437 5185 2497 5220; x_wconf 89' lang='grc' dir='ltr'><strong>τε</strong></span> <span class='ocrx_word' id='word_1_827' title='bbox 2544 5168 2643 5237; x_wconf 80' lang='grc' dir='ltr'>τῆς</span> <span class='ocrx_word' id='word_1_828' title='bbox 2701 5165 2925 5235; x_wconf 77' lang='grc' dir='ltr'>ἐνούσης</span> <span class='ocrx_word' id='word_1_829' title='bbox 2977 5164 3160 5227; x_wconf 85' lang='grc' dir='ltr'>αὐτοῖς</span> <span class='ocrx_word' id='word_1_830' title='bbox 3197 5163 3395 5234; x_wconf 81' lang='grc' dir='ltr'>ἀρετῆς</span> <span class='ocrx_word' id='word_1_831' title='bbox 3446 5162 3509 5214; x_wconf 79' lang='grc' dir='ltr'>τὸ</span> <span class='ocrx_word' id='word_1_832' title='bbox 3563 5159 3813 5231; x_wconf 75' lang='grc' dir='ltr'>μέγεθος.</span> 
     </span>
    </p>
   </div>
   <div class='ocr_carea' id='block_1_102' title="bbox 568 5251 2189 5329">
    <p class='ocr_par' dir='ltr' id='par_1_102' title="bbox 568 5252 2140 5325">
     <span class='ocr_line' id='line_1_102' title="bbox 568 5252 2140 5325; baseline 0.002 -20"><span class='ocrx_word' id='word_1_833' title='bbox 568 5254 658 5321; x_wconf 91' lang='lat' dir='ltr'><strong>qui</strong></span> <span class='ocrx_word' id='word_1_834' title='bbox 679 5252 903 5306; x_wconf 87' lang='lat' dir='ltr'><strong>docendi</strong></span> <span class='ocrx_word' id='word_1_835' title='bbox 935 5268 1128 5307; x_wconf 89' lang='lat' dir='ltr'><strong>munus</strong></span> <span class='ocrx_word' id='word_1_836' title='bbox 1154 5253 1351 5308; x_wconf 83' lang='lat' dir='ltr'><strong>habent</strong></span> <span class='ocrx_word' id='word_1_837' title='bbox 1390 5254 1443 5307; x_wconf 92' lang='lat' dir='ltr'><strong>in</strong></span> <span class='ocrx_word' id='word_1_838' title='bbox 1468 5254 1745 5319; x_wconf 85' lang='lat' dir='ltr'><strong>Ecclesiis,</strong></span> <span class='ocrx_word' id='word_1_839' title='bbox 1779 5255 2019 5325; x_wconf 83' lang='lat' dir='ltr'><strong>nihilque</strong></span> <span class='ocrx_word' id='word_1_840' title='bbox 2043 5257 2140 5311; x_wconf 88' lang='lat' dir='ltr'><strong>bu-</strong></span> 
     </span>
    </p>
   </div>
   <div class='ocr_carea' id='block_1_103' title="bbox 2193 5251 3814 5329">
    <p class='ocr_par' dir='ltr' id='par_1_103' title="bbox 2246 5251 3814 5329">
     <span class='ocr_line' id='line_1_103' title="bbox 2246 5251 3814 5329; baseline -0.008 -17"><span class='ocrx_word' id='word_1_841' title='bbox 2246 5262 2450 5329; x_wconf 83' lang='grc' dir='ltr'>Ἥγουν</span> <span class='ocrx_word' id='word_1_842' title='bbox 2502 5258 2601 5328; x_wconf 79' lang='grc' dir='ltr'><strong>ὅρη</strong></span> <span class='ocrx_word' id='word_1_843' title='bbox 2641 5257 2741 5327; x_wconf 82' lang='grc' dir='ltr'>μὲν</span> <span class='ocrx_word' id='word_1_844' title='bbox 2772 5255 2983 5325; x_wconf 76' lang='grc' dir='ltr'>ἐκλήψῃ</span> <span class='ocrx_word' id='word_1_845' title='bbox 3019 5255 3144 5317; x_wconf 79' lang='grc' dir='ltr'>τοὺς</span> <span class='ocrx_word' id='word_1_846' title='bbox 3200 5253 3261 5307; x_wconf 75' lang='grc' dir='ltr'>τὸ</span> <span class='ocrx_word' id='word_1_847' title='bbox 3315 5251 3695 5307; x_wconf 84' lang='grc' dir='ltr'>διδασκαλικὸν</span> <span class='ocrx_word' id='word_1_848' title='bbox 3758 5252 3814 5300; x_wconf 79' lang='grc' dir='ltr'>ὲν</span> 
     </span>
    </p>
   </div>
   <div class='ocr_carea' id='block_1_104' title="bbox 571 5342 2192 5421">
    <p class='ocr_par' dir='ltr' id='par_1_104' title="bbox 571 5343 2140 5417">
     <span class='ocr_line' id='line_1_104' title="bbox 571 5343 2140 5417; baseline 0.004 -21"><span class='ocrx_word' id='word_1_849' title='bbox 571 5343 698 5397; x_wconf 88' lang='lat' dir='ltr'><strong>mile</strong></span> <span class='ocrx_word' id='word_1_850' title='bbox 723 5343 959 5411; x_wconf 90' lang='lat' dir='ltr'><strong>sapiunt,</strong></span> <span class='ocrx_word' id='word_1_851' title='bbox 986 5344 1079 5399; x_wconf 88' lang='lat' dir='ltr'><strong>sed</strong></span> <span class='ocrx_word' id='word_1_852' title='bbox 1104 5358 1222 5412; x_wconf 72' lang='lat' dir='ltr'><strong>qua:</strong></span> <span class='ocrx_word' id='word_1_853' title='bbox 1239 5359 1431 5413; x_wconf 69' lang='lat' dir='ltr'><strong>supera</strong></span> <span class='ocrx_word' id='word_1_854' title='bbox 1451 5355 1574 5400; x_wconf 91' lang='lat' dir='ltr'><strong>sunt</strong></span> <span class='ocrx_word' id='word_1_855' title='bbox 1605 5357 1872 5415; x_wconf 69' lang='lat' dir='ltr'><strong>quaerunt,</strong></span> <span class='ocrx_word' id='word_1_856' title='bbox 1905 5358 1959 5401; x_wconf 87' lang='lat' dir='ltr'><strong>et</strong></span> <span class='ocrx_word' id='word_1_857' title='bbox 1979 5362 2140 5417; x_wconf 84' lang='lat' dir='ltr'><strong>supra</strong></span> 
     </span>
    </p>
   </div>
   <div class='ocr_carea' id='block_1_105' title="bbox 2195 5342 3816 5421">
    <p class='ocr_par' dir='ltr' id='par_1_105' title="bbox 2249 5342 3816 5421">
     <span class='ocr_line' id='line_1_105' title="bbox 2249 5342 3816 5421; baseline -0.009 -16"><span class='ocrx_word' id='word_1_858' title='bbox 2249 5351 2594 5421; x_wconf 86' lang='grc' dir='ltr'>Ἐκκλησίαις</span> <span class='ocrx_word' id='word_1_859' title='bbox 2617 5349 2837 5419; x_wconf 79' lang='grc' dir='ltr'>ἔχοντας</span> <span class='ocrx_word' id='word_1_860' title='bbox 2863 5346 3220 5415; x_wconf 78' lang='grc' dir='ltr'>ἐπιτήδευμα,</span> <span class='ocrx_word' id='word_1_861' title='bbox 3247 5347 3342 5397; x_wconf 67' lang='grc' dir='ltr'><strong>κα)⁵</strong></span> <span class='ocrx_word' id='word_1_862' title='bbox 3367 5343 3690 5413; x_wconf 79' lang='grc' dir='ltr'>φρονοῦντας</span> <span class='ocrx_word' id='word_1_863' title='bbox 3715 5342 3816 5410; x_wconf 76' lang='grc' dir='ltr'>μέν</span> 
     </span>
    </p>
   </div>
   <div class='ocr_carea' id='block_1_106' title="bbox 570 5432 2191 5511">
    <p class='ocr_par' dir='ltr' id='par_1_106' title="bbox 570 5436 2139 5507">
     <span class='ocr_line' id='line_1_106' title="bbox 570 5436 2139 5507; baseline 0.003 -19"><span class='ocrx_word' id='word_1_864' title='bbox 570 5449 659 5489; x_wconf 86' lang='lat' dir='ltr'><strong>res</strong></span> <span class='ocrx_word' id='word_1_865' title='bbox 704 5444 945 5490; x_wconf 87' lang='lat' dir='ltr'><strong>terrenas</strong></span> <span class='ocrx_word' id='word_1_866' title='bbox 983 5436 1308 5490; x_wconf 87' lang='lat' dir='ltr'><strong>transiliunt.</strong></span> <span class='ocrx_word' id='word_1_867' title='bbox 1343 5436 1519 5491; x_wconf 91' lang='lat' dir='ltr'><strong>Colles</strong></span> <span class='ocrx_word' id='word_1_868' title='bbox 1563 5449 1741 5491; x_wconf 85' lang='lat' dir='ltr'><strong>autem</strong></span> <span class='ocrx_word' id='word_1_869' title='bbox 1790 5452 1888 5507; x_wconf 93' lang='lat' dir='ltr'><strong>pro</strong></span> <span class='ocrx_word' id='word_1_870' title='bbox 1921 5438 2005 5492; x_wconf 86' lang='lat' dir='ltr'><strong>his</strong></span> <span class='ocrx_word' id='word_1_871' title='bbox 2051 5454 2139 5493; x_wconf 89' lang='lat' dir='ltr'><strong>su—</strong></span> 
     </span>
    </p>
   </div>
   <div class='ocr_carea' id='block_1_107' title="bbox 2191 5432 3812 5511">
    <p class='ocr_par' dir='ltr' id='par_1_107' title="bbox 2236 5432 3812 5511">
     <span class='ocr_line' id='line_1_107' title="bbox 2236 5432 3812 5511; baseline -0.008 -17"><span class='ocrx_word' id='word_1_872' title='bbox 2236 5442 2346 5495; x_wconf 87' lang='grc' dir='ltr'><strong>τῶν</strong></span> <span class='ocrx_word' id='word_1_873' title='bbox 2374 5440 2729 5511; x_wconf 85' lang='grc' dir='ltr'>χαμαιπετῶν</span> <span class='ocrx_word' id='word_1_874' title='bbox 2748 5439 2919 5501; x_wconf 78' lang='grc' dir='ltr'>οὐδὲν,</span> <span class='ocrx_word' id='word_1_875' title='bbox 2952 5437 3248 5507; x_wconf 79' lang='grc' dir='ltr'>ζητουντας</span> <span class='ocrx_word' id='word_1_876' title='bbox 3276 5435 3333 5489; x_wconf 83' lang='grc' dir='ltr'>δὲ</span> <span class='ocrx_word' id='word_1_877' title='bbox 3363 5434 3563 5504; x_wconf 71' lang='grc' dir='ltr'>μᾶλλον</span> <span class='ocrx_word' id='word_1_878' title='bbox 3587 5434 3651 5484; x_wconf 76' lang='grc' dir='ltr'>τὰ</span> <span class='ocrx_word' id='word_1_879' title='bbox 3680 5432 3812 5493; x_wconf 79' lang='grc' dir='ltr'>ἄνω,</span> 
     </span>
    </p>
   </div>
   <div class='ocr_carea' id='block_1_108' title="bbox 575 5523 2196 5601">
    <p class='ocr_par' dir='ltr' id='par_1_108' title="bbox 575 5525 2136 5594">
     <span class='ocr_line' id='line_1_108' title="bbox 575 5525 2136 5594; baseline 0.003 -18"><span class='ocrx_word' id='word_1_880' title='bbox 575 5540 687 5579; x_wconf 89' lang='lat' dir='ltr'><strong>mes</strong></span> <span class='ocrx_word' id='word_1_881' title='bbox 719 5525 809 5593; x_wconf 90' lang='lat' dir='ltr'><strong>qui</strong></span> <span class='ocrx_word' id='word_1_882' title='bbox 851 5525 957 5579; x_wconf 94' lang='lat' dir='ltr'><strong>illis</strong></span> <span class='ocrx_word' id='word_1_883' title='bbox 992 5528 1313 5579; x_wconf 83' lang='lat' dir='ltr'><strong>auctoritate</strong></span> <span class='ocrx_word' id='word_1_884' title='bbox 1349 5525 1634 5581; x_wconf 82' lang='lat' dir='ltr'><strong>inferiores</strong></span> <span class='ocrx_word' id='word_1_885' title='bbox 1671 5540 1816 5593; x_wconf 89' lang='lat' dir='ltr'><strong>sunt,</strong></span> <span class='ocrx_word' id='word_1_886' title='bbox 1879 5536 1933 5580; x_wconf 87' lang='lat' dir='ltr'><strong>et</strong></span> <span class='ocrx_word' id='word_1_887' title='bbox 1981 5528 2136 5594; x_wconf 85' lang='lat' dir='ltr'><strong>quasi</strong></span> 
     </span>
    </p>
   </div>
   <div class='ocr_carea' id='block_1_109' title="bbox 2193 5523 3814 5601">
    <p class='ocr_par' dir='ltr' id='par_1_109' title="bbox 2234 5523 3814 5601">
     <span class='ocr_line' id='line_1_109' title="bbox 2234 5523 3814 5601; baseline -0.008 -16"><span class='ocrx_word' id='word_1_888' title='bbox 2234 5533 2327 5585; x_wconf 74' lang='lat' dir='ltr'><strong>xui.</strong></span> <span class='ocrx_word' id='word_1_889' title='bbox 2373 5532 2480 5584; x_wconf 85' lang='grc' dir='ltr'><strong>τῶν</strong></span> <span class='ocrx_word' id='word_1_890' title='bbox 2527 5532 2728 5601; x_wconf 71' lang='grc' dir='ltr'>γηΐνων</span> <span class='ocrx_word' id='word_1_891' title='bbox 2786 5530 3237 5600; x_wconf 81' lang='grc' dir='ltr'>ἀναπηδήσαντας</span> <span class='ocrx_word' id='word_1_892' title='bbox 3261 5544 3272 5556; x_wconf 87' lang='grc'><strong>·</strong></span> <span class='ocrx_word' id='word_1_893' title='bbox 3324 5526 3545 5596; x_wconf 86' lang='grc' dir='ltr'>βουνούς</span> <span class='ocrx_word' id='word_1_894' title='bbox 3593 5541 3652 5592; x_wconf 89' lang='grc' dir='ltr'><strong>γε</strong></span> <span class='ocrx_word' id='word_1_895' title='bbox 3702 5523 3814 5591; x_wconf 75' lang='grc' dir='ltr'><strong>μὴν</strong></span> 
     </span>
    </p>
   </div>
   <div class='ocr_carea' id='block_1_110' title="bbox 573 5610 2194 5692">
    <p class='ocr_par' dir='ltr' id='par_1_110' title="bbox 573 5617 2133 5685">
     <span class='ocr_line' id='line_1_110' title="bbox 573 5617 2133 5685; baseline 0.003 -18"><span class='ocrx_word' id='word_1_896' title='bbox 573 5632 757 5669; x_wconf 74' lang='lat' dir='ltr'><strong>eorum</strong></span> <span class='ocrx_word' id='word_1_897' title='bbox 786 5617 965 5685; x_wconf 63' lang='lat' dir='ltr'><strong>gloriae</strong></span> <span class='ocrx_word' id='word_1_898' title='bbox 986 5617 1263 5673; x_wconf 84' lang='lat' dir='ltr'><strong>subsident</strong></span> <span class='ocrx_word' id='word_1_899' title='bbox 1289 5627 1342 5672; x_wconf 89' lang='lat' dir='ltr'><strong>et.</strong></span> <span class='ocrx_word' id='word_1_900' title='bbox 1388 5619 1770 5684; x_wconf 78' lang='lat' dir='ltr'><strong>subjiciuntur.</strong></span> <span class='ocrx_word' id='word_1_901' title='bbox 1824 5618 1962 5670; x_wconf 84' lang='lat' dir='ltr'><strong>Sunt</strong></span> <span class='ocrx_word' id='word_1_902' title='bbox 1989 5619 2133 5671; x_wconf 83' lang='lat' dir='ltr'><strong>cnim</strong></span> 
     </span>
    </p>
   </div>
   <div class='ocr_carea' id='block_1_111' title="bbox 2194 5610 3815 5692">
    <p class='ocr_par' dir='ltr' id='par_1_111' title="bbox 2242 5610 3815 5692">
     <span class='ocr_line' id='line_1_111' title="bbox 2242 5610 3815 5692; baseline -0.006 -18"><span class='ocrx_word' id='word_1_903' title='bbox 2242 5622 2368 5684; x_wconf 81' lang='grc' dir='ltr'>τοὺς</span> <span class='ocrx_word' id='word_1_904' title='bbox 2418 5623 2517 5691; x_wconf 82' lang='grc' dir='ltr'>τῆς</span> <span class='ocrx_word' id='word_1_905' title='bbox 2574 5623 2795 5675; x_wconf 79' lang='grc' dir='ltr'>ἐκείνων</span> <span class='ocrx_word' id='word_1_906' title='bbox 2842 5620 3117 5692; x_wconf 80' lang='grc' dir='ltr'>ὑπεροχῆς</span> <span class='ocrx_word' id='word_1_907' title='bbox 3165 5619 3527 5689; x_wconf 79' lang='grc' dir='ltr'>ἡττωμένους,</span> <span class='ocrx_word' id='word_1_908' title='bbox 3574 5619 3662 5670; x_wconf 75' lang='grc' dir='ltr'>καὶ</span> <span class='ocrx_word' id='word_1_909' title='bbox 3698 5610 3815 5666; x_wconf 75' lang='grc' dir='ltr'>οἷον</span> 
     </span>
    </p>
   </div>
   <div class='ocr_carea' id='block_1_112' title="bbox 644 5788 2265 5863">
    <p class='ocr_par' dir='ltr' id='par_1_112' title="bbox 644 5794 2265 5863">
     <span class='ocr_line' id='line_1_112' title="bbox 644 5794 2265 5863; baseline 0.003 -14"><span class='ocrx_word' id='word_1_910' title='bbox 644 5796 689 5827; x_wconf 82' lang='grc'><strong>⁸³</strong></span> <span class='ocrx_word' id='word_1_911' title='bbox 723 5794 1006 5863; x_wconf 77' lang='lat' dir='ltr'><strong>Psal.cm,</strong></span> <span class='ocrx_word' id='word_1_912' title='bbox 1044 5799 1129 5854; x_wconf 78' lang='lat'><strong>18.</strong></span> <span class='ocrx_word' id='word_1_913' title='bbox 1210 5800 1254 5831; x_wconf 77' lang='lat'><strong>“</strong></span> <span class='ocrx_word' id='word_1_914' title='bbox 1277 5797 1380 5852; x_wconf 74' lang='lat' dir='ltr'><strong>lsa.</strong></span> <span class='ocrx_word' id='word_1_915' title='bbox 1415 5811 1561 5861; x_wconf 71' lang='lat' dir='ltr'><strong>nvi,</strong></span> <span class='ocrx_word' id='word_1_916' title='bbox 1596 5798 1644 5850; x_wconf 86' lang='lat'><strong>7.</strong></span> <span class='ocrx_word' id='word_1_917' title='bbox 1720 5799 1764 5829; x_wconf 82' lang='lat'><strong>“</strong></span> <span class='ocrx_word' id='word_1_918' title='bbox 1795 5797 1916 5853; x_wconf 79' lang='lat' dir='ltr'><strong>Osc.</strong></span> <span class='ocrx_word' id='word_1_919' title='bbox 1954 5814 2064 5862; x_wconf 77' lang='lat' dir='ltr'><strong>xw,</strong></span> <span class='ocrx_word' id='word_1_920' title='bbox 2096 5799 2179 5854; x_wconf 81' lang='grc'><strong>10.</strong></span> <span class='ocrx_word' id='word_1_921' title='bbox 2258 5804 2265 5829; x_wconf 84' lang='grc'><em>⁴</em></span> 
     </span>
    </p>
   </div>
   <div class='ocr_carea' id='block_1_113' title="bbox 2130 5788 3751 5863">
    <p class='ocr_par' dir='ltr' id='par_1_113' title="bbox 2130 5788 3751 5863">
     <span class='ocr_line' id='line_1_113' title="bbox 2130 5788 3751 5863; baseline -0.006 -9"><span class='ocrx_word' id='word_1_922' title='bbox 2130 5801 2179 5854; x_wconf 88' lang='lat'><strong>0.</strong></span> <span class='ocrx_word' id='word_1_923' title='bbox 2258 5801 2303 5831; x_wconf 76' lang='lat'><strong>“</strong></span> <span class='ocrx_word' id='word_1_924' title='bbox 2330 5798 2469 5855; x_wconf 75' lang='lat' dir='ltr'><strong>Psal.</strong></span> <span class='ocrx_word' id='word_1_925' title='bbox 2503 5814 2688 5863; x_wconf 67' lang='lat' dir='ltr'><strong>cum,</strong></span> <span class='ocrx_word' id='word_1_926' title='bbox 2720 5797 2839 5851; x_wconf 76' lang='grc'><strong>105.</strong></span> <span class='ocrx_word' id='word_1_927' title='bbox 2923 5798 2986 5827; x_wconf 81' lang='grc'><strong>⁶⁶⁶</strong></span> <span class='ocrx_word' id='word_1_928' title='bbox 3018 5795 3178 5849; x_wconf 76' lang='lat' dir='ltr'><strong>llcbr.</strong></span> <span class='ocrx_word' id='word_1_929' title='bbox 3214 5812 3249 5856; x_wconf 84' lang='grc' dir='ltr'><strong>ι,</strong></span> <span class='ocrx_word' id='word_1_930' title='bbox 3287 5796 3387 5859; x_wconf 81' lang='lat' dir='ltr'><strong>Il;</strong></span> <span class='ocrx_word' id='word_1_931' title='bbox 3422 5794 3546 5848; x_wconf 82' lang='lat' dir='ltr'><strong>Luc.</strong></span> <span class='ocrx_word' id='word_1_932' title='bbox 3583 5808 3664 5855; x_wconf 73' lang='grc' dir='ltr'><strong>ιν,</strong></span> <span class='ocrx_word' id='word_1_933' title='bbox 3693 5788 3751 5845; x_wconf 85' lang='lat'><strong>7.</strong></span> 
     </span>
    </p>
   </div>
  </div>
