4140 6484
218 362 360 417 1237

1346 351 1414 406 ΙΝ
1455 349 1686 407 ISAIAM
1723 348 1849 404 LIB.
1890 348 1956 403 Υ.
1999 345 2234 404 TOMUS
2270 343 2358 402 lll.

3331 340 3470 397 l958

218 473 674 545 ὑποκαθημένους
706 470 882 526 αὐτῶν
911 471 1010 541 τὴν
1037 470 1212 534 δόξαν.
1247 469 1437 540 Μέτρα
1455 469 1562 540 γάρ
1591 470 1649 522 ὲν
1680 469 1802 521 Ἐκ·
1831 511 1839 527 ι

1940 479 2171 520 iensurae
2198 475 2254 520 et
2276 463 2472 532 gradus
2531 458 2876 530 honorisl'ac
2935 457 3360 512 ministeriorum
3417 458 3470 508 in

220 564 483 635 κλησίαις
540 563 646 614 εἰσὶ
697 561 790 613 καὶ
842 560 1006 629 τιμῆς
1060 559 1154 610 καὶ
1196 557 1545 628 λειτουργιῶν
1572 573 1586 587 ⁸
1629 556 1804 609 ταῦτά

227 669 366 721 φησι
392 652 460 705 τὰ
483 651 583 722 ὅρη
610 650 678 702 τὰ
705 648 890 718 νοητὰ,
932 649 1026 701 καὶ
1073 649 1168 701 σὺν
1200 648 1381 709 αὐτοῖς
1426 648 1475 699 oi
1510 646 1687 715 βουνοί⁵
1715 643 1804 708 ἐξ-

229 742 508 806 αλοῦνται,
522 742 796 794 τουτέστιν
807 741 1102 810 ἀνασκιρτή
1111 757 1204 792 σου
1211 757 1281 804 σι,
1303 739 1557 809 χαίροντα
1570 736 1806 807 δηλονότι

231 834 325 886 διὰ
353 834 452 904 τήν
481 832 634 902 ὑμῶν
665 833 998 901 ἐπιστροφήν
1038 848 1097 883 τε
1141 831 1234 883 καὶ
1264 830 1474 899 κλῆσιν,
1512 830 1604 882 καὶ
1641 846 1810 899 προσ-

233 923 478 988 δέξονται
530 923 673 992 ὑμᾶς
726 924 862 990 μετά
901 923 1102 992 χαρᾶς·
1146 920 1553 990 ὲπιγαννύμεθα
1585 919 1692 990 γὰρ
1749 919 1808 971 οὐ

243 1013 500 1085 μετρίως,
530 1015 658 1065 ὅταν
688 1012 831 1076 τινὲς
862 1013 968 1064 τῶν
1009 1011 1457 1081 πεπλανημένων,
1485 1010 1545 1063 τὸ
1576 1011 1634 1061 ἐν
1654 1009 1814 1078 ἀχλύῖ

239 1105 338 1156 καὶ
355 1105 528 1173 σκότῳ
549 1103 808 1158 διατελεῖν
850 1102 928 1156 ἔτι
960 1101 1211 1170 μεθέντες
1229 1141 1243 1163 ,
1301 1101 1432 1170 πρὸς
1459 1101 1520 1152 τὸ
1546 1101 1648 1169 τῆς
1679 1099 1813 1169 ἀλη-

243 1189 373 1252 θοῦς
399 1189 649 1252 θεοπτία,
673 1189 891 1245 άττουσι
927 1189 1060 1257 φῶς.
1091 1188 1276 1252 Οὕτως
1297 1189 1477 1249 αὐτοῖς
1506 1190 1600 1242 καὶ
1625 1189 1654 1241 6
1676 1188 1814 1242 πάν-

246 1296 409 1346 σοφος
431 1278 640 1341 Παῦλος
660 1278 1013 1348 προσεφώνει,
1039 1279 1210 1346 λέγων
1233 1296 1245 1309 °
1273 1297 1290 1330 t
1314 1278 1471 1346 Χαρὰ
1497 1281 1589 1332 καὶ
1615 1279 1816 1348 στέφα-

246 1368 340 1432 νός
372 1385 494 1438 μου.
522 1385 539 1418 ›
597 1366 756 1420 Ἀλλά
788 1368 880 1421 mi.
915 1367 1091 1421 πάντα
1119 1369 1188 1421 τὰ
1217 1367 1348 1432 ξύλα
1378 1366 1470 1419 τοῦ
1492 1365 1687 1437 ἀγροῦ,
1711 1384 1816 1437 φη-

247 1459 358 1523 σὶν,
382 1462 729 1529 ἐπικρατήσει
745 1461 856 1524 τοῖς
879 1459 1111 1524 κλάδοις.
1131 1460 1240 1514 Καὶ
1263 1459 1395 1526 ξύλα
1414 1461 1626 1530 νοήσεις
1647 1459 1818 1529 ἀγροῦ

246 1551 379 1614 τοὺς
401 1550 684 1614 τελοῦντας
713 1552 770 1603 ὲν
792 1551 958 1613 λαοῖς.
995 1550 1237 1621 Εὐανθὴς
1261 1551 1368 1620 γάρ
1396 1549 1488 1603 τοῦ
1521 1550 1770 1620 Σωτῆρος
1791 1551 1820 1602 6

247 1642 446 1712 κῆπος.
477 1642 587 1695 Καὶ
612 1641 741 1710 γοῦν
773 1641 1003 1712 ἐπείπερ
1039 1642 1184 1695 ἐστὶν
1211 1641 1442 1711 εὐθαλής
1495 1657 1552 1693 τε
1599 1641 1693 1694 καὶ
1730 1639 1820 1692 εὐ-

247 1750 462 1803 καρπος
511 1733 544 1803 ή
593 1734 649 1786 ὲν
681 1732 760 1803 τῷ
793 1732 1030 1803 ’ᾼσματι
1071 1734 1178 1786 τῶν
1212 1732 1472 1804 ᾀσμάτων
1502 1731 1820 1803 γραφομένη

249 1825 460 1894 νύμφη,
484 1824 644 1892 φησί’
674 1845 693 1876 ι
716 1825 1022 1894 Καταόήτω
1050 1827 1078 1878 6
1113 1826 1386 1894 ἀδελφιδός
1416 1844 1518 1897 μου
1544 1826 1623 1888 είς
1651 1824 1826 1894 κῆπον
1858 1807 1899 1862 Β

251 1916 438 1978 αὐτοῦ,
475 1917 570 1969 mi.
603 1917 822 1985 φαγέτω
849 1916 1060 1986 καρπὸν
1084 1917 1397 1988 ἀκροδρύων
1426 1917 1607 1972 αὐτοῦ.
1636 1937 1655 1971 ι
1692 1918 1831 1971 Οὐκ-

252 2010 351 2060 οὖν
371 2006 448 2060 τά⁶
471 2006 602 2071 ξύλα
634 2009 701 2062 τά
726 2006 891 2077 νοητὰ
913 2010 1023 2070 τοῖς
1045 2008 1258 2072 κλάδοις
1283 2011 1650 2079 ὲπικροτήσει,
1676 2008 1826 2080 φησί.

254 2098 653 2170 Χαίρουσιγάρ
693 2100 741 2152 οἱ
780 2099 1184 2164 πιστεύσαντες,
1225 2101 1475 2172 καθάπερ
1506 2102 1694 2172 ἀμέλει
1737 2104 1833 2156 καὶ⁵

257 2187 331 2241 τὰ
359 2189 458 2258 ὅρη
487 2189 580 2242 καὶ
619 2191 666 2242 οἱ
701 2188 898 2258 βουνοὶ,
927 2189 1222 2254 τουτέστιν,
1255 2192 1305 2243 οἱ
1357 2191 1715 2262 καθηγεῖσθαι
1739 2192 1834 2246 λα-

257 2277 447 2346 χόντες
484 2276 650 2340 λαῶν,
677 2277 771 2330 ἐπὶ
814 2280 878 2348 τῇ
920 2279 1166 2350 σωτηρίᾳ
1212 2279 1320 2332 τῶν
1378 2279 1726 2351 καλουμένων
1753 2282 1835 2344 εἰς

260 2365 428 2436 ζωὴν,
461 2368 553 2420 καὶ
581 2368 683 2436 τῆς
708 2368 975 2437 ἀχράντου
1018 2370 1404 2440 μυσταγωγίας
1435 2373 1514 2434 εἰς
1540 2372 1732 2442 πέρας,
1767 2373 1834 2426 δι’

258 2454 330 2529 ἧς
357 2458 416 2512 τὸ
446 2457 588 2512 θεῖον
614 2461 797 2523 αὐτοῖς
817 2461 1015 2515 ὲνίεται
1047 2462 1181 2530 φῶς.
1224 2459 1354 2516 Εἶτα
1388 2465 1470 2516 ὅτι
1498 2464 1722 2534 πλείστη
1753 2482 1836 2528 τις

259 2547 415 2600 ἔσται
438 2547 545 2600 τῶν
565 2547 916 2618 κεκλημένων
939 2551 1207 2622 μεταϐολὴ
1233 2552 1370 2623 πρὸς
1398 2553 1458 2606 τὸ
1491 2553 1836 2625 ἀσυγκρίτως

262 2637 508 2708 ἄμεινον,
536 2638 890 2693 διαδείκνυσιν
913 2639 1073 2703 εὐθὺς
1105 2639 1296 2709 λέγων,
1327 2643 1403 2704 ὡς
1430 2643 1549 2695 ἀντὶ
1573 2644 1670 2714 τῆς
1693 2659 1836 2696 στοι-

267 2728 371 2796 ϐἧς
403 2727 554 2782 ἔσται
583 2730 938 2799 κυπάρισσος,
961 2731 1080 2783 ἀντὶ
1105 2731 1159 2784 δὲ
1182 2732 1282 2800 τῆς
1314 2733 1543 2804 κονύζης
1568 2734 1836 2804 ἀναϐήσε-

268 2834 363 2869 ται
381 2818 636 2889 μυρσίνη.
658 2819 887 2888 Στοισὴν
905 2820 997 2873 καὶ
1020 2819 1255 2883 κόνυζαν
1278 2821 1502 2892 πικράς,
1521 2823 1616 2875 καὶ
1635 2824 1837 2895 ἀπροσ·

265 2907 498 2978 ϐλήτους
525 2907 628 2979 [αι.
656 2908 1019 2980 ἀποὸλήτους]
1042 2910 1282 2973 ἀκάνθας
1313 2908 1453 2963 εἷναί
1482 2928 1664 2980 φασιν,
1696 2915 1842 2966 ἐντε-

268 2994 466 3066 θήλασι
495 2996 550 3050 δὲ
595 2998 814 3068 χωρίοις
849 2999 947 3067 μὲν
997 3002 1104 3062 τοῖς
1137 2999 1241 3053 ὑπὸ
1271 3000 1539 3071 γηπόνους
1569 3001 1838 3071 οὐδαμῶς,

1907 555 2187 610 Ecclesiis.
2221 555 2308 619 Hi,
2338 555 2534 623 inquit,
2560 562 2770 606 montes
2796 550 2896 604 sub
2955 542 3361 615 intellﬂentiam
3387 562 3477 601 ca-

1909 650 2118 714 dentes,
2143 656 2332 701 etcum
2361 646 2463 700 illis
2486 646 2670 706 colles,
2693 641 2964 703 exsilient,
2987 638 3039 692 id
3055 648 3158 702 est,
3177 637 3474 700 Saltabunt,

1908 740 2199 807 gaudentes
2229 737 2514 802 videlicet,
2542 744 2764 804 promer
2790 741 3027 786 vestram
3057 727 3471 784 conversionem

1910 839 1962 884 et
2001 828 2354 891 vocationem,
2393 835 2448 880 et
2481 842 2601 879 cum
2627 823 2820 892 gaudio
2870 837 2966 878 vos
3014 819 3297 890 recipient.
3360 816 3478 870 Non

1911 918 2054 972 enim
2090 917 2346 971 mediocri
2379 915 2560 968 laetitia
2595 913 2881 974 aﬂicimur,
2926 925 3047 965 cum
3095 909 3260 976 aliqui
3290 922 3479 961 eorum

1913 1006 2002 1076 qui
2029 1015 2365 1070 erraverunt,
2396 1005 2624 1074 caligine
2641 1013 2695 1057 et
2722 1005 2963 1058 tenebris
2989 1001 3213 1065 relictis,
3243 998 3308 1051 ad
3337 1011 3481 1050 vera:

1917 1098 2008 1152 Dei
2033 1096 2194 1167 785
2217 1094 2685 1164 contemplationis
2736 1094 2908 1146 lucem
2941 1092 3205 1146 emicant.
3262 1087 3352 1142 Sic
3390 1100 3485 1139 eos

1915 1185 2076 1240 etiam
2103 1183 2296 1238 all'atur
2331 1183 2758 1253 sapientissimus
2783 1180 3002 1246 Paulus,
3030 1180 3221 1234 dicens
3246 1195 3261 1232 :
3309 1196 3326 1227 ι
3351 1175 3489 1230 Gau-

1917 1279 2064 1332 dium
2105 1284 2160 1332 et
2187 1291 2384 1330 corona
2428 1289 2544 1329 mea
2563 1275 2630 1328 ⁸⁷.
2667 1295 2685 1328 ι
2720 1273 2824 1329 Sed
2855 1283 2910 1327 et
2943 1271 3123 1328 omnia
3174 1269 3319 1339 ligna
3347 1266 3487 1335 agri,

1921 1368 2115 1435 inquit,
2142 1366 2469 1437 applaudent
2499 1365 2684 1420 ramis.
2711 1364 2880 1434 Ligna
2913 1362 3030 1434 agri
3094 1359 3369 1428 intelliges
3396 1370 3490 1410 eos

1921 1459 2092 1528 quiin
2125 1457 2318 1527 populo
2343 1466 2650 1512 censentur.
2697 1455 2790 1508 Est
2839 1454 2986 1508 enim
3041 1452 3234 1506 hortus
3299 1447 3493 1504 Serva-

1927 1552 2056 1606 loris
2083 1549 2326 1604 ﬂoridus.
2358 1548 2422 1601 Et
2450 1547 2662 1615 quidem
2698 1548 2922 1601 viridem
2977 1558 3101 1600 esse
3149 1557 3215 1596 ac
3261 1538 3491 1609 frugife-

1923 1658 2043 1698 rum
2075 1649 2261 1694 narrat
2320 1637 2550 1709 Sponsa,
2602 1654 2722 1708 quae
2767 1639 2819 1692 iu
2869 1636 3094 1692 Cantico
3155 1631 3490 1687 canticorum

1927 1731 2261 1786 describitur
2316 1747 2330 1783 :
2387 1747 2405 1779 ι
2441 1729 2738 1782 Deseemlat
2777 1740 2943 1796 nepos
2991 1738 3144 1778 meus
3189 1723 3241 1776 in
3279 1722 3493 1774 hortum

1929 1839 2109 1887 suum,
2159 1833 2216 1876 et
2273 1820 2518 1876 comedat
2575 1818 2811 1873 fructum
2865 1832 3063 1872 nucum
3113 1829 3339 1870 suarum
3366 1812 3432 1866 ⁸⁸.
3471 1828 3491 1862 ι

1928 1913 2116 1982 Itaque
2137 1912 2281 1984 ligna
2304 1913 2658 1981 iutelligibilia
2683 1911 3030 1982 applaudent,
3061 1906 3258 1977 inquit,
3313 1905 3495 1959 ramis.

1928 2006 2335 2062 Gaudentenim
2384 2008 2685 2068 credentes,
2719 2021 2823 2059 non
2856 2005 3018 2058 aliter
3049 2001 3303 2057 videlicet
3335 2014 3496 2069 quam

1932 2105 2141 2152 montes
2168 2106 2223 2150 et
2251 2097 2451 2159 colles,
2485 2098 2536 2151 id
2571 2106 2676 2162 est,
2703 2097 2793 2164 qui
2858 2103 3101 2165 praesunt
3155 2091 3374 2162 p0pule,
3434 2091 3500 2143 de

1931 2188 2103 2245 salute
2141 2204 2326 2243 eorum
2359 2189 2448 2252 qui
2486 2191 2550 2244 ad
2591 2189 2754 2242 vitam
2783 2196 2838 2243 et
2866 2189 2931 2242 ad
2963 2201 3110 2257 pura:
3141 2183 3504 2257 'mystagogiae

1934 2279 2318 2348 perfectionem
2348 2280 2520 2333 vocati
2549 2288 2694 2342 sunt,
2740 2293 2835 2349 per
2865 2289 3025 2346 quam
3047 2275 3226 2330 divina
3277 2273 3382 2328 illis
3410 2272 3504 2332 lux

1935 2367 2175 2439 aﬂ'ulget.
2213 2368 2350 2423 Fore
2385 2379 2576 2424 autem
2599 2384 2785 2424 eorum
2824 2369 2912 2437 qui
2947 2367 3122 2422 vocati
3157 2375 3283 2420 sunt
3335 2364 3505 2418 maxi-

1936 2476 2102 2514 mam.
2147 2460 2497 2514 mutationem
2576 2462 2642 2513 ad
2698 2460 2748 2512 id
2796 2460 2938 2528 quod
3003 2455 3505 2526 incomparabiliter

1936 2561 2172 2622 praestat,
2197 2551 2436 2606 ostendit
2458 2567 2581 2606 cum
2619 2549 2767 2604 dicit:
2806 2550 2908 2604 Pro
2930 2549 3103 2604 stmba
3137 2548 3241 2602 erit
3263 2547 3503 2617 cyparis-

1937 2658 2047 2707 sus,
2082 2657 2178 2712 pro
2201 2657 2404 2712 couyza
2432 2649 2634 2695 crescet
2657 2649 2879 2710 myrtus.
2917 2639 3156 2695 Stoebam
3177 2646 3504 2707 etcouyzam

1939 2747 2153 2786 amaras
2186 2733 2369 2800 spinas
2397 2740 2448 2784 et
2483 2731 2779 2801 rejectitias
2816 2744 2936 2785 esse
2965 2731 3149 2784 dicunt
3192 2746 3206 2781 :
3257 2737 3509 2782 crescunt

1941 2833 2116 2876 autem
2149 2823 2198 2875 in
2226 2822 2354 2876 locis
2375 2823 2440 2876 ad
2474 2821 2855 2890 agriculturam
2887 2836 2992 2875 non
3009 2815 3507 2880 accommodis,sed

1942 2922 2088 2966 terra
2130 2911 2332 2965 inculta
2364 2924 2420 2969 et
2461 2914 2798 2983 salsuginosa
2852 2911 3104 2978 gaudent.
3164 2907 3324 2962 Tales
3386 2913 3511 2961 sunt

1942 3005 2033 3070 qui
2093 3015 2297 3071 errant,
2354 3016 2408 3061 et
2462 3017 2768 3060 creaturam
2840 3018 2951 3071 prae
2999 3001 3260 3056 Creatore
3301 2997 3508 3052 colunt.

267 3087 454 3193 Ξέρσῳ
480 3088 537 3141 δὲ
585 3090 680 3142 καὶ
731 3089 930 3159 ἀλμάδι
984 3090 1232 3160 χαίρουσι
1271 3093 1362 3160 γῇ.
1420 3091 1660 3145 Τοιοῦτοί
1698 3109 1839 3155 τινες

1945 3093 2232 3164 Postquam
2267 3106 2446 3150 autem
2485 3095 2658 3149 vocati
2691 3103 2817 3149 sunt
2849 3097 2914 3147 ad
2945 3091 3276 3162 agnitionem
3313 3087 3515 3142 verita-

267 3175 412 3249 ἦσαν
447 3180 496 3232 οἱ
533 3180 904 3250 πλανώμενοι,
959 3183 1051 3234 καὶ
1088 3186 1154 3252 τῇ
1185 3185 1359 3236 κτίσει
1402 3185 1552 3256 παρά
1604 3185 1696 3237 τὸν
1731 3185 1845 3238 κτί-

272 3285 444 3323 σαντα
466 3269 837 3341 λατρεύοντες.
882 3272 1097 3342 Ἐπειδὴ
1146 3272 1202 3324 δὲ
1229 3273 1520 3340 κέκληνται
1554 3274 1689 3344 πρὸς
1729 3275 1848 3327 ἐπί-

271 3377 474 3429 γνωσιν
497 3361 769 3431 ἀληθείας,
786 3361 1013 3430 ἀφέντες
1031 3363 1091 3415 τὸ
1121 3358 1257 3417 εἶναι
1281 3365 1489 3436 στοίση,
1510 3367 1603 3419 καὶ
1627 3366 1845 3430 κόνυζα,

277 3454 768 3523 μετακεχωρήκασι
803 3455 1007 3526 νοητῶς
1039 3458 1117 3533 εἰς
1148 3457 1214 3510 τὰ
1248 3457 1462 3526 εὐμήκη
1494 3458 1586 3510 καὶ
1618 3457 1850 3527 εὐοσμό-

274 3557 413 3595 τατα
452 3540 559 3593 τῶν
587 3542 790 3610 φυτῶν.
827 3545 1238 3614 Χρηματίζουσι
1265 3545 1375 3616 γάρ
1392 3544 1730 3616 κυπάρισσος
1757 3546 1852 3600 καὶ

277 3631 539 3702 μυρσίνη.
576 3632 732 3702 Μέγα
752 3633 929 3687 τοίνυν
957 3634 1016 3686 τὸ
1045 3634 1228 3704 θαῦμα
1253 3635 1345 3688 τοῦ
1367 3635 1729 3704 γηπονοῦντος
1753 3636 1853 3708 τήν

289 3722 640 3792 Ἐκκλησίαν,
674 3724 939 3786 τουτέστι,
979 3725 1074 3778 τοῦ
1117 3726 1374 3796 Χριστοῦ.
1408 3727 1710 3798 Μεθίστησι
1746 3727 1854 3796 γάρ

277 3813 378 3877 τὰς
410 3814 652 3878 ἀκάνθας
680 3816 758 3878 εὶς
785 3815 854 3868 τά
878 3817 1071 3886 εὐγενῆ
1102 3819 1194 3870 καὶ
1221 3819 1470 3887 ἐξαίρετα
1497 3819 1604 3872 τῶν
1650 3819 1853 3886 φυτῶν,

281 3905 376 3957 καὶ
420 3905 638 3975 ἑτέρους
685 3905 800 3960 ἀνθ’
839 3907 1042 3977 ἑτέρων
1070 3908 1362 3976 ἀποφαίνει
1411 3909 1692 3981 πατρικῶς
1729 3907 1852 3980 [γιο.

283 3997 710 4068 πνευματικῶςι.
744 3998 1063 4068 Εύρήσομεν
1109 4000 1166 4052 δὲ
1215 4000 1364 4052 τουτὶ
1422 4001 1640 4068 γεγονὸς
1680 4001 1772 4053 καὶ
1801 4001 1859 4053 ὲν

281 4086 396 4149 τοῖς
427 4085 486 4150 ἐξ
511 4086 737 4156 αἵματος
777 4088 1010 4159 Ἰσραήλ.
1030 4087 1221 4158 Στοιϐὴ
1249 4087 1356 4158 γὰρ
1375 4089 1529 4152 ὄντες
1550 4090 1640 4141 καὶ
1661 4089 1861 4153 κόνυζά

286 4191 417 4228 ποτε
457 4177 733 4240 Ματθαῖος
763 4178 855 4230 καὶ
884 4176 1112 4240 Παῦλος
1159 4178 1187 4229 ό
1228 4179 1323 4248 μὲν
1357 4178 1464 4247 γὰρ
1492 4173 1560 4248 ἦν
1606 4177 1857 4247 τελώνης,

286 4269 318 4319 6
352 4267 410 4320 δὲ
459 4267 693 4337 διώκτης
751 4269 843 4322 καὶ
890 4269 1181 4340 ὐὸριστής·
1242 4269 1525 4339 φωστῆρες
1573 4268 1863 4337 γεγόνασιν

287 4361 676 4430 οἰκουμενικοὶ,
730 4363 822 4413 καὶ
876 4361 1110 4430 Χριστὸν
1165 4358 1549 4422 εὐωδιάζουσιν
1594 4360 1651 4410 ὲν
1701 4357 1864 4410 παντὶ

1950 3185 2038 3248 tis,
2071 3189 2242 3240 stmba
2270 3195 2325 3240 et
2344 3201 2549 3256 c0nyza
2582 3199 2701 3240 esse
2739 3184 3028 3247 desinunt,
3064 3197 3127 3237 ac
3153 3187 3385 3252 vergunt
3430 3180 3516 3232 in-

1950 3275 2295 3344 telligibiliter
2348 3277 2397 3329 iu
2457 3291 2705 3343 proceras
2743 3287 2798 3330 et
2838 3273 3232 3345 pulcherrimas
3273 3271 3516 3324 arbores.

1950 3363 2082 3419 Nam
2123 3369 2432 3436 cyparissus
2465 3377 2838 3435 nuncupantur
2892 3374 2950 3420 et
3000 3374 3229 3435 myrtus.
3265 3361 3517 3431 Magnum

1951 3451 2138 3519 itaque
2166 3461 2250 3506 est
2283 3452 2598 3507 miraculum
2645 3452 2760 3520 ejus
2791 3454 2882 3522 qui
2913 3451 3046 3508 colit
3097 3450 3418 3506 Ecclesiam.
3469 3446 3524 3502 id

1952 3550 2052 3606 est,
2100 3542 2321 3597 Christi.
2379 3543 2701 3614 Trauspouit
2753 3546 2900 3599 enim
2957 3544 3142 3616 spinas
3209 3544 3262 3597 in
3317 3540 3526 3596 nobiles

1954 3643 2007 3687 et
2046 3643 2361 3701 praestantes
2391 3634 2635 3700 arbores,
2663 3644 2718 3690 et
2758 3635 2893 3690 alias
2941 3649 3009 3690 ex
3041 3635 3161 3690 aliis
3189 3633 3319 3689 facit
3362 3632 3524 3703 spiri-

1958 3724 2192 3777 tualiter.
2221 3725 2330 3780 l‘loc
2373 3725 2567 3781 factum
2605 3740 2725 3780 esse
2771 3727 3107 3781 inveniemus
3135 3725 3186 3780 in
3244 3725 3525 3781 lsraelitis.

1967 3813 2254 3868 Matthaeus
2285 3817 2425 3870 enim
2457 3826 2512 3870 et
2536 3817 2755 3881 Paulus,
2786 3831 3014 3887 quorum
3042 3817 3134 3870 ille
3187 3815 3526 3886 publicanus,

1960 3905 2049 3958 hic
2077 3917 2393 3973 persecutor
2425 3916 2480 3960 et
2508 3907 2660 3963 ferox
2697 3915 2837 3972 erat,
2868 3923 2988 3962 cum
3021 3916 3204 3962 essent
3253 3906 3528 3976 quondam

1961 3998 2138 4052 stmba
2165 4009 2219 4053 et
2246 4013 2471 4069 conyza,
2500 4001 2623 4055 facti
2665 4011 2789 4055 sunt
2820 4001 2983 4055 totius
3031 3999 3180 4055 orbis
3205 3999 3416 4068 publica
3451 3997 3528 4051 lu-

1962 4091 2128 4154 mina,
2160 4099 2215 4143 et
2241 4089 2519 4145 Christum
2565 4095 2616 4144 in
2656 4092 2802 4146 oumi
2854 4091 2994 4157 loco,
3038 4099 3148 4144 tum
3179 4091 3230 4144 in
3279 4089 3530 4154 servatis,

1964 4187 2073 4231 tum
2134 4180 2185 4232 in
2229 4179 2456 4248 perditis
2538 4183 2800 4247 redolent,
2857 4182 3307 4251 quemadmodum
3361 4181 3532 4248 inquit

1962 4268 2164 4323 Paulus
2188 4270 2564 4324 sanctissimus
2576 4272 2667 4325 ⁸⁸⁵.
2693 4273 2846 4339 Quod
2878 4282 3054 4328 autem
3072 4273 3318 4328 omnium
3344 4272 3532 4325 borum

1964 4359 2340 4427 suppeditator
2368 4375 2430 4414 ac
2457 4362 2680 4430 largitor
2733 4373 2932 4416 aeterna
2979 4362 3149 4431 gloria
3190 4370 3244 4417 et
3301 4353 3551 4414 nominis

287 4451 460 4520 τόπῳ,
490 4450 548 4504 έν
573 4467 632 4503 τε
663 4454 774 4516 τοῖς
803 4451 1148 4521 σωζομένοις,
1197 4449 1290 4503 καὶ
1320 4451 1376 4502 ὲν
1396 4452 1511 4511 τοῖς
1556 4447 1839 4517 ἀπολλυμέι

1967 4448 2324 4515 perpetuitate
2381 4449 2451 4502 sit
2511 4449 2800 4517 potiturus,
2854 4450 3011 4503 docet
3066 4463 3188 4503 cum
3253 4447 3377 4500 ait:
3424 4444 3567 4510 Erit.

289 4557 424 4604 νοις,
458 4541 601 4594 καθά
631 4558 792 4611 φησιν
819 4543 847 4594 6
873 4541 1163 4612 ἱερώτατος
1188 4539 1547 4602 Παῦλος.Ὂτι
1581 4538 1639 4590 δὲ
1684 4538 1714 4590 ό
1739 4537 1864 4590 τού-

288 4648 399 4685 των
437 4632 651 4684 πάντων
703 4632 935 4703 χορηγὸς
985 4633 1080 4686 καὶ
1136 4631 1400 4702 πρύτανις
1435 4631 1492 4682 ὲν
1525 4628 1865 4698 ἀτελευτήτῳ

293 4723 535 4777 κείσεται
555 4723 680 4795 δόξῃ
696 4724 789 4778 καὶ
814 4723 1064 4795 διαμονῇ,
1088 4723 1328 4776 διδάσκει
1357 4721 1550 4789 λέγων,
1573 4721 1654 4773 ὅτι
1670 4718 1864 4773 Ἔσται

294 4814 500 4884 Κύριος
536 4817 614 4878 είς
639 4816 828 4885 ὀνομα,
861 4816 952 4869 καὶ
985 4815 1065 4878 είς
1103 4815 1330 4884 σημεῖον
1370 4809 1605 4874 αἰώνιον,
1636 4809 1729 4863 καὶ
1765 4809 1866 4862 οὐκ

295 4906 559 4975 ἐκλείψειο
588 4906 757 4978 ὄνομα
782 4908 840 4960 δέ
871 4925 1034 4978 φησιν
1068 4908 1125 4958 ὲν
1162 4903 1370 4966 τούτοις
1403 4902 1500 4972 τὴν
1533 4900 1689 4966 δόξαν
1712 4939 1726 4961 ,
1767 4915 1867 4968 ση-

300 4998 448 5066 μεῖον
480 4997 555 5059 δὲ,
585 4998 660 5062 ὥς
689 5017 752 5068 γε
805 4994 976 5069 οἶμαι,
1000 4999 1099 5067 τὴν
1127 4995 1218 5050 διὰ
1255 4991 1487 5065 σταυροῦ
1514 4989 1865 5061 φαιδρότητα,

1975 4537 2232 4592 Dominus
2259 4539 2311 4592 in
2345 4555 2537 4592 nomen
2568 4541 2696 4594 etin
2748 4541 2960 4608 signum
3016 4539 3424 4608 sempiternum,
3485 4545 3535 4591 et

1972 4641 2078 4680 non
2127 4628 2358 4682 deliciet.
2392 4627 2596 4682 Nomen
2633 4629 2718 4683 liic
2775 4640 2931 4683 vocat
2980 4629 3254 4698 gloriam;
3303 4627 3536 4695 signum,

1970 4727 2030 4773 ut
2058 4735 2156 4790 ego
2187 4721 2397 4788 quidem
2433 4735 2646 4786 censeo,
2665 4721 2841 4775 crucis
2864 4721 3224 4789 splendorem,
3257 4733 3351 4788 per
3379 4731 3536 4785 quam

1969 4810 2132 4863 etiam
2153 4811 2348 4864 servati
2382 4826 2586 4874 sumus,
2617 4811 2667 4863 in
2694 4827 2795 4878 qua
2827 4811 2988 4863 etiam
3016 4809 3217 4877 iugiter
3247 4821 3534 4877 permane-

1969 4887 2167 4954 himus.
2199 4898 2482 4967 Nunquam
2511 4900 2651 4953 enim
2683 4898 2796 4967 ejus
2826 4899 2998 4968 gratia
3023 4898 3131 4952 ullo
3150 4906 3391 4965 tempore
3445 4903 3538 4948 aut

1973 4990 2132 5044 modo
2165 5007 2261 5044 nos
2285 4992 2516 5045 deliciet.

295 5086 364 5140 δι’
391 5080 452 5141 οῦ
479 5089 573 5143 καὶ
612 5088 928 5159 σεσώσμεθα
956 5130 970 5154 ,
1023 5087 1260 5156 ἐσόμεθα
1327 5084 1383 5137 δὲ
1424 5080 1812 5150 ἀκαταλήκτως
1879 5077 1937 5129 ἐν
1973 5078 2165 5148 τούτῳ.
2211 5080 2478 5151 Ἐκλείψει
2527 5085 2633 5154 γὰρ
2662 5086 2790 5156 ἡμῖν
2821 5084 2853 5154 ἡ
2885 5083 3014 5152 παρ’
3040 5077 3206 5133 αὐτοῦ
3233 5078 3392 5147 χάρις
3422 5071 3539 5126 κατ’

297 5185 488 5239 οὐδένα
509 5184 696 5256 καιρὸν
719 5185 752 5255 ἢ
781 5184 1000 5255 τρόπον.

809 5319 1039 5372 ΤΟΜΟΣ
1094 5317 1356 5370 ΤΡΙΤΟΣ.

381 5461 522 5515 Ἰὰὄε
560 5458 721 5527 λέγει
751 5458 992 5524 Κύριος·
1028 5453 1425 5508 Φυλάσσεσθε
1455 5450 1676 5516 κρίσιν.
1701 5444 1872 5510 ποιή-

299 5569 449 5606 σατε
477 5552 896 5618 δικαιοσύνην.
924 5551 1166 5618 "Hm-me
1193 5547 1300 5616 γὰρ
1327 5545 1394 5599 τὸ
1424 5542 1720 5611 σωτήριόν
1755 5556 1871 5608 μου

375 5735 420 5765 ⁸⁷
446 5733 648 5802 Philip.
683 5747 753 5799 Iv,
791 5731 840 5786 l.
918 5730 961 5760 “
993 5728 1154 5783 Cant.
1187 5741 1239 5795 v,
1280 5729 1323 5780 l.
1403 5725 1469 5756 "‘
1508 5724 1546 5778 ll
1576 5723 1700 5777 Cor.
1736 5738 1796 5787 It,
1835 5720 1926 5774 l6.

2352 5304 2516 5375 736
2555 5303 2788 5360 Touus
2848 5301 3165 5358 manus.

2047 5442 2176 5496 Car.
2207 5439 2340 5495 LVI.
2370 5439 2532 5496 Vsus.
2570 5441 2778 5496 l.'Ha:c
2802 5439 2927 5493 dicit
2954 5437 3206 5492 Dominus
3239 5432 3545 5513 :Cuslodile

1970 5533 2278 5603 judicium,
2336 5533 2492 5602 facile
2547 5533 2830 5602 justitiam.
2895 5524 3338 5600 Appr'Opinquavit
3385 5523 3543 5592 genitu
