4140 6560
572 392 708 447 1259

1562 391 1619 445 S.
1662 390 1932 445 CYRILLI
1969 384 2437 444 ALEXANDRINI
2479 380 2795 439 ARCHIEP.

3688 377 3830 430 {240

571 490 808 542 salutare
852 504 1018 540 meum
1090 496 1144 539 ut
1205 488 1396 550 veniat,
1427 498 1472 540 et
1507 488 1873 541 misericordia
1908 504 2048 552 mea,
2083 498 2137 541 ut

2267 482 2683 553 παραγενέσθαι
2706 522 2721 544 ,
2774 481 2869 533 καὶ
2925 481 2989 532 τὸ
3042 477 3216 541 ἔλεός
3286 494 3405 546 μου
3467 476 3829 539 ἀποκαλυφ-

572 576 819 647 pateﬁat.
912 614 963 661 θ

646 667 719 721 De
749 667 984 736 gentium
1037 665 1318 720 vocatione
1387 682 1483 735 per
1554 666 1735 730 ﬁdem,
1792 670 2043 724 videlicet
2090 670 2145 723 in

571 754 807 822 Christo,
856 756 1095 823 pluribus
1147 757 1323 811 verbis
1371 758 1483 825 egit
1541 760 1593 811 in
1645 760 1803 827 paulo
1854 761 2145 830 superiori-

573 850 675 903 bus
718 867 730 902 :
780 862 887 916 quo
925 851 1193 913 conlecto,
1225 852 1416 904 transit
1443 852 1635 903 iterum
1672 853 1738 904 ad
1771 851 2143 906 commonefa-

572 938 821 991 ciendum
857 936 1146 991 Israelitas.
1198 938 1399 992 Natura
1425 941 1568 994 enim
1596 942 1767 994 bonus
1792 942 1929 995 Deus
1960 957 2149 997 omnes

575 1020 819 1082 homines
855 1029 964 1081 Vult
1001 1030 1180 1084 salvos
1216 1029 1351 1095 ﬁeri,
1400 1040 1453 1083 et
1488 1032 1552 1084 ad
1585 1032 1915 1100 agnitionem
1943 1033 2144 1085 verita—

578 1120 645 1172 tis
668 1116 855 1174 venire
877 1118 990 1176 ⁶⁸·⁶.
1030 1121 1292 1187 Quoniam
1322 1131 1504 1176 autem
1542 1123 1788 1177 solebant
1817 1133 2038 1192 propter
2062 1140 2151 1177 nos

577 1206 837 1263 bilitatem
868 1220 1076 1276 patrum
1116 1211 1461 1279 supercilium
1511 1210 1715 1274 tollere,
1744 1219 1796 1264 et
1821 1211 1923 1264 hac
1950 1211 2061 1265 sola
2084 1212 2151 1266 de

578 1313 738 1351 causa
759 1299 926 1354 altum
957 1316 1165 1369 sapere,
1195 1310 1249 1356 et
1270 1302 1394 1369 quia
1429 1301 1529 1354 hoc
1563 1302 1664 1355 sibi
1693 1302 1961 1370 putabant
2008 1304 2144 1357 satis

578 1394 717 1451 esse,
750 1388 960 1443 etiamsi
1011 1388 1152 1443 nulla
1195 1391 1374 1460 proba:
1408 1390 1528 1443 vita:
1562 1390 1677 1444 laus
1727 1390 1967 1445 eluceret
1993 1432 2007 1455 ,
2055 1407 2150 1446 cn-

582 1484 740 1531 natur
791 1481 1019 1547 probare
1052 1480 1264 1535 inanem
1295 1480 1413 1536 fure
1460 1481 1568 1535 illis
1623 1482 1846 1536 omnino
1903 1484 1955 1536 in
2005 1483 2154 1538 hisce

584 1568 741 1623 rebus
773 1578 1035 1624 tumorem
1061 1592 1073 1626 :
1102 1572 1194 1626 sed
1218 1588 1311 1628 eos
1343 1574 1500 1628 docet
1524 1573 1887 1628 excellentem
1922 1574 2152 1643 gloriam

583 1660 861 1728 consequi,
896 1664 987 1732 qui
1014 1678 1077 1716 ea
1118 1679 1237 1732 qua:
1287 1664 1524 1734 injuncta
1581 1674 1730 1725 sunt.
1758 1675 2152 1734 exsequuntur,

583 1750 708 1803 etin
739 1751 901 1806 factis
930 1748 1267 1820 splendorem
1329 1756 1593 1810 ambiunt.
1634 1754 1915 1810 Custodite
1969 1756 2152 1825 igitur,
2202 1756 2208 1761 ’

2249 575 2445 641 θῆναιε

2315 664 2449 734 Περὶ
2477 666 2576 733 τῆς
2598 662 2705 714 τῶν
2726 661 2895 714 ὲθνῶν
2925 660 3168 729 κλήσεως
3206 658 3306 726 τῆς
3336 657 3425 709 διὰ
3450 656 3712 714 πίστεως,
3734 652 3826 717 δη-

2245 754 2417 807 λονότι
2446 753 2545 823 τῆς
2572 754 2629 804 ἐν
2659 751 2903 821 Χριστῷ,
2935 749 3175 819 μακροὺς
3209 746 3502 817 πεποίηται
3546 745 3742 809 λόγως
3776 742 3833 791 ὲν

2246 846 2358 906 τοῖς
2384 843 2575 895 ἀνόπιν
2600 841 2797 910 βραχὺ,
2828 838 3163 907 διαπεράνας
3179 838 3235 889 δὲ
3250 834 3406 887 τοῦτο
3429 834 3642 902 μέτεισι
3674 829 3833 882 πάλιν

2247 935 2339 987 ἐπὶ
2372 934 2431 986 τὸ
2466 933 2662 1002 χρῆναι
2711 930 2980 984 νουθετεῖν
3005 930 3132 990 τοὺς
3176 927 3237 990 ἐξ
3289 926 3526 994 αἵματος
3590 918 3832 989 Ἰσραήλ»

2247 1024 2410 1076 Φύσει
2440 1022 2550 1092 γὰρ
2581 1021 2843 1091 ὑπάρχων
2872 1019 3074 1087 ἀγαθὸς
3107 1019 3313 1078 πάντας
3341 1013 3669 1083 ἀνθρώπους
3695 1010 3836 1062 θέλει

2252 1115 2510 1184 σωθῆναι,
2543 1114 2635 1166 καὶ
2664 1116 2742 1175 εἰς
2774 1112 3069 1179 ἐπίγνωσιν
3100 1108 3353 1177 ἀληθείας
3374 1106 3569 1159 ἐλθεῖν,
3618 1099 3838 1169 Ἐπειδὴ

2248 1207 2306 1259 δὲ
2329 1203 2396 1277 ἦν
2430 1205 2548 1267 ἔθος
2564 1205 2745 1267 αὐτοῖς
2777 1204 2870 1256 ἐπὶ
2896 1205 2961 1272 τῇ
3006 1202 3118 1253 τῶν
3163 1199 3417 1266 πατέρων
3452 1195 3715 1263 εὐγενείᾳ
3745 1194 3841 1261 τὴν

2252 1298 2318 1364 ὀφ
2328 1298 2423 1367 ρῦν
2441 1296 2710 1365 ἀνασπᾷν,
2729 1294 2824 1346 καὶ
2851 1293 2992 1362 μέγα
3016 1289 3255 1360 φρονεῖν,
3278 1289 3361 1340 ἐπ’
3387 1278 3619 1355 αύτῷδὴ
3642 1284 3836 1349 τούτῳ,

2252 1390 2348 1443 καὶ
2380 1388 2545 1457 μόνῳ,
2590 1388 2685 1439 καὶ
2712 1386 3044 1453 ἀποχρήσειν
3078 1382 3262 1441 αὐτοῖς
3290 1377 3497 1430 οἴεσθαι
3531 1374 3721 1432 ταυτὶ,
3754 1372 3843 1424 ml.

2254 1481 2302 1531 et
2330 1479 2405 1548 μὴ
2446 1478 2605 1547 μετὸν
2634 1476 2806 1547 ὁρῷτο
2825 1475 2925 1543 τῆς
2950 1472 3183 1535 εὐζωῖας
3208 1471 3269 1523 τὸ
3305 1468 3591 1537 καύχημα,
3645 1465 3839 1532 σιεεειρὶ⁸

2252 1587 2343 1623 ται
2373 1570 2760 1640 πληροφορεῖν,
2800 1567 2876 1629 ὡς
2900 1567 3108 1618 εἰκαῖον
3155 1560 3337 1623 αὐτοῖς
3372 1560 3524 1613 ἔσται
3565 1555 3841 1615 παντελῶς

2253 1662 2315 1715 τὺ
2349 1662 2441 1714 ἐπὶ
2486 1661 2665 1729 τούτῳ
2716 1659 2964 1728 φύσημα,
3014 1656 3169 1719 δόξαν
3200 1653 3257 1706 δὲ
3300 1648 3501 1721 μᾶλλον
3552 1647 3842 1714 ἀποφαίνει

2255 1752 2515 1822 λαχόντας
2548 1750 2845 1821 θεοπρεπῆ.
2869 1748 2929 1801 τὸ
2962 1744 3202 1817 πληροῦν
3229 1740 3444 1796 ἑλέσθαι
3465 1741 3534 1793 τὰ
3559 1736 3844 1801 διατεταγ-

584 1841 780 1910 inquit,
808 1842 1093 1910 judicium,
1126 1844 1177 1899 id
1212 1854 1314 1909 est,
1345 1858 1553 1900 rectum
1607 1845 1890 1913 judicium,
1931 1824 2013 1899 vel
2069 1846 2151 1901 di-

2267 1844 2412 1913 aéva,
2464 1843 2559 1897 atati.
2587 1843 2650 1895 τὸ
2694 1842 2793 1912 τὴν
2834 1842 2892 1891 ἐν
2929 1839 3109 1909 ἔργοις
3145 1833 3482 1903 φαιδρότητα
3534 1824 3847 1899 μεταποιεῖ·

584 1932 710 1984 vina
760 1931 982 1999 judicia,
1045 1934 1252 1995 scilicet
1306 1937 1578 1990 mandata.
1634 1936 1817 1991 Facite
1867 1938 2154 2007 justitiam.

587 2018 704 2073 Non
734 2022 876 2075 enim
908 2023 1064 2077 modo
1079 2024 1274 2078 divinis
1309 2023 1512 2094 legibus
1530 2026 1665 2079 velle
1686 2026 1966 2081 adhaerere
2025 2028 2158 2083 satis

586 2116 691 2171 est,
724 2118 777 2164 et
809 2122 839 2162 a
872 2111 1161 2178 praestandi
1197 2128 1260 2166 ac
1289 2113 1602 2182 perﬁciendi
1641 2115 1816 2170 obicio
1856 2116 2155 2183 discedere,

588 2199 684 2253 sed
740 2200 952 2269 oportet
1008 2217 1171 2271 porro
1220 2215 1498 2263 sacrorum
1541 2205 1871 2273 judiciorum
1910 2209 2162 2263 custodes

593 2302 877 2357 apparere,
921 2300 975 2346 et
1002 2293 1147 2346 oumi
1178 2295 1442 2349 bonorum
1466 2310 1688 2363 operum
1720 2312 1918 2365 genere
1978 2296 2159 2351 excel-

611 2392 725 2432 ere.
761 2378 839 2434 Ne
864 2392 990 2434 vero
1017 2381 1138 2449 Quis
1170 2388 1415 2449 nostrum
1448 2390 1598 2451 putet
1640 2384 1722 2437 bis
1752 2385 1931 2439 verbis
1986 2382 2162 2440 Israe-

594 2466 716 2522 litas
731 2467 796 2521 ad
824 2467 1258 2523 observationem
1285 2469 1439 2537 legis,
1456 2484 1575 2537 qua:
1600 2472 1650 2521 in
1678 2470 1886 2524 umbris
1902 2471 2159 2524 nimirum

592 2558 693 2612 sita
749 2566 833 2612 est
871 2568 925 2612 et
976 2560 1028 2613 in
1084 2561 1243 2630 typis,
1306 2560 1528 2614 excitari
1578 2579 1591 2614 :
1633 2560 1963 2627 justiﬁcatur
2020 2561 2161 2616 enim

598 2664 757 2702 nemo
804 2648 859 2703 in
912 2649 1028 2718 lege
1074 2651 1212 2719 apud
1266 2651 1454 2716 Deum,
1482 2652 1932 2720 quemadmodum
1972 2644 2167 2707 Paulus

594 2737 683 2792 ille
710 2748 789 2792 ter
822 2741 1055 2807 optimus
1084 2734 1395 2817 scripsit”:
1426 2756 1593 2809 prope
1623 2758 1743 2795 esse
1772 2743 1902 2795 dicit
1932 2744 2168 2799 salutare

596 2844 779 2895 suum,
814 2838 868 2884 et
905 2831 1327 2886 misericordiam
1354 2834 1806 2903 patefaciendam.
1856 2834 2166 2891 Misericor-

598 2921 739 2974 dlam
773 2932 828 2976 et
857 2923 1099 2978 salutare
1120 2937 1278 2984 vocat
1306 2926 1580 2981 Christum
1614 2944 1627 2981 :
1657 2943 1753 2997 per
1792 2927 1965 2994 ipsum
2022 2929 2165 2982 enim

596 3011 1027 3066 miscricordiam
1073 3014 1252 3084 adepti
1317 3030 1527 3082 sumus,
1574 3027 1627 3071 et
1686 3018 2058 3072 remissionem
2104 3035 2170 3074 ac

598 3101 825 3157 salutem
859 3118 952 3174 per
987 3102 1144 3161 ﬁdem
1170 3106 1360 3161 lucrati
1388 3126 1401 3162 ι
1438 3106 1626 3163 Simile
1659 3122 1777 3162 esse
1803 3102 2034 3164 dicimus
2072 3110 2173 3164 hoc

2260 1935 2385 1988 σθαι
2415 1935 2611 2004 φιλεῖν.
2645 1932 2852 1985 Οὐκοῦν
2893 1929 3254 1999 φυλάσσεσθε,
3284 1928 3438 1995 φησὶ,
3464 1923 3677 1992 κρίσιν,
3698 1934 3851 1969 τους-

2260 2027 2397 2090 ἐστι,
2417 2026 2514 2095 τὴν
2535 2022 2907 2095 ὀρθοκρισίαν,
2932 2024 3049 2092 ἦτοι
3072 2020 3141 2072 τά
3166 2017 3285 2072 θεῖα
3309 2017 3585 2087 κρίματα,
3614 2006 3780 2079 δῆλον
3796 2006 3850 2059 εὶ

2259 2118 2339 2169 ὅτι
2369 2114 2465 2177 τὰς
2491 2114 2730 2175 ἐντολάς.
2769 2114 2978 2165 Ποιεῑτε
2999 2107 3364 2177 δικαιοσύνην
3392 2105 3454 2157 ού
3489 2102 3605 2171 γὰρ
3631 2100 3849 2170 ἀρκέσει

2265 2207 2422 2277 μόνον
2455 2206 2516 2259 τὸ
2544 2205 2833 2274 βούλεσθαι
2867 2204 2965 2270 μὲν
3006 2204 3117 2265 τοῖς
3161 2200 3327 2260 θείοις
3370 2194 3742 2265 προσκεῖσθαι
3774 2190 3849 2238 ν(-

2265 2311 2407 2363 μοις,
2434 2294 2733 2362 ἀποφοιτᾷν
2759 2292 2813 2343 δὲ
2847 2289 2940 2344 τοῦ
2975 2289 3175 2360 χρῆναι
3207 2285 3587 2355 διαπεραίνειν
3617 2278 3815 2335 αὐτούς
3835 2292 3847 2304 ·

2260 2384 2342 2437 δεῖ
2369 2384 2426 2436 δὲ
2450 2384 2696 2452 φύλακας
2720 2382 2948 2453 ὁρᾶσθαι
2972 2380 3081 2433 τῶν
3100 2379 3261 2449 ἱερῶν
3284 2376 3597 2445 χριμάτων,
3635 2372 3851 2438 διαπρέ-

2262 2493 2385 2531 πειν
2411 2492 2470 2528 τε
2501 2475 2634 2544 πρὸς
2659 2474 2835 2543 τούτῳ
2863 2473 2950 2525 διά
2993 2472 3173 2542 πάσης
3224 2465 3618 2537 ἁταθουργίας.
3655 2457 3775 2513 Ἵνα
3801 2461 3851 2513 δὲ

2267 2568 2341 2638 μή
2382 2583 2466 2630 τις
2489 2565 2667 2637 οἴηται
2697 2565 2805 2616 τῶν
2828 2564 2949 2616 καθ’
2988 2564 3137 2632 ἡμᾶς
3174 2562 3266 2613 ἐπὶ
3298 2559 3393 2629 τὴν
3432 2557 3529 2610 τοῦ
3564 2556 3749 2624 νόμου
3771 2555 3853 2621 τῆς·

2268 2675 2445 2729 ρησιν,
2482 2659 2580 2728 τὴν
2603 2658 2678 2720 ὡς
2718 2656 2774 2709 ἐν
2799 2656 2863 2724 γέ
2895 2672 3036 2725 φημι
3065 2657 3243 2716 σκιαῖς
3284 2670 3342 2705 τε
3389 2651 3483 2703 καὶ
3512 2648 3717 2708 τύποις
3758 2662 3852 2696 πα-

2269 2748 2603 2819 ραθήγεσθαι
2643 2747 2730 2800 διὰ
2779 2746 2985 2799 τούτων
3018 2748 3140 2807 τοὺς
3166 2744 3225 2808 ἐξ
3267 2742 3514 2813 Ἰσραήλ·
3548 2737 3851 2792 δικαιοῦται

2265 2839 2374 2910 γὰρ
2394 2838 2565 2900 οὐδεὶς
2591 2840 2647 2890 ὲν
2670 2838 2818 2907 νόμῳ
2857 2836 3006 2906 παρὰ
3049 2834 3190 2905 Θεῷ,
3236 2833 3381 2887 καθὰ
3419 2828 3667 2902 γέγραφέ
3716 2844 3855 2879 τισιν

2266 2931 2294 2982 ὁ
2320 2930 2650 3000 πανάριστος
2683 2928 2890 2991 Παῦλος
2908 2944 2922 2958 ·
2946 2929 3112 2995 ἐγγὺς
3145 2921 3282 2978 εἶναι
3313 2939 3443 2994 φησι
3473 2923 3535 2974 τὸ
3562 2922 3715 2990 σωτῆ
3730 2935 3852 2988 pm,

2268 3019 2458 3073 καὶτὸ
2505 3018 2652 3081 ἕλεος
2696 3018 2867 3071 αὑτοῦ
2912 3014 3389 3084 ἀποκαλυφθῆναι.
3451 3012 3646 3072 Ἔλεος
3674 3010 3741 3061 δὲ
3770 3010 3854 3059 καὶ

2272 3112 2536 3181 σωτήριον
2566 3108 2820 3179 ὀνομάζει
2841 3111 2885 3161 Χ
2894 3108 3098 3179 ριστάνο
3130 3102 3408 3177 ἡλεήμεθα
3443 3104 3551 3175 γάρ
3572 3104 3642 3155 δι’
3662 3100 3853 3187 αὑτοῦ,

601 3192 673 3246 illi
721 3194 863 3263 quod
890 3210 918 3247 a
952 3194 1059 3249 Deo
1079 3196 1281 3251 dictum
1312 3205 1395 3252 est
1450 3198 1517 3251 ad
1567 3200 1783 3253 beatum
1845 3198 2166 3254 Abbacum:

2271 3200 2371 3269 τὴν
2418 3199 2508 3253 διὰ
2533 3199 2766 3263 πίστεως
2793 3200 2986 3269 ἄφεσιν
3011 3198 3106 3251 καὶ
3137 3196 3407 3267 σωτηρίαν
3434 3193 3855 3262 ἀποκερδαίνον-

608 3302 627 3334 ι
664 3285 854 3339 Adhuc
879 3286 1176 3355 paululum,
1206 3289 1295 3357 qui
1329 3288 1699 3353 venitveniet,
1727 3298 1780 3343 et
1804 3306 1907 3344 non
1964 3306 2172 3346 moram

602 3378 781 3432 trahet
807 3378 875 3432 ⁷⁸.
912 3399 930 3430 ι
980 3378 1250 3445 Pateﬁeri,
1294 3381 1423 3436 dicit
1452 3397 1549 3449 pro
1576 3382 1934 3439 manifestari.
1996 3383 2177 3454 Siqui-

604 3472 726 3525 dem
803 3472 1231 3539 prasnuntiarunt
1314 3474 1455 3528 beati
1526 3476 1802 3544 pr0pheta:
1870 3476 2178 3533 Servatoris

605 3561 931 3625 adventum,
972 3556 1153 3632 ηδτ
1215 3572 1270 3617 et
1327 3562 1627 3631 patefactus
1679 3574 1761 3621 est
1818 3567 2176 3633 mortalibus,

606 3652 829 3722 quando
872 3653 1439 3721 pOtenti.dominatori
1475 3657 1646 3710 visum
1677 3666 1784 3712 est.
1816 3657 1971 3724 Quod
2014 3659 2176 3714 etiam

606 3742 824 3798 divinus
864 3741 1030 3798 David
1053 3744 1287 3806 docebit.
1318 3742 1537 3801 dicens:
1599 3766 1618 3799 ι
1649 3747 1847 3803 Notum
1879 3748 2013 3803 fecit
2078 3750 2180 3805 Do-

609 3836 787 3890 minus
814 3835 1049 3891 salutare
1080 3853 1257 3899 suum,
1283 3839 1335 3890 in
1372 3850 1662 3909 conspectu
1706 3842 1946 3910 gentium
1973 3843 2179 3896 revela.

606 3926 964 3996 vitjustitiam
983 3944 1133 3983 suam
1164 3927 1232 3983 7‘.
1258 3947 1276 3980 ι
1304 3924 1680 3986 Mauil‘estatus
1705 3932 1849 3987 enim
1904 3941 1989 3987 est
2025 3932 2179 3986 Chri-

614 4028 731 4075 stus
771 4020 1046 4089 gentibus,
1087 4022 1177 4092 qui
1213 4032 1297 4077 est
1340 4022 1579 4077 salutare
1625 4031 1678 4078 et
1706 4025 1918 4093 justitia
1941 4063 1956 4088 ,
1984 4024 2180 4093 quippe

608 4111 664 4166 in
701 4112 837 4180 ipso,
862 4112 1048 4181 utjam
1078 4113 1206 4176 dixi,
1244 4112 1382 4169 Deus
1424 4130 1485 4169 ac
1522 4115 1681 4170 Pater
1731 4131 1832 4171 nos
1864 4115 2098 4171 servavit
2127 4122 2175 4167 et

605 4205 944 4274 justiticavit.

2276 3308 2385 3354 τες.
2422 3291 2629 3354 Ἐοικὸς
2646 3286 2787 3345 εἶναι
2808 3289 3180 3359 φαμενςτούτῳ
3195 3286 3255 3341 τὸ
3278 3286 3563 3357 εἰρημένον
3587 3284 3683 3356 [3L
3700 3282 3858 3335 τοῦτο

2276 3382 2354 3452 τῷ
2392 3380 2687 3453 εἰρημένῳ]
2716 3382 2867 3451 παρὰ
2896 3378 3032 3433 Θεοῦ
3059 3379 3197 3450 πρὸς
3225 3377 3314 3430 τὸν
3345 3375 3615 3447 μακάριον
3662 3372 3856 3425 166a-

2277 3476 2438 3545 κούμο
2464 3494 2481 3525 ι
2497 3475 2621 3541 Ἔτι
2649 3473 2865 3544 μικρὸν,
2883 3475 2911 3526 ὁ
2934 3471 3225 3542 ἐρχόμενος
3242 3469 3379 3540 ῆξει,
3398 3467 3491 3520 καὶ
3508 3468 3570 3519 ού
3597 3466 3852 3536 χρονιεὶι

2279 3566 2355 3625 Τὸ
2378 3566 2438 3619 δέ
2465 3584 2527 3635 γε
2556 3563 3008 3632 ἀποκαλυφθῆναι
3046 3575 3232 3632 φησιν,
3266 3560 3387 3614 ἀντὶ
3424 3558 3520 3611 τοῦ
3546 3556 3857 3625 φανερωθῆά

2278 3674 2393 3711 ναι·
2424 3655 2874 3728 προαπήγγελλσν
2916 3654 3015 3723 μὲν
3049 3651 3160 3722 γὰρ
3194 3654 3244 3705 οἱ
3297 3651 3554 3721 μακάριοι
3584 3648 3855 3718 προφῆται

2277 3748 2373 3801 τοῦ
2406 3749 2656 3819 Σωτῆρος
2683 3747 2781 3817 τὴν
2808 3744 2992 3815 ἄφιξιν
3015 3759 3029 3773 ’
3065 3744 3255 3813 γέγονε
3278 3743 3333 3795 δὲ
3363 3744 3476 3804 τοῖς
3505 3741 3601 3792 ἐπὶ
3644 3739 3746 3808 τῆς
3765 3736 3856 3805 γῆς

2280 3837 2517 3907 ἐναργὴς
2541 3839 2598 3889 ὲν
2640 3838 2853 3905 καιροῖς
2873 3874 2887 3894 ,
2929 3834 3052 3887 καθ’
3085 3831 3182 3894 οὓς
3214 3830 3478 3900 ἠθέλησεν
3504 3830 3535 3880 ὁ
3553 3826 3820 3892 δυνάστης
3840 3843 3851 3853 °

2280 3928 2376 3981 καὶ
2401 3928 2559 3980 τοῦτο
2583 3927 2786 3991 διδάξει
2817 3926 2989 3993 λέγων
3015 3926 3042 3977 ὁ
3066 3923 3353 3983 θεσπέσιος
3373 3918 3537 3973 Δαῦίδ
3560 3935 3574 3949 ·
3616 3936 3637 3968 ι
3670 3914 3855 3982 Ἑτνώυ

2283 4032 2398 4085 ρισε
2435 4015 2639 4086 Κύριος
2659 4016 2719 4068 τὸ
2746 4017 3011 4085 σωτήριον
3036 4011 3221 4075 αὑτοῦ,
3275 4011 3518 4063 ἐναντίον
3550 4008 3664 4060 τῶν
3700 4005 3853 4059 ἐθνῶν

2282 4105 2598 4174 ἁπεκάλυψε
2649 4106 2747 4175 τὴν
2777 4104 3129 4173 δικαιοσύνην
3164 4101 3351 4155 αὐτοῦ.
3390 4121 3408 4153 ι
3471 4100 3850 4169 Πεφανέρωτιιι

2282 4197 2390 4268 γὰρ
2420 4201 2531 4259 τοῖς
2563 4198 2739 4250 ἔθνεσι
2778 4197 3034 4269 Χριστὸς,
3065 4196 3124 4258 ὃς
3168 4196 3287 4247 ἐστι
3336 4194 3622 4263 σωτήριον,
3655 4193 3747 4243 καὶ
3782 4189 3851 4241 δι-

2283 4288 2563 4359 καιοσύνη’
2596 4289 2671 4351 ὡς
2703 4288 2809 4359 γὰρ
2837 4289 2972 4358 ἔφην
3021 4288 3241 4358 ἀρτίως,
3276 4288 3484 4340 σέσωκέ
3519 4305 3577 4339 τε
3602 4288 3698 4339 καὶ
3726 4286 3848 4338 δεδε-

2184 4424 2194 4436 ,
2284 4380 2519 4432 καίωκεν
2551 4381 2698 4450 ἡμᾶς
2731 4381 2759 4431 ὁ
2788 4379 2921 4444 Θεὸς
2948 4380 3041 4432 καὶ
3079 4373 3270 4449 Πατὴρ
3292 4379 3348 4430 ὲν
3383 4376 3552 4446 αὐτῷ.

688 4467 850 4523 Vens.
903 4469 957 4522 2.
991 4468 1185 4522 Beatus
1217 4469 1291 4521 vir
1341 4467 1430 4536 qui
1482 4467 1608 4535 facit
1626 4465 1755 4531 ha'c,
1785 4477 1833 4519 et
1877 4466 2029 4519 homo
2094 4481 2183 4532 qut

2354 4470 2653 4539 Μακάριος
2686 4470 2843 4538 ἀνὴρ
2874 4474 2906 4525 ό
2946 4470 3131 4524 ποιῶν
3162 4471 3372 4532 ταῦτα,
3409 4469 3509 4521 καὶ
3555 4468 3845 4530 ἄνθρωπ’(

610 4565 797 4619 retinet
830 4563 961 4624 hac,
996 4572 1041 4613 et
1071 4561 1296 4615 custodit
1338 4561 1587 4625 Sabbata,
1613 4570 1667 4612 ut
1709 4576 1811 4612 non
1837 4559 2075 4627 profanat
2096 4575 2167 4622 ea,

2284 4561 2316 4611 ὀ
2339 4559 2738 4627 ἀντεχόμενος
2767 4559 2984 4621 αὐτῶν,
3010 4558 3107 4612 καὶ
3136 4557 3478 4627 φυλάσσων
3506 4557 3579 4609 τὰ
3599 4555 3851 4609 Σάεσυτά

610 4669 658 4711 et
680 4664 850 4711 servat
878 4672 1063 4709 manus
1087 4671 1232 4717 suas,
1256 4670 1317 4706 ne
1347 4652 1545 4722 faciant
1572 4653 1909 4721 injustitiam.

681 4829 920 4897 Cognata
949 4838 1073 4883 sunt
1098 4827 1339 4895 haccjam
1373 4827 1553 4885 dictis.
1597 4835 1651 4880 et
1691 4827 1876 4880 eodem
1909 4826 2131 4878 tendunt
2167 4842 2180 4876 :

611 4920 709 4976 sed
780 4920 943 4975 habet
1000 4920 1178 4972 oratio
1236 4919 1481 4987 quaedam
1552 4917 1936 4972 observatione
2001 4918 2183 4984 digna.

611 5012 910 5068 Considera
938 5011 1081 5066 enim
1118 5025 1224 5079 quo
1263 5019 1420 5079 paeto
1457 5008 1601 5062 dicat
1625 5024 1747 5061 eum
1798 5010 2011 5061 beatum
2043 5021 2188 5071 esse,

612 5121 723 5161 non
758 5103 1077 5173 simpliciter
1101 5102 1191 5172 qui
1224 5118 1289 5156 ex
1318 5102 1529 5156 semine
1572 5100 1801 5153 Abrahae
1822 5111 1927 5162 est,
1960 5115 2067 5153 non
2097 5100 2188 5167 qui

611 5194 820 5250 carnali
852 5193 1134 5249 nobilitate
1173 5200 1373 5261 turget,
1432 5201 1483 5245 et
1537 5192 1587 5245 in
1626 5205 1692 5244 eo
1744 5191 1886 5244 inani
1938 5191 2188 5259 superbia

614 5285 917 5347 insolescit,
973 5283 1067 5338 sed
1126 5282 1273 5336 illum
1307 5281 1359 5334 in
1388 5295 1496 5350 quo
1530 5281 1682 5333 bona:
1721 5290 1775 5333 et
1821 5281 2038 5334 illibatae
2067 5280 2190 5332 vita).

614 5375 763 5429 velut
782 5373 1061 5442 splendida
1100 5380 1153 5426 et
1180 5372 1408 5426 illustris
1450 5371 1682 5440 dignitas
1724 5370 1903 5426 inesse
1948 5372 2192 5425 cernitur

614 5475 671 5520 et
691 5466 1011 5520 enitescrrre.
1045 5462 1176 5517 Tale
1200 5461 1453 5531 quiddam
1491 5461 1679 5516 beatus
1700 5460 1933 5515 Joannes
1952 5461 2187 5530 Baptista

687 5643 780 5677 “"
811 5646 829 5699 ι
860 5643 1001 5701 Tim.
1026 5660 1087 5707 tt,
1120 5646 1173 5699 ι.
1251 5644 1295 5678 ⁶⁹
1327 5643 1504 5702 Galat.
1533 5660 1613 5709 In,
1659 5644 1753 5712 ll;
1791 5643 1945 5699 Rom-
1977 5660 2015 5709 ¹ν
2055 5644 2155 5710 ¹⁷δ

2267 5643 2358 5699 εὶπ.
2396 5661 2451 5710 x,
2488 5645 2575 5701 58.

689 5801 766 5872 (l)
802 5799 966 5865 LXX,
1002 5800 1179 5854 ἄδικα.

2283 4668 2402 4721 μου
2425 4648 2510 4718 μὴ
2548 4650 2875 4715 βεϐηλοῦν,
2913 4650 3012 4703 καὶ
3051 4646 3344 4716 διατηρῶν
3374 4648 3481 4713 τὰς
3526 4647 3729 4715 χεῖρας
3759 4646 3850 4697 ιιίι-

2290 4740 2395 4794 τοῦ
2416 4740 2501 4808 μὴ
2527 4743 2719 4794 ποιεῖν
2742 4739 3003 4809 ἀδίκημα
3029 4742 3127 4809 (1).

2372 4833 2601 4900 Ἀδελφὰ
2634 4832 2932 4887 καὶταῦτα
2965 4834 3074 4894 τοῖς
3115 4831 3317 4903 ἀρτίως
3358 4833 3490 4901 ἡμῖν
3533 4830 3847 4899 εἰρημένοις,

2293 4925 2387 4977 καὶ
2414 4923 2501 4976 διὰ
2523 4922 2629 4976 τῶν
2656 4924 2787 4976 ἴσων
2808 4922 3045 4993 ἔρχεται,
3070 4921 3395 4992 ἑπιτήρησίν
3422 4936 3485 4987 γε
3519 4919 3625 4988 μὴν
3652 4920 3680 4971 ὁ
3706 4918 3850 4985 λόγος

2296 5014 2408 5083 ἔχει
2435 5013 2853 5085 πολλὴν.Ἀθρει
2880 5012 2989 5083 γάρ
3020 5014 3166 5075 ὅπως
3200 5012 3472 5081 μακάριον
3506 5006 3645 5062 εἶναὶ
3676 5026 3845 5077 φησιν,

2282 5105 2402 5173 οὐχὶ
2426 5104 2598 5174 δήπου
2624 5105 2841 5164 πάντως
2876 5104 2969 5156 τὸν
3000 5104 3064 5155 ὲκ
3098 5103 3412 5170 σπέρματος
3447 5098 3713 5169 Ἀϐραὰμ,
3737 5097 3845 5149 οὔτε

2287 5196 2393 5265 μὴν
2433 5196 2525 5248 τὸν
2570 5196 2733 5264 σαρκὶ
2776 5196 2869 5247 καὶ
2919 5193 3215 5260 εύγενεῖαις
3259 5188 3719 5260 ὲπικομπάζοντα,
3764 5188 3847 5238 καὶ

2284 5289 2489 5339 εἰκαῖον
2536 5286 2723 5355 ἔχοντα
2764 5287 2827 5338 τὸ
2878 5287 2969 5338 ἐπὶ
3009 5286 3183 5352 τούτῳ
3229 5283 3514 5355 φρόνημα,
3556 5282 3753 5332 ἐκεῖνον
3793 5277 3843 5329 δὲ

2289 5376 2511 5447 μᾶλλον,
2538 5375 2725 5444 ὥσπερ
2772 5375 2836 5429 ἂν
2889 5374 3195 5443 ἐνυπάρχον
3230 5371 3404 5443 ὁρῷτο
3449 5372 3511 5423 τὸ
3546 5369 3844 5437 διαπρέπειν

2300 5468 2359 5518 ὲν
2391 5465 2636 5533 ἀγαθοῖς,
2670 5467 2765 5518 καὶ
2792 5464 2891 5533 τῆς
2919 5463 3186 5534 άὸεϐήλου
3211 5462 3353 5532 ζωῆς
3380 5460 3442 5515 τὸ
3464 5459 3721 5530 λαμπρὸν,
3759 5456 3843 5509 καὶ

2652 5646 2696 5676 τ’
2724 5643 2926 5699 Elabar.
2967 5660 3028 5709 ll,
3057 5646 3108 5699 ὅ.
3184 5644 3228 5675 ⁷⁸
3271 5640 3409 5696 Psal.
3441 5656 3577 5695 xcvu
3628 5637 3676 5691 2.
