4140 6554
691 375 714 430 1
726 372 830 427 ὶόδ

1680 372 1737 427 S.
1779 373 2056 430 CYRILLI
2094 376 2564 434 ALEXANDRINI
2607 378 2934 435 ARCIIIEP.

3766 399 3860 456 ιιιι

686 509 904 548 Causam
927 492 1162 561 putidam
1193 499 1247 546 et
1275 489 1518 544 frivolam
1550 490 1690 545 Dens
1735 491 2059 550 insectatur.
2092 496 2267 549 Altum
2302 502 2321 553 ἐ

2227 512 2267 549 m
2302 502 2342 553 Α
2372 500 2691 564 ἀλαζονείας
2724 502 3019 572 πρόφασιν,
3051 503 3253 572 σαθράν
3286 521 3342 555 τε
3384 506 3474 558 καὶ
3512 508 3659 562 ἕωλον
3687 520 3862 570 κατιώ-

685 584 853 646 enitu,
883 584 956 635 uti
990 582 1119 646 dixi,
1150 581 1451 649 sapiebant,
1486 581 1728 637 dicentes
1762 601 1776 637 :
1808 602 1825 635 ι
1859 584 2074 639 Patrem
2102 586 2269 639 habe-

689 690 812 729 mus
864 673 1133 726 Abraham
1166 672 1234 735 ⁷⁵,
1261 691 1279 723 ι
1315 680 1367 725 et
1398 689 1411 724 :
1446 670 1674 740 Populus
1691 684 1911 727 sanctus
1951 691 2135 730 sumus
2161 675 2270 727 ele-

692 776 829 820 ctus.
866 766 1099 831 atquein
1136 775 1335 818 sortem
1369 764 1602 816 divinam
1651 765 1804 816 asciti
1841 780 2048 818 sumus.
2100 765 2270 834 Fuge-

689 864 811 903 runt
848 853 1011 906 etiaut
1066 855 1375 918 orbitatem,
1428 864 1610 918 utpote
1677 870 1799 907 cmn
1862 857 2069 923 primus
2120 866 2273 925 pater

688 942 958 994 Abraham
995 944 1110 997 loco
1143 944 1533 997 benedictionis
1563 946 1858 1012 accepisset
1883 962 1910 997 a
1934 947 2061 1010 Deo,
2084 961 2268 1001 semen

688 1048 845 1085 Suum
917 1034 969 1086 in
1032 1034 1350 1087 immensam
1410 1034 1806 1089 multitudinem
1852 1038 2270 1105 propagandum,

687 1126 829 1191 quod
862 1123 1001 1177 Deus
1035 1126 1280 1193 promisit
1319 1126 1501 1179 stellas
1563 1142 1786 1180 numero
1828 1136 2158 1194 aequaturum
2183 1129 2269 1183 π’.

692 1216 945 1285 Dixitque
996 1218 1101 1269 illis
1138 1234 1231 1286 per
1289 1219 1738 1287 sapientissimum
1779 1220 2011 1290 Moysen]
2045 1240 2057 1275 :
2100 1240 2118 1273 ι
2157 1222 2271 1275 Νοιι

692 1309 795 1361 crit
824 1311 873 1360 iu
904 1312 1054 1364 vobis
1084 1311 1269 1375 orbus,
1307 1326 1478 1380 neque
1527 1312 1728 1363 sterilis
1753 1313 1822 1364 ⁷⁵.
1864 1332 1883 1363 ι
1911 1313 2059 1378 Quod
2094 1323 2272 1366 autem

695 1414 885 1466 magna
917 1411 967 1455 et
1005 1401 1260 1469 prreelara
1298 1416 1383 1454 res
1430 1413 1743 1455 censeretur
1778 1403 1844 1454 ab
1880 1403 1984 1456 illis
2036 1405 2276 1457 {emundi-

699 1500 781 1543 las
827 1492 1031 1559 prolis,
1073 1507 1103 1545 e
1150 1492 1353 1545 sanctis
1390 1492 1661 1559 prophetis
1702 1493 1919 1561 quidam
1982 1496 2272 1563 probabit:

699 1598 716 1630 ι
754 1581 931 1636 Gloria
966 1597 1151 1638 comm
1196 1601 1262 1640 ex
1307 1590 1585 1655 partubus,
1635 1598 1687 1641 et
1729 1590 2191 1655 parturitionibus,
2224 1599 2278 1644 et

694 1673 1130 1740 conceptionibus
1165 1676 1231 1731 ⁷⁸.
1267 1697 1285 1728 ι
1316 1677 1577 1744 Propheta
1619 1675 1784 1750 789
1809 1682 1930 1734 item
1964 1682 2131 1736 Isaias
2193 1683 2276 1736 die

694 1763 767 1816 cit
788 1774 992 1832 septem
1018 1767 1264 1823 mulieres
1292 1773 1720 1837 appreltcnsuras
1742 1789 1900 1825 unum
1925 1774 2119 1835 virum,
2156 1789 2276 1842 qua:

2377 609 2457 661 ρει
2497 593 2628 655 Θεός
2650 612 2662 622 ·
2697 594 2958 662 ἐφρόνουν
2994 594 3091 660 μὲν
3130 592 3255 662 γάρ,
3287 595 3362 658 ὡς
3394 596 3541 665 ἔφην,
3575 599 3712 668 μέγα,
3732 604 3863 672 λέγον.

2372 700 2481 745 τες,
2530 705 2547 736 ι
2577 687 2793 760 Πατέρα
2852 687 3049 757 ἔχομεν
3097 686 3186 740 τὸν
3221 686 3488 757 Ἀϐραὰμ,
3516 706 3532 737 ι
3568 690 3652 741 καὶ
3692 692 3776 761 μὴν
3810 698 3862 751 ὅτι

2372 772 2513 835 Λαὸς
2553 774 2704 839 ἅγιός
2752 778 2921 843 ἐσμεν
2962 774 3354 844 ἐξειλεγμένος,
3403 775 3688 845 τετάγμεθα
3724 780 3766 834 δὲ
3802 791 3863 839 nl

2383 865 2463 927 εἰς
2490 865 2691 935 κλῆρον
2717 867 2875 920 Θεοῦ.
2911 868 3181 935 Ἐφευγον
3215 865 3270 919 δὲ
3298 866 3390 918 καὶ
3418 865 3510 936 τὴν
3547 868 3779 934 ἀπαιδίαν,
3802 875 3863 928 ἅτε

2372 954 2436 1025 δὴ
2460 955 2552 1008 τοῦ
2580 958 2925 1030 προπάτορος
2960 957 3207 1027 Ἀϐραὰμ
3233 959 3292 1009 ἐν
3321 958 3561 1026 εὐλογίας
3580 960 3707 1024 τάξει
3727 962 3862 1019 λαϐόν-

2373 1064 2465 1110 τος
2514 1050 2662 1119 παρὰ
2718 1051 2854 1103 Θεοῦ
2899 1051 2961 1103 τὸ
3019 1052 3099 1113 είς
3147 1050 3354 1121 πληθὺν
3415 1051 3764 1121 ἐκταθήσετθαι
3800 1058 3863 1126 τὴν

2375 1138 2682 1208 ἀμέτρητον
2728 1141 2789 1193 τὸ
2840 1141 3058 1211 σπέρμα
3108 1141 3310 1195 αὑτοῦ·
3357 1140 3626 1211 ἰσάριθμον
3664 1144 3751 1213 γὰρ
3789 1151 3863 1211 τοὶς

2376 1226 2596 1299 ἄστροις
2626 1231 2989 1299 ἐπηγγέλλετο
3016 1231 3149 1294 Θεὸς
3170 1231 3465 1295 ἀναδείξειν
3493 1232 3629 1286 αὐτό.
3655 1234 3807 1305 Εἴρητο
3826 1239 3863 1289 δὲ

2378 1317 2515 1386 πρὸς
2558 1321 2755 1384 αὐτοὺς
2798 1321 2891 1373 καὶ
2941 1321 3030 1374 διά
3066 1320 3161 1374 τοῦ
3218 1321 3493 1390 πανσόφου
3529 1323 3765 1388 Μωῦσέως
3793 1328 3859 1380 τόο

2386 1425 2403 1457 ι
2432 1408 2544 1461 Οὐκ
2583 1409 2734 1462 ἔσται
2784 1412 2842 1464 ἐν
2887 1412 3015 1478 ὑμῖν
3059 1412 3250 1480 ἄγονος
3282 1412 3403 1465 οὐδὲ
3446 1415 3636 1483 στεῖρα.
3665 1433 3680 1465 ι
3705 1418 3797 1469 Ὀτι
3825 1419 3861 1471 δὲ

2384 1500 2525 1569 μέγα
2550 1517 2600 1552 τι
2623 1502 2809 1573 χρῆμα
2836 1504 2930 1556 καὶ
2960 1502 3239 1575 ἐξαίρετον
3259 1506 3292 1572 ἡ
3317 1504 3630 1557 πολυπαιδία
3658 1506 3863 1576 νενόμιστο

2382 1592 2509 1662 παρ’
2549 1594 2746 1657 αὐτοὺς
2770 1636 2784 1656 ,
2830 1596 3236 1667 πληροφορήσει
3293 1614 3378 1660 τις
3421 1596 3585 1664 λέγων
3621 1600 3712 1651 τῶν
3748 1602 3861 1668 ἁγίων

2386 1685 2703 1755 προφητῶν·
2743 1705 2761 1737 ι
2813 1688 2878 1740 Ai
2907 1685 3053 1752 δόξαι
3092 1688 3270 1741 αὐτῶν
3301 1689 3365 1741 ὲκ
3392 1688 3558 1741 τόκων
3588 1690 3667 1741 καὶ
3701 1691 3859 1753 ὠδίνων,

2383 1780 2474 1831 καὶ
2492 1778 2825 1849 συλλήψεων.
2842 1801 2861 1832 ι
2896 1780 3065 1833 Ἐπτά
3086 1780 3139 1833 δὲ
3171 1784 3434 1848 γυναῖκας
3459 1781 3768 1849 ἐπιλήψεσθαι
3786 1785 3862 1847 ivi;

696 1855 913 1910 dicant:
950 1877 966 1908 ι
1007 1858 1201 1914 Panem
1237 1873 1477 1915 nostrum
1518 1866 1956 1928 comedetuus,et
1982 1867 2271 1920 vestituen-
2308 1841 2331 1893 ί

2231 1886 2271 1919 ι-
2308 1841 2349 1893 Β
2378 1868 2574 1938 ἀνδρὸς
2598 1908 2611 1931 ,
2728 1871 3010 1940 προφήτης
3054 1841 3219 1939 φησίν
3258 1841 3515 1932 Ἠσαίας·
3565 1841 3694 1923 είπόν
3732 1889 3775 1924 τε

697 1947 769 2001 tis
801 1949 1004 2003 nostris
1054 1952 1370 2006 amiriemur
1395 1972 1408 2020 ;
1438 1966 1805 2009 verumtamen
1833 1967 2055 2012 vocetur
2077 1975 2269 2014 nomen

699 2046 847 2092 tuum
883 2056 1047 2108 super
1104 2058 1245 2097 nos:
1283 2045 1435 2097 aufer
1474 2046 1817 2113 opprobrium
1870 2060 2114 2102 nostrum
2142 2052 2209 2105 ⁷⁷.
2248 2070 2266 2102 i

696 2129 809 2183 Non
835 2132 979 2183 enim
1013 2133 1280 2193 volebant.
1320 2144 1377 2189 ut
1413 2136 1544 2197 dixi,
1604 2147 1858 2205 tanquam
1912 2139 2096 2194 liberis
2128 2144 2274 2196 orba:

697 2231 750 2275 et
782 2221 995 2276 steriles
1028 2225 1219 2278 notari.
1251 2225 1385 2292 Quia
1446 2227 1607 2296 igitur
1652 2230 1973 2284 videbantur
2017 2233 2275 2288 Israelita-

696 2323 920 2381 propler
964 2314 1232 2369 carnalem
1268 2316 1599 2370 nobilitatem
1632 2330 1682 2372 et
1712 2322 1910 2375 Subolis
1973 2323 2277 2376 fecundita-

702 2413 807 2456 tem
836 2404 976 2458 elato
1002 2420 1118 2459 esse
1147 2408 1349 2471 animo,
1406 2423 1500 2461 eos
1527 2413 1834 2467 necessario
1864 2414 1930 2465 ab
1962 2412 2060 2466 hac
2118 2413 2273 2483 igno-

699 2496 873 2548 rantia
897 2497 1131 2557 abducit.
1163 2498 1451 2566 inquiens:
1497 2499 1573 2554 Ne
1617 2502 1759 2556 dicat
1816 2504 2138 2574 alienigena,
2185 2507 2275 2574 qui

699 2590 974 2652 appositus
996 2600 1076 2643 est
1108 2591 1172 2642 ad
1208 2590 1519 2645 Dominum:
1542 2591 1831 2661 Separabit
1858 2611 1941 2650 me
1964 2597 2220 2652 Dominus
2247 2614 2275 2651 a

698 2676 894 2743 populo
922 2694 1037 2733 suo.
1072 2679 1186 2732 Non
1219 2681 1386 2747 enim,
1422 2683 1547 2751 quia
1571 2695 1654 2736 est
1703 2685 2025 2757 alienigena,
2064 2689 2116 2741 id
2172 2700 2273 2753 est,

698 2781 804 2820 nan
829 2784 893 2821 ex
934 2772 1192 2838 sanguine
1226 2774 1410 2837 Israel,
1449 2786 1731 2843 propterea
1765 2793 1869 2829 non
1906 2780 2009 2832 erit
2034 2777 2151 2847 ejus
2169 2780 2272 2834 do-

700 2874 893 2914 norum
921 2869 974 2913 et
994 2863 1387 2930 coniunctionis
1414 2881 1535 2919 cum
1566 2869 1699 2932 ipso,
1736 2867 1985 2923 videlicet
2018 2871 2274 2938 spiritua-

699 2952 786 3012 lis.
809 2954 1110 3021 particeps;
1142 2955 1232 3007 scd
1264 2956 1306 3009 si
1338 2954 1564 3009 Domino
1594 2958 1889 3019 adhmreat,
1934 2962 2156 3015 omnino
2189 2962 2273 3015 in-

703 3053 783 3096 ter
819 3045 1139 3098 domesticos
1172 3057 1225 3097 et
1256 3057 1412 3099 notos
1440 3047 1814 3111 collocabitnr,
1847 3058 1901 3103 et
1958 3050 2022 3103 ad
2068 3064 2278 3121 gentem

2379 1978 2397 2009 ι
2430 1961 2532 2013 Τὸν
2569 1962 2732 2032 ἄρτον
2781 1961 2939 2031 ὴμῶν
2989 1960 3300 2030 φαγόμεοα.
3349 1963 3441 2013 καὶ
3472 1962 3537 2014 τὰ
3570 1962 3729 2030 ἱμάτια
3758 1963 3864 2032 ἡμῶν

2375 2052 2839 2123 περιϐαλούμεθα,
2870 2052 3007 2124 πλὴν
3033 2054 3093 2106 τὸ
3123 2054 3295 2124 ὄνομα
3336 2054 3400 2106 τὸ
3444 2054 3530 2105 σὸν
3559 2053 3793 2121 κεκλήσθω
3810 2057 3862 2123 ἐφ’

2374 2146 2541 2213 ἡμᾶς,
2570 2144 2734 2214 ἀφελε
2768 2145 2858 2196 τὸν
2891 2144 3193 2214 ὀνειδισμὸν
3235 2144 3415 2214 ἡμῶν.
3442 2163 3460 2194 ι
3498 2146 3566 2197 Οὐ
3599 2145 3689 2217 γὰρ
3716 2146 3862 2214 ἡθελον,

2375 2236 2451 2299 ὡς
2503 2236 2660 2304 ἔφην,
2686 2237 2760 2299 ὼς
2800 2236 2982 2304 ἄγονοί
3009 2253 3068 2289 τε
3104 2236 3200 2289 καὶ
3231 2238 3440 2307 στεῖραι
3482 2236 3861 2299 κατονειδῑζεςθσι.

2378 2327 2584 2380 Οὐκοῦν
2614 2328 2913 2399 ἐπειδήπερ
2942 2326 3026 2379 ἐπ’
3050 2327 3299 2397 εὐγενείᾳ
3326 2330 3575 2397 σαρκικῇ,
3607 2329 3686 2379 καὶ
3710 2328 3862 2397 προσέτι

2375 2421 2441 2489 τῇ
2486 2418 2812 2488 πολυπαιδίᾳ
2847 2418 2995 2488 μέγα
3028 2420 3245 2487 φρονεῖν
3286 2417 3459 2469 ἐδόκει
3487 2419 3589 2478 τοῖς
3615 2416 3665 2480 ἐξ
3698 2417 3861 2486 Ἰσραὴλ,

2378 2511 2687 2578 ἀναγκαίως
2720 2511 2916 2572 αὐτοὺς
2945 2509 3036 2562 καὶ
3069 2508 3277 2576 ταύτης
3309 2507 3544 2577 ἐξίστησι
3566 2505 3652 2575 τῆς
3678 2505 3861 2574 ἀμαθίας,

2380 2600 2553 2654 εἰπών
2573 2618 2585 2630 ·
2609 2601 2701 2669 Μὴ
2731 2599 2936 2667 λεγέτω
2966 2601 2993 2652 ό
3022 2597 3318 2667 ἀλλογενὴς
3353 2598 3381 2649 ό
3416 2595 3758 2665 προσκείμενος
3774 2594 3862 2662 πρὸς

2380 2695 2606 2764 Κύριον,
2625 2694 2869 2762 Ἀφοριεῖ
2897 2710 2964 2761 με
2994 2692 3099 2761 ἄρα
3128 2688 3339 2758 Κύριος
3368 2688 3473 2741 ἀπὸ
3499 2686 3583 2739 τοῦ
3609 2684 3715 2738 λαοῦ
3735 2682 3859 2737 αὑτοῦ.

2381 2786 2456 2838 Οὐ
2484 2784 2593 2854 γὰρ
2624 2782 2854 2853 ἐπεξπερ
2881 2780 3194 2851 ἀλλογενὴς,
3217 2779 3511 2843 τουτέστιν,
3533 2778 3619 2829 οὐκ
3637 2776 3685 2839 ἐξ
3704 2776 3863 2844 αἵματος

2393 2875 2641 2946 Ἰσραὴλ,
2691 2873 2781 2927 διὰ
2821 2873 2978 2926 τοῦτο
3026 2872 3119 2925 καὶ⁸
3167 2872 3435 2941 ἀμέτοχος
3481 2869 3582 2921 τῶν
3626 2863 3862 2939 παρ’σΰτοῦ

2382 2966 2756 3036 χαρισμάτων,
2793 2966 2963 3034 ἤγουν
2991 2964 3091 3033 τῆς
3120 2964 3257 3032 πρὸς
3296 2961 3461 3016 αὑτὸν
3494 2958 3861 3027 οἱκειότητος,δηο

2382 3057 2556 3110 λονότι
2606 3054 3017 3123 πνευματικῆς’
3051 3054 3168 3106 ἀλλ’
3195 3055 3242 3105 εἱ
3280 3049 3588 3124 προσκέοιτο
3620 3048 3683 3118 τῷ
3718 3047 3860 3115 Κυρίῳ,

704 3145 971 3199 sanctam,
998 3138 1063 3188 ad
1098 3138 1299 3204 regium
1330 3140 1782 3203 sacerdotium,in
1815 3151 2015 3195 sm'tem
2053 3141 2145 3196 Dei
2178 3160 2271 3198 co-
2306 3169 2339 3225 ε

2226 3160 2271 3198 )·
2306 3169 2348 3225 C
2381 3149 2601 3213 τάξεται
2632 3147 2848 3208 πάντως
2877 3147 2933 3197 ἐν
2957 3145 3198 3206 οἰκείοις.
3228 3144 3326 3197 καὶ
3351 3144 3696 3211 ἐγνωσμένοις,
3723 3140 3790 3190 καὶ
3811 3139 3861 3197 εἰς

700 3224 992 3291 optabitur,
1022 3233 1076 3278 et
1139 3224 1190 3276 in
1243 3225 1363 3279 ﬁliis
1425 3228 1692 3280 Abraham
1745 3232 2136 3286 numerabitur.
2165 3232 2276 3287 Non

701 3315 843 3368 enim
869 3329 1057 3370 omnes
1087 3317 1177 3383 qui
1211 3326 1337 3370 sunt
1368 3332 1432 3370 ex
1464 3317 1648 3382 Israel,
1680 3319 1733 3372 hi
1786 3319 1975 3387 Israel,
2008 3323 2167 3376 sicuti
2200 3340 2280 3378 sa-

709 3407 1079 3477 pientissimus
1118 3407 1317 3461 Paulus
1354 3410 1447 3473 ait,
1488 3425 1586 3462 nec
1609 3412 1733 3479 quia
1782 3428 1962 3465 semen
2027 3414 2276 3479 Abrahze,

704 3514 898 3553 omnes
959 3500 1074 3563 lilii,
1127 3502 1219 3553 sed
1264 3501 1355 3553 lilii
1410 3503 1783 3568 promissionis
1838 3515 2156 3571 reputantur
2228 3509 2280 3561 in

713 3593 927 3644 semine
953 3590 1019 3642 ’³.
1061 3592 1194 3645 Data
1225 3602 1307 3645 est
1329 3600 1505 3646 autem
1533 3593 2070 3662 Abrabazpromissio
2099 3613 2126 3648 a
2155 3598 2282 3661 Deo,

708 3699 811 3735 non
835 3683 1005 3737 solum
1034 3694 1251 3752 propter
1275 3700 1367 3738 eos
1396 3684 1487 3753 qui
1518 3687 1809 3739 secumlum
1860 3703 2077 3742 carnem
2122 3690 2189 3743 ab
2218 3705 2284 3745 eo

706 3785 852 3837 sunt,
878 3774 969 3827 sed
995 3783 1213 3843 propter
1235 3791 1421 3829 omnes
1453 3791 1548 3845 per
1578 3776 1732 3829 [idem
1756 3777 1984 3846 genitos.
2022 3778 2113 3833 Sic
2137 3780 2283 3838 enim

705 3866 977 3919 Abraham
1000 3866 1326 3933 justiﬁcatus
1356 3876 1457 3921 est.
1487 3866 1627 3937 Ergo
1655 3870 1742 3935 qui
1799 3869 2059 3926 insistunt
2110 3874 2277 3927 vesti-

706 3954 807 4023 giis
835 3954 953 4009 ﬁdei
985 3956 1420 4021 Abrahamiticaa,
1444 3957 1525 4009 his
1554 3959 1773 4013 omnino
1826 3960 2041 4014 dabitur
2077 3970 2133 4014 ut
2160 3964 2285 4019 [iliis

707 4056 1113 4102 accenseantur.
1145 4046 1256 4100 Non
1291 4048 1453 4115 igitur
1475 4049 1802 4117 proselytum
1828 4052 2099 4119 separabit
2130 4068 2157 4105 a
2188 4069 2284 4123 po-

706 4134 829 4202 pqu
857 4150 995 4188 suo:
1029 4148 1083 4188 at
1115 4136 1279 4189 semel
1328 4135 1564 4190 additum
1612 4146 1668 4190 et
1710 4149 1959 4192 vocatum
1996 4156 2091 4209 per
2122 4141 2279 4196 tidem

706 4225 983 4292 suscipiet,
1033 4226 1393 4294 populumque
1451 4238 1696 4280 sanctum
1766 4229 2087 4283 nominabit.
2140 4231 2279 4298 Quin

706 4316 869 4369 etiam
910 4316 954 4369 si
977 4316 1124 4384 quis,
1158 4316 1351 4383 inquit,
1395 4316 1465 4370 sit
1489 4319 1786 4383 eunuchus,
1814 4319 1866 4373 id
1901 4330 1985 4373 est
2005 4336 2194 4376 carens
2219 4322 2283 4377 li-

705 4408 855 4460 beris
883 4416 935 4461 et
965 4406 1173 4471 sobole,
1207 4421 1272 4460 ne
1302 4408 1446 4462 dicat
1479 4409 1616 4477 apud
1673 4410 1908 4479 seipsunt
1942 4429 1957 4465 :
1991 4413 2100 4481 Ego
2160 4429 2279 4470 sum

2388 3238 2538 3300 ἔθνος
2588 3237 2762 3305 ἅγιον,
2806 3237 2898 3289 καὶ
2944 3237 3023 3298 είς
3082 3234 3355 3304 βασίλειον
3406 3228 3778 3304 ἱεράτευμα,καὶ
3812 3228 3862 3285 εἰς

2386 3328 2587 3397 κλῆρον
2610 3327 2745 3380 Θεοῦ
2772 3368 2785 3381 .
2830 3329 3037 3381 τελέσει
3062 3327 3119 3379 δέ
3150 3327 3241 3379 καὶ
3273 3328 3333 3378 ὲν
3363 3326 3563 3386 τέκνοις
3591 3318 3860 3391 Ἀϐραάμ.οὑ

2385 3416 2491 3485 γὰρ
2522 3415 2723 3477 πάντες
2752 3417 2800 3467 οἱ
2840 3414 2899 3478 ἐξ
2935 3414 3151 3484 Ἰσραὴλ
3177 3408 3325 3467 οὗτοι
3365 3412 3585 3483 Ἰσραὴλ,
3619 3410 3733 3463 καθά
3754 3421 3861 3475 φησιν

2383 3504 2411 3556 ό
2448 3503 2721 3570 πάνσοφος
2755 3502 2984 3564 Παῦλος,
3016 3503 3136 3554 οὐδὲ
3166 3504 3246 3555 ὅτι
3281 3504 3389 3555 εἰσὶ
3437 3500 3636 3570 σπέρμα
3667 3496 3859 3565 ’Δὸραὰμι

2386 3592 2585 3655 πάντες
2618 3593 2804 3656 τέκνα,
2831 3592 2967 3646 ἀλλά
2989 3592 3057 3645 τά
3085 3593 3250 3645 τέκνα
3280 3594 3378 3660 τῆς
3405 3589 3699 3658 ἐπαγγελίας
3720 3584 3861 3653 λογίζε-

2384 3699 2476 3735 ται
2514 3684 2594 3744 είς
2623 3682 2863 3752 σπέρμα.
2893 3682 3109 3734 Δέδοται
3140 3682 3197 3735 δὲ
3228 3681 3307 3751 τῷ
3345 3681 3581 3750 Ἀϐραὰμ
3600 3680 3627 3748 ἡ
3648 3673 3860 3743 ἐπαγγελία

2387 3771 2538 3842 παρὰ
2565 3770 2722 3835 Θεοῦ,
2753 3772 2854 3824 οὐκ
2887 3772 2981 3823 ἐπὶ
3022 3772 3204 3841 μόνοις
3237 3773 3353 3834 τοῖς
3390 3768 3449 3834 ἐξ
3476 3767 3624 3821 αὐτοῦ
3650 3766 3760 3820 κατὰ
3780 3766 3861 3832 σάρ-

2386 3880 2477 3923 κα,
2508 3863 2643 3917 ἀλλά
2678 3863 2787 3933 γὰρ
2824 3864 2914 3916 καὶ
2954 3863 3125 3916 ἅπασι
3163 3865 3275 3926 τοῖς
3320 3862 3408 3915 διά
3432 3862 3527 3931 τῆς
3558 3860 3769 3919 πίστεως
3796 3856 3859 3908 ib-

2384 3954 2592 4025 καιώθη
2622 3953 2730 4025 γὰρ
2762 3954 2933 4017 οὕτως
2964 3954 3232 4025 Ἀϐραάμ.
3285 3952 3494 4006 Οὐκοῦν
3538 3954 3636 4013 τοῖς
3670 3945 3859 4015 mixtas:

2382 4047 2495 4108 τοῖς
2523 4047 2693 4115 ῐχνεσι
2722 4046 2821 4114 τῆς
2850 4044 3086 4107 πίστεως
3144 4043 3401 4113 Ἀϐραάμ
3428 4041 3681 4111 δοθήσεται
3710 4038 3856 4095 πάντως

2383 4137 2444 4188 τὸ
2464 4135 2635 4188 τελεῖν
2661 4136 2717 4187 ἐν
2742 4136 2968 4197 τέκνοις.
2995 4136 3109 4188 Οὐκ
3136 4136 3360 4205 ἀφοριεί
3385 4132 3648 4204 τοιγαροῦν
3666 4132 3738 4183 τὸν
3751 4145 3857 4199 προπ-

2385 4228 2581 4298 ήλυτον
2605 4228 2667 4280 ἐκ
2694 4227 2787 4280 τοῦ
2814 4227 2943 4280 λαοῦ
2989 4226 3175 4286 αὐτοῦ.
3206 4227 3300 4279 τὸν
3326 4227 3383 4280 δὲ
3416 4227 3553 4293 ἅπαξ
3592 4220 3856 4295 προστεθέντα

2386 4322 2480 4375 καὶ
2505 4319 2840 4389 κεκλημένον
2863 4320 2919 4370 ἐν
2949 4319 3131 4371 πίστει
3162 4319 3526 4389 προσδέξεται,
3546 4318 3628 4371 καὶ
3645 4316 3743 4367 λαὸν
3758 4315 3855 4379 ἅγιον

2382 4412 2471 4465 ὀνο
2479 4413 2658 4483 μάσει.
2678 4410 2839 4464 Ἀλλά
2856 4409 3007 4472 εἴτις
3027 4408 3278 4478 εὐνοῦχός
3302 4412 3441 4473 ἐστι,
3460 4409 3627 4478 φησιν,
3643 4404 3853 4463 τουτέστιν,

709 4500 906 4566 lignum
944 4497 1178 4562 aridum,
1210 4497 1260 4550 id
1303 4508 1404 4560 est,
1438 4512 1503 4552 ne
1525 4499 1749 4554 moleste
1779 4498 1921 4554 ferat
1965 4504 2277 4560 orbitatem.
2314 4527 2344 4584 ε

2219 4521 2277 4560 n.
2314 4527 2361 4584 ι)
2384 4500 2550 4562 ἅπαις
2587 4499 2620 4570 ἦ
2656 4498 2871 4567 ἄγονος,
2921 4497 2993 4569 μὴ
3043 4497 3247 4564 λεγέτω
3291 4498 3417 4551 καθ’
3445 4498 3636 4554 ἑαυτὸν.
3672 4497 3734 4547 ὃτι
3766 4487 3854 4584 Ἐγώ

705 4591 855 4657 Apud
890 4590 1053 4643 Deum
1088 4589 1229 4643 enim
1262 4590 1392 4644 nihil
1431 4590 1573 4644 istud
1621 4602 1721 4656 est,
1762 4606 1863 4646 nec
1885 4607 2007 4647 eum
2047 4593 2276 4662 rejiciet.

710 4681 839 4734 Nam
901 4697 1018 4749 quae
1053 4683 1225 4736 virtus
1299 4693 1401 4746 est,
1478 4682 1633 4750 cujus
1696 4685 1940 4753 praeclari
2021 4685 2281 4744 facinoris

706 4771 978 4837 splendor,
1020 4772 1183 4840 prolis
1215 4771 1535 4826 fecunditas?
1565 4772 1756 4828 Carnis
1783 4776 1925 4828 enim
1965 4792 2127 4845 opera
2152 4790 2281 4833 sunt

708 4864 842 4926 haec,
871 4878 968 4916 nec
997 4865 1415 4932 reprehensione
1440 4882 1536 4920 nec
1566 4867 1720 4921 laude
1746 4867 1925 4934 digna.
1972 4866 2083 4921 Etsi
2131 4870 2276 4924 enim

710 4953 979 5022 aliquibus
1005 4954 1392 5013 benedictionis
1418 4957 1537 5011 loco
1583 4958 1767 5011 datum
1826 4958 1921 5022 sit,
1955 4960 2020 5012 ad
2046 4960 2149 5014 hoc
2175 4961 2284 5014 Deo

707 5057 953 5112 vocante,
1002 5057 1056 5100 at
1096 5048 1225 5101 nihil
1252 5049 1355 5101 erit
1386 5064 1490 5101 non
1544 5046 1866 5103 habentibus
1931 5048 2279 5104 incommodi.

710 5138 847 5204 Quid
899 5139 1039 5195 enim
1081 5152 1266 5196 contra
1305 5156 1399 5195 eos
1434 5140 1539 5195 dici
1585 5150 1762 5210 potest
1815 5141 1905 5210 qui
1953 5150 2280 5209 praemature

713 5231 908 5283 mortui
948 5242 1093 5295 sunt,
1130 5230 1209 5284 vel
1243 5241 1366 5285 ante
1419 5233 1630 5299 nuptias
1658 5242 1712 5285 et
1741 5232 1942 5285 coitum
1972 5233 2132 5285 rebus
2178 5233 2278 5285 htt-

714 5323 885 5375 mauis
909 5320 1165 5380 defuncti,
1203 5321 1401 5376 liberos
1441 5339 1544 5375 non
1584 5323 1970 5390 susceperunt?
1999 5322 2280 5389 Quomodo

713 5415 873 5467 etiam
900 5413 1109 5480 juvabit
1160 5414 1395 5483 peccatis
1430 5415 1478 5466 in
1537 5415 1637 5467 hac
1682 5416 1786 5466 vita
1836 5414 2099 5473 addictos.
2134 5414 2275 5480 quod

714 5502 1001 5561 multorum
1031 5503 1329 5557 liliorumet
1360 5503 1585 5555 liliarum
1613 5512 1794 5571 patres
1842 5503 2133 5557 exsistant?
2169 5502 2276 5556 Ne-

714 5609 818 5663 que
848 5595 1006 5661 dicat,
1041 5594 1340 5664 inquit,qui
1372 5593 1572 5647 liberos
1596 5608 1698 5646 non
1745 5594 1908 5649 habet
1939 5610 1951 5646 :
1990 5593 2102 5664 Ego
2158 5608 2275 5648 sum

2383 4592 2497 4660 εἰμι
2542 4590 2695 4656 ξύλον
2740 4589 2921 4660 ξηρὸν,
2968 4590 3251 4649 τουτέστι,
3302 4590 3379 4661 μὴ
3425 4588 3667 4643 λυπείσθω
3699 4584 3763 4637 διὰ
3794 4582 3856 4648 τὴν

2383 4680 2657 4736 ἀπαιδίαν.
2681 4680 2844 4732 Οὐδὲν
2880 4680 2988 4752 γάρ
3016 4679 3173 4732 τοῦτο
3202 4682 3353 4750 παρά
3382 4681 3515 4751 Θεῷ,
3537 4678 3643 4732 οὔτε
3670 4676 3752 4746 μὴν
3766 4670 3855 4724 ἁπό-

2384 4775 2577 4844 6λητον
2629 4773 2941 4843 ἀποφαίνει.
2986 4768 3353 4845 ὐποῖοςγάρ
3398 4774 3584 4845 τρόπος
3623 4759 3852 4837 ἀρετῆςιῆ

2384 4867 2551 4919 ποίων
2604 4864 3043 4937 κατορθωμάτων
3106 4865 3465 4936 λαμπρότης,
3509 4867 3539 4934 ή
3582 4856 3852 4915 mittendis.

2380 4957 2589 5026 Σαρκὸς
2618 4957 2753 5026 ἔργα
2777 4958 2936 5010 ταυτὶ
2964 4955 3156 5027 μώμου
3180 4975 3239 5009 τε
3266 4958 3361 5010 καὶ
3384 4957 3590 5011 ἐπαίνου
3616 4945 3851 5024 μακράν.Εῑ

2377 5049 2486 5118 γὰρ
2528 5049 2622 5102 καὶ
2661 5048 2867 5101 δέδοταί
2900 5065 3042 5100 τισιν
3082 5051 3140 5101 ὲν
3185 5049 3433 5115 εὐλογίας
3458 5048 3591 5111 τάξει
3622 5044 3672 5097 τὸ
3705 5041 3850 5111 χρῆμα.

2378 5139 2571 5210 καιροῦ
2614 5138 2901 5201 καλοῦντος
2946 5140 3024 5201 εἰς
3067 5138 3242 5200 τοῦτο,
3274 5138 3390 5191 ἀλλ’
3416 5140 3509 5191 οὐκ
3547 5125 3851 5202 ἀδικήσεωνᾶν

2375 5231 2525 5283 οὐδὲν
2566 5231 2689 5293 τοὺς
2722 5230 2795 5299 μὴ
2829 5229 3093 5299 λαχόντας
3125 5230 3275 5283 αὑτό.
3294 5230 3443 5282 Ἐπεὶ
3480 5228 3611 5286 ποῖος
3637 5223 3691 5275 ἂν
3711 5219 3850 5285 γένοιτο

2386 5324 2776 5392 καταρῤήσεως
2804 5320 3005 5390 τρόπος
3034 5322 3145 5380 τοῖς
3172 5318 3429 5372 τεθνεῶσι
3461 5316 3556 5387 πρὸ
3581 5314 3717 5382 ὧρας.
3740 5306 3762 5374 ἢ
3782 5300 3850 5371 “Pi

2384 5413 2565 5484 γάμου
2618 5412 2712 5465 καὶ
2747 5411 2965 5480 μίξεως,
2998 5409 3106 5463 τῶν
3132 5410 3252 5464 καθ’
3281 5411 3425 5478 ἡμᾶς
3454 5404 3739 5476 πραγμάτων
3758 5397 3847 5484 ﬁt):

2382 5479 2709 5575 δημήσασιν,
2742 5479 2824 5562 οἷς
2870 5499 3077 5552 παίδων
3109 5501 3205 5567 οὐχ
3238 5498 3442 5569 ὑπῆρξε
3480 5495 3626 5562 γονήί
3654 5479 3846 5575 “mia:

2381 5571 2579 5664 τρόπον
2617 5590 2736 5644 τινὰ
2784 5590 2909 5653 τοῦς
2956 5589 3434 5660 φιλαμαρτήμονας
3459 5589 3513 5639 ἐν
3540 5582 3649 5652 τῷδε
3681 5576 3739 5645 τῷ
3764 5571 3843 5641 βίφο

784 5766 830 5797 ’⁸
867 5765 1022 5823 Joau.
1059 5784 1177 5835 vut,
1211 5768 1298 5824 59.
1376 5768 1441 5802 ⁷³⁸
1465 5768 1600 5823 Gen.
1634 5783 1724 5836 xv,
1755 5768 1787 5822 5
1881 5770 1925 5801 ⁷⁸
1961 5770 2128 5825 Exod.
2173 5784 2326 5835 χχιιι,
2358 5766 2419 5825 26

2211 5784 2326 5835 xm,
2358 5766 2449 5825 26.
2526 5767 2569 5798 "
2602 5766 2725 5821 Ose.
2771 5780 2842 5831 ιχ,
2876 5766 2957 5820 ll.
3036 5766 3080 5796 ⁷⁷
3106 5765 3205 5820 lsa.
3243 5778 3316 5828 tv,
3357 5762 3400 5815 ί.
3472 5760 3511 5790 ⁷⁸
3538 5756 3665 5810 llom.
3690 5736 3840 5807 ιι,6‹ε.
