4140 6496
185 404 332 460 12ίὸ

183 520 401 578 πολλῶν
434 517 677 587 πατέρας
711 511 842 566 υίῶν
875 509 970 563 καὶ
996 504 1345 576 θυγατέρων;
1378 500 1530 572 Μηδὲ
1558 498 1782 566 λεγέτω,
1813 498 1862 555 Α

186 615 377 684 φησιν,
403 610 431 662 ὁ
461 607 654 669 παῖδας
678 604 778 658 οὐκ
803 601 961 671 έχων,
979 601 1060 652 ὅτι
1084 595 1226 665 Ἑγὼ
1258 595 1370 665 εἰμι
1403 592 1557 658 ξύλον
1587 591 1769 660 ξηρόν.

191 680 371 762 λυπεῖ
406 702 462 754 δὲ
490 699 662 760 οὐδὲν,
698 693 896 766 μᾶλλον
925 691 980 744 δὲ
1002 689 1295 756 ἀναγκαῖον
1321 680 1458 738 εἶναί
1493 699 1636 752 φημι
1657 680 1772 732 δια-

196 792 571 867 μνημονεῦσαι
605 789 699 842 καὶ⁸
727 785 822 840 νῦν
849 784 959 836 τῶν
991 779 1415 851 εὐνουχισὰντων
1445 774 1669 834 ἑαυτοὺς
1690 770 1777 824 διὰ

189 889 296 958 τὴν
331 883 604 956 βασιλείαν
649 879 757 932 τῶν
804 875 1064 948 οὐρανῶν,
1098 871 1238 926 κατά
1266 870 1364 940 τὴν
1395 867 1486 922 τοῦ
1527 864 1778 934 Σωτῆρος

193 953 402 1048 φωνην,
428 969 508 1036 οἷς
535 972 600 1025 ἂν
629 967 960 1039 ἐφαρμόσειέ
988 982 1090 1027 τις,
1127 963 1222 1017 καὶ
1250 961 1393 1031 μάλα
1411 957 1656 1020 εἰκότως,
1688 953 1780 1007 τὸν

195 1068 258 1120 ἐν
295 1083 358 1135 γε
394 1063 604 1125 τούτοις
651 1060 804 1130 παρά
846 1055 981 1110 Θεοῦ
1024 1055 1202 1122 λόγον.
1234 1051 1400 1104 Δώσω
1431 1049 1539 1119 γὰρ
1575 1047 1778 1106 αὐτοῖς,

199 1158 388 1226 φησὶν,
429 1156 487 1208 ὲν
513 1153 588 1224 τῷ
615 1151 747 1222 οἴκῳ
777 1166 901 1220 μου,
935 1146 1029 1200 καὶ
1071 1148 1128 1197 ὲν
1168 1142 1248 1212 τῷ
1276 1141 1443 1208 τείχει
1478 1154 1579 1208 μου
1617 1134 1782 1186 τόπον

196 1247 516 1319 ὀνομαστόν.
548 1241 710 1298 Οἶκον
735 1243 792 1295 δὲ
833 1239 928 1293 καὶ
968 1239 1166 1305 τεῖχος,
1199 1235 1318 1304 ἦτοι
1361 1231 1455 1284 τὸν
1500 1225 1783 1298 περίϐολον

200 1316 307 1396 καί
343 1337 638 1406 ἀσφάλειαν
668 1331 960 1387 ἀποκαλεῖν
999 1327 1142 1380 ἔοικε
1167 1326 1264 1392 τὴν
1307 1320 1654 1390 Ἐκκλησίαν,
1686 1316 1786 1387 τὴν

202 1432 320 1486 ἄνω
351 1445 455 1482 που
500 1428 642 1496 τάχα
685 1423 780 1477 καὶ
824 1423 881 1474 ἐν
912 1419 1181 1489 οὐρανοῖς,
1211 1415 1379 1484 ἡγουν
1405 1411 1503 1482 τὴν
1537 1410 1630 1462 ὲπί
1662 1409 1783 1478 γῆς,

203 1525 288 1586 εἰς
340 1521 407 1590 ἢν
437 1515 831 1586 δια-πρέπουσιν
874 1510 1066 1580 ἄνδρες
1116 1503 1310 1576 ἁγνείᾳ
1361 1502 1454 1556 καὶ
1502 1500 1788 1570 σεμνότητι

207 1613 519 1682 σύντροφοι,
566 1607 662 1659 καὶ
705 1605 766 1658 τὸ
794 1605 894 1674 τῆς
923 1598 1244 1671 ἐγκρατείας
1277 1592 1631 1662 ἀναδούμενοι
1659 1591 1792 1646 καύο

207 1725 281 1776 χη
290 1722 384 1775 μα,
408 1704 500 1756 καὶ
526 1695 884 1759 πολυπαιδίας
903 1693 1186 1765 κρείττονα
1212 1689 1310 1759 τὴν
1332 1687 1424 1740 ἐπὶ
1443 1685 1616 1754 τούτῳ
1635 1683 1793 1749 δόξαν

208 1773 527 1866 ἦγούμενοι,
557 1791 650 1844 καὶ
679 1789 742 1842 τό
767 1805 829 1856 γε
856 1781 992 1857 ἦκον
1025 1785 1106 1846 είς
1151 1779 1458 1851 σεμνότητα
1516 1773 1795 1836 πολιτείας

211 1865 482 1954 εὐνούχων
525 1882 678 1936 οὐδὲν
722 1877 1088 1948 διαφέροντες.
1143 1868 1301 1926 Οῦτοι
1347 1869 1590 1939 δέχονται
1648 1865 1797 1936 παρά

213 1979 353 2034 Θεοῦ
379 1977 535 2042 δόξαν
564 1972 778 2030 αἰώνιον
800 1987 812 2000 ⁸
841 1969 992 2040 δηλοῖ
1019 1967 1076 2020 δὲ
1108 1967 1264 2020 τοῦτο
1296 1961 1553 2032 τοῦνομα,
1579 1959 1672 2013 καὶ
1700 1958 1801 2011 οὐκ

213 2071 286 2124 ἂν
315 2067 552 2136 ἐκλείψοι
581 2066 638 2116 ὲν
672 2063 854 2124 αὐτοῖς
895 2061 929 2130 ἡ
970 2059 1097 2128 παρ’
1127 2051 1293 2108 αὐτοῦ
1331 2051 1521 2122 χάρις’
1549 2048 1803 2116 ἐξαίρετα

215 2160 332 2231 γάρ
381 2157 481 2226 τῆς
530 2152 851 2225 ἐγκρατείας
882 2150 952 2203 τὰ
981 2149 1136 2219 γέρα,
1180 2144 1320 2214 πλὴν
1367 2142 1464 2211 οὐχ
1495 2140 1684 2201 ἁπλοῖς
1712 2137 1804 2189 εὐ·-

218 2248 435 2320 νούχοις
458 2247 556 2318 τὴν
581 2245 688 2298 τῶν
721 2242 863 2296 οὕτω
886 2239 1154 2310 λαμπρῶν
1189 2234 1512 2305 ἀξιωμάτων
1540 2227 1808 2296 ἐπαγγέλ-

218 2344 378 2395 λεται
431 2337 714 2410 χορηγίαν,
744 2333 880 2388 ἀλλά
921 2333 1034 2394 τοῖς
1087 2328 1414 2397 φυλάττουσι
1452 2323 1521 2376 τὰ
1554 2319 1810 2374 Σάϐϐατα

222 2432 418 2494 αὐτοῦ,
450 2427 686 2501 Χριστοῦ
715 2427 772 2480 δὲ
798 2423 1070 2496 δηλονότιο
1113 2421 1277 2491 ἔτερα
1321 2417 1398 2479 δὲ,
1428 2416 1504 2478 ὡς
1547 2413 1705 2482 ἔφην,
1743 2410 1812 2463 τὰ

223 2525 396 2580 αὐτοῦ
430 2522 686 2576 Σάϐϐατα
719 2517 871 2582 παρά
909 2515 1001 2569 τοῦ
1035 2515 1228 2583 νόμου.
1259 2509 1341 2563 Τὰ
1370 2509 1468 2580 μὲν
1498 2507 1608 2578 γάρ
1646 2501 1712 2575 ἦν
1756 2504 1814 2555 ὲν

225 2617 444 2678 τύποις,
476 2614 545 2666 τά
567 2613 625 2665 δὲ
654 2611 732 2681 τῷ
758 2610 856 2679 τῆς
883 2606 1141 2677 ἀληθείας
1174 2599 1672 2670 καταφαιδρύνεται
1695 2596 1818 2649 κάλ-

227 2709 338 2762 λει.
370 2707 479 2760 Καὶ
507 2705 628 2757 ἐπεὶ
648 2704 759 2764 τοῖς
791 2695 1201 2766 ἐπιλεξαμένοις
1226 2688 1418 2764 [άπερ]
1438 2689 1601 2750 αὐτὸς
1638 2685 1820 2757 βούλε-

230 2819 348 2863 ται,
370 2799 463 2853 καὶ
479 2793 858 2865 ἀντεχομένοις
881 2790 979 2860 τῆς
999 2787 1264 2856 διαθήκης
1281 2780 1470 2835 αὐτοῦ.
1490 2778 1746 2830 Βούλεται
1765 2775 1821 2828 δὲ

233 2891 472 2964 Χριστὸς
498 2889 558 2942 οὐ
578 2888 646 2941 τά
666 2887 724 2938 ὲν
746 2884 924 2944 σκιαῖς
957 2880 1052 2934 καὶ
1081 2876 1374 2948 γράμματι
1401 2869 1656 2943 νομικῶς,
1685 2865 1825 2921 ἀλλά

236 2959 338 3038 καὶ
369 2981 437 3035 τὰ
467 2983 523 3033 ὲν
544 2981 610 3050 τῇ
636 2976 869 3046 διαθήκῃ
886 2974 953 3043 τῇ
985 2969 1114 3041 παρ’
1143 2964 1307 3021 αὐτοῦ
1329 2979 1342 2994 ⁸
1383 2962 1538 3034 δῆλον
1570 2960 1625 3013 δὲ
1655 2959 1824 3027 ὅτιτῇ

236 3077 342 3147 νέᾳ
368 3091 427 3126 τε
451 3072 544 3127 καὶ
580 3066 933 3137 εὐαγγελικῇ.

319 3139 428 3220 kal
457 3162 580 3228 τοῖς
605 3155 966 3228 ἀλλογενέσι
992 3151 1115 3217 τοῖς
1151 3145 1608 3218 προσκειμένοις
1631 3139 1828 3208 Κυρίῳ
1853 3152 1896 3209 c

238 3245 749 3314 δουλεύειναὺτῷ,
783 3243 879 3298 καί
906 3238 1147 3311 ἀγαπᾷν
1173 3237 1240 3291 τὸ
1266 3238 1452 3304 ὄνομα
1481 3231 1733 3300 Κυρίου,
1764 3228 1829 3280 τὸ

241 3342 403 3398 εἶναι
457 3337 617 3404 αὐτῷ
651 3340 738 3404 είς
774 3335 1036 3398 δούλους
1070 3330 1170 3384 καί
1203 3329 1448 3392 δούλας,
1471 3326 1569 3379 καὶ
1603 3323 1835 3385 πάντας

242 3436 395 3500 τοὺς
417 3427 926 3503 φυλασσομένους
962 3423 1036 3478 τὰ
1075 3419 1345 3478 Σάϐϐατά
1375 3436 1493 3489 μου
1528 3416 1614 3487 μὴ
1655 3417 1836 3482 ,ϐεϐη-

245 3524 428 3581 λοῧν.
457 3521 554 3576 καί
596 3517 1042 3587 ἀντεχομένους
1079 3513 1187 3581 τῆς
1225 3510 1517 3578 διαθήκης
1549 3526 1687 3578 μου,
1715 3509 1838 3561 εἱσ-

247 3617 381 3681 άξω
398 3613 622 3679 αὐτοὺς
637 3613 724 3677 είς
753 3609 818 3663 τὸ
841 3608 980 3676 ὄρος
999 3608 1065 3660 τὸ
1091 3605 1265 3674 ἅγιόν
1283 3620 1424 3673 μου,
1446 3600 1545 3656 καὶ
1565 3597 1840 3669 εὐφρανῶ

251 3706 484 3771 αὐτοὺς
515 3704 585 3758 ἐν
613 3702 693 3768 τῷ
722 3700 867 3765 οῖκφ
893 3697 1004 3767 τῆς
1041 3693 1393 3765 προσευχῆς
1427 3709 1565 3761 μου.
1600 3691 1677 3745 Τὰ
1714 3693 1845 3744 ὀλο-

259 3798 621 3867 καυτὼματα
661 3791 880 3854 αὐτῶν,
903 3789 1001 3843 καί
1043 3790 1102 3842 ai
1143 3785 1349 3842 θυσίαι
1380 3781 1580 3837 αὐτῶν
1598 3779 1844 3835 ἔσονται

270 3891 475 3948 δεκταὶ
497 3888 596 3942 ἐπὶ
623 3887 691 3940 τὸ
723 3880 1158 3949 θυσιαστήριον
1173 3876 1383 3948 μου.⁹0
1407 3876 1517 3945 γὰρ
1550 3871 1713 3939 οἷκός
1728 3888 1846 3941 μου

262 3981 433 4048 οἶκος
467 3975 817 4048 προσευχῆς
839 3969 1327 4042 προκληθήσεται
1350 3965 1501 4022 πᾶσι
1532 3965 1656 4028 τοῖς
1685 3963 1849 4018 ἔθνε’

265 4093 394 4137 σιν,
416 4069 548 4127 εἷπε
571 4070 781 4137 Κύριος
816 4068 848 4120 ό
878 4062 1161 4132 συνάγων
1188 4059 1332 4125 τοὺς
1371 4053 1850 4125 διεσπαρμένους

282 4164 528 4236 Ἰσραήλ
539 4202 552 4217 .

346 4252 652 4310 Συναπτέον
678 4253 791 4313 τοῖς
820 4248 1010 4301 ἀνόπιν
1041 4245 1132 4299 καὶ
1159 4241 1352 4304 ταῦτα,
1382 4234 1501 4312 ἴν’ᾗ
1530 4236 1771 4293 τοιοῦτον
1792 4235 1854 4289 τὸ

269 4349 588 4419 λεγόμενον’
618 4341 756 4396 Τάδε
775 4339 923 4407 λέγει
946 4337 1148 4406 Κύριος
1168 4336 1279 4396 τοῖς
1297 4331 1591 4400 εὐνούχοις,
1617 4328 1712 4383 καὶ
1743 4329 1856 4390 τοῖς

271 4435 586 4507 άλλογενέσι
611 4435 725 4494 τοῖς
747 4427 1165 4502 προσκειμένοις
1189 4424 1378 4496 Κυρίῳ
1396 4421 1666 4476 δουλεύειν
1686 4417 1854 4488 αὐτῷ.

275 4529 490 4587 Οὐκοῦν
513 4524 816 4593 διαλέγεται
846 4522 958 4583 τοῖς
985 4518 1042 4585 ἐξ
1074 4516 1264 4578 ἐθνῶν,
1291 4516 1388 4568 καὶ
1409 4513 1526 4567 οὐτε.
1551 4529 1653 4565 που
1679 4511 1862 4581 μόνοις

271 4626 394 4685 τοῖς
430 4621 487 4686 ἐξ
536 4617 763 4685 αἵματος
810 4611 1046 4682 Ἰσραὴλ,
1083 4609 1132 4661 οἳ
1179 4608 1275 4676 τὴν
1317 4606 1488 4677 ὀφρὺν
1515 4602 1866 4664 ἀνασπῶντες

276 4709 492 4780 ὑψηλὴν
545 4703 948 4772 κατεπεφύοντο
1000 4698 1110 4752 τῶν
1150 4696 1451 4764 ἀλλογενῶν
1475 4735 1490 4759 ,
1534 4693 1728 4764 μερίδα
1775 4692 1871 4744 καὶ

277 4802 486 4870 κλῆρον
541 4795 676 4850 Θεοῦ
713 4793 808 4847 καὶ
853 4792 980 4846 λαὸν
1024 4791 1180 4858 ἅγιον
1221 4788 1446 4850 ἑαυτοὺς
1473 4785 1829 4856 ὀνομάζοντες
1853 4800 1866 4813 ·

282 4894 587 4963 φάσκοντες
644 4887 741 4950 τὺ,
805 4903 824 4936 ι
857 4879 1132 4953 Μακάριοι
1183 4881 1349 4949 ὲσμεν
1384 4877 1635 4949 Ἰσραὴλ,
1681 4877 1763 4929 ὃτι
1805 4873 1875 4928 τὰ

278 4961 490 5055 άρεστά
538 4977 728 5050 Κυρίῳ
773 4973 990 5044 γνωστά
1041 4973 1173 5042 ἡμῖν
1218 4970 1354 5023 ἐστι.
1387 4989 1405 5020 ι
1445 4968 1718 5040 Πρόδηλον
1750 4961 1865 5031 οῦν,

281 5076 370 5129 ὅτι
421 5073 482 5126 οὐ
531 5068 804 5142 σαρκικῆς
849 5064 1127 5133 εὐγενείας
1156 5061 1386 5132 δύναμις
1417 5061 1676 5114 συνάπτει
1707 5057 1828 5129 Θεῷ
1851 5073 1866 5088 °

284 5167 352 5221 οὐ
390 5164 499 5234 γὰρ
525 5163 606 5216 ὃτι
634 5160 920 5229 γεγόνασιν
961 5156 1020 5220 ἐξ
1051 5154 1322 5226 Ἀϐραὰμ,
1368 5153 1566 5223 κλῆρος
1598 5151 1734 5207 Θεοῦ
1771 5167 1870 5221 με-

293 5255 586 5327 μενήκασι,
627 5245 1068 5315 καταλογισθεῖεν
1096 5245 1140 5297 δ’
1169 5243 1236 5298 ἂν
1281 5244 1360 5306 είς
1406 5242 1531 5295 λαὸν
1577 5240 1740 5294 αὐτοῦ
1784 5239 1874 5293 διὰ

292 5341 592 5411 συναφείας
621 5339 723 5409 τῆς
757 5335 1130 5406 πνευματικῆς
1174 5335 1222 5386 0i
1265 5332 1412 5403 αὐτῷ
1465 5331 1873 5403 προσκείμενοι,

293 5435 403 5489 κάν
450 5433 502 5486 εί
543 5447 685 5494 τινες
737 5423 847 5481 εἶεν
895 5425 1220 5492 άλλογενεῖς,
1257 5421 1640 5494 προσκείμενοι
1691 5419 1748 5472 δὲ
1789 5419 1877 5473 διὰ

294 5529 536 5589 πίστεως
582 5541 642 5576 τε
666 5562 681 5587 ,
724 5523 818 5576 καὶ
865 5519 963 5591 τὴν
1006 5519 1096 5572 ὐπ’
1128 5515 1276 5585 αὐτῷ
1326 5514 1568 5568 δουλείαν
1624 5511 1876 5582 ἡγεῖσθαι

297 5618 587 5687 καύχημα,
621 5612 718 5667 καὶ
762 5612 986 5680 ἀγαπᾷν
1032 5607 1094 5659 τὸ
1145 5606 1313 5675 ὄνομα
1355 5604 1542 5658 αὐτοῦ’
1567 5605 1788 5675 ἀγαπᾷν
1818 5603 1876 5657 δὲ

376 5800 425 5833 τ’
453 5797 647 5854 Matth.
673 5811 785 5862 κιι,
816 5796 902 5849 12.
977 5795 1022 5826 ⁸⁰
1054 5792 1285 5848 Baruch.
1328 5805 1402 5858 tv,
1429 5790 1482 5845 4.

1320 383 1390 440 ιΝ
1427 379 1663 437 ISAIAM
1705 378 1834 432 LIB.
1877 375 1946 432 ν.
1983 370 2221 430 TOMUS
2255 369 2345 424 Ill.

3309 345 3446 402 1246

1889 492 2053 563 790
2079 491 2280 557 lignum
2323 484 2559 538 aridum.
2597 474 2736 534 Nihil
2766 483 2944 528 autem
2981 475 3162 530 nocet,
3193 465 3299 518 imo
3325 477 3450 514 vero

1878 597 2101 640 necesse
2122 596 2242 636 esse
2274 578 2418 639 dico,
2451 583 2511 628 ut
2538 571 2863 626 mentionem
2906 560 3166 615 l'aciatnus
3196 566 3337 607 nunc
3359 564 3452 603 εο-

1878 693 1995 733 rum
2031 673 2119 742 qui
2153 687 2209 725 se
2239 676 2457 738 propter
2489 676 2709 732 regnum
2744 656 3002 712 cmlorum
3029 645 3305 702 eunuchos
3330 641 3453 697 red-

1878 769 2131 826 diderunt
2159 763 2227 824 ⁷³,
2260 763 2406 827 iuxta
2436 771 2619 810 vocent
2658 745 2964 807 Servatoris
2994 741 3229 810 :quibus
3281 733 3456 791 oratio

1881 877 1909 914 a
1929 861 2034 912 Deo
2055 858 2153 910 hoc
2173 855 2288 907 loco
2306 850 2488 904 habita
2512 861 2616 899 non
2633 843 2730 896 abs
2760 855 2817 892 re
2839 829 3234 892 accommodari
3257 833 3455 895 potest.

1884 951 2028 1004 Dabo
2056 947 2200 1000 enim
2233 942 2360 1003 illis,
2397 937 2592 1005 inquit,
2628 934 2680 986 in
2709 932 2866 983 domo
2902 940 3020 978 mea
3086 929 3134 975 et
3165 919 3305 972 intra
3344 930 3459 967 tnu-

1884 1056 2000 1094 runt
2053 1051 2228 1091 meum
2281 1032 2456 1086 locum
2506 1025 2796 1079 celebrem.
2846 1019 3069 1072 Domum
3117 1021 3169 1065 et
3224 1022 3458 1066 murmn,

1883 1131 1966 1185 vel
2028 1125 2374 1183 munitionem
2419 1128 2472 1172 et
2517 1115 2886 1173 securitatem,
2931 1101 3201 1175 appellare
3253 1097 3463 1149 videtur

1886 1220 2201 1279 Ecclesium,
2227 1225 2475 1282 superam
2511 1217 2565 1261 et
2605 1204 2900 1262 caelestem,
2933 1196 3015 1250 vel
3062 1194 3199 1247 hanc
3245 1202 3362 1256 qum
3409 1184 3463 1238 in

1887 1313 2046 1368 terris
2084 1314 2330 1363 versatur
2364 1320 2379 1357 :
2413 1303 2466 1354 in
2502 1313 2604 1369 qua
2654 1291 2996 1362 resplendent
3042 1282 3142 1338 viri
3179 1276 3466 1334 sanctimo—

1891 1405 1992 1459 niaa
2039 1408 2092 1454 et
2133 1393 2379 1467 gravitati
2436 1368 2588 1460 quasi
2633 1380 2918 1445 innutriti,
2959 1387 3012 1431 et
3051 1373 3142 1444 qui
3192 1368 3467 1425 continen-

1893 1497 1978 1548 tia:
2021 1505 2216 1545 corona
2258 1484 2490 1542 redimiti
2540 1487 2686 1542 sunt,
2721 1490 2784 1529 ac
2851 1468 3073 1540 gloriam
3112 1465 3248 1517 hanc
3298 1455 3472 1528 potio-

1895 1602 2006 1641 rem
2065 1581 2395 1636 fecunditate
2441 1572 2789 1629 existimant,
2836 1570 2889 1616 et
2928 1557 3102 1628 quoad
3144 1549 3465 1622 gravitatem

1895 1694 1958 1732 ac
1995 1676 2337 1731 sanctitatem
2398 1658 2828 1724 conversationis
2896 1653 2964 1706 ab
3026 1642 3291 1703 eunuchis
3343 1634 3473 1692 nihil

1897 1765 2170 1822 diiferunt.
2195 1762 2258 1817 Hi
2288 1760 2560 1828 accipiunt
2587 1769 2615 1806 a
2647 1750 2754 1802 Deo
2783 1744 3009 1815 gloriam
3061 1744 3342 1792 retentam,
3375 1727 3478 1782 hoc

1829 1834 1870 1887 Β
1903 1860 2044 1914 enim
2078 1856 2283 1910 illustre
2323 1851 2429 1904 illis
2455 1859 2646 1901 nomen
2674 1849 2777 1901 est,
2807 1835 3035 1900 illosque
3084 1823 3256 1896 gratia
3312 1819 3480 1889 ipsius

1902 1964 2009 2003 non
2048 1946 2282 2002 deﬁciet.
2316 1938 2520 1995 Exitnia
2570 1940 2696 1987 sunt
2745 1927 2888 1981 enim
2947 1913 3293 1974 continentite
3345 1921 3482 1976 prte-

1905 2049 2029 2104 tnia.
2063 2037 2258 2093 Verum
2286 2047 2394 2087 non
2427 2021 2745 2093 εἰιινιιιὶρῑιοι·
2779 2011 3041 2068 eunuchis
3090 2006 3230 2060 hanc
3261 1999 3393 2053 adeo
3415 1995 3483 2047 il-

3263 2101 3271 2104 Α
3398 2101 3442 2104 η
3470 2083 3482 2104 ,

1906 2083 2029 2104 IIII".
2077 2083 2258 2093 νν--ι----
2289 2083 2347 2087 --κ
2537 2083 2548 2093 ⁵

1906 2135 2094 2194 lustris
2128 2122 2406 2198 dignitatis
2442 2104 3005 2172 subministrationem
3062 2094 3366 2166 pollicetur,
3393 2083 3484 2138 sed
3555 2097 3557 2102 ‘

2906 2197 2912 2198 '
2974 2193 2985 2198 ‘
3079 2189 3091 2198 ·
3119 2191 3128 2198 ·
3168 2187 3198 2198 ι’
3275 2193 3287 2198 -
3380 2178 3481 2198 Διὶ.-

2132 2178 2158 2184 --
2185 2178 2214 2198 ι,
2242 2178 2270 2180 π

1908 2220 2319 2284 observantibus
2351 2211 2587 2266 Sabbula
2625 2203 2762 2272 ejus,
2793 2193 2989 2253 Christi
3045 2187 3312 2244 videlicet.
3369 2178 3488 2232 Alia

1910 2334 2039 2376 vero
2069 2322 2212 2376 sunt,
2247 2311 2322 2360 uti
2349 2303 2482 2363 dixi,
2515 2300 2631 2367 ejus
2681 2293 2940 2349 Sabhata.
2969 2297 3128 2354 quam
3184 2276 3335 2344 legis.
3365 2270 3492 2324 ilzec

1915 2419 2148 2472 namque
2177 2403 2229 2453 in
2264 2395 2401 2468 typis
2431 2399 2587 2446 erant
2616 2386 2718 2438 sita
2740 2421 2754 2444 ,
2791 2379 2879 2433 illa
2925 2371 3163 2428 veritatis
3197 2360 3494 2435 pulchritu-

1923 2501 2049 2555 dine
2075 2497 2431 2550 illustrantur.
2455 2482 2637 2544 Addit,
2655 2476 2745 2546 qui
2775 2467 3035 2540 elegerint
3062 2476 3180 2532 qua:
3219 2457 3334 2526 ipse
3359 2450 3492 2511 vult,

1919 2605 1984 2643 ac
2020 2581 2291 2640 tenuerint
2356 2577 2734 2628 tcstamentmn
2781 2573 2958 2614 suum.
3019 2549 3269 2607 Christus
3318 2552 3495 2596 autem

1923 2680 2029 2732 vult
2061 2690 2164 2730 non
2197 2684 2315 2740 qua:
2346 2668 2398 2720 in
2454 2657 2661 2715 umbris
2693 2665 2748 2707 et
2788 2647 2980 2705 litteris
3011 2639 3271 2708 legalibus
3321 2626 3500 2686 consi-

1921 2778 2094 2830 stunt,
2128 2763 2220 2818 sed
2241 2774 2359 2830 qua:
2384 2756 2448 2808 ad
2485 2755 2865 2806 testamentum
2897 2750 3052 2795 suum
3078 2728 3371 2803 pertinent,
3400 2733 3500 2774 no-

1925 2875 2048 2915 vum
2093 2856 2299 2912 scilicet
2333 2859 2388 2903 et
2420 2841 2814 2911 evangelicum.

2003 3142 2163 3196 \‘Ens.
2185 3135 2303 3192 6-8.
2344 3132 2410 3185 Et
2469 3124 2678 3187 ritimis,
2709 3120 2798 3191 qui
2841 3110 3040 3169 addicti
3083 3113 3206 3161 sunt
3257 3097 3506 3160 Domino,

1933 3235 2122 3290 servire
2159 3231 2226 3290 ei,
2253 3237 2300 3281 et
2335 3223 2552 3291 diligere
2580 3229 2766 3270 nomen
2820 3202 3054 3263 Domini,
3103 3206 3159 3252 ut
3198 3194 3298 3247 sint
3337 3191 3385 3244 ei
3455 3189 3512 3241 in

1935 3341 2105 3382 servos
2125 3331 2174 3376 et
2223 3280 2465 3378 ancillai,
2504 3319 2550 3364 et
2597 3306 2886 3377 quicunque
2936 3289 3236 3348 custodiunt
3281 3280 3512 3337 Sabbata

1939 3432 2074 3474 mea.
2127 3425 2188 3463 ne
2261 3402 2538 3473 profanent
2590 3411 2674 3458 ea,
2718 3398 2767 3443 et
2805 3386 2894 3455 qui
2935 3386 3117 3449 tenent
3149 3377 3516 3428 testamentum

1939 3519 2130 3565 meum,
2163 3497 2416 3553 inducam
2453 3505 2536 3544 eos
2588 3487 2640 3538 in
2694 3487 2919 3536 montem
2954 3478 3191 3527 sanctum
3238 3475 3432 3521 meum,
3469 3463 3520 3510 et

1943 3591 2246 3652 exhilarabo
2281 3603 2368 3642 eos
2413 3585 2470 3637 in
2498 3581 2651 3633 domo
2687 3569 2942 3627 orationis
2985 3576 3112 3617 metu
3149 3573 3167 3612 :
3215 3553 3524 3608 holocausta

1943 3701 2121 3745 eorum
2142 3690 2191 3736 et
2211 3678 2432 3734 victimae
2461 3683 2639 3725 eorum
2671 3670 2821 3718 erunt
2851 3649 3189 3720 acceptabiles
3244 3657 3397 3708 super
3434 3638 3519 3691 al-

1949 3788 2061 3832 tare
2095 3786 2286 3827 meum.
2320 3765 2514 3818 Domus
2553 3757 2691 3812 enim
2727 3767 2838 3806 meo
2887 3749 3074 3806 domus
3109 3732 3365 3791 orationis
3425 3744 3517 3782 υο-

1949 3867 2155 3922 cabitur
2177 3856 2374 3914 cunctis
2404 3847 2663 3920 gentibus,
2696 3841 2822 3896 dicit
2859 3835 3134 3896 Dominus,
3181 3825 3270 3896 qui
3301 3835 3521 3891 congre-

1951 3967 2037 4029 gat
2063 3955 2322 4022 dispcrsos
2349 3941 2540 4000 Israel.

2031 4227 2376 4289 Aduectenda
2404 4232 2528 4280 sunt
2551 4222 2664 4275 haec
2695 4225 2910 4285 quoque
2933 4203 3320 4279 superioribus,
3353 4207 3412 4252 ut
3431 4195 3538 4252 tale

1963 4328 2090 4398 quid
2128 4325 2339 4378 dicatur
2370 4335 2384 4371 :
2420 4315 2545 4370 llaec
2573 4311 2703 4366 dicit
2730 4305 2987 4362 Dominus
3015 4295 3296 4358 eunuchis,
3329 4300 3384 4346 et
3411 4291 3539 4343 alie-

1965 4417 2198 4487 nigenis,
2233 4408 2467 4465 addictis
2495 4403 2740 4465 Domino,
2772 4406 2831 4450 ιιι
2859 4394 3098 4450 serviant
3126 4389 3196 4442 ei.
3221 4385 3395 4439 Habet
3413 4395 3542 4449 ergo

1967 4468 2100 4487 ηυγ

1891 4485 1936 4540 D
1965 4516 2270 4563 sermonem
2331 4511 2454 4552 cum
2490 4490 2761 4562 gentibus,
2788 4499 2894 4538 non
2933 4494 3054 4535 cum
3081 4475 3214 4532 solis
3257 4468 3541 4526 lsraelitis,

1965 4597 2124 4669 791
2143 4555 2234 4662 qui
2265 4589 2431 4643 altum
2467 4555 2814 4651 supercilium
2840 4568 3138 4640 erigebant,
3189 4571 3244 4615 et
3291 4555 3546 4623 alienige-

1971 4707 2070 4749 nas
2109 4680 2462 4753 impetebant,
2502 4688 2560 4726 se
2585 4668 2884 4739 portionem
2910 4671 2963 4714 et
2987 4667 3188 4713 sortem
3225 4651 3339 4716 Dei,
3371 4658 3425 4702 et
3455 4663 3548 4713 po-

1971 4783 2154 4854 pulum
2189 4779 2436 4830 sanctum
2464 4764 2823 4822 nominantes,
2850 4769 2914 4809 ac
2943 4749 3253 4805 dictitantes
3286 4758 3300 4794 :
3337 4759 3355 4791 ι
3399 4737 3545 4791 Beati

1971 4834 2036 4854 Γ
2073 4834 2084 4836 _

1971 4887 2158 4931 sumus
2181 4863 2370 4924 lsrael,
2398 4857 2523 4928 quia
2562 4867 2684 4922 qum
2711 4859 2840 4904 sunt
2884 4851 3102 4910 accepta
3140 4834 3386 4895 Domino,
3424 4837 3549 4881 uota

1973 4972 2100 5022 sunt
2143 4957 2298 5013 nobis
2319 4953 2387 5005 °°.
2419 4969 2438 5001 ι
2489 4919 2716 5002 Constat
2777 4951 2906 5006 ergo
2964 4927 3200 4988 carnalis
3255 4919 3552 4976 nobilitatis

1975 5052 2229 5105 virtutem
2261 5057 2361 5098 nos
2398 5038 2508 5092 Deo
2557 5048 2663 5088 non
2709 5027 3070 5094 conjungere;
3108 5032 3209 5072 nec
3233 5014 3376 5068 enim
3411 5008 3553 5076 quod

1977 5142 2088 5200 nati
2121 5147 2246 5194 sunt
2265 5131 2596 5190 Abrahamo,
2648 5136 2769 5179 sors
2817 5118 2908 5174 Dei
2953 5117 3297 5172 manserunt;
3333 5101 3426 5158 sed
3458 5115 3551 5169 po-

1979 5235 2104 5305 pulo
2129 5229 2220 5284 Dei
2242 5217 2632 5283 annumerandi
2655 5225 2801 5277 sunt,
2825 5210 2916 5280 qui
2939 5201 3201 5278 spirituali
3232 5197 3418 5266 copula
3453 5191 3551 5259 ipsi

1980 5327 2276 5386 adhaerent,
2306 5312 2518 5374 etiamsi
2573 5307 2888 5378 alienigena:
2935 5300 3064 5363 sint,
3091 5295 3250 5350 modo
3277 5305 3370 5360 per
3399 5286 3553 5338 tidem

1981 5420 2030 5474 ei
2055 5417 2164 5473 sint
2191 5409 2411 5475 addicti,
2449 5405 2674 5476 ejusque
2702 5397 3018 5454 servitutem
3053 5386 3238 5460 gloria:
3299 5379 3400 5435 sibi
3454 5376 3565 5431 du...

1981 5518 2124 5573 cant,
2153 5521 2216 5560 ac
2242 5515 2436 5559 nomen
2459 5497 2577 5568 ejus
2631 5492 2877 5563 diligant,
2907 5493 2963 5542 et
2997 5487 3068 5537 ita
3107 5477 3352 5543 diligant,
3378 5476 3436 5522 ut
3463 5479 3559 5534 per

1979 5595 2395 5658 submissionem
2415 5591 2467 5647 in
2489 5565 2773 5652 omnibus,
2797 5577 2944 5650 regni
2978 5572 3120 5631 illius
3136 5565 3323 5637 jttgum
3347 5568 3561 5624 semper
