4140 6536
193 412 330 468 ιαιθ

1291 404 1355 459 ΙΝ
1407 401 1638 459 ΙΒΑΙᾹΜ
1682 401 1811 456 LIB.
1855 401 1918 455 V.
1961 399 2197 456 TOMUS
2235 398 2322 454 lll.

3306 402 3445 458 1250

189 524 550 600 προῦπισχνού
560 541 718 596 μενος
735 519 820 589 ;“’Λ
829 524 877 595 ρ’
895 525 923 577 ὁ
940 522 1223 586 Θεσπέσιος
1243 523 1525 600 προφήτης
1540 520 1767 582 Ἡσαΐας

1871 528 2156 586 postquam
2184 515 2383 568 tnuntlo
2441 513 2685 567 Christus
2728 512 2994 578 illuverat,
3039 514 3132 567 sed
3183 515 3345 570 etiam
3382 533 3446 572 ex

185 623 259 683 ὡς
286 617 390 673 ἀπὸ
425 616 652 686 γνώμης
694 616 827 680 ἰδίας
852 633 866 682 ;
889 617 963 668 Οὐ
997 614 1097 686 μὲν
1127 609 1239 668 οὖν.
1286 609 1416 664 Eine
1449 613 1558 682 γὰρ
1595 611 1622 662 ό
1656 608 1766 662 Κύ-

185 727 316 780 ριος,
351 708 534 779 φησὶν,
561 709 588 760 ό
616 707 861 775 συνάγων
905 707 1030 768 τοὺς
1065 705 1495 775 διεσπαρμένους
1528 703 1762 773 Ἰσραήλ.

183 797 339 855 Οὗτοι
376 797 665 867 τοιγαροῦν
696 798 745 849 οἱ
773 797 938 864 λόγοι,
971 796 1064 849 καὶ
1096 794 1191 848 τοῦ
1218 793 1675 862 κατοικτείροντος
1711 795 1767 844 αί

183 892 388 962 φωναίσ
423 890 583 958 φύσει
631 889 740 960 γὰρ
787 888 1046 960 ὑπάρχων
1087 887 1288 955 ἀγαθὸς
1321 885 1526 948 πάντας
1557 881 1769 954 ἀνθρὼ-

181 1001 313 1044 πους
348 981 490 1035 θέλει
523 979 784 1051 σωθῆναι,
816 980 912 1032 καὶ
943 981 1022 1042 είς
1051 977 1345 1045 ἐπίγνωσιν
1395 975 1650 1045 ἀληθείας
1684 972 1757 1025 ὲλι

181 1075 312 1128 θεῖν.
358 1074 501 1143 Πλὴν
531 1072 704 1125 ὅτιτὸ
745 1072 844 1142 τῆς
887 1070 1224 1140 ἡμερότητος
1263 1066 1488 1137 μέγεθος
1537 1065 1637 1118 οὐκ
1674 1063 1768 1116 ἐπὶ

184 1165 366 1233 μόνοις
399 1162 554 1232 ῶφθη
578 1165 687 1226 τοῖς
717 1160 775 1226 ἐξ
808 1159 1000 1220 ἐθνῶν,
1035 1158 1442 1228 ἐπιλάμψαντος
1472 1155 1549 1224 τῷ
1580 1153 1768 1222 κόσμῳ

182 1254 441 1326 Χριστοῦ,
469 1253 605 1306 ἀλλά
641 1253 748 1323 γὰρ
779 1252 874 1305 καὶ
905 1251 997 1304 ἐπὶ
1025 1251 1149 1314 τοὺς
1174 1249 1234 1314 ἐξ
1261 1249 1487 1318 αἵματος
1529 1245 1766 1316 Ἰσραὴλ,

185 1347 350 1414 σαφὲς
373 1345 437 1398 ἀν
463 1346 672 1412 γένοιτο
691 1343 986 1404 διειπόντος
1011 1339 1173 1394 αὑτοῦ
1205 1340 1284 1404 τὸ,
1318 1335 1486 1392 Εἶπεν
1507 1340 1534 1389 ὁ
1569 1336 1770 1408 Κύριος

182 1438 211 1488 ό
260 1437 506 1504 συνάγων
554 1435 680 1498 τοὺς
724 1431 1154 1503 διεσπαρμένους
1197 1428 1432 1500 Ἰσραήλ.
1450 1425 1628 1482 Ἦσαν
1677 1423 1770 1481 οὖν

180 1529 288 1598 ἄρα
321 1527 414 1578 καὶ
439 1525 591 1580 αὐτοὶ
625 1522 1133 1592 κατεσκεδασμένοι,
1161 1523 1255 1574 καὶ
1279 1519 1400 1592 οὐχὶ
1435 1519 1636 1590 μᾶλλον
1665 1534 1772 1570 σω-

184 1617 452 1687 ματικῶς,
481 1617 647 1687 ἤγουν
679 1615 785 1678 ἐξω
818 1631 920 1666 που
953 1613 1052 1684 τῆς
1093 1611 1353 1673 Ἰουδαίας
1398 1605 1772 1677 ἀπενηνεγμέ-

180 1726 280 1764 voc.
317 1708 412 1759 καί⁸
445 1709 521 1770 είς
579 1706 760 1771 πόλεις
807 1705 957 1768 ὄντες
1006 1703 1196 1774 ἑτέρας
1239 1703 1271 1779 ἢ
1313 1700 1516 1772 χώρας,
1552 1699 1665 1752 ἀλλ’
1695 1697 1769 1760 ὡς

178 1800 274 1868 τῆς
326 1798 549 1866 ἐννόμου
601 1793 872 1858 πολιτείας
913 1795 1401 1865 ἀποφοιτήσαντες,
1439 1789 1661 1859 καὶτῆς
1690 1789 1769 1852 είς

1869 609 2127 674 sanguine
2159 607 2455 659 Israelitico
2499 605 2759 668 nriundis,
2813 605 3028 673 planum
3079 622 3199 659 esse
3247 617 3447 674 potest,

1869 702 1985 769 ipso
2036 701 2299 756 dicente:
2359 699 2499 753 Dixit
2547 699 2804 754 Dominus
2857 700 2946 768 qui
3023 715 3312 773 congregat
3371 705 3452 758 tli-

1867 809 2082 861 Spcrsos
2131 793 2311 847 Israel.
2372 792 2535 846 Erant
2577 792 2800 860 proinde
2829 802 2884 845 et
2950 791 3002 844 lti
3033 793 3299 862 diSsipati,
3343 813 3450 851 non

1869 883 2039 936 Sulttllt
2071 898 2297 952 corpore
2335 894 2488 936 tenus
2533 893 2684 936 extra
2731 880 2968 935 Judzeatn
3011 882 3250 953 abducti,
3284 895 3338 940 et
3383 889 3451 940 ad

1869 976 2004 1028 alias
2059 975 2311 1029 civitates
2366 990 2460 1027 seu
2514 975 2759 1042 regiones
2793 975 3156 1044 eragali,st-d
3197 987 3450 1048 tanquam

1868 1069 1957 1135 qui
1983 1084 2011 1119 a
2041 1067 2146 1120 vita
2176 1066 2321 1134 justa
2355 1076 2714 1128 recesserant,
2745 1073 2798 1118 et
2827 1082 2856 1119 a
2891 1067 3176 1124 dilectione
3202 1070 3254 1124 itt
3282 1070 3451 1125 Deum

1872 1158 2197 1212 resilierant.
2234 1156 2348 1211 Non
2384 1159 2526 1212 enim
2567 1158 2881 1211 mandatum
2909 1159 3009 1213 sibi
3036 1160 3216 1214 datum
3266 1177 3451 1216 serva-

1872 1260 2034 1304 runt:
2073 1260 2128 1304 at
2161 1265 2531 1319 sa'petntmero
2573 1264 2666 1304 eos
2716 1249 3053 1303 inveniemus
3091 1260 3146 1303 et
3184 1251 3234 1306 in
3277 1252 3451 1307 idolo-

1871 1357 1989 1395 rum
2009 1342 2510 1410 culluntprolapsos
2553 1357 2690 1402 esse.
2749 1353 2803 1395 et
2867 1342 3022 1396 labiis
3073 1343 3238 1397 Deum
3281 1347 3450 1402 ItOtto-

1873 1447 2014 1494 rare,
2031 1434 2268 1485 animum
2290 1444 2466 1485 autent
2490 1432 2780 1486 alienatum
2805 1433 2965 1504 793
2993 1433 3218 1497 habere,
3239 1450 3304 1490 ac
3327 1451 3450 1492 eum

1870 1519 2069 1575 [rustra
2103 1521 2300 1587 colere,
2340 1521 2720 1590 doctrinasqtte
2776 1533 2830 1577 et
2855 1536 3121 1595 pra-cepta
3175 1525 3452 1584 hominum

1870 1612 2084 1666 docere.
2117 1611 2192 1667 Ne
2221 1613 2401 1680 itaque
2426 1613 2686 1684 glorietur
2711 1626 2901 1667 contra
2930 1615 3262 1682 alienigenas
3282 1617 3454 1672 refra-

1870 1702 2074 1755 ctarins
2104 1702 2287 1756 Israel.
2310 1703 2592 1772 Aiqualetn
2630 1704 2771 1757 enim
2815 1720 2844 1757 a
2878 1705 2985 1759 Deo
3022 1707 3451 1762 misericordiam

1871 1800 1925 1844 et
1955 1791 2055 1860 ipsi
2088 1794 2365 1847 «Ottseculi
2419 1803 2583 1859 sunt;
2620 1805 2782 1864 atque
2831 1797 3148 1866 deprehensi
3202 1807 3329 1856 sunt
3377 1800 3448 1856 illi

178 1888 312 1940 Θεὸν
345 1888 562 1956 ἀγάπης
588 1885 1033 1957 ἀποπηδήσαντες
1051 1901 1062 1914 ·
1091 1885 1149 1938 οὐ
1174 1884 1282 1954 γὰρ
1313 1881 1649 1951 τετηρήκασι
1668 1877 1765 1948 τὴν

1870 1898 1976 1935 non
2009 1883 2374 1955 satisingenui
2409 1902 2472 1940 ac
2518 1887 2762 1952 stabiles,
2792 1904 2890 1942 nec
2951 1889 3001 1942 itt
3056 1889 3201 1944 omni
3253 1905 3452 1956 genere

176 1979 424 2035 δοθεῖσαν
479 1978 731 2048 ἐντολήν
793 1978 1098 2048 εὑρήσομεν
1145 1976 1202 2029 δὲ
1250 1971 1573 2042 πλεισταχοῦ
1601 2011 1616 2036 ,
1671 1969 1764 2022 καὶ

1871 1972 2194 2027 obedientia:
2247 1973 2618 2042 inculpabiles,
2652 1975 2745 2029 sed
2805 1975 3048 2047 dissipati
3141 1993 3206 2033 ac
3255 1979 3450 2048 sparsi.

177 2073 294 2133 ταῖς
322 2070 431 2126 τῶν
461 2068 693 2122 εἰδώλων
724 2068 1041 2138 θεραπείαις
1062 2065 1524 2136 προσνενευκότας
1545 2061 1763 2125 αὐτοὺς,

1871 2065 2322 2132 quemadmodum
2351 2065 2458 2132 jam
2485 2067 2616 2119 dixi.

179 2166 268 2218 λαὶ
320 2165 523 2236 χείλεσι
575 2165 672 2232 μὲν
713 2162 986 2232 τιμῶντας
1018 2162 1168 2224 Θεὸν,
1210 2157 1695 2232 ἀπεσχοινισμένην
1735 2155 1789 2208 δὲ
1830 2155 2008 2210 αὐτῶν
2038 2158 2135 2230 τὴν
2170 2157 2408 2214 διάνοιαν
2447 2159 2688 2230 ἔχοντας,
2735 2161 2826 2214 καὶ
2861 2163 3042 2234 μάτην
3075 2165 3237 2224 αὑτὸν
3294 2165 3452 2222 σεϐο-

178 2260 396 2328 μένους,
426 2257 770 2318 διδάσκοντας
813 2273 873 2308 τε
919 2255 1282 2322 διδασκαλίας,
1323 2252 1631 2322 ἐντάλματα
1669 2249 1990 2320 ἀνθρώπων.
2043 2251 2251 2306 Οὐκοῦν
2293 2254 2368 2328 μὴ
2415 2253 2709 2328 καυχάσθω
2748 2252 2856 2306 τῶν
2889 2255 3190 2324 ἀλλογενῶν
3241 2259 3270 2311 ὁ
3325 2257 3454 2320 δυσ-

178 2352 394 2418 άγωγος
433 2351 675 2421 Ἰσραήλ·
727 2349 980 2422 ὴλέηνται
1027 2349 1134 2418 γὰρ
1181 2349 1239 2400 ἐν
1289 2348 1388 2416 ἴσῳ
1423 2346 1606 2420 τρόπῳ
1635 2342 1730 2396 καὶ
1767 2342 1920 2396 αὐτοὶ
1960 2343 2112 2421 παρὰ
2151 2343 2287 2404 Θεοῦ
2310 2361 2322 2373 ·
2359 2347 2776 2418 κατελήφθησαν
2833 2350 2961 2420 γάρ,
2990 2351 3090 2403 οὐκ
3118 2349 3453 2422 ἁκράδαντον

178 2442 397 2511 ἑχοντες
443 2443 503 2499 τὸ
550 2444 788 2512 γνήσιον,
819 2441 942 2496 οὔτε
986 2439 1090 2510 μὴν
1119 2437 1418 2509 ἀμώμητον
1475 2435 1704 2490 είσάπαν
1740 2433 1800 2487 τὸ
1826 2434 2078 2499 εὐπαθὲς,
2119 2436 2614 2508 κατεσκεδασμένοι
2651 2439 2706 2496 δὲ
2747 2439 2945 2510 μᾶλλον
2970 2442 3062 2494 καὶ
3093 2441 3452 2514 ἐσπαρμένοι,

180 2533 435 2604 καθάπερ
462 2535 598 2604 ἔφην
625 2535 848 2605 ἀρτίως.

249 2626 388 2680 ’Ὁτι
421 2624 666 2689 συνάξω
695 2625 788 2680 ἐπ’
825 2625 1013 2682 αὐτὸν
1043 2621 1420 2693 συναγωγήν.
1465 2620 1667 2674 Πάντα
1695 2615 1767 2670 τὰ

181 2717 361 2784 θηρία
397 2717 468 2770 τὰ
511 2717 704 2786 ᾶπφια,
735 2715 928 2778 δεῦτε,
971 2715 1208 2785 φάγετε,
1254 2713 1450 2767 πάντα
1480 2714 1551 2766 τὰ
1591 2710 1767 2780 θηρία

182 2805 284 2860 τοῦ
327 2805 580 2874 δρυμοῦ,
640 2805 828 2860 Ἴδετε
875 2805 966 2858 ὅτι
999 2804 1222 2868 πάντες
1263 2803 1764 2870 ἐκτετύφλωνται,

183 2897 279 2950 καὶ
322 2899 438 2950 οὐκ
482 2898 758 2966 ἔγνωσαν
801 2895 1124 2965 φρονῆσαι.
1172 2895 1398 2958 Πάντες
1449 2894 1629 2956 κύνες
1672 2891 1768 2944 ἐν-

181 2989 309 3044 νεοὶ
342 2991 415 3042 οὐ
443 2989 764 3058 δυνάμενοι
791 2987 1096 3053 ὑλακτεῖν,
1127 2985 1607 3051 ἐνυπνιαζόμενοι
1639 2982 1766 3035 κοί-

179 3098 315 3148 την,
356 3081 677 3150 φιλοῦντες
705 3078 1076 3152 νυσταγμὸν,
1114 3078 1212 3138 καὶ
1250 3077 1330 3142 ὡς
1376 3076 1555 3142 κύνες
1602 3075 1768 3128 drat-

1945 2614 2110 2676 Vsns.
2151 2616 2309 2677 9-12,
2353 2616 2493 2682 Quia
2534 2619 2856 2690 pougregaba
2899 2621 2968 2684 ad
3013 2638 3130 2682 eum
3170 2639 3454 2694 congrega-

1874 2705 2090 2762 tionem.
2127 2703 2316 2783 Omnes
2353 2708 2529 2764 bestia:
2564 2709 2712 2775 terte,
2750 2709 2936 2773 venite,
2968 2711 3241 2773 comedite,
3274 2727 3452 2766 omnes

1873 2794 2000 2862 [me
2060 2795 2235 2862 sglcw.
2262 2793 2444 2849 Videte
2491 2799 2616 2866 quia
2674 2814 2848 2857 omnes
2889 2800 3139 2858 excwcati
3178 2810 3319 2864 sunt,
3349 2819 3452 2864 non

1869 2895 2061 2940 norunt
2116 2903 2318 2953 sapere.
2347 2884 2540 2942 Omnes
2591 2905 2747 2948 canes
2799 2891 2953 2952 muti,
2985 2907 3087 2946 non
3116 2892 3342 2951 valentes
3369 2895 3451 2944 lu-

1865 2975 2381 3035 trare,sonmit_mlex
2434 2975 2486 3028 in
2537 2976 2956 3039 lecto,amautes
3001 2979 3449 3042 darntitatianem.

1865 3071 1912 3112 et
1965 3063 2122 3130 quasi
2181 3079 2335 3114 canes
2389 3063 2738 3134 impudentes,
2768 3066 2944 3127 animo
2975 3071 3259 3130 nescientes
3287 3072 3494 3152 ιιιιίιισσ⁸

177 3171 302 3237 δεῖς
379 3169 454 3238 τᾶ
507 3169 699 3242 ψυχῇ,
757 3172 867 3226 οὐκ
930 3168 1148 3234 ειδότες
1219 3165 1605 3234 πλησμονὴν.
1665 3163 1763 3218 καί

1868 3161 2023 3205 tatem
2068 3169 2086 3206 :
2125 3165 2170 3206 et
2236 3156 2365 3208 mali
2432 3165 2552 3208 sunt
2586 3196 2601 3222 ,
2660 3158 2944 3218 nescientes
2995 3160 3388 3240 intelligentiam
3429 3181 3450 3218 :

178 3222 292 3318 eici
325 3222 578 3330 ποιίηρρί
597 3222 718 3316 ὀῦκ
748 3261 972 3327 ειδότες
997 3262 1273 3317 σύνεσιν.
1299 3258 1520 3323 πάντες
1545 3257 1614 3310 ἐν
1637 3256 1764 3322 ταῖς

1870 3257 2046 3296 omnes
2078 3244 2188 3297 vias
2218 3261 2342 3299 suas
2371 3247 2534 3306 secuti
2564 3257 2717 3314 sunt,
2751 3251 3105 3320 unusquisque
3130 3222 3186 3306 iii
3217 3269 3376 3312 unum
3400 3267 3448 3314 et

178 3352 349 3417 ὁδοῖς
389 3351 588 3408 αὐτῶν
617 3352 1134 3419 ἐξηκολούθησαν,
1183 3348 1440 3413 ἕκαστος
1510 3345 1660 3399 κατὰ
1697 3347 1764 3398 τὸ

177 3447 356 3502 αὐτό.

247 3533 392 3606 Διχῆ
421 3536 533 3597 τοῖς
560 3532 968 3605 γεγραμμένοις
989 3530 1342 3603 προσϐαλεῖν
1366 3531 1398 3600 ἢ
1432 3530 1538 3600 γὰρ
1578 3529 1762 3600 θηρία,

179 3626 374 3694 φησὶν,
425 3623 692 3684 ἀτίθασσά
726 3639 786 3676 τε
839 3623 933 3678 καὶ
979 3623 1249 3692 ἀνήμερα,
1296 3621 1423 3691 τοὺς
1467 3620 1528 3686 ἐξ
1572 3620 1764 3680 ἐθνῶν,

177 3715 272 3775 hac
325 3714 395 3784 δὴ
443 3713 536 3768 καὶ
583 3713 687 3767 ὑπὸ
727 3712 971 3783 τυράννῳ
1019 3712 1372 3782 τεθραμμένα
1413 3711 1660 3782 τοιούτῳ,
1689 3710 1766 3782 τῷ

174 3808 414 3877 διαϐόλῳ
454 3807 618 3876 φημὶ,
653 3805 746 3860 καὶ
784 3802 894 3857 οἷον
925 3804 1407 3875 ὲκτεθηριωμένοι,
1437 3807 1531 3858 καὶ
1562 3803 1764 3868 ζῶντες

176 3902 275 3956 οὐκ
328 3895 720 3967 ἀνθρωπίνως·
774 3896 942 3966 ἦγουν
993 3893 1158 3965 θηρία
1212 3897 1396 3950 καλεῖν
1448 3895 1590 3950 ἔοικε
1640 3897 1766 3963 τοὺς

178 3989 647 4059 καταδηώσαντας
698 3988 790 4040 τὸν
838 3987 1073 4059 Ἰσραὴλ,
1123 3989 1214 4043 καὶ
1260 3989 1366 4058 ὅλῳ
1403 3989 1482 4066 τῷ
1536 3990 1764 4060 στόματι

177 4081 459 4151 φαγόντας
490 4080 649 4134 αὐτὸν
679 4079 768 4132 διὰ
805 4082 907 4148 τὴν
939 4082 1019 4144 εἰς
1053 4081 1288 4151 Χριστὸν
1326 4082 1603 4136 ἀσέϐειαν.
1655 4081 1766 4135 Καὶ

175 4173 224 4226 εί
263 4173 372 4242 μὲν
419 4171 524 4225 τῶν
573 4170 744 4228 ἐθνῶν
789 4171 865 4234 ὡς
909 4171 1111 4244 θηρίων
1153 4173 1555 4244 διαμέμνηται,
1588 4174 1766 4244 φαμὲν

174 4265 372 4326 αὐτοῖς
404 4262 901 4333 προσπεφωνῆσθαι
943 4263 1093 4333 παρά
1129 4263 1266 4323 Θεοῦ
1319 4263 1405 4326 τὸ,
1437 4263 1622 4324 Δεῦτε,
1657 4265 1765 4333 φά-

174 4371 330 4422 γετε.
384 4351 644 4428 Σημαίνει
677 4353 734 4408 δὲ
783 4351 942 4412 τοῦτο
984 4355 1164 4412 πᾶσαν
1209 4354 1391 4416 αὐτοῖς
1421 4354 1766 4424 ἀμφιλαφίαν

173 4442 433 4502 δεδόσθαι
484 4444 612 4514 παρ’
661 4443 826 4503 αὑτοῦ
870 4443 978 4500 τῶν
1029 4444 1190 4515 ἱερῶν
1236 4445 1613 4516 χαρισμάτων,
1670 4447 1766 4506 καὶ

1872 3331 2031 3386 idem.

1940 3507 2240 3577 Dupliciter
2277 3508 2547 3580 intelligas
2585 3527 2705 3586 qua:
2743 3512 2944 3582 scripta
2983 3523 3129 3570 sunt.
3170 3516 3265 3572 Vel
3302 3520 3447 3573 cnitn

1869 3603 2011 3660 feras
2046 3605 2336 3660 indomitas
2375 3613 2428 3659 et
2468 3604 2702 3660 immites
2735 3607 2970 3684 appellat
3007 3621 3224 3680 gentes,
3261 3619 3448 3682 utpOte

1867 3697 1968 3752 sub
2025 3695 2120 3750 tali
2159 3706 2419 3765 tyranno,
2462 3696 2697 3760 diabolo,
2755 3698 3004 3768 inquam,
3053 3703 3344 3771 educatas,
3390 3715 3450 3760 et

1867 3788 2021 3858 quasi
2055 3787 2305 3848 etferatas
2323 3827 2338 3854 ,
2369 3803 2432 3846 ac
2464 3804 2568 3842 non
2603 3790 2838 3852 humano
2869 3807 3016 3850 more
3045 3794 3286 3856 viventes
3321 3817 3334 3853 :
3364 3800 3445 3856 vel

1884 3882 2068 3936 dicere
2097 3881 2310 3934 videtur
2356 3880 2500 3935 feras
2531 3896 2625 3937 eos
2653 3882 2743 3952 qui
2776 3883 3026 3938 lsraeletn
3059 3899 3361 3958 vastarunt,
3391 3901 3446 3948 et

1867 3981 2089 4042 propter
2130 3972 2462 4040 impietatem
2511 3973 2562 4026 in
2603 3974 2879 4030 Christum
2927 3984 3041 4032 toto
3083 3993 3179 4039 ore
3223 3983 3446 4042 devora-

1868 4073 2012 4124 rtmt.
2045 4061 2101 4118 Si
2131 4065 2370 4138 gentium
2402 4073 2459 4117 ut
2489 4061 2728 4126 ferarum
2761 4068 3025 4134 meminit,
3079 4070 3308 4132 dicimus
3341 4075 3446 4130 illis

1868 4155 1970 4211 hoc
2015 4155 2216 4212 dictum
2261 4170 2380 4210 esse
2432 4170 2461 4208 a
2523 4155 2633 4218 Deo
2685 4174 2699 4210 :
2752 4155 2964 4224 Venite,
2993 4164 3258 4224 comedite
3291 4184 3306 4220 :
3338 4182 3447 4238 quo

1866 4261 2082 4304 omnem
2109 4255 2421 4304 sanctorum
2447 4249 2834 4308 charismatum
2863 4249 3192 4312 amuentiatn
3220 4254 3326 4310 illis
3351 4257 3446 4312 da-

1869 4348 1976 4400 tam
2005 4354 2126 4399 esse
2153 4338 2442 4415 signiﬁcat,
2483 4350 2538 4396 et
2563 4356 2804 4396 mensam
2834 4357 2954 4404 esse
2997 4347 3295 4415 appositam
3323 4363 3448 4418 quae

1868 4430 2124 4488 vit-ineat.
2166 4429 2405 4492 Ederunt
2445 4433 2587 4486 enim
2628 4441 2682 4486 et
2725 4433 2826 4502 ipsi
2868 4449 3060 4503 panem
3100 4437 3221 4500 vita:
3261 4457 3276 4493 :
3320 4457 3446 4496 nam

174 4533 613 4606 παρατεθεῖσθαι
657 4533 934 4603 τράπεζαν
979 4535 1076 4606 τὴν
1130 4535 1421 4599 ζωοποιόν·
1477 4535 1763 4606 κατεδηδό..

1870 4522 2025 4592 panis
2055 4520 2258 4583 Christi
2293 4522 2585 4592 participes
2618 4523 2744 4578 facti
2779 4536 2933 4592 sunt,
2964 4537 3018 4586 et
3049 4527 3288 4606 ejusdem
3320 4545 3442 4588 cum

174 4643 311 4680 κασι
339 4624 452 4696 γὰρ
478 4625 574 4680 καὶ
599 4625 752 4683 αὐτοὶ
775 4625 865 4684 τὸν
897 4627 1058 4696 ἄρτον
1091 4625 1190 4696 τῆς
1219 4626 1387 4695 ζωῆς,
1412 4627 1628 4697 μέτοχοι
1655 4628 1762 4700 γὰρ

174 4716 444 4784 γεγόνασι
487 4713 581 4774 τοῦ
626 4713 884 4784 Χριστοῦ,
931 4715 1029 4768 καὶ
1079 4715 1358 4785 σύσσωμοι
1417 4715 1523 4769 τῶν
1567 4717 1763 4784 ἁγίων,

175 4803 327 4859 ῶστε
359 4804 453 4858 καὶ
497 4803 788 4874 χαίροντας
821 4802 1028 4871 λέγειν·
1063 4821 1081 4852 ι
1116 4801 1317 4872 Κύριος
1359 4803 1634 4873 ποιμαίνει
1673 4822 1764 4875 με,

174 4896 275 4950 καὶ
302 4892 460 4946 οὐδέν
491 4909 558 4963 με
589 4893 897 4962 ὐστερήσει,
924 4893 1004 4954 είς
1027 4891 1190 4944 τόπον
1220 4889 1382 4961 χλόης
1404 4891 1520 4944 ἐκεῖ
1541 4907 1608 4959 με
1637 4907 1768 4946 κατ·-

173 4984 517 5055 εσκήνωσεν,
583 4983 678 5036 ἐπὶ
720 4981 910 5046 ὓδατος
957 4982 1318 5046 ἀναπαύσεως
1366 4981 1623 5053 ἐξέθρεψέ
1669 5001 1760 5054 με,

173 5074 280 5145 τὴν
321 5073 503 5144 ψυχήν
533 5090 632 5144 μου
666 5073 1018 5144 ἐπέστρεψεν.
1045 5074 1377 5145 Ἠτοίμασας
1399 5073 1626 5128 ἐνώπιόν
1657 5092 1759 5146 μου

173 5165 480 5236 τράπεζαν.
521 5183 540 5216 ι
574 5165 720 5234 Ἔφη
749 5164 806 5216 δὲ
837 5165 929 5218 καὶ
953 5164 1018 5217 δι’
1057 5163 1175 5228 ἑνὸς
1203 5163 1311 5217 τῶν
1342 5164 1512 5234 ἁγίων
1550 5181 1762 5237 προφη-

175 5255 312 5308 τῶν·
351 5274 369 5306 ι
407 5255 632 5323 Φάγετε,
666 5255 839 5319 πίετε,
880 5256 974 5309 καὶ
1019 5255 1346 5328 μεθύσθητε.
1389 5259 1438 5310 oi
1479 5257 1757 5329 πλησίον.»

176 5345 423 5416 Μακράν
474 5346 582 5416 γὰρ
634 5345 784 5410 ὄντες
834 5345 968 5399 Θεοῦ
1017 5347 1304 5415 γεγόνασιν
1345 5349 1512 5416 ἐγγὺς
1546 5348 1634 5404 διὰ
1667 5349 1765 5420 τῆς

177 5435 448 5500 πίστεως,
482 5437 532 5492 oi
582 5436 711 5489 ποτὲ
758 5435 1099 5507 πλανώμενοι
1143 5436 1237 5492 καὶ
1273 5437 1371 5508 τῆς
1405 5439 1556 5508 ἱερᾶς
1591 5438 1765 5512 ἐμπέ-

177 5525 422 5593 πληνται
445 5524 650 5595 τροφῆς
675 5540 688 5553 ο
723 5525 1033 5596 γέγραπται
1057 5525 1185 5597 γὰρ,
1211 5526 1291 5580 ὃτι
1317 5528 1545 5599 «Ἄρτος
1577 5528 1766 5598 στηρί-

177 5613 268 5680 ξει
302 5614 526 5684 καρδίαν
552 5614 862 5686 ἀνθρώπου.
889 5635 908 5666 ι
938 5615 1002 5670 Εἰ
1027 5615 1082 5668 δὲ
1106 5615 1171 5687 δὴ
1204 5614 1369 5688 θηρία
1403 5619 1606 5672 νοοῖντο
1627 5617 1764 5689 πρὸς

1871 4612 2076 4670 sanctis
2101 4611 2370 4680 corpotis,
2399 4615 2531 4668 adeo
2560 4622 2614 4666 ttt
2641 4613 2937 4683 gaudentes
2963 4617 3182 4676 dicant:
3214 4635 3232 4672 ι
3266 4617 3445 4676 Domi-

1865 4721 1970 4764 nus
2003 4704 2174 4774 past-it
2211 4723 2313 4771 nte,
2347 4717 2400 4758 et
2437 4705 2567 4759 nihil
2603 4706 2731 4759 tttilti
2767 4707 2962 4776 deerit,
2993 4709 3047 4764 in
3085 4711 3201 4772 loco
3232 4727 3446 4784 pascuae

1867 4798 1939 4856 ibi
1967 4814 2055 4858 tne
2087 4798 2389 4853 collocavit.
2420 4797 2594 4868 Super
2620 4815 2816 4868 aquam
2853 4801 3164 4858 refectionis
3188 4807 3442 4864 educavit

1867 4905 1974 4953 tne,
2007 4890 2244 4946 animam
2285 4905 2455 4944 tncant
2493 4893 2782 4950 convertit.
2815 4892 3022 4952 Parasti
3060 4896 3110 4950 itt
3147 4909 3442 4970 conspectu

1867 4996 1990 5036 tneo
2026 4996 2262 5038 mensam
2286 4981 2352 5035 ⁸³.
2395 5001 2417 5034 ι
2467 4982 2607 5036 Dixit
2645 4983 2807 5040 etiam
2848 5001 2945 5054 per
2975 5003 3138 5042 unum
3174 5004 3205 5046 e
3237 4992 3445 5050 sanctis

1866 5073 2144 5144 prupltetis
2171 5089 2186 5125 :
2221 5089 2238 5123 ι
2270 5072 2444 5141 Ειιίιρ,
2470 5073 2652 5140 bibite,
2677 5085 2730 5130 et
2757 5075 3382 5146 inebriatnini,vicini“.
3414 5101 3438 5136 ι

1870 5164 1970 5230 Qui
1997 5163 2138 5218 enim
2170 5165 2352 5238 procul
2380 5166 2608 5222 aberant
2635 5183 2664 5220 a
2697 5169 2822 5233 Deo,
2849 5169 3132 5246 prapinqui
3159 5189 3258 5246 per
3279 5173 3443 5230 [idem

1865 5256 1995 5316 [acti
2040 5266 2158 5310 sunt
2202 5274 2216 5310 :
2255 5258 2345 5325 qui
2392 5261 2662 5329 quondam
2705 5261 2987 5329 errabant,
3025 5273 3081 5318 et
3121 5280 3280 5326 sacro
3319 5267 3444 5324 cibo

1866 5347 2056 5418 repleti
2090 5356 2234 5404 sttnt.
2265 5349 2533 5418 Scriptum
2567 5350 2709 5404 enim
2730 5362 2850 5408 est:
2885 5371 2904 5405 ι
2928 5352 3088 5416 Panis
3117 5355 3442 5418 roboratcor

1867 5439 2102 5500 hominis
2135 5437 2204 5472 8"
2233 5459 2282 5495 ,ι
2309 5441 2402 5496 Sin
2439 5440 2566 5496 fera:
2586 5443 2954 5513 intelligantur
2974 5463 3003 5506 ει
3028 5447 3200 5514 nobis,
3237 5447 3327 5516 qui
3348 5449 3442 5503 de-

1868 5541 2059 5584 vorant
2077 5530 2348 5598 lsraelem,
2374 5531 2501 5588 illud
2527 5550 2542 5587 :
2571 5535 2780 5602 Venite,
2806 5538 2970 5603 edite,
2993 5549 3074 5598 εει
3101 5548 3304 5600 tantum
3333 5554 3440 5595 non

1865 5620 2168 5690 objicientis
2204 5621 2310 5679 illis
2350 5637 2447 5680 cos
2489 5624 2582 5696 qui
2620 5626 2783 5697 impie
2816 5639 3076 5699 egerunt,
3136 5629 3441 5702 quibusque

257 5787 308 5822 ⁸³
336 5787 643 5862 i’sal.jxxn,
688 5790 798 5846 1—5.
872 5792 920 5826 “
951 5791 1108 5849 Cant.
1141 5808 1192 5860 ν,
1226 5793 1275 5848 l.
1351 5791 1419 5824 “‘
1457 5790 1598 5849 Psal.
1628 5809 1748 5862 Cttt,
1780 5793 1868 5850 15.
