4106 6510
714 405 847 461 i251

1706 406 1764 464 S.
1804 406 2079 462 CYRILLI
2118 406 2587 463 ALEXANDRINI
2629 407 2950 465 ARClllEl’.

3859 414 3983 469 1252

714 523 907 578 merito
952 524 1177 593 contigit
1219 534 1276 579 ut
1320 524 1373 579 id
1415 525 1705 595 patiantur,
1746 526 1942 595 quippe
1986 525 2148 597 794
2190 527 2279 595 qui

2388 528 2421 597 ἠ
2430 526 2543 597 μῶν
2567 530 2616 580 οἱ
2651 527 3058 596 καταφαγόντες
3082 526 3173 580 τὸν
3198 527 3431 598 Ἰσραὴλ,
3460 528 3524 580 τὸ
3548 528 3746 589 Δεῦτε,
3766 528 3980 597 φάγετε,

713 617 1008 685 principem
1031 617 1155 669 vita:
1180 616 1592 681 interfecerunt,
1620 617 1776 669 lidetn
1803 633 1905 671 non
1935 619 2289 681 admiserunt,

712 723 775 760 ac
810 706 963 777 longe
999 707 1177 762 abacti
1212 718 1339 761 sunt
1377 710 1466 776 qui
1506 721 1670 777 prope
1704 714 1893 771 erant,
1930 723 2027 761 nec
2064 708 2293 776 amplius

717 798 806 849 Dei
852 798 1100 866 populus,
1137 799 1230 851 sed
1273 799 1395 851 odio
1439 798 1606 852 habili
1646 807 1791 861 sunt,
1832 808 2017 868 utpote
2063 800 2294 853 domini-

711 888 865 941 cidae.
897 887 975 941 Ne
1007 898 1186 943 autem
1219 888 1336 942 sine
1366 904 1526 943 causa
1558 890 1751 957 punire
1780 890 2023 943 videatur
2052 887 2213 952 Deus,
2240 899 2294 944 et

710 978 778 1033 de
812 994 866 1033 re
898 979 1048 1033 nihili
1081 995 1267 1047 paruas
1298 981 1542 1049 exigere,
1599 981 1780 1034 statim
1812 981 1917 1034 illis
1946 981 2169 1034 crimina
2201 996 2294 1049 ap-

713 1070 881 1138 ponit,
913 1072 1111 1138 quibus
1148 1072 1436 1141 implicati,
1472 1072 1580 1125 dati
1618 1081 1741 1124 sunt
1778 1073 1829 1125 iu
1864 1072 2088 1126 exitium
2126 1074 2291 1128 hosti-

713 1162 832 1223 bus,
889 1162 969 1215 vel
1028 1162 1080 1214 in
1141 1176 1291 1216 esum
1357 1162 1563 1217 hcsﬁis.
1598 1162 1786 1217 Videte
1849 1163 2015 1229 enim,
2082 1165 2290 1232 inquit,

712 1257 835 1321 quia
892 1272 1078 1310 onmes
1140 1257 1392 1310 exczecati
1455 1266 1611 1322 sunt,
1649 1272 1754 1310 non
1816 1267 2015 1310 norunt
2076 1272 2287 1326 sapere.

714 1347 851 1401 Vere
865 1348 1006 1401 enim
1026 1348 1150 1401 caeci
1176 1346 1434 1402 Israelita:
1460 1348 1698 1413 fuerunt,
1718 1358 1770 1402 et
1794 1364 1902 1413 prae
1922 1349 2040 1402 aliis
2060 1350 2292 1405 maxime

713 1436 914 1491 Scriba:
937 1453 999 1491 ac
1022 1438 1303 1499 Pharisaei,
1328 1450 1382 1494 et
1408 1439 1646 1508 praefecti
1671 1439 1990 1510 Synagoga'.
2016 1439 2122 1494 Nec
2147 1443 2288 1496 enim

711 1541 895 1579 veram
940 1527 1111 1581 lucem
1156 1529 1512 1592 admiserunt,
1554 1546 1653 1584 nec
1699 1530 1974 1585 Christum
2019 1532 2159 1586 scire
2198 1547 2291 1586 vo-

712 1617 950 1682 luerunt,
989 1617 1110 1671 licet
1141 1630 1325 1687 aperte
1358 1620 1708 1685 clamantem,
1744 1638 1884 1676 nunc
1921 1640 1934 1675 :
1974 1641 1991 1673 ε
2030 1621 2139 1692 Ego
2172 1638 2288 1676 smn

713 1707 798 1760 lux
823 1707 1140 1773 mundi““;
1171 1727 1188 1761 ι
1226 1726 1368 1763 nunc
1389 1711 1582 1765 iterum
1610 1729 1622 1765 :
1648 1733 1665 1760 ι
1697 1713 1911 1782 Egolux
1947 1715 1998 1768 in
2035 1715 2288 1769 mundum

714 1800 854 1852 lmuc
882 1799 999 1852 veni
1034 1816 1046 1851 :
1081 1799 1169 1867 qui
1199 1801 1445 1869 sequitur
1472 1817 1582 1868 me,
1615 1803 1668 1855 in
1702 1804 1940 1858 tenebris
1969 1819 2074 1859 non
2102 1805 2287 1858 ambu-

2396 619 2677 689 μονονουχὶ
2704 618 3219 691 παραρριπτοῦντός
3252 620 3403 671 ἐστιν
3424 620 3611 683 αὐτοῖς
3638 621 3774 681 τοὺς
3794 620 3982 689 ἠσεϐη-

2394 710 2577 775 κότας,
2607 712 2698 762 καὶ
2727 706 2806 773 οἷς
2838 712 2901 763 τὸ
2930 710 3123 763 παθεῖν
3155 710 3374 780 πρέπει,
3417 712 3513 763 καὶ
3545 711 3700 780 μάλα
3736 712 3978 771 εἰκότως⁸

2393 801 2723 855 ἀπεκτόνασι
2771 802 2880 872 γὰρ
2927 800 3018 854 τὸν
3052 801 3292 870 ἀρχηγὸν
3331 803 3428 870 τῆς
3458 803 3629 870 ζωῆς,
3669 800 3780 870 τὴν
3816 802 3979 852 πίστά

2392 892 2451 943 οὑ
2483 892 2917 963 προσηκάμενοι,
2948 893 3041 944 καὶ
3066 892 3321 959 γεγόνασι
3354 892 3574 961 μακρὰν
3599 892 3654 942 οἱ
3681 894 3879 958 ἐγγὺς,
3905 894 3979 941 καὶ

2392 982 2521 1042 λαὸς
2548 983 2729 1033 οὐκέτι
2756 980 2912 1045 Θεοῦ,
2941 981 3404 1050 κατεστυγημένοι
3431 981 3487 1033 δέ
3525 979 3741 1049 μᾶλλον
3764 980 3845 1039 ὼς
3884 981 3976 1030 Eu.

2397 1074 2677 1143 ριοκτόνοι.
2729 1072 2844 1126 Ἵνα
2889 1071 2943 1124 δέ
2976 1072 3050 1142 μὴ
3093 1071 3348 1141 φαίνηται
3378 1069 3508 1131 Θεὸς
3548 1069 3813 1131 κολάζων
3854 1070 3977 1137 είκῆ.

2392 1167 2485 1220 καὶ
2511 1166 2666 1228 δίκας
2694 1165 2862 1219 αἰτῶν
2906 1165 3005 1227 τὰς
3053 1165 3140 1216 ἐπ’
3178 1162 3370 1228 οὐδενὶ,
3420 1163 3807 1233 παρατίθησιν
3840 1162 3978 1221 εὐθὺς

2390 1257 2487 1316 τὰς
2522 1253 2719 1317 αἰτίας,
2747 1247 2833 1316 αἷς
2855 1252 2919 1323 δὴ
2950 1251 3045 1305 καὶ
3070 1251 3241 1321 ἔνοχοι
3269 1250 3553 1318 γεγονότες
3575 1249 3835 1303 δέδονται
3864 1251 3979 1315 ay);

2391 1343 2608 1415 ὄλεθρον
2649 1346 2761 1406 τοῖς
2803 1343 3052 1415 ἐχθροῖς,
3082 1343 3199 1412 ἦτοι
3247 1344 3360 1403 τοῖς
3403 1340 3570 1408 θηρσὶ
3615 1338 3764 1407 πρὸς
3820 1340 3978 1389 κατεὶς

2392 1435 2607 1505 ϐρῶμα.
2640 1433 2804 1486 Ἴδετε
2826 1434 2955 1502 γὰρ,
2982 1432 3168 1501 φησιν,
3189 1430 3269 1482 ὅτι
3292 1430 3491 1490 πάντες
3515 1426 3975 1494 ἐκτετύςρλοπται,

2391 1525 2490 1576 οὐκ
2539 1522 2783 1590 ἔγνωσαν
2831 1524 3117 1591 φρονῆσαι.
3184 1517 3385 1586 Τυφλοὶ
3429 1517 3541 1585 γὰρ
3596 1516 3783 1577 ὅντως
3836 1517 3886 1566 οἱ

2404 1615 2640 1686 Ἰσραὴλ,
2694 1614 2928 1685 μάλιστα
2982 1612 3039 1665 δὲ
3081 1613 3189 1665 τῶν
3225 1611 3399 1664 ἄλλων
3433 1611 3482 1661 oi
3516 1608 3558 1659 Γ
3566 1610 3892 1678 ραμματεξ
3930 1624 3975 1657 τε

2391 1709 2485 1760 καὶ
2528 1708 2578 1759 οἱ
2603 1707 2910 1776 Φαρισαῖοι,
2947 1706 3040 1757 καὶ
3079 1706 3128 1756 οἱ
3174 1702 3534 1773 καθηγεῖσθαι
3580 1701 3849 1768 λαχόντες
3891 1699 3977 1765 τῆς

2391 1798 2736 1866 Συναγωγῆς.
2784 1795 2856 1848 Οὐ
2893 1794 3001 1865 γὰρ
3043 1793 3405 1863 παρεδέξαντο
3442 1791 3561 1859 φῶς
3605 1792 3671 1843 τὺ
3712 1791 3973 1858 ἀληθινὸν,

711 1889 862 1953 labit,
898 1892 990 1943 sed
1017 1892 1235 1944 habebit
1266 1892 1437 1944 lucem
1471 1893 1592 1945 vitae
1612 1891 1680 1947 ⁸⁵.
1714 1912 1732 1943 ι
1770 1892 2047 1963 Cumergo
2079 1893 2279 1951 liceret.

2396 1886 2516 1939 οὔτε
2555 1887 2659 1958 μὴν
2706 1886 2977 1956 ⁴Ιγθέλησαν
3023 1885 3224 1953 γνῶναι
3268 1882 3523 1954 Χριστὸν,
3560 1882 3753 1934 καίτοι
3784 1881 3977 1948 βοῶντα

712 1980 816 2035 ﬁde
844 1993 1122 2050 suscepta,
1155 1983 1271 2036 luce
1304 1984 1494 2046 ditari,
1529 1985 1581 2038 id
1612 1987 1827 2053 quidem
1862 2002 1966 2038 non
2003 1985 2277 2050 fecerunt,

710 2082 769 2125 ut
804 2081 858 2125 et
895 2073 1154 2142 prepheta
1197 2074 1368 2142 inquit
1405 2092 1420 2128 :
1460 2076 1908 2144 Exspectantibus
1942 2077 2045 2130 illis
2085 2078 2277 2142 lucem,

710 2162 863 2217 facta:
905 2173 1028 2216 sunt
1073 2166 1306 2218 tenebra:
1347 2182 1360 2218 :
1405 2176 1460 2219 et
1503 2176 1880 2234 exspectantes
1922 2167 2279 2236 splendorem,

712 2248 763 2301 in
803 2250 1033 2318 caligine
1067 2254 1262 2305 Vrrsati
1308 2262 1453 2308 sunt.
1489 2254 1553 2307 El
1602 2255 1715 2324 ipse
1758 2256 2013 2309 Servatur
2046 2255 2182 2310 dixit
2217 2257 2281 2310 de

710 2337 817 2391 illis
838 2348 892 2392 et
916 2340 981 2393 de
1021 2340 1215 2409 popqu
1242 2342 1450 2395 illorum
1480 2343 1657 2397 manui
1689 2344 1976 2399 commisso
2025 2361 2040 2387 ε
2085 2362 2104 2396 ι
2143 2344 2279 2399 (ἶωοί

710 2441 856 2496 sunt,
883 2442 935 2483 et
967 2446 1231 2485 caecorum
1258 2434 1419 2488 duces
1435 2434 1524 2489 8".
1555 2453 1574 2487 ι
1614 2433 1814 2490 Omnes
1848 2435 2033 2504 igitur,
2070 2437 2277 2504 inquit,

709 2522 959 2575 excaecati
1020 2531 1168 2587 sunt,
1213 2538 1385 2593 neque
1429 2539 1621 2595 sapere
1670 2536 1885 2582 norunt.
1954 2525 2083 2580 Erat
2137 2529 2309 2581 enim~

707 2625 837 2664 vere
879 2613 1152 2666 hominum
1197 2616 1516 2683 prudentum
1560 2627 1614 2671 et
1660 2617 2097 2686 intelligenlium,
2139 2618 2280 2674 cele-

710 2704 843 2758 riter
863 2720 1108 2774 praasens
1132 2707 1322 2761 salutis
1351 2717 1561 2777 tempus
1585 2709 2007 2778 apprehendere.
2029 2709 2108 2763 Ad
2134 2711 2279 2779 quod

709 2804 765 2850 et
796 2796 1007 2850 divinus
1041 2797 1203 2850 David
1234 2814 1329 2853 eos
1360 2800 1673 2854 cohortatus
1704 2811 1782 2855 est
1802 2841 1817 2867 ,
1846 2801 2031 2855 dicens
2060 2818 2071 2851 :
2108 2817 2127 2850 ι
2166 2803 2275 2868 Ap—

708 2887 1022 2955 prehendite
1058 2889 1429 2957 disciplinam,
1466 2905 1535 2943 ne
1558 2893 1772 2958 quando
1797 2892 2061 2946 irascatur
2100 2893 2279 2945 Domi-

709 2992 830 3041 nus,
855 2985 908 3031 et
934 2979 1167 3046 pereatis
1194 2993 1222 3030 a
1253 2978 1334 3031 via
1360 2978 1529 3046 justa,
1557 2995 1676 3033 cum
1707 2981 1814 3034 cito
1839 2979 2103 3034 exarserit
2133 2978 2280 3034 furor

707 3069 824 3139 ejus
864 3070 915 3122 in
953 3084 1047 3123 vos
1075 3068 1188 3121 ⁸⁸“.
1228 3087 1246 3120 ι
1285 3068 1545 3135 Quoniam
1583 3087 1709 3125 vero
1732 3072 1871 3127 hanc
1893 3087 1986 3141 per
2006 3073 2275 3127 Christum

708 3159 1044 3229 disciplinam
1082 3175 1185 3212 non
1220 3162 1721 3230 apprehenderunt,
1753 3163 1955 3216 exarsit
1986 3164 2038 3216 in
2068 3178 2160 3217 eos
2191 3163 2276 3216 l‘u-

2389 1977 2573 2046 σαφῶ;
2607 1976 2738 2028 ποτὲ
2769 1976 2886 2045 μὲν,
2905 1976 2986 2027 ὅτι
3011 1993 3030 2024 ι
3056 1973 3195 2040 Ἐγώ
3217 1974 3332 2042 εἰμι
3356 1971 3417 2023 τὸ
3446 1971 3565 2039 φῶς
3588 1970 3689 2021 τοῦ
3719 1970 3970 2039 κόσμου.ι

2388 2070 2517 2121 ποτὲ
2540 2069 2595 2120 δὲ
2622 2066 2802 2132 πάλιν,
2828 2086 2847 2118 ‹
2871 2064 3012 2133 Ἐγὼ
3035 2064 3149 2133 φῶς
3177 2066 3256 2126 είς
3287 2062 3377 2115 τὸν
3396 2062 3609 2129 κόσμον
3635 2060 3839 2112 τοῦτον
3865 2060 3973 2127 ἐλή-

2386 2162 2521 2215 λυθα
2546 2178 2559 2191 ·
2591 2162 2619 2213 6
2647 2158 2957 2214 ἀκολουθῶν
2988 2159 3132 2227 ἐμοὶ,
3162 2156 3222 2208 ού
3274 2155 3348 2225 μὴ
3400 2155 3774 2225 περιπατήσῃ
3824 2156 3879 2204 ὲν
3918 2155 3972 2219 τῇ

2389 2252 2599 2323 σκοτίᾳ,
2624 2252 2735 2305 ἀλλ’
2764 2252 2874 2317 ἐξει
2902 2251 2963 2303 τὸ
3006 2250 3119 2319 φῶς
3146 2249 3246 2317 τῆς
3293 2248 3458 2316 ζωῆς.
3498 2264 3517 2297 ι
3566 2246 3733 2311 Ἐξὸν
3764 2242 3858 2297 οὖν
3884 2245 3973 2315 ἆρα

2386 2345 2829 2414 καταπλουτῆσαι
2856 2345 2916 2396 τὸ
2960 2344 3074 2412 φῶς
3128 2341 3583 2412 προσηκαμένους
3632 2341 3743 2408 τὴν
3784 2340 3969 2401 πίστιν,

2385 2426 2540 2489 τοῦτο
2578 2436 2675 2507 μὲν
2706 2437 2767 2488 ού
2809 2436 3174 2505 πεπράχασιν,
3204 2432 3279 2495 ὡς
3301 2433 3357 2484 δὲ
3391 2434 3418 2483 6
3454 2430 3760 2500 προφήτης
3806 2432 3967 2497 φησιν,

2398 2526 2837 2596 Ὑπομεινάντων
2858 2524 3035 2578 αὐτῶν
3054 2523 3189 2591 φῶς,
3209 2523 3422 2588 ἐγένετο
3433 2520 3620 2581 αὐτοῖς
3636 2520 3864 2581 σκότος,
3878 2536 3972 2588 με.-

2384 2632 2572 2677 ναντες
2618 2615 2790 2685 αὐγὴν
2819 2618 2874 2667 ἐν
2916 2613 3092 2683 ἁωρίᾳ
3124 2614 3559 2683 περιεπάτησαν.
3607 2610 3756 2679 Ἐςρη
3800 2610 3858 2661 δὲ
3896 2611 3971 2660 καὶ

2385 2708 2545 2769 αὐτὸς
2560 2709 2587 2759 6
2609 2707 2798 2777 Σωτὴρ
2815 2706 2942 2776 περί
2961 2723 3021 2758 τε
3045 2705 3226 2758 αὐτῶν
3253 2707 3346 2757 καὶ
3366 2705 3473 2756 τῶν
3493 2704 3598 2754 ὑπὸ
3618 2706 3792 2772 χεῖρα
3822 2702 3970 2760 λαῶν.

2383 2798 2465 2850 ὅτι
2525 2816 2542 2847 ι
2571 2797 2773 2864 Τυφλοί
2816 2798 2920 2848 εἰσι
2972 2797 3068 2848 καὶ
3115 2796 3329 2864 τυφλῶν
3391 2796 3596 2865 ὁδηγοί.
3628 2815 3647 2846 ι
3704 2798 3974 2856 ’Δπαντες

2382 2890 2560 2942 τοίνυν
2601 2888 3054 2956 ἐκτετύφλωνται,
3083 2889 3235 2958 φησὶ,
3267 2888 3361 2940 καί
3403 2888 3503 2938 οὐκ
3544 2887 3811 2953 ἔγνωσαν
3856 2904 3976 2957 (θρο-

2388 2980 2566 3049 νῆσαι.
2620 2978 2728 3030 Καὶ
2759 2977 2868 3047 γὰρ
2897 2973 2965 3046 ἦν
3005 2976 3144 3028 κατά
3178 2976 3238 3027 τὸ
3261 2974 3458 3045 ἀληθὲς
3490 2974 3703 3043 ἀνδρῶν
3770 2976 3975 3044 ἐμφρό-

2381 3086 2486 3122 νων
2512 3071 2603 3121 καὶ
2638 3068 2893 3131 συνετῶν,
2944 3068 3005 3119 τὸ
3058 3065 3449 3135 ἐπιδράξασθαι
3479 3065 3696 3133 γοργῶς
3730 3066 3836 3117 τοῦ
3886 3066 3974 3133 τῇς

2383 3160 2655 3231 σωτηρίας
2697 3160 2962 3229 παρόντος
3006 3158 3232 3227 καιροῦ·
3268 3159 3570 3228 προέτρεπε
3604 3157 3743 3224 γοῦν
3781 3160 3972 3219 αύῖοκ

708 3266 817 3312 ror,
844 3260 900 3304 et
927 3252 992 3304 de
1018 3251 1098 3304 via
1124 3249 1265 3319 iusta
1293 3252 1590 3319 perierunt,
1616 3254 1667 3306 id
1690 3263 1796 3320 est,
1816 3254 1976 3307 alieni
2004 3253 2127 3307 lacti
2153 3264 2278 3307 sunt

2382 3252 2461 3313 είς
2521 3250 2676 3303 τοῦτο
2742 3248 2915 3316 λέγων
2965 3250 2993 3300 6
3041 3247 3326 3309 θεσπέσιος
3382 3247 3576 3298 Δαὸίδο
3630 3264 3650 3296 ι
3682 3249 3970 3315 Apstine:

707 3357 737 3394 a
769 3345 1176 3395 conversatione
1200 3341 1531 3407 evangelica,
1563 3359 1657 3410 per
1680 3360 1839 3412 quam
1868 3354 1922 3398 et
1948 3343 2164 3412 quidem
2193 3359 2278 3397 so-

709 3426 814 3480 lam
859 3429 1046 3483 modus
1073 3428 1294 3497 justitim
1339 3430 1448 3483 Deo
1479 3441 1644 3499 grata:
1689 3434 1882 3486 elucet.
1916 3432 2279 3500 Praeterquam

709 3516 874 3586 quod,
925 3516 1118 3585 inquit,
1166 3518 1293 3571 cauri
1342 3517 1469 3581 sint,
1514 3519 1677 3571 etiam
1723 3534 1884 3574 canes
1929 3527 2057 3576 tnuti
2105 3533 2278 3589 erant,

709 3622 817 3662 non
863 3608 1102 3662 valentes
1150 3609 1379 3672 latrare,
1423 3609 1756 3664 somniantes
1804 3610 1857 3663 in
1907 3612 2073 3675 lecto,
2119 3614 2277 3667 dediti

709 3714 918 3754 somno.
988 3699 1061 3753 De
1098 3699 1202 3754 illis
1233 3701 1380 3754 velut
1414 3702 1480 3754 ab
1517 3703 1765 3769 exemplo
1800 3702 2086 3757 manifesto
2118 3707 2279 3757 verba

707 3793 858 3845 facit.
902 3789 1004 3857 Qui
1048 3791 1189 3845 enim
1234 3807 1451 3863 gregem
1497 3801 1803 3861 sequuntur
1836 3808 2015 3859 canes,
2047 3795 2280 3863 undique

714 3893 1114 3947 circumeuntes
1168 3906 1401 3959 semper,
1432 3906 1529 3945 nec
1558 3905 1746 3944 soumo
1776 3906 1872 3944 nec
1901 3891 2279 3945 dormitatione

704 3984 1012 4038 vincuntur.
1048 3983 1103 4035 Si
1145 3983 1286 4050 quod
1323 3982 1465 4035 enim
1507 3983 1708 4036 animal
1745 3980 2024 4036 ell‘eratum
2066 3983 2279 4051 conspi-

706 4074 897 4135 ciatur,
934 4071 1187 4125 allatrant
1230 4070 1462 4134 fortiter,
1500 4080 1553 4124 et
1591 4072 1844 4125 omnibus
1882 4071 2085 4124 viribus
2122 4086 2149 4123 a
2188 4085 2279 4138 pe-

706 4178 832 4216 core
859 4177 1045 4216 arcere
1070 4171 1343 4230 satagunt,
1370 4172 1532 4229 atque
1563 4163 1664 4215 hoc
1692 4178 1876 4215 eorum
1908 4172 1990 4216 est
2018 4162 2274 4217 ollicium.

705 4250 816 4307 llos
847 4250 1047 4306 imitari
1077 4266 1293 4305 necesse
1319 4261 1399 4305 est
1428 4253 1606 4319 gregis
1637 4251 1798 4322 795
1831 4254 2037 4306 rati0ue
2068 4254 2274 4320 praediti

704 4344 1009 4415 pnefeetos,
1043 4345 1207 4398 duces
1232 4343 1479 4397 videlicet
1505 4354 1557 4397 et
1582 4344 1849 4409 doctores,
1873 4353 1930 4397 ut
1962 4360 2144 4398 curam
2176 4344 2275 4399 ha-

703 4437 864 4491 beant
903 4437 1234 4491 subditorum
1257 4476 1272 4501 ,
1308 4446 1362 4489 et
1404 4436 1655 4490 omnibus
1689 4437 1861 4491 modis
1895 4452 1989 4491 eos
2022 4437 2270 4506 abigant,

701 4527 791 4596 qui
828 4526 1072 4593 injuriam
1113 4537 1333 4595 parant,
1379 4527 1578 4595 quique
1620 4541 1648 4579 a
1688 4527 1977 4581 dilectione
2013 4528 2066 4581 in
2105 4526 2272 4580 Deum

2384 3342 2631 3405 παιδείας
2677 3343 2885 3413 μήποτε
2917 3340 3144 3411 ὀργισθῇ
3183 3339 3405 3409 Κύριος,
3447 3339 3540 3390 καὶ
3572 3339 3879 3392 ἀπολεῖσθε
3916 3340 3969 3402 εξ

2382 3434 2502 3487 ὁδοῦ
2529 3433 2766 3496 δικαίας,
2805 3433 2931 3484 ὅταν
2969 3429 3213 3500 ὲκκαυθῇ
3258 3432 3317 3482 ἐν
3352 3431 3506 3498 τάχει
3533 3432 3561 3481 6
3592 3431 3773 3498 θυμὸς
3808 3432 3965 3483 αὑτοῦ

2381 3529 2464 3595 ἐφ’
2515 3527 2678 3596 ὑμᾶς.
2738 3543 2756 3576 ι
2805 3523 3021 3592 Ἐπειδὴ
3062 3523 3119 3575 δὲ
3166 3524 3263 3574 οὐκ
3311 3522 3678 3590 ἐπεδράξαντο
3728 3524 3837 3591 τῆς
3884 3523 3964 3575 διὰ

2379 3617 2615 3686 Χριστοῦ
2640 3616 2904 3678 παιδείας,
2928 3613 3194 3684 ἐξεκαύθη
3232 3615 3356 3665 κατ’
3381 3613 3560 3666 αὐτῶν
3583 3615 3615 3665 6
3646 3613 3852 3683 θυμὸς,
3878 3616 3962 3665 x11

2380 3708 2721 3761 ἀπολώλασιν
2741 3707 2799 3772 ἐξ
2826 3705 2946 3760 ὁδοῦ
2976 3705 3209 3769 δικαίας,
3239 3705 3541 3768 τουτέστιν,
3567 3706 3676 3771 ἔξω
3701 3708 3959 3773 γεγόνασι

2381 3797 2652 3860 πολιτείας
2704 3796 3084 3865 εὐαγγελικῆς,
3136 3795 3204 3848 δι’
3255 3792 3323 3868 ἦς
3375 3794 3489 3848 καὶΔ
3524 3797 3696 3866 μόνης
3764 3800 3817 3850 οἱ
3870 3799 3955 3868 τῆς

2378 3888 2720 3958 ἀρεσκούσης
2776 3887 2896 3957 Θεῷ
2946 3886 3294 3955 δικαιοσύνης
3341 3887 3688 3955 ἐκλάμπουσι
3748 3891 3954 3959 τρόποι..

2378 3981 2520 4051 Πρὸς
2560 3981 2615 4033 δέ
2658 3997 2721 4047 γε
2753 3982 2813 4032 τὸ
2851 3976 2992 4033 εἶναι
3027 3979 3239 4047 τυφλοὶ,
3284 3980 3437 4047 φησὶ,
3470 3981 3564 4030 καὶ
3616 3981 3785 4041 κύνες
3826 3977 3956 4050 ἦσαν

2376 4072 2568 4134 ἐννεοὶ,
2599 4072 2660 4123 ού
2692 4071 2975 4141 δυνάμενοι
3026 4068 3296 4131 ὑλακτεῖν,
3348 4070 3804 4139 ἐνυπνιαζόμενοι
3848 4074 3956 4123 κοί-

2373 4178 2492 4231 την,
2554 4160 2828 4230 φιλοῦντες
2885 4160 3214 4229 νυσταγμόνο
3268 4158 3342 4222 ὡς
3394 4162 3458 4211 ἐκ
3511 4161 3956 4230 παραδείγματος

2375 4252 2637 4322 ἐναργοῦς
2662 4252 2789 4314 τοὺς
2827 4250 2955 4320 περὶ
2988 4249 3167 4303 αὐτῶν
3214 4252 3444 4301 ποιεῖται
3477 4248 3692 4316 λόγους.
3742 4252 3810 4301 Οί
3861 4251 3955 4317 μὲν

2373 4342 2483 4413 γὰρ
2523 4345 2644 4405 ταῖς
2676 4341 2933 4411 ποίμναις
2986 4340 3240 4409 ἑπόμενοι
3287 4339 3451 4402 κύνες
3500 4340 3689 4409 κύκλῳ
3738 4357 3957 4411 περινο-

2376 4434 2625 4495 στοῦντες
2655 4435 2761 4497 ἀεὶ,
2799 4432 3076 4504 κρείττους
3131 4431 3236 4484 εἰσὶ
3267 4433 3361 4484 καὶ
3396 4431 3566 4485 ὕπνου
3597 4435 3695 4485 καὶ
3727 4452 3957 4501 νυσταγ-

2378 4524 2496 4595 μοῦ.
2546 4526 2608 4577 Εἰ
2637 4524 2744 4593 γάρ
2779 4524 2880 4576 πού
2916 4540 2969 4575 τι
3012 4522 3121 4575 τῶν
3158 4522 3467 4575 ἀτιθὰσσων
3499 4525 3694 4593 ὀφθείη
3727 4524 3953 4594 θηρίων.

700 4617 991 4683 abducunt,
1020 4622 1405 4685 persuadentes
1438 4618 1793 4672 reverentiam
1821 4634 1941 4687 quae
1969 4633 2093 4687 erga
2123 4619 2270 4672 illum

2382 4615 2805 4671 καθυλακτοῦσιν
2834 4616 3085 4679 εὐτόνως,
3117 4615 3212 4667 καὶ
3251 4616 3413 4667 παντὶ
3455 4613 3635 4666 σθένει
3683 4616 3953 4684 χρώμενοι

702 4708 943 4763 habenda
978 4718 1079 4772 est,
1119 4710 1265 4777 parvi
1314 4708 1511 4769 facere,
1544 4717 1598 4761 et
1640 4709 1705 4760 ad
1746 4710 1885 4775 qttod
1927 4708 2057 4776 ipsis
2099 4708 2273 4777 placet

701 4803 1059 4856 attrahentes.
1092 4801 1196 4855 Sed
1234 4799 1369 4852 tales
1431 4812 1552 4852 esse
1588 4798 1837 4852 nolebant
1868 4797 2099 4852 Iudaica:
2135 4797 2273 4868 Syn-

701 4906 881 4961 agoga:
914 4894 1181 4961 praepositi
1210 4892 1355 4944 :imo
1386 4906 1549 4945 canes
1576 4901 1728 4943 erant
1762 4890 2267 4954 muti,dormitatio-

704 4998 819 5034 nem
857 4994 1117 5049 amantes,
1149 4993 1204 5036 et
1239 4984 1290 5036 in
1329 4983 1466 5037 lecto
1503 4981 1858 5035 somniantes.
1895 4982 2103 5035 Etenim
2145 4980 2270 5035 licet

702 5070 895 5137 popqu
934 5086 1030 5125 suo
1071 5072 1219 5124 utilia
1262 5070 1583 5140 praecipere,
1626 5086 1688 5123 ac
1731 5081 1916 5124 contra
1959 5070 2265 5124 docentimn

702 5160 932 5227 impetus
959 5164 1272 5232 pr0pulsare
1300 5163 1575 5228 deberent,
1604 5164 1652 5215 id
1683 5164 1894 5230 quidem
1927 5178 2030 5216 non
2060 5162 2266 5231 prtcsti-

696 5260 899 5314 terunt,
943 5253 1035 5306 sed
1074 5253 1174 5322 ipsi
1219 5254 1396 5321 potius
1433 5270 1526 5308 eos
1572 5256 1624 5308 in
1666 5256 1973 5325 voraginem
2022 5255 2267 5309 interitus

699 5341 1122 5410 praecipitarunt.
1153 5344 1305 5410 Quod
1335 5346 1548 5399 docebit
1579 5348 1953 5400 universorum
1984 5346 2144 5411 Deus,
2179 5348 2262 5399 iu-

697 5430 888 5499 quiens
917 5448 933 5485 :
967 5450 985 5483 ι
1024 5429 1346 5487 Sacerdotes
1376 5436 1450 5488 tui
1485 5452 1586 5489 tton
1618 5432 2016 5489 dixeruntzUbi
2048 5446 2129 5490 est
2162 5435 2262 5489 Do-

698 5521 913 5576 minus?
974 5531 1028 5577 et
1063 5524 1152 5593 qui
1193 5532 1377 5579 tenent
1411 5526 1583 5595 legem
1621 5542 1815 5589 meam,
1852 5541 1955 5578 non
1990 5526 2267 5580 sciverunt

699 5627 815 5676 me,
845 5629 907 5666 ac
946 5623 1189 5683 pastores
1223 5615 1274 5668 in
1310 5632 1394 5671 me
1424 5626 1647 5686 egerunt
1684 5619 1874 5686 impie,
1907 5626 1957 5671 et
1995 5618 2265 5687 prepheta:

764 5784 857 5820 “"
890 5788 1044 5846 Joan.
1080 5808 1194 5857 vnt,
1234 5792 1317 5844 l2.
1393 5790 1438 5822 ⁸⁵
1467 5791 1619 5845 Joau.
1660 5808 1749 5855 xu,
1784 5793 1870 5847 46.

1950 5794 2017 5825 ⁸⁵·
2044 5791 2237 5848 Matth.
2268 5809 2356 5864 xv,
2395 5795 2479 5850 10.

2377 4709 2485 4761 τῶν
2540 4708 2869 4779 θρεμμάτων
2918 4706 3208 4759 ἀποσοϐεῖν
3255 4707 3605 4773 ἐπείγονται,
3660 4708 3754 4759 καὶ
3798 4707 3953 4759 τοῦτο

2377 4798 2537 4870 ἔργον
2571 4798 2772 4859 αὐτοῖς.
2819 4796 3039 4858 Τούτοις
3068 4796 3302 4849 ἐοικέναι
3342 4796 3447 4867 χρὴ
3496 4800 3624 4859 τοὺς
3670 4798 3775 4850 τῶν
3804 4798 3951 4864 λογι-

2378 4888 2489 4939 κῶν
2540 4886 2802 4957 ποιμνίων
2854 4885 3277 4957 προεστηκότας,
3323 4887 3647 4956 καθηγητὰς
3716 4887 3949 4956 δηλονότι

2376 4980 2471 5032 καὶ
2498 4977 2871 5041 διδασκάλους,
2918 4976 3058 5029 ὥστε
3108 4976 3367 5046 κήδεσθαι
3413 4981 3508 5029 καὶ
3535 4979 3646 5031 τῶν
3688 4980 3949 5043 ὑπεζευγ-

2368 5072 2570 5142 μένων,
2620 5087 2712 5122 και
2758 5068 3081 5123 ἀπελαύνειν
3124 5070 3249 5132 τοὺς
3315 5069 3436 5121 καθ’
3485 5070 3763 5122 ὁντιναοῦν
3832 5072 3953 5139 τρό-

2364 5179 2465 5215 πον
2488 5162 2694 5215 ἀδικεῖν
2729 5160 3032 5225 ἐθέλοντας,
3063 5162 3155 5214 καὶ
3186 5161 3562 5229 ἀποφέροντας
3598 5161 3702 5229 μὲν
3735 5161 3841 5229 τῆς
3876 5164 3949 5219 εἰς

2364 5253 2494 5306 Θεὸν
2544 5253 2784 5322 ἀγάπης,
2844 5253 3229 5323 κατολιγωρεῖν
3275 5251 3671 5313 ἁναπείθοντας
3717 5252 3821 5320 τῆς
3878 5255 3953 5312 εἰς

2364 5344 2523 5400 αὐτὸν
2556 5342 2757 5406 αἰδοῦς,
2788 5346 2866 5407 εἰς
2917 5344 2973 5396 δὲ
3021 5343 3082 5396 τὸ
3123 5343 3302 5405 αὐτοῖς
3347 5340 3538 5394 δοκοῦν
3575 5341 3950 5411 ἁρπάζοντας.

2381 5436 2521 5489 Ἀλλ’
2544 5436 2642 5489 οὐκ
2659 5436 2846 5506 ἤθελον
2864 5431 3001 5489 εἶναι
3033 5435 3240 5488 τοιοῦτο
3270 5434 3365 5502 τῆς
3399 5432 3667 5485 Ἰουδαίων
3686 5433 3952 5499 Συναγω-

2368 5527 2473 5598 γῆς
2502 5528 2552 5581 οἱ
2571 5528 2967 5597 προεστηκότες
2986 5542 2999 5555 ⁸
3029 5526 3222 5598 μᾶλλον
3254 5525 3362 5596 γὰρ
3394 5520 3532 5595 ἦσαν
3563 5523 3721 5584 κύνες
3746 5523 3952 5583 ὲννεοὶ,

2369 5620 2675 5689 νυσταγμὺν
2727 5618 3026 5687 φιλοῦντες,
3081 5620 3172 5671 καὶ
3233 5618 3420 5688 κοίτην
3477 5612 3948 5683 ἐνυπνιαζόμενο-

2557 5795 2648 5827 οιη
2685 5794 2823 5850 Psal.
2858 5809 2917 5860 ιι,
2950 5794 3037 5863 ιε,
3072 5793 3155 5848 l5.
