4106 6508
183 457 207 510 1
220 454 330 509 255

1315 431 1382 486 IN
1421 428 1655 487 ISAIAM
1698 427 1828 486 LIB.
1871 426 1935 482 ν.
1977 423 2212 480 TOMUS
2251 422 2341 479 III.

3326 415 3460 472 {354

183 573 380 628 Καίτοι
427 568 537 638 γάρ
575 565 690 619 δέον
738 563 851 626 τοῖς
897 558 1002 614 ὑπὸ
1037 559 1196 630 χεῖρα
1246 555 1395 619 λαοῖς
1434 549 1772 623 εἰσηγεῖσθαι

1895 547 2269 616 irophetarunt
2310 541 2436 596 Baal
2463 541 2529 594 ⁸⁸.
2578 559 2596 591 ι
2639 538 2821 608 Itaque
2864 537 3118 592 nolebant
3159 551 3254 590 ceu
3299 552 3462 591 canes

181 665 259 718 τὰ
290 663 558 733 χρήσιμα,
597 655 690 710 ml
721 653 831 707 τῶν
860 647 1358 722 ἑτεροδιδασκαλεῖν
1386 643 1653 698 εἰωθότων
1674 639 1773 704 τὰς

185 731 412 823 ἐφόδους
442 747 751 807 ἀποσοϐεῖν.
794 743 950 797 τοῦτο
998 741 1096 812 μὲν
1146 740 1246 792 οὐκ
1295 737 1486 806 ἔδρων,
1535 733 1687 823 αὐτοὶ
1715 731 1774 784 δὲ

189 822 396 917 μᾶλλον
446 839 640 900 αὐτοὺς
672 838 785 898 τοῖς
829 835 929 903 τῆς
975 830 1250 892 ἀπωλείας
1285 826 1495 880 ἐνίεσαν
1540 822 1772 893 βόθροις.

187 914 303 990 Καὶ
335 933 493 986 τοῦτο
524 928 721 992 διδάξει
751 925 924 993 λέγων
954 926 982 977 ὁ
1018 922 1129 975 τῶν
1158 921 1291 973 ὅλων
1325 917 1458 979 Θεός
1479 931 1491 944 ·
1531 933 1549 965 ι
1597 914 1661 967 Ol
1703 915 1776 965 ἰε-

191 1029 308 1099 ρείς
350 1042 441 1078 σου
472 1024 573 1075 ούκ
607 1015 786 1071 εἶπανο
812 1015 924 1070 Ποῦ
948 1018 1061 1068 ἐστι
1094 1011 1323 1082 Κύριος;
1359 1008 1452 1060 καὶ
1485 1007 1534 1058 οἱ
1554 1004 1775 1073 ἀντεχό-

194 1095 350 1189 μενοι
377 1116 469 1170 τοῦ
517 1114 681 1184 νόμου
711 1111 810 1163 οὐκ
839 1104 1136 1179 ἠπίσταντό
1187 1120 1272 1173 με,
1320 1101 1411 1154 καὶ
1442 1099 1489 1151 οἰ
1523 1095 1776 1165 ποιμένες

192 1188 426 1280 ἣσέῦουν
472 1208 549 1269 εἰς
580 1202 703 1274 ἐμὲ,
745 1200 838 1254 καὶ
886 1200 936 1251 οἰ
983 1197 1260 1269 προφῆται
1293 1189 1666 1262 ἐπροφήτευον
1708 1188 1774 1257 τῇ

191 1276 366 1356 Bac)“
409 1318 427 1350 ι
462 1294 671 1349 Οὐκοῦν
718 1292 910 1362 ὥσπερ
956 1288 1114 1350 κύνες
1151 1282 1509 1338 καθυλακτείν
1547 1277 1642 1348 μὲν
1669 1276 1777 1329 τῶν

193 1396 320 1456 ταῖς
350 1389 609 1458 ποίμναις
652 1382 1066 1456 ἐπηρεαζόντων
1097 1379 1196 1432 οῦκ
1233 1374 1445 1448 ἤθελον.
1485 1371 1779 1443 ἐμιμοῦντο

193 1486 256 1540 δὲ
295 1485 400 1538 τῖλν
446 1479 625 1534 κυνῶν
654 1478 752 1548 τὴν
801 1470 1206 1542 ἀναισχυντίαν,
1245 1466 1343 1519 καὶ
1381 1463 1444 1517 τὸ
1479 1463 1554 1534 μὴ
1583 1459 1778 1514 εἰδέναι

196 1575 539 1648 πλησμονήν.
580 1567 930 1625 Φιλόπλουτοι
977 1565 1086 1635 γὰρ
1125 1562 1298 1623 ὄντες,
1338 1557 1432 1611 καὶ
1476 1552 1779 1624 λημμάτων

198 1645 444 1739 αἰσχρῶν
485 1661 807 1736 ήττώμενοι,
836 1659 931 1712 καί
971 1652 1319 1725 δωροδοκίαι-ς
1361 1645 1778 1716 ὲπιγαννύμενοι

199 1757 576 1830 παρηνόμουν,
629 1754 677 1806 οἳ
709 1751 804 1806 καὶ
835 1747 1212 1818 αἰσχυνόμενοι
1255 1742 1435 1815 ψῆφον
1466 1739 1649 1830 ἄδικον
1678 1751 1780 1830 κα-

198 1825 533 1920 ταφέροντες
555 1845 665 1898 ἐσθ’
688 1845 776 1898 ὅτε
803 1841 912 1895 τῶν
941 1836 1264 1893 ἀδικούντων
1298 1832 1486 1904 μηδὲν,
1511 1825 1782 1882 δικαιοῦν-

1874 646 2060 692 contra
2093 634 2411 690 infestantes
2443 647 2659 702 gregum
2690 630 2907 692 latrare,
2938 630 3030 682 sed
3062 643 3257 681 canum
3288 627 3463 694 impu-

1875 726 2111 781 dentiam
2144 724 2514 785 imitabantur,
2563 728 2617 774 et
2659 719 3008 773 voracitatem
3055 718 3323 772 satietatis
3369 733 3464 770 nc-

1876 818 2064 871 sciam.
2088 814 2224 870 Nam
2253 813 2496 884 pecunia;
2522 821 2788 871 amantes,
2813 821 2862 862 et
2892 810 3030 878 turpi
3061 809 3209 864 lucro
3233 809 3458 872 addicti,

1875 917 1930 963 ct
1964 923 2247 961 munermn
2284 904 2662 974 largitionibus
2693 902 2965 964 delectati,
2998 901 3166 969 legem
3203 900 3462 968 pracvari-

1875 1000 1984 1056 εειιί
2027 1009 2151 1054 sunt
2188 1016 2200 1050 :
2241 999 2331 1066 qui
2389 998 2553 1051 etiam
2607 1009 2726 1048 cum
2769 993 2973 1060 pudore
3007 991 3276 1046 interdum
3318 992 3461 1058 inju-

1877 1101 2017 1145 stmn
2057 1088 2324 1142 calculum
2360 1087 2602 1140 ferebant
2635 1085 2684 1136 in
2721 1100 2814 1138 eos
2845 1082 2934 1151 qui
2971 1082 3223 1151 injuriam
3261 1081 3460 1134 nullam

1880 1183 2138 1246 fecerant,
2197 1182 2532 1250 impiumque
2553 1176 2946 1247 justilicabaut.
2981 1172 3094 1226 Non
3127 1173 3267 1226 enim
3299 1187 3464 1224 nove.

1878 1285 2004 1331 runt
2051 1275 2388 1335 satietatem,
2440 1273 2491 1324 id
2543 1278 2660 1337 est,
2707 1267 2893 1324 satiari
2948 1267 3270 1334 nequibant,
3321 1265 3461 1333 turpi

1880 1377 2089 1435 quaestu
2122 1365 2393 1420 videlicet.
2427 1363 2523 1417 His
2556 1364 2719 1416 etiam
2752 1365 2817 1415 de
2851 1359 3031 1414 causis
3064 1372 3156 1412 eos
3191 1357 3463 1410 accusavit

1881 1457 2142 1512 Servator
2171 1455 2314 1524 ipse,
2345 1454 2534 1508 dicens
2564 1471 2576 1507 :
2616 1470 2635 1503 ι
2675 1450 2765 1504 Vae
2794 1449 2975 1513 vobis,
3011 1447 3213 1502 Scriba
3241 1456 3296 1500 et
3327 1445 3466 1499 Pha-

1882 1551 2022 1606 risaei
2055 1549 2350 1620 hypocrita:
2383 1565 2398 1601 :
2427 1546 2711 1600 decimatis
2746 1543 3044 1608 mentitam,
3088 1550 3145 1595 et
3187 1540 3462 1600 anethum,

1880 1651 1934 1698 et
1963 1644 2271 1707 cuminum,
2318 1647 2373 1695 et
2418 1654 2537 1708 qua:
2569 1637 2817 1707 graviora
2853 1635 2985 1704 legis
3013 1641 3138 1688 sunt
3172 1631 3462 1696 omisistis,

1877 1733 2169 1804 judicium,
2205 1731 2632 1786 misericordiam
2671 1738 2724 1784 et
2758 1729 2914 1781 iidem
2938 1727 3006 1780 ⁸⁷.
3044 1746 3064 1778 ι
3126 1726 3198 1780 De
3233 1725 3336 1778 illis
3369 1740 3465 1778 au-

1886 1835 1990 1878 tem
2019 1824 2154 1878 dixit
2184 1822 2399 1876 divinus
2426 1822 2682 1890 propheta
2715 1819 2884 1873 Isaias
2915 1837 2927 1872 :
2962 1837 2981 1870 ‹
3019 1819 3297 1884 Quomodo
3324 1816 3463 1870 facta

199 1908 303 2005 τες
406 1939 497 1991 τὸν
514 1908 723 2006 -άσεσῆ,
760 1933 821 1987 ού
867 1933 976 2004 γὰρ
1005 1930 1226 2002 ᾔδεισαν
1264 1920 1599 1994 πλησμονὴν,
1627 1934 1783 1971 τουτ-

1895 1926 1980 1998 est.
2007 1914 2263 1968 meretrix
2299 1913 2493 1968 civitas
2531 1912 2728 1976 ﬁdelis,
2765 1911 2917 1976 Sion,
2953 1912 3108 1980 plena
3148 1909 3374 1978 judicio,
3412 1908 3464 1960 iu

202 2033 345 2094 ἐστι,
392 2031 550 2100 κόρον
600 2026 902 2098 λημμάτων
947 2019 1189 2091 αἰσχρῶν
1236 2015 1510 2086 δηλονότι·
1566 2011 1661 2100 ml
1694 2007 1787 2061 ἐπὶ

202 2121 418 2184 τούτοις
465 2099 664 2181 αὐτοὺς
712 2115 806 2168 καὶ
839 2113 1004 2175 αὐτὸς
1047 2111 1076 2162 ό
1123 2107 1315 2179 Σωτὴρ
1358 2105 1546 2177 ᾐτιᾶτο
1592 2099 1785 2167 λέγων’

209 2237 232 2271 ι
269 2217 404 2270 0ὑαί
443 2213 590 2282 ὑμῖν,
623 2207 975 2280 Γραμματεῖς
1019 2201 1113 2256 καὶ
1150 2199 1431 2270 Φαρισαῖοι
1475 2190 1786 2282 ὑποκριταὶ,

207 2309 296 2362 ὅτι
335 2281 732 2360 ἀποδεκατοῦτε
775 2298 836 2351 τὸ
885 2293 1176 2365 ἡδύοσμον,
1207 2289 1302 2342 ml.
1341 2288 1403 2341 τὸ
1447 2284 1666 2356 ἄνηθον,
1695 2281 1790 2336 καὶ

209 2395 292 2449 Τὸ
340 2393 592 2464 κύμινον,
621 2389 714 2442 καὶ
751 2385 999 2456 ἀφήκατε
1041 2379 1111 2433 τὰ
1153 2376 1424 2448 βαρύτερα
1463 2373 1556 2427 τοῦ
1599 2371 1787 2464 νόμον,

209 2485 316 2555 τὴν
344 2462 545 2556 κρίσιν,
576 2481 670 2535 καὶ
700 2479 791 2532 τὸν
823 2477 970 2529 ἔλεον
1000 2471 1094 2524 ml.
1121 2469 1218 2540 τὴν
1250 2468 1453 2520 πίστιν.
1489 2484 1506 2514 ι
1532 2465 1697 2556 ,Ἔφη
1733 2462 1790 2514 δὲ

211 2579 346 2649 περί
388 2555 573 2629 αὐτῶν
635 2571 728 2625 καὶ
776 2570 804 2620 ό
853 2564 1136 2624 θεσπέσιος
1185 2559 1471 2631 προφήτης
1527 2555 1787 2615 Ἡσαΐας·

220 2688 240 2721 ο
450 2665 664 2734 ἐγένετο
714 2660 884 2731 πόρνη
943 2655 1096 2718 πόλις
1145 2650 1308 2721 πιστὴ
1354 2647 1528 2710 Σιὼν,
1579 2645 1792 2716 πλήρης

214 2759 472 2830 κρίσεως,
497 2757 555 2808 ὲν
644 2749 954 2817 δικαιοσύνη
978 2741 1267 2814 ἐκοιμήθη,
1298 2741 1394 2794 νῦν
1421 2739 1477 2792 δὲ
1502 2735 1789 2807 φονευταί;

216 2828 297 2902 Τδ
316 2847 573 2918 ἀργύριον
602 2843 756 2914 ὑμῶν
777 2841 1056 2909 ἀδόκιμον,
1081 2837 1129 2889 οἰ
1163 2831 1396 2903 κάπηλοι
1421 2847 1513 2884 σου
1540 2828 1792 2918 μίσγουσι

214 2940 313 2993 τὸν
335 2917 477 2992 οἶνον
510 2936 682 2998 ὕδατι,
709 2934 759 3003 οἰ
778 2924 1045 3002 ’ἄρχοντές
1081 2943 1174 2979 σου
1213 2921 1520 2984 ἀπειθοῦσι,
1550 2917 1795 2972 κοινωνοὶ

217 3028 490 3091 κλεπτῶν,
523 3027 847 3094 ἀγαπώντες
885 3021 1054 3090 δῶρα,
1088 3015 1377 3076 διώκοντες
1421 3010 1789 3079 ἀνταπόδομα,

217 3123 477 3193 ὀρφανοῖς
499 3119 556 3172 ού
576 3117 868 3188 κρίνοντες,
897 3111 991 3164 καί
1008 3109 1185 3180 κρίσει
1204 3108 1378 3178 χήρας
1405 3105 1466 3157 οὺ
1496 3102 1792 3193 προσέχον-

181 3248 184 3249 ν
219 3189 368 3274 τες.»
402 3209 510 3262 Ναὶ
543 3207 647 3278 μὴν
671 3205 765 3258 καὶ
791 3206 819 3256 ό
858 3199 1141 3261 θεσπέσιος
1168 3196 1498 3264 Ἀὁῦακοὺμ,
1534 3192 1618 3246 ἐπ’
1645 3189 1794 3260 αύτῷ

219 3301 290 3372 δὴ
328 3299 523 3368 τούτῳ,
559 3293 839 3368 μονονουχὶ
875 3292 970 3345 καὶ
1006 3285 1432 3358 δεδακρυμένως,
1460 3278 1796 3353 προσεφώνει

221 3369 364 3464 πρὸς
391 3391 521 3442 Θεόν
547 3405 558 3417 ο
585 3407 603 3439 ι
625 3388 768 3448 Ἕως
789 3383 955 3447 τινος,
990 3379 1179 3450 Κύριε,
1200 3377 1394 3447 Κύριε,
1411 3373 1683 3444 κράξομαι
1703 3369 1796 3422 καὶ

398 3479 718 3550 εἰσακούση;
741 3476 1001 3546 βοήσομαι
1025 3471 1159 3542 πρὸς
1173 3471 1231 3522 σὲ
1245 3468 1612 3536 ἀδικούμενος,
1627 3462 1720 3516 καὶ
1734 3461 1794 3515 ού

223 3557 459 3638 mbos“;
489 3571 659 3626 Ἴνατί
693 3586 781 3640 μοι
817 3565 1021 3631 ἔδειξας
1047 3563 1268 3625 κόπους,
1310 3559 1404 3612 ml
1433 3558 1646 3618 πόνους,
1679 3557 1796 3607 ἑπι-

222 3668 451 3722 σλέπειν
481 3659 873 3730 ταλαιπωρίαν,
902 3654 995 3708 ml
1025 3653 1308 3713 ἀσέϐειανς
1333 3649 1393 3714 ἐξ
1421 3646 1664 3707 ἐναντίας
1697 3661 1796 3714 μου

223 3759 422 3829 γέγονε
449 3754 648 3826 κρίσις,
677 3750 771 3804 καὶ
807 3751 836 3802 ό
872 3745 1064 3816 κριτὴς
1096 3741 1382 3812 λαμϐάνει.
1413 3738 1511 3791 Διά
1535 3735 1690 3790 τοῦτο
1717 3735 1796 3788 δι-

224 3824 550 3904 ἐσκέδασται
577 3842 759 3912 νόμος,
779 3841 874 3892 καὶ
896 3837 957 3889 ού
985 3834 1287 3901 διεξάγεται
1315 3831 1396 3892 εἰς
1422 3827 1573 3889 τέλος
1601 3824 1796 3896 κρίμα,

223 3942 315 3997 ὅτι
357 3941 386 3992 ὁ
430 3935 628 4006 ἀσεϐὴς
680 3925 1132 3986 καταδυναστεύει
1163 3923 1255 3976 τὸν
1307 3921 1532 3973 δίκαιον.
1577 3917 1799 3968 Ἕνεκεν

225 4031 421 4086 τούτου
450 4024 784 4092 ἐξελεύσεται
822 4021 884 4074 τὸ
911 4019 1086 4089 κρίμα
1114 4011 1560 4083 διεστραμμένον.
1603 4025 1622 4059 ›
1655 4007 1798 4059 Οὐκ-

225 4125 328 4178 οῦν
365 4122 424 4175 τὸ
460 4119 555 4190 μὲν
589 4113 980 4185 φιλογρήγορον
1007 4107 1113 4160 τῶν
1142 4108 1199 4159 ὲν
1236 4103 1457 4170 ἀγέλαις
1485 4097 1675 4190 ,κυνῶν
1707 4095 1802 4190 ξηῖ

227 4211 361 4266 λοῦν
387 4186 486 4263 οὐκ
513 4205 723 4275 ήθελον,
757 4196 1129 4270 ἀπεμιμοῦντο
1156 4195 1213 4248 δὲ
1253 4192 1411 4263 μόνον
1437 4189 1632 4251 αὐτοὺς
1662 4186 1804 4240 κατά

229 4319 299 4370 γε
329 4300 390 4352 τὸ
411 4293 548 4351 εἶναι
580 4288 1002 4362 καταφρονητάς
1030 4288 1129 4357 μὲν
1161 4284 1376 4354 ἀπάσης
1401 4278 1604 4342 αἰδοῦς,
1636 4279 1806 4346 ἐγκεῖ-

1895 2021 1998 2075 qua
2035 2004 2244 2076 justitia
2287 2003 2559 2068 dormivit,
2597 2017 2740 2056 nunc
2783 2012 2962 2056 autem
3012 2000 3332 2055 homicidae?
3365 1999 3466 2052 Ar-

1889 2112 2106 2165 gentum
2134 2105 2367 2150 vestrum
2397 2094 2758 2147 adulteratum
2789 2110 2802 2147 :
2833 2107 3105 2160 caupones
3133 2093 3208 2146 tui
3239 2093 3470 2146 miscent

1891 2191 2071 2242 viuum
2113 2202 2274 2256 aqua,
2312 2185 2586 2255 principes
2628 2186 2704 2239 tui
2753 2200 2858 2238 non
2900 2184 3181 2246 obediunt,
3215 2183 3347 2237 socii
3389 2183 3468 2236 fu-

1893 2296 2032 2343 rum,
2055 2279 2340 2349 diligentes
2364 2295 2611 2344 munera,
2636 2281 3018 2348 persequentes
3041 2277 3469 2340 retributionem,

1890 2371 2150 2440 orphanis
2174 2387 2279 2425 non
2305 2369 2630 2440 judicantes,
2655 2380 2709 2423 et
2729 2370 2932 2438 judicio
2963 2369 3134 2422 viduae
3161 2383 3263 2422 non
3293 2377 3468 2426 atten-

1891 2465 2078 2518 dentes
2101 2463 2200 2516 ⁸⁸.»
2235 2463 2373 2528 Quin
2395 2473 2449 2516 et
2469 2463 2682 2516 divinus
2714 2461 3022 2525 Abbacum,
3057 2461 3244 2512 eadem
3280 2461 3344 2512 de
3380 2474 3467 2522 rc,

1895 2561 2100 2605 tantum
2135 2567 2238 2605 nou
2278 2551 2656 2621 illar-rymans,
2689 2549 2995 2618 appellabat
3033 2548 3198 2602 Deum
3229 2565 3241 2600 :
3268 2567 3288 2597 ι
3329 2548 3473 2614 Quo-

1893 2658 2084 2709 usque,
2117 2641 2360 2706 Domine,
2380 2641 2620 2703 Domine,
2652 2639 2920 2705 clamabo,
2951 2649 3006 2694 et
3037 2655 3140 2693 non
3175 2639 3472 2692 exaudies"

1893 2733 2230 2789 vociferabor
2258 2735 2324 2786 ad
2358 2741 2428 2798 le,
2462 2731 2654 2797 injuria
2685 2729 2941 2794 alllictus,
2971 2739 3024 2784 et
3054 2745 3156 2784 non
3188 2730 3471 2784 servabis?

1894 2827 2072 2892 Quare
2101 2825 2230 2878 mihi
2261 2825 2542 2878 ostendisti
2576 2822 2790 2876 labores
2821 2833 2876 2876 et
2907 2822 3206 2883 molestias,
3235 2834 3294 2874 ut
3322 2820 3471 2875 vide-

1897 2932 2008 2971 rem
2043 2916 2317 2971 miseriam
2349 2925 2404 2969 et
2437 2914 2804 2983 impietatem?
2827 2914 3122 2968 Adversum
3159 2929 3244 2966 me
3271 2912 3472 2966 factum

1894 3016 1976 3060 est
2008 3005 2294 3072 judicium,
2329 3016 2382 3059 et
2419 3004 2581 3073 judex
2627 3005 2846 3071 accipit.
2885 3003 3177 3071 Pr0pterea
3217 3004 3471 3072 dissipata

1897 3096 2062 3168 796
2090 3108 2169 3151 est
2206 3095 2322 3160 lex,
2355 3105 2410 3149 et
2444 3109 2547 3148 non
2585 3094 2867 3148 deducitur
2900 3094 2950 3146 in
2989 3093 3149 3147 tinem
3181 3093 3472 3163 judicium.

1899 3189 2102 3257 Impius
2133 3191 2277 3241 enim
2313 3187 2452 3241 valet
2485 3194 2671 3240 contra
2702 3186 2930 3255 justum.
2966 3185 3172 3241 Idcirco
3199 3187 3475 3254 egreditur

1896 3277 2155 3348 judicium
2199 3292 2508 3346 perversum
2536 3277 2602 3331 ".
2650 3295 2671 3328 ι
2720 3276 2906 3344 Itaque
2950 3277 3316 3347 vigilantiam,
3357 3294 3476 3348 qua:

1897 3378 1976 3421 est
2006 3367 2058 3420 in
2089 3381 2252 3437 grege
2282 3382 2479 3421 canum
2501 3407 2517 3431 ,
2549 3367 2839 3421 noluerunt
2867 3369 3110 3422 aeniulat'i
3150 3387 3164 3423 :
3197 3370 3292 3422 Sed
3326 3369 3380 3423 in
3411 3385 3477 3423 co

1897 3455 2068 3510 solum
2109 3457 2300 3511 imitati
2338 3466 2484 3519 sunt,
2528 3459 2668 3526 quod
2707 3458 2815 3512 sint
2857 3468 3260 3526 contemptores
3297 3461 3478 3514 omnis

1899 3550 2254 3612 verecundiae,
2288 3549 2710 3618 incumbautque
2742 3551 2936 3618 przedis
2971 3553 3358 3606 coacervandis
3391 3552 3477 3604 in-

1898 3640 2238 3694 satiabiliter.
2267 3641 2347 3693 Ad
2384 3639 2496 3694 ha-c
2527 3654 2619 3694 eos
2652 3639 2822 3694 malos
2851 3655 2972 3694 esse
3001 3640 3154 3706 dicit,
3185 3651 3237 3695 et
3269 3643 3479 3696 nescire

1902 3732 2330 3800 intelligentiam.
2358 3732 2544 3801 Itaque
2571 3732 2768 3787 stultus
2798 3742 2882 3786 est
2913 3734 3084 3787 malus
3113 3752 3127 3788 :
3160 3749 3281 3788 nam
3316 3736 3478 3790 imoi-

1902 3823 2118 3891 ligentia
2167 3822 2234 3874 iis
2288 3822 2545 3875 convenit
2596 3823 2829 3875 maxime
2865 3823 2954 3890 qui
2999 3823 3136 3876 bene
3176 3822 3351 3879 facere
3389 3842 3482 3879 so-

1901 3912 2012 3966 lent
2051 3930 2064 3965 :
2101 3922 2157 3965 at
2199 3911 2400 3966 malitia
2447 3927 2476 3964 a
2523 3921 2700 3966 mente
2745 3914 2882 3965 bona
2921 3913 3085 3966 absit.
3125 3913 3356 3970 Perinde
3399 3929 3483 3972 est

1903 4003 2044 4055 enim
2097 4002 2335 4056 scabiem
2381 4011 2437 4056 et
2486 4002 2637 4056 ulcus
2678 4003 2862 4057 videre
2912 4003 2962 4056 in
3013 4019 3270 4072 corpore,
3318 4022 3382 4060 ac
3429 4008 3480 4060 in

1900 4098 2082 4150 animo
2129 4097 2412 4151 malitiam.
2461 4096 2697 4152 Stultum
2749 4099 2892 4151 enim
2944 4099 3117 4168 ipsum
3172 4100 3368 4166 reddit,
3417 4107 3482 4156 al

1903 4199 2170 4256 agrestem
2210 4189 2497 4242 ruditatem
2533 4189 2826 4255 adducens,
2860 4201 2911 4244 et
2949 4191 3184 4246 ferocem
3223 4192 3480 4248 efficiens.

1905 4279 2039 4346 Quia
2063 4294 2189 4334 vero
2214 4278 2336 4332 mali
2364 4278 2584 4334 fuerunt
2605 4289 2660 4332 et
2684 4281 2856 4345 stulti,
2887 4282 3011 4336 hinc
3049 4285 3238 4349 etiam,
3262 4284 3482 4348 Omnes,

232 4368 364 4447 σθαι
388 4389 444 4442 δὲ
458 4385 763 4458 ἀκορέστως
789 4383 906 4443 ταῖς
924 4379 1030 4431 τῶν
1047 4375 1348 4448 λημμάτων
1376 4371 1674 4439 συλλογαῖς.
1696 4368 1791 4420 Kal

1907 4368 2102 4438 inquit,
2139 4368 2254 4421 vias
2295 4382 2425 4422 suas
2469 4369 2636 4422 secuti
2679 4379 2826 4434 sunt,
2862 4371 3089 4441 quisque
3133 4373 3182 4426 in
3226 4389 3388 4427 unum
3431 4387 3486 4430 et

234 4483 379 4552 πρός
408 4496 470 4548 γε
499 4475 692 4546 τούτῳ,
721 4471 988 4542 πονηροὺς
1010 4469 1203 4530 αὐτοὺς
1236 4461 1375 4518 εἷναί
1407 4480 1560 4533 φησι,
1591 4461 1686 4514 ml.
1706 4459 1791 4511 ού)

1909 4459 2071 4512 idem.
2097 4456 2227 4510 Nam
2261 4472 2380 4511 cuni
2415 4467 2558 4512 recta
2589 4458 2655 4512 ad
2684 4473 2844 4513 omne
2876 4461 3072 4515 bonum
3105 4461 3254 4528 ferri,
3280 4473 3334 4517 et
3365 4481 3486 4533 quae

231 4547 438 4628 εἰδέναι
469 4566 701 4618 σύνεσιν.
738 4558 944 4614 Οὐκοῦν
974 4555 1227 4616 ἀσύνετος
1253 4555 1281 4606 ό
1323 4550 1555 4621 πονηρός
1575 4566 1588 4580 ο
1621 4549 1655 4618 ή
1697 4547 1791 4617 γάε

1908 4550 2141 4604 oraculis
2165 4551 2374 4618 prodita
2403 4560 2550 4615 sunt,
2579 4551 2733 4618 sequi
2770 4552 3093 4606 desisterent
3122 4572 3135 4607 :
3164 4569 3273 4609 sua:
3297 4556 3486 4610 volun-

234 4664 456 4723 σύνεσις
495 4660 691 4729 πρέποι
733 4653 798 4707 ἂν
837 4650 1066 4722 μάλιστα
1111 4647 1222 4708 τοῖς
1254 4641 1502 4696 εἰωθόσιν
1532 4638 1804 4708 ἀγαθουρ-

232 4756 380 4821 γεῖν,
421 4746 656 4819 πονηρία
686 4745 744 4798 δὲ
775 4740 969 4814 φρενὸς
1004 4739 1223 4792 ἀπέστω
1263 4734 1362 4802 τῆς
1391 4731 1621 4800 ἀγαθῆς.
1650 4731 1807 4821 Ἴσον

233 4819 352 4910 γὰρ
387 4839 512 4892 ἰδεῖν
571 4835 761 4906 ψώραν
792 4848 850 4885 τε
880 4829 975 4882 καὶ
1020 4826 1174 4887 ἕλκος
1207 4825 1264 4876 ὲν
1308 4821 1543 4892 σώματι,
1575 4819 1670 4872 καί
1709 4836 1808 4871 πο-

235 4933 436 5003 νηρίαν
464 4932 542 4992 εἰς
573 4926 724 4980 νοῦν’
771 4921 1027 4976 ἀσύνετον
1069 4916 1176 4986 γάρ
1204 4915 1364 4968 αὑτὸν
1393 4911 1682 4980 ἀποφαίνει
1714 4928 1811 4962 κα-

237 5000 556 5093 ταφέρουσα
583 5017 718 5088 πρὸς
752 5013 1066 5081 σκαιότητα,
1095 5007 1190 5060 καὶ
1217 5001 1550 5058 ἀποτελοῦσα
1587 5000 1811 5071 δύστρο-

244 5092 396 5168 πον,
448 5109 666 5179 Ἐπειδὴ
714 5107 772 5160 δὲ
821 5101 1045 5172 πονηροὶ
1094 5097 1345 5166 γεγόνασι
1392 5095 1486 5147 καὶ
1542 5092 1810 5156 ἀσύνετοι,

237 5203 450 5273 ταύτης
493 5202 657 5254 ἕνεκα
702 5197 800 5268 τῆς
853 5193 1029 5254 αἰτίας
1079 5190 1298 5254 πάντες,
1347 5187 1543 5256 φησὶν,
1589 5187 1647 5237 ὲν
1691 5185 1812 5246 ταῖς

238 5296 388 5356 ὁδοῖς
418 5290 598 5345 αὐτῶν
646 5284 1075 5357 ἐξηκολούθησαν
1120 5280 1347 5340 ἕκαστος
1388 5275 1527 5329 κατὰ
1557 5274 1619 5328 τὸ
1650 5273 1780 5328 αὐτό
1799 5289 1813 5304 ο

240 5384 473 5454 ἀφέντες
505 5381 613 5451 γάρ
643 5379 832 5447 ὥσπερ
880 5375 941 5428 τὸ
983 5371 1112 5425 εύθὺ
1145 5369 1403 5440 φέρεσθαι
1451 5365 1648 5427 παντὸς
1680 5366 1814 5433 ἀγα-

1912 4640 2004 4694 tati
2045 4649 2185 4694 totas
2221 4641 2458 4694 habenas
2497 4639 2769 4704 laxarunt,
2807 4651 2859 4694 et
2899 4642 3142 4695 fecerunt
3183 4659 3280 4712 pro
3319 4645 3484 4699 animi

1913 4731 1996 4785 sai
2028 4731 2280 4793 libidine;
2312 4745 2410 4785 nec
2445 4730 2618 4784 solum
2657 4731 2991 4800 singulatim,
3024 4734 3118 4787 sed
3153 4734 3204 4787 in
3241 4749 3402 4787 unum
3435 4747 3490 4789 ct

1917 4822 2093 4886 idem,
2127 4822 2180 4875 id
2214 4828 2296 4874 est
2319 4861 2333 4886 ,
2370 4821 2527 4875 simul
2562 4837 2624 4875 ac
2656 4825 2941 4891 gregatim.
2973 4823 3312 4879 Inveniemus
3344 4827 3486 4880 enim

1917 4911 2200 4982 praefectus
2246 4909 2551 4965 Judaeorum
2581 4912 2720 4967 {teda
2748 4923 2802 4966 et
2831 4914 3026 4968 divinis
3055 4913 3261 4984 legibus
3285 4915 3491 4969 dissen-

1913 5003 2100 5057 tientia
2146 5003 2197 5055 iu
2245 5001 2485 5071 collegiis
2527 5018 2590 5056 ac
2634 5003 2980 5058 consessibus
3025 5007 3138 5059 suis
3178 5017 3229 5059 et
3271 5006 3490 5059 consul.-

1919 5103 2059 5145 tasse
2093 5099 2146 5143 et
2179 5090 2393 5144 fecisse.
2431 5091 2507 5143 Ita
2543 5091 2684 5142 enim
2724 5089 2858 5158 lapsi
2900 5099 3024 5144 sunt
3065 5091 3116 5144 iu
3153 5091 3488 5145 dominicidii

1917 5182 2142 5244 crimen,
2172 5189 2226 5234 et
2262 5179 2382 5233 aliis
2416 5190 2580 5247 atque
2615 5178 2736 5232 aliis
2772 5180 2946 5235 modis
2979 5182 3210 5250 quisque
3247 5181 3312 5234 ad
3351 5182 3489 5234 viam

1921 5287 2074 5326 suam
2095 5271 2271 5325 aversi
2292 5278 2437 5324 sunt.
2474 5268 2816 5339 Voluptatum
2834 5271 2976 5325 enim
2997 5273 3324 5326 amantiores
3339 5280 3494 5326 erant

1924 5378 2084 5432 quam
2101 5362 2216 5426 Dei,
2237 5363 2426 5416 etvitzze
2446 5359 2602 5429 hujus
2619 5361 3062 5429 occupationibus
3077 5361 3246 5428 magis
3259 5361 3494 5414 oblecta-

242 5475 367 5539 θοῦ,
400 5473 494 5528 ml
536 5471 595 5525 τὸ
641 5470 749 5523 δεῖν
781 5465 1010 5520 ἕπεσθαι
1057 5464 1168 5524 τοῖς
1201 5457 1663 5527 τεθεσπισμένοις,
1710 5457 1791 5507 τοί

1927 5455 2146 5518 bantur,
2173 5454 2284 5507 vita
2314 5455 2540 5508 honesta
2570 5463 2626 5508 et
2653 5453 2908 5522 przet-lara
2942 5454 2993 5506 in
3026 5462 3193 5506 totum
3230 5451 3492 5520 neglecta.

248 5568 405 5638 σφῶν
433 5565 730 5636 θελήμασιν
774 5562 900 5624 ὅλας
931 5557 1117 5625 ὥσπερ
1150 5553 1378 5622 ἀφέντες
1437 5549 1616 5622 ήνίας,
1650 5548 1916 5618 ἔπραττον
1974 5547 2035 5599 τὺ
2101 5545 2225 5598 καθ’
2281 5545 2495 5617 ήδονὴν,
2525 5547 2618 5598 καί
2645 5547 2705 5599 ού
2734 5545 2855 5598 καθ’
2883 5545 2979 5596 ἕνα
3014 5543 3193 5613 μόνον,
3218 5541 3353 5593 ἀλλὰ
3385 5540 3495 5608 γὰρ

245 5629 348 5718 ml.
375 5655 518 5712 κατά
627 5654 778 5717 αὐτὸ,
808 5650 1110 5713 τουτέστιν,
1137 5644 1271 5717 ὁμοῦ
1295 5645 1389 5698 ml
1416 5643 1556 5698 κατὰ
1621 5639 1851 5711 πληθύν.
1891 5639 2209 5710 Εὑρήσομεν
2237 5638 2292 5690 δὲ
2317 5638 2442 5701 τοὺς
2498 5637 2606 5690 τῶν
2647 5636 2916 5691 Ἰουδαίων
2947 5633 3262 5704 καθηγητὰς
3292 5629 3498 5685 ἕκτοπά

323 5857 371 5890 ⁸⁸
405 5853 516 5911 Jer.
554 5870 612 5918 ιι,
643 5852 696 5909 8.
773 5848 1038 5923 ".Matth.
1074 5864 1228 5914 χχιιι,
1257 5846 1347 5902 25.
1424 5847 1468 5878 ⁸³
1497 5844 1598 5899 Isa.
1627 5861 1664 5910 1,
1702 5845 1791 5900 21·

1967 5843 2010 5875 ⁸⁹
2048 5842 2252 5897 llabac.
2279 5855 2318 5907 ι,
2348 5839 2467 5893 2-4.
