4106 6498
156 407 300 464 1257

1245 410 1313 468 ΙΝ
1351 411 1584 468 ιεΑιΑιι
1623 411 1750 467 LID.
1796 409 1861 466 V.
1903 409 2140 466 TOMUS
2177 409 2265 465 Ill.

3298 412 3436 470 1238

241 521 437 595 Ὑμεῖς
491 524 562 578 δὲ
625 529 1033 601 προσαγάγετε
1091 525 1244 601 ὦδε,
1299 533 1416 589 vivi
1485 535 1734 606 ἄνομοι,

1911 529 2074 586 Vens.
2112 530 2169 595 5,
2205 530 2258 584 4.
2316 528 2413 583 Vos
2443 540 2617 584 autem
2644 530 2875 584 accedite
2901 532 3025 596 huc,
3064 530 3167 601 ﬁlii
3225 534 3431 605 iniqui,

151 615 398 685 σπέρμα
429 616 662 688 μοιχῶν
699 620 796 674 καί
838 625 1089 692 πόρνης.
1131 624 1228 679 Ἑν
1258 627 1374 680 τίνι
1421 627 1749 698 ἐνετρυφή·

164 724 342 776 rate;
369 711 468 764 καὶ
495 711 596 764 ἐπὶ
628 713 763 769 τίνα
789 713 1072 781 ἡνοίξατε
1099 716 1170 770 τὸ
1200 718 1393 786 στόμα
1424 717 1622 786 {utan-,-
1651 719 1749 772 καὶ

163 801 260 854 ἔπι
298 802 435 856 τινα
487 803 832 872 exclamare
880 807 995 873 τὴν
1049 807 1343 878 γλῶσσαν
1388 809 1592 878 ὐμῶν;
1625 811 1748 880 Οὐχ

161 893 336 963 ὁμεῖς
362 895 504 948 ἐστε
537 893 721 949 τέκνα
759 897 1082 966 ἀπωλείας,
1113 901 1352 972 σπέρμα
1386 903 1643 972 ἇνομονς

250 985 347 1037 Ἕκ
383 984 583 1055 πολλῆς
611 985 751 1054 ἄγαν
780 987 1061 1057 φιλοθετας
1085 993 1114 1044 ὁ
1151 992 1434 1054 Θεσπέσιος
1467 995 1750 1064 προφήτης

162 1078 281 1140 ταῖς
308 1077 416 1129 τῶν
448 1077 717 1132 Ἰουδαίων
751 1079 1176 1152 ἀθυροστομίαις
1207 1083 1464 1155 eamea,
1497 1087 1592 1139 καὶ
1624 1102 1752 1138 κατ-

164 1167 460 1237 ιλγύνεται
505 1169 626 1224 λίαν
677 1171 771 1225 ἐπὶ
824 1175 946 1237 ταῖς
995 1173 1238 1238 ἀνοσίαις
1284 1175 1464 1229 αὐτῶν
1515 1181 1748 1247 φωναῖς,

153 1267 228 1326 ἃς
256 1262 510 1333 εἰρήκασι
545 1263 686 1318 κατά
719 1264 982 1335 Χριστοῦ.
1010 1267 1422 1322 Διατετελέκασι
1452 1269 1562 1340 γὰρ
1590 1270 1750 1342 μέχρι

164 1353 363 1418 παντὸς
419 1355 581 1408 οἱονεὶ
627 1357 901 1426 χαλῶντες
926 1359 1012 1413 ἐπ’
1043 1359 1192 1430 αὐτῷ
1219 1361 1318 1430 τὴν
1350 1361 1622 1429 γλῶσσαν,
1659 1365 1753 1416 καὶ

153 1448 306 1512 ὅλοις
345 1447 535 1519 ὥσπερ
577 1448 770 1514 ἱστίοις
811 1451 912 1522 τῆς
957 1450 1182 1522 ἐνούσης
1211 1453 1560 1519 ἀνεξικακίας
1603 1454 1752 1525 αὐτῷ

164 1540 609 1611 ιιατατρέχοντες.
649 1542 715 1594 Τί
759 1541 869 1614 γάρ
897 1542 1009 1596 τῶν
1067 1545 1317 1598 ἐκτόπιον
1349 1547 1447 1617 οὐχ
1477 1546 1652 1602 ἁλοῖεν
1686 1547 1751 1600 ἂν

163 1632 550 1704 (ατειρηκότες
575 1631 742 1686 αὐτοῦ
770 1651 784 1699 ;
815 1633 1182 1707 Σαμαρείτην,
1207 1639 1302 1690 καὶ
1329 1639 1635 1708 οἰνοπότην,
1660 1639 1755 1691 καὶ

157 1725 225 1776 ἐκ
255 1721 510 1793 πορνείας
539 1724 937 1794 γεγεννημένον
967 1725 1252 1796 ὠνόμαζον
1284 1727 1467 1792 αὑτὸν,
1500 1729 1593 1782 καὶ
1637 1729 1755 1782 δαιο

158 1813 331 1882 μονᾷν
363 1811 599 1881 ἔφασκον
626 1812 718 1866 τὸν
743 1813 1082 1884 ἐπιτιμῶντα
1114 1816 1358 1886 δαίμοσι,
1383 1818 1480 1870 καὶ
1513 1819 1572 1871 ἐν
1593 1817 1752 1871 Βεελ-

1852 639 2025 678 εειηεη
2075 623 2438 676 adulterorum
2466 631 2514 676 et
2564 624 2875 679 meretricis.
2934 622 2999 677 In
3043 641 3145 693 quo
3192 625 3436 682 oblectati

1852 716 2026 770 estis?
2078 725 2128 769 et
2172 732 2330 785 super
2380 731 2532 785 quem
2581 717 2862 784 aperuistis
2898 732 2954 769 os
2986 719 3256 774 uestrum?
3306 729 3351 772 et
3382 722 3435 773 iu

1851 825 2000 878 quem
2054 807 2280 862 [amastis
2343 808 2580 878 linguam
2628 809 2890 862 vestram?
2941 807 3130 863 Nonne
3173 827 3259 864 eos
3311 812 3435 865 estis

1853 900 1953 970 ﬁlii
1977 901 2311 967 perditionis,
2343 917 2515 954 semen
2539 901 2814 971 iniquum?

1926 991 2095 1062 798
2135 991 2214 1045 Ex
2252 991 2449 1062 insigni
2485 991 2703 1060 pietatis
2746 991 2926 1048 studio
2960 990 3184 1047 insultat
3223 993 3436 1049 divinus

1852 1084 2120 1154 propheta
2170 1083 2224 1138 in
2263 1081 2584 1137 elfrenatam
2619 1081 2931 1137 Judzeorum
2964 1084 3342 1154 petulantiam,
3381 1096 3436 1141 et

1853 1175 2037 1247 impiis
2067 1174 2292 1230 vocibus
2321 1190 2457 1244 quas
2480 1182 2671 1229 contra
2695 1173 2968 1229 Christum
2999 1175 3252 1232 dixerunt
3280 1179 3435 1234 valde

1852 1266 2166 1323 olfenditur.
2226 1265 2454 1336 Semper
2505 1266 2649 1320 enim
2707 1265 2965 1324 laxabant
3008 1268 3156 1324 velut
3208 1271 3262 1324 in
3311 1286 3433 1326 eum

1855 1356 2117 1428 linguam,
2168 1363 2224 1411 et
2281 1355 2410 1410 totis
2455 1355 2608 1425 quasi
2662 1355 2798 1410 velis
2850 1356 3098 1412 inseetati
3150 1367 3275 1412 sunt
3319 1358 3437 1426 ejus

1855 1445 2194 1516 patientiam.
2250 1445 2391 1513 Quid
2433 1446 2577 1501 enim
2629 1445 2830 1501 ftedum
2877 1458 2932 1502 et
2984 1448 3348 1518 prodigiosum
3382 1454 3434 1506 in

1853 1553 1976 1592 eum
1993 1537 2309 1594 debacchati
2333 1553 2436 1592 non
2454 1538 2605 1592 sunt?
2621 1538 3046 1605 Samaritauum,
3065 1541 3172 1595 vini
3193 1552 3434 1611 potorem

1856 1640 1908 1684 et
1937 1645 2004 1685 ex
2047 1631 2377 1686 scortatioue
2413 1641 2595 1685 natum
2635 1647 2758 1686 eum
2789 1633 3057 1688 vocabant
3086 1651 3100 1689 :
3139 1645 3192 1690 et
3224 1637 3433 1690 daemo-

1857 1723 2073 1778 niacum
2120 1737 2244 1778 esse
2273 1723 2528 1778 dicebant
2573 1739 2697 1780 eum
2759 1725 2852 1796 qui
2883 1726 3201 1798 increpabat
3232 1729 3436 1786 daemo-

1858 1830 1991 1871 nas:
2048 1824 2104 1870 et
2153 1814 2205 1870 in
2263 1815 2553 1871 Beelzebul
2620 1819 2838 1886 operari
2907 1820 3082 1890 signa,
3153 1822 3246 1890 qui
3304 1837 3437 1877 cono

155 1903 354 1969 ζεϐοὺλ
367 1903 696 1975 ἐργάζεσθαι
711 1904 810 1970 τὰς
828 1905 992 1978 θεοση
999 1907 1150 1978 μίας,
1165 1908 1258 1960 τὸν
1287 1909 1642 1981 συντρίὸοντα
1657 1910 1748 1964 τὸν

1862 1907 2003 1962 trivit
2064 1905 2394 1963 Beelzebul.‘
2432 1908 2562 1962 Dein
2602 1910 2668 1962 ad
2751 1920 3058 1964 extremum
3109 1911 3281 1966 Pilato
3341 1914 3440 1968 ad-

164 1995 508 2060 ϐεελζεόούλ.
543 1991 676 2050 Εἶτα
701 1996 1066 2062 τελευτῶντες
1091 2000 1310 2071 Πιλάτῳ
1337 2001 1636 2072 προσῆγον,
1655 2003 1753 2056 καὶ

164 2087 532 2158 κατηγόρευον
583 2087 770 2156 αὑτοῦ,
799 2090 910 2144 τῶν
949 2091 1049 2160 μὲν
1098 2092 1313 2164 ἀληθῶν
1361 2093 1532 2159 οὐδὲν,
1563 2094 1756 2165 ψευδο-

161 2177 378 2242 επείαις
412 2179 469 2232 δὲ
511 2179 710 2251 μᾶλλον
745 2181 841 2234 καὶ
869 2183 1256 2252 συκοφαντίαις
1284 2183 1755 2256 χρὼμενοι.”Εφα-

154 2287 296 2326 σκον
318 2270 534 2343 γάρ,ὄτι
566 2267 734 2336 Οὗτος
753 2273 999 2328 ἀνασείει
1032 2275 1157 2339 τοὺς
1185 2275 1394 2346 ὄχλους,
1429 2279 1523 2330 καὶ
1555 2277 1754 2331 κωλύει

153 2363 360 2434 φόρους
387 2363 583 2417 διδόναι
627 2365 907 2435 Καίσαριι
962 2365 1127 2438 ἕτερα
1164 2367 1221 2420 δὲ
1270 2368 1408 2439 πρὸς
1456 2369 1685 2434 τούτοις,
1717 2370 1754 2424 ἃ

162 2456 264 2524 τῆς
290 2457 469 2510 αὐτῶν
489 2457 732 2527 κεφαλῆς
752 2458 851 2529 τὴν
876 2459 1141 2514 ἄσϐεστον
1166 2462 1529 2534 καταντλήσει
1557 2464 1750 2533 φλόγα.

168 2549 300 2602 Ἐπὶ
323 2549 533 2612 τούτοις
548 2550 743 2613 αὐτοὺς
775 2551 869 2604 καὶ
899 2552 1059 2616 αὐτὸς
1087 2554 1325 2626 δΣωτὴρ
1347 2557 1552 2627 ᾐτιᾶτο,
1582 2557 1756 2630 λέγων

153 2641 250 2697 διὰ
275 2643 457 2714 φωνῆς
496 2643 673 2714 Ὦσηέο
704 2661 723 2694 ι
756 2645 896 2697 occa
930 2645 1134 2712 αὐτοῖς,
1156 2647 1238 2700 ὅτι
1267 2647 1630 2718 ἀπεπήδησαν
1659 2650 1754 2702 ἀπ’

157 2733 296 2803 ἐμοῦ
321 2750 335 2764 ο
365 2733 588 2792 δείλαιοι
616 2735 778 2800 εἰσιν,
803 2737 886 2790 ὅτι
928 2738 1211 2809 ὴσέὁησαν
1252 2740 1331 2803 είς
1360 2740 1482 2810 ἐμέ.
1523 2739 1664 2809 Ἐγὼ
1698 2739 1754 2793 δὲ

153 2825 556 2898 ἐλυτρωσάμην
607 2830 806 2893 αὐτοὺς
827 2869 842 2893 ,
892 2831 1049 2884 αὐτοὶ
1078 2832 1137 2886 δὲ
1193 2832 1574 2903 κατελάλησαν
1633 2835 1754 2888 κατ’

156 2917 297 2990 ἐμοῦ
355 2919 546 2992 ψευδῆ.
576 2939 596 2973 ι
643 2922 753 2974 Καὶ
807 2921 899 2976 ate
944 2939 1010 2991 γε
1079 2925 1182 2995 τῆς
1232 2924 1498 2997 Ἰερεμίου
1552 2927 1755 2998 φωνῆς·

162 3031 185 3063 ε
229 3011 694 3080 Ἑγκαταλέλοιπα
723 3013 814 3067 τὸν
843 3009 993 3069 οἶκόν
1025 3033 1150 3087 μου,
1193 3017 1384 3089 ἀφῆκα
1413 3017 1514 3090 τὴν
1547 3018 1748 3091 κληροο

154 3105 357 3177 νομίαν
405 3123 530 3177 μου,
577 3107 755 3162 ἔδωκα
789 3107 889 3180 τὴν
931 3109 1306 3181 ἠγαπημένην
1333 3109 1516 3182 ψυχήν
1548 3098 1650 3181 μου
1679 3113 1759 3174 είς

1853 1999 2077 2055 ductum
2110 2001 2465 2064 accusabant,
2491 2000 2623 2054 nihil
2655 2002 2765 2055 veri
2799 2000 3116 2068 all'erentes,
3150 2004 3244 2059 sed
3281 2021 3436 2060 men-

1855 2091 2025 2146 daciis
2076 2090 2157 2145 usi
2199 2098 2255 2146 et
2297 2090 2691 2162 sycophantiis.
2765 2091 3025 2146 Dicebant
3075 2095 3221 2148 enim
3267 2114 3280 2149 :
3328 2093 3440 2152 Iste

1858 2185 2070 2238 turbam
2117 2183 2374 2250 concitat,
2421 2191 2569 2238 vetat
2615 2183 2747 2237 dare
2797 2183 2995 2238 tributa
3040 2183 3264 2251 Caesari,
3304 2189 3440 2244 alia-

1854 2289 1961 2345 que
2017 2286 2279 2345 prmterea
2333 2290 2453 2347 qua:
2518 2275 2573 2330 in
2643 2277 2882 2344 ipsorum
2945 2286 3110 2347 caput
3169 2280 3437 2337 inexstin-

1856 2377 1998 2422 ctam
2031 2365 2319 2426 flammanti
2344 2367 2652 2422 devolvent.
2693 2367 2767 2422 De
2795 2369 2996 2437 quibus
3023 2373 3305 2428 accusavit
3335 2390 3433 2431 eos

1857 2458 2140 2525 Servatur,
2176 2475 2308 2516 voce
2330 2459 2484 2514 Oseze
2513 2459 2702 2515 dicens
2727 2476 2742 2514 :
2776 2460 2899 2515 «Vae
2923 2461 3046 2527 illis,
3071 2463 3197 2532 quia
3229 2465 3440 2523 resilie-

1859 2563 1982 2607 runt
2031 2567 2060 2606 a
2109 2567 2236 2620 me;
2270 2550 2456 2606 miseri
2489 2561 2636 2620 smn,
2668 2551 2794 2621 quia
2839 2552 2988 2622 impii
3019 2555 3352 2611 exstiterunt
3383 2557 3438 2614 in

1858 2657 1965 2698 me.
2002 2642 2114 2711 Ego
2141 2643 2341 2698 redemi
2377 2657 2496 2708 eos,
2526 2642 2604 2698 illi
2633 2657 2762 2699 vero
2804 2643 3044 2700 oblocuti
3091 2656 3219 2702 sunt
3249 2658 3438 2704 contra

1860 2749 1947 2788 me
2005 2732 2292 2789 mendacia
2319 2734 2388 2789 ⁹¹.
2423 2753 2442 2787 ι
2501 2735 2571 2790 Et
2609 2749 2745 2790 voce
2784 2734 3036 2792 Ieremia:
3066 2755 3081 2793 :
3115 2757 3133 2791 ι
3166 2739 3438 2812 Dereliqui

1859 2825 2079 2880 domum
2133 2839 2332 2892 meam,
2385 2826 2570 2882 dimisi
2626 2827 3001 2884 haereditatem
3054 2847 3261 2897 meam,
3318 2833 3440 2890 dedi

1859 2916 2112 2972 dilectam
2177 2919 2417 2973 animam
2475 2933 2650 2974 meam
2700 2919 2752 2973 in
2815 2934 3034 2976 manum
3097 2922 3442 2980 inimicorum

1860 3007 2048 3074 ipsius.
2106 3009 2275 3066 Facta
2307 3020 2388 3065 est
2430 3010 2722 3068 haereditas
2768 3025 2888 3066 mea
2939 3013 3094 3078 mihi,
3137 3030 3234 3070 ceu
3271 3015 3354 3071 leo
3389 3017 3443 3071 in

1859 3097 2018 3154 silva.
2082 3101 2270 3156 Edidit
2319 3109 2515 3156 contra
2562 3116 2651 3156 me
2699 3115 2886 3157 vocem
2918 3119 3071 3158 suam
3107 3123 3120 3158 :
3155 3117 3444 3178 propterea

158 3198 352 3269 χεῖρας
388 3197 597 3270 ἐχθρῶν
645 3199 836 3272 αὐτῆς.
887 3199 1154 3274 Ἐγενήθη
1193 3202 1226 3274 ή
1261 3201 1600 3275 κληρονομία
1656 3220 1756 3276 μου

1863 3192 1955 3248 odi
1984 3207 2104 3246 eam
2136 3194 2204 3247 θ’.
2236 3212 2255 3246 ι
2289 3192 2426 3250 Nam
2467 3203 2669 3263 praeter
2709 3193 2843 3250 alias
2869 3199 3276 3271 sycophantias;
3306 3219 3445 3275 (ιυειε

159 3288 307 3358 ἐμοὶ,
338 3287 413 3351 ὡς
444 3289 580 3342 λέων
605 3291 664 3344 ὲν
706 3290 932 3363 δρυμῷο
962 3292 1163 3349 ἔδωκεν
1196 3295 1282 3349 ἐπ’
1314 3296 1415 3367 ἐμὲ
1445 3296 1544 3368 τὴν
1575 3299 1758 3370 φωνὴν

1866 3286 1919 3340 iu
1955 3285 2105 3340 illum
2154 3287 2554 3358 exc0gitarunt,
2589 3302 2966 3360 saepenumero
3017 3295 3339 3352 accedentes
3377 3301 3447 3356 ad

159 3376 371 3444 αὐτῆς,
415 3378 504 3432 διὰ
551 3378 709 3434 τοῦτο
742 3381 980 3452 ἐμίσησα
1029 3385 1221 3454 αὐτήν.
1253 3404 1271 3438 ι
1308 3385 1452 3462 Πρὸς
1490 3388 1600 3458 γὰρ
1641 3392 1763 3452 ταῖς

158 3470 383 3542 ἑτέραις
425 3473 849 3542 συκοφαντίαις,
896 3469 986 3539 αἷς
1030 3479 1357 3552 πεποίηνται
1403 3480 1524 3534 κατ’
1572 3481 1760 3544 αὐτοῦ,

158 3562 492 3634 πλεισταχοῦ
533 3564 938 3636 τετολμήκασιν
970 3569 1146 3621 εἰπεῖν
1191 3570 1412 3642 Πιλάτῳ
1459 3573 1764 3644 προσάγον-

159 3671 275 3718 τεςο
313 3672 331 3705 ι
361 3651 513 3726 Αἶρε,
546 3652 690 3727 αἶρε,
722 3657 956 3730 σταύρου
988 3660 1172 3716 αὐτόν.
1207 3681 1224 3712 ι
1261 3663 1564 3733 Δεδράκασι
1601 3663 1765 3718 τοῦτο

161 3746 406 3817 μάλιστα
430 3747 537 3800 τῶν
567 3748 741 3803 ἀλλων
768 3750 868 3821 τῆς
905 3753 1173 3806 Ἰουδαίων
1202 3754 1534 3826 Συναγωγῆς
1558 3756 1606 3808 οἱ
1637 3773 1767 3827 προ-

161 3838 476 3907 εστηκότες.
501 3840 695 3893 Καίτοι
710 3841 1052 3913 γάρζείδότες,
1069 3845 1150 3897 ὅτι
1168 3846 1329 3910 αὑτός
1352 3849 1498 3900 ἐστιν
1517 3849 1546 3900 ὁ
1569 3847 1768 3918 κληρο-

164 3931 354 4003 νόμος,
374 3927 527 3986 εἶπον
549 3933 606 3984 ὲν
630 3933 859 3998 ἑαυτοτςο
893 3937 1107 4002 «Δεῦτε,
1143 3939 1550 4010 ἀποκτείνωμεν
1578 3940 1763 4003 αὑτὸν,

161 4025 261 4079 καὶ
293 4023 510 4095 σχῶμεν
548 4024 736 4090 αὐτοῖς
773 4026 873 4099 τὴν
921 4028 1289 4101 κληρονομίαν
1327 4031 1513 4086 αὐτοῦ.
1565 4051 1582 4084 ι
1622 4022 1763 4086 Ἀλλ’

162 4117 485 4189 ἡμάρτανον
514 4118 615 4187 τῆς
646 4117 882 4182 ἐλπίδος.
916 4119 1274 4174 ’Δπεκτόνασι
1321 4121 1420 4192 μὲν
1456 4121 1587 4193 γὰρ,
1622 4121 1762 4193 πλὴν

161 4210 230 4264 οὐ
268 4209 547 4280 μεμένηκε
595 4209 672 4279 τῷ
703 4210 921 4282 θανάτῳ
958 4213 1220 4286 κάτοχοςο
1265 4213 1465 4266 ἀνεϐίω
1508 4214 1636 4284 γὰρ,
1671 4215 1764 4268 καὶ

162 4301 260 4355 τὸν
299 4302 600 4372 ἀμπελῶνα
636 4301 839 4356 δέδωκε
874 4307 1143 4376 γεωργοῖς
1169 4303 1398 4376 ἑτέροις,
1432 4306 1635 4367 κακοὺς
1665 4321 1766 4358 κα-

163 4391 281 4456 κῶς
313 4392 587 4457 ἀπολέσας
629 4394 756 4457 τοὺς
784 4393 1108 4465 ἀγνώμονας
1136 4396 1231 4450 καὶ
1259 4395 1673 4466 κυριοκτόνους.
1693 4391 1766 4448 Ὦ

164 4484 357 4538 τοίνυν
392 4485 524 4550 υίοὶ,
583 4483 770 4555 φησιν,
820 4485 1010 4556 ἄνομοι
1033 4526 1047 4550 ,
1071 4480 1117 4540 ὧ
1152 4487 1373 4559 σπέρμα
1420 4487 1624 4559 μοιχῶν
1669 4487 1765 4541 καὶ

164 4576 403 4648 πόρνης.
444 4577 556 4630 Καὶ
591 4577 814 4647 μοιχοὺς
857 4578 954 4648 μὲν
983 4579 1042 4630 ὲν
1073 4577 1280 4641 τούτοις
1307 4578 1572 4631 ἀποκαλεῖ
1628 4579 1756 4641 τοὺς

164 4665 532 4738 καθηγεῖσθαι
580 4665 845 4737 λαχόντας
893 4668 1249 4739 Γραμματεϊς
1301 4685 1360 4721 τε
1411 4669 1504 4722 καὶ
1551 4669 1765 4739 νομοδιο

161 4753 496 4817 δασκάλους,
523 4757 576 4806 οῖ
623 4755 906 4826 μονονουχὶ
943 4772 1349 4826 κατεμοιχωντο
1387 4755 1485 4828 τὴν
1515 4757 1767 4826 Συναγωο

165 4848 302 4921 γὴν,
346 4848 440 4902 καὶ
483 4849 553 4902 τὰ
599 4850 664 4902 ἐκ
717 4850 885 4921 νόμου
931 4850 1027 4904 τοῦ
1063 4850 1210 4904 θείου
1261 4849 1552 4916 λαλοῦντες
1603 4852 1764 4923 αὐτῇ.

166 4939 631 5010 Παρατρέπονται
672 4940 730 4995 δὲ
762 4942 959 5013 μᾶλλον
989 4943 1073 5011 ἐφ’
1097 4942 1134 4998 ἀ
1169 4942 1244 5015 μὴ
1272 4941 1459 5015 θέμις,
1491 4945 1586 4997 καὶ
1624 4942 1769 4997 διδά-

167 5049 402 5097 σκοντες
430 5033 780 5088 διδασκαλίαν
805 5034 1116 5104 ἐντάλματα
1144 5032 1466 5105 ἀνθρώπων.
1497 5034 1678 5106 Πόρνη
1709 5034 1765 5088 δὲ

169 5125 407 5189 εἰκότως
435 5128 468 5196 ἡ
500 5125 612 5180 τῶν
645 5125 913 5181 Ἰουδαίων
941 5126 1264 5199 Συναγωγή,
1302 5125 1370 5180 τά
1417 5126 1528 5180 τῶν
1560 5143 1765 5197 μοιχω-

173 5218 359 5290 μενων
388 5218 658 5291 δεχομένη
708 5221 1037 5291 σπέρματα,
1085 5221 1180 5274 καὶ
1221 5219 1314 5273 τὸν
1352 5218 1445 5274 τοῦ
1488 5219 1765 5286 πανσόφου

173 5307 425 5371 Μωσέως
468 5307 737 5364 ἀθετοῦσα
763 5311 949 5382 νόμον.
976 5311 1246 5384 Ταύτῃτοι
1302 5311 1396 5364 καὶ
1439 5311 1583 5381 μάλα
1629 5310 1769 5364 είκό⁴

168 5416 287 5462 τως
332 5401 482 5464 υἱοὺς
520 5400 718 5466 αὐτοὺς
753 5401 1020 5455 ἀποκαλεῖ
1044 5401 1302 5473 ἀνόμους.
1343 5401 1544 5455 Εἴπατε
1583 5400 1647 5472 δὴ
1675 5396 1770 5458 οὖν

169 5493 237 5543 ὲν
274 5489 404 5555 τίνι,
437 5493 623 5564 φησὶν,
657 5494 1082 5564 ἑνετρυφήσατε,
1116 5494 1212 5546 καὶ
1245 5494 1336 5547 ἐπὶ
1366 5493 1488 5546 τίνα
1522 5493 1768 5562 ἠνοίξατε

167 5581 240 5635 τὸ
265 5582 443 5653 στόμα
469 5583 646 5654 ὑμῶν,
674 5586 767 5640 καὶ
797 5585 888 5638 ἐπὶ
913 5586 1035 5638 τίνα
1066 5585 1366 5663 ὲχαλάσατε
1391 5585 1489 5658 τὴν
1520 5585 1770 5654 γλῶσσαν

1864 3375 2100 3432 Pilatum
2131 3379 2406 3436 audebant
2436 3378 2620 3436 dicere
2652 3402 2664 3436 :
2702 3398 2722 3432 ι
2742 3377 2912 3447 Tolle,
2943 3383 3086 3449 tolle,
3118 3391 3263 3443 cruci
3295 3391 3448 3464 alilgo

1865 3486 1989 3526 eum
2017 3472 2083 3526 ”.
2111 3491 2130 3525 ι
2187 3471 2304 3530 Hoc
2351 3473 2515 3528 etiam
2575 3477 2813 3532 maxime
2843 3473 2970 3548 {prae
3032 3481 3154 3536 aliis
3201 3482 3450 3542 fecerunt

1865 3563 2105 3622 .Iudaicaa
2153 3565 2452 3638 Synagogae
2479 3583 2755 3638 proceres.
2783 3571 3041 3640 Quamvis
3074 3577 3216 3630 enim
3249 3578 3452 3637 scirent

1868 3671 1992 3711 cum
2033 3658 2302 3714 heredem
2359 3676 2504 3727 esse,
2558 3662 2815 3718 dixerunt
2873 3675 3049 3721 tamen
3098 3668 3239 3738 apud
3290 3683 3446 3728 sese:

1876 3766 1894 3800 ι
1921 3746 2136 3814 Venite,
2168 3751 2482 3807 occidamus
2509 3767 2656 3818 eum,
2703 3763 2758 3809 et
2802 3761 3313 3826 occuperuusnobis
3341 3762 3450 3815 ha:-

1871 3841 2157 3894 reditatem
2205 3839 2322 3909 ejus
2351 3842 2467 3908 ἰςι
2530 3844 2624 3898 sed
2691 3860 2788 3916 spe
2842 3862 2938 3900 sua
2993 3847 3239 3904 frustrati
3302 3862 3448 3908 sunt.

1869 3929 2201 3986 Occiderunt
2227 3932 2398 3997 enim,
2431 3933 2526 3988 sed
2563 3949 2668 3989 non
2715 3936 2913 3990 mansit
2957 3937 3205 3994 detentus
3253 3951 3447 4008 morte,

1870 4029 1927 4074 at
1962 4019 2179 4085 revixit,
2215 4020 2452 4095 aliisque
2516 4022 2771 4094 agricolis
2814 4024 2966 4080 dedit
3020 4027 3254 4096 vineam,
3311 4033 3452 4091 male

1869 4113 2040 4169 malos
2087 4113 2346 4186 perdens,
2395 4125 2638 4171 amentes
2670 4126 2724 4170 et
2756 4115 3138 4177 dominicidas.
3186 4121 3231 4178 Ο
3261 4123 3448 4194 igitur,

1868 4206 2069 4278 iuq’uit,
2101 4205 2198 4261 lilii
2235 4207 2427 4276 iniqui,
2467 4222 2499 4262 ο
2535 4222 2721 4263 semen
2761 4208 3131 4266 adulteromm
3175 4224 3231 4269 et
3271 4230 3441 4271 mere.

1871 4297 2058 4352 tricis!
2120 4297 2415 4354 Adulteros
2475 4299 2566 4354 hic
2617 4300 2858 4370 appellat
2911 4301 3004 4371 qui
3061 4305 3450 4382 prassidebant,

1869 4389 2094 4445 Scribas
2120 4400 2174 4445 et
2203 4390 2340 4460 legis
2371 4391 2622 4447 doctores
2654 4411 2667 4447 :
2702 4393 2795 4462 qui
2842 4403 3050 4449 tantum
3093 4411 3198 4450 non
3243 4398 3455 4454 adulte-

1874 4481 2069 4536 rabant
2098 4480 2461 4554 Syuagogam,
2497 4493 2554 4538 et
2584 4484 2631 4538 ei
2661 4483 2791 4554 legis
2833 4495 3101 4555 praecepta
3148 4489 3451 4558 loquentes,

1793 4611 1838 4667 Β
1871 4576 1965 4628 sed
2007 4579 2074 4628 ad
2127 4589 2250 4645 quae
2283 4573 2366 4629 fas
2395 4589 2500 4628 non
2529 4583 2646 4630 erat
2671 4576 3077 4644 detorquentes,
3109 4587 3162 4632 et
3195 4580 3455 4638 docentes

1872 4665 2150 4722 doctrinas
2181 4667 2440 4720 mandata
2479 4665 2784 4724 hominum.
2816 4667 3073 4723 Meretrix
3114 4679 3291 4725 autem
3339 4687 3454 4727 me-

1872 4757 1976 4811 rito
2004 4767 2125 4812 erat
2174 4756 2484 4812 Judteorum
2527 4757 2834 4831 Syuagoga,
2861 4768 2920 4813 ut
2948 4773 3067 4828 qua:
3100 4761 3266 4832 799
3299 4764 3456 4819 adul-

1873 4857 2112 4905 terorum
2158 4851 2367 4905 semina
2427 4851 2716 4920 reciperet,
2763 4862 2817 4908 et
2862 4856 3252 4924 sapientissimi
3293 4857 3456 4916 Mosis

1874 4939 2045 5010 legem
2103 4942 2436 5012 repudiaret.
2493 4940 2630 4998 Hine
2672 4958 2768 4998 eos
2819 4947 3172 5002 meritissimo
3223 4951 3460 5019 appellat

1875 5031 2013 5088 filios
2063 5035 2384 5108 iniquitatis.
2445 5035 2616 5092 Dicite
2650 5051 2802 5108 ergo,
2873 5039 3068 5107 inquit,
3126 5041 3179 5094 in
3214 5057 3320 5110 quo
3373 5043 3459 5096 in-

1874 5125 2121 5182 sultastis
2146 5169 2161 5192 ,
2200 5137 2254 5182 et
2305 5139 2495 5184 contra
2547 5144 2707 5199 quem
2759 5131 3054 5200 aperuistis
3084 5146 3146 5187 os
3181 5144 3455 5196 vestrum,

1871 5227 1927 5272 et
1972 5220 2024 5272 in
2061 5232 2226 5288 quem
2273 5221 2498 5276 laxastis
2552 5220 2789 5292 linguam
2845 5222 3123 5276 vestram?
3157 5225 3332 5295 Smpe,
3372 5226 3456 5280 in-

1877 5310 2020 5379 quit,
2064 5310 2298 5365 ludihrio
2358 5313 2622 5366 habuistis
2671 5324 2894 5369 sanctos
2936 5317 3270 5385 prophetas:
3305 5319 3455 5386 atqui

1878 5413 2036 5456 erant
2063 5402 2139 5456 illi
2171 5404 2415 5474 germani
2453 5403 2543 5458 Dei
2578 5405 2773 5459 summi
2811 5405 2924 5472 lilii,
2973 5422 3158 5461 verum
3187 5417 3240 5461 et
3269 5407 3457 5462 famuli

1879 5503 1934 5549 et
1969 5495 2193 5561 subditi,
2224 5506 2279 5550 et
2307 5497 2555 5550 humana:
2581 5498 2906 5553 conditionis
2934 5517 2948 5551 :
2985 5513 3048 5552 ac
3080 5501 3132 5553 in
3165 5513 3458 5555 conservos

1881 5588 1947 5642 ab
1975 5589 2104 5658 ipsis
2132 5599 2342 5659 patrata
2377 5601 2502 5643 sunt
2535 5590 2796 5646 facinora.
2833 5593 2983 5646 Nunc
3014 5602 3192 5652 autem
3220 5593 3272 5646 in
3299 5607 3459 5667 quem

251 5827 296 5862 ⁹⁹
330 5826 490 5892 Osee,
527 5844 621 5892 vlt,
656 5829 741 5882 t5.
815 5830 861 5860 "
887 5827 1002 5885 Jer.
1039 5845 1136 5896 xtl,
1168 5832 1222 5897 7,
1254 5831 1306 5887 8.
1385 5832 1429 5863 ”
1459 5831 1616 5887 Joau.
1655 5849 1766 5895 tux,
1795 5831 1882 5888 15.
1925 5833 1970 5862 ”
2006 5831 2194 5888 Matth.
2230 5849 2338 5898 xxi,
2381 5835 2466 5888 38.

513 5945 786 6008 Ριτιιοι..
826 5946 944 6008 Gn.
998 5946 1191 6011 LXX.

3100 5948 3176 6008 40
