4106 6590
641 381 786 441 ’1259
1646 384 1725 440 ‘S.
1766 382 2040 438 Οιίιιιιιι
2083 381 2214 436 Ml}

2319 380 2556 441 NDRINI
2594 342 2953 444 Αιιοιιιειῖ
3794 380 3919 437 ιω

649 504 881 575 linguam
937 501 1248 571 laxavistis?
1302 500 1452 573 ilNou
1505 502 1647 557 enim
1704 503 1980 573 prophetis
2026 502 2214 559 similis

2327 504 2499 574 ὑμῶν.
2552 506 2761 571 Πολλὰς
2800 504 3118 568 πλειστάκις
3166 500 3522 571 ἐποιήσασθε,
3573 496 3742 570 φησὶ,
3772 496 3923 552 λιαδο-

649 597 766 662 luit,
803 605 999 651 nostrae
1028 596 1356 653 conditionis
1388 594 1645 661 famulus,
1683 596 1813 669 jugo
1845 597 2094 652 subditus
2122 612 2136 651 :
2166 607 2214 650 at

2326 598 2447 667 ρίας
2481 598 2623 653 κατὰ
2664 599 2960 672 προφητῶν
2979 596 3181 666 -ἀγίων,
3213 594 3327 650 ἀλλ’
3355 590 3498 665 ἦσαν
3533 594 3773 656 ἐκεῖνοι,
3806 608 3920 661 ru;-

647 690 759 759 ipse
793 689 1061 746 Dominus
1110 687 1512 756 universorum,
1567 690 1664 744 etsi
1724 689 1941 759 quidem
1992 688 2214 745 formam

2326 706 2430 742 σιοι
2476 689 2577 761 μὲν
2614 692 2693 762 τῷ
2742 690 2835 749 ἐπὶ
2898 690 3117 744 πάντων
3154 686 3294 758 Θεῷ,
3346 686 3489 757 πλὴν
3524 684 3793 748 οἰκέται,
3838 692 3916 737 za’:

644 781 893 837 servilem
933 781 1186 837 induerit.
1235 780 1357 835 Filii
1400 784 1604 851 itaque,
1654 780 1849 850 inquit,
1882 781 2017 836 estis
2042 781 2107 834 ad
2142 782 2225 834 in-

644 874 862 927 teritum
894 873 1157 929 destinati
1211 872 1339 946 (l).]
1372 873 1650 928 Nec~euim
1706 872 1951 929 voluistis
1982 872 2224 941 recipere

640 962 1014 1031 Servatorem;
1061 974 1117 1021 et
1161 981 1347 1022 semen
1406 966 1646 1037 iniquum
1683 967 1816 1020 estis
1858 983 1871 1019 :
1929 980 2036 1020 non
2077 966 2219 1019 enim

642 1053 838 1111 tulistis
870 1070 1043 1122 eum,
1090 1056 1182 1127 qui
1235 1071 1333 1128 per
1380 1058 1690 1127 evangelica
1748 1056 1965 1125 oracula
2012 1072 2105 1111 vos
2157 1056 2222 1110 ad

639 1144 896 1214 pietatem
928 1144 1183 1202 instituit.

620 1393 628 1401 _
709 1335 877 1390 Vsus.
914 1334 971 1403 5,
999 1337 1052 1391 7.
1091 1334 1196 1402 Qui
1236 1337 1437 1393 vocatis
1478 1337 1548 1392 ad
1601 1337 1746 1393 idola
1796 1338 1974 1393 subter
2006 1338 2219 1396 arbores

644 1429 939 1495 ’romlosas,
995 1428 1327 1488 immolantes
1370 1428 1517 1497 ﬁlias
1545 1440 1744 1486 vestros
1791 1431 1845 1484 in
1877 1431 2101 1485 uallibus
2128 1448 2221 1498 per

638 1521 867 1574 medium
896 1529 1192 1589 petrarum.
1242 1520 1369 1585 Hcce
1414 1538 1538 1591 pars
1575 1532 1688 1587 tua,
1728 1523 1838 1579 [nec
1865 1540 1982 1580 sors
2014 1534 2127 1590 tua,
2168 1533 2217 1578 et

636 1613 742 1667 illis
767 1613 1003 1683 e/I‘udisli
1034 1612 1311 1682 libamina,
1337 1625 1382 1669 et
1414 1614 1522 1671 illis
1549 1616 1785 1671 obtulisti
1823 1617 2048 1672 hostias.
2083 1616 2218 1671 Pro-

633 1716 747 1775 pter
774 1707 886 1760 lucc
914 1721 1035 1775 ergo
1067 1721 1169 1759 non
1194 1705 1447 1771 irascar?
1466 1704 1535 1761 In
1574 1719 1744 1762 monte
1772 1711 1975 1764 excelso
2004 1720 2051 1764 et
2079 1726 2216 1780 prm-

635 1798 745 1851 alto
769 1807 844 1852 est
872 1797 1037 1851 cubile
1063 1804 1235 1861 tuum,
1267 1806 1317 1851 et
1348 1796 1480 1852 illuc
1513 1800 1791 1854 ascendere
1821 1800 1991 1867 fecisti
2017 1801 2214 1856 hostias

2325 779 2752 849 ὑπεζευγμένοι,
2799 780 2896 836 καὶ⁸
2952 780 3151 851 μέτρον
3190 779 3406 849 Exuvias;
3441 778 3506 830 τὸ
3550 774 3891 847 ἀνθρώπινοι

2323 871 2419 923 καὶ
2446 871 2526 934 είς
2554 871 2873 942 ὁμοδούλους
2898 868 2967 941 ἦν
2988 870 3059 925 τὰ
3083 871 3209 941 παρ’
3232 870 3411 923 αὐτῶν
3440 866 3891 937 πλημμελήματα

2323 964 2459 1018 Νυνὶ
2502 963 2558 1017 δὲ
2590 965 2683 1017 ἐπὶ
2713 964 2838 1017 τίνα
2881 964 2978 1033 τὴν
3012 962 3266 1031 γλῶσσαν
3310 961 3667 1031 ὲχαλάσατες
3707 960 3787 1011 0-3
3826 962 3886 1023 τά

2322 1055 2622 1127 ἠθελήσατε
2654 1055 2835 1109 λαϐεῖν
2864 1055 2957 1108 τὸν
2989 1054 3228 1120 σώζοντα
3250 1069 3266 1083 ⁸
3296 1054 3389 1106 καὶ
3426 1052 3664 1122 σπέρμα
3707 1051 3893 1117 ἄνομον.

2321 1149 2383 1202 οὐ
2415 1153 2524 1219 γὰρ
2554 1147 2817 1218 ὴνέχεσθε
2848 1147 2941 1200 τοῦ
2971 1145 3476 1219 καταρυθμίζοντος
3498 1146 3605 1206 -είς
3641 1142 3913 1197 εὐσέϐεια-

2319 1240 2407 1296 διὰ
2435 1239 2822 1312 θεσπισμάτων
2848 1237 3247 1309 εύαγγελικῶν.

2395 1334 2461 1388 Ol
2496 1330 2989 1404 παρακαλοῦντες
3014 1330 3114 1385 ἐπὶ
3158 1330 3233 1387 τὰ
3266 1330 3490 1385 sidat/la
3534 1329 3667 1386 ὑπὸ
3709 1327 3909 1395 eam

2320 1424 2531 1490 δασέα,
2575 1423 2905 1494 σφάζοντες
2954 1424 3027 1481 τὰ
3070 1422 3253 1478 τέκνα
3281 1421 3485 1477 αὐτῶν
3512 1422 3591 1475 ἐν
3632 1421 3776 1486 ταῖς
3816 1421 3905 1488 5:6-

2304 1516 2534 1593 ‘parftr
2589 1515 2706 1572 ἀνὰ
2748 1514 2943 1586 μέσον
2972 1515 3095 1569 τῶν
3134 1513 3393 1583 πετρῶν.
3437 1513 3682 1579 Ἐκείνη
3732 1514 3907 1577 omni

2312 1609 2509 1680 μερίς,
2539 1604 2718 1676 οὗτός
2769 1625 2886 1663 σου
2925 1610 2958 1663 ό
3007 1601 3259 1677 κλῆρος,
3297 1602 3618 1671 κᾶκείνοις
3677 1604 3911 1671 ἐξέχεας

2319 1701 2625 1770 σπονδὰς,
2690 1701 2996 1769 κάκείνοις
3067 1701 3414 1771 ἀνήνεγκας
3486 1698 3744 1763 θυσίας.
3799 1697 3907 1748 Ἐπὶ

2317 1794 2553 1861 τούτοις
2584 1788 2698 1849 οὖν
2736 1793 2850 1848 οὐκ
2897 1792 3373 1863 ὀργισθήσομαις
3410 1791 3537 1845 Ἐπ’
3585 1790 3737 1858 ὅρος
3768 1790 3909 1856 ὑψο-

633 1901 773 1965 tuas,
821 1898 869 1945 et
922 1898 1039 1961 post
1094 1899 1267 1959 postes
1322 1890 1447 1944 ostii
1502 1891 1582 1951 tui
1630 1864 1851 1959 posuisti
1909 1893 2211 1959 memoriam

2317 1886 2432 1942 λὸν
2468 1885 2568 1940 καὶ
2607 1884 2928 1956 μετέωρον,
2978 1885 3109 1941 ἐκεῖ
3138 1899 3259 1941 σου
3309 1886 3348 1953 ἡ
3387 1886 3588 1953 κοίτη,
3654 1882 3760 1939 καὶ
3803 1882 3911 1935 ἐκεῖ

634 1988 800 2035 tuam.

710 2155 1080 2213 Dominicidas
1131 2164 1418 2226 postquam
1452 2170 1546 2211 eos
1572 2169 1695 2211 esse
1736 2154 2000 2223 ostendit,
2049 2156 2212 2212 alium

634 2251 884 2305 morbum
932 2246 1217 2319 patefacit,
1255 2247 1397 2319 quod
1427 2248 1537 2315 sint
1561 2262 1751 2315 osores
1788 2247 1907 2315 Dei,
1938 2257 1993 2304 et
2015 2250 2080 2305 ad
2106 2264 2212 2304 ca:-

633 2342 757 2396 dem
786 2339 1088 2396 faciendam
1118 2339 1446 2410 prmcipites,
1504 2352 1604 2396 nec
1654 2339 1708 2395 id
1753 2353 1954 2395 novqu
1989 2348 2081 2394 aut
2118 2357 2217 2394 nu-

643 2450 834 2506 perum
866 2434 919 2489 in
946 2432 1054 2490 illis
1085 2434 1180 2499 sit,
1216 2431 1310 2490 sed
1350 2432 1679 2503 jampridem
1724 2448 1789 2489 ac
1836 2433 2019 2490 multis
2067 2444 2214 2490 retro

633 2524 845 2579 saeculis
877 2524 957 2577 eis
987 2522 1287 2578 inoleverit.
1316 2520 1446 2591 Vos:
1464 2521 1609 2577 enim
1664 2522 1818 2588 estis,
1849 2522 2064 2593 linquit,
2122 2522 2211 2591 qui

632 2617 1008 2687 superioribus
1049 2613 1385 2686 temporibus
1431 2613 1762 2685 implorastis
1804 2613 1946 2670 idola
1988 2614 2089 2669 sub
2122 2630 2213 2669 ar-

632 2709 859 2763 boribus
892 2706 1188 2763 frondosis.
1224 2706 1335 2763 Etsi
1377 2707 1520 2765 enim
1554 2704 1641 2773 lex
1671 2704 1906 2773 Mosaica
1934 2706 2083 2762 utilia
2110 2706 2216 2762 illis

635 2800 1018 2870 praescriberet
1048 2806 1103 2853 et
1134 2797 1336 2865 diserte
1381 2796 1587 2865 diceret
1616 2784 1629 2851 ξ
1668 2814 1687 2849 ι
1712 2796 1998 2857 Dominum
2044 2797 2212 2853 Deum

637 2901 784 2946 tuum
814 2890 1087 2956 adorabis,
1115 2890 1247 2945 etei
1274 2887 1374 2944 soli
1403 2886 1632 2952 servies,
1667 2905 1685 2941 ι
1724 2902 1789 2943 eo
1832 2897 2011 2943 tamen
2052 2888 2213 2943 fatui-

639 2983 790 3053 tatis,
823 2982 906 3038 vel
934 2981 1114 3053 potius
1139 2979 1433 3051 impietatis
1486 2979 1842 3036 intolerandae
1873 2988 1927 3036 et
1953 2980 2215 3035 immode-

632 3083 765 3129 ratze
814 3073 1048 3146 prolapsi
1089 3082 1236 3139 sunt,
1270 3081 1329 3127 ut
1358 3071 1624 3128 idolorum
1668 3073 1948 3127 architecti
1996 3072 2209 3137 tierent,

633 3166 847 3236 illisque
870 3180 1023 3221 sacra
1068 3164 1331 3229 facerent,
1378 3175 1434 3233 et
1486 3164 1909 3218 exhortarentur
1937 3178 2001 3219 ac
2045 3166 2207 3218 doce-

631 3223 775 3314 rent.
812 3257 947 3312 alios
1011 3260 1112 3312 sub
1157 3230 1441 3311 arboribus
1513 3253 1783 3311 frondosis
1844 3254 2113 3317 adorare,
2159 3223 2286 3309 etc

631 3368 692 3405 ea
734 3350 933 3406 divinis
998 3348 1301 3417 honoribus
1370 3360 1588 3403 ornare.
1659 3344 1811 3414 Quod
1872 3346 2212 3417 perspicuum

633 3442 765 3497 facit
826 3440 1207 3496 universorum
1262 3437 1405 3493 Deus
1468 3452 1601 3492 voce
1647 3435 1918 3503 Jeremiaz,
1979 3438 2210 3491 dicens:

639 3532 884 3588 «Vidisti
960 3544 1083 3600 quae
1144 3528 1274 3584 fecit
1333 3526 1468 3584 mibi
1528 3526 1796 3584 habitatio
1859 3524 2050 3584 Israel.
2103 3526 2217 3581 Ab-

632 3624 812 3680 ierunt
854 3621 919 3678 ad
966 3635 1180 3676 omnem
1236 3622 1473 3673 montem
1535 3616 1855 3683 excelsum;
1901 3626 1957 3672 et
2021 3617 2213 3672 subtus

631 3730 795 3770 omne
845 3713 1051 3784 lignum
1099 3710 1444 3775 frondosum,
1476 3719 1531 3765 et
1555 3707 1808 3764 fornicati
1836 3719 1960 3783 sunt
1987 3708 2060 3763 ibi
2088 3708 2154 3763 ’³.
2191 3726 2211 3761 ι

629 3806 985 3877 Occupabant
1012 3803 1157 3859 enim
1186 3800 1736 3867 montium'verlices,
1759 3811 1813 3856 et
1842 3800 1991 3856 lucos
2018 3798 2218 3857 ﬂoren-

631 3900 894 3963 tissimos,
948 3906 1004 3954 et
1048 3896 1159 3952 illic
1196 3909 1322 3951 aras
1359 3910 1423 3951 ac
1457 3893 1684 3949 delubra
1717 3903 2123 3960 exstruxerunt,
2162 3903 2219 3949 et

633 3992 845 4048 hostias
879 3989 1107 4061 impuris
1159 3988 1496 4043 daemonibus
1523 4002 1588 4043 ac
1630 3984 1887 4042 libamina
1918 3985 2086 4057 800
2114 3986 2216 4041 ob-

633 4083 895 4147 tulerunt,
953 4094 1056 4135 nec
1111 4077 1224 4134 suis
1278 4075 1465 4132 liberis
1527 4083 1910 4146 pepercerunt.
1967 4068 2221 4129 Mactavit

631 4173 864 4242 exempli
924 4185 1085 4227 causa
1146 4168 1440 4225 Jechouias
1495 4167 1663 4221 lilium
1710 4181 1893 4228 suum,
1940 4180 2044 4221 non
2093 4167 2210 4220 diis.

635 4265 789 4331 Quod
827 4261 991 4317 etiam
1025 4261 1168 4315 Deus
1196 4260 1313 4332 ipse
1338 4275 1433 4327 per
1462 4274 1627 4313 unum
1655 4273 1686 4311 e
1718 4257 1919 4312 sanctis
1944 4257 2219 4327 prophetis

634 4356 790 4421 dixit,
852 4352 1227 4409 crudelitatem
1278 4364 1464 4405 eorum
1504 4348 1597 4420 qui
1634 4347 1758 4403 talia
1804 4347 2092 4420 patrabant
2127 4348 2220 4403 de-

635 4454 989 4502 monstrans:
1036 4463 1054 4496 ι
1091 4440 1413 4497 Sacriﬁcate
1453 4439 1721 4507 homines,
1757 4439 1911 4494 vituli
1944 4439 2087 4495 enim
2123 4440 2217 4494 de-

2310 1978 2676 2045 ἁνεὸιϐασας
2704 1978 2942 2046 θυσίας,
2972 1977 3073 2039 καὶ
3098 1977 3292 2033 ὀπίσω
3321 1975 3447 2032 τῶν
3464 1973 3781 2045 σταθμῶν
3816 1971 3910 2041 τῆς

2314 2073 2499 2142 θύρας
2529 2088 2648 2128 σου
2684 2073 2906 2141 ἔθηκας
2936 2071 3341 2142 μνημόσυνρν
3368 2086 3511 2126 σου.

2386 2164 2782 2237 κυριοκτόνους
2830 2164 3028 2227 αὐτοὺς
3058 2163 3367 2235 ἀποφήνας,
3397 2162 3691 2217 δείκνυσιν
3743 2164 3825 2216 ὅτι
3858 2163 3910 2218 τὸ

2317 2256 2565 2328 μισόθεον
2611 2257 2797 2321 αὐτοῖς
2828 2255 3202 2329 ἀρρώστημα,
3249 2256 3346 2311 καὶ
3388 2255 3451 2308 τὸ
3488 2256 3798 2327 πρόχειρον
3840 2260 3908 2319 si;

2317 2346 2653 2420 μιαιφονίαν,
2681 2348 2741 2401 οὐ
2773 2346 2892 2402 νέον
2922 2342 2990 2418 ἦν
3033 2348 3092 2400 ὲν
3127 2346 3330 2410 αὐτοῖς,
3359 2344 3501 2399 ἀλλὰ
3533 2345 3657 2417 γὰρ
3689 2349 3758 2399 ὲκ
3800 2349 3907 2400 πολ-

2314 2438 2408 2493 λοῦ
2461 2440 2557 2494 καὶ
2591 2438 2799 2493 ἄνωθεν
2841 2437 3151 2509 ἐνυπάρχον
3177 2438 3381 2500 αὐτοῖς.
3418 2438 3619 2507 Ὑμεῖς
3656 2439 3775 2510 γάρ
3802 2441 3904 2492 ἐστε

2314 2533 2365 2585 οῖ
2399 2532 2540 2585 κατὰ
2572 2531 2700 2596 τοὺς
2731 2529 2963 2595 ἄνωθεν,
2996 2531 3152 2602 φησὶ,
3185 2530 3414 2602 καιροὺς
3462 2531 3906 2600 παρακαλοῦντες

2315 2624 2408 2678 ἐπὶ
2444 2624 2515 2678 τὰ
2545 2623 2741 2678 εἴδωλα
2790 2623 2894 2677 ὑπὸ
2937 2622 3134 2694 δένδρα
3175 2622 3362 2675 δασέα.
3395 2620 3594 2676 Καίτοι
3628 2622 3751 2693 γὰρ
3792 2623 3909 2694 βρι-

2315 2717 2567 2781 6εύοντος
2591 2717 2775 2782 αὐτοῖς
2808 2715 2903 2770 τοῦ
2938 2715 3027 2769 διὰ
3059 2714 3306 2778 Μωσέως
3336 2713 3499 2784 νόμου
3530 2713 3600 2767 τὰ
3647 2717 3909 2786 χρήσιμα,

2314 2810 2614 2884 διαρρήδην
2648 2826 2709 2863 τε
2731 2807 3003 2877 λέγοντος,
3038 2827 3057 2861 ι
3087 2806 3291 2878 Κύριον
3322 2809 3413 2859 τὸν
3440 2805 3573 2861 Θεόν
3607 2823 3714 2859 σου
3748 2823 3910 2877 προσ·

2315 2902 2607 2973 κυνήσεις,
2645 2900 2741 2952 καὶ
2783 2897 2933 2968 αὐτῷ
2979 2897 3127 2967 μόνῳ
3162 2894 3512 2967 λατρεύσεις,
3536 2914 3558 2949 s
3609 2896 3913 2966 φρενοϐλα-

2313 2993 2468 3057 ϐείας
2507 2994 2588 3056 εἰς
2621 2991 2781 3045 τοῦτο
2830 2989 3186 3057 κατώλισθον,
3238 2989 3439 3060 μᾶλλον
3482 2987 3545 3042 δὲ
3591 2989 3915 3044 δυσσεὸείις

2315 3082 2543 3153 ἀσχέτου
2600 3082 2693 3134 καὶ
2722 3080 2823 3150 τῆς
2868 3079 3015 3150 πέρα
3045 3078 3246 3151 μέτρου
3277 3078 3498 3144 παντὸς,
3524 3077 3673 3131 ὥστε
3709 3082 3809 3132 καὶ
3844 3082 3914 3132 εὶ-

2314 3176 2498 3231 δώλων
2526 3173 2779 3244 γενέσθαι
2807 3171 3199 3243 δημιουργοὺς,
3230 3169 3327 3223 καὶ
3360 3172 3669 3241 ἱερουργεῖν
3700 3172 3911 3233 abeat,

2318 3267 2413 3323 καὶ
2451 3265 2811 3339 παρακαλεῖν,
2840 3265 2959 3335 ἢτοι
2998 3262 3277 3318 διδάσκειν
3308 3263 3528 3331 ἑτέρους
3567 3261 3679 3315 ὑπὸ
3722 3262 3912 3333 δένδρα

2317 3358 2487 3414 δασέα
2514 3357 2866 3429 προσκυνεῖν,
2904 3352 2999 3409 καὶ
3024 3354 3208 3425 τιμαῖς
3232 3354 3352 3415 ταῖς
3378 3351 3752 3420 θεοπρεπέσιν
3778 3354 3913 3405 αὐτὰ

2318 3447 2636 3520 στεφανοῦν.
2674 3446 2848 3501 Τοῦτο
2899 3444 3222 3514 καθίστησιν
3269 3442 3497 3514 ἐναργὲς
3530 3442 3563 3495 ό
3606 3441 3727 3497 τῶν
3780 3444 3908 3496 ὅλων

2316 3542 2450 3608 Θεὸς
2481 3541 2569 3594 διὰ
2598 3539 2785 3611 φωνῆς
2817 3536 3084 3609 Ἱερεμίου
3110 3534 3321 3604 λέγων*
3362 3552 3382 3587 ι
3416 3529 3571 3597 Εἶδες
3598 3533 3637 3588 ἃ
3682 3534 3906 3605 ἐπιοίησέ

2320 3650 2410 3705 μοι
2445 3632 2480 3703 ὴ
2526 3628 2780 3686 κατοικία
2822 3626 2918 3681 τοῦ
2952 3625 3205 3698 ἰσραήλο
3242 3623 3623 3696 ἐπορεύθησαν
3668 3624 3773 3677 ἐπὶ
3808 3626 3907 3678 πᾶν

2315 3725 2442 3798 ὅρος
2475 3722 2705 3794 ὑψηλὸν,
2733 3720 2829 3775 καὶ
2864 3716 3125 3773 ὑποκάτω
3153 3715 3354 3780 παντὸς
3394 3714 3550 3780 ξύλου
3604 3714 3897 3778 (nam,

2316 3817 2412 3873 καὶ
2438 3815 2773 3888 ἐπόρνευσαν
2794 3811 2931 3866 ἐκεῖ.
2945 3828 2964 3862 ι
2993 3805 3523 3877 Καταλαμϐάνοντες
3550 3803 3665 3875 γὰρ
3685 3804 3897 3869 thetin

2317 3909 2460 3979 ὀρῶν
2504 3904 2749 3979 κορυφὰς
2804 3902 2899 3957 καὶ
2945 3899 3015 3955 τὰ
3074 3898 3185 3952 τῶν
3240 3896 3449 3955 ἀλσέων
3503 3894 3896 3967 εὐανθέστερα.

2320 3998 2538 4069 βωμοὺς
2584 3995 2680 4050 καὶ
2722 3991 2922 4063 τεμένη
2975 3985 3402 4053 κατεσκεύαζον,
3451 3984 3651 4050 θυσίας
3698 4003 3766 4039 τε
3817 3986 3897 4039 καὶ

2319 4086 2554 4148 σπονδὰς
2597 4080 2998 4156 προσεκόμιζον
3031 4078 3243 4142 αὐτόθι,
3270 4080 3382 4141 τοῖς
3412 4077 3755 4148 ἀκαθάρτοις
3796 4076 3897 4131 δαί·

2322 4196 2511 4253 μοσιν·
2551 4178 2662 4232 είσὶ
2696 4175 2756 4230 δὲ
2801 4175 2899 4229 καὶ
2939 4174 2988 4227 oi
3021 4171 3132 4226 τῶν
3186 4170 3332 4225 ἰδίων
3365 4170 3770 4242 ἀφειδήσαντες
3818 4172 3897 4224 τέο

2318 4289 2481 4328 κνων.
2508 4269 2752 4339 Ἔσφαξε
2782 4267 2911 4337 γοῦν
2944 4264 3199 4337 Ἰεχονίας
3231 4262 3322 4318 τὸν
3352 4263 3485 4316 ἴδιον
3514 4263 3633 4315 υἱον
3667 4266 3782 4327 toi;
3810 4263 3896 4317 οὐκ

2318 4361 2438 4419 οὖσι
2464 4358 2811 4426 θεοῖς.Τοῦτο
2838 4358 2933 4413 καὶ⁸
2950 4355 3113 4419 αὐτὸς
3138 4354 3243 4427 ἔφη
3270 4371 3376 4408 που
3396 4353 3531 4417 Θεὸς
3558 4354 3626 4407 δι’
3653 4354 3774 4418 ἑνὸς
3798 4354 3894 4407 τῶν

2321 4457 2492 4526 ἁγίων
2530 4450 2854 4524 προφητῶν,
2884 4448 2983 4521 τὴν
3021 4446 3281 4519 ὡμότητα
3308 4443 3673 4509 καταδεικνὺς
3702 4444 3810 4497 τῶν
3836 4442 3894 4496 τὰ

632 4540 883 4595 fecerunt
908 4536 979 4594 ".
1014 4554 1033 4589 ι
1068 4533 1176 4591 Vos
1210 4534 1375 4604 igitur
1397 4532 1551 4598 estis,
1602 4533 1795 4602 inquit,
1832 4531 1926 4601 qui
1956 4531 2213 4588 exhorta-

2318 4548 2496 4603 τοιάδε
2530 4546 2664 4618 δρᾷν
2702 4541 2990 4596 εἰωθότωνσ
3030 4559 3049 4591 ι
3078 4538 3289 4592 Θύσατε
3326 4535 3681 4607 ἀνθρώπους
3717 4537 3894 4607 μόσχοι

633 4629 765 4685 mini
795 4630 861 4684 ad
897 4627 1060 4694 idola,
1108 4622 1213 4682 sub
1250 4624 1538 4681 arboribus
1570 4623 1773 4691 densis,
1811 4632 2109 4679 mactantes
2141 4623 2208 4678 li-

629 4723 790 4778 beros
834 4727 1046 4789 vestros
1081 4719 1134 4773 in
1182 4716 1437 4779 vallibus,
1462 4730 1558 4785 per
1610 4715 1845 4769 medium
1906 4727 2206 4783 petrarum.

629 4811 767 4879 Quid
815 4818 931 4866 tum
968 4808 1203 4881 postea?
1253 4807 1378 4863 Haec
1426 4817 1515 4861 tua
1567 4802 1717 4876 pars,
1766 4806 1883 4861 brec
1930 4817 2019 4860 tua
2066 4822 2207 4864 sors.

627 4904 877 4958 Adorasti
910 4905 1054 4958 enim
1082 4916 1241 4967 vana,
1276 4892 1473 4971 inquit,
1524 4897 1684 4954 talem
1732 4911 1952 4968 quoque
1981 4898 2209 4955 habebis

628 4994 954 5061 portionem,
988 5002 1044 5049 et
1068 5008 1191 5048 sors
1220 4992 1313 5048 tibi
1351 4992 1455 5047 erit
1487 4991 1688 5045 inanis.
1721 4989 1818 5046 Vel
1850 4989 1980 5044 illud
2022 4989 2206 5047 dicere

626 5084 777 5138 vult:
806 5083 1086 5141 Mactastis
1124 5085 1324 5140 liberos
1370 5094 1606 5148 vestros,
1642 5082 1840 5153 inquit,
1869 5083 1922 5138 in
1948 5084 2197 5138 vallibus.

627 5175 719 5232 llla
747 5190 880 5244 ergo
901 5183 985 5231 est
1013 5184 1106 5230 tua
1140 5192 1290 5247 pars,
1325 5176 1443 5232 haec
1484 5186 1572 5231 tua
1613 5191 1737 5233 sors
1764 5193 1778 5231 :
1810 5174 1861 5231 id
1886 5185 1991 5244 est,
2028 5176 2082 5229 in
2107 5190 2202 5230 ea-

627 5268 749 5323 dem
782 5266 1060 5322 deducetis
1092 5268 1255 5331 mala,
1287 5269 1498 5338 eritque
1535 5282 1662 5336 pars
1701 5281 1766 5321 ac
1806 5281 1924 5321 sors
1957 5267 2049 5322 tibi
2086 5281 2204 5321 ma-

626 5359 818 5417 ctatio.
847 5357 1251 5426 Quamobrem?
1276 5358 1516 5413 Primum
1548 5357 1673 5427 quia
1698 5357 1995 5414 liberorum
2036 5358 2206 5427 exsti-

628 5453 740 5509 tisti
754 5451 1087 5512 interfector
1117 5467 1131 5503 :
1162 5450 1356 5505 deinde
1379 5450 1505 5518 quia
1528 5450 1759 5520 impuris
1786 5450 2122 5506 daemonibus
2153 5459 2209 5507 et

626 5544 886 5601 inanimis
927 5542 1087 5600 idolis
1112 5540 1351 5597 eﬂ'udisti
1379 5541 1656 5607 libamina,
1706 5541 1923 5611 illisque
1961 5541 2205 5599 obtulisti

628 5635 1083 5707 bostias._ltaque,
1106 5632 1305 5705 inquit,
1334 5646 1512 5689 nonne
1530 5632 1599 5689 ob
1626 5634 1730 5689 hoc
1751 5631 2000 5691 irascar?
2026 5650 2205 5692 nonne

696 5811 773 5880 (l)
807 5809 1191 5865 Desiderantur
1219 5808 1334 5865 haec
1364 5808 1419 5863 in
1450 5806 1639 5863 Graeco
1670 5809 1986 5878 exemplari.
2068 5862 2069 5865 η

2357 4640 2418 4711 ὶρ
2460 4635 2859 4691 ἐκλελοίπασιν.
2885 4652 2903 4685 ι
2949 4630 3139 4704 Ὑμεῖς
3182 4626 3362 4682 τοίνυν
3411 4626 3562 4693 ἐστὶ,
3608 4627 3798 4697 φησιν,
3849 4628 3891 4678 οξ

2335 4726 2759 4803 ιαρακαλοῦντες
2801 4723 2895 4779 ἐπὶ
2942 4722 3013 4776 τὰ
3064 4720 3296 4784 εἴδωλα,
3342 4718 3450 4772 ὑπὸ
3495 4718 3695 4790 δένδρα
3740 4718 3892 4773 δασέα

2312 4821 2613 4893 σφάζοντες
2658 4819 2728 4873 τὰ
2777 4816 2946 4871 τέκνα
2992 4813 3175 4870 αὐτῶν
3210 4813 3267 4868 έν
3302 4814 3423 4875 ταῖς
3450 4810 3728 4883 φάραγξιν
3769 4812 3887 4865 ἀνο-

2312 4911 2474 4981 μέσον
2502 4909 2609 4963 τῶν
2646 4905 2884 4979 πετρῶν.
2913 4903 2979 4957 Τί
3006 4899 3101 4958 οὖν
3142 4903 3234 4956 ἐπὶ
3269 4899 3509 4965 τούτοις
3559 4900 3776 4971 Ἐκείνη
3809 4916 3885 4951 σου

2312 5002 2491 5074 μερὶς.
2515 4991 2671 5063 οὗτός
2709 5015 2803 5051 σου
2831 4996 2862 5049 ό
2893 4995 3115 5066 κλῆρος.
3141 4992 3605 5066 Προσκεκύνηκας
3641 4991 3743 5061 μὲν
3772 4989 3883 5059 γὰρ,

2309 5084 2465 5165 φησι,
2491 5093 2604 5154 τοῖς
2640 5088 2890 5160 ματαίοις
2916 5102 2929 5116 ⁶
2981 5087 3124 5152 ἕξεις
3169 5084 3224 5138 δὲ
3260 5083 3454 5156 μερίδα
3494 5082 3775 5154 τοιαύτην,
3806 5082 3882 5134 καὶ

2308 5182 2510 5252 κλῆρος
2555 5179 2709 5234 ἔσται
2741 5195 2825 5241 σοι
2875 5176 3124 5249 μάταιος.
3155 5176 3359 5244 Ἥγουν
3407 5175 3587 5229 ἐκεῖνό
3624 5191 3731 5228 που
3762 5174 3883 5241 τάχα

2312 5270 2562 5344 βούλεται
2586 5268 2801 5342 δηλοῦν·
2846 5267 3149 5337 Ἐσφάξατε
3182 5266 3251 5321 τὰ
3284 5266 3449 5321 τέκνα
3480 5265 3662 5319 αὐτῶν
3694 5268 3753 5317 ἐν
3782 5266 3883 5323 ταῖς

2315 5358 2575 5432 φάραγξι,
2611 5357 2797 5430 φησίν.
2828 5356 3038 5411 Οὐκοῦν
3077 5355 3260 5427 ἐκείνη
3290 5372 3383 5408 σου
3414 5354 3594 5425 μερὶς,
3624 5348 3777 5416 οὗτός
3800 5368 3883 5404 σου

2312 5453 2341 5506 ὀ
2365 5452 2585 5524 κλῆρος,
2616 5449 2887 5514 τουτέστι,
2918 5451 3031 5513 τοῖς
3063 5448 3197 5512 ἴσοις
3228 5446 3534 5519 ὲνσχεθήσῃ
3567 5448 3778 5508 κακοῖς,
3802 5443 3885 5497 καὶ

2313 5543 2604 5616 γενήσεταί
2635 5560 2718 5597 σοι
2762 5542 2923 5615 μερὶς
2968 5541 3065 5597 καὶ
3090 5540 3292 5613 κλῆρος
3320 5542 3355 5610 ἡ
3384 5539 3589 5609 σφαγή.
3612 5538 3714 5591 Διὰ
3738 5535 3883 5591 ποίαν

2312 5635 2527 5704 ultioni;
2559 5635 2783 5707 Πρῶτον
2834 5634 2933 5706 μὲν
2975 5634 3056 5688 ὅτι
3092 5634 3322 5703 γέγονας
3354 5631 3732 5695 παιδοκτόνος,
3772 5620 3880 5681 εἶτα

2418 5811 2463 5842 ’⁸
2490 5809 2600 5865 Jer.
2631 5826 2712 5876 ιιι,
2738 5810 2791 5864 6.
2870 5812 2915 5843 ’⁸
2943 5811 3072 5866 Ose.
3102 5825 3219 5875 xm,
3245 5811 3299 5865 2.
