4140 6496
220 397 356 457 1261

1316 396 1384 453 ΙΝ
1424 396 1653 454 ISAIAM
1693 393 1821 455 LIB.
1865 392 1930 453 ν.
1960 392 2199 453 τοιιυε
2240 390 2324 451 lii.

3357 396 3493 454 1962

219 516 305 569 ὅτι
333 512 582 585 δαίμοσιν
634 511 965 585 ἀκαθάρτοις
1024 514 1119 567 καὶ
1164 512 1397 585 ἀψύχοις
1429 514 1673 579 εἰδώλοις
1718 514 1809 578 ἐξ·

1917 515 2094 585 gravis
2153 513 2208 567 in
2263 525 2359 566 vos
2403 509 2609 565 furoris
2650 508 2755 563 mei
2807 506 3017 566 causa!
3061 518 3117 563 et
3165 508 3489 579 supplicium

220 605 382 675 ἐχεας
432 602 704 670 σπονδὰς,
757 604 1040 669 κάκείνοις
1083 606 1391 677 ἀνήνεγκας
1440 605 1649 669 θυσίας.
1675 601 1805 676 Ἆρ’

217 694 314 752 οὖν
356 697 448 751 ἐπὶ
476 696 689 761 τούτοις
718 699 821 751 οὐκ
868 697 1300 770 ὀργισθήσομαι;
1334 697 1500 768 φησίν
1522 712 1539 730 ·
1570 698 1672 751 οὐκ
1714 698 1805 750 εύ-

217 791 464 862 ἀςρορμος
500 789 623 844 καθ’
650 788 804 859 ὑμῶν
827 788 856 840 ό
885 788 1079 860 θυμὸς,
1121 790 1215 842 καὶ
1249 789 1318 843 τὰ
1347 789 1446 859 τῆς
1498 788 1657 859 δίκης
1707 788 1807 843 οὐκ

214 883 441 951 εὔλογον
480 881 592 951 ἔχει
618 881 717 951 τὴν
756 881 1054 953 ἀφορμήν;
1114 880 1230 933 Ἐπ’
1281 880 1409 952 δρος
1455 880 1661 951 ὑψηλὸν
1712 879 1806 933 καὶ

217 976 520 1045 μετέωρον,
548 974 666 1026 ἐκεῖ
694 989 790 1026 σου
815 973 850 1043 ἡ
880 973 1061 1043 κοίτη,
1090 973 1207 1025 ἐκεῖ
1232 970 1559 1034 ἀνεϐίϐασας
1592 968 1801 1035 θυσίας,

212 1068 319 1119 καὶ
345 1064 517 1118 ὀπίσω
545 1062 656 1117 τῶν
691 1062 952 1133 σταθμῶν
981 1064 1085 1134 τῆς
1114 1061 1286 1135 θύρας
1316 1079 1410 1115 σου
1444 1061 1646 1133 ἔθηκας
1671 1079 1808 1133 ,μνη-

215 1156 452 1227 μόσυνόν
485 1172 601 1209 σου.
633 1154 758 1208 Ὅτι
791 1154 892 1226 μὲν
929 1148 1023 1209 οῦν
1055 1155 1115 1207 ὲν
1156 1155 1272 1218 τοῖς
1300 1152 1484 1224 δρεσιν
1515 1152 1807 1207 ἐκάθευδον

211 1248 485 1304 ἐνυπνίων
512 1248 698 1312 ἕνεκα,
729 1245 1056 1318 πλεισταχοῦ
1098 1247 1511 1318 διαμεμήνυκεν
1535 1245 1564 1298 ό
1592 1262 1805 1318 προφη-

208 1341 368 1405 τικδς
407 1342 537 1413 ἡμῖν
578 1340 757 1410 λόγος.
788 1341 925 1394 Φασὶ
952 1340 1009 1394 δὲ
1040 1341 1119 1405 εἰς
1151 1339 1311 1394 τοῦτο
1352 1338 1563 1411 πλάνης
1590 1339 1805 1393 κατολισ-

210 1431 415 1502 σθῆσαι
442 1431 531 1485 τὸν
567 1429 800 1502 Ἰσραὴλ,
824 1428 965 1483 ὥστε
992 1429 1087 1484 καί¹
1127 1430 1185 1483 ὲν
1213 1432 1335 1493 ταῖς
1379 1427 1575 1500 θύραις
1625 1430 1718 1483 καὶ
1746 1430 1804 1483 ὲν

206 1524 331 1587 τοῖς
365 1520 624 1593 σταθμοῖς
653 1519 998 1593 ἑντορνεῦσαι
1022 1518 1123 1584 τὰς
1150 1519 1260 1575 τῶν
1297 1518 1534 1574 εἰδώλων
1566 1519 1802 1591 μορφὰς,

207 1616 309 1668 ἴνα
332 1615 426 1669 καὶ
469 1613 842 1677 εἰσδάλλοντες
872 1614 996 1678 ταῖς
1026 1612 1225 1677 οἰκίαις
1270 1611 1375 1677 ἔξω
1404 1629 1464 1666 τε
1500 1612 1594 1666 καὶ
1643 1610 1830 1691 βαδίπ

209 1705 401 1771 ξοντες
440 1706 641 1778 ὁρῶσιν
665 1704 826 1771 αὐτὰ,
851 1704 948 1759 καὶ
975 1706 1034 1758 ὲν
1063 1704 1445 1776 ἀτελευτήτοις
1471 1703 1637 1776 ἔχωσι
1667 1707 1803 1777 μνή-

1916 619 2101 660 nonne
2143 604 2491 658 occasionem
2524 601 2689 655 habet
2712 600 2908 656 rationi
2938 599 3400 657 consentaneam?
3433 597 3490 653 In

1914 704 2099 751 monte
2147 693 2364 750 excelso
2404 701 2458 748 et
2508 692 2733 762 praealto
2781 703 2866 748 est
2906 692 3086 748 cubile
3142 702 3315 755 tuum,
3365 691 3492 745 illuc

1912 788 2206 844 ascendere
2250 786 2429 842 fecisti
2474 785 2707 850 hostias,
2742 788 2813 846 Yet
2862 796 2987 855 post
3029 792 3212 855 postes
3242 784 3366 838 ostii
3400 799 3494 855 po-

1911 874 2069 930 suisti
2113 882 2522 930 monumentum
2552 883 2732 930 tuum.
2758 873 3093 931 Dormivisse
3118 875 3373 929 nimirum
3398 890 3494 930 eos

1913 970 1965 1023 in
2025 968 2332 1035 montibus,
2388 967 2781 1021 insomniorum
2822 982 3009 1032 causa,
3051 980 3194 1037 saepe
3244 968 3497 1022 meminit

1914 1063 2229 1133 prophetica
2282 1064 2480 1118 oratio.
2523 1061 2761 1117 Narrant
2788 1072 2968 1119 autem
2999 1065 3257 1121 Israel'em
3288 1064 3343 1119 in
3369 1080 3494 1119 eum

1912 1169 2156 1211 errorem
2203 1154 2537 1226 prolapsum,
2589 1164 2653 1209 ut
2680 1169 2779 1226 pro
2818 1154 3027 1212 foribus
3061 1165 3118 1211 et
3153 1157 3206 1210 in
3248 1156 3495 1226 postibus

1915 1246 2123 1302 formas
2180 1246 2443 1303 idolorum
2491 1247 2804 1313 inciderint,
2858 1262 2967 1318 quo
3012 1248 3349 1304 introeuntes
3401 1249 3496 1303 do-

1913 1353 2062 1393 mum
2084 1347 2142 1395 et
2172 1348 2435 1395 exeuntes
2468 1340 2554 1395 illa
2586 1340 2856 1407 viderent,
2891 1352 2945 1395 et
2987 1340 3316 1409 sempiterna
3348 1349 3495 1395 tene-

1912 1438 2033 1485 rent
2081 1428 2362 1486 memoria.
2424 1430 2537 1487 Hoc
2595 1432 2777 1500 itaque
2826 1431 2882 1486 in
2942 1430 3048 1487 illis
3109 1429 3233 1500 jure
3288 1431 3495 1500 optimo

1914 1523 2105 1579 haberi
2164 1532 2344 1594 potest
2370 1539 2597 1579 summa:
2628 1523 2923 1595 impietatis
2952 1524 3176 1579 evidens
3210 1538 3496 1594 arguments-

1913 1625 2049 1671 tum.
2096 1614 2377 1672 Vocabant
2408 1626 2589 1672 autem
2627 1617 2726 1671 lras
2759 1616 3024 1672 idolorum
3055 1616 3255 1671 incisas
3291 1615 3499 1671 formas

1910 1715 2242 1773 servatores,
2268 1716 2324 1763 et
2349 1709 2631 1764 domorum
2656 1708 2931 1765 custodes.

203 1816 370 1870 μαις.
407 1798 743 1870 ’Δφιλοθεῖας
773 1799 831 1853 δὲ
861 1799 961 1871 τῆς
994 1797 1228 1854 εἰσάπαν
1254 1798 1533 1865 ἀπόδειξις
1595 1800 1831 1873 ἐναργὴς
1868 1801 2288 1874 καταλογισθείη
2353 1803 2420 1857 ἂν
2457 1803 2518 1857 τὸ
2555 1805 2746 1876 χρῆμα
2783 1803 3003 1868 αὐτοῖς,
3046 1802 3142 1857 καὶ
3172 1802 3321 1874 μάλα
3353 1802 3497 1857 six/i=-

205 1910 352 1958 τωςο
386 1894 613 1948 ἐκάλουν
635 1894 692 1948 δὲ
718 1893 788 1948 τά
813 1893 923 1948 τῶν
951 1894 1184 1952 εἰδώλων
1213 1891 1719 1968 ὲντετορ[ν]ευμένα
1768 1892 2042 1970 σωτηρίας
2060 1897 2165 1970 [αι.
2196 1899 2473 1972 σωτῆρας]
2502 1901 2597 1955 καί
2630 1900 2933 1972 οἰκουρούς.

292 1987 439 2056 ’ᾭου
491 1986 583 2040 ὅτι
634 1985 744 2041 ἐὰν
789 1986 893 2041 ἀπ’
932 1986 1084 2057 ἐμοῦ
1131 1988 1449 2059 ἀποστῇς,
1497 1990 1714 2046 πλεῖόν
1752 2009 1808 2046 τι

1988 1993 2150 2048 Vens.
2179 1995 2233 2061 8,
2265 1995 2319 2049 9.
2366 1995 2620 2060 Pambos,
2668 1997 2716 2050 si
2765 1998 3039 2051 recesseris
3075 2014 3106 2051 ο
3153 2008 3255 2065 me,
3304 2014 3422 2066 plus
3447 2009 3495 2050 te

197 2076 395 2145 ἕξεις.
446 2076 789 2147 Ἠγάπησας
837 2075 984 2144 τοὺς
1024 2078 1432 2148 κοιμωμένους
1469 2080 1623 2150 μετὰ
1660 2080 1804 2144 σοῦ,

206 2168 319 2223 καὶ
360 2169 710 2236 ἐπλήθυνας
757 2168 876 2238 τὴν
935 2170 1229 2239 πορνείαν
1263 2183 1382 2226 σου
1428 2174 1557 2242 μετ’
1584 2171 1803 2237 αὐτῶν,

202 2262 317 2315 καί
371 2261 648 2329 ,πολλοὺς
695 2261 992 2330 ἐποίησας
1034 2261 1179 2329 τοὺς
1211 2262 1455 2334 μακρὰν
1499 2264 1620 2320 ἀπὸ
1659 2265 1801 2331 σοῦ,

204 2356 318 2411 καί
346 2354 709 2423 ἀπέστειλας
734 2353 1013 2424 πρέσϐεις
1040 2354 1196 2424 ὑπὲρ
1224 2355 1301 2410 τὰ
1332 2355 1467 2425 ὅριά
1488 2370 1629 2412 σου.

286 2448 514 2502 Ἅπασα
550 2448 650 2519 μὲν
687 2447 918 2512 ἔκτοπος
947 2447 1134 2519 ἡδονὴ,
1178 2449 1276 2504 καὶ
1308 2450 1460 2504 πᾶσα
1492 2451 1683 2516 κακία,
1714 2448 1807 2503 τὸν

207 2538 562 2611 ἀνθρώπινον
600 2540 1083 2611 καταγοητεύουσα
1131 2538 1280 2608 νοῦν,
1332 2543 1620 2613 μονονουχὶ
1669 2559 1806 2595 κατ-

204 2632 615 2702 επαγγέλλεται
659 2633 860 2704 πεῖράν
906 2650 1031 2686 τινα
1071 2633 1398 2705 πράγματος
1435 2634 1668 2703 ἀγαθοῦ,
1714 2634 1809 2688 καὶ

206 2726 298 2777 ὅτι
344 2723 564 2794 μεθέξει
605 2723 714 2777 τῶν
752 2723 814 2777 ού
854 2722 1024 2777 πάλαι
1062 2723 1503 2796 διεγνωσμένων,
1566 2725 1722 2781 ἔσται
1749 2726 1807 2779 δὲ

205 2817 313 2868 καὶ
338 2817 397 2867 ἐν
422 2814 725 2886 ἀμείνοσιν,
764 2814 798 2883 ἢ
847 2813 1113 2884 πρότερον
1140 2808 1231 2884 ἦν.
1280 2814 1537 2869 Λαϐοῦσα
1578 2815 1688 2885 γὰρ
1715 2813 1808 2867 οὔ·

202 2925 325 2970 τως
354 2907 723 2978 αἰχμάλωτον,
748 2902 871 2961 οἰπε
878 2924 910 2979 ρ
934 2909 1000 2962 ἂν
1016 2906 1273 2980 ἒλοιιν]το
1300 2907 1488 2962 λοιπὸν
1512 2907 1804 2979 ἀποφέρει.

224 2996 370 3049 Ἀλλ’
395 2999 444 3049 οἰ
479 2996 576 3067 μὲν
609 2994 882 3058 ἀσύνετοι,
931 2999 1101 3070 πείρᾳ
1149 2996 1414 3066 μαθόντες
1452 2996 1542 3051 ἵνα
1570 2998 1678 3050 εἰσὶ
1712 3014 1809 3049 κα-

206 3089 340 3157 ςιοῦ,
377 3090 747 3161 μεταφοιτῶσι
785 3091 938 3162 μόλις
965 3092 1061 3144 ἐπὶ
1087 3091 1149 3144 τὸ
1176 3092 1236 3146 ὲν
1265 3091 1463 3162 ἀρχαῖς
1484 3106 1500 3122 ο
1527 3090 1583 3143 οἵ
1605 3107 1669 3159 γε
1702 3090 1809 3161 μὴν

204 3186 329 3248 ’τοῖς
360 3183 461 3255 τῆς
493 3182 733 3247 διανοίας
761 3182 976 3255 ὄμμασι
1011 3181 1439 3254 περιαθροῦντες
1467 3176 1528 3235 εὖ
1566 3182 1712 3252 μάλα
1748 3181 1811 3234 τὸ

206 3276 450 3330 ἑκάστου
476 3276 803 3348 πράγματος
835 3274 1031 3348 πέρας,
1062 3275 1347 3345 ἀποφορᾶς
1370 3274 1472 3327 οὐκ
1499 3273 1806 3344 ἀνέχονται·

1907 2084 2238 2140 habiturum.
2292 2087 2538 2143 Dilexistr’
2587 2089 2909 2143 dormientes
2970 2098 3163 2153 rectm,
3215 2097 3266 2144 et
3314 2090 3495 2143 crebro

1909 2176 2172 2246 fornicata
2198 2193 2253 2232 es
2287 2194 2406 2231 cum
2435 2180 2530 2244 eis,
2568 2188 2619 2232 et
2651 2179 2843 2234 multos
2878 2179 3050 2250 fecisti
3081 2195 3168 2234 eos
3193 2182 3281 2251 qui
3308 2180 3495 2250 procul

1908 2285 1943 2321 α
1968 2278 2038 2333 ιε,
2075 2279 2127 2324 et
2161 2270 2354 2325 misisti
2383 2270 2585 2341 legatos
2606 2271 2749 2324 ultra
2766 2272 3023 2327 terminos
3052 2281 3190 2327 tuos.

1980 2450 2171 2507 Omnis
2210 2450 2349 2505 foeda
2398 2452 2665 2522 voluptas,
2696 2455 2952 2509 etomnis
2982 2456 3253 2512 vitiositas
3294 2454 3491 2510 bumas

1910 2558 2039 2600 nam
2088 2551 2324 2599 mentem
2372 2546 2678 2611 incantans,
2734 2547 3013 2617 specimen
3062 2549 3280 2619 eliguod
3342 2552 3494 2605 bonae

1910 2636 1992 2693 rei
2073 2644 2289 2693 tantum
2353 2651 2466 2693 non
2537 2638 2856 2708 pollicetur,
2917 2647 2973 2695 et
3039 2654 3127 2695 res
3193 2652 3320 2696 ante
3382 2655 3492 2697 non

1912 2730 2156 2800 cognitas
2210 2730 2526 2801 adepturam
2555 2772 2572 2797 ,
2630 2746 2695 2787 ac
2755 2732 2812 2787 in
2870 2732 3099 2790 meliore
3166 2734 3286 2790 loco
3353 2734 3490 2799 fore,

1912 2838 2077 2892 quam
2124 2824 2276 2895 prius
2321 2824 2503 2889 fuerit,
2566 2826 2852 2896 promittit.
2925 2822 3088 2898 θοι
3160 2822 3298 2882 Nam
3367 2843 3490 2884 cum

1912 2915 1996 2970 sic
2056 2915 2325 2986 captivam
2393 2917 2649 2987 ceperit,
2718 2931 3041 2988 quocunque
3116 2918 3331 2973 tandem
3383 2919 3495 2973 vult

1912 3007 2111 3063 aufert.
2200 3007 2305 3064 Sed
2366 3009 2519 3065 stulti
2602 3008 2934 3079 experientia
3021 3011 3165 3066 docti
3272 3013 3492 3067 ubinam

1913 3098 2176 3153 malorum
2211 3099 2342 3167 sint,
2382 3100 2473 3153 vix
2521 3099 2591 3155 ad
2646 3101 2885 3170 priorem
2921 3108 3121 3155 statum
3154 3101 3491 3157 relabuntur.

1910 3186 2012 3256 Qui
2047 3199 2227 3245 autem
2282 3191 2456 3245 animi
2486 3190 2662 3245 oculis
2711 3191 2977 3262 cujusque
3009 3194 3086 3247 rei
3126 3193 3333 3248 exitum
3368 3209 3494 3264 per-

1916 3282 2145 3335 lustrant
2181 3280 2618 3351 diligentissime,
2653 3285 2962 3353 prmcipites
2990 3298 3050 3339 se
3095 3285 3212 3339 dari
3263 3301 3373 3341 non
3415 3287 3495 3342 siA-

207 3367 547 3439 φυλάττουσι
578 3366 636 3420 δὲ
676 3366 878 3437 μᾶλλον
924 3365 1172 3437 ἀπλῆγα,
1215 3365 1307 3419 τὸν
1330 3364 1456 3419 νοῦν
1486 3365 1594 3437 πρὸ
1617 3365 1811 3435 πείρας

1918 3380 2073 3436 nunt,
2099 3373 2193 3426 sed
2219 3383 2458 3427 mentem
2484 3374 3155 3438 servantinvulueratam,
3207 3385 3335 3430 ante
3377 3385 3494 3430 ten-

205 3460 454 3530 ὀρῶντες
480 3460 547 3515 τά
586 3460 727 3531 μετὰ
753 3458 979 3532 ταύτην.
1014 3459 1154 3514 Ἀλλ’
1177 3460 1237 3513 ού
1267 3458 1493 3531 τοιαύτη
1520 3458 1745 3528 γέγονεν
1774 3459 1815 3529 ἡ

207 3552 330 3606 τῶν
360 3552 631 3606 Ἰουδαίων
650 3553 951 3623 Συναγωγή
971 3569 985 3582 θ
1008 3547 1079 3623 ἦν
1111 3552 1210 3624 μὲν
1244 3551 1354 3623 γὰρ
1383 3551 1493 3605 ὑπὸ
1521 3552 1685 3623 χεῖρα
1711 3550 1813 3604 τοῦ

214 3648 402 3701 πάντα
448 3644 723 3717 ἰσχύοντος
768 3644 938 3711 Θεοῦ,
988 3645 1085 3699 καὶ
1128 3645 1228 3717 τὴν
1262 3646 1395 3717 παρ’
1439 3644 1608 3699 αὐτοῦ
1652 3644 1812 3711 δόξαν

215 3738 602 3810 ἠμφιεσμένη,
624 3735 775 3808 δεινὴ
800 3736 894 3790 καὶ
919 3735 1192 3807 ἀφόρητος
1220 3737 1334 3798 τοῖς
1356 3735 1578 3809 ὁμόροις
1598 3731 1689 3807 ἦν,
1719 3737 1814 3789 καὶ

214 3831 557 3904 τριπόθητον
597 3830 796 3902 ἔχουσα
838 3828 937 3901 τὴν
967 3829 1181 3895 ἐλπίδα,
1209 3829 1307 3883 καὶ
1353 3828 1571 3896 ἀπάσης
1610 3829 1818 3900 εὑημεο

216 3927 348 3999 ρίας
361 3922 684 3997 ἔμπλεω[ς].
702 3922 975 3994 Ἐπομένη
992 3922 1103 3994 γὰρ
1114 3921 1192 3995 τῷ
1205 3922 1295 3976 διὰ
1311 3921 1556 3985 Μωσέως
1571 3921 1722 3993 νόμῳ
1734 3919 1814 3991 τῷ

216 4017 384 4090 φύσει
419 4020 513 4074 καὶ
551 4016 770 4090 ἀληθῶς
800 4015 1131 4087 λελάτρευκε
1183 4014 1333 4086 Θεῷ·
1369 4013 1713 4068 διατετέλεκε
1754 4011 1812 4065 δὲ

217 4111 451 4182 καιροὺς
476 4110 664 4181 ἓτερον
692 4109 778 4164 ἐπ’
804 4108 954 4179 αὐτῷ
976 4107 1115 4161 Θεὸν
1130 4106 1232 4160 οὐκ
1261 4102 1565 4176 ἀνεχομένη
1602 4102 1814 4168 καλεῖν,

217 4204 394 4275 ἤγουν
442 4202 643 4258 εἰδέναι
688 4200 1040 4274 προσκυνεῖν.
1079 4197 1300 4270 Ἐπειδὴ
1345 4197 1404 4251 δὲ
1458 4194 1812 4268 προσεκλήθη

216 4295 338 4349 τισὶ
363 4292 705 4358 διδασκάλοις
732 4293 829 4347 καὶ
859 4291 1100 4355 ἀνοσίοις
1128 4289 1377 4361 ποιμέσι,
1417 4288 1706 4342 πέπτωκεν
1736 4288 1817 4350 εἰς

220 4386 527 4442 ἀπόστασιν
555 4386 654 4458 τὴν
682 4384 794 4440 ἀπὸ
836 4383 1000 4451 Θεοῦ,
1039 4382 1136 4437 καὶ¹
1167 4379 1545 4453 προσεκύνησε
1574 4381 1687 4443 τοῖς
1727 4378 1817 4449 ιρ-

220 4496 345 4550 γοις
373 4478 480 4533 τῶν
516 4479 662 4533 ἰδίων
695 4476 917 4550 χειρῶνο
961 4474 1209 4547 οἰηθεῑσα
1253 4474 1396 4546 τάχα
1444 4487 1575 4537 που,
1613 4472 1713 4525 καὶ
1758 4474 1817 4523 ὲν

224 4572 510 4645 ἀμείνοσιν
545 4570 788 4634 ἔσεσθαι,
815 4569 916 4640 τῆς
942 4568 1080 4641 πρὸς
1112 4567 1246 4621 Θεὸν
1276 4566 1502 4637 ἀγάπης
1541 4562 1819 4631 ὲξολισθή-

226 4682 397 4720 σασα.
433 4663 562 4717 Ἐπὶ
600 4660 813 4726 τούτοις
860 4659 1033 4731 αὐτὴν
1060 4659 1304 4713 αἰτιᾶται
1348 4657 1544 4726 λέγων·
1577 4656 1708 4727 Ι’ῼου
1734 4655 1816 4708 ὃτι

941 4713 1125 4805 πλεῖόν
1151 4768 1204 4804 τι
1227 4748 1390 4815 ἔξεις.
1423 4713 1569 4803 ἒΑλλ’
1597 4713 1700 4802 οὐκ
1731 4747 1824 4800 ὲκ-
1852 4713 1898 4773 D

226 4849 469 4922 ϐέϐηκεν
496 4849 576 4912 εἰς
605 4847 780 4919 πέρας
805 4846 943 4916 αὐτῇ
982 4842 1054 4898 τὰ
1078 4840 1520 4916 προσδοκηθέντα
1546 4840 1651 4911 τῆς
1672 4838 1819 4893 οὕτω

224 4943 446 5015 ψυχρᾶς
482 4940 580 4995 καὶ
615 4938 853 5011 ματαίας
888 4935 1128 5000 ὲλπίδοςο
1167 4934 1428 5004 γεγόνασι
1466 4931 1577 5003 γάρ
1618 4931 1820 5003 μᾶλλον

224 5042 287 5093 ὲν
327 5034 495 5090 παντὶ
534 5031 712 5103 κακῷ.
758 5030 1058 5101 Ἐσχήκασι
1096 5026 1278 5081 τοίνυν
1306 5025 1396 5091 εἰς]
1419 5042 1484 5094 γε
1525 5023 1589 5077 τὸ
1618 5022 1822 5094 εύημε-

231 5131 348 5202 ρεῖν
372 5128 434 5181 τὸ
463 5123 722 5196 περιττὸν
751 5123 928 5188 οὐδὲν,
960 5119 1330 5184 ἀποϐαλόντες
1362 5116 1426 5171 τὸ
1450 5118 1695 5188 γνήσιον,
1726 5115 1822 5168 καὶ

236 5220 290 5272 τὸ
348 5218 562 5287 ἑδραῖον
610 5217 667 5269 ὲν
718 5212 930 5276 τούτοις
977 5211 1174 5285 μικροῦ
1219 5209 1500 5273 παντελῶς
1545 5208 1823 5273 ἀξιοῦντες

234 5309 416 5377 λόγου.
440 5308 628 5363 Retro
643 5307 725 5361 ἔτι
753 5306 946 5360 τούτου
980 5304 1458 5377 παραλογώτερον,
1475 5300 1821 5371 Ἥγάπησας,

233 5404 393 5473 φησὶ,
423 5403 553 5466 τοὺς
581 5400 960 5472 κοιμωμένους
990 5399 1131 5470 μετά
1155 5398 1271 5462 σοῦ,
1291 5392 1704 5466 καὶὲπλήθυνας
1726 5392 1825 5462 τὴν

235 5495 497 5567 πορνείαν
524 5511 618 5548 σου
648 5494 764 5564 μετ’
784 5492 989 5549 αὐτῶν”
1014 5493 1110 5546 καὶ
1132 5491 1439 5558 διαλέγεται
1469 5488 1567 5559 μὲν
1586 5486 1660 5551 ὡς
1689 5484 1824 5559 πρὸς

235 5591 475 5656 γυναῖκα
521 5586 749 5659 πόρνην.
776 5586 933 5650 Τίνες
977 5585 1034 5640 δὲ
1076 5581 1216 5656 ἦσαν
1242 5584 1292 5637 oi
1332 5580 1667 5652 κοιμώμενοι
1708 5575 1824 5650 μετ’

239 5679 445 5751 αὐτῆς,
482 5680 518 5751 ἢ
547 5680 691 5750 τάχα
725 5695 832 5733 που
880 5698 898 5732 ι
926 5674 1363 5747 Ψευδοποιμένες
1411 5672 1688 5743 ἀνθρωττοι
1735 5669 1827 5724 τὸν

383 5857 405 5913 ι
429 5858 573 5915 Tim.
607 5872 680 5923 tv,
709 5854 765 5911 9.

1917 3461 2172 3517 tationem
2209 3463 2456 3519 videntes
2524 3464 2655 3534 quid
2695 3475 3009 3521 secuturum
3060 3468 3156 3522 sit.
3215 3465 3323 3523 Sed
3377 3467 3499 3522 talis

1914 3567 2018 3608 non
2044 3552 2147 3608 fuit
2177 3550 2489 3610 Iudaeorum
2521 3554 2807 3628 Synagoga
2868 3575 2881 3612 ε
2943 3566 3060 3612 erat
3092 3558 3238 3614 enim
3278 3560 3499 3614 subdita

1913 3646 2097 3701 manui
2121 3647 2510 3717 omnipotentis
2532 3647 2651 3714 Dei,
2674 3659 2731 3704 et
2749 3649 2921 3720 gloria
2943 3649 3012 3704 ab
3032 3650 3153 3721 ipso
3169 3652 3493 3718 convestita,

1916 3736 2173 3792 terribilis
2200 3745 2255 3792 et
2287 3738 2653 3794 intolerabilis
2690 3740 2903 3795 exstitit
2939 3740 3206 3805 ﬁnitimis,
3236 3751 3294 3796 et
3340 3752 3498 3812 opta-

1915 3829 2181 3883 tissimam
2204 3843 2357 3899 spem
2380 3830 2589 3896 habuit,
2613 3830 2871 3901 omnique
2896 3831 3157 3888 felicitate
3178 3834 3496 3890 abundavit.

1914 3921 2111 3977 Secuta
2140 3921 2284 3977 enim
2310 3922 2485 3993 legem
2519 3922 2834 3990 Mosaicam,
2865 3933 3061 3979 natura
3087 3935 3145 3981 et
3169 3940 3297 3982 vere
3326 3924 3497 3982 Deum

1915 4014 2111 4081 coluit;
2144 4028 2246 4071 nec
2272 4014 2438 4070 alium
2468 4015 2537 4071 ab
2576 4015 2669 4071 illo
2699 4014 2870 4072 Deum
2901 4016 3065 4087 longo
3091 4025 3342 4089 tempore
3372 4034 3499 4076 sus-

1915 4106 2083 4161 tinuit
2135 4106 2428 4176 appellare,
2461 4121 2564 4163 nec
2606 4107 2772 4162 alium
2820 4109 2972 4163 novit
3027 4111 3277 4167 adorare.
3337 4105 3500 4168 Post-

1916 4215 2079 4270 quam
2106 4210 2286 4256 autem
2313 4200 2381 4255 ad
2405 4199 2672 4271 quosdam
2709 4200 2961 4257 doctores
2998 4201 3164 4258 falsos
3191 4202 3393 4260 defecit
3436 4217 3502 4261 ac

1918 4293 2115 4363 impios
2158 4302 2452 4362 pastores:
2487 4293 2681 4349 recidit
2712 4294 2765 4349 in
2807 4295 3143 4365 apostasiam
3186 4310 3219 4351 a
3268 4297 3401 4366 Deo,
3447 4310 3503 4353 et

1917 4394 2083 4452 opera
2113 4395 2375 4437 manuum
2423 4395 2644 4437 suarum
2683 4383 2951 4452 adoravit,
2982 4394 3099 4440 rata
3132 4384 3384 4443 fortassis
3418 4403 3504 4442 sed

1918 4488 2042 4529 eum
2075 4472 2271 4530 melius
2295 4482 2478 4531 actum
2525 4474 2613 4540 iri,
2664 4476 2759 4531 ubi
2810 4491 2841 4531 a
2899 4478 3166 4533 cbaritate
3222 4478 3315 4532 Dei
3354 4478 3505 4549 lapsa

1922 4564 2135 4620 fuisset.
2169 4562 2332 4620 Hisce
2370 4565 2439 4619 de
2491 4564 2656 4620 rebus
2703 4564 2850 4619 illam
2895 4566 3193 4630 accusavit,
3244 4564 3435 4620 dicens
3485 4583 3501 4620 :

1924 4653 2181 4721 Putabas,
2214 4653 2262 4710 si
2289 4654 2573 4711 recederes
2601 4670 2631 4709 a
2660 4669 2767 4723 me,
2795 4656 2917 4726 plus
2944 4665 2998 4710 te
3027 4655 3365 4710 habiturum.
3399 4654 3505 4710 Sed

1926 4762 2035 4803 non
2064 4757 2430 4817 pervenerunt
2463 4747 2533 4803 ad-
2556 4748 2786 4815 exitum,
2837 4761 2958 4817 qua
3002 4746 3106 4801 hac
3140 4746 3276 4801 adeo
3309 4745 3507 4817 frigida

1920 4847 1977 4894 et
2001 4839 2151 4894 inani
2183 4853 2279 4910 spe
2300 4840 2784 4909 exspectabantur;
2832 4840 2941 4894 imo
2976 4839 3029 4893 in
3061 4838 3317 4893 omnibus
3352 4839 3510 4892 malis

1923 4931 2307 4986 versabantur.
2342 4929 2658 4985 Habuerunt
2687 4930 2851 4999 igitur
2877 4928 3257 4999 prosperitatis
3291 4927 3510 4982 eximia:

1925 5024 2085 5090 nihil,
2127 5037 2250 5078 cum
2287 5036 2473 5077 veram
2523 5021 2758 5077 filiorum
2809 5029 2864 5075 et
2914 5020 3203 5091 genuinam
3257 5028 3508 5074 naturam

1928 5116 2257 5186 abjicerent,
2275 5123 2332 5170 et
2356 5114 2673 5170 firmitatem
2706 5115 3181 5183 constantiamque
3213 5113 3365 5182 parvi
3413 5110 3513 5166 ad-

1927 5209 2145 5263 modum
2176 5208 2453 5262 ducerent.
2483 5205 2553 5261 Et
2578 5206 2722 5276 quod
2755 5205 2931 5261 adhuc
2953 5213 3038 5260 est
3067 5204 3381 5267 absurdius,
3422 5202 3511 5257 di-

1929 5299 2128 5364 lexisti,
2162 5298 2360 5368 inquit,
2393 5298 2733 5354 dormientes“
2754 5308 2952 5365 tecum,
3004 5306 3059 5352 et
3097 5297 3291 5352 crebro
3341 5295 3512 5349 fomi-

1932 5398 2053 5445 cata
2096 5404 2157 5444 es
2190 5404 2312 5444 cum
2364 5389 2500 5458 illis;
2560 5398 2616 5443 et
2673 5402 2794 5444 cum
2858 5402 2929 5442 ea.
2966 5387 3115 5443 velut
3163 5400 3287 5443 cum
3332 5393 3516 5440 scorto

1931 5481 2188 5552 disputat.
2219 5480 2321 5549 Qui
2350 5491 2478 5537 sunt
2505 5495 2638 5551 ergo
2682 5480 3012 5537 domtientes
3061 5492 3189 5534 cum
3219 5477 3318 5533 ea?
3364 5472 3513 5531 ΐοιοί

1932 5582 2183 5644 pastores
2213 5581 2364 5640 sunt,
2398 5572 2491 5643 qui
2519 5580 2759 5628 mentem
2787 5571 3028 5627 inustam
3055 5578 3109 5626 et
3132 5566 3378 5623 cauterio
3408 5578 3512 5619 no-

1935 5672 2103 5719 tatam
2130 5662 2200 5733 ’⁷,
2246 5662 2403 5721 sicuti
2456 5664 2534 5720 ait
2592 5664 2783 5725 beatas
2832 5660 3054 5727 Paulus,
3117 5675 3182 5715 ao
3244 5648 3511 5713 diabolica
