4106 6522
620 388 777 445 ηδε·

1632 379 1706 432 8.
1749 377 2021 434 εγῐιιιιλι
2060 378 2529 437 ALEXANDRINI
2569 381 2892 438 ARCH‘IEP.

3766 382 3917 438 ωσι

619 498 925 574 ignorantia
956 496 1166 568 plenam
1216 495 1439 560 habent,
1480 508 1573 564 qut
1625 493 1730 548 illis
1771 492 1875 547 aria
1909 502 1986 549 vet
2038 507 2197 550 causa

2308 493 3039 566 voﬁvxexaomptaopévm,»
3062 492 3205 546 καθά
3228 510 3390 565 φησιν
3411 494 3439 546 ὁ
3467 493 3746 565 μακάριος
3777 494 3895 547 Παῦ

615 593 872 648 interitus
924 588 1163 653 fuerunt,
1211 586 1279 641 ab
1307 585 1643 656 ingenuitate
1689 599 1850 655 quam
1908 600 2030 639 cum
2091 583 2202 640 Deo

621 685 840 747 habent,
876 681 1228 745 abducentes,
1258 687 1314 733 et
1348 677 1703 733 immitteutes
1738 677 1882 732 velut
1910 676 2202 744 impietatis

613 775 851 839 semina,
894 780 947 826 et
996 769 1388 841 persuadentes
1442 770 1650 822 fructus
1708 782 1899 836 parere
1955 767 2197 833 Satanae,

610 868 831 922 fructus
865 863 1330 927 debacchationis,
1364 861 1575 916 scilicet
1618 861 1670 916 in
1709 860 1894 917 Deum.
1933 860 2199 927 ()uoruup

612 961 738 1015 dam
773 954 1190 1012 fornicationem
1247 954 1444 1009 crebro
1494 952 1748 1007 iteratam
1793 951 2047 1015 dicimus,
2106 968 2199 1006 seu

613 1050 945 1122 apostasiam
975 1062 1004 1101 a
1044 1047 1154 1101 Deo
1187 1063 1202 1101 :
1241 1044 1458 1115 quando
1501 1044 1755 1098 vitiorum
1796 1044 1886 1099 vis
1954 1055 2011 1099 et
2063 1045 2201 1099 ratio

614 1160 719 1197 nou
756 1141 1065 1197 uniusmodi
1096 1147 1188 1193 aut
1230 1137 1520 1192 uniformis
1561 1150 1683 1192 esse
1716 1136 2074 1206 conspicitur;
2108 1137 2199 1191 sed

613 1250 679 1288 cx
718 1234 903 1289 multis
928 1232 1076 1288 velut
1109 1230 1408 1286 sceleribus
1438 1229 1707 1297 completa
1734 1238 1787 1283 et
1835 1229 2088 1294 conﬂata,
2146 1238 2199 1282 et

617 1325 783 1380 multa
814 1325 921 1380 alia
954 1323 1210 1394 parturit,
1234 1323 1303 1377 ob
1336 1336 1457 1392 quae
1489 1320 1840 1376 meritissima
1883 1336 1976 1376 eos
2013 1321 2105 1392 qui
2136 1335 2197 1377 ea

616 1423 835 1484 patrant
861 1417 1032 1486 possit
1081 1413 1500 1482 reprehendere,
1559 1410 1724 1481 802
1790 1421 1916 1481 puta
1977 1412 2021 1465 si
2074 1412 2198 1481 quis

616 1506 877 1565 Satanam
933 1520 1131 1576 capere
1179 1504 1325 1567 velit,
1386 1503 1631 1573 sequitur
1678 1505 1901 1557 omnino
1956 1512 2014 1557 nt
2064 1503 2199 1557 nihil

615 1600 733 1656 sani
769 1607 862 1654 aut
892 1599 1027 1654 recti
1075 1595 1439 1667 aggrediatur,
1470 1597 1538 1664 let
1567 1594 1618 1648 in
1651 1608 1869 1649 omnem
1918 1595 2059 1649 viam
2100 1609 2197 1649 ne-

617 1689 765 1744 faris:
798 1697 852 1745 et
876 1686 1543 1756 exsecrandaevoluptatis
1588 1686 1737 1741 velut
1766 1686 2069 1755 abjiciatur.
2104 1686 2199 1740 Af—

618 1785 745 1841 finia
775 1796 993 1855 quoque
1025 1779 1396 1836 talibus‘vitiis
1425 1794 1545 1834 esse
1565 1788 1789 1849 possunt
1812 1788 1867 1834 et
1895 1779 1999 1834 alia
2034 1780 2195 1845 mala,

610 1859 924 1948 Iirmstigiae,
951 1872 1360 1939 necromantiae,
1392 1880 1441 1926 et
1487 1886 1673 1927 eorum
1702 1873 1795 1943 qui
1826 1873 2193 1943 prodigiorum
2229 1852 2270 1907 Β

616 1974 941 2043 interpretes
974 1977 1105 2025 sunt
1139 1966 1361 2023 inutiles
1394 1965 1617 2033 fabulae,
1647 1966 1779 2023 falsa
1825 1967 2102 2034 vaticinia,
2132 1982 2197 2023 ac

616 2064 1034 2127 incantationes,
1082 2069 1138 2116 et
1194 2059 1592 2129 astrologorum
1644 2059 2034 2131 sycophantiae,
2083 2060 2197 2115 die-

616 2172 866 2228 rumque,
894 2157 1177 2219 borarum,
1223 2164 1526 2223 temporum
1558 2163 1612 2209 et
1640 2169 1905 2209 annorum
1938 2155 2196 2210 observa-

619 2253 710 2308 tio.
746 2252 843 2314 Ita,
885 2248 1081 2318 inquit,
1114 2248 1309 2302 crebro
1349 2245 1616 2301 fornicata
1667 2262 1747 2311 es,
1794 2246 2195 2302 multosfecisti

614 2345 707 2417 qui
735 2342 922 2414 procul
954 2350 1081 2396 sunt
1111 2339 1208 2395 abs
1241 2348 1310 2395 te.
1350 2338 1452 2405 Qui
1491 2347 1671 2394 autem
1719 2339 1774 2393 hi
1828 2339 1959 2407 sint,
2005 2354 2194 2395 rursus

615 2435 905 2491 videndum
927 2442 1013 2489 est
1035 2430 1365 2489 necessario.
1400 2429 1495 2484 Vel
1522 2431 1667 2484 enim
1698 2439 1920 2485 sanctos
1966 2431 2196 2500 prophe-

616 2537 699 2583 tas
720 2526 873 2593 dicit,
908 2524 1002 2596 qui
1032 2540 1159 2580 cum
1189 2538 1309 2580 eam
1340 2520 1481 2576 ultra
1507 2535 1724 2575 omnem
1759 2522 2038 2577 audaciam
2071 2536 2198 2593 pro-

615 2634 879 2691 gressam,
904 2627 959 2671 et
1000 2617 1056 2673 in
1103 2630 1264 2671 omne
1315 2629 1484 2684 genus
1535 2614 1829 2684 impietatis
1884 2625 2193 2685 provectam

613 2724 926 2776 cernerent,
952 2710 1020 2765 ab
1049 2724 1112 2765 ea
1148 2707 1294 2764 velut
1320 2707 1603 2777 inquinata
1640 2716 1996 2771 recesserunt,
2027 2720 2196 2777 prope

616 2804 934 2867 clamantes,
992 2810 1049 2860 et
1088 2801 1373 2856 dicentes:
1414 2819 1431 2852 ι
1479 2799 1804 2855 Curavimus
1846 2800 2192 2872 Babylonem,

616 2904 670 2949 et
693 2909 799 2951 non
833 2902 1022 2949 sanata
1068 2902 1170 2948 est.
1223 2891 1616 2961 Relinquamus
1657 2907 1798 2956 eam,
1834 2903 1890 2947 et
1940 2894 2197 2949 abeamus

616 2988 848 3057 quisque
894 2986 947 3039 in
982 2994 1188 3040 terram
1225 2998 1414 3049 suam;
1470 2984 1599 3053 quia
1639 2982 2091 3054 appropinquavit
2129 2983 2196 3039 ad

616 3078 813 3134 celum
842 3077 1109 3147 judicium
1150 3077 1287 3147 ejus,
1338 3085 1393 3130 et
1449 3075 1723 3131 sublatura
1784 3086 1867 3131 est
1910 3090 2078 3145 usque
2128 3078 2196 3131 ad

2304 593 2412 657 λος,
2446 595 2539 647 καὶ
2564 590 2768 663 ἀχλύος
2792 590 3014 661 ἔμπλεῳ
3046 587 3383 657 διαϐολικῆςς
3415 583 3577 641 Οὗτοι
3612 587 3913 656 γεγόνασιν

2303 687 2466 756 αὐτῇ,
2490 685 2587 739 καὶ
2610 684 2752 749 ὁδὸς,
2782 683 2876 737 καὶ
2905 682 3183 753 πρόφασις
3210 679 3507 744 ἀπωλείας,
3532 679 3913 751 ἀποφέροντες

2306 780 2403 850 μὲν
2447 780 2548 850 τῆς
2578 776 2723 849 πρὸς
2760 775 2893 830 Θεὸν
2924 772 3301 844 γνησιότητος,
3333 771 3570 833 ἐνιέντες
3604 770 3668 822 δὲ
3718 770 3910 840 ὥσπερ

2296 872 2369 924 τὰ
2401 871 2500 940 τῆς
2529 866 2849 928 δυσσεϐείας
2897 864 3209 935 σπέρματα,
3240 862 3335 916 καὶ
3366 862 3752 933 καρποφορεῖν
3788 859 3911 911 dva-

2302 968 2581 1029 πείθοντες
2616 962 2692 1035 τῷ
2736 962 2951 1032 Σατανᾷ
2981 960 3083 1031 τῆς
3132 958 3274 1012 κατὰ
3301 956 3437 1011 Θεοῦ
3490 956 3798 1026 παροινίας
3847 956 3911 1006 τὰ

2301 1060 2642 1130 ἐγκλήματα.
2694 1052 3068 1125 Πληθύνεσθαι
3113 1052 3170 1105 δέ
3220 1069 3403 1122 φαμεν
3435 1051 3539 1121 τήν
3566 1067 3740 1103 τινων
3784 1065 3909 1116 πορ-

2301 1152 2471 1214 νείαν,
2514 1152 2634 1221 ἦτοι
2668 1150 2768 1220 τὴν
2816 1148 3122 1203 ἀπόστασιν
3154 1145 3255 1216 τὴν
3301 1143 3411 1197 ἀπὸ
3452 1142 3615 1206 Θεοῦ,
3659 1142 3753 1194 ὅτε
3805 1141 3911 1192 τῶν

2301 1243 2641 1316 αἰτιαμάτων
2682 1244 2715 1313 ἡ
2748 1241 3001 1313 δύναμις,
3056 1240 3118 1293 οὐ
3149 1238 3479 1311 μονότροπος
3510 1231 3655 1288 οὖσα
3689 1235 3789 1287 καὶ
3817 1252 3909 1302 μο-

2302 1336 2506 1408 νοειδὴς
2526 1337 2718 1407 ὁρᾶται
2750 1334 2931 1405 τυχὸν,
2960 1333 3074 1387 ἀλλ’
3098 1331 3173 1396 ὡς
3204 1332 3270 1383 ἐκ
3302 1328 3505 1398 πολλῆς
3539 1328 3688 1396 ἄγαν
3728 1326 3910 1379 σκαιό-

2299 1447 2460 1502 τητος
2495 1426 2909 1499 ἐπιτελουμένη,
2940 1426 3035 1480 καὶ
3062 1422 3238 1477 πολλὰ
3266 1421 3389 1475 κατ’
3418 1420 3603 1473 αὐτῶν
3634 1417 3909 1471 ὠδίνουσα

2298 1521 2368 1573 τὰ
2398 1519 2481 1589 ἐφ’
2505 1513 2585 1581 οἷς
2609 1517 2672 1572 ἄν
2702 1533 2787 1579 τις
2820 1514 3317 1586 καταμωμήσαιτο,
3343 1509 3440 1562 καὶ
3475 1507 3623 1578 μάλα
3654 1505 3904 1567 δικαίως,

2299 1613 2426 1677 τοὺς
2448 1611 2693 1684 δρῶντας
2713 1607 2873 1662 αὑτά·
2901 1600 3012 1661 οἶόν
3041 1606 3095 1659 τί
3126 1617 3292 1675 φημν
3327 1600 3652 1670 Παρέπεται

2299 1706 2376 1777 τῷ
2402 1702 2724 1774 θεραπεύειν
2752 1699 2979 1755 ἑλέσθαι
3013 1698 3106 1752 τὸν
3151 1696 3397 1750 Σατανᾶν
3443 1693 3505 1746 ab
3544 1692 3722 1763 μηδὲν
3756 1692 3907 1757 ὑγιὲς

2298 1797 2587 1870 ἀνέχεσθαι
2613 1797 2767 1868 aper
2799 1790 3235 1865 διαρῤιπτεῖσθαι
3276 1789 3332 1842 δὲ
3362 1787 3554 1859 ὥσπερ
3592 1788 3679 1845 εἰς
3728 1788 3905 1838 πᾶσαν

2298 1890 2416 1945 ὁδὸν
2446 1888 2708 1961 ίβεὸήλου
2742 1903 2802 1939 τε
2856 1883 2949 1938 καὶ⁹
2984 1882 3244 1953 βδελυρᾶς
3272 1879 3497 1949 ἡδονῆς·
3532 1875 3818 1946 σύνδρομα
3846 1875 3903 1926 δὲ

2298 1981 2409 2041 τοῖς
2440 1977 2703 2041 τοιούτοις
2736 1974 3058 2045 αἰτιάμασιν
3080 1967 3202 2024 -εἷεν
3235 1969 3302 2024 ἂν
3334 1968 3429 2022 καὶ
3477 1969 3551 2021 τὰ
3592 1967 3769 2035 ἕτερα
3794 1966 3905 2018 τῶν

2297 2069 2554 2124 τοιούτων
2610 2068 2799 2122 κακῶν
2824 2106 2839 2133 ,
2888 2063 3130 2136 γοητεϊαί
3179 2079 3237 2115 τε
3308 2062 3402 2115 καὶ
3448 2060 3899 2129 νεκυομαντεῖαι.

2298 2162 2392 2217 καὶ
2434 2160 2504 2217 τὰ
2535 2160 2643 2214 τῶν
2683 2156 3102 2231 τερατοσκόπων
3136 2155 3332 2226 ἀχρεῖα
3381 2151 3661 2223 μυθάρια,
3713 2150 3904 2218 ψευὼο

2301 2254 2549 2326 μαντεῖαί
2572 2270 2630 2306 τε
2664 2249 3139 2321 καὶὲπῳδαῂκαὶ
3163 2248 3218 2300 αἱ
3257 2245 3365 2300 τῶν
3412 2242 3901 2314 ἀστρολογούντων

2300 2344 2671 2415 συκοφαντίαι,
2722 2344 2818 2397 καὶ
2849 2339 3072 2413 ἡμερῶν
3102 2340 3446 2409 ὲπιτήρησις,
3472 2335 3643 2408 ὠρῶν
3677 2352 3743 2388 τε
3769 2336 3901 2406 πρὸς

2296 2440 2491 2511 τούτῳ,
2523 2438 2731 2510 καιρῶν
2769 2434 3173 2491 καὶνὲνιαυτῶν.
3198 2431 3377 2499 Οὕτω,
3417 2430 3582 2501 φησὶ,
3610 2429 3719 2500 τὴν
3748 2446 3893 2482 σεαυο

2297 2532 2399 2603 τῆς
2430 2531 2691 2603 πορνείαν
2740 2527 3123 2600 πληθύνουσα,
3175 2522 3403 2583 πολλοὺς
3452 2520 3732 2591 ἐποίησας
3780 2521 3899 2583 τώς

2302 2624 2521 2696 μακρὰν
2548 2622 2657 2677 ἀπὸ
2681 2620 2796 2675 σοῦ.
2825 2619 2943 2674 Καὶ
2981 2617 3127 2680 τίνες
3158 2616 3223 2670 ἃν
3262 2611 3369 2668 εἷεν
3399 2607 3571 2674 οὗτοι,
3601 2613 3898 2680 ἀναγκαῖον

2298 2717 2460 2771 πάλιν
2493 2716 2639 2769 ἰδεῖν.
2680 2714 2750 2767 Ἢ
2776 2713 2889 2782 γὰρ
2919 2711 3046 2774 τοὺς
3083 2708 3270 2778 ἁγίους
3302 2706 3594 2776 προφήτας
3628 2705 3821 2774 φησὶν,
3849 2704 3897 2754 οε

2299 2812 2443 2883 πέρα
2482 2809 2718 2881 θράσους
2749 2804 2933 2861 ίοῦσαν
2960 2803 3162 2866 παντὸς
3187 2800 3422 2872 ὁρῶντες
3461 2799 3661 2869 αὐτὴν,
3698 2799 3796 2851 καὶ
3822 2799 3900 2860 είς

2298 2900 2449 2972 λῆξιν
2497 2899 2716 2970 ἁπάσης
2761 2896 3078 2966 ὰφιλοθεῒας
3117 2892 3470 2955 ἐλαύνουσαν,
3516 2892 3897 2960 ἀπεφοίτησαν

2301 2993 2471 3064 αὐτῆς
2502 2992 2577 3055 ὡς
2609 2988 3049 3062 μεμολυσμένης,
3074 2984 3369 3057 μονονουχὶ
3403 2982 3666 3052 βοῶντες,
3697 2987 3793 3034 καὶ
3820 2984 3898 3035 λέο

2302 3101 2508 3153 γοντεςο
2542 3100 2559 3134 ι
2586 3080 2967 3153 ’ἰατρεύσαμεν
2994 3079 3090 3149 τὴν
3118 3074 3432 3137 Βαϐυλῶνα,
3465 3075 3563 3127 καὶ
3610 3075 3712 3127 οὐκ
3748 3076 3892 3143 ἰάθη·

616 3180 763 3227 astra
798 3171 865 3225 ⁸⁸.
911 3190 930 3223 ι
962 3169 1097 3237 Quia
1126 3170 1271 3225 enim
1308 3166 1545 3237 Babylon
1598 3168 1872 3222 nominata
1916 3176 2001 3223 est
2055 3177 2196 3223 terra

2301 3174 2757 3245 ἐγκαταλίπωμεν
2791 3172 2981 3242 αὐτὴν,
3027 3170 3119 3224 καὶ
3157 3169 3487 3240 ἀπέλθωμεν
3534 3170 3772 3231 ἕκαστος
3820 3168 3895 3229 τίς

616 3263 963 3334 aculptilium,
1015 3271 1071 3317 et
1128 3262 1318 3318 eodem
1384 3262 1575 3317 morbo
1636 3260 1868 3330 turpiter
1929 3260 2196 3315 laboravit

614 3352 915 3409 Jerusalem
956 3369 970 3406 :
1007 3350 1132 3409 hinc
1182 3349 1305 3418 jure
1356 3350 1561 3418 optimo
1607 3363 1729 3403 eam
1794 3357 1986 3402 vocant
2029 3347 2194 3402 divini

617 3443 896 3516 propheta:
922 3442 1275 3513 Babylonem.
1310 3438 1409 3495 Vel
1442 3440 1689 3494 fortassis
1723 3438 1918 3493 multos
1950 3437 2078 3493 fecit
2105 3454 2197 3494 eos

617 3537 713 3607 qui
757 3533 946 3604 procul
991 3549 1020 3588 a
1060 3548 1139 3589 se.
1177 3531 1310 3586 Nam
1359 3530 1713 3588 finitimarum
1746 3530 1987 3600 gentium
2021 3528 2199 3585 cultus

617 3641 673 3688 et
698 3627 834 3683 falso
853 3625 1161 3683 nominatos
1195 3625 1335 3693 apud
1363 3638 1609 3694 quosque
1652 3623 1779 3679 deos
1832 3623 2045 3679 curiose
2078 3638 2199 3693 per-

619 3720 969 3790 vestigantes,
997 3732 1093 3773 eos
1122 3717 1551 3780 accersiverunt,
1588 3724 1642 3771 et
1673 3715 1781 3771 illis
1829 3715 2193 3781 adhmserunt,

618 3821 673 3868 et
702 3810 794 3865 alii
831 3810 951 3875 bos,
982 3808 1073 3863 alii
1100 3807 1221 3863 illos
1250 3808 1556 3863 coluerunt.
1597 3807 1739 3862 Dixit
1771 3807 2026 3863 nimirum
2050 3807 2195 3864 Dens

618 3901 815 3959 alicubi
845 3915 979 3956 voce
1027 3897 1278 3956 Jeremiae
1339 3918 1353 3954 :
1414 3916 1431 3950 ι
1494 3898 1598 3954 Pro
1639 3914 1869 3954 numero
1914 3899 2194 3955 civitatum

619 4008 834 4051 tuarum
864 4002 1022 4049 erant
1050 3993 1124 4049 dii
1158 3994 1279 4057 tibi,
1310 3991 1475 4057 Iuda,
1513 4003 1701 4063 ctapro
1734 4006 1959 4047 numero
1982 3993 2194 4049 viarum

613 4084 917 4143 Jerusalem
951 4084 1334 4139 construxistis
1368 4097 1493 4138 aras
1523 4085 1590 4138 ad
1622 4081 1854 4138 sutIitum
1887 4084 2193 4139 faciendum

617 4176 743 4230 Baal
767 4176 834 4229 θ’.
869 4193 887 4226 ι
923 4174 1036 4229 lloc
1062 4174 1226 4228 etiam
1273 4172 1510 4228 arbitror
1552 4174 1810 4229 denotare
1845 4174 1952 4229 :Et
1998 4175 2193 4230 misisti

617 4268 821 4329 legatos
842 4265 988 4325 ultra
1018 4264 1278 4319 terminos
1307 4275 1452 4319 tuos.
1483 4264 1597 4319 Non
1621 4264 1764 4319 enim
1800 4266 2041 4321 contenti
2068 4276 2197 4322 sunt

616 4354 976 4423 praesentibus
999 4353 1139 4423 apud
1168 4369 1227 4409 se
1257 4355 1381 4419 diis,
1417 4354 1531 4419 sed,
1567 4363 1625 4407 ut
1663 4352 1799 4418 dixi.
1829 4354 1965 4409 alios
1998 4356 2194 4409 multos

614 4445 986 4513 accersebant,
1015 4454 1176 4515 prout
1195 4445 1428 4514 quisque
1449 4443 1553 4499 sibi
1581 4444 1777 4498 bonmn
1812 4459 1936 4500 esse
1965 4458 2192 4515 persua-

614 4543 779 4591 serat.
814 4532 911 4588 Vel
958 4534 1120 4589 etiam
1165 4550 1179 4589 :

615 4636 755 4691 tuos,
789 4625 1100 4696 signiﬁcare
1134 4634 1329 4695 potest,
1365 4624 1504 4679 ultra
1536 4639 1843 4679 mensuram
1876 4640 1939 4680 ac
1971 4626 2191 4682 modum

617 4718 903 4776 commissa
936 4729 1021 4774 est
1052 4719 1119 4773 ab
1151 4718 1259 4773 illis
1293 4716 1601 4781 fornicatio,
1631 4726 1688 4771 ut
1716 4717 1889 4771 instar
1920 4718 2191 4787 parabolae

611 4824 711 4865 vox
741 4820 1028 4881 usurpetur
1077 4809 1145 4864 de
1166 4810 1231 4863 iis
1257 4809 1347 4879 qui
1383 4808 1436 4862 in
1473 4823 1529 4862 re
1554 4822 1769 4879 quaque
1806 4807 1943 4862 ultra
1970 4809 2186 4865 modqu

610 4911 660 4956 et
686 4916 899 4972 aequum
932 4900 1219 4972 prodeunt.

2299 3265 2399 3335 τὴν
2443 3265 2546 3336 γῆν
2574 3262 2789 3317 ἑαυτοῦ·
2820 3264 2901 3316 ὅτι
2931 3262 3161 3333 ἤγγικεν
3200 3262 3280 3323 εἰς
3325 3259 3561 3330 οὐρανὸν
3612 3259 3675 3311 τὸ
3722 3261 3893 3329 κρῖμα

2298 3353 2493 3425 αὐτῆς,
2538 3354 2630 3406 καὶ
2658 3353 2851 3423 ἐξῆρεν
2878 3352 2985 3415 ἕως
3017 3351 3255 3422 ἄστρωνο
3297 3368 3316 3401 ι
3346 3349 3492 3420 (ἐπεὶ
3519 3348 3641 3418 γὰρ
3674 3349 3749 3416 γῆ
3791 3348 3894 3400 τῶν

2297 3445 2551 3515 γλυπτῶν
2586 3442 2880 3514 ὠνομάσθη
2921 3440 3196 3505 Βαόυλὼν,
3242 3439 3487 3502 ἐκτόπως
3520 3441 3579 3491 δὲ
3611 3438 3771 3493 τοῦτο
3814 3456 3892 3492 νε-

2297 3537 2527 3607 νόσηκεν
2564 3535 2953 3607 Ἰερουσαλὴμ,
2996 3535 3095 3587 καὶ
3141 3533 3392 3606 ταύτῃτοι
3424 3535 3522 3587 καὶ
3569 3534 3719 3604 μάλα
3749 3532 3887 3585 εικό-

2297 3644 2404 3691 τως
2450 3625 2743 3681 Βαϐυλῶνά
2772 3644 2935 3695 φασιν
2963 3625 3133 3698 αὐτὴν
3161 3628 3208 3679 οἱ
3242 3624 3883 3697 θεσπέσιοιξπροσρῆταιὴ

2297 3720 2330 3790 ἢ
2362 3721 2502 3790 τάχα
2533 3736 2656 3783 που,
2686 3717 2914 3780 πολλοὺς
2942 3719 3209 3789 πεποίηκε
3238 3720 3365 3782 τοὺς
3401 3718 3622 3789 μακρὰν
3653 3719 3751 3785 ἀφ’
3777 3720 3885 3770 £29-

2295 3810 2418 3878 τῆς,
2454 3809 2949 3879 Περιεργαξόμενοι
2985 3807 3094 3878 γὰρ
3120 3809 3185 3861 τὰ
3214 3808 3323 3861 τῶν
3350 3809 3571 3879 ὁμόρων
3601 3807 3778 3861 seu},
3807 3824 3882 3860 π-

2298 3898 2576 3971 σάσματα,
2611 3900 2703 3953 καὶ
2735 3900 2861 3963 τοὺς
2893 3902 3021 3972 παρ’
3046 3901 3261 3969 ἑκάστῳ
3284 3899 3676 3969 ψευδωνύμως
3708 3899 3879 3962 θεοὺς,

2297 3986 2518 4052 τούτους
2555 3987 2990 4058 μετεπέμποντο·
3026 3988 3376 4059 προσέκειντο
3399 3987 3455 4040 δὲ
3484 3988 3580 4039 καὶ
3608 3987 3883 4057 λελατρεύο

2297 4096 2474 4141 κασιν,
2501 4080 2549 4132 οἱ
2586 4079 2683 4150 μὲν
2713 4079 2954 4145 τούτοις,
2996 4080 3045 4134 οἱ
3072 4080 3129 4134 δὲ
3162 4080 3411 4142 ἐκείνοις.
3456 4079 3568 4131 Καὶ
3607 4079 3744 4147 γοῦν
3782 4080 3877 4147 ter

2299 4188 2401 4225 που
2430 4171 2563 4234 Θεὸς
2598 4171 2685 4225 διὰ
2717 4170 2817 4242 τῆς
2847 4171 3113 4243 Ἰερεμίου
3147 4174 3351 4241 φωνῆς,
3379 4172 3460 4223 ὅτι
3493 4190 3511 4221 ι
3547 4171 3708 4224 Κατὰ
3771 4173 3881 4241 ἀρε-

2300 4263 2435 4334 θμδν
2463 4263 2571 4316 τῶν
2604 4263 2813 4317 πόλεών
2842 4280 2937 4316 σου
2977 4259 3118 4335 ἦσαν
3148 4266 3196 4316 οἱ
3242 4263 3354 4317 θεοί
3397 4279 3514 4325 σου,
3552 4264 3753 4325 Ἰούδα,
3795 4263 3879 4316 καὶ

2298 4354 2440 4408 κατὰ
2479 4353 2711 4425 ἀριθμὸν
2756 4355 2944 4415 διόδων
2969 4355 3067 4425 τῆς
3099 4354 3457 4426 Ἰερουσαλὴμ
3489 4354 3721 4416 ἐτάξατε
3766 4353 3877 4421 gu-

2302 4447 2435 4514 μοὺς
2481 4446 2681 4517 θυμιᾷν
2715 4446 2792 4516 τῷ
2828 4445 2993 4499 Βαάλ.
3021 4465 3039 4496 ι
3074 4446 3237 4499 Τουτὶ
3262 4445 3319 4499 δὲ
3359 4440 3513 4515 οἶμαι
3549 4443 3876 4514 καταὶῃλοῦν

1234 4532 1425 4589 Misisti
1485 4532 1688 4601 legatos
1742 4533 1883 4588 ultra
1935 4534 2195 4591 terminos

2302 4536 2395 4589 καὶ
2429 4536 2510 4602 τὸ,
2550 4536 2897 4600 Ἀπέστειλας
2929 4537 3189 4608 πρέσῦεις
3216 4536 3356 4607 ὑπὲρ
3397 4536 3465 4588 τὰ
3489 4535 3616 4606 ὅρια
3661 4551 3775 4589 σου.
3804 4533 3874 4585 υὺ

2294 4628 2400 4698 γὰρ
2426 4627 2758 4699 ἀρκούμενοι
2788 4630 2899 4692 τοῖς
2929 4626 3164 4700 παροῦσι
3194 4627 3349 4698 παρὰ
3377 4627 3529 4696 σφίσι
3556 4627 3719 4689 θεοῖς,
3753 4642 3872 4694 μετα

2294 4718 2637 4789 επέμποντο.
2683 4718 2935 4791 καθάπερ
2996 4717 3154 4789 ἔφην,
3215 4720 3310 4772 καὶ
3347 4716 3577 4780 πολλοὺς
3637 4717 3871 4787 ἑτέρους.

2289 4810 2510 4865 ἕκαστοι
2544 4812 2685 4866 κατὰ
2726 4813 2787 4866 τὸ
2824 4813 3008 4880 αὐτοῖς
3056 4808 3114 4867 εὖ
3158 4812 3304 4884 ἔχειν
3352 4812 3781 4883 ὑπειλημμένον.
3806 4812 3867 4862 Ἦ

2291 4904 2431 4973 τάχα
2455 4920 2559 4956 που
2584 4904 2664 4969 τὸ,
2708 4904 3060 4970 Ἀπέστειλας
3076 4906 3334 4979 πρέσϐεις
3355 4905 3498 4977 ὑπὲρ
3512 4905 3581 4958 τὰ
3608 4904 3735 4973 ὃριά
3763 4918 3866 4959 σου.

608 4993 1052 5065 κατασημήνειεν
1078 4993 1163 5055 ἂν,
1194 4993 1277 5045 δτι
1323 4990 1471 5063 πέρα
1518 4992 1719 5062 μέτρου
1752 4991 1884 5062 παρ’
1922 4991 2105 5055 αῧτθῖς
2148 4992 2216 5049 τὰ
2256 4994 2353 5064 τῆς
2385 4999 2640 5065 πορνείας
2700 4997 3024 5067 ἐπράττετο,
3053 4998 3117 5050 ἵν’
3142 4997 3219 5062 ὡς
3248 4999 3305 5053 ὲν
3341 4997 3530 5067 τρόπῳ
3563 4993 3867 5065 παραϐολῆς

605 5080 665 5134 τὸ
706 5083 1000 5150 λεγόμενον
1029 5080 1085 5155 ᾗ,
1116 5083 1210 5135 καὶ⁸
1253 5082 1478 5153 σύνηθες
1520 5083 1881 5154 ἐπιφώνημα.
1923 5085 2035 5146 τοῖς
2102 5084 2358 5142 ἐπέκεινα
2387 5090 2482 5143 τοῦ
2510 5092 2714 5154 εἰκότος
2762 5091 2848 5160 ἐφ’
2909 5089 3126 5161 ἑκάστῳ
3161 5088 3270 5145 τῶν
3340 5089 3683 5161 πραγμάτων
3742 5084 3864 5143 ίοῦσι

607 5171 919 5245 λεγόμενον.

682 5266 851 5325 Vens.
891 5266 978 5323 10.
1016 5265 1084 5322 Et
1109 5268 1429 5333 convenisti,
1455 5275 1505 5322 et
1535 5266 1817 5322 humilium
1842 5283 1894 5321 es
1934 5283 2096 5338 usque
2118 5268 2186 5319 ad

608 5359 842 5430 inferos;
890 5358 1070 5414 multis
1094 5360 1365 5414 itineribus
1391 5361 1493 5413 tuis
1522 5359 1799 5421 laboraui,
1832 5375 1922 5411 nec
1954 5359 2137 5412 dixisti
2169 5373 2187 5409 :

616 5451 859 5508 Desinant
895 5454 1217 5522 confortata.
1250 5450 1394 5515 Quia
1423 5451 1593 5519 fecisti
1622 5451 1756 5514 hac,
1789 5463 2061 5520 propterea
2089 5467 2192 5504 non

678 5627 725 5662 ’⁸
746 5628 856 5687 Jer.
889 5644 962 5696 ιι,
995 5627 1052 5685 9.
1125 5625 1172 5660 ⁹⁹
1202 5624 1313 5683 Jer.
1345 5642 1405 5693 tt,
1429 5625 1519 5680 28.

2362 5266 2471 5320 Kal
2488 5267 2875 5337 ἀπέστρεψας
2897 5267 2996 5339 (1),
3033 5267 3133 5322 καί
3148 5266 3547 5335 ἐταπεινώθης
3564 5267 3674 5333 ἕως
3704 5267 3862 5333 ᾅδου.

2303 5358 2436 5425 Ταῖς
2466 5359 2823 5427 πολυοδίαις
2852 5373 2969 5414 σου
2997 5360 3350 5425 ἐκοπίασας,
3381 5360 3480 5413 καὶ
3520 5363 3631 5413 οὐκ
3678 5356 3862 5424 εἶπας·

2298 5450 2611 5520 [Ιαύσομαι
2644 5451 3040 5520 ἐνισχύουσα.
3074 5452 3205 5506 Ὅτι
3234 5450 3503 5520 ἔπραξας
3537 5450 3743 5515 ταῦτα,
3771 5448 3862 5503 διὰ

680 5804 759 5874 (t)
792 5806 898 5861 Καὶ
929 5803 1335 5874 ἀπέστρεψας.
1371 5803 1574 5859 Desunt
1652 5800 1765 5857 hac
1833 5799 1997 5857 verba
2032 5801 2083 5855 in
2123 5802 2251 5856 edit.
2291 5799 2450 5854 LXX.
