4140 6488
223 425 370 483 ίσὶϐὄ

1313 426 1381 482 IN
1416 428 1652 485 ISAIKM
1691 428 1822 485 LIB.
1863 430 1927 486 Υ.
1967 427 2205 486 TOMUS
2241 425 2334 484 Ill.

3341 427 3478 487 ηας

218 541 406 596 τοῦτο
435 541 508 594 οὐ
540 538 901 607 κατεδεήθης
925 557 1064 609 μου·
1113 539 1194 594 σὺ
1234 541 1367 596 τινα
1406 542 1794 611 εὐλαϐηθεῖσο

1905 541 2068 612 803
2103 545 2301 612 rogasti
2327 558 2440 606 me;
2471 550 2740 608 ιηςηιιεηιο
2772 540 2960 597 timens
2996 552 3270 610 perterrita
3323 563 3399 611 es,
3427 555 3477 600 et

213 630 563 701 ἐφοϐήθης,
586 632 686 686 καὶ
713 631 956 700 ἐψεύσω
985 650 1063 702 με
1082 649 1101 695 ;
1652 691 1654 694 ,

298 721 364 776 Τί
403 720 464 775 τὸ
490 720 664 792 πέρας
709 721 808 791 τῆς
850 722 1201 789 ἀποστάσεως
1238 727 1337 795 τῆς
1367 725 1476 779 ἀπὸ
1514 724 1672 789 Θεοῦ,
1703 726 1804 796 τῆς

211 809 539 881 ἀμετρήτου
561 808 839 878 πορνείας,
870 811 964 864 καὶ
989 811 1100 865 τῶν
1117 814 1347 867 ἀνοσίων
1367 815 1801 886 ἐγχειρημάτων,

211 901 343 970 ἦτοι
384 899 483 970 τῆς
511 899 867 972 ἀποστροφῆς
895 902 1004 956 ἀπό
1032 919 1095 971 γε
1129 903 1236 958 τῶν
1266 905 1563 976 ἀμεινόνων
1602 905 1695 958 ἐπὶ
1737 905 1804 958 τά

211 993 453 1064 χείρωλ⁴
475 991 538 1045 Ἡ
578 992 660 1054 είς
685 991 856 1064 ἄκρον
882 993 1232 1061 ταπείνωσις.
1251 996 1344 1048 καὶ
1368 995 1428 1048 τὸ
1455 995 1801 1061 καθικέσθαι,

215 1087 422 1154 φησιν,
469 1086 564 1149 είς.
604 1085 666 1138 τὸ
717 1086 818 1157 τῆς
861 1086 1136 1151 ἀπωλείας
1176 1087 1474 1141 κατωτάτω
1508 1088 1802 1160 βάραθρον.

229 1175 454 1248 Ἐπειδὴ
519 1175 630 1246 γὰρ
675 1177 775 1230 οὐκ
826 1177 1097 1248 ἠθέλησας
1141 1178 1319 1248 ὑψηλὴ
1364 1178 1657 1248 διαμεῖναι,
1709 1178 1804 1234 καὶ

214 1268 560 1339 ἀκράδαντον
593 1267 740 1340 ἔχειν
769 1269 868 1341 τὴν
905 1271 1227 1342 εὐημερίαν,
1267 1269 1524 1340 ταύτῃτοι
1571 1271 1803 1339 γέγονας

213 1362 472 1429 ταπεινή.
504 1361 629 1414 Ὅτι
661 1362 768 1432 γὰρ
801 1362 994 1436 ὑψηλοί
1025 1381 1168 1428 τινες
1193 1359 1334 1433 ἦσαν
1367 1365 1416 1417 oi
1464 1363 1522 1431 ἐξ
1565 1365 1799 1436 Ἰσραὴλ,

214 1450 288 1503 τό
308 1467 373 1519 γε
390 1447 525 1523 ἧκον
544 1454 624 1516 είς
644 1452 798 1518 δόξαν
821 1455 919 1526 τὴν
949 1455 1100 1528 παρά
1122 1455 1456 1525 Θεοῦ,σαφὲς
1480 1457 1545 1511 ἂν
1567 1458 1798 1526 γένοιτο,

214 1540 469 1610 λέγοντος
491 1543 656 1597 αὑτοῦ
677 1544 775 1599 διὰ-
787 1546 972 1618 φωνῆς
986 1547 1207 1601 Ἡσαΐου
1229 1548 1566 1621 περὶαύτῶν·
1592 1569 1610 1601 ι
1628 1549 1801 1613 ’Υηίοὺς

214 1632 505 1704 ἐγέννησα,
528 1637 624 1689 καὶ
667 1635 912 1706 ὔψωσα.»
935 1639 1143 1694 Οὐκοῦν
1180 1641 1512 1712 αὐτόκλητον
1544 1641 1656 1712 ἔχει
1700 1642 1802 1713 τὴν

212 1724 546 1778 ταπείνωσιν
570 1739 584 1756 ⁸
609 1725 972 1797 δεδυσσέὸηκε
1013 1726 1120 1800 γὰρ
1144 1729 1225 1792 είς
1255 1727 1344 1781 τὸν
1371 1727 1613 1797 ὑψοῦντα
1631 1727 1764 1783 Θεόν
1782 1745 1795 1759 ⁰

211 1816 612 1870 τεταπείνωται
658 1817 715 1870 δὲ
753 1817 875 1871 τίνα
923 1818 1146 1888 τρόπον,
1189 1820 1552 1875 διαδείκνυσιν
1600 1819 1794 1885 εὐθύς·

1915 634 2132 686 mcntt‘la
2169 649 2222 687 es
2255 633 2385 686 milii
2407 634 2430 687 ?

1976 725 2107 791 Quis
2139 734 2224 780 est
2247 725 2528 793 apostasia:
2559 741 2589 780 a
2616 725 2744 790 Deo,
2768 736 2822 781 et
2845 725 3213 783 immoderata
3245 727 3478 782 fornices

1906 819 2090 883 tionis,
2121 826 2174 870 et
2203 817 2486 886 impiorum
2521 820 2822 874 facinorum
2855 833 2948 874 seu
2975 819 3277 875 eversionis
3305 835 3332 872 a
3365 835 3480 874 me-

1907 908 2130 964 lioribus
2159 909 2226 961 ad
2253 907 2519 964 deteriora
2560 909 2717 965 linis?
2746 909 2990 976 Summa,
3021 911 3216 981 inquit,
3237 911 3474 983 depres-

1904 999 2006 1061 sio,
2041 1007 2097 1053 et
2137 997 2192 1051 in
2234 997 2476 1052 inﬁmum
2522 999 2774 1055 interitus
2827 1003 3147 1055 barathrum
3199 1003 3483 1058 devenire.

1904 1088 2036 1144 Nam
2071 1089 2198 1160 quia
2227 1088 2331 1144 alta
2362 1091 2840 1158 manerenoleltas,
2865 1102 2920 1147 et
2943 1092 3255 1148 felicitatem
3280 1096 3488 1150 habere

1905 1181 2318 1246 inconcussam,
2351 1181 2482 1237 hinc
2515 1181 2793 1236 humiliata
2825 1198 2906 1238 es.
2939 1182 3092 1250 Quod
3123 1186 3266 1240 enim
3305 1186 3397 1241 alti
3439 1204 3486 1240 et

1902 1273 2706 1338 sublimes»fuerint-Israelita,
2743 1277 2888 1343 quod
2921 1276 2987 1330 ad
3020 1274 3245 1344 gloriam
3295 1292 3422 1347 quae
3463 1297 3487 1328 ς.

1905 1365 2014 1421 Deo
2047 1366 2407 1436 proﬁciscitur
2448 1365 2664 1430 attinet,
2702 1366 3051 1435 perspicuum
3115 1382 3252 1423 esse
3280 1377 3488 1437 potest,

1902 1457 2020 1527 ipso
2049 1459 2263 1514 dicente
2285 1472 2380 1528 per
2396 1472 2582 1514 vocem
2609 1457 2757 1512 Isaiae
2785 1459 2850 1514 de
2869 1457 2984 1514 illis
3014 1476 3029 1512 :
3070 1475 3090 1510 ι
3125 1454 3294 1514 Filios
3319 1459 3480 1528 genui

1901 1558 1954 1602 et
1985 1548 2212 1602 exaltavi
2249 1550 2288 1603 ί.
2349 1567 2370 1602 ι
2411 1545 2597 1617 Itaque
2637 1546 2922 1602 accersivit
2955 1546 3058 1603 sibi
3117 1546 3218 1617 ipsi
3257 1547 3482 1616 depres—

1901 1640 2131 1706 sionetn,
2167 1640 2309 1709 quod
2355 1640 2519 1710 impie
2552 1639 2607 1694 in
2646 1638 2813 1695 Deum
2851 1639 2942 1706 qui
3001 1638 3226 1704 exaltat,
3287 1643 3478 1709 egerit.

1899 1732 1968 1785 At
1991 1733 2262 1801 quomodo
2284 1732 2565 1788 bumiliala
2583 1733 2675 1797 sit,
2700 1747 2822 1786 mox
2849 1731 3120 1798 ostendit;
3145 1731 3278 1787 dixit
3299 1731 3477 1787 enim:

1899 1823 2084 1881 Multis
2116 1824 2222 1881 viis
2243 1826 2350 1880 tuis
2386 1826 2671 1882 laborastis
2713 1822 2852 1878 Nam
2885 1823 2938 1879 in
2970 1839 3160 1881 omnes
3181 1824 3336 1894 quasi
3365 1824 3479 1878 vias

212 1905 320 1976 ἔφη
357 1907 639 1978 γάροταίς
671 1907 982 1973 πολυοδίαις
1013 1927 1107 1964 σου
1137 1911 1471 1977 ὲκοπίασαςν
1494 1913 1590 1977 Εἰς
1617 1914 1794 1968 πᾶσαν

1904 1917 2155 1972 interitus
2194 1919 2580 1988 ingredientes,
2617 1918 2668 1972 in
2707 1931 2766 1970 re
2799 1915 2954 1971 nulla
2979 1915 3121 1980 utili,
3157 1916 3321 1971 animi
3357 1929 3480 1970 uer-

212 1998 325 2068 γὰρ
358 1997 547 2070 ὥσπερ
579 2000 856 2065 ἀπωλείας
883 2003 1167 2074 ἐρχόμενοι
1213 2004 1352 2069 ὁδὸν,
1393 2005 1794 2078 δεδαπανήκασι

1898 2025 2015 2072 vos,
2050 2009 2250 2063 mentis
2277 2007 2720 2077 etintelligentixe
2747 2005 2976 2068 scilicet,
2999 2014 3476 2073 consumpserunt.

215 2089 321 2156 μὲν
357 2092 442 2144 ἐπ’
478 2091 651 2146 οὐδενὶ
691 2093 799 2147 τῶν
827 2096 1113 2166 χρησίμων
1151 2095 1252 2160 τὰς
1297 2097 1399 2166 τῆς
1428 2096 1608 2169 ψυχῆς
1646 2098 1797 2151 εὐτο-

221 2180 354 2244 νίας,
411 2183 568 2255 δῆλον
619 2186 676 2239 δὲ
722 2187 815 2239 ὅτι
856 2185 954 2250 τὰς
1000 2186 1216 2258 νοητὰς,
1269 2189 1584 2258 κεκμήκασι
1631 2189 1690 2242 δὲ
1733 2190 1805 2242 οὐ

214 2278 473 2350 μετρίως,
537 2280 623 2331 ἐπ’
677 2278 943 2351 ὀλεθρίοις
1004 2281 1294 2350 πράγμασι
1349 2281 1639 2351 τιθέμενοι-
1697 2281 1798 2344 τὰς

209 2368 472 2432 σπουδάς.
505 2369 586 2420 ’Ἦ-
607 2369 754 2438 τάχα
771 2386 874 2422 που
907 2368 1000 2422 καὶ
1030 2369 1316 2433 πολυοδίας
1345 2369 1405 2423 ὲν
1423 2368 1632 2435 τούτοις
1661 2371 1797 2441 φησὶ

205 2463 273 2514 τῖ)
300 2463 387 2514 ἀεὶ
419 2460 774 2531 μεθίστασθαι
801 2460 939 2531 πρὸς
982 2460 1142 2524 θεοὺς
1167 2461 1410 2532 ἑτέρους,
1442 2461 1537 2516 καὶ
1562 2461 1672 2516 τῶν
1696 2463 1796 2534 μὲν

209 2555 318 2624 ἤδη
365 2552 782 2624 πεπορισμένων
827 2552 1132 2621 ὀλιγωρεῖν,
1181 2553 1364 2623 ζητεῖν
1400 2553 1457 2607 δὲ
1497 2553 1626 2618 τοὺς
1663 2554 1794 2625 παρ’

208 2645 419 2716 ἑτέροις
445 2644 604 2707 ὄντας
626 2644 756 2707 τισὶ,
794 2644 886 2697 καὶ
936 2643 1301 2714 καταμεθύεω
1346 2643 1546 2715 ὥσπερΔ
1580 2645 1792 2716 διαρρι-

205 2738 536 2808 πτουμένοις
582 2735 880 2806 πανταχοῦ,
926 2736 1160 2807 ἔρεισμα
1203 2753 1262 2790 τε
1324 2737 1417 2791 καὶ
1465 2739 1796 2792 κατάστασιν

204 2831 314 2886 οὐκ
366 2831 510 2902 ἔχειν
557 2831 648 2884 τὸν
682 2832 741 2883 ἐν
786 2830 968 2894 αὐτοῖς
1018 2830 1148 2885 ὄντα
1189 2829 1334 2885 νοῦν.
1398 2830 1694 2900 Συμϐαίνει
1738 2831 1795 2884 δὲ

204 2923 370 2978 τοῦτο
401 2925 632 2994 πάσχειν
675 2924 826 2994 ἡμᾶς
881 2922 976 2977 καὶ
1003 2924 1061 2977 ἐν
1095 2925 1214 2987 ταῖς
1245 2924 1496 2986 έκτόποις
1532 2923 1640 2976 τῶν
1669 2923 1793 2994 ἡδο-

203 3013 340 3069 νῶν.
383 3013 744 3084 ’Λποερέρεται
768 3011 875 3083 γὰρ
899 3015 927 3066 ὁ
957 3013 1082 3076 νοῦς
1111 3013 1224 3066 ἐσθ’
1244 3013 1334 3066 ὅτε
1360 3015 1496 3084 πρὸς
1523 3015 1630 3068 πᾶν
1655 3009 1796 3076 εἶδος

203 3105 574 3177 ἀκαθαρσίας,
604 3106 696 3159 καὶ
725 3105 854 3158 ποτὲ
886 3105 986 3176 μὲν
1017 3105 1082 3158 τὸ
1115 3107 1370 3159 πλουτεῖν
1400 3107 1632 3170 ἐπαινεῖ,
1664 3105 1795 3158 ποτὲ

200 3198 267 3251 δὲ
302 3197 507 3270 σαρκὸς
552 3199 673 3269 ἐρᾷ,
723 3197 818 3251 καὶ
855 3196 1014 3266 δόξης
1061 3197 1295 3267 ἡττᾶται
1321 3196 1504 3268 κενῆς,
1543 3197 1638 3249 καὶ
1683 3191 1794 3250 οἷον

1898 2100 2242 2155 Laborarunt
2268 2100 2412 2154 haud
2445 2096 2812 2162 mediocriter,
2845 2104 2900 2151 et
2932 2097 2985 2150 in
3023 2097 3183 2152 rebus
3207 2096 3480 2166 pernicio-

1896 2191 1972 2244 sis
2002 2188 2182 2244 studia
2217 2196 2533 2259 posuerunt.
2567 2187 2664 2242 Vel
2713 2186 2964 2243 fortassis
3001 2186 3118 2242 vias
3151 2184 3348 2240 multas
3392 2186 3481 2240 hic

1895 2279 2048 2344 dicit,
2083 2293 2298 2350 semper
2332 2280 2398 2334 ad
2425 2279 2563 2334 alios
2609 2279 2741 2335 deos
2783 2279 3088 2341 transferri,
3124 2289 3181 2333 et
3209 2293 3346 2349 quos
3379 2281 3477 2332 ha.

1897 2373 2046 2434 bent,
2068 2380 2438 2434 contemnere,
2469 2379 2524 2426 et
2554 2371 2646 2439 qui
2686 2371 2826 2440 apud
2855 2369 2990 2426 alios
3022 2379 3169 2433 sunt,
3199 2383 3476 2438 qmerere;

1896 2473 1954 2519 ct
1983 2463 2128 2519 velut
2156 2462 2338 2518 ebrios
2365 2463 2472 2518 huc
2491 2473 2546 2517 et
2578 2463 2706 2518 illuc
2729 2462 2949 2533 jactari,
2990 2471 3045 2517 et
3084 2462 3246 2516 lixam
3284 2469 3339 2516 et
3364 2471 3478 2516 st-

1897 2553 2058 2610 bilem
2087 2553 2142 2608 in
2178 2554 2244 2608 iis
2292 2561 2525 2609 mentem
2569 2569 2673 2609 non
2720 2569 2863 2610 esse.
2911 2554 3062 2620 Quod
3101 2553 3264 2607 etiam
3321 2554 3477 2608 nobis

1896 2643 2147 2699 usuvenit
2172 2645 2223 2699 in
2259 2643 2419 2700 foedis
2448 2643 2831 2714 voluptatibus.
2865 2645 3166 2700 Abducitur
3198 2643 3343 2699 enim
3391 2645 3478 2698 in-

1898 2737 2108 2791 terdum
2146 2750 2299 2790 mens
2328 2735 2397 2790 ad
2426 2750 2590 2791 omne
2633 2750 2804 2806 genus
2857 2735 3209 2805 impuritatis,
3269 2743 3328 2790 et
3380 2733 3476 2787 ali-

1895 2828 2113 2896 quando
2136 2827 2574 2894 laudatdivitias,
2598 2829 3085 2899 aliquaudocarnis
3107 2829 3475 2890 studia-amat,

1893 2930 1950 2976 et
1978 2919 2126 2976 inani
2152 2918 2322 2991 gloria
2347 2921 2619 2988 vincitur,
2639 2929 2696 2976 et
2722 2928 2980 2991 tanquam
3009 2922 3154 2976 omni
3188 2931 3350 2976 vento
3364 2924 3477 2976 cir-

1895 3011 2214 3076 cumfertur,
2233 3012 2458 3082 juxtajid
2488 3013 2631 3081 quod
2661 3011 2867 3066 dictum
2898 3021 2988 3066 est
3003 3013 3069 3067 de
3087 3013 3320 3080 quodam
3346 3029 3478 3068 voce

1894 3104 2143 3160 Jeremim
2180 3125 2194 3160 :
2226 3125 2245 3157 ι
2288 3105 2685 3174 Gupiditatibus
2729 3105 2925 3160 animae
2961 3106 3114 3176 quasi
3165 3108 3478 3178 vento-agi-

1897 3208 2007 3253 tata
2039 3208 2124 3253 est
2151 3217 2164 3254 :
2191 3199 2389 3252 tradita
2417 3208 2522 3262 est,
2553 3197 2674 3266 quis
2730 3207 3012 3254 convertet
3039 3199 3199 3254 eam?
3231 3218 3251 3251 ι
3282 3200 3473 3254 Anit'na

203 3291 378 3343 παντὶ
407 3289 684 3360 πνεύματι
731 3289 1114 3360 περιφέρεται,
1145 3291 1289 3343 κατά
1316 3306 1385 3358 γε
1407 3289 1471 3342 τὸ
1502 3289 1792 3361 εἰρημένον

1897 3289 2042 3344 enint
2072 3304 2193 3360 qua
2216 3289 2317 3345 hoc
2343 3303 2499 3359 passa
2532 3298 2633 3354 est,
2666 3290 2912 3344 tradetur
2942 3303 3156 3359 semper
3192 3289 3478 3360 perturba-

199 3381 297 3436 διὰ
339 3381 525 3451 φωνῆς
583 3382 868 3453 Ἰερεμίου
896 3381 1026 3452 περί
1063 3399 1207 3446 τινος
1230 3398 1244 3413 ο
1283 3399 1302 3431 ι
1343 3381 1432 3434 Ἐν
1477 3382 1794 3453 ἐπιθυμίαις

199 3473 390 3545 ψυχῆς
419 3473 591 3544 αὐτῆς
621 3475 1179 3544 ὲπνευματοφορεῖτο⁹
1227 3472 1522 3544 παρεδόθη,
1563 3473 1646 3538 τίς
1674 3475 1793 3527 ἐπι-

203 3567 433 3640 στρέψει
450 3567 620 3637 αὑτήν
643 3585 692 3634 ;›
716 3567 781 3621 'H
796 3565 906 3637 γάρ
933 3564 1093 3619 τοῦτο
1117 3565 1366 3619 παθοῦσα
1393 3565 1539 3636 ψυχὴ
1557 3565 1792 3638 παραδοο

203 3660 439 3730 θήσεται
476 3659 697 3723 πάντως
746 3661 868 3721 ταῖς
893 3657 1004 3711 τῶν
1045 3656 1235 3712 παθῶν
1282 3658 1604 3730 προσϐολαῖς
1631 3677 1642 3688 ·
1700 3660 1794 3714 καὶ

197 3752 368 3808 τοῦτο
388 3751 627 3806 διδάσκει
660 3751 836 3820 λέγων
866 3752 895 3804 ὁ
923 3751 1358 3822 Παροιμιαστής·
1395 3770 1414 3803 ι
1439 3751 1650 3805 Σκολιοὶ
1684 3752 1793 3823 γὰρ

196 3846 458 3917 λογισμοὶ
506 3845 833 3916 χωρίζουσιν
917 3843 1027 3898 ἀπὸ
1082 3842 1256 3910 Θεοῦ,
1329 3843 1426 3897 καὶ
1475 3843 1793 3915 ρεμόασμὸς

198 3937 506 4008 ἐπιθυμίας
529 3935 845 4010 μεταλλεύει
865 3935 990 3993 νοῦν
1019 3935 1410 4006 ἄκακον.›Χρὴ
1441 3935 1620 3990 τοίνυν
1645 3937 1793 4006 ἡμᾶς

195 4032 588 4105 ἀνασειράζειν
610 4031 702 4086 τὸν
744 4029 890 4099 νοῦν,
932 4031 982 4083 εί
1011 4029 1074 4101 δὴ
1108 4028 1348 4100 βούλοιτό
1387 4043 1504 4092 πως
1547 4027 1802 4099 ἀσχέτως-

200 4125 345 4179 ίέναι
389 4124 530 4178 κατά
563 4123 800 4196 πετρῶν,
846 4122 943 4178 καὶ
983 4125 1103 4186 ταῖς
1141 4121 1252 4176 τῶν
1290 4119 1494 4192 ἡδονῶν
1538 4119 1793 4181 ὲκτόποις

194 4215 500 4286 ὲφήδεσθαί
525 4233 586 4269 τε
629 4214 726 4268 καὶ
771 4213 1001 4285 ὁμιλεῖν,
1035 4213 1121 4267 ἵνα
1157 4211 1232 4285 μὴ
1282 4210 1476 4282 καμὼν
1517 4211 1584 4264 ἐκ
1630 4211 1794 4264 πολυ-

193 4307 357 4370 οδίας
387 4304 620 4378 θήρωμα
664 4304 892 4374 γένηται
945 4302 1271 4359 διαϐολικόν.
1301 4301 1465 4355 Ταῦτ’
1495 4296 1589 4354 οὖν
1635 4301 1794 4373 ποιή-

201 4419 369 4464 σασα,
407 4400 593 4472 φησὶν,
634 4393 680 4452 ὦ
719 4397 1098 4469 Ἰερουσαλὴμ,
1143 4397 1243 4450 οὐκ
1275 4394 1456 4461 εἶπας·
1504 4385 1792 4465 Παύσομαι

196 4492 548 4564 ὲνισχύουσα,
608 4490 908 4554 τουτέστιν,
978 4491 1078 4543 οὐκ
1128 4489 1400 4559 ἀνέκοψας
1447 4491 1561 4551 τοῖς
1605 4487 1790 4541 ἐπιλο-

195 4587 422 4656 γισμοῖς
445 4585 545 4654 τὴν
582 4583 677 4638 ἐπὶ
710 4582 781 4637 τά
814 4580 1012 4652 αίσχίω
1044 4580 1290 4649 πρόοδον,
1328 4581 1390 4634 οὐ
1437 4579 1792 4651 μεμέτρηκας

1897 3381 2104 3436 tionum
2158 3381 2604 3450 impressionibus
2656 3383 2798 3450 quod
2849 3381 3008 3437 docet
3081 3380 3474 3445 Parmmiasta,

1894 3476 2078 3531 dicens
2098 3492 2114 3530 :
2133 3472 2362 3531 ιΡι-ονω
2375 3475 2519 3531 enim
2544 3473 2897 3542 cogitationes
2922 3484 3175 3544 separant
3194 3492 3220 3533 a
3246 3475 3354 3531 Deo
3375 3476 3466 3543 Μ,

1893 3577 1948 3622 et
1976 3566 2341 3624 inconstantia
2375 3567 2688 3637 cupiditatis
2722 3569 3075 3621 transversim
3130 3569 3271 3637 rapit
3324 3583 3476 3622 tuen-

1897 3671 2002 3718 tent
2034 3659 2376 3715 innocentem
2412 3659 2455 3712 ⁵.
2494 3677 2514 3711 ι
2569 3657 2912 3713 Retraltenda
2965 3669 3049 3714 est
3107 3660 3272 3728 igitur
3318 3661 3478 3716 nobis

1895 3764 2075 3814 mens,
2101 3750 2379 3806 sirvelit'in
2416 3765 2580 3819 rupes
2609 3764 2850 3820 princeps
2877 3750 2976 3815 ire,
3014 3763 3070 3807 et
3109 3750 3266 3806 Redis
3289 3751 3472 3808 exsul-

1897 3851 2011 3896 tare
2043 3841 2426 3911 voluptatibus,
2471 3844 2688 3915 illisque
2724 3845 3036 3914 assuelieri;
3081 3863 3163 3912 ne,
3206 3849 3254 3902 si
3289 3846 3475 3904 multis

1894 3930 2046 3986 hisce
2083 3933 2188 3988 viis
2234 3933 2525 4004 defatigata
2569 3937 2662 4000 sit,
2698 3938 2876 4006 praeda
2927 3937 3022 3991 ﬁat
3067 3937 3289 3996 diaboli.
3342 3937 3469 3993 Haec

1895 4021 2078 4092 igitur,
2113 4023 2308 4093 inquit,
2339 4040 2461 4080 cum
2495 4025 2693 4094 fecisti,
2721 4043 2754 4083 ο
2778 4027 3234 4096 Jerusalent,.non
3263 4031 3470 4094 dixisti,

1894 4115 2149 4171 desinam
2171 4116 2592 4182 confortata,..id
2625 4129 2730 4187 est,
2764 4134 2979 4174 cursum
3013 4121 3157 4176 ltunc
3180 4122 3232 4174 in
3267 4123 3474 4191 turpio-

1895 4222 1984 4272 ra,
2006 4209 2396 4277 posterioribus
2444 4211 2698 4267 consiliis
2727 4210 2894 4284 805
2946 4227 3052 4267 non
3110 4213 3472 4284 interrupisti,

1893 4301 2181 4368 apostasia!
2209 4301 2427 4356 modum
2461 4317 2567 4357 non
2609 4302 2934 4371 imposuisti,
2967 4304 3208 4359 studium
3241 4305 3308 4359 ad
3334 4306 3471 4360 tnala

1895 4406 2001 4447 non
2037 4392 2366 4458 exstinxisti,
2396 4393 2490 4449 sed
2533 4393 2725 4463 majori
2777 4397 3128 4452 contentione
3155 4397 3470 4465 incubuisti,

1892 4494 1954 4538 ιιι
1979 4497 2044 4538 ea
2074 4482 2281 4538 faceres
2328 4498 2447 4552 quae
2478 4499 2545 4540 ne
2589 4487 2763 4555 primo
2805 4487 3022 4556 quidem
3063 4499 3306 4561 tempore
3356 4491 3470 4544 fieri

1893 4574 2229 4648 debuissent.
2251 4574 2433 4631 Animi
2464 4577 2609 4631 enim
2633 4577 2719 4633 vel
2745 4581 3091 4637 mediocriter
3118 4581 3470 4650 intelligentia

194 4677 302 4747 τὴν
350 4673 680 4739 ἀπόστασιν,
732 4674 793 4726 οὐ
844 4670 1148 4734 κατέλυσας
1207 4670 1305 4740 τὴν
1357 4671 1438 4732 είς
1491 4669 1560 4722 τά
1609 4668 1790 4737 φαῦλα

1897 4666 2128 4722 oﬂicium
2155 4675 2257 4733 est,
2283 4670 2480 4724 erratis
2508 4677 2561 4725 et
2582 4680 2810 4740 peccato
2852 4672 2993 4727 nolle
3033 4672 3329 4742 implicari;
3385 4672 3469 4727 sin

198 4764 464 4836 σπουδὴν,
501 4764 776 4818 ἐπίκεισαι
810 4761 868 4816 δὲ
902 4760 1104 4833 μᾶλλον
1146 4760 1503 4831 ἐντονώτερον
1539 4759 1618 4830 τῷ
1653 4761 1786 4831 δρᾷν

195 4859 430 4919 ἐθέλειν,
472 4857 508 4912 ἃ
547 4859 687 4930 χρῆν
721 4857 784 4928 δή
818 4874 919 4911 που
971 4855 1106 4927 μηδὲ
1146 4854 1396 4924 γενέσθαι
1441 4855 1542 4926 τὴν
1589 4854 1787 4924 ἀρχήν;

195 4946 396 5016 Ψυχῆς
433 4945 532 5016 μὲν
568 4946 678 5017 γὰρ
702 4944 860 5016 ἔργον
895 4945 1030 5009 ἐστὶ,
1060 4943 1164 4998 κᾶν
1189 4943 1320 5012 γοῦν
1357 4942 1586 5013 μετρίαν
1629 4942 1787 5012 ἑχού-

196 5053 303 5107 σης
327 5036 562 5102 σύνεσιν,
589 5035 650 5088 τὸ
677 5036 753 5107 μὴ
795 5034 1203 5089 ἀλῶναιθέλειν
1233 5034 1520 5104 αἰτιάμασι
1563 5035 1676 5097 τοῖς
1706 5035 1800 5096 εἰς..

195 5126 516 5199 ἁμαρτίαν*
565 5129 612 5180 εἰ
668 5127 726 5180 δὲ
770 5126 835 5198 δή
871 5143 976 5181 που
1029 5127 1241 5194 γένοιτο
1277 5125 1371 5179 καὶ
1405 5125 1597 5178 παθεῖν
1630 5125 1784 5187 αὐτὸ,

198 5219 306 5272 κᾶν
335 5218 468 5286 γοῦν
495 5218 710 5274 ἑλέσθαι
745 5222 1046 5290 μετανοεῖν,
1078 5221 1169 5272 καὶ
1197 5219 1286 5273 διὰ
1310 5219 1411 5292 τὴς
1435 5221 1526 5283 εἰς
1548 5219 1608 5272 τὸ
1629 5218 1786 5289 ἄμει-

194 5327 292 5362 νον
331 5309 643 5381 ἀναδρομῆς
671 5311 1242 5366 ἀποσκευάσασθαιτά
1270 5311 1611 5381 ἐγκλήματα.
1644 5311 1706 5362 Εἰ
1726 5309 1784 5362 δὲ

193 5400 451 5470 ἀσχέτως
479 5402 843 5473 καταφέροιτο
868 5403 1005 5473 πρὸς
1029 5402 1094 5456 τὰ
1125 5403 1340 5471 αἰσχίω,
1375 5401 1690 5472 παραιτοῖτό
1726 5417 1784 5453 τε

194 5491 616 5562 προσεπιτοῦτῳ
633 5493 694 5545 τὸ
715 5493 911 5563 χρῆναι
939 5493 1588 5564 μετανοεῖν,προσέθηκεν
1611 5493 1786 5562 ἀμαρ-

191 5585 322 5639 τίαν
354 5586 439 5654 ἐφ’
473 5586 738 5657 ἁμαρτία,
772 5587 1116 5658 ἀρρώστημα
1156 5585 1212 5638 δὲ
1252 5587 1338 5638 ἐπ’
1390 5585 1786 5656 ἀρῥωστήματι

192 5672 485 5729 παθοῦσαν
514 5675 684 5746 αὐτὴν
714 5675 921 5728 ἔνεστιν
949 5675 1097 5732 ἰδεῖν.
1141 5676 1389 5730 Λίτιᾶται
1415 5675 1543 5744 γοῦν
1575 5675 1697 5738 τοὺς
1729 5677 1786 5726 ἐν

1896 4760 2000 4816 ltoc
2042 4761 2160 4815 fieri
2206 4762 2504 4830 contingat,
2543 4761 2677 4816 velle
2715 4762 2907 4818 saltem
2942 4764 3277 4832 resipiscere.
3305 4773 3360 4818 et
3389 4778 3473 4818 re-

1895 4867 2056 4907 cursu
2088 4853 2153 4906 ad
2189 4851 2413 4910 meliora
2445 4853 2628 4907 delere
2661 4853 2913 4908 crimina.
2948 4854 3042 4908 Sin
3075 4855 3336 4923 prrccipiti
3370 4855 3470 4909 iut-

1894 4952 2016 5011 petu
2049 4943 2118 4997 ad
2182 4944 2420 5014 turpiora
2469 4945 2825 5010 devolvatur,
2878 4957 3198 5016 recusetque
3251 4947 3470 5016 insuper

1897 5034 2257 5103 resipiscere:
2297 5045 2579 5105 peccatum
2603 5035 2820 5090 additur
2858 5048 3100 5104 peccato,
3143 5043 3197 5091 et
3224 5035 3468 5090 morbum

1894 5125 2080 5180 videas
2111 5125 2300 5180 morbo
2328 5125 2612 5182 accedere.
2643 5127 2880 5183 Accusat
2920 5127 3102 5194 itaque
3148 5141 3240 5182 eos
3281 5126 3373 5195 qui
3416 5126 3467 5179 in

1895 5215 1978 5268 his
2004 5213 2300 5269 sceleribus
2327 5224 2632 5280 versantur,
2663 5217 3037 5271 universorum
3071 5214 3233 5281 Deus,
3287 5223 3342 5269 et
3384 5213 3471 5268 in-

1893 5305 2053 5375 quit:
2091 5324 2110 5358 ι
2144 5305 2283 5361 Num
2328 5306 2419 5376 qui
2475 5308 2643 5372 cadit,
2700 5320 2808 5360 non
2863 5305 3145 5377 resurget?
3195 5320 3321 5360 num
3373 5307 3464 5373 qui

1894 5410 2118 5453 aversus
2142 5407 2245 5465 est,
2277 5415 2382 5453 non
2417 5400 2754 5454 revertetur?
2783 5399 2962 5464 Quare
2999 5411 3227 5453 aversus
3255 5405 3336 5450 est
3367 5410 3462 5464 po-

1894 5490 2050 5558 pulus
2080 5491 2167 5546 hic
2209 5493 2490 5547 aversione
2537 5491 2862 5560 impudente,
2898 5498 2953 5545 et
2999 5486 3303 5543 conlirtnati
3339 5493 3465 5543 sunt

1896 5581 1948 5634 itt
1974 5581 2253 5637 voluntate
2276 5598 2393 5648 sua,
2435 5591 2487 5636 et
2515 5581 2801 5636 noluerunt
2827 5581 3022 5636 reverti
3055 5579 3115 5630 '?
3158 5597 3174 5627 ›
3205 5577 3308 5630 Sed
3334 5576 3459 5644 quia

1897 5674 2010 5727 itare
2038 5673 2231 5738 fecisti,
2267 5674 2460 5745 inquit,
2503 5682 2787 5744 propterea
2831 5687 2936 5727 non
2979 5667 3325 5740 interrogasti
3356 5680 3461 5721 tne.

280 5853 295 5887 ⁸
336 5853 434 5911 lsa.
477 5871 513 5924 ι,
544 5854 580 5911 2
680 5858 754 5896 ³-³
790 5856 949 5912 Prov.
989 5871 1072 5922 μ’,
1112 5855 1201 5910 26.
1252 5856 1266 5887 ³
1303 5856 1426 5926 Sap.
1474 5870 1546 5922 tv,
1581 5855 1660 5908 1'3.
1741 5855 1758 5885 ⁸

1903 5900 1907 5908 .
1944 5871 2057 5925 vnt,
2099 5856 2148 5911 ί.
