4106 6584
615 428 749 485 1371

687 546 1005 606 Necessario
1029 550 1384 607 subtexerunt
1421 552 1538 608 haec
1574 553 1969 622 superioribus.
2013 550 2187 620 Opor—
2220 554 2262 608 A

618 643 904 709 tuitenim,
936 644 1172 713 oportuit
1225 644 1505 699 hominum
1539 645 1935 716 ﬂagitiosorum
1953 654 2009 699 et
2036 642 2184 698 dele—

530 712 539 725 λ
615 742 829 785 ctorum
866 712 1222 801 punitionem,
1247 743 1303 787 et
1351 712 1691 803 diligentium
1750 734 1900 789 illum
1962 733 2189 805 praemia

614 824 900 879 manifesta
930 835 984 879 et
1011 825 1290 895 perspicua
1360 825 1501 882 ﬁeri.
1593 826 1759 896 807
1818 826 1898 881 Ac
1967 825 2185 895 quidem

612 917 663 968 in
712 916 1023 971 universum
1063 917 1378 987 pollicitatio
1425 917 1538 973 haec
1586 933 1713 973 vera
1761 926 1868 973 est.
1921 916 2184 987 Quisquis

612 1006 755 1059 enim
792 1005 958 1061 Deum
995 1009 1357 1076 amplectitur,
1386 1017 1443 1063 et
1471 1008 1711 1078 perfecta
1750 1010 1869 1081 eius
1930 1008 2182 1065 dilectio-

612 1114 678 1153 ne
708 1098 840 1152 nihil
888 1101 1035 1169 prius
1076 1110 1170 1154 aut
1205 1101 1565 1170 prmstabilius
1622 1116 1744 1158 esse
1804 1109 2010 1167 censet,
2065 1116 2183 1156 om-

611 1189 881 1258 nibusque
906 1190 1062 1244 bonis
1089 1192 1340 1259 operibus
1360 1192 1604 1247 excellit:
1631 1192 1720 1247 hic
1742 1191 1846 1247 erit
1885 1201 2044 1247 terra:
2079 1191 2185 1245 ha:-

616 1296 718 1346 res,
756 1297 875 1351 quae
927 1283 1131 1336 sanctis
1159 1284 1429 1340 destinata
1452 1293 1563 1350 est,
1614 1300 1777 1354 quam
1808 1284 1970 1339 etiam
2032 1282 2186 1337 nobis

622 1371 872 1425 Servator
914 1374 1026 1442 ipse
1047 1375 1392 1444 signiﬁcavit,
1447 1377 1665 1431 dicens:
1714 1393 1734 1428 ι
1795 1374 1947 1430 Beati
2003 1375 2185 1436 mites,

625 1465 733 1531 1uia
772 1464 872 1534 ipsi
912 1458 1254 1524 litereditario
1286 1469 1639 1538 possidebunt
1666 1478 1866 1524 terram
1905 1470 1967 1522 ‘°.
2008 1486 2027 1520 ι
2057 1469 2191 1522 Sau-

610 1562 756 1606 ctum
783 1561 962 1608 autem
989 1564 1224 1611 montem
1245 1558 1332 1612 hic
1360 1558 1502 1626 dico,
1535 1573 1846 1629 supremam
1884 1558 2181 1627 civitatein,

612 1644 886 1725 caelestem
908 1645 1235 1715 Jerusalem,
1272 1649 1552 1719 pulchram
1616 1658 1928 1706 sanctorum
1988 1650 2190 1706 civita-

614 1744 741 1789 tem.
800 1735 990 1792 Psallit
1057 1739 1347 1811 siquidem,
1391 1741 1568 1811 deque
1624 1755 1688 1796 ea
1752 1741 1929 1811 inquit
1972 1740 2190 1797 divinus

612 1826 810 1882 David:
840 1824 1013 1896 «Quis
1047 1833 1378 1901 ascendetin
1414 1843 1650 1890 montem
1678 1834 1916 1899 Domini,
1941 1842 2037 1888 aut
2066 1834 2189 1904 quis

614 1920 780 1974 stabit
817 1920 869 1975 in
913 1921 1033 1978 loco
1065 1933 1256 1979 sancto
1306 1924 1469 1994 ejus?
1522 1925 1791 1981 Innocens
1837 1927 2088 1981 manibus
2137 1935 2191 1981 et

612 2013 846 2069 mundus
903 2016 1064 2071 corde
1092 2015 1160 2073 ιτ.
1200 2035 1220 2069 ι
1261 2018 1527 2073 Omnibus
1556 2017 1721 2087 igitur
1770 2016 1937 2072 Deum
1987 2016 2193 2085 ample-

615 2104 911 2170 ctentibus,
936 2121 1058 2162 sors
1078 2106 1180 2162 erit
1211 2116 1355 2163 terra
1376 2117 1763 2173 sanctorum,et
1788 2123 1943 2164 mons
1964 2122 2193 2163 vellera-

615 2193 739 2249 bilis
774 2205 828 2250 et
877 2196 1355 2254 celebratissimus.
1430 2199 1659 2254 Videtur
1724 2208 1904 2254 autem
1944 2213 2087 2254 nunc
2127 2199 2195 2253 de

617 2285 703 2339 his
736 2286 825 2356 qui
861 2301 927 2342 ex
966 2290 1212 2344 tribubus
1250 2289 1495 2346 Judaicis
1530 2291 1885 2348 crediderunt
1914 2292 2085 2347 verba
2106 2290 2187 2346 fa-

617 2390 743 2430 cere
779 2394 792 2429 :
834 2394 1059 2446 quorum
1087 2380 1337 2448 primitiae
1371 2397 1435 2436 ac
1464 2383 1623 2452 primi
1662 2383 1993 2437 exstiterunt
2023 2382 2192 2437 divini

617 2462 889 2533 discipuli,
934 2467 1276 2523 dilectionem
1327 2471 1526 2527 Christi
1595 2473 1876 2528 mordicus
1927 2481 2194 2539 tenentes,

616 2565 672 2610 ct
701 2556 857 2611 tidem
896 2557 949 2612 in
1007 2559 1098 2615 illo
1165 2562 1542 2616 inconcussam
1608 2562 1890 2627 habentes,
1941 2572 1996 2618 et
2060 2563 2197 2618 obe-

618 2647 878 2702 dieutiam
912 2650 1462 2721 irreprchensihilem,
1488 2662 1542 2708 et
1576 2655 1908 2709 cltaritatem
1961 2654 2195 2709 ἰηάίνυί-

616 2751 757 2790 5am.
824 2738 1023 2795 Dicunt
1088 2743 1396 2813 siquidem:
1433 2762 1453 2796 ι
1494 2744 1624 2811 Quis
1683 2760 1781 2800 nos
1838 2746 2116 2816 separabit
2165 2761 2196 2800 a

617 2829 908 2888 dﬂeclione
961 2833 1213 2890 Christi?
1253 2834 1524 2891 Allliclio?
1558 2852 1683 2891 num
1727 2838 1974 2908 angustia
2003 2836 2027 2892 ?
2056 2851 2186 2892 num

616 2924 920 2987 persecutio
948 2923 971 2977 ?
1000 2941 1127 2979 num
1165 2926 1383 2982 fames?
1439 2942 1569 2979 num
1618 2928 1875 2983 nuditas?
1920 2943 2046 2983 num
2106 2943 2203 2998 pe-

619 3013 889 3069 riculum?
932 3034 1058 3071 num
1082 3018 1290 3087 gladius
1318 3019 1401 3073 "‘Z
1445 3038 1464 3071 ι
1502 3020 1567 3075 Ηί
1603 3030 1730 3075 sunt
1781 3020 2022 3075 hatredes
2044 3020 2195 3090 regni

618 3106 915 3163 ccelorum:
947 3120 1001 3163 et
1040 3120 1238 3164 terram
1294 3127 1580 3179 supernam
1640 3113 2011 3181 possidebunt,
2079 3128 2199 3182 qua:

1637 424 1694 481 S.
1734 424 2011 483 CYRILLI
2054 418 2526 479 ALEXANDRINI
2561 417 2882 475 AllCHIEP.

3757 410 3892 466 1273

2376 544 2714 614 Ἀναγκαίως
2747 544 3111 615 ἐπενήνεκται
3148 544 3261 606 τοῖς
3301 542 3492 596 άνόπιν
3545 540 3647 593 καὶ
3694 537 3888 590 ταῦτα.

2294 636 2442 691 Ἔδει
2462 637 2599 707 γὰρ,
2614 637 2719 689 ἔδει
2743 636 2837 689 καὶ
2850 635 2960 688 τῶν
2986 634 3484 705 φιλαμαρτημόνων
3507 630 3609 685 καὶ
3644 633 3891 685 ἀποστα-

2289 728 2397 783 τῶν
2424 729 2630 799 ἐναργῆ
2657 727 2916 796 γενέσθαι
2950 726 3049 797 τὴν
3084 727 3323 789 κόλασιν,
3358 726 3453 779 καὶ
3478 724 3594 777 τῶν
3624 722 3889 789 ἀγαπῶν

2288 838 2398 873 των
2457 821 2619 874 αὐτὸν
2650 820 2722 871 τὰ
2772 818 2930 890 ἔργα.
2986 819 3098 871 Καὶ
3155 817 3383 871 καθόλου
3437 817 3539 886 μὲν
3594 812 3815 882 ἀληθὴς
3855 814 3886 879 ἡ

2291 913 2582 982 ὑπόσχεσις
2603 927 2617 941 ⁸
2650 911 2797 973 ἄπας
2822 911 2933 981 γάρ
2967 910 3103 973 εἴτις
3140 910 3425 979 ἀντέχεται
3454 906 3619 973 θεοῦ,
3656 906 3762 958 καὶ
3797 906 3888 973 τῆς

2291 1005 2371 1067 είς
2391 1003 2551 1056 αὐτὸν
2586 1002 2806 1071 ἀγάπης
2834 1000 3113 1063 όλοτελοῦς
3149 1000 3300 1053 οὐδὲν
3350 1000 3569 1069 ἡγεῖται
3623 997 3691 1049 τὸ
3738 996 3891 1064 ἂμειυ

2294 1114 2407 1161 νον,
2464 1094 2759 1166 διαπρέπει
2806 1094 2863 1147 δὲ
2916 1093 3011 1146 καὶ
3067 1093 3135 1146 δι’
3198 1090 3416 1161 ἀπάσης
3485 1087 3887 1156 άγιιθουριγξιις⁹

2292 1184 2446 1252 οὗτος
2476 1187 2630 1240 ἔσται
2662 1186 2999 1257 κληρονόμος
3027 1185 3129 1253 τῆς
3166 1181 3585 1253 ἡτοιμασμένης
3616 1179 3728 1247 γῆς
3784 1183 3889 1237 τεοῖς

2291 1282 2493 1351 ἀγίοις,
2518 1281 2584 1352 ἥν
2617 1278 2683 1351 δὴ
2721 1280 2815 1332 κα)⁵
2858 1277 3019 1340 αὐτὸς
3049 1278 3182 1346 ἡμῖν
3212 1278 3240 1329 ό
3280 1273 3475 1345 Σωτὴρ
3512 1272 3891 1341 κατεσήμαινε

2287 1373 2491 1441 λέγων·
2538 1389 2561 1422 ι
2583 1370 2857 1440 Μακάριοι
2895 1370 2951 1421 οἰκ
2986 1369 3199 1437 πραεῖς,
3242 1366 3325 1418 ὅτι
3357 1363 3514 1416 αὐτοὶ
3546 1361 3895 1431 κληρονομήο

2295 1479 2450 1516 σουσι
2492 1460 2591 1532 τὴν
2627 1460 2751 1529 γῆν.
2774 1479 2791 1510 ι
2833 1460 2998 1528 Ὄρος
3034 1457 3090 1509 δὲ
3128 1456 3282 1525 ἅγιον
3330 1455 3397 1506 ὲν
3464 1452 3690 1513 τούτοις
3729 1454 3893 1520 φημὶ,

2289 1555 2430 1625 τάχα
2452 1571 2554 1607 που
2572 1552 2671 1623 τὴν
2687 1552 2797 1605 ἀνω
2818 1550 2996 1616 πόλιν,
3019 1549 3118 1619 τὴν
3143 1546 3465 1616 ἐπουράνιον
3505 1544 3897 1616 Ἰερουσαλὴμ,

2288 1645 2387 1714 τὴν
2433 1643 2542 1696 τῶν
2609 1642 2781 1709 ἁγίων
2821 1637 3163 1693 καλλίπολιν.
3215 1636 3422 1690 Ψάλλει
3469 1636 3595 1703 γάρς
3626 1651 3763 1697 που,
3811 1635 3895 1686 καί

2291 1753 2423 1807 φησι
2460 1736 2589 1806 περὶ
2632 1734 2802 1803 αὐτῆς
2847 1733 2876 1785 ὁ
2914 1730 3201 1793 θεσπέσιος
3237 1728 3434 1782 Δαόίδ·
3492 1747 3511 1779 ι
3535 1728 3646 1790 Τίς
3696 1725 3895 1794 ἀναϐῇ

2292 1846 2443 1883 σεται
2483 1829 2561 1891 είς
2607 1826 2669 1879 τὸ
2695 1826 2820 1897 ὅρος
2848 1823 3094 1895 Κυρίου;
3130 1822 3162 1893 ἢ
3204 1820 3287 1885 τίς
3316 1821 3582 1891 στήσεται
3632 1821 3696 1873 ὲν
3740 1820 3892 1888 τόπῳ

2296 1920 2432 1991 ἁγίῳ
2462 1918 2663 1985 αὐτοῦ;
2706 1917 2902 1980 Ἀθῶος
2931 1916 3110 1987 χερσὶ,
3138 1916 3231 1969 καὶ
3250 1915 3492 1984 καθαρὸς
3521 1915 3589 1983 τῇ
3628 1913 3851 1982 καρδία.
3872 1930 3896 1964 ν

2294 2009 2501 2065 Οὐκοῦν
2527 2009 2698 2063 ἅπασι
2733 2009 2846 2071 τοῖς
2875 2004 3255 2076 ἀντεχομένοις
3284 2002 3455 2067 Θεοῦ,
3481 2003 3701 2073 κλῆρος
3750 2003 3894 2054 ἔσται

2294 2102 2404 2156 τῶν
2435 2101 2671 2170 ἀγίωνή
2718 2099 2812 2170 γῆ,
2848 2098 2945 2153 καὶ
2989 2097 3052 2152 τὸ
3101 2097 3297 2149 σεπτόν
3345 2112 3406 2148 τε
3452 2096 3555 2147 καὶ
3609 2093 3893 2163 διαϐόητα-ο

2294 2194 2439 2265 ὅρος.
2469 2194 2653 2246 Ἔοικε
2676 2192 2733 2244 δὲ
2760 2191 2876 2244 νυνὶ
2909 2189 3040 2260 περὶ
3063 2187 3170 2241 τῶν
3192 2187 3611 2240 πιστευσάντων
3636 2186 3719 2248 είς
3740 2186 3893 2237 αὐτὸν

2294 2288 2360 2339 ὲκ
2387 2285 2496 2340 τῶν
2536 2282 2841 2338 Ἰουδαϊκῶν
2865 2280 3164 2350 ταγμάτων
3205 2278 3473 2332 ποιεῖσθαι
3506 2280 3645 2340 τοὺς
3693 2276 3890 2343 λόγους.

2295 2370 2370 2431 ὧν
2416 2374 2639 2446 ἀπαρχὴ
2666 2373 2759 2427 καὶ
2786 2370 2995 2442 πρῶτοι
3015 2369 3302 2439 γεγόνασιν
3329 2368 3378 2420 οἱ
3406 2366 3704 2420 θεσπέσιοι
3731 2364 3877 2434 μαθξι

2294 2468 2408 2532 ταὶ,
2452 2469 2553 2537 τῆς
2575 2468 2654 2529 είς
2682 2464 2920 2536 Χριστὸν
2952 2462 3175 2531 ἀγάπης
3198 2459 3365 2531 ἀπρὶξ
3398 2459 3685 2529 ἐχόμενοι,
3734 2456 3881 2526 axes.

2295 2561 2485 2614 δαντον
2510 2560 2724 2628 ἔχοντες
2765 2557 2853 2611 ἐπ’
2892 2555 3041 2626 αὐτῷ
3068 2554 3165 2625 τὴν
3194 2554 3398 2616 πίστιν,
3440 2553 3537 2605 καὶ
3572 2550 3887 2619 ἀδιάϐληταν

2298 2652 2398 2722 τὴν
2437 2650 2741 2721 ὑποταγὴν,
2786 2648 2883 2702 καὶ
2917 2648 3284 2702 ἀδιάσπαστον
3318 2645 3417 2715 τὴν
3465 2644 3722 2713 ἀγάπην.
3765 2641 3891 2693 Φασὶ

2297 2743 2450 2812 γοῦν,
2474 2743 2556 2795 ὅτι
2611 2762 2629 2793 ι
2662 2742 2757 2804 Τίς
2801 2740 2947 2811 ἡμᾶς
2984 2737 3208 2810 χωρίσει
3248 2737 3358 2791 ἀπὸ
3397 2735 3501 2806 τῆς
3533 2736 3767 2803 ἀγάπης
3808 2733 3889 2784 τεῧ

2296 2833 2565 2907 Χριστοῦ,
2589 2830 2853 2902 θλίψις,ἢ
2884 2828 3214 2901 στενοχωρία
3234 2867 3248 2889 ,
3278 2829 3310 2899 ἣ
3340 2827 3621 2897 διωγμὸς,
3656 2825 3690 2895 ἧ
3714 2825 3897 2893 λιμκ,

2298 2926 2673 2997 ἢγυμνότης,
2710 2923 2743 2994 ἢ
2774 2921 3046 2986 κίνδυνος,
3089 2920 3121 2991 ἢ
3166 2921 3437 2992 μάχαιρα;
3465 2938 3483 2971 ι
3534 2914 3703 2971 Οὗτοι
3744 2920 3898 2985 γεγό-

2301 3034 2425 3070 νασι
2482 3016 2583 3085 τῆς
2634 3014 2743 3068 τῶν
2783 3011 3031 3084 οὐρανῶν
3075 3011 3353 3082 βασιλείας
3400 3009 3763 3080 κληρονόμοι,
3806 3010 3899 3061 καὶ

2300 3111 2713 3179 κατεκτήσαντο
2737 3109 2841 3178 γῆν
2869 3108 2968 3177 τὴν
2999 3106 3121 3161 ἀνω
3145 3108 3244 3178 τὴν
3268 3109 3381 3168 τοῖς
3418 3105 3664 3174 πραέσιν
3702 3104 3896 3173 ηὐτρε-

618 3201 917 3255 mansuetis
962 3214 1045 3257 εει
1079 3214 1401 3270 ριιεραιαια.
1436 3204 1704 3259 Convenit
1766 3205 2191 3260 mansuetudinis

2300 3200 2593 3270 πισμένην.
2634 3199 2839 3269 Πρέποι
2865 3198 2911 3251 δ’
2936 3198 3001 3250 ἂν
3030 3197 3092 3248 τὸ
3114 3199 3211 3267 τῆς
3243 3194 3559 3291 πραότητος
3588 3196 3765 3265 ὄνομα
3787 3198 3897 3256 sui;

617 3304 836 3353 nomen,
907 3293 1273 3362 evangelicam
1360 3294 1527 3348 vitam
1599 3295 1941 3366 degentibus,
1994 3295 2194 3366 quibus

618 3381 784 3436 etiam
813 3381 1063 3437 Christus
1095 3386 1352 3455 praecepit
1401 3401 1468 3439 ne
1524 3385 1911 3450 irascerentur,
1947 3402 2016 3441 ne
2060 3388 2197 3442 ulci-

622 3482 903 3527 scerentur
929 3490 1257 3543 quemquam
1291 3492 1477 3531 eorum
1512 3478 1602 3547 qui
1664 3476 2037 3533 oﬂenderunt:
2101 3481 2195 3533 sed

622 3569 795 3614 nteos
838 3560 927 3628 qui
982 3562 1165 3617 hostes
1195 3574 1341 3630 sunt,
1379 3566 1659 3621 beneficiis
1714 3574 2190 3636 prosequerentur.

627 3669 643 3699 ι
673 3650 979 3705 Benefacite
997 3652 1200 3718 enim,»
1236 3654 1708 3724 inquit,¢inimicis
1731 3656 1946 3722 vestris,
1981 3666 2035 3711 et
2064 3673 2193 3711 ora-

623 3750 672 3794 tu
702 3757 798 3811 pro
832 3741 917 3797 his
965 3743 1056 3812 qui
1106 3744 1447 3800 insectantur
1482 3763 1595 3803 vos.
1641 3749 1707 3803 Et
1758 3750 2079 3819 percutienti
2145 3761 2195 3806 te

643 3850 674 3886 ιι
708 3834 951 3888 dextram
985 3836 1280 3900 maxillam,
1326 3838 1375 3892 ei
1408 3838 1627 3894 obverte
1657 3848 1711 3895 et
1737 3840 1962 3895 alteram
1985 3840 2195 3897 ".iPa-

622 3924 827 3980 tientiae
877 3936 931 3980 et
999 3929 1430 3984 mansuetudinis
1483 3946 1711 3986 summae
1758 3943 1843 3987 est
1891 3933 1973 3986 his
2033 3934 2196 3988 rebus

618 4014 903 4074 excellere.
972 4016 1395 4083 Possidentihus,
1434 4022 1627 4091 inquit,
1663 4032 1862 4077 terram
1941 4034 1995 4079 et
2043 4038 2196 4087 mon-

620 4114 723 4157 tem
750 4116 1020 4171 sanctum,
1052 4109 1198 4163 velut
1246 4111 1297 4163 in
1318 4112 1680 4179 promissione
1709 4123 1763 4168 et
1802 4128 1898 4183 spe
1932 4116 2184 4169 dicetur:

623 4215 642 4247 ε
683 4194 937 4252 Mundate
962 4215 992 4252 a
1020 4198 1160 4255 facie
1186 4201 1303 4269 ejus
1336 4204 1481 4257 vias:
1513 4222 1533 4256 ι
1594 4204 1646 4258 id
1688 4215 1790 4269 est,
1832 4214 2001 4271 certe,
2034 4223 2053 4256 ι
2094 4205 2196 4262 Pa-

618 4296 733 4341 rate
760 4288 899 4341 viam
944 4288 1183 4355 Domini,
1232 4302 1408 4348 rectas
1439 4288 1597 4350 facile
1626 4295 1851 4351 semitas
1881 4296 1996 4366 ejus
2048 4297 2117 4350 ’°.
2166 4317 2186 4351 ι

618 4381 898 4448 Quomodo
930 4391 1111 4439 autem
1137 4386 1459 4455 praeparatio
1507 4386 1622 4442 haec
1666 4395 1971 4459 peragetur,
2009 4388 2191 4444 decla-

617 4474 776 4543 ravit,
814 4475 1095 4544 inquiens:
1137 4494 1157 4527 ι
1192 4476 1384 4533 Tollite
1408 4476 1739 4536 olIensiones
1791 4480 1858 4535 de
1886 4479 1971 4533 via
2000 4481 2185 4550 populi

2300 3290 2399 3362 τὴν
2425 3288 2789 3358 εὐαγγελικὴν
2828 3287 3096 3341 διαὸιοῦσι
3158 3287 3325 3357 ζωὴν,
3351 3281 3434 3350 οἷς
3466 3288 3564 3340 καὶ
3598 3287 3895 3355 προστέτα-

2294 3398 2388 3453 χεν
2434 3383 2462 3435 ὁ
2499 3380 2734 3453 Χριστὸς
2789 3380 2851 3433 τὸ
2903 3379 2979 3450 μὴ
3026 3377 3338 3448 ὀργίζεσθαι
3390 3379 3523 3440 δεῖν,
3589 3379 3733 3448 μήτε
3788 3376 3893 3446 μὴν

2295 3469 2596 3541 ἀμύνεσθαί
2637 3487 2794 3534 τινας
2848 3470 2957 3522 τῶν
3010 3468 3423 3539 λελυπηκότωνς
3467 3469 3796 3536 ἐπείγεσθαι
3838 3468 3895 3519 δὲ

2297 3562 2497 3634 μᾶλλον
2530 3562 2838 3632 εὐεργετεῖν
2898 3560 3144 3624 καὶτοὺς
3184 3564 3239 3613 ἐν
3269 3559 3420 3624 τάξει
3464 3560 3769 3627 γεγονότας
3788 3558 3889 3609 τῶν

2299 3650 2647 3727 ὲχθρῶν.‹Εὖ
2668 3656 2900 3708 ποιεῖτε»
2924 3652 3051 3725 γὰρ,
3078 3653 3263 3723 φησ“ι,ι
3294 3652 3422 3714 τοὺς
3451 3651 3693 3721 ἐχθροὺς
3719 3652 3884 3720 ὑμῶν,

2295 3746 2391 3799 καὶ
2421 3744 2789 3816 προσεύχεσθε
2836 3745 2976 3815 ὑπὲρ
3011 3744 3118 3796 τῶν
3149 3743 3567 3816 ἐπηρεαζόντων
3596 3744 3765 3813 ὑμᾶς,
3800 3742 3881 3794 καὶ

2295 3835 2374 3907 τῷ
2402 3836 2617 3890 παίοντί
2654 3854 2713 3889 σε
2741 3838 2821 3900 είς
2852 3837 2951 3907 τὴν
2981 3834 3162 3899 δεξιὰν
3199 3835 3441 3903 σιαγόνα,
3477 3836 3718 3905 στρέψον
3747 3832 3880 3902 αὐτῷ

2295 3929 2389 3982 καὶ
2415 3929 2513 4001 τὴν
2534 3928 2725 4000 ἄλλην.
2753 3948 2772 3981 ι
2818 3927 3199 3994 Ἀνεξικακίας
3225 3928 3282 3980 δὲ
3312 3927 3406 3980 καὶ
3445 3926 3764 3997 πραότητος
3790 3925 3879 3993 τῆς

2295 4022 2375 4084 είς
2423 4021 2592 4092 ἀκρον
2622 4021 2900 4086 ἀπόδειξις
2932 4022 2998 4076 ἂν
3048 4021 3137 4092 εἴη
3167 4022 3227 4073 τὸ
3271 4019 3601 4090 διαπρέπειν
3650 4022 3711 4071 ἐν
3766 4018 3879 4071 τούς

2294 4128 2426 4175 τοις.
2458 4112 2586 4175 Τοῖς
2610 4111 2667 4165 δέ
2701 4128 2766 4180 γε
2789 4113 3153 4183 κτησαμένοις
3178 4111 3278 4181 τὴν
3317 4111 3419 4180 γῆν
3448 4111 3545 4163 καὶ
3569 4111 3636 4162 τὸ
3669 4110 3795 4181 ὅρος
3824 4109 3881 4161 ιδ

2294 4203 2468 4269 ἆγιον,
2522 4201 2597 4264 ὡς
2648 4204 2705 4254 ἐν
2758 4202 3048 4273 ὑποσχέσει
3099 4203 3193 4255 καὶ
3237 4204 3295 4253 ἐν
3338 4200 3518 4254 ἐλπίδι
3559 4199 3874 4271 ῥηθήσεται,

2294 4292 2447 4363 φησί·
2500 4311 2518 4344 ι
2545 4292 2895 4364 Καθαρίσατε
2949 4293 3055 4348 ἀπὸ
3095 4292 3386 4364 προσώπου
3437 4291 3607 4345 αὐτοῦ
3646 4292 3819 4353 ὁδούς⁸
3853 4309 3871 4341 ι

2292 4379 2448 4434 τοῦτό
2470 4383 2615 4433 ἐστιν
2634 4383 2877 4452 ἐναργῶς
2890 4382 2971 4448 τὸ,
2991 4402 3007 4432 ι
3033 4382 3386 4452 Ἑτοιμάσατε
3401 4380 3498 4452 τὴν
3510 4380 3631 4433 ὁδὸν
3656 4380 3873 4450 Κυρίου,

2293 4471 2510 4535 εὐθείας
2554 4476 2755 4527 ποιεῖτε
2791 4473 2891 4536 τὰς
2922 4474 3141 4544 τρίϐους
3162 4472 3388 4528 αὐτοῦ.»
3426 4474 3561 4525 Τίνα
3592 4472 3653 4525 δὲ
3681 4473 3875 4543 τρόπον

614 4565 742 4630 mei,
776 4583 796 4618 ι
834 4566 885 4619 id
915 4576 1018 4631 est,
1045 4563 1184 4621 viam
1214 4567 1404 4623 salutis
1434 4584 1531 4637 per
1555 4569 1715 4624 tidem
1747 4568 1963 4638 planam
1998 4578 2054 4635 et
2089 4585 2187 4625 ex-

2293 4567 2324 4633 ἡ
2357 4566 2644 4635 ἑτοιμασία
2675 4567 2992 4636 πράττεται,
3023 4567 3349 4637 διεσάφησεν
3374 4564 3581 4619 εἰπών’
3629 4584 3648 4616 ι
3682 4568 3873 4636 Ἄρατε

614 4657 851 4726 pcditam
882 4658 1090 4714 cunctis
1146 4667 1304 4713 terrae
1357 4659 1548 4715 incolis
1579 4660 1944 4716 facite:nihil
1972 4659 2044 4715 sit
2096 4676 2186 4716 as-

613 4764 800 4819 perum
846 4759 939 4804 aut
992 4750 1242 4805 arduum.
1279 4750 1387 4805 Lex
1419 4757 1561 4807 enim
1587 4752 1822 4807 Mosaica
1875 4752 2188 4807 misericor-

614 4838 755 4891 diam
793 4838 1089 4903 nesciebat,
1142 4848 1196 4895 et
1244 4841 1413 4912 808
1493 4841 1724 4897 diﬂicilis
1779 4853 1931 4898 erat:
2000 4858 2190 4899 omnes

612 4929 753 4981 enim
793 4930 1019 4983 multum
1043 4928 1385 4996 olfendimus,
1417 4941 1473 4986 et
1521 4934 1610 4986 vix
1691 4933 1917 5002 reperiri
1976 4942 2189 5002 poterat

612 5019 701 5085 qui
726 5033 945 5086 prorsus
975 5019 1112 5074 liber
1134 5031 1297 5086 esset,
1368 5031 1421 5078 et
1459 5038 1577 5077 eam
1636 5024 1908 5092 inculpate
1964 5026 2188 5094 implere

613 5120 815 5177 posset.
848 5106 1001 5163 Unde
1033 5109 1198 5163 divini
1258 5110 1503 5179 discipuli
1559 5112 1643 5167 his
1718 5114 1807 5182 qui
1856 5123 1978 5183 post
2027 5114 2184 5168 (idem

617 5199 677 5253 ad
706 5200 837 5269 legis
866 5202 1083 5256 umbras
1134 5202 1333 5256 reverti
1396 5201 1703 5267 voluerunt,
1782 5203 2077 5260 dicebant:
2120 5203 2187 5259 Et

605 5307 755 5349 nunc
794 5292 920 5360 quid
964 5293 1183 5348 tentatis
1264 5293 1453 5359 Deum,
1515 5302 1573 5347 ut
1629 5295 1918 5365 imponatis
1991 5296 2183 5367 jugum

610 5384 747 5439 collo
768 5384 1178 5455 discipulorum,
1227 5388 1370 5456 quod
1403 5402 1580 5457 neque
1632 5403 1733 5444 nos
1766 5404 1943 5458 neque
2002 5400 2186 5460 patres

611 5477 779 5532 nostri
805 5488 1019 5546 portare
1064 5478 1349 5533 valuerunt
1379 5480 1420 5510 ’ί
1445 5480 1467 5533 ?
1496 5481 1639 5535 Dixit
1674 5481 1799 5536 item
1833 5481 2053 5547 Paulus,
2110 5482 2185 5535 le-

609 5579 728 5636 gem
758 5568 1246 5637 transgressionum
1266 5582 1428 5622 causa
1466 5571 1766 5638 appositam
1837 5584 2001 5626 esse:
2058 5585 2182 5624 nam

610 5656 696 5711 lex
745 5668 1027 5727 peccatum
1057 5657 1268 5729 arguit:
1305 5668 1357 5714 et
1401 5660 1493 5728 qui
1549 5662 1615 5715 ad
1665 5676 1785 5717 eam
1819 5661 2185 5733 impingebant

2291 4657 2478 4711 σκῶλα
2501 4657 2609 4709 ἀπὸ
2634 4661 2731 4728 τῆς
2766 4658 2886 4710 ὁδοῦ
2915 4657 3010 4710 τοῦ
3040 4656 3172 4711 λαοῦ
3209 4672 3338 4728 μου’
3369 4676 3387 4708 ι
3441 4658 3693 4710 τουτέστι
3729 4657 3873 4708 λείαν

2287 4747 2380 4800 καὶ
2401 4747 2659 4818 εὐήλατον
2686 4750 3003 4817 ἀποδείξατε
3027 4754 3136 4815 τοῖς
3168 4751 3271 4805 ἀνὰ
3298 4753 3479 4804 πᾶσαν
3504 4750 3604 4820 τὴν
3636 4752 3742 4820 γῆν
3777 4752 3869 4817 τῆς

2285 4837 2375 4891 διὰ
2433 4839 2667 4903 πίστεως
2716 4843 2988 4913 σωτηρίας
3042 4842 3138 4913 τὴν
3192 4843 3351 4896 ὁδόν·
3407 4842 3578 4913 μηδὲν
3625 4842 3766 4894 ἔστω
3814 4840 3869 4892 τὺ

2285 4934 2459 5003 τραχὺ
2512 4933 2607 4986 καὶ
2639 4933 2883 4998 ἄναντες.
2929 4936 2985 4989 Ὀ
3025 4936 3121 4995 μὲν
3149 4933 3256 5004 γὰρ
3289 4933 3452 5003 νόμος
3502 4934 3592 4987 διὰ
3632 4932 3865 4993 Μωσέως

2294 5022 2464 5074 ἐλεεῖν
2494 5024 2594 5076 οὐκ
2627 5024 2913 5092 ἠπίστατο,
2963 5026 3058 5077 καὶ
3089 5024 3534 5096 δυσκατόρθωτος
3562 5020 3631 5095 ἦν
3650 5041 3664 5053 ·
3707 5021 3866 5076 πολλὰ

2293 5112 2402 5182 γὰρ
2432 5114 2695 5184 πταίομεν
2720 5114 2980 5178 ἅπαντες,
3023 5116 3115 5168 καὶ
3143 5116 3465 5187 δυσεύρετος
3489 5110 3559 5186 ἦν
3588 5116 3617 5167 ὁ
3640 5115 3864 5167 είσάπαν

2292 5205 2591 5276 ἐλεύθερος,
2646 5206 2737 5259 καὶ
2769 5208 3085 5277 ἀμωμήτως
3131 5207 3293 5261 αὐτὸν
3324 5207 3669 5277 ἀποπεράναι
3715 5206 3865 5258 δυνά-

2294 5315 2475 5368 μενος.
2510 5299 2619 5352 Καὶ
2653 5299 2783 5367 γοῦν
2816 5298 3053 5367 ἔφασκον
3092 5302 3139 5351 oi
3183 5298 3457 5352 θεσπέσιοι
3494 5297 3736 5369 μαθηταὶ
3760 5296 3864 5356 τοῖς

2297 5389 2435 5460 μετὰ
2457 5389 2557 5459 τὴν
2589 5390 2770 5443 πίστιν
2803 5390 2895 5444 ἐπὶ
2921 5390 3019 5453 τὰς
3052 5390 3142 5442 τοῦ
3173 5390 3337 5460 νόμου
3368 5390 3525 5453 σκιὰς
3558 5388 3864 5443 ὑπονοστεῖν

2292 5481 2554 5535 ἐθέλουσι·
2589 5482 2700 5534 Καὶ
2738 5480 2833 5535 νῦν
2873 5482 2927 5534 τί
2976 5481 3265 5550 πειράζετε
3298 5480 3389 5534 τὸν
3416 5480 3568 5543 Θεὸν,
3603 5477 3864 5530 ἐπιθεῖναι

2291 5573 2382 5624 τδν
2426 5572 2585 5641 ζυγὸν
2623 5572 2717 5625 ἐπὶ
2761 5572 2852 5627 τὸν
2894 5572 3161 5644 τράχηλον
3182 5572 3289 5625 τῶν
3324 5570 3600 5642 μαθητῶν,
3645 5568 3707 5620 ὃν
3742 5565 3865 5618 οὔτε

2292 5664 2471 5733 ἡμεῖς,
2499 5661 2621 5715 οὔτε
2650 5663 2696 5715 οί
2722 5661 2953 5733 πατέρες
2984 5663 3014 5733 ἡ
3025 5661 3142 5731 μῶν
3165 5660 3389 5730 ἴσχυσαν
3406 5657 3670 5730 βαστάσαι
3695 5655 3863 5722 ;Ἕ;η

687 5835 728 5864 ’⁸
759 5832 944 5891 Matth.
970 5851 1021 5901 v,
1053 5835 1108 5894 4.
1186 5838 1229 5869 ¹⁷
1257 5836 1392 5893 Psal.
1425 5852 1581 5903 χχιιι,
1612 5838 1666 5906 5,
1697 5839 1748 5894 4.
1792 5838 1832 5872 ⁸⁸
1867 5840 2019 5896 Boni.
2049 5854 2165 5903 vttt,

2363 5839 2405 5871 ¹⁰
2438 5837 2623 5893 Matth.
2657 5852 2706 5903 v,
2744 5838 2829 5894 44.
2905 5838 2951 5871 ³ο
2979 5836 3081 5894 Isa.
3119 5853 3207 5899 η,
3242 5837 3297 5892 '5.
3371 5837 3412 5869 "
3450 5832 3633 5889 Matth.
3664 5847 3738 5896 ιι,
3767 5828 3856 5883 46.
