4140 6562
352 399 508 463 £273

1454 412 1522 468 IN
1561 412 1796 470 lSAlAM
1835 413 2072 472 LIB.'V.
2117 413 2354 474 TOMUS
2389 416 2480 471 111.

3493 413 3632 471 1276

350 521 422 577 δὲ
465 523 558 576 καὶ
593 523 622 576 6
664 524 892 590 Παῦλος,
942 527 1022 581 δτι
1052 528 1142 582 καὶ
1166 529 1194 583 ὁ
1224 531 1410 602 νόμος,
1443 532 1552 587 τῶν
1582 533 1938 605 παραϐάσεων

2051 535 2460 604 reprehensioni
2489 543 2646 592 erant
2682 544 2738 593 et
2774 534 3106 592 accusationi
3150 533 3394 590 obnoxii.
3441 530 3630 602 itaque

351 613 526 684 χάριν
578 616 903 688 προσετέθη·
955 617 1173 690 ἔλεγχος
1214 621 1323 694 γὰρ
1366 624 1636 695 ἁμαρτίας
1682 627 1710 678 ὁ
1755 625 1938 697 νόμος,

353 705 460 756 καὶ
490 704 636 774 αὐτῷ
667 706 1116 775 προσπταίοντες,
1149 711 1265 764 ὑπο
1289 711 1478 784 μῶμον
1505 703 1644 785 ἦσαν
1685 716 1780 768 καὶ
1807 731 1942 785 γραο

354 795 493 865 φήν.
532 795 794 848 Ἐκὼλυον
813 791 904 850 οὖν
937 799 1045 870 ἄρα
1060 800 1158 872 τῆς
1175 803 1398 874 ἐννόμου
1428 803 1574 875 ζωῆς
1612 804 1673 858 τὸ
1703 805 1940 878 δυσήνυ-

353 900 456 936 τον
475 921 491 937 .
539 885 678 938 Ἀλλ’
698 883 957 956 αἰρέσθω,
982 891 1168 960 φησιν,
1193 892 1257 944 ἐκ
1283 891 1447 960 μέσου
1469 910 1482 923 ο
1513 896 1552 965 ἡ
1576 895 1633 948 δὲ
1685 896 1942 968 εύστιὸὴς

355 975 462 1027 καὶ
513 972 769 1064 ἀνιδρωτὶ.
821 975 904 1064 ’(1)
981 980 1214 1052 βάσιμος
1273 979 1677 1039 ἀναδεικνύσθω
1733 987 1940 1059 τρίϐος,

353 1062 624 1130 τουτέστι,
648 1062 746 1138 τῆς
773 1061 1141 1140 εύαγγελικῆς
1189 1071 1463 1137 πολιτείας
1502 1075 1535 1144 ἡ
1573 1075 1798 1146 δύναμις
1842 1075 1942 1147 τὴν

355 1156 543 1227 ἁληθῆ
597 1158 855 1231 λατρείαν
906 1161 1253 1233 είσφέρουσα.
1304 1165 1448 1236 Ἔφη
1491 1183 1546 1220 τι
1581 1168 1822 1221 τοιοῦτον
1847 1170 1941 1222 καὶ

354 1243 595 1318 ἑτέρωθί
621 1268 724 1304 που
777 1251 910 1314 Θεὸς
953 1253 1090 1324 πρὸς
1133 1255 1257 1320 τοὺς
1303 1256 1491 1326 ἁγίους
1527 1260 1940 1329 μυσταγωγούς·

359 1367 381 1398 ι
421 1335 722 1411 Πορεύεσθε
753 1341 841 1396 διὰ
865 1342 972 1396 τῶν
1011 1343 1193 1399 πυλῶν
1237 1363 1363 1416 μου,
1392 1348 1488 1402 καὶ
1514 1347 1640 1412 τοὺς
1668 1348 1846 1414 λίθους
1878 1355 1942 1405 ἐκ

2047 625 2234 696 legalis
2261 627 2384 682 vitae
2413 626 2752 683 diilicultates
2786 626 3203 696 prohibuerunt.
3252 623 3358 678 Sed
3391 621 3629 684 tollatur,

2047 717 2244 787 inquit,
2263 718 2329 773 de
2348 719 2544 774 medio.
2565 721 2632 772 At
2651 718 2833 786 pervia
2861 716 3046 772 etsine
3066 717 3260 770 sudore
3286 710 3634 783 permeabilis

2046 811 2134 864 via
2158 812 2494 876 ostendatur,
2537 811 2591 864 id
2641 819 2750 873 est,
2807 808 3135 880 ἐνδημῆσαι
3197 804 3632 862 conversationis

2046 901 2210 956 viset
2248 903 2386 957 ratio
2434 917 2618 956 verum
2686 902 2890 957 cultant
2949 901 3237 956 inducens.
3289 897 3437 952 Dixit
3501 894 3628 949 alibi

2049 1006 2282 1062 quoque,
2306 992 2449 1048 Deus
2513 995 2620 1049 tale
2687 994 2942 1064 quiddam
2991 992 3195 1048 sanctis
3255 987 3625 1061 mystagogis:

2053 1101 2071 1134 ι
2107 1080 2182 1138 lte
2235 1098 2332 1153 per
2371 1094 2556 1153 portas
2618 1099 2786 1151 meas,
2844 1093 2899 1137 et
2949 1083 3163 1154 lapides
3207 1081 3274 1136 de
3325 1081 3410 1134 via
3431 1080 3622 1132 ‘remo~

2049 1182 2168 1228 vete
2197 1176 2242 1206 "
2273 1193 2289 1242 ;
2325 1194 2346 1228 ι
2384 1177 2435 1230 id
2479 1185 2582 1240 est,
2611 1175 2760 1230 omni
2803 1174 3115 1229 didicultate
3171 1173 3313 1226 viam
3382 1171 3628 1232 liberate,

2049 1281 2168 1334 qua:
2195 1268 2262 1320 ad
2306 1269 2470 1321 [leum
2519 1267 2782 1330 adducat,
2809 1281 2905 1336 per
2932 1261 3274 1334 spiritualem
3325 1277 3390 1318 ac
3439 1275 3626 1314 verum

2050 1357 2275 1425 cultum,
2336 1369 2392 1413 et
2419 1359 2542 1413 ﬁdei
2573 1358 2940 1428 Splendorem.

348 1431 458 1499 τῆς
487 1428 608 1486 ὁδοῦ
643 1431 1025 1524 διαρρίψατεγξζι
1073 1431 1338 1504 τουτέστι,
1372 1436 1685 1524 δυσχερείας
1716 1440 1935 1514 ἁπάσης
1971 1444 2316 1513 ἀπαλλάξατε
2381 1451 2480 1521 τὴν
2505 1450 2642 1516 ὁδὸν,
2679 1451 2824 1521 ἥπερ
2894 1450 2968 1503 ἂν
2987 1447 3315 1517 ἀποφέροιτο
3341 1444 3476 1515 πρὸς
3497 1442 3630 1496 Θεὸν

348 1524 448 1579 διὰ
474 1525 575 1613 τῆς
607 1526 666 1577 ἐν
689 1522 972 1613 ,πνεύματί
999 1544 1059 1579 τε
1128 1529 1220 1581 καὶ
1261 1528 1495 1600 ἀληθοῦς
1528 1522 1803 1603 λατρείας,
1841 1535 1934 1588 καὶ
1969 1537 2070 1607 τῆς
2107 1541 2166 1595 ἐν
2227 1541 2411 1596 πίστει
2439 1542 2817 1613 φαιδρότητος.

437 1607 582 1669 Τάδε
625 1611 786 1685 λέγει
828 1615 1045 1684 Κύριος
1077 1618 1111 1671 δ
1162 1617 1446 1686 ὕψιστος,
1492 1622 1525 1675 ό
1562 1621 1632 1675 ἐν
1671 1623 1939 1691 ὑψηλοῖς

349 1705 652 1760 κατοικῶν
691 1702 797 1760 τὸν
836 1705 1045 1774 αἰῶνα,
1078 1703 1249 1779 ἅγιος
1280 1710 1352 1764 ἐν
1381 1711 1574 1782 ἁγίοις
1628 1714 1938 1768 ἀναπαυό-

2117 1631 2283 1691 Vsns.
2325 1633 2412 1700 15,
2457 1633 2546 1688 16.
2607 1631 2736 1686 Ηωσ
2796 1633 2923 1687 dicit
2982 1631 3240 1686 Dominus
3314 1629 3628 1693 altissimus,

2044 1727 2210 1796 quiin
2236 1727 2358 1781 altis
2381 1726 2584 1780 habitat
2612 1726 2665 1779 in
2714 1732 2988 1790 externum,
3030 1732 3246 1778 sanctus
3277 1723 3332 1776 in
3389 1721 3613 1786 sanctis,

348 1816 559 1902 ξενος,
584 1791 697 1902 x‘al‘
719 1793 1112 1899 thquthc
1142 1801 1347 1868 διδοὺς
1371 1805 1812 1875 μακροθυμίαν,
1839 1807 1938 1861 καὶ

2047 1819 2400 1886 requiescens,
2436 1826 2485 1872 et
2518 1818 2585 1870 iis
2617 1817 2704 1887 qui
2735 1826 2855 1870 sunt
2911 1832 3076 1884 parvo
3123 1815 3300 1869 animo
3354 1814 3495 1867 dans
3531 1829 3626 1880 pa-

349 1889 564 1954 ὃιδοὺς
602 1887 754 1957 ζωὴν
793 1888 918 1956 τοῖς
958 1893 1482 1962 συντετριμμένοις
1510 1894 1625 1964 τὴν
1665 1897 1940 1966 καρδίαν·

2055 1910 2310 1974 tientiam,
2335 1918 2383 1963 et
2413 1907 2650 1962 contritis
2673 1907 2828 1962 corde
2849 1906 2982 1960 dans
3000 1907 3157 1960 vitam
3188 1920 3207 1959 :
3239 1903 3364 1958 Non
3392 1905 3444 1957 in
3467 1912 3623 1957 teter-

354 1981 484 2034 Οὐκ
562 1980 650 2046 είς
725 1977 833 2032 τὸν
909 1979 1096 2033 αἰῶνα
1165 1981 1466 2049 ἐκδικήσω
1549 1982 1732 2054 ὑμᾶς,
1805 1987 1938 2040 οὐδὲ

2049 2017 2172 2054 num
2192 2000 2420 2054 ulciscar
2456 2015 2570 2066 vos,
2604 2015 2766 2067 neque
2795 2014 2998 2067 semper
3043 1999 3248 2050 irascar
3287 1995 3453 2050 vobis.
3502 1991 3618 2060 Spi-

348 2071 456 2125 (ῒιὰ
524 2071 752 2138 παντὸς
813 2071 1244 2142 ὀργισθήσομαι
1305 2074 1468 2144 ὑμῖν.
1525 2077 1768 2147 Πνεῦμα
1838 2079 1938 2148 γὰρ

2049 2092 2182 2148 ritus
2208 2093 2345 2147 enim
2375 2111 2408 2146 a
2443 2109 2524 2146 me
2551 2091 2866 2163 egredietur,
2906 2099 2955 2145 et
3007 2090 3196 2159 ﬂatum
3257 2103 3460 2144 omnem
3525 2102 3624 2156 ego

349 2159 495 2226 παρ’
541 2157 689 2226 ἐμοῦ
747 2159 1154 2226 ἐξελεύσεται,
1199 2162 1294 2216 καὶ
1348 2164 1550 2234 πνοὴν
1581 2166 1788 2221 πᾶσαν
1832 2167 1947 2238 ἐγὼ
2047 2185 2168 2254 [δεῖ.

348 2248 640 2316 ἐποίησα.

429 2340 497 2389 οι
521 2338 780 2410 μακάριοι
815 2337 1125 2411 προφῆται,
1161 2336 1249 2395 ὅτε
1285 2357 1337 2395 τι
1375 2342 1520 2414 μέγα
1566 2345 1662 2398 καὶ
1719 2344 1944 2419 θεοπρε-

349 2426 458 2490 πὲς
498 2423 854 2498 ὑπισχνεῖταί·
879 2447 1025 2483 τισιν
1068 2432 1096 2483 ὁ
1139 2432 1248 2486 τῶν
1285 2433 1423 2486 ὅλων
1463 2435 1690 2506 Κύριος,
1716 2437 1852 2492 πολὺ
1883 2436 1944 2492 τὸ

351 2520 538 2592 θαῦμα
567 2522 808 2591 δέχονται
843 2521 944 2593 τῆς
983 2523 1147 2594 δόξης
1187 2525 1351 2578 αὑτοῦ
1412 2528 1504 2581 καὶ
1534 2527 1632 2598 τῆς
1666 2530 1940 2603 ἡμερότη-

353 2631 472 2680 τος,
507 2613 598 2666 καὶ
628 2607 738 2666 οἷον
767 2614 1202 2684 ἀνασκιρτῶντες
1236 2619 1304 2671 ἐκ
1345 2615 1614 2689 θυμηδίας
1651 2621 1940 2692 τρέπονται

352 2704 496 2774 πρὸς
539 2703 865 2772 δοξολογίαν.
914 2702 1167 2759 Τοιοῦτόν
1227 2725 1280 2760 τι
1331 2708 1640 2764 πεπονθότα
1696 2711 1815 2765 νυνὶ
1850 2713 1942 2767 τὸν

351 2797 643 2869 προφήτην
667 2798 998 2870 εὑρήσομενο
1023 2799 1082 2851 οὐ
1115 2799 1222 2872 γὰρ
1247 2799 1434 2866 ἁπλῶς
1465 2801 1592 2870 ἔφη·
1622 2797 1761 2858 Τάδε
1790 2802 1939 2874 λέγει

351 2885 580 2959 Κύριος,
603 2888 1020 2958 προσεπάγειδὲ
1049 2890 1380 2959 ἀναγκαίως,
1417 2893 1445 2945 ὁ
1482 2891 1728 2962 ὕψιστος,
1782 2912 1940 2949 τουτ-

349 2981 526 3043 έστιν,
553 2983 581 3034 ὁ
612 2981 830 3035 πάντων
863 2983 1120 3036 ἐπέκεινα
1177 2986 1270 3038 καὶ
1298 2985 1558 3040 ἀνωτάτω
1589 2987 1731 3040 κατά
1765 2988 1934 3058 φύσιν

350 3075 558 3138 παντὸς
583 3074 676 3128 τοῦ
711 3076 1132 3146 παρενεχθέντος
1160 3079 1236 3140 είς
1256 3075 1522 3150 ὕπαρξινο
1551 3078 1728 3147 λέγων
1761 3079 1819 3132 δὲ
1849 3080 1932 3148 τὸ,

2114 2363 2264 2418 Beati
2293 2362 2590 2434 pr0phetaz,
2617 2361 2832 2432 quando
2869 2373 3124 2429 magnum
3159 2357 3419 2428 quiddam
3447 2363 3502 2409 et
3527 2347 3614 2416 di-

2046 2456 2228 2511 vinum
2260 2455 2544 2526 pollicetur
2570 2453 2843 2523 aliquibus
2896 2451 3276 2506 universorum
3333 2443 3618 2509 Dominus.

2044 2563 2235 2618 magna
2272 2546 2629 2602 admiratione
2663 2544 2846 2614 gloria:
2875 2543 2995 2614 ejus
3038 2551 3095 2596 et
3149 2539 3450 2595 clementia:
3496 2551 3623 2606 per-

2043 2637 2363 2701 funduntur,
2403 2645 2456 2691 et
2490 2635 2635 2690 velut
2664 2633 3003 2689 exsultantes
3029 2647 3138 2701 prae
3165 2630 3348 2685 laetitia
3381 2629 3447 2682 ad
3504 2627 3623 2683 lau-

2043 2732 2137 2784 des
2169 2729 2441 2783 canendas
2487 2735 2898 2782 convertuntur.
2967 2721 3100 2776 Tale
3153 2720 3408 2789 quiddam
3477 2733 3622 2772 nunc

2041 2819 2237 2876 fecisse
2266 2819 2586 2890 prophetam
2652 2816 3012 2870 inveniemus.
3082 2811 3196 2868 Non
3275 2812 3420 2868 enim
3484 2811 3621 2866 dixit

2039 2914 2400 2984 simpliciter:
2459 2905 2584 2966 Haec
2624 2908 2753 2964 dicit
2821 2907 3099 2972 Dominus,
3157 2905 3251 2958 sed
3311 2902 3620 2958 necessario

2039 3003 2315 3074 adjungit,
2387 2999 2732 3064 Altissimus,
2816 2997 2868 3051 id
2935 3005 3050 3059 est,
3118 2994 3209 3063 qui
3279 3003 3366 3047 est
3454 3008 3616 3061 supra

2037 3094 2218 3148 omnia
2278 3103 2332 3146 et
2363 3100 2549 3144 natura
2581 3089 2832 3143 omnibus
2864 3087 3026 3142 rebus
3051 3085 3254 3140 creatis
3308 3084 3617 3138 sublimior.

351 3169 628 3222 κατοικῶν
674 3169 733 3222 ἐν
773 3168 1017 3239 ὑψηλοῖς,
1057 3169 1346 3240 ὑποφαίνει
1377 3171 1539 3225 πάλιν
1566 3171 1642 3235 ὡς
1687 3173 1744 3225 ἐν
1777 3175 1938 3227 ἀκλο·

2041 3184 2172 3240 Cum
2197 3183 2346 3248 dicit,
2382 3181 2472 3251 qui
2519 3178 2728 3233 habitat
2771 3176 2824 3231 in
2854 3177 3103 3239 excelsis.
3137 3171 3444 3232 subiti-dicat
3494 3190 3618 3228 rur-

349 3261 538 3331 νήτοις
565 3261 709 3314 ἐστὶν
736 3261 1048 3333 ὑπεροχαῖς,
1076 3262 1171 3314 καὶ
1205 3263 1262 3316 ἐν
1291 3262 1553 3334 ἀρρήτοις
1582 3261 1874 3336 ὑψώμασιν
1901 3267 1935 3336 ἡ

350 3349 478 3408 θεία
512 3370 570 3406 τε
621 3354 716 3406 καλ⁸
753 3353 1029 3426 ὑπερτάτη
1077 3354 1258 3423 φύσις.
1302 3355 1496 3410 Καίτοι
1540 3355 1720 3422 τοῦτο,
1758 3349 1934 3429 οἶμαι,

349 3446 478 3500 ἐστὶ
509 3445 568 3499 τὸ
595 3449 869 3500 κατοικεῖν
917 3446 974 3498 ἐν
1019 3447 1244 3518 ὑψηλοῖς
1277 3448 1362 3513 είς
1392 3447 1482 3501 τὸν
1526 3446 1699 3501 αἰῶνα
1727 3449 1898 3521 αὑτήν
1921 3466 1935 3482 ⁸

349 3536 472 3607 ἔχει
506 3537 615 3609 γὰρ
658 3537 1031 3603 ἀναλλοιώτως
1079 3537 1135 3592 ἔν
1175 3555 1240 3608 γε
1282 3541 1396 3604 τοῖς
1427 3540 1547 3594 καθ’
1579 3541 1800 3613 ἑαυτὴν,
1835 3542 1934 3596 καὶ

347 3629 458 3682 οὐκ
485 3629 550 3682 ἂν
575 3629 784 3698 γένοιτό
815 3648 932 3694 πως
963 3631 1020 3684 ἐν
1048 3631 1349 3702 ἀμείνοσιν,
1392 3631 1425 3703 ἢ
1466 3633 1602 3704 ὅπερ
1636 3633 1810 3698 ἐστὶν,
1847 3633 1936 3687 ἐν·

350 3738 474 3774 εστι
512 3720 569 3774 δέ
609 3720 811 3792 μᾶλλον
835 3721 1244 3792 ἀμεταπτώτως
1270 3723 1406 3796 αὐτῇ
1449 3724 1512 3778 τὸ
1555 3725 1614 3777 ἐν
1659 3720 1742 3788 οἷς
1790 3725 1936 3779 ἐστιν

351 3807 497 3865 εἶναι
522 3811 805 3883 διηνεκῶς.
843 3811 1033 3881 Ἀγιον
1057 3813 1114 3867 δὲ
1140 3815 1198 3867 ἐν
1237 3813 1414 3882 ἁγίοις
1454 3813 1832 3868 ἀναπαύεσθαί
1875 3831 1934 3867 τε

351 3903 454 3958 καὶ
499 3907 770 3958 κατοικεῖν
816 3904 978 3957 αὐτόν
1017 3921 1202 3975 φησιν,
1233 3906 1592 3977 ὑπεμφαίνων
1623 3909 1703 3961 ὅτι
1731 3926 1935 3980 παραι-

350 4000 531 4049 τεῖται
583 3995 681 4068 μὲν
717 3995 794 4058 ὡς
832 3995 1275 4067 μεμολυσμένους
1301 3991 1391 4050 διὰ
1429 3997 1630 4071 πολλὴν
1661 3999 1935 4070 ἁμαρτίαν

349 4089 485 4153 τοὺς
517 4089 576 4154 ἐξ
607 4088 835 4159 αἵματος
871 4087 1085 4166 Ἰσραῂλ
1105 4129 1119 4152 ,
1154 4087 1490 4152 ἐναυλίζεται
1531 4089 1589 4142 δὲ
1621 4089 1935 4160 φιλαγάθως

351 4181 469 4242 τοῖς
499 4178 587 4232 διὰ
619 4179 858 4241 πίστεως
900 4176 1422 4248 ἐκκεκαθαρμένοις,
1458 4179 1551 4231 καὶ
1582 4178 1934 4250 ἡγιασμένοις

352 4270 418 4325 ἐν
451 4269 740 4340 πνεύματι.
793 4268 986 4322 Δίδωσι
1013 4267 1071 4321 δὲ
1129 4269 1225 4322 καὶ
1271 4268 1616 4340 ὀλιγοψύχοις
1653 4271 1934 4342 μακροθυ..

354 4364 510 4439 μίαν,
537 4365 629 4418 καὶ
652 4361 1006 4434 ὀλιγοψύχους
1036 4361 1168 4433 φησὶ
1195 4361 1320 4426 τοὺς
1351 4361 1461 4414 ἔσθ’
1480 4362 1569 4414 ὅτε
1599 4359 1772 4434 βραχύ
1817 4378 1934 4426 πως

351 4454 603 4508 ἀσθενεῖν
628 4453 907 4519 εἰωθότας,
944 4453 1073 4524 περὶ
1099 4451 1196 4506 τὸν
1231 4451 1565 4523 προτεθέντα
1598 4453 1783 4516 αὐτοῖς
1838 4452 1934 4506 τοῦ

356 4548 478 4618 βίου
506 4547 723 4601 σκοπόν.
748 4546 940 4600 Δίδωσι
961 4545 1016 4599 δὲ
1041 4544 1250 4608 τούτοις
1285 4544 1737 4617 μακροθυμία[ν],
1773 4563 1933 4599 τουτ-
1965 4525 2009 4579 D

353 4641 476 4695 ἐστι
517 4637 814 4712 καρτερίαν
854 4640 948 4692 καὶ
994 4637 1291 4710 ὑπομονὴν,
1351 4639 1634 4709 μονονουχὶ
1679 4637 1818 4707 βοῶν
1871 4655 1934 4690 τε

355 4736 453 4785 καὶ
486 4731 687 4800 λέγων’
720 4750 741 4784 ι
764 4728 1123 4802 Ἀνδρίζεσθε,
1158 4730 1254 4783 καὶ
1277 4728 1658 4801 κραταιούσθω
1678 4731 1711 4800 ἡ
1734 4729 1932 4800 καρδία

353 4821 534 4892 ὑμῶν,
566 4819 770 4885 πάντες
801 4821 850 4874 oi
875 4819 1186 4883 ἐλπίζοντες
1213 4819 1306 4872 ἐπὶ
1335 4817 1561 4890 Κύριον.
1591 4837 1611 4870 ι
1642 4819 1838 4873 Δίδωσι
1872 4818 1931 4871 δὲ

355 4913 456 4966 καὶ
495 4911 639 4984 ζωὴν
686 4915 798 4975 τοῖς
841 4909 1322 4983 συντετριμμένοις
1350 4911 1450 4982 τὴν
1497 4911 1936 4981 καρδίανῆτουτ-

357 5008 477 5058 ἐστι
517 5007 632 5068 τοῖς
656 5006 890 5076 πτωχοῖς
923 5003 998 5074 τῷ
1031 5003 1330 5074 πνεύματι⁶
1370 5000 1600 5055 τοιοῦτοι
1649 5001 1706 5055 δὲ
1734 5001 1935 5065 πάντες

354 5098 408 5149 οἱ
437 5098 495 5150 ἐν
527 5097 741 5167 ὑπακοῇ
777 5092 933 5162 Θεοῦ,
959 5097 1052 5149 καὶ
1086 5095 1322 5149 είκτικὺν
1355 5093 1567 5164 ἔχοντες
1602 5093 1746 5146 νοῦν·
1787 5088 1934 5147 οὗτοι

353 5187 402 5241 δ’
430 5187 496 5241 ἂν
521 5183 630 5241 εἷεν
657 5190 704 5240 oi
730 5187 819 5241 διὰ
850 5187 1084 5252 πίστεως
1110 5187 1437 5258 κεκλημένοι
1474 5187 1608 5258 πρὸς
1634 5186 1932 5254 ἐπίγνωσιν

353 5281 452 5334 τοῦ
484 5280 740 5352 Χριστοῖν
775 5281 1219 5352 ὀνομάζονται”δὲ
1255 5281 1463 5352 πτωχοὶ
1501 5280 1580 5350 τῷ
1629 5278 1927 5349 πνεύματι,

353 5373 457 5443 τὴν
484 5372 730 5426 ἐναντίαν
767 5374 880 5435 τοῖς
919 5372 978 5435 ἐξ
1015 5371 1228 5444 Ἰσραὴλ
1276 5373 1559 5444 ἐρχόμενοι
1609 5369 1812 5441 τρίϐον.
1868 5370 1930 5421 υἱ

361 5463 462 5534 μὲν
491 5463 600 5534 γὰρ
626 5459 765 5535 ἦσαν
793 5460 1068 5528 ἀλαζόνες,
1130 5463 1372 5527 ἀπειθεῖς
1403 5480 1461 5516 τε
1494 5463 1589 5517 καλ⁵
1612 5461 1931 5535 ἄθραυστον

433 5639 482 5672 ’⁸
506 5640 606 5694 lsa.
640 5657 791 5702 um,
819 5641 906 5695 10.
982 5640 1028 5672 ’³
1065 5640 1202 5694 l’sal.
1239 5654 1388 5698 nrt.
1430 5638 1516 5694 14.

2035 3290 2150 3340 sus,
2177 3273 2230 3328 in
2259 3271 2518 3344 dignitate
2553 3270 2698 3324 velut
2731 3269 3050 3323 inconcussa
3085 3267 3439 3322 constitutam
3495 3279 3618 3320 esse

2036 3376 2091 3421 et
2131 3357 2381 3418 ineffabili
2432 3357 2754 3416 celsitudine
2802 3360 3187 3428 conspicuam,
3253 3357 3492 3412 divinam
3552 3372 3618 3410 ac

2035 3470 2300 3511 summam
2360 3463 2631 3507 naturam.
2673 3446 2740 3506 Et
2797 3452 2901 3507 hoc
2967 3461 3096 3521 puto
3149 3464 3307 3515 esse,
3373 3448 3620 3504 habitare

2033 3564 2158 3604 eum
2189 3548 2244 3602 in
2288 3545 2517 3602 excelsis
2550 3547 2603 3600 in
2658 3555 2944 3600 aeternum.
2978 3538 3075 3598 Est
3147 3543 3295 3597 enim
3355 3541 3497 3612 apud
3554 3556 3618 3597 se

2035 3632 2410 3704 immutabilis,
2457 3652 2559 3692 nec
2595 3636 2652 3690 in
2689 3635 2930 3701 meliore,
2956 3651 3118 3704 quam
3171 3643 3288 3698 est,
3339 3632 3614 3688 conditio-

2036 3745 2104 3785 ne
2143 3730 2273 3796 essej
2298 3734 2505 3796 potest:
2535 3724 2644 3779 imo
2687 3724 2739 3778 in
2783 3739 2902 3779 eam
2952 3722 3094 3777 nulla
3145 3722 3293 3776 cadit
3381 3721 3619 3776 mutabi-

2034 3821 2186 3885 litas,
2207 3818 2301 3874 sed
2348 3817 2450 3871 hoc
2480 3815 2529 3871 ei
2563 3816 2882 3880 inlieretnt,
2911 3813 2961 3868 in
2989 3814 3186 3883 quibus
3216 3822 3320 3879 est,
3348 3815 3418 3868 sit
3452 3809 3619 3886 809

2036 3918 2316 3977 perpetuo.
2353 3902 2610 3961 Sanctum
2660 3919 2782 3960 eum
2817 3905 2870 3958 in
2910 3905 3115 3959 sanctis
3163 3904 3506 3973 requiescere
3545 3914 3602 3960 et

2035 3998 2282 4053 habitare
2319 3996 2475 4051 dicit:
2525 3994 2936 4058 subinsinuans,
2971 4009 3096 4049 eum
3129 3992 3432 4048 Israelitico
3469 4008 3604 4049 san-

2034 4090 2200 4161 guine
2236 4096 2386 4144 ortos
2437 4094 2690 4156 tanquam
2725 4085 2909 4140 multis
2936 4086 3178 4156 peccatis
3211 4086 3614 4142 contaminatos

2035 4182 2360 4254 repudiare:
2390 4188 2759 4236 commoratur
2791 4189 2972 4234 autem
3007 4195 3074 4235 ex
3113 4180 3346 4250 quodam
3387 4180 3606 4234 bonita-

2036 4277 2108 4330 tis
2148 4288 2333 4328 amore
2388 4287 2511 4328 cum
2563 4271 2629 4326 iis
2685 4271 2777 4342 qui
2821 4285 2917 4340 per
2967 4270 3127 4326 fidem
3173 4269 3394 4341 purgati
3448 4281 3612 4337 sunt,

2034 4377 2089 4424 et
2121 4362 2447 4422 sanctiﬁcali
2497 4361 2552 4420 in
2595 4364 2814 4431 spiritu.
2843 4364 2946 4418 Dat
2997 4363 3162 4420 etiam
3204 4378 3371 4434 parvo
3426 4360 3613 4417 animo

2036 4459 2277 4531 praeditis
2321 4457 2659 4529 patientiam.
2695 4455 2762 4512 Et
2815 4470 2982 4525 parvo
3013 4453 3195 4510 animo
3234 4455 3488 4523 praeditos
3514 4454 3611 4520 ait,

2039 4550 2130 4620 qui
2162 4549 2431 4604 interdum
2463 4547 2518 4601 in
2549 4555 2802 4616 suscepto
2832 4547 2953 4601 vitae
2994 4545 3240 4601 instituto
3275 4544 3432 4599 facile
3457 4547 3608 4599 fran-

2037 4647 2237 4710 guntur
2271 4653 2336 4693 ac
2373 4635 2743 4693 debilitantur.
2782 4635 2886 4690 Dat
2916 4635 3076 4689 etiam
3111 4634 3217 4689 illis
3262 4634 3605 4704 patientiam,

2037 4733 2089 4787 id
2113 4740 2218 4796 est,
2269 4729 2609 4785 tolerantiam
2663 4733 2718 4783 et
2762 4727 3162 4792 sustinentiam,
3225 4727 3613 4796 pr0pemodum

2037 4824 2278 4878 clamans
2325 4833 2381 4878 et
2433 4823 2664 4876 dicens:
2711 4838 2730 4872 ι
2761 4815 3004 4874 Viriliter
3028 4819 3194 4890 agite,
3232 4827 3285 4872 et
3336 4819 3613 4876 conferte-

2038 4927 2125 4970 tnr
2155 4931 2249 4971 cor
2274 4923 2535 4977 vestrum,
2568 4927 2756 4968 omnes
2792 4913 2881 4981 qui
2913 4912 3143 4980 speratis
3175 4911 3228 4965 in
3256 4910 3480 4966 Domino
3499 4912 3565 4964 ".
3590 4931 3611 4964 ι

2037 5009 2137 5061 Dat
2174 5008 2337 5062 etiam
2377 5004 2627 5062 contritis
2651 5005 2814 5060 corde
2838 5004 3026 5070 vitam,
3056 5005 3108 5058 id
3138 5013 3239 5070 est,
3290 5004 3614 5074 pauperibus

2035 5101 2250 5169 Spiritu.
2289 5097 2566 5168 Ejusmodi
2604 5106 2731 5152 sunt
2768 5110 2959 5151 omnes
3027 5095 3119 5164 qui
3184 5095 3292 5150 Deo
3355 5106 3613 5165 praestant

2035 5188 2426 5254 obedientiam,
2479 5195 2534 5242 et
2563 5187 2748 5242 animo
2786 5195 2910 5241 sunt
2945 5186 3220 5242 submisso
3260 5194 3314 5241 et
3358 5201 3611 5255 sequare.

2038 5282 2102 5337 lli
2138 5289 2263 5337 sunt
2303 5283 2393 5350 qui
2420 5279 2594 5335 vocati
2626 5287 2752 5333 sunt
2804 5293 2899 5347 per
2923 5277 3081 5334 fidem
3114 5278 3180 5333 ad
3209 5277 3412 5336 Christi
3464 5279 3610 5347 agni-

2042 5374 2264 5434 tionem,
2292 5380 2346 5426 et
2381 5383 2644 5440 pauperes
2683 5367 2881 5438 spiritu
2957 5368 3330 5434 nominantur,
3365 5367 3613 5422 semitam

2044 5461 2409 5531 ingredientes
2467 5458 2728 5515 lsraelitis
2777 5460 3133 5516 contrariam.
3175 5458 3312 5514 Nam
3362 5457 3417 5514 hi
3468 5472 3605 5513 arra

435 5805 514 5875 (Ι)
553 5804 838 5867 ΑιιΙιειῚιιδ,
877 5803 971 5855 σὺν
1013 5800 1214 5870 ἱδρῶτι,
1255 5801 1525 5855 contraria
1563 5808 1618 5853 ut
1649 5798 1934 5862 sententia,

2040 5813 2049 5852 :
2090 5795 2341 5850 dictione.
2372 5791 2526 5848 Enn.
