4140 6506
583 376 728 434 1275

577 594 636 639 et
664 585 898 652 cordati,
937 598 992 644 et
1021 587 1231 660 legibus
1267 585 1364 646 Dei
1415 592 1752 651 dominatum
1787 613 1850 655 ac
1908 603 2161 671 superio-

517 684 552 770 ἰ
581 691 693 732 rem
731 687 940 750 partem
966 680 1287 749 tribuentes,
1317 692 1371 738 et
1394 683 1526 756 iugo
1546 685 1749 743 Christi
1779 691 1976 747 utentis
2000 693 2174 748 cervi-

541 833 548 848 ἵ
577 783 696 823 cem
734 770 1135 828 submittentes.
1171 773 1350 845 Atque
1381 776 1498 832 haec
1532 791 1699 849 opera
1739 790 1868 836 sunt
1905 782 2171 841 Christia-

540 845 789 918 duorum.
821 864 892 918 At
942 865 1074 936 quid
1120 867 1251 922 dicit
1294 845 1608 928 Altissimus
1652 872 1758 942 bis,
1817 877 1913 946 qui
1969 894 2036 934 ex
2089 882 2170 936 in-

576 952 886 1008 obedientia
920 954 973 1010 in
1003 954 1210 1013 crimen
1242 959 1538 1029 impietatis
1565 963 1800 1036 prolapsi
1825 976 1953 1023 Sunt
1971 969 2013 1036 1';
2049 970 2166 1028 Non

578 1045 632 1095 in
685 1053 950 1101 :cternum
1008 1047 1242 1105 ulciscar
1301 1065 1419 1118 vos,
1454 1068 1630 1125 neque
1683 1072 1903 1130 semper
1959 1060 2169 1118 irascar

579 1133 753 1190 vobis.
829 1135 992 1207 Spem
1050 1139 1242 1196 salutis
1297 1158 1402 1200 non
1452 1146 1767 1214 praescindit
1831 1146 2091 1208 lsraelitis
2149 1171 2163 1208 :

578 1241 702 1281 nam
740 1228 987 1299 reliquiae
1022 1239 1252 1288 servata
1287 1244 1412 1290 sunt
1433 1237 1500 1303 “,
1531 1247 1588 1294 et
1641 1241 1878 1298 maxima
1909 1259 2037 1314 pars
2070 1260 2163 1300 eo-

580 1333 698 1373 rum
750 1321 1108 1380 multitudinis
1159 1337 1352 1382 vocata
1397 1337 1500 1386 est.
1531 1330 1807 1390 Extremis
1835 1337 2001 1392 etiam
2034 1345 2166 1391 tem-

578 1411 800 1478 poribus
833 1415 1194 1485 voeabuntur,
1228 1417 1342 1476 Deo
1378 1420 1688 1480 refrenante
1736 1425 1870 1482 iram
1932 1428 1987 1483 in
2025 1429 2163 1499 .illos

576 1511 636 1556 et
681 1519 897 1574 poenam
943 1509 1272 1578 retrahente,
1327 1527 1396 1568 ne
1423 1515 1650 1571 omnino
1697 1516 1751 1572 in
1796 1533 1893 1574 eos
1925 1517 2156 1578 intente-

578 1606 686 1650 tur.
729 1597 907 1652 Bonus
961 1600 1106 1654 enim
1139 1617 1261 1657 cum
1308 1603 1400 1669 sit,
1435 1607 1678 1662 servavit
1723 1621 1847 1664 cum
1914 1613 2162 1681 patribus

574 1701 765 1743 eorum
816 1689 999 1747 datam
1065 1693 1262 1761 tidem,
1300 1711 1400 1752 nec
1457 1696 1678 1755 fefellit.
1721 1699 1920 1759 Reddit
1992 1706 2158 1761 etiam

1615 389 1674 445 s.
1715 389 1995 450 CYRIIJJ
2035 384 2510 462 ALEXANDBINI
2547 411 2872 474 ARCHIEP.

580 502 774 567 gantes
836 504 994 553 erant
1051 497 1453 567 inobedientes,
1493 512 1550 560 et
1578 507 1886 576 prefracti:
1921 511 1999 567 illi
2040 512 2155 568 boni

2276 519 2324 572 oi
2366 519 2424 574 δὲ
2460 523 2680 592 ἀγαθοὶ,
2731 532 2828 586 καὶ
2860 531 3160 606 εὗκάρδιοι,
3195 539 3290 593 καὶ
3326 543 3440 608 τοῖς
3473 543 3570 599 τοῦ

3732 436 3868 495 1176

3607 545 3749 602 Θεοῦ
3781 551 3869 605 νύ-

2277 628 2400 682 μοις
2418 613 2480 668 τδ
2506 618 2703 708 χρῆναι
2730 627 2954 694 κρατεῖν
2980 626 3368 700 ἀπονέμοντες,
3388 635 3484 690 καὶ
3512 638 3868 708 ύποτιθὲντες

2271 703 2339 776 τῇ
2394 703 2598 784 ζεύγλῃ
2641 712 2880 784 Χριστοῦ
2921 717 3015 773 τὸν
3058 721 3158 792 τῆς
3194 723 3430 792 διανοίας
3474 729 3708 801 αὐχένα.
3755 703 3870 788 Καὶ

2270 799 2444 855 ταῦτα
2474 804 2573 874 μὲν
2605 805 2716 862 τῶν
2749 809 2810 892 ἐν
2843 811 3064 885 Χριστῷ
3099 816 3177 870 τὰ
3197 816 3356 888 ἔργα.
3394 821 3461 874 Τί
3505 799 3581 876 δέ
3613 842 3792 895 φησιν
3842 829 3871 880 ὁ

2273 891 2540 982 ’Υψιστος
2576 897 2694 964 τοῖς
2721 890 2783 966 ἐξ
2820 903 3108 972 ἀπειθείας
3137 907 3502 981 ὠλισθηκόσιν
3537 890 3721 979 είς-τα
3763 917 3871 987 τῆς

2269 979 2351 1048 είς
2391 985 2554 1042 αὐτὸν
2574 987 2896 1057 δυσσεϐείας
2916 997 3266 1071 ἐγκλήματας
3314 979 3429 1055 Οὐκ
3458 1004 3539 1068 εἰς
3564 1005 3662 1058 τὸν
3690 979 3869 1061 αἰῶνα

2269 1076 2542 1150 ἐκδικήσω
2577 1081 2744 1154 ὑμᾶς,
2795 1086 2918 1141 οὐδὲ
2948 1086 3240 1156 διαπαντός
3264 1093 3682 1168 ὀργισθήσομαι.
3712 1097 3872 1168 ὑμῖν.

2268 1168 2384 1224 Οὐκ
2427 1171 2839 1246 ἀποκείρειτοῦ
2887 1179 3156 1245 σώζεσθαι
3221 1185 3554 1258 τὴν-ἐλπίῶ
3622 1192 3745 1255 τοῖς
3812 1193 3882 1261 ἐξ

2280 1261 2520 1335 Ἰσραήλ·
2566 1267 2833 1324 σέσωσται
2873 1272 2983 1344 γὰρ
3025 1274 3086 1326 τὸ
3155 1277 3538 1351 κατάλειμμαο
3590 1283 3869 1357 κέκληται

2269 1351 2369 1422 μὲν
2403 1353 2633 1428 πλείστη
2664 1365 2750 1422 τις
2789 1363 2955 1431 μοῖρα
2995 1362 3095 1433 τῆς
3131 1361 3312 1422 αὐτῶν
3357 1369 3620 1440 πληθύος,
3656 1351 3880 1447 κεκλής

2267 1461 2450 1499 σονται
2495 1447 2553 1502 δὲ
2595 1450 2692 1503 καὶ
2729 1451 2789 1504 ὲν
2843 1453 3092 1524 ἐσχάτοις
3143 1461 3391 1531 καιροῖς,
3447 1463 3868 1531 ἀνακόπτοντος

2263 1536 2400 1591 Θεοῦ
2427 1537 2528 1610 τὴν
2561 1541 2649 1594 ἐπ’
2678 1542 2864 1608 αὐτοῖς
2894 1545 3088 1618 ὀργὴν,
3119 1548 3215 1603 καὶ
3240 1552 3341 1620 τὴν
3372 1553 3530 1626 δίκην
3557 1556 3866 1631 ἀνασειρά-

2263 1627 2470 1695 ζοντος,
2528 1632 2607 1697 ὡς
2657 1634 2735 1706 μὴ
2795 1636 3032 1694 είσάπαν
3078 1641 3415 1700 ἐπιτείνεσθαι
3470 1649 3593 1701 κατ’
3652 1627 3864 1706 αὐτιῖιν.

2275 1721 2502 1791 ’Δγαθδς
2534 1724 2644 1798 γὰρ
2671 1726 2955 1800 ὑπάρχων,
2989 1731 3260 1804 τετήρηκε
3297 1737 3412 1802 τοῖς
3448 1738 3726 1810 πατράσιν
3751 1744 3864 1796 αύ-

575 1781 738 1836 aliam
777 1798 1018 1850 causam,
1051 1797 1110 1838 ut
1153 1787 1467 1845 misericors
1503 1792 1683 1848 Deus:
1721 1793 1964 1864 Spiritus
2011 1797 2155 1854 enim

2261 1781 2372 1868 τῶν
2413 1781 2624 1890 ἀιιίεύδῖί
2669 1781 3596 1892 τῆν’δᾞάἇέᾷινῖτλῖξιοδιδῷσῗδὲ
3621 1836 3722 1888 καὶ
3748 1835 3863 1889 Ets-

575 1888 606 1926 a
643 1888 728 1928 me
765 1876 1100 1946 egredietur.
1131 1874 1253 1946 Quo
1290 1891 1471 1936 autem
1514 1884 1674 1940 modo
1696 1888 2028 1957 egredietur,
2063 1890 2160 1946 de-
2191 1880 2236 1934 Β

573 1963 804 2018 claravit
852 1967 1100 2036 inquiens
1142 1985 1156 2021 ε
1217 1970 1425 2026 Flatuut
1470 1987 1688 2031 onmem
1743 1991 1846 2050 ego
1897 1978 2024 2038 feci.
2062 1980 2161 2039 Est

574 2056 718 2111 enim
752 2057 1039 2128 spirituum
1069 2060 1251 2118 Pater.
1283 2060 1612 2139 lntelligitut’
1641 2079 1824 2127 autem
1865 2087 1974 2128 non
2011 2075 2161 2130 velut

572 2162 641 2201 ex
711 2149 933 2220 propria
990 2162 1186 2208 natura
1253 2155 1373 2214 illos
1435 2162 1709 2231 genuisse,
1750 2171 1809 2219 ut
1876 2167 2158 2238 proprium

573 2237 769 2294 Filiqu
828 2243 1012 2312 genuit
1043 2262 1056 2298 :
1089 2246 1182 2301 sed
1231 2263 1333 2305 nec
1393 2251 1512 2308 illos
1537 2269 1722 2322 parem
1755 2257 1987 2329 Spiritui
2020 2276 2154 2316 san-

573 2341 662 2388 cto
725 2349 791 2390 es
858 2336 1160 2395 substantia
1237 2358 1587 2415 progressum
1671 2349 1788 2407 sive
1840 2365 2154 2420 processum

575 2425 827 2483 habuisse
899 2431 1176 2490 dicimus:
1234 2437 1329 2492 sed
1391 2451 1458 2491 es
1504 2440 1782 2499 creatione
1845 2443 2028 2512 potius
2097 2445 2150 2500 in

573 2519 863 2576 essentiam
927 2525 1196 2591 prodiisse
1273 2539 1340 2584 ex
1393 2525 1502 2585 Deo
1577 2531 1938 2602 allirmamus,
2006 2549 2154 2594 recte

571 2611 790 2679 quidem
827 2615 1144 2671 sentientes.
1182 2617 1316 2674 Nam
1354 2620 1470 2691 ipse
1517 2639 1734 2682 omnem
1781 2621 1913 2685 fecit
1942 2628 2153 2690 ﬂatum.

577 2702 676 2759 Ubi
719 2717 902 2762 autem
937 2707 1148 2765 ell'ectin
1203 2713 1427 2771 omnino
1456 2723 1538 2772 est
1565 2720 1863 2789 nominata,
1893 2723 1969 2780 ibi
2008 2743 2154 2782 sem-

570 2808 672 2864 per
717 2806 799 2851 est
849 2802 1115 2869 egressio,
1152 2804 1321 2875 810
1372 2821 1467 2862 seu
1523 2811 1727 2878 exitus,
1793 2831 1902 2869 non
1942 2820 2154 2875 ratione

571 2886 912 2955 substantia,
962 2892 1060 2947 sed
1108 2894 1275 2950 Verbo
1336 2897 1564 2955 abusivo
1605 2901 1950 2962 eti‘ection‘em
1978 2909 2152 2980 signi-

570 2975 769 3035 ﬁcans.

645 3067 808 3126 Vens.
839 3071 1026 3130 17-21.
1079 3075 1308 3149 Propter
1352 3093 1628 3151 peccatum
1669 3087 1948 3153 paululum
1983 3093 2155 3148 tristi-

2267 1921 2365 1977 ραν
2390 1907 2691 1976 αἰτίαν,.ὦς
2712 1911 3105 1989 φιλοικτίρμων
3125 1916 3275 1984 Θεός.
3301 1919 3527 1994 Πνεῦμα
3549 1923 3684 1998 γὰρ,
3699 1927 3862 1998 φησὶ,

2264 1999 2398 2072 παρ’
2428 2000 2566 2072 ἐμοῦ
2592 2001 2953 2070 ἐξελεύσεται.
2973 2009 3344 2077 Ἐξελεύσεται
3376 2015 3434 2070 δὲ
3467 2017 3598 2072 τίνα
3619 2020 3858 2090 τρόπον,

2259 2094 2586 2168 διεσάφησεν
2629 2095 2802 2154 είπών
2838 2118 2854 2132 ο
2927 2104 3105 2175 Πνοὴν
3169 2109 3350 2164 πᾶσαν
3421 2113 3664 2184 ἐποίησα
3721 2116 3859 2184 ἐγώ.

2264 2188 2422 2242 Ἔστι
2463 2191 2564 2261 μὲν
2599 2192 2708 2264 γὰρ
2748 2195 3079 2266 πνευμάτων
3127 2199 3339 2272 Πατήρ.
3393 2203 3620 2260 Νοείταξ
3644 2223 3710 2275 γε
3750 2206 3858 2278 μὴν

2258 2281 2358 2353 οὐχ
2379 2281 2455 2347 ὡς
2490 2282 2549 2351 ἐξ
2577 2283 2714 2350 ἰδίας
2749 2287 2967 2356 φύσεως
3003 2293 3241 2357 τετοκὼς
3261 2294 3420 2359 αὐτὰ,
3454 2295 3602 2350 καθὰ
3635 2299 3738 2352 καὶ
3766 2299 3856 2352 τὸν

2260 2373 2392 2427 ἴδιον
2421 2372 2571 2440 Υξόν,
2604 2375 2720 2430 ἀλλ’
2750 2379 2873 2433 οὐδὲ
2902 2381 2961 2436 ὲν
2991 2383 3094 2455 ῐσῳ
3132 2383 3210 2456 τῷ
3254 2384 3395 2457 ἁγίῳ
3424 2387 3715 2460 Πνεύματι
3753 2390 3859 2461 τὴν

2258 2467 2325 2520 ὲκ
2348 2467 2449 2538 τῆς
2479 2467 2670 2534 οὐσίας
2692 2472 2938 2545 πρόοδον,
2961 2475 3132 2548 ήγουν
3179 2478 3529 2550 ὲκπόρευσιν,
3553 2483 3858 2552 ἐσχηκέναι

2257 2561 2440 2631 φαμὲν
2463 2561 2605 2618 αύτά
2625 2579 2640 2596 ο
2679 2565 3093 2640 δημιουργικῶς
3116 2571 3175 2625 δὲ
3210 2572 3410 2643 μᾶλλον
3450 2575 3517 2628 ἐκ
3545 2573 3684 2628 Θεοῦ
3719 2593 3854 2646 προσ

2256 2653 2431 2708 ελθεῖν
2453 2656 2535 2718 είς
2557 2656 2620 2709 τὸ
2649 2653 2788 2711 εἶναι
2810 2659 3629 2736 διαϐεϐαιούμεθα,φρονοῦντες
3649 2666 3847 2737 ὀρθῶς·

2253 2743 2417 2809 αὐτὸς
2453 2746 2566 2818 γὰρ
2607 2749 2792 2804 πᾶσαν
2835 2750 3062 2823 εποίησε
3092 2755 3285 2825 πνοήν.
3317 2754 3495 2807 Ὅπου
3525 2754 3586 2808 δὲ
3628 2755 3848 2826 ποίησις

2254 2836 2390 2900 ὅλως
2409 2836 2746 2910 ὠνόμασται,
2765 2843 2883 2895 ἐκεῖ
2904 2860 3007 2896 που
3037 2845 3254 2910 πάντως
3283 2847 3368 2917 εἴη
3389 2844 3457 2900 ἂν
3480 2849 3513 2918 ἠ
3545 2847 3845 2913 ὲξὲλευσις.

2253 2928 2424 2998 ήγουν
2472 2931 2505 3001 ή
2550 2930 2752 3000 ἔξοδος,
2783 2933 2884 2987 ούκ
2931 2935 3208 3000 οὑσιωδῶς
3239 2936 3465 3007 μᾶλλον,
3509 2938 3628 2992 ἀλλ’
3673 2939 3753 3002 ὡς
3789 2940 3846 2992 ἐν

2255 3019 2398 3087 λέξει
2421 3029 2837 3099 καταχρηστικῇ
2871 3027 2934 3082 τὸ
2968 3029 3374 3101 περιποιεῖσθαι
3407 3031 3774 3102 σημαίνουσα.

2324 3115 2406 3168 Δι’
2454 3116 2750 3186 ἁμαρτίαν
2793 3119 2997 3191 βραχύ
3044 3139 3102 3175 τι
3152 3121 3440 3192 ἐλύπησα
3488 3123 3702 3191 αὐτὸν,
3745 3126 3844 3178 καὶ

569 3165 646 3218 tia
693 3166 848 3236 σθ’εεὶ
892 3185 1032 3236 eum,
1056 3183 1104 3226 et
1164 3176 1398 3243 percussi
1447 3193 1588 3243 eum,
1619 3187 1672 3233 et
1719 3185 1889 3236 averti
1957 3184 2149 3254 facient

569 3273 736 3285 ..ιρι-..ι
785 3258 844 3285 ,ι
886 3277 937 3285 ,Α
1010 3273 1049 3285 ,ι
1096 3263 1309 3285 ._-!_._-._-,,
1400 3268 1438 3285 av
1497 3277 1508 3285 .
1678 3279 1689 3285 -
1775 3281 1783 3285 -
1869 3274 1934 3285 ..-

2325 3165 2385 3168 vv
2458 3165 2726 3186 τινννσ---π-
2793 3165 2991 3191 σ-νν-Αν
3048 3165 3102 3175 --
3152 3165 3440 3192 “mn-qv"
3488 3165 3702 3191 *ν’-ην
3745 3165 3840 3178 ’νυη

2255 3203 2523 3272 ἐπάταξα
2549 3210 2757 3278 αὐτὸν,
2782 3211 2881 3265 καὶ
2918 3211 3275 3282 ἀπέστρεψα
3288 3213 3353 3268 τὸ
3369 3216 3700 3283 πρόσωπόν
3725 3234 3840 3285 μου

569 3273 738 3312 meum
779 3258 845 3313 ab
879 3277 961 3326 eo,
1001 3273 1049 3316 et
1091 3263 1312 3320 tristitia
1353 3268 1574 3335 affectus
1613 3279 1711 3336 est,
1737 3281 1784 3327 et
1826 3274 1956 3330 abiit
2020 3291 2150 3332 mae-

2252 3297 2353 3352 da’
2389 3297 2596 3355 αὐτοῦ’
2633 3302 2730 3356 καὶ
2763 3303 3062 3374 ἐλυπήθη,
3117 3306 3217 3360 καὶ
3242 3306 3538 3376 ἐπορεύθη
3581 3309 3841 3377 στυγνὲ(-

566 3358 680 3403 stus
726 3349 780 3403 in
814 3353 912 3407 viis
959 3356 1088 3410 suis.
1137 3355 1261 3411 l'ias
1299 3358 1415 3428 ejus
1465 3361 1595 3426 uidi,
1623 3372 1671 3416 et
1703 3367 1889 3420 sanavi
1928 3377 2068 3434 eum,
2102 3379 2150 3423 et

573 3441 866 3464 -..----Ι-.--,
934 3462 983 3464 ,η
1012 3463 1036 3464 η
1296 3459 1306 3464 -
1371 3450 1382 3464 ι
1438 3453 1470 3464 ιο
1554 3454 1562 3461 ι
1778 3457 1789 3464 .
1859 3457 1870 3464 .

2258 3349 2327 3352 m-
2391 3349 2456 3354 νη
2475 3349 2490 3353 -
2507 3349 2566 3355 -ν
2633 3349 2729 3356 --π-
2764 3349 3062 3374 -ν-ν--σιν·υ
3117 3349 3217 3360 ’νυν-ν
3242 3349 3537 3376 v-vvrvvv-s
3581 3349 3612 3361 ν
3631 3349 3650 3360 ν
3667 3349 3757 3377 νιν
3777 3349 3832 3373 νδ

2255 3383 2320 3438 ἐν
2351 3387 2480 3454 ταῖς
2524 3387 2686 3456 ὁδοῖς
2714 3391 2920 3446 αὑτοῦ.
2973 3392 3086 3460 Τὰς
3131 3391 3313 3460 ὀδοὺς
3363 3395 3554 3450 αὐτοῦ
3592 3395 3836 3464 ἑώρακα,

565 3441 869 3497 consolatus
924 3462 1042 3499 sum
1079 3465 1218 3514 eunt,
1259 3459 1307 3502 et
1348 3450 1470 3504 dedi
1519 3454 1566 3507 ei
1608 3457 2026 3512 consolationem
2063 3477 2151 3515 tte-

567 3548 704 3597 rant,
733 3550 915 3601 pacem
961 3554 1118 3604 super
1158 3557 1338 3606 pacem
1389 3542 1470 3595 Itis
1517 3546 1608 3613 qui
1642 3545 1815 3616 longe,
1855 3557 1906 3603 et
1935 3550 2020 3605 Itis
2063 3556 2152 3624 qui

565 3641 724 3694 prope
764 3636 906 3681 sunt.
946 3627 1014 3681 Et
1042 3629 1182 3684 dixit
1225 3630 1485 3688 Dominus
1508 3647 1529 3687 :
1559 3634 1775 3694 Sanabo
1810 3655 1897 3694 eos
1914 3657 1935 3707 ;
1964 3651 2018 3696 at
2045 3644 2150 3697 ini-

564 3716 657 3786 qui
709 3717 791 3771 sic
850 3719 1220 3789 ﬂuctuabant,
1266 3731 1317 3777 et
1381 3725 1647 3795 quiescere
1720 3746 1826 3784 non
1883 3743 2148 3802 poterunt.

568 3803 692 3861 Non
748 3818 824 3863 est
859 3811 1112 3880 gaudium
1168 3811 1376 3884 impiis,
1416 3813 1550 3869 dixit
1596 3815 1858 3876 Dominus
1906 3821 2071 3880 Deus.
2119 3904 2131 3910 '

635 4079 880 4140 Luerunt
904 4099 1095 4154 pmnas
1117 4086 1286 4144 Juda:i
1309 4089 1750 4153 debacchationis
1775 4097 1829 4152 in
1853 4096 2150 4169 Christum,

566 4177 820 4234 omnibus
875 4179 1098 4248 quidem
1138 4183 1453 4240 hominibus
1519 4185 1919 4262 intolerandas,
1962 4195 2150 4252 mode-

567 4280 714 4325 ratas
760 4278 963 4335 tamen,
1011 4271 1059 4326 si
1112 4287 1236 4327 cum
1295 4276 1497 4332 erratis
1554 4292 1967 4350 comparentur.
2012 4283 2147 4344 Nam

566 4362 706 4417 ultra
761 4377 977 4418 onmem
1033 4364 1253 4420 modum
1322 4365 1472 4439 impii
1535 4368 1778 4441 fuerunt,
1817 4375 1998 4449 justos
2055 4396 2152 4438 oc-

565 4454 842 4519 citlerunt,
877 4467 930 4510 et
953 4465 1266 4514 sanctorum
1288 4461 1690 4531 prophetarum
1724 4473 2006 4544 sanguinis
2029 4492 2150 4534 reos

563 4561 625 4602 se
669 4542 1064 4604 reddiderunt:
1107 4552 1326 4606 tandem
1383 4550 1486 4622 ipsi
1535 4558 1700 4614 etiam
1745 4542 1967 4620 Citristo
2028 4584 2145 4623 ma-
2179 4561 2224 4616 Ι)

563 4655 668 4694 nus
719 4639 1062 4696 intulerunt:
1091 4656 1274 4711 quem,
1298 4659 1422 4700 cum
1468 4645 1640 4705 Filius
1671 4660 1836 4720 esset,
1877 4657 2146 4715 misitPa-

563 4741 648 4786 ter
690 4741 813 4802 post
863 4731 1116 4789 famulos.
1151 4735 1218 4788 At
1255 4735 1309 4790 Ini
1349 4737 1433 4793 sic
1476 4750 1667 4797 contra
1723 4743 1875 4800 illum
1941 4749 2143 4808 insole-

561 4824 807 4889 scebant,
852 4826 1067 4880 etiamsi
1106 4825 1250 4880 inter
1282 4841 1342 4884 se
1397 4829 1674 4888 dicerent:
1714 4853 1733 4886 ι
1766 4835 1865 4892 llic
1896 4850 1983 4895 est
2033 4843 2144 4898 ba:-

561 4919 724 4974 res".
753 4938 772 4972 ι
792 4917 976 4990 Itaque
1004 4929 1226 4990 propter
1241 4919 1346 4976 hoc
1365 4934 1672 4994 peccatum,
1692 4928 1890 5000 inquit,
1909 4932 2135 4993 tristitia

559 5009 713 5066 aﬂ'eci
749 5026 873 5067 eum
897 5053 912 5079 ,
940 5024 995 5068 et
1039 5017 1305 5087 percussi,
1330 5028 1386 5075 et
1415 5022 1586 5077 averti
1629 5023 1825 5082 faciem
1873 5044 2049 5085 meam
2073 5033 2143 5089 ab

557 5115 644 5157 eo.
671 5119 690 5152 ι
725 5100 868 5156 Dixit
901 5104 1082 5160 enim:
1117 5124 1136 5158 ι
1157 5107 1292 5163 Cum
1327 5125 1519 5167 manus
1549 5125 1757 5172 vestras
1787 5121 2142 5180 extenderitis

558 5194 626 5247 ad
661 5208 770 5262 me,
805 5206 1049 5252 avertam
1088 5199 1276 5256 oculos
1322 5217 1471 5259 meos
1505 5220 1534 5260 a
1568 5208 1754 5266 vobis:
1799 5220 1855 5267 et
1880 5213 1926 5268 si
1960 5215 2141 5273 multi-

558 5281 890 5353 plicaveritis
937 5290 1264 5358 orationem,
1285 5308 1392 5349 non
1424 5299 1712 5354 exaudiant
1770 5317 1885 5358 vos.
1951 5303 2141 5366 Manus

555 5375 699 5430 enim
734 5387 927 5434 vestra:
953 5380 1126 5450 plenae
1155 5393 1284 5440 sunt
1313 5389 1582 5457 sanguine
1608 5391 1674 5444 “.
1695 5410 1714 5444 ι
1764 5393 1872 5450 Sed
1934 5408 2142 5467 postre-

557 5466 662 5542 mis
714 5472 1056 5542 temporibus
1114 5476 1477 5546 resipiscente
1520 5481 1756 5542 lsraele:
1791 5466 1964 5544 abibit
1990 5490 2140 5546 enim

559 5565 809 5628 minatus,
842 5562 1070 5621 desistet
1096 5567 1164 5622 ab
1213 5567 1316 5625 bac
1379 5572 1683 5640 aversione,
1724 5584 1779 5632 et
1821 5592 1918 5649 per
1970 5579 2134 5638 ﬁdem

557 5649 871 5722 recipietnr,
915 5665 969 5711 et
999 5671 1029 5712 a
1089 5659 1336 5728 pristinis
1378 5665 1636 5732 peccatis,
1675 5667 1782 5724 Deo
1855 5673 2137 5731 commise-

2253 3475 2352 3530 καὶ
2383 3477 2652 3552 ἰασάμην
2677 3481 2886 3549 αὐτὸν,
2921 3483 3022 3538 καὶ
3064 3485 3456 3553 παρεκάλεσα
3493 3488 3705 3551 αὐτὸν,
3745 3490 3837 3542 καὶ

2253 3569 2446 3625 ἔδωκα
2479 3572 2638 3638 αὐτῷ
2677 3572 3066 3644 παράκλησιν
3109 3577 3433 3647 ἀληθινὴν,
3457 3578 3716 3647 εἰρήνην
3748 3581 3838 3633 ἐπὶ

2252 3663 2507 3732 εἰρήνην
2554 3665 2679 3733 τοῖς
2727 3669 2967 3736 μακρὰν
3001 3668 3102 3722 καὶ
3145 3669 3271 3737 τοῖς
3311 3670 3496 3740 ἐγγὺς
3529 3666 3698 3727 οὖσι.
3733 3672 3834 3726 Kal

2251 3747 2382 3808 εἷπε
2401 3755 2614 3823 Κύριος
2635 3775 2649 3786 ·
2671 3756 2940 3828 ’Ῑάσομαι
2973 3760 3218 3827 αὐτούς’
3249 3763 3305 3815 oi
3342 3761 3412 3816 δὲ
3433 3763 3632 3817 ἄδικοι
3657 3765 3836 3829 οὕτως

2254 3844 2879 3917 κνίυδωνισθήσονται,
2905 3849 3005 3904 καὶ
3045 3851 3522 3910 ἀναπαύσασθαι
3552 3857 3627 3910 οὑ
3662 3855 3836 3920 δυνή-

2167 3996 2171 4000 ,
2254 3953 2483 3992 σονται.
2539 3941 2663 3994 Οὐκ
2715 3941 2849 3996 ἔστι
2899 3942 3135 4012 χαίρειν
3183 3944 3309 4013 τοῖς
3343 3947 3670 4013 ἀσεϐέσιν,
3716 3944 3838 4002 εἶπε

2253 4028 2470 4096 Κύριος
2501 4031 2534 4084 ὀ
2565 4032 2731 4100 Θεός.

2259 4136 2272 4150 ·
2337 4120 2680 4177 Ἐκτετίκασι
2711 4123 2812 4195 μὲν
2845 4124 3088 4183 Ἰουδαῖοι
3139 4129 3296 4197 δίκας
3326 4129 3430 4204 τῆς
3469 4134 3555 4198 είς
3603 4133 3839 4207 Χριστὸν

2255 4213 2560 4284 παροινίας,
2603 4215 2878 4290 ἀνθρώπῳ
2923 4220 3023 4291 μὲν
3071 4221 3381 4296 ἀφορήτους
3426 4227 3616 4290 παντὶ,
3670 4244 3835 4296 μεμε-

2251 4305 2531 4377 τρημένας
2581 4307 2638 4362 δὲ
2693 4309 2862 4380 ὅμως,
2920 4312 2981 4367 τό
3023 4330 3089 4383 γε
3135 4309 3272 4387 ⁴ἧκον
3319 4318 3399 4381 εἰς
3456 4317 3688 4389 ἰσότητα
3733 4319 3836 4372 τῶν

2253 4397 2676 4470 ἡμαρτημένων.
2716 4402 3153 4476 Δεδυσσεὸήκασι
3197 4407 3307 4479 γὰρ
3352 4407 3421 4462 τὰ
3456 4408 3604 4481 πέρα
3638 4409 3838 4481 μέτρου

2254 4491 2474 4558 παντὸς,
2504 4493 2864 4560 ἀπεκτονότες
2898 4497 3161 4563 δικαίους,
3209 4499 3302 4554 καὶ
3333 4501 3636 4572 προφητῶν
3671 4503 3836 4570 ἁγίων

2252 4582 2482 4654 αἴμασιν
2511 4584 2729 4657 ἐνόχους
2757 4587 2985 4653 ἑαυτοὺς
3014 4592 3481 4662 καταστήσαντες.
3527 4593 3832 4647 Τελευτῶν-

2250 4691 2343 4739 τες
2377 4673 2436 4729 δὲ
2479 4676 2575 4730 καὶ
2611 4677 2761 4750 αύτῷ
2789 4678 2889 4744 τὰς
2931 4683 3120 4752 χεῖρας
3151 4683 3433 4756 ἐπήγαγον
3465 4685 3548 4756 τῷ
3592 4687 3842 4757 Χριστῷ,

2247 4766 2306 4819 ὂν
2333 4765 2459 4821 Υίὸν
2485 4767 2613 4821 ὄντα
2645 4768 2932 4842 πέπομφεν
2969 4773 2996 4825 ό
3021 4773 3210 4847 Πατὴρ
3257 4777 3397 4847 μετὰ
3425 4780 3556 4842 τοὺς
3596 4780 3828 4843 οἰκέτας.

2249 4856 2312 4908 Οἱ
2354 4856 2412 4910 δὲ
2453 4858 2547 4912 καὶ
2593 4857 2767 4923 οὕτως
2813 4861 3200 4933 ἠλαζονεύοντο
3247 4868 3369 4920 κατ’
3416 4867 3609 4931 αὐτοῦ,
3661 4870 3830 4923 καίτοι

2251 4947 2388 5018 πρὸς
2401 4948 2663 5020 ἀλλήλους
2679 4950 2946 5022 λέγοντεςο
2969 4974 2988 5007 ι
3015 4949 3185 5020 Οὗτός
3199 4958 3348 5011 ἐστιν
3373 4961 3402 5012 ὁ
3432 4959 3788 5031 κληρονόμος.
3804 4981 3820 5010 ι

2249 5039 2458 5094 Οὐκοῦν
2502 5041 2590 5097 διὰ
2631 5043 2834 5116 ταύτην
2871 5045 2970 5118 τὴν
3012 5047 3286 5120 ἁμαρτίαν
3343 5049 3595 5121 ἐλύπησα
3645 5052 3824 5114 αὐτὸν,

2245 5130 2401 5202 φησι,
2432 5134 2522 5186 καὶ
2545 5133 2813 5201 ἐπάταξα,
2846 5138 2943 5192 καὶ
2972 5138 3293 5212 ἀπέστρεψα
3318 5142 3379 5196 τὸ
3407 5143 3706 5213 πρόσωπόν
3729 5161 3821 5213 μου

2243 5221 2340 5275 ἀπ)
2373 5223 2560 5280 αὐτοῦ.
2594 5223 2739 5298 Ἔφη
2765 5229 2893 5300 γάρ·
2913 5249 2948 5282 .s
2979 5230 3147 5285 Ὅταν
3189 5231 3289 5297 τὰς
3315 5235 3505 5304 χεῖρας
3544 5235 3706 5305 ὑμῶν
3734 5237 3820 5287 ὲκ-

2243 5310 2455 5384 τείνητε
2501 5315 2637 5386 πρός
2675 5335 2773 5388 με,
2811 5321 3141 5394 ἀποστρέψω
3181 5324 3309 5388 τοὺς
3352 5325 3670 5396 ὀφθαλμούς
3721 5344 3817 5396 μου

2245 5401 2338 5472 ἀφ’
2369 5403 2539 5476 ὑμῶν·
2575 5411 2670 5462 καὶ
2698 5409 2793 5462 ἐὰν
2823 5411 3130 5485 πληθύνητε
3161 5415 3261 5487 τὴν
3314 5415 3518 5487 δέησιν,
3564 5419 3665 5472 οὐκ
3704 5419 3813 5471 εἰσ-

2246 5493 2554 5567 ακούσομαι
2586 5499 2771 5570 ὑμῶν·
2809 5503 2866 5555 αἱ
2901 5503 3009 5577 γὰρ
3035 5507 3218 5577 χεῖρες
3251 5505 3405 5577 ὑμῶν
3424 5508 3655 5578 αἵματος
3685 5508 3810 5578 xli,-

2245 5602 2415 5656 ρεις.»
2436 5587 2574 5641 Ἀλλ’
2602 5590 2660 5644 ὲν
2687 5591 2935 5664 ὑστέροις
2963 5599 3175 5668 καιροῖς
3207 5597 3700 5669 μεταγινώσκοντος
3718 5598 3805 5653 τοῦ

2257 5679 2470 5750 Ἰσραὴλ
2484 5679 2831 5753 (πορεύσεται
2860 5685 2968 5760 γὰρ
2995 5687 3606 5761 στυγνὸς),πεπαύσεται
3627 5691 3801 5762 pem

631 5833 677 5864 υ
715 5832 820 5891 lsa.
861 5850 916 5902 κ,
949 5833 1057 5906 22;
1097 5838 1256 5898 Rom.
1288 5857 1365 5911 ts,
1391 5843 1482 5900 27.
1525 5849 1604 5921 ,³⁸
1633 5848 1764 5906 Luc.
1797 5866 1887 5917 xx,
1925 5854 2009 5911 ii,
2087 5858 2131 5890 ³⁸
2161 5856 2264 5913 lsa.
2305 5873 2344 5925 ι,
2385 5859 2472 5916 lit.
