4140 6558
312 443 463 501 δ277

1434 453 1498 508 IN
1541 456 1776 511 ISAIAM
1816 456 1952 517 LIB.
1989 458 2053 515 γ.
2094 458 2329 516 ΤοΜυ5
2367 459 2456 515 ΙΙΙ.

3434 469 3574 529 1278

316 561 418 634 τῆς
447 562 830 633 ἀποστροφῆςο
874 564 1282 638 είσδεχθήσεται
1312 572 1369 626 δὲ
1399 573 1486 628 διὰ
1516 577 1773 641 πίστεως,
1806 578 1900 632 καὶ

2008 589 2158 634 rante
2199 578 2532 646 absolvetur,
2567 590 2624 636 et
2667 583 2846 654 capiet
2885 598 3069 639 veram
3119 584 3570 642 consolationem.

313 655 428 707 τῶν
470 654 715 725 ἀρχαίων
755 657 1175 728 ἁμαρτημάτων
1218 661 1719 738 ἀπαλλαχθήσεται,
1760 669 1895 723 Θεοῦ

311 744 806 831 κατοικτείραντος·
836 746 1067 818 λήψεται
1111 750 1168 805 δὲ
1196 753 1289 805 καὶ
1317 757 1664 828 παράκλησιν
1708 759 1898 831 ἀληθι-

311 824 438 905 νήπῖ.
474 835 584 888 Καὶ
613 834 773 889 ποίαν
804 832 943 891 εἶναι
972 838 1180 910 ταύτην
1210 824 1420 913 φαμὲν,
1452 844 1485 916 ἢ
1519 824 1763 918 δηλονότι
1797 824 1898 921 τὴν

312 924 408 978 διὰ
435 922 673 995 Χριστοῦ
700 924 881 995 χάριν,
916 925 1235 984 δικαιοῦσαν
1260 933 1319 986 ὲν
1345 934 1548 998 πίστει,
1585 938 1678 990 καὶ
1712 938 1896 1011 ἀμαρ-

310 1016 449 1069 τιῶν
491 1014 962 1081 ἀπαλλάττουσαν,
1004 1018 1371 1091 προξενοῦσαν
1420 1025 1477 1078 δὲ
1527 1029 1624 1080 καὶ
1673 1028 1771 1082 τὸν
1809 1030 1899 1083 διὰ

316 1108 639 1178 Πνεύματος
666 1108 970 1180 ἀγιασμὸν,
998 1112 1094 1165 καὶ
1133 1114 1235 1184 τῆς
1266 1116 1539 1182 υἱοθεσίας
1580 1119 1678 1191 τὴν
1719 1121 1897 1189 δόξαν,

316 1201 416 1252 καὶ
453 1202 633 1271 γερῶν
663 1200 851 1254 ἐλπίδα
892 1202 1003 1257 τῶν
1045 1206 1157 1269 τοῖς
1187 1206 1364 1275 ἀγίοις
1405 1209 1895 1282 ηὑτρεπισμένων;

329 1288 590 1361 ’Δληθινὴ
616 1289 907 1361 τοιγαροῦν
937 1293 970 1362 ἠ
1002 1294 1369 1366 παράκλησις,
1395 1298 1531 1370 πρὸς
1559 1304 1675 1364 τοῖς
1717 1301 1899 1367 ἄλλοις

317 1379 536 1435 δπασικ
555 1381 783 1449 ἀγαθοῖς
809 1384 1199 1455 εἰσκομίξουσα
1222 1389 1337 1451 τοῖς
1366 1388 1680 1454 ἀξιωθεῖσιν
1728 1394 1899 1464 αὐτῆς

317 1471 417 1524 καὶ
474 1473 695 1543 εἰρήνην
740 1473 834 1526 ἐπὶ
885 1476 1139 1547 εἰρήνην,
1194 1480 1441 1534 τουτέστι
1508 1483 1731 1553 διηνεκῆ
1802 1486 1899 1540 καὶ

315 1563 675 1624 ἀνέκλειπτον
717 1566 817 1636 τὴν
867 1567 967 1638 τῆς
1011 1569 1237 1641 εἰρήνης
1276 1571 1480 1639 εὐδίαν,
1522 1575 1590 1645 ἢν
1628 1575 1829 1629 ἔδωκεν
1871 1578 1901 1630 6

318 1654 514 1725 Σωτὴρ
555 1654 651 1708 καὶ
691 1658 805 1719 τοῖς
840 1657 1078 1727 μακρὰν,
1121 1660 1356 1724 καὶτοῖς
1406 1663 1595 1731 ἐγγὺς,
1627 1665 1901 1730 τουτέστι,

320 1744 421 1796 καὶ
461 1746 574 1807 τοῖς
618 1742 679 1810 ἐξ
719 1743 914 1813 ἐθνῶν,
967 1747 1063 1800 καὶ
1103 1751 1213 1811 τοῖς
1256 1750 1316 1816 ἐξ
1369 1750 1601 1823 αἵματος
1659 1754 1897 1827 Ἰσραήλ.

319 1834 769 1906 Προσπεφὼνηκε
799 1835 911 1907 γὰρ
931 1839 1045 1901 τοῖς
1074 1838 1281 1893 ἔθνεσιν
1309 1842 1339 1895 6
1370 1844 1641 1915 μακάριος
1667 1844 1896 1911 Παῦλος,

317 1923 405 1977 ὅτι
438 1942 459 1976 t
482 1925 616 1979 Νυνὶ
643 1927 701 1979 δὲ
733 1926 955 1994 ὃλως,οί
988 1929 1119 1983 ποτὲ
1147 1930 1300 1995 ὅντες
1332 1935 1571 2007 μακράν,
1605 1936 1902 2009 ἐγενήθητε
1933 1936 1977 1992 Β

318 2015 490 2084 ἔγγὺς
532 2015 591 2069 ἐν
616 2016 693 2088 τῷ
723 2017 918 2086 αἵματι
962 2018 1056 2097 τοῦ
1096 2020 1351 2090 Χριστοῦ.
1393 2043 1414 2076 ι
1464 2024 1631 2079 Ὅσον
1667 2026 1766 2097 μὲν
1796 2028 1906 2097 γὰρ

315 2101 459 2179 ἧκεν
493 2110 574 2172 είς
610 2109 672 2161 τὸ
715 2093 1077 2182 κατεξεῦχθαι
1109 2112 1259 2183 νόμῳ
1286 2114 1377 2167 τὸν
1416 2093 1781 2187 Ἰσραὴλ-καὶ
1808 2093 1907 2173 λα-

315 2198 535 2270 τρεύειν
583 2198 702 2271 Θεῷ
748 2200 911 2264 ζῶντι
971 2202 1067 2256 καὶ
1114 2202 1371 2274 ἀληθινῷ,
1403 2205 1545 2258 κατά
1598 2224 1662 2273 γε
1695 2206 1758 2259 τὸ
1794 2211 1908 2269 τοῖς

321 2292 491 2367 ἱερῆς
517 2291 838 2367 κηρύγμασι
868 2291 1059 2346 δοκοῦν
1112 2292 1351 2364 (εἴρηται
1379 2294 1487 2367 γάρ
1512 2298 1647 2367 πρὸς
1682 2298 1901 2361 αὐτούς

324 2402 354 2437 ι
380 2384 581 2456 Κύριος
607 2387 635 2439 6
656 2385 789 2450 Θεός
822 2403 939 2453 σου,
978 2387 1185 2459 Κύριος
1212 2383 1293 2453 εἷς
1319 2391 1467 2443 ἐστιν
1493 2391 1738 2460 ι),ὲγγὺς
1767 2388 1906 2445 εἷναί

320 2493 445 2540 πως
490 2476 731 2533 ὲδόκουν⁶
770 2477 988 2551 μακρὰν
1026 2479 1086 2533 δὲ
1128 2479 1199 2533 τά
1243 2479 1390 2553 ἔθνη,
1438 2481 1526 2535 διὰ
1579 2482 1640 2534 τὸ
1678 2481 1908 2537 εἰσάπαν

323 2566 827 2639 ἀπηλλπριῶσθαι,
854 2571 947 2623 καὶ⁵
975 2570 1316 2641 μαθημάτων
1343 2571 1535 2643 ἁγίων,
1585 2574 1678 2627 καὶ
1708 2573 1802 2626 τοῦ
1830 2575 1909 2627 εί-

320 2658 475 2713 δέναι
508 2659 598 2713 τὸν
630 2660 739 2713 τῶν
765 2660 912 2723 ὅλων,
927 2662 1311 2734 γενεσιουργὸν
1363 2663 1458 2716 καὶ
1495 2663 1720 2734 Κύριον.
1768 2665 1907 2718 Ἀλλ’

324 2751 519 2823 εἰρήνη
553 2751 760 2806 δέδοται
791 2751 1001 2816 τούτοις
1023 2770 1086 2806 τε
1149 2753 1423 2818 κάκείνοις
1450 2757 1600 2826 παρά
1640 2754 1736 2808 τοῦ
1769 2755 1905 2809 Θεοῦ

324 2847 421 2910 καὶ
446 2846 691 2927 Πατρὸς,
719 2848 754 2917 ἡ
771 2845 859 2899 διὰ
884 2845 1122 2917 Χριστοῦ
1153 2845 1419 2918 δηλονότι,
1452 2846 1548 2900 τοῦ
1583 2849 1907 2916 ποιήσαντος

324 2939 400 2991 τά
442 2938 726 3011 ἀμφότερα
755 2938 836 3004 ἓν,
871 2938 967 2993 καὶ
1009 2938 1137 3002 τοὺς
1169 2938 1263 2992 δύο
1306 2938 1470 3003 λαοὺς
1506 2939 1792 3004 κτίσαντος
1828 2942 1911 3005 είς

325 3030 426 3084 ἕνα
453 3029 637 3084 καινὸν
660 3030 969 3102 ἄνθρωπον,
994 3031 1087 3084 καὶ
1111 3030 1174 3091 τὸ
1197 3030 1507 3102 μεσότοιχον
1532 3032 1626 3086 τοῦ
1650 3032 1908 3104 φραγμοῦ

324 3123 611 3190 λύσαντος,
654 3123 761 3187 καὶ
793 3124 888 3177 τὸν
931 3122 1097 3193 νόμον
1149 3121 1265 3177 τῶν
1304 3121 1536 3176 ἐντολῶν
1578 3122 1637 3175 ὲν
1675 3123 1909 3194 δόγμασι

325 3215 796 3286 καταργήσαντος.
851 3211 1061 3266 Οὐκοῦν
1103 3212 1170 3273 δι’
1219 3210 1383 3265 αὑτοῦ
1416 3210 1513 3283 τὴν
1562 3209 1904 3282 καταλλαγὴν

323 3308 665 3378 ἐσχήκαμεν,
700 3306 795 3360 καὶ
834 3305 1163 3379 ἀδιάτμητον
1191 3304 1287 3376 τὴν
1321 3306 1566 3376 εἰρήνην.
1607 3310 1742 3379 πρὸς
1774 3304 1907 3358 Θεὸν

323 3397 425 3450 καὶ
451 3396 587 3467 πρὸς
623 3395 885 3468 ἀλλήλους
901 3435 924 3459 .,
949 3378 1094 3466 Ἔφη
1131 3395 1240 3466 γάρ
1267 3413 1369 3449 που
1402 3395 1632 3467 Χριστὸς
1657 3378 1792 3466 πρὸς
1816 3396 1913 3451 τὸν

323 3490 389 3542 ἐν
414 3490 526 3551 τοῖς
553 3487 797 3558 οὐρανοῖς
823 3487 1040 3557 Πατέρα
1063 3488 1158 3540 καὶ
1178 3487 1309 3550 Θερν
1331 3505 1344 3519 ο
1374 3506 1393 3539 ι
1412 3486 1561 3540 Θέλω
1580 3486 1688 3555 ἵνα,
1719 3485 1907 3560 ὥσπερ

323 3579 442 3648 ἐγὼ
483 3581 580 3635 καὶ
628 3581 693 3634 σὺ
737 3580 797 3635 ἓν
839 3580 1040 3652 ἐσμεν,
1075 3578 1217 3633 οὕτω
1249 3578 1344 3635 καί
1385 3578 1539 3633 αὐτοὶ
1581 3581 1639 3633 έν
1684 3581 1816 3652 ἡμῖν
1848 3578 1907 3634 ἓν

323 3666 482 3727 ὦσιν.
518 3690 538 3724 ι
579 3671 858 3742 Ἐπιφέρει
900 3671 957 3727 δὲ
989 3670 1199 3735 τούτοις
1224 3671 1253 3723 6
1283 3672 1591 3742 προφήτηςθ
1635 3672 1745 3723 Καὶ
1784 3664 1907 3724 εἷπε

325 3765 552 3843 Κύριος,
587 3765 831 3837 ’ἰάσομαι
854 3765 1070 3833 αὐτοὺς,
1098 3765 1565 3834 ἀνακεφαλαίωσιν
1585 3764 1772 3837 ὥσπερ
1786 3765 1908 3820 τινά

325 3860 424 3913 τοῦ
458 3861 658 3924 παντὸς
696 3860 853 3930 λόγου
888 3860 1208 3932 ποιούμενος
1247 3860 1336 3923 διὰ
1382 3860 1597 3924 τούτου,
1646 3861 1741 3915 καὶ
1772 3860 1906 3914 61:6-

329 3969 520 4023 σχεσιν
536 3952 743 4022 ἀψευδῆ
762 3952 857 4006 τοῦ
884 3952 1100 4007 πάντων
1127 3951 1455 4023 κρατοῦντος
1478 3951 1613 4010 Θεοῦ
1644 3952 1905 4017 καθιστὰς

326 4044 563 4116 ἐναργῆο
596 4042 963 4114 ἐπηγγείλατο
988 4042 1123 4113 γὰρ,
1155 4044 1312 4113 φησὶ,
1349 4042 1544 4111 λέγων,
1577 4042 1655 4106 ὡς
1694 4043 1903 4100 ίάσεται

326 4134 560 4203 αὐτούς’·
597 4136 648 4187 οἱ
696 4135 754 4187 δὲ
784 4134 960 4188 ἄδικοι
1011 4133 1185 4197 οὓτως
1218 4133 1769 4204 κλυδωνισθήσονται,
1809 4136 1904 4189 καὶ

326 4228 832 4285 ἀναπαύσασθαιοὺ
867 4228 1203 4298 δυνήσονται.
1242 4224 1461 4297 Ἐπειδὴ
1495 4226 1605 4297 γὰρ
1632 4225 1742 4281 τῶν
1772 4226 1907 4297 κλης

329 4322 646 4394 θησομένων
695 4320 940 4393 διεξῆλθε
984 4318 1054 4372 τὰ
1094 4318 1257 4389 γέρα,
1300 4317 1585 4388 ταύτῃτοι,
1615 4318 1709 4371 καὶ
1759 4317 1905 4388 μάλα

329 4414 580 4479 εἰκότως,
612 4413 707 4467 καὶ
739 4411 839 4476 τὰς
862 4410 971 4468 τῶν
996 4408 1362 4467 ἀπειθούντων
1395 4408 1662 4473 κολάσεις,
1688 4409 1781 4463 καὶ
1810 4409 1913 4463 τὸν

328 4508 393 4561 ἐν
420 4507 601 4570 αὐτοῖς
627 4504 895 4569 κλύδωνα,
928 4504 1020 4558 καὶ
1041 4503 1139 4567 τὰς
1168 4501 1507 4571 ἀπεράντους
1532 4498 1716 4564 αἰκίας
1735 4517 1905 4574 προσ-

1997 672 2069 726 At
2101 671 2316 741 qualem
2375 672 2518 728 hanc
2572 684 2691 730 esse
2742 676 3017 731 dicimus?
3063 693 3129 731 an
3177 694 3280 732 non
3325 678 3576 734 videlicet

1996 762 2229 836 gratiam
2280 776 2379 831 per
2414 760 2719 828 Christum,
2744 778 2865 833 qua:
2910 779 3007 832 per
3056 765 3216 819 iidem
3274 764 3565 836 jusdllcat,

1997 869 2027 908 a
2061 854 2297 925 peccatis
2327 853 2619 923 liberat,et
2651 856 3139 913 sanctiﬁcationem
3169 871 3266 928 per
3300 857 3568 928 Spiritum

1999 943 2273 1008 conciliat,
2322 952 2378 1000 et
2427 945 2732 1015 adoptionis
2796 945 3046 1017 gloriam,
3107 956 3162 1002 ct
3218 948 3568 1017 praemiorum

1997 1050 2147 1103 spem
2182 1050 2304 1105 quae
2339 1036 2545 1091 sanctis
2581 1036 2849 1092 destinata
2878 1037 3054 1092 sunt?
3089 1036 3229 1093 Vera
3278 1047 3363 1093 est
3412 1038 3579 1109 igitur

1999 1128 2115 1181 haec
2146 1126 2468 1191 consolatio,
2502 1142 2625 1196 qua:
2657 1135 2851 1197 praeter
2868 1128 2972 1182 alia
3001 1131 3139 1184 bona
3164 1130 3367 1196 omnia,
3420 1130 3578 1186 aii'ert

1999 1216 2082 1271 his
2118 1218 2209 1286 qui
2236 1231 2300 1273 ea
2334 1217 2712 1287 praeditisunt,
2743 1233 2932 1287 pacem
2966 1235 3129 1287 super
3165 1235 3378 1291 pacem,
3400 1222 3451 1277 id
3469 1230 3575 1286 est,

2000 1318 2309 1378 perpetuam
2337 1317 2393 1364 et
2419 1308 2602 1379 jugem
2634 1309 2786 1379 pacis
2832 1309 3183 1365 serenitatem
3213 1324 3375 1380 quam
3426 1313 3579 1367 dedit

2000 1398 2278 1465 Servator,
2307 1409 2362 1455 et
2388 1401 2472 1456 his
2496 1400 2586 1470 qui
2608 1401 2814 1471 procul,
2844 1409 2899 1456 et
2944 1402 3033 1459 his
3059 1402 3152 1471 qui
3209 1417 3381 1473 prope
3423 1412 3573 1469 sunt,

2001 1490 2052 1543 id
2085 1498 2188 1555 est,
2210 1491 2372 1561 811
2392 1500 2446 1546 et
2465 1490 2549 1546 his
2570 1493 2662 1562 qui
2682 1507 2745 1546 ex
2765 1492 3030 1560 gentibus,
3050 1501 3100 1548 et
3120 1492 3225 1547 illis
3241 1493 3330 1562 qui
3359 1507 3425 1563 ex
3453 1507 3580 1547 san-

2000 1582 2162 1650 gnine
2206 1582 2375 1637 Israel
2422 1591 2572 1638 sunt.
2609 1582 2815 1638 Aﬂ'atus
2853 1591 2936 1638 est
2963 1585 3107 1637 enim
3137 1591 3326 1654 gentes
3388 1584 3580 1639 beatus

2000 1673 2234 1729 Paulus:
2266 1690 2285 1725 ι
2323 1672 2475 1729 Nunc
2501 1683 2686 1730 autem
2725 1674 2815 1744 qui
2849 1676 3120 1745 quondam
3150 1675 3317 1729 eratis
3363 1674 3579 1743 procul,

2003 1765 2127 1821 facti
2148 1766 2286 1822 estis
2335 1780 2504 1835 prope
2531 1766 2583 1821 in
2610 1767 2876 1838 sanguine
2906 1766 3109 1822 Christi
3131 1767 3197 1820 "'.
3231 1785 3249 1818 ι
3285 1765 3418 1821 Nam
3445 1782 3579 1836 qua-

2002 1865 2159 1912 tenus
2189 1856 2354 1912 Israel
2382 1857 2700 1928 subiugatus
2736 1864 2857 1912 erat
2886 1857 3013 1928 legi,
3039 1866 3094 1913 et
3133 1858 3407 1913 serviebat
3465 1860 3576 1913 Dt-o

2006 1948 2204 2003 viventi
2245 1956 2300 2003 et
2330 1962 2479 2017 vero,
2536 1948 2612 2005 ita
2682 1958 2741 2003 ut
2790 1964 2959 2004 sacra:
3008 1949 3375 2019 praedicationi
3411 1949 3583 2020 placet

2008 2039 2251 2110 (dictum
2280 2048 2364 2095 est
2385 2039 2530 2095 enim
2555 2038 2693 2095 illis:
2714 2057 2733 2092 ι
2757 2039 3018 2096 Dominus
3048 2040 3190 2096 Deus
3228 2047 3353 2095 tuus
3400 2040 3584 2095 Domi-

2007 2146 2109 2186 nus
2139 2146 2277 2186 unus
2300 2139 2383 2187 est
2399 2132 2444 2164 “
2467 2151 2486 2185 ι
2502 2131 2543 2201 ),
2572 2145 2739 2202 prepe
2765 2146 2885 2187 esse
2902 2132 3297 2202 quodammodo
3320 2130 3587 2187 videban-

2007 2232 2119 2288 tur,
2142 2232 2332 2293 gentes
2354 2234 2535 2278 autem
2580 2222 2769 2293 procul
2829 2223 3043 2287 abesse,
3072 2238 3139 2280 eo
3173 2224 3319 2295 quod
3358 2239 3586 2295 prorsus

2006 2330 2039 2370 a
2082 2318 2291 2372 sanctis
2340 2315 2621 2386 discipulis
2670 2316 2861 2372 alienae
2904 2326 3112 2386 essent,
3155 2317 3580 2389 ignorarentque

2007 2407 2380 2463 universitatis
2420 2406 2734 2461 Creatorem
2756 2417 2813 2461 et
2845 2406 3155 2463 Dominum.
3188 2407 3296 2463 Sed
3332 2422 3435 2477 pax
3459 2407 3585 2463 data

2008 2506 2091 2554 est
2128 2508 2182 2554 et
2213 2499 2299 2554 his
2337 2508 2392 2554 et
2420 2498 2526 2554 illis
2558 2513 2588 2552 a
2613 2498 2725 2553 Deo
2755 2507 2806 2553 et
2844 2498 3026 2563 Patre,
3061 2513 3157 2568 per
3184 2499 3460 2555 Christum
3496 2498 3574 2552 vi-

2010 2591 2225 2657 delicet,
2249 2591 2341 2660 qui
2371 2589 2501 2646 fecit
2530 2599 2759 2661 utraque
2787 2604 2975 2657 unum,
3025 2601 3079 2644 et
3115 2591 3338 2661 populos
3371 2591 3507 2646 duos
3532 2590 3589 2644 in

2011 2700 2175 2739 unum
2201 2697 2395 2739 novum
2422 2681 2698 2738 hominem
2728 2684 2989 2746 condidit,
3022 2692 3074 2737 et
3100 2684 3447 2738 interstitiutn
3476 2700 3589 2737 ma-

2007 2777 2167 2830 ceriae
2190 2773 2369 2839 solvit,
2396 2787 2460 2828 ac
2478 2771 2679 2844 Legem
2712 2785 3097 2844 praeceptorum
3131 2774 3183 2828 in
3210 2774 3437 2829 decretis
3455 2775 3588 2827 abo-

2009 2859 2157 2915 levit.
2183 2857 2372 2929 Itaque
2387 2874 2481 2928 per
2505 2862 2681 2929 ipsum
2706 2861 3197 2918 reconciliationem
3218 2863 3509 2918 habuimus
3535 2872 3590 2916 et

2007 2967 2196 3023 pacem
2214 2965 2337 3007 cum
2356 2952 2486 3019 Deo,
2501 2962 2616 3006 tmn
2637 2953 2777 3008 inter
2801 2969 2900 3009 nos
2919 2969 3190 3024 nunquam
3214 2953 3585 3010 scindendam.

2009 3041 2142 3096 Nam
2174 3042 2430 3099 Christus
2463 3043 2662 3100 alicubi
2696 3046 2833 3099 dixit
2866 3048 2932 3100 ad
2966 3045 3184 3101 Patrem
3226 3055 3283 3101 et
3320 3046 3489 3100 Deum
3533 3045 3588 3099 in

2007 3132 2162 3189 cmlis
2191 3149 2248 3187 ιι
2277 3133 2413 3190 Volo
2459 3144 2518 3188 ut
2573 3137 3027 3205 quemadmodum
3082 3151 3184 3206 ego
3220 3145 3275 3192 et
3328 3144 3385 3191 tu
3423 3152 3586 3192 unum

2008 3239 2218 3291 smnus,
2242 3224 2323 3280 sic
2352 3231 2410 3280 et
2444 3225 2544 3295 ipsi
2578 3228 2629 3280 in
2656 3226 2812 3281 nobis
2836 3241 3001 3281 unum
3018 3226 3127 3281 sint
3162 3227 3227 3281 ”.
3253 3245 3274 3279 ι
3301 3224 3591 3297 Subjungit

2014 3315 2161 3369 hisce
2178 3316 2468 3384 propheta:
2495 3316 2561 3371 Et
2575 3316 2715 3371 dixit
2739 3317 2998 3373 Dominus
3017 3336 3035 3373 :
3055 3316 3269 3372 Sanabo
3296 3333 3413 3383 vos,
3434 3318 3584 3373 velut

2014 3405 2487 3474 anaceplialaaosin
2528 3409 2816 3475 quamdam
2855 3421 2921 3462 ac
2952 3406 3383 3462 recollectionem
3424 3406 3594 3461 totius

2012 3497 2272 3553 orationis
2321 3498 2604 3563 inducens.
2651 3507 2706 3552 et
2743 3498 2866 3553 inde
2895 3498 3311 3567 promissionem
3343 3497 3589 3553 omnium

2015 3588 2373 3644 dominatoris
2432 3589 2525 3643 Dei
2574 3602 2757 3643 verant
2808 3602 2930 3643 esse
2978 3588 3283 3643 declarans.
3336 3587 3591 3642 Promisit

2012 3681 2179 3746 enim,
2211 3680 2404 3751 inquit,
2435 3679 2623 3735 dicens
2659 3695 2718 3734 se
2757 3679 2879 3733 illos
2910 3689 3230 3733 sanaturum
3260 3697 3275 3732 :
3311 3688 3366 3733 at
3399 3677 3583 3746 injusti

2012 3773 2094 3828 sic
2130 3772 2486 3839 ﬂuctuabunt,
2509 3783 2567 3826 et
2613 3773 2960 3840 requiescere
2992 3784 3098 3825 non
3140 3779 3413 3838 poterunt.
3456 3768 3590 3822 Nam

2014 3873 2299 3933 postquam
2333 3862 2698 3917 vocandorum
2737 3860 2958 3930 praemia
3005 3859 3324 3929 percurrit:
3367 3858 3491 3912 hinc
3537 3868 3597 3912 et

2011 3957 2226 4026 quidem
2262 3955 2603 4010 meritissime
2631 3953 2924 4007 inﬁdelium
2954 3951 3236 4022 supplicia,
3272 3960 3328 4005 ct
3361 3951 3589 4004 ﬁuctua-

2019 4048 2216 4102 tionem
2253 4060 2317 4100 ac
2349 4045 2586 4100 inlinitas
2620 4044 2804 4114 plagas
2851 4052 2978 4099 ante
3016 4044 3300 4098 denuntiat
3352 4059 3593 4098 commo—

2011 4138 2102 4193 de.
2126 4136 2242 4192 Non
2284 4147 2368 4192 est
2402 4136 2571 4201 enim,
2600 4136 2801 4206 inquit,
2844 4134 2948 4190 illis
2982 4136 3261 4207 gaudium,
3292 4134 3433 4188 dixit
3486 4134 3592 4187 Do-

2012 4230 2192 4285 minus
2236 4228 2405 4283 Deus.
2431 4227 2657 4282 Domino
2720 4239 2900 4283 autem
2929 4237 2986 4283 et
3031 4225 3276 4282 omnium
3319 4226 3431 4280 Deo
3470 4226 3592 4279 illos

2013 4324 2258 4394 privaute
2299 4336 2400 4377 suo
2456 4319 2677 4389 gaudio,
2720 4334 2841 4385 quae
2895 4334 3019 4375 esse
3072 4328 3249 4389 potest
3297 4317 3595 4389 voluptas?

2013 4415 2167 4482 Quod
2198 4422 2378 4468 autem
2422 4421 2666 4480 tempore
2716 4412 3022 4467 vocationis
3070 4411 3461 4477 lsraelitarum,
3500 4425 3593 4465 re-

2014 4504 2313 4558 manebunt
2361 4501 2587 4571 quidam
2620 4501 2675 4556 in
2727 4501 3067 4567 infidelitate,
3110 4502 3219 4556 lilio
3292 4501 3592 4570 iniquitatis

327 4598 665 4669 ἀπαγγέλλει
693 4597 999 4669 χρησίμως.
1035 4595 1110 4649 Οὐ
1156 4594 1266 4666 γὰρ
1301 4594 1416 4648 ἔστι
1454 4594 1667 4665 χαίρειν
1697 4594 1903 4658 αὐτοῖς,

2011 4592 2369 4655 adhmrentes,
2404 4590 2657 4646 ostendet
2696 4591 2857 4661 plane
2906 4592 3349 4661 sapientissimus
3390 4589 3593 4645 Paulus

328 4693 519 4764 φησὶν,
554 4686 673 4744 εἷπε
713 4690 919 4760 Κύριος
944 4690 973 4741 6
1009 4687 1161 4750 Θεός.
1190 4686 1297 4739 Τοῦ
1326 4686 1382 4739 δὲ
1408 4684 1616 4757 Κυρίου
1643 4684 1736 4739 καὶ
1767 4684 1907 4738 πάν-

328 4805 442 4842 των
477 4785 613 4843 Θεοῦ
637 4784 698 4838 τὸ
726 4783 937 4855 χαίρειν
958 4781 1139 4835 αὐτῶν
1162 4781 1591 4851 ἀποστήσαντος,
1623 4782 1776 4843 ποῖος
1805 4781 1905 4833 αύ-

326 4881 447 4943 τοῖς
473 4877 740 4949 θυμηδίας
767 4872 998 4946 ὑπάρξει
1032 4872 1232 4944 τρόπος
1245 4888 1260 4937 ;
1288 4873 1410 4924 Ὅτι
1435 4870 1491 4923 δὲ
1518 4871 1611 4924 καί
1640 4872 1698 4924 ἐν
1730 4871 1907 4943 καιρῷ

327 4971 433 5039 τῆς
479 4970 724 5040 κλήαεως
770 4966 878 5019 τῶν
925 4965 984 5030 ἐξ
1022 4961 1615 5036 Ἰσραὴλ,ἀπομενοῦσί
1662 4980 1808 5027 τινες
1850 4967 1912 5019 ἐν

330 5059 590 5132 ἀπειθείᾳ
615 5057 693 5127 τῷ
720 5060 821 5130 τῆς
851 5056 1082 5127 ἀνομίας
1102 5055 1205 5128 υίῷ
1225 5055 1636 5128 προσκείμενοι,
1657 5059 1911 5128 σαφηνιεί

329 5153 508 5222 λέγων
536 5150 855 5218 ἁπάνσοφος
882 5146 1110 5211 Παῦλος·
1139 5165 1158 5200 ι
1199 5144 1342 5201 Ἀνθ’
1378 5139 1453 5200 ὧν
1484 5145 1583 5217 τὴν
1613 5146 1909 5216 ἐπίγνωσιν

326 5247 434 5315 τῆς
460 5241 714 5313 ἀληθείας
747 5241 847 5293 οὐκ
901 5239 1169 5305 ἐδέξαντο,
1221 5238 1311 5292 διὰ
1344 5238 1503 5291 τοῦτο
1539 5239 1745 5309 πέμψει
1805 5239 1905 5294 αὑ-

329 5340 446 5398 τοῖς
474 5338 503 5389 6
539 5334 670 5397 Θεὸς
711 5330 989 5401 ἐνέργειαν
1019 5329 1247 5401 πλάνης.
1279 5348 1302 5384 δ
1335 5331 1481 5399 Ἔφη
1515 5328 1574 5382 δὲ
1610 5330 1703 5383 καὶ
1743 5330 1907 5394 αὐτὸς

328 5431 359 5481 6
389 5428 580 5496 Σωτὴρ
600 5441 614 5455 ο
645 5444 663 5475 ι
690 5424 832 5492 Ἐγὼ
859 5421 1093 5493 ἐλήλυθα
1121 5423 1180 5477 ὲν
1204 5421 1284 5493 τῷ
1313 5423 1534 5492 ὀνόματι
1570 5422 1665 5479 τοῦ
1698 5422 1910 5494 Πατρός

334 5535 460 5585 μου,
509 5516 606 5571 καὶ
639 5515 700 5569 ού
743 5512 1050 5585 λαμϐάνετέ
1084 5528 1177 5582 με·
1217 5512 1312 5568 ἐὰν
1361 5513 1519 5574 ἄλλος
1559 5513 1688 5585 ἔλθῃ
1733 5515 1790 5569 ὲν
1830 5516 1910 5585 τῷ

339 5607 564 5673 ὀνόματι
593 5602 673 5674 τῷ
703 5603 871 5674 ίδίῳ,›
908 5600 1191 5656 τουτέστιν
1229 5604 1257 5655 6
1278 5602 1376 5673 τῆς
1406 5603 1637 5672 ἀνομίας
1669 5605 1802 5669 υἱὸς,
1833 5604 1909 5670 ὡς

335 5695 496 5765 ἔφην,
537 5715 554 5747 t
586 5697 795 5749 ἐκεῖνον
842 5693 1098 5767 λήψεσθε.
1134 5713 1152 5746 ι
1202 5693 1411 5747 Οὐκοῦν
1436 5693 1760 5766 κεκλήσεται
1807 5697 1906 5768 μὲν

2011 4682 2297 4753 inquiens:
2327 4698 2346 4731 ι
2372 4678 2666 4751 Propterea
2689 4683 2833 4753 quod
2854 4683 3184 4752 agnitionem
3211 4682 3454 4735 veritatis
3484 4695 3589 4734 non

2012 4780 2356 4843 receperunt,
2382 4772 2502 4827 ideo
2531 4772 2712 4828 mittet
2748 4773 2855 4829 illis
2871 4773 3243 4843 operationem
3257 4773 3462 4828 erroris
3484 4772 3591 4825 ³⁰.ι

2014 4868 2268 4936 Dixitque
2304 4848 2420 4937 ipse
2453 4864 2715 4921 Servator
2740 4884 2752 4921 :
2779 4885 2797 4919 ι
2831 4867 2940 4936 Ego
2970 4866 3091 4920 veni
3150 4865 3368 4920 nomine
3412 4863 3593 4918 Patris

2016 4959 2141 5028 mei,
2192 4969 2246 5015 et
2283 4974 2388 5015 non
2422 4958 2671 5029 accipitis
2704 4974 2831 5015 me:
2875 4959 2917 5013 si
2946 4958 3087 5012 alius
3119 4958 3328 5012 venerit
3372 4956 3591 5012 nomine

2015 5065 2170 5114 suo,»
2208 5049 2258 5105 id
2282 5059 2389 5117 est,
2430 5049 2572 5105 ﬁlius
2602 5050 2921 5120 iniquitatis,
2960 5060 3019 5104 ut
3048 5050 3184 5117 dixi,
3215 5067 3236 5101 ε
3268 5050 3415 5103 illmn
3453 5051 3591 5105 acci-

2014 5141 2175 5211 pietis
2194 5141 2487 5213 "altaque
2509 5143 2790 5199 vocabitur
2820 5142 2950 5199 olim
2971 5142 3135 5198 lsrael
3170 5143 3235 5196 ad
3259 5142 3587 5213 agnitionem

2016 5238 2239 5303 Christi,
2286 5249 2338 5294 et
2396 5240 2571 5309 gratia
2625 5254 2723 5310 per
2775 5238 2931 5293 [idem
2968 5238 3021 5292 in
3069 5236 3243 5306 ipsum
3286 5235 3584 5289 ditabitnr:

2015 5330 2180 5402 812
2224 5338 2281 5383 at
2314 5330 2535 5399 quidam
2575 5328 2723 5399 impii
2771 5337 2826 5384 et
2852 5326 3034 5395 injusti
3067 5325 3587 5380 remanebuuhtnm

2017 5434 2196 5477 autem
2250 5422 2415 5476 veluti
2454 5422 2799 5477 instabilibus
2838 5420 3028 5491 agitati
3064 5419 3336 5483 ﬂuctibus,
3385 5430 3449 5469 ac
3477 5431 3587 5467 om-

2018 5517 2071 5571 ni
2116 5514 2317 5570 amisso
2358 5514 2576 5585 gaudio,
2607 5512 2949 5582 requiescere
2994 5526 3100 5565 non
3135 5515 3407 5579 poterunt.
3440 5502 3585 5558 Con-

2018 5616 2264 5663 terentur
2320 5606 2795 5671 cnim,diuturna
2857 5614 2912 5660 et
2943 5603 3152 5659 inﬁnita
3214 5612 3371 5670 pmna
3450 5592 3585 5651 aﬂ‘e-

2010 5702 2105 5757 cti.

405 5874 449 5905 ⁸⁷
480 5871 677 5942 Eplies.
713 5888 767 5937 ιι,
810 5870 889 5926 15.
967 5874 1010 5904 ’⁸
1033 5874 1189 5927 Deut.
1216 5888 1289 5938 vr,
1324 5873 1375 5927 «ί.
1453 5876 1495 5905 ’⁸
1528 5873 1687 5928 .Ι‹ι;ιιι.
1719 5892 1846 5941 uti,
1874 5878 1906 5930 Ξ

2038 5878 2083 5911 ³ο
2114 5879 2157 5936 ιι
2195 5878 2385 5934 Thess.
2423 5892 2483 5942 ιι,
2526 5877 2609 5932 l0.
2685 5877 2723 5908 “
2758 5874 2913 5930 Joan.
2944 5888 2995 5939 v,
3035 5872 3123 5927 l3.
