4106 6580
566 412 706 469 12⁸19
1592 410 1650 464 S.
1691 407 1969 464 CYIilLLl
2009 410 2479 467 ALEXANDRINI
2522 410 2846 466 ARCHIEP.
3735 410 3877 470 i283

564 531 706 585 κατὰ
729 534 953 604 καιροὺς
982 532 1009 584 ὁ
1048 529 1263 602 Ἰσραὴλ
1296 530 1377 593 είς
1442 528 1740 599 ἐπίγνωσιν
1782 530 1877 584 τοῦ
1901 529 2171 602 Χριστοῦ,
2213 532 2307 585 καὶ
2348 532 2458 604 τὴνι
2484 532 2575 586 διὰ
2629 531 2866 592 πίστεως
2935 529 3032 599 τῆς
3085 528 3167 591 είς
3196 527 3360 583 αὐτὸν
3402 529 3874 596 καταπλουτήσει

562 624 745 695 χάριν⁸
779 622 995 686 ἀσεϐεῖς
1018 621 1075 675 δὲ
1127 622 1222 675 καὶ
1248 622 1425 676 ἄδικοί
1449 640 1594 688 τινες
1632 624 2002 694 ἀπομενοῧσι·
2036 625 2131 678 καὶ
2166 627 2290 680 τότε
2359 626 2612 698 καθάπερ
2651 628 2711 679 ἐν
2752 623 2988 679 κλύδωνι
3036 622 3299 687 πεσόντες
3364 623 3594 694 ἀστάτῳ
3617 666 3635 687 ,
3678 622 3787 673 καὶ
3818 621 3874 672 τὸ

563 715 773 786 χαίρειν
813 716 1050 769 εἰσάπαν
1090 714 1564 785 ἀποϐεϐληκότες,
1616 717 2035 772 ἀναπαύσασθαι
2074 718 2136 772 οὐ
2210 720 2287 795 μὴ
2316 720 2604 776 δύνωνται·
2658 719 3112 791 συντριϐήσονται
3156 717 3265 789 γὰρ
3336 720 3521 790 μακρᾷ
3574 719 3685 771 καὶ
3736 718 3864 769 ἀτε-

561 807 804 879 λευτήτῳ
838 807 969 879 δίκη
994 825 1224 879 κατισχη
1234 808 1406 879 μένοι..

632 898 761 952 CAP.
792 895 973 951 LVIII.
1010 897 1174 952 Vens.
1212 898 1265 952 1.
1293 898 1479 953 Clama
1509 916 1605 970 pro
1641 900 1862 965 viribus,
1905 917 1967 955 ne
2013 918 2136 967 par-
2169 905 2217 962 Λ

2326 897 2693 968 Ἆναϐόησον
2756 899 2827 952 ἐν
2888 899 3089 968 ίσχύτ,
3161 896 3264 951 καί
3322 896 3410 968 μὴ
3462 898 3708 967 φείσῃ·
3788 902 3866 967 ὡς

560 1006 674 1053 cas,
707 989 880 1042 instar
913 989 1053 1042 tuba:
1083 989 1290 1044 intende
1334 1006 1508 1045 uocem
1561 1000 1729 1058 tuam,
1763 1004 1819 1047 et
1878 993 2140 1048 annuntio

2255 989 2561 1061 σάλπιγγα
2604 991 2861 1059 ῦψωσον
2898 988 3016 1057 τὴν
3063 987 3274 1057 φωνήν
3319 1002 3457 1051 σου,
3509 988 3623 1041 καὶ
3678 990 3863 1057 ἀνάτ-

558 1080 754 1148 populo
784 1096 896 1134 meo
928 1088 1142 1148 peccata
1186 1097 1306 1146 sua,
1345 1091 1396 1136 et
1432 1081 1613 1137 domui
1652 1083 1819 1138 Iacob
1842 1083 2146 1153 iniquitates

2254 1085 2459 1147 γειλον
2490 1081 2571 1147 τῷ
2606 1080 2736 1147 ,ὶαῷ
2792 1098 2910 1150 μου
2939 1078 3050 1146 τὰς
3073 1078 3355 1150 ἁμαρτίας
3378 1079 3608 1143 αὐτῶν,
3647 1080 3759 1135 καί
3798 1079 3868 1144 τῷ

560 1186 712 1225 snas.
2255 1173 2397 1238 οἴκῳ
2440 1175 2649 1228 Ἰακὼϐ
2678 1175 2782 1240 τὰς
2810 1173 3066 1243 ἀνομίας
3087 1170 3307 1226 αὐτῶν.

635 1261 900 1317 Sermone
935 1263 1002 1317 de
1036 1261 1404 1317 lsraelitarum
1442 1264 1727 1320 vocatione
1778 1266 2061 1332 confecto,
2085 1267 2153 1320 ad

2327 1263 2465 1326 Τοὺς
2493 1264 2620 1335 περὶ
2648 1266 2749 1335 τῆς
2771 1263 3017 1332 κλήσεως
3036 1262 3144 1315 τῶν
3166 1260 3225 1328 ἐξ
3265 1260 3483 1332 Ἰσραὴλ
3507 1261 3868 1333 διαπεράνας

564 1353 711 1407 aliud
757 1368 929 1422 genus
984 1354 1370 1411 admonitionis
1412 1358 1641 1420 accedit,
1701 1358 2033 1427 praeclarum
2098 1366 2153 1414 et

2255 1353 2466 1423 λόγους,
2497 1356 2582 1425 ἐφ’
2611 1354 2800 1428 ἔτερόν
2850 1371 2975 1407 τινα
3006 1352 3291 1415 νουθεσίας
3322 1353 3543 1423 ἔρχεται
3604 1353 3829 1424 τρόπσν
3849 1394 3864 1415 ,

564 1442 812 1512 perutile,
841 1457 1056 1498 omnem
1120 1445 1454 1500 honestatem
1484 1454 1537 1500 et
1573 1446 1882 1517 splendidas
1919 1463 2153 1504 coronas

2256 1443 2416 1498 καλὸν
2438 1445 2532 1498 καὶ
2554 1444 2830 1514 ἐπωφελῆ,
2863 1444 2957 1496 καί⁵
2988 1443 3208 1513 ἁπάσης
3239 1442 3538 1513 εὐκοσμίας
3563 1442 3864 1514 πρόξενον,

567 1532 841 1601 ingerens.
899 1531 1004 1589 Sed
1041 1532 1331 1589 lectoribus
1384 1536 1558 1603 prius,
1598 1539 1822 1606 opinor,
1851 1538 2151 1608 prophetia

2255 1538 2350 1592 καὶ
2381 1536 2650 1610 λαμπρῶν
2681 1536 2959 1605 στεφάνων
2980 1533 3361 1607 ἐμποιητικόν’
3382 1532 3690 1605 χρῆναιδέ
3716 1551 3863 1603 φημι

565 1636 761 1691 scopas
790 1622 1135 1694 relegendus,
1184 1634 1241 1679 ut
1273 1627 1489 1681 videant
1518 1643 1626 1697 quo
1676 1628 1895 1686 demum
1964 1630 2151 1687 tendat

2252 1628 2344 1683 τὸν
2383 1629 2485 1699 τῆς
2535 1627 2877 1699 προφητείας
2926 1627 3130 1680 σκοπὸν
3183 1625 3713 1697 προαπογυμνῶσαῑ
3756 1628 3864 1687 τοίς

566 1715 759 1768 horum
800 1715 1067 1770 dictorum
1121 1722 1412 1773 sententia.
1450 1720 1509 1775 ln
1555 1722 1928 1789 superioribus
1968 1724 2151 1794 itaque

2254 1720 2679 1791 ἐντευξομένοις,
2695 1720 2771 1783 ὡς
2788 1718 3057 1773 ἂνείδετεν
3087 1719 3171 1788 ἐφ’
3193 1717 3301 1789 ὅτῳ
3314 1717 3503 1770 λοιπὸν
3524 1719 3553 1770 ὁ
3567 1716 3689 1769 τῶν
3707 1719 3861 1786 εἰρη-

573 1805 937 1871 sermonilms,
965 1824 1100 1876 quos
1134 1807 1277 1865 Deus
1322 1811 1513 1866 habuit
1551 1814 1617 1868 de
1654 1812 1937 1881 lsraelitis,
1975 1816 2153 1870 mani.

2257 1813 2437 1886 μένων
2454 1811 2796 1866 συντείνεται
2815 1809 2962 1873 νοῦς.
2992 1809 3201 1865 Οὐκοῦν
3226 1811 3285 1864 ἐν
3301 1813 3413 1873 τοῖς
3427 1809 3637 1863 ἁνόπιν
3653 1808 3859 1877 λόγοις,

566 1892 717 1949 festtc
764 1908 919 1952 erant
972 1898 1096 1954 belli
1153 1910 1207 1954 et
1249 1900 1473 1972 jamjam
1540 1903 1735 1960 futurae
1805 1906 2136 1962 calamitatis

2254 1900 2334 1969 οἷς
2366 1904 2659 1975 πεποίηται
2685 1903 2818 1966 Θεὸς
2861 1904 2991 1973 περὶ
3043 1902 3153 1956 τῶν
3195 1902 3253 1969 ἐξ
3294 1902 3539 1974 Ἰσραὴλ,
3582 1900 3860 1971 ἐμφανεξ

566 1988 895 2045 inevitabilis
926 1992 1485 2062 prmsiguiiicationes.
1516 1995 1661 2050 Dixit
1704 1996 1886 2052 enim:
1918 2018 1937 2050 ι
1958 1996 2150 2053 Etnon

2262 1994 2404 2069 ἦσαν
2428 1997 2670 2068 πολέμου
2709 1995 2805 2049 καὶ
2834 1992 2913 2058 εἰς
2926 1994 3048 2047 ὅσον
3066 1991 3278 2046 οὐδέπω
3298 1990 3701 2063 παρεσομένης
3720 1990 3861 2042 ἀδια-

567 2080 850 2134 recordata
883 2097 941 2137 es
964 2085 1091 2149 mei,
1132 2099 1307 2153 neque
1358 2101 1443 2141 me
1511 2090 1800 2157 reposuisti
1860 2090 1914 2145 in
1970 2100 2150 2144 mente

2253 2091 2457 2160 φύκτου
2473 2103 2534 2142 συ
2546 2105 2652 2160 μφο
2658 2090 2757 2158 ρᾶς
2772 2082 3275 2161 [προαπαγγελίαι].
3287 2082 3434 2154 Ἔφη
3456 2084 3589 2155 γάρ’
3602 2081 3855 2134 diutam:

569 2179 691 2236 tua,
737 2187 912 2242 neque
949 2174 1001 2228 in
1043 2177 1206 2231 corde
1247 2187 1364 2231 tuo.
1398 2177 1464 2231 Et
1515 2194 1615 2249 ego
1656 2180 1845 2236 videns
1888 2189 1940 2235 te
1968 2181 2147 2251 despi-
2178 2239 2190 2255 ι

2252 2184 2532 2255 ἐμνήσθης
2561 2194 2684 2252 μου,
2722 2181 2842 2235 οὐδέ
2875 2178 3066 2241 ἔλαϐές
3096 2195 3164 2248 με
3197 2179 3275 2241 είς
3303 2175 3413 2247 τὴν
3433 2174 3697 2229 διάνοιάν
3745 2189 3852 2255 σου,

568 2268 675 2330 cio,
713 2279 798 2319 mc
837 2282 942 2321 non
997 2268 1245 2324 timuisti.
1280 2270 1391 2341 Ego
1435 2286 1563 2326 vero
1607 2275 1939 2329 annuutiabo
1983 2275 2145 2344 justi-
2178 2239 2189 2294 1

2248 2239 2599 2344 οὐδὲιείςιτήν
2623 2239 2848 2344 καρδίαν
2879 2286 2995 2323 σου·
3036 2239 3191 2337 κάγὼ
3228 2239 3371 2322 ἰδών⁷
3394 2284 3453 2320 σε
3480 2265 3751 2338 παρορῶ,
3773 2241 3856 2317 κειὶ

567 2356 701 2410 tiam
761 2372 968 2423 meam,
1001 2370 1051 2413 et
1107 2360 1245 2414 mala
1284 2370 1393 2427 tua,
1427 2376 1546 2430 quae
1579 2370 1631 2418 te
1697 2378 1802 2417 non
1859 2364 2146 2433 iuvabunt.

2250 2368 2353 2439 ἐμὲ
2376 2368 2475 2421 οὐκ
2498 2366 2795 2438 ἐφοϐήθης·
2830 2363 2989 2433 κάγὼ
3034 2360 3337 2431 ἀπαγγελῶ
3370 2361 3473 2432 τὴν
3502 2358 3854 2425 δικαιοσύνην

570 2446 706 2504 Cum
741 2449 1074 2519 clamaveris,
1094 2453 1328 2524 eripiant
1360 2464 1411 2511 te
1437 2455 1491 2509 in
1533 2454 1823 2512 alllictione
1855 2458 1932 2512 ³¹.«
1953 2475 1972 2509 ι
2004 2456 2152 2511 Dixi-

2258 2475 2380 2530 μου,
2406 2458 2502 2510 καὶ
2535 2456 2605 2511 τὰ
2633 2456 2781 2510 κακά
2813 2472 2928 2520 σου,
2976 2453 3013 2509 ἃ
3052 2452 3153 2507 οὐκ
3178 2450 3527 2522 ὠφελήσουσι
3564 2466 3653 2502 σε.
3695 2449 3854 2501 Ὅταν

572 2555 694 2595 Inus
741 2550 946 2607 autem,
980 2542 1067 2598 hic
1126 2560 1250 2599 eum
1288 2545 1427 2599 mala
1486 2545 1857 2601 lsraelitaruzn
1931 2562 2149 2610 vocare,

2255 2549 2606 2622 ἀναϐοήσεις,
2656 2546 3027 2613 ἐξελέσθωσάν
3085 2560 3145 2599 σε
3196 2546 3257 2598 ἐν
3304 2546 3372 2614 τῇ
3437 2541 3621 2611 θλίψει
3684 2557 3799 2593 σου.
3835 2556 3850 2586 ι

572 2631 834 2688 idolorum
875 2634 1115 2695 inventa.
1146 2636 1381 2709 Ideoque
1415 2640 1534 2694 ait:
1572 2658 1590 2692 ι
1612 2638 1749 2695 Cum
1808 2638 2157 2707 clamaveris,

2266 2643 2554 2712 Ἐλέγομεν
2601 2642 2679 2703 δὲ,
2717 2642 2800 2694 ὅτι
2857 2640 3005 2693 κακά
3060 2653 3227 2709 φησιν
3276 2638 3336 2689 ἐν
3378 2635 3600 2697 τούτοις
3652 2632 3767 2685 τῶν
3806 2628 3854 2694 ἐξ

570 2723 805 2793 eripiant
865 2736 917 2782 te
957 2728 1009 2783 in
1050 2729 1345 2787 alllictione
1418 2744 1527 2787 tua.
1561 2752 1579 2786 ι
1626 2734 1762 2790 Erat
1811 2736 1974 2807 igitur
2038 2738 2154 2791 haec

2267 2733 2505 2805 Ἰσραὴλ,
2538 2731 2608 2785 τὰ
2640 2734 2732 2785 ἐπὶ
2778 2734 2892 2795 τοῖς
2918 2728 3158 2793 εἰδώλοις
3190 2730 3507 2801 εὑρήματα.
3536 2724 3643 2778 Διά
3705 2723 3854 2776 τοῦτο

570 2815 815 2883 quaedam
884 2818 1009 2874 belli
1047 2822 1407 2889 denuntiatio,
1448 2836 1501 2879 et
1558 2826 1662 2880 hoc
1727 2828 1866 2895 apud
1933 2826 2150 2882 Iudaeos

2256 2825 2351 2878 καὶ
2390 2823 2650 2892 ἔφασκεν·
2695 2841 2713 2873 ι
2747 2823 2918 2874 Ὅταν
2970 2819 3312 2890 ἀναϐοήσῃς,
3365 2813 3749 2883 ἐξελέσθωσάν
3800 2827 3852 2862 σε

570 2908 899 2975 percrebuit.
936 2910 1041 2966 Sed
1091 2913 1233 2969 inter
1275 2931 1369 2971 eos
1405 2916 1626 2986 quidam
1667 2928 1828 2972 erant
1860 2931 2145 2988 captantes

2257 2917 2314 2969 ἐν
2341 2918 2407 2987 τῇ
2442 2914 2618 2984 θλίψει
2647 2930 2765 2967 σου.
2810 2932 2828 2965 ι
2864 2908 2971 2965 Ἦν
2994 2905 3088 2964 οὗν
3114 2910 3222 2983 ἄρα
3270 2910 3387 2963 τισὶ
3433 2905 3850 2980 προαπαγγελία

572 2999 790 3066 pietatis
848 3004 1332 3074 existimationem,
1374 3016 1429 3064 et
1470 3012 1871 3067 committentes
1934 3014 2153 3083 quidem

2258 3007 2496 3079 πολέμου
2522 3048 2537 3071 ,
2592 3007 2690 3061 καὶ
2751 3005 3151 3076 ἐκτεθρύλλητο
3201 3002 3354 3073 παρὰ
3404 3004 3521 3065 τοῖς
3590 2997 3852 3053 Ἰουδαίων

573 3101 780 3150 temere
819 3111 940 3165 quae
978 3097 1060 3153 fas
1104 3113 1213 3153 non
1272 3109 1356 3156 est
1425 3101 1631 3166 dicere,
1672 3104 1913 3158 externis
1971 3115 2152 3159 tamen

2256 3101 2449 3172 δήμοις
2478 3097 2653 3152 τοῦτο·
2709 3097 2823 3151 ἀλλ’
2856 3093 3000 3169 ἦσάν
3051 3113 3197 3161 τινες
3235 3095 3296 3149 ἐν
3353 3095 3540 3156 αὐτοῖς
3568 3089 3850 3149 εὐλαϐείας

573 3183 862 3243 decoribus
902 3203 1024 3244 sese
1064 3200 1413 3255 exornantes,
1437 3202 1495 3249 et
1531 3193 1866 3262 opinionem,
1902 3205 1960 3247 ut
2002 3195 2139 3259 dixi,

2256 3194 2478 3264 δόκησιν
2506 3190 2900 3265 περικείμενοι,
2933 3190 3030 3244 καὶ
3072 3189 3308 3260 δρῶντες
3340 3187 3439 3257 μὲν
3490 3183 3845 3255 ἀφυλάκτως.

587 3276 869 3342 probitatis
923 3291 1278 3351 aucupantes.
1338 3281 1432 3338 Sic
1482 3292 1539 3339 et
1575 3282 1822 3351 jejunare
1864 3301 1942 3352 se,
1969 3296 2158 3341 etcre-

2257 3284 2293 3339 ἃ
2324 3284 2461 3358 μηδὲ
2495 3282 2658 3353 θέμις
2685 3285 2885 3345 εἰπεῖν,
2917 3282 3223 3354 ὡραῖσμοῖς
3249 3278 3305 3331 δὲ
3335 3280 3449 3341 τοῖς
3498 3276 3703 3341 ἔξωθεν
3732 3275 3845 3326 ἐαυ-

574 3366 702 3421 bras
762 3370 1040 3428 orationes
1086 3373 1288 3429 habere
1332 3374 1685 3441 simulabant,
1754 3376 1879 3432 hinc
1926 3378 2027 3432 rati
2085 3378 2159 3431 tli-

2260 3375 2389 3437 τούς
2420 3370 2939 3434 κατακαλλύνοντες,
2959 3371 3053 3424 καὶ
3078 3368 3235 3434 δόξαν
3258 3366 3583 3429 ἐπιεικείας,
3599 3365 3677 3427 ὡς
3701 3364 3844 3434 ἔφην.

576 3459 755 3513 vittam
802 3461 937 3517 iram
984 3479 1043 3519 se
1090 3481 1249 3534 posse
1300 3466 1598 3523 declinare.
1646 3468 1891 3539 Curaque
1931 3470 1983 3523 in
2025 3470 2159 3525 obli-

2261 3463 2623 3536 ἁρπάζοντες.
2666 3458 2828 3517 Οὗτοι
2872 3462 2968 3515 καὶ
2995 3462 3251 3533 νηστείας
3287 3458 3721 3520 ὐπεπλάττοντο,
3761 3453 3846 3506 καὶ

576 3553 791 3607 vionem
833 3569 1056 3610 suorum
1088 3557 1407 3614 delictorum
1442 3558 1860 3626 adducerentur,
1890 3561 2153 3629 putabant
2185 3588 2197 3636 ι

2266 3557 2467 3628 συχνὰς
2517 3555 2791 3609 ποιεῖσθαι
2845 3554 2943 3619 τὰς
2997 3551 3328 3625 προσευχὰς,
3378 3546 3846 3640 ἀποσκευάζεσθαι

579 3644 880 3699 {mitissima
950 3656 1169 3715 patrare
1228 3648 1427 3711 solitis.
1499 3650 1566 3704 ad
1623 3648 2068 3718 justilicationem
2106 3661 2162 3707 et

2220 3636 2223 3638 ἰ
2264 3647 2352 3702 διὰ
2385 3647 2577 3701 τούτου
2610 3645 3006 3717 νομίζοντεςτὰ
3027 3646 3091 3696 ἐκ
3110 3643 3211 3712 τῆς
3241 3642 3392 3705 θείας
3420 3641 3617 3711 ὀργῆς.
3648 3636 3841 3693 Οὐκοῦν

576 3737 1062 3793 tattclilicationem
1111 3738 1359 3795 sufﬁcere
1421 3740 1590 3795 solam
1658 3742 2041 3796 abstinentiam
2102 3754 2156 3798 et

2266 3739 2570 3811 ἐπειδήπερ
2602 3740 2681 3801 εἰς
2728 3738 2900 3809 λήθην
2944 3736 3295 3807 ἐνηνεγμένω
3326 3734 3435 3787 τῶν
3473 3733 3624 3785 ἰδίων
3672 3732 3838 3798 πλημ-

578 3829 977 3905 precationem.
1036 3829 1254 3885 Mandat
1302 3840 1483 3886 autem
1549 3833 1823 3902 propheta:
1888 3834 2046 3897 Deus,
2090 3834 2166 3886 in-

2269 3831 2623 3904 μελημάτων,
2680 3830 2939 3901 ᾠήθησαν
2994 3832 3075 3885 ὅτι
3116 3832 3229 3893 τοῖς
3284 3827 3355 3881 τὰ
3413 3828 3677 3895 αἴσχιστα
3729 3822 3840 3893 δρᾷν

577 3917 806 3989 quiens:
846 3935 865 3971 ι
901 3918 1088 3975 Clama
1128 3936 1225 3990 pro
1289 3922 1499 3977 viribus
1525 3963 1540 3990 ,
1585 3939 1651 3979 ne
1712 3938 1929 3993 parcas,
1994 3925 2167 3979 instar

2266 3924 2515 3977 εἰωθόσιν
2547 3923 2766 3992 ἀπόχρη
2789 3920 2925 3992 πρὸς
2941 3920 3225 3973 δικαίωσιν
3262 3918 3356 3972 καὶ
3374 3917 3656 3989 ἁγιασμδν
3679 3914 3842 3969 ἀσιτία

582 4009 729 4064 tuba:
795 4010 1014 4066 intende
1064 4027 1253 4068 vocem
1336 4022 1503 4078 tuam,
1539 4023 1593 4068 et
1637 4016 1896 4069 annuntia
1967 4015 2163 4083 populo

2273 4016 2408 4086 μόνη
2466 4016 2560 4069 καὶ
2594 4015 2892 4085 προσευχήο
2936 4011 3265 4084 προστάττει
3289 4010 3425 4075 Θεὸς
3450 4009 3530 4080 τῷ
3566 4008 3836 4079 προφήτῃ.

578 4115 704 4156 meo
736 4112 955 4172 peccata
979 4117 1102 4168 sua,
1126 4113 1180 4158 et
1208 4104 1391 4159 domui
1418 4102 1587 4160 Jacob
1618 4106 1930 4175 iniquitates
1951 4121 2096 4160 suas.
2132 4124 2152 4159 ι

2268 4108 2461 4176 λέγων·
2499 4126 2517 4157 ι
2542 4105 2871 4174 Ἀναϐόησον
2893 4104 2951 4156 ὲν
2978 4103 3142 4174 ἰσχύῖ,
3177 4104 3271 4157 καὶ
3291 4102 3365 4173 μὴ
3395 4101 3593 4174 φείσῃο
3632 4100 3708 4161 ὡς
3730 4096 3838 4149 cii-

578 4191 697 4248 Non
741 4194 975 4260 occulte,
1019 4194 1215 4264 inquit,
1261 4210 1361 4251 nec
1420 4196 1477 4249 in
1542 4195 1864 4251 abscondito
1933 4196 2158 4265 loquere

2273 4216 2445 4267 πιγγα
2475 4196 2689 4266 ὖψωσον
2730 4197 2830 4266 τὴν
2862 4196 3045 4265 φωνήν
3077 4211 3197 4262 σου⁷
3245 4196 3342 4247 καὶ
3397 4192 3726 4260 ἀνὰγγειλον
3776 4186 3839 4253 τῷ

578 4285 870 4355 aliquibus,
916 4286 1079 4356 813
1133 4286 1228 4342 sed
1268 4286 1481 4342 intensa
1531 4298 1587 4343 et
1630 4290 1771 4343 elata
1802 4304 1933 4344 voce
1979 4290 2157 4358 potius

2254 4287 2366 4359 λαῷ
2398 4305 2496 4358 μου
2516 4287 2584 4339 τὰ
2608 4287 2981 4356 ἁμαρτήματα
2997 4284 3197 4340 αὐτῶν.
3226 4284 3360 4354 »Μὴ
3390 4284 3503 4354 γὰρ
3542 4284 3608 4352 δὴ
3639 4281 3837 4349 λεληθό-

578 4386 752 4443 ntere,
782 4386 839 4433 et
866 4379 1013 4432 omni
1056 4378 1305 4432 libertate
1331 4378 1706 4448 delinquentes
1764 4380 2046 4451 redargne.
2091 4380 2158 4435 Et

2257 4396 2389 4443 τως,
2453 4379 2609 4450 φησι,
2664 4379 2802 4448 μήτε
2852 4376 2959 4448 μὴν
3012 4380 3070 4430 ἐν
3130 4376 3467 4449 παραϐύστῳ
3510 4375 3667 4429 λάλει
3706 4371 3805 4426 τισί
3823 4386 3832 4400 ⁸

578 4467 791 4522 discant
838 4483 935 4523 sua
982 4468 1201 4533 delicta,
1239 4476 1296 4524 et
1344 4481 1375 4523 tl
1404 4466 1604 4538 quibus
1646 4469 2031 4524 abstinendum
2054 4471 2148 4535 sit,

2262 4471 2500 4542 κέχρησο
2523 4470 2579 4523 δὲ
2612 4468 2812 4541 μᾶλλον
2844 4468 3020 4538 ὑψηλῇ
3055 4486 3163 4522 τινι
3214 4468 3307 4521 καὶ
3362 4466 3659 4540 ἐπηρμένη
3684 4467 3834 4534 φωνῇ.

577 4559 842 4629 siquidem
875 4561 1041 4616 velint
1066 4560 1207 4631 apud
1231 4561 1399 4617 Deum
1439 4561 1494 4616 in
1528 4562 1711 4633 aliquo
1733 4576 1854 4619 esse
1877 4563 2074 4634 pretio,
2099 4571 2155 4618 et

2251 4562 2344 4615 ml.
2372 4562 2429 4613 ἐν
2462 4560 2609 4631 πάσῃ
2637 4557 2921 4630 παρρησίᾳ
2959 4560 3086 4622 τοὺς
3124 4556 3591 4628 πλημμεὶοῦντας
3634 4554 3834 4633 ams".

577 4648 694 4716 ejus
746 4652 888 4721 digni
942 4667 1065 4707 esse
1103 4652 1499 4709 misericordia.

2250 4654 2345 4708 καὶ
2374 4652 2794 4725 μανθανέτωσαν
2842 4649 3054 4704 ἑαυτῶν
3109 4655 3177 4703 τὰ
3227 4649 3703 4721 πλημμελήματα,
3762 4638 3836 4697 καί

578 4739 655 4799 ὧν
714 4746 1051 4818 ἀποσχέσθαι
1116 4747 1273 4820 χρῆν,
1323 4747 1482 4821 εἴπερ
1551 4747 1746 4819 ήθελον
1810 4744 1951 4805 εἶναι
2008 4748 2158 4822 παρὰ
2234 4744 2354 4820 Θεῷ
2415 4748 2621 4819 τίμιοι,
2671 4746 2767 4799 καὶ
2809 4744 3025 4815 φειδοῦς
3063 4743 3205 4810 ἄξιοι
3237 4748 3350 4809 τοῖς
3383 4742 3515 4816 [Im
3545 4743 3650 4813 τῆς
3671 4739 3839 4811 ἶπαὲ

579 4834 763 4887 αὐτοῦ.

656 4927 816 4981 Vens.
846 4926 897 4979 2.
926 4925 1012 4980 Me
1044 4928 1108 4981 de
1138 4928 1223 4982 die
1256 4927 1308 4982 in
1342 4927 1480 4983 diem
1512 4939 1772 4999 quaerunt,
1803 4938 1850 4983 et
1884 4930 2017 4983 scire
2053 4928 2161 4984 vias
2196 4935 2238 4991 ι)

2217 4937 2238 4990 )
2350 4921 2490 4992 Ἐμὲ
2516 4920 2745 4992 ἡμέραν
2772 4922 2842 4985 ἐξ
2890 4922 3117 4992 ἡμέρας
3158 4920 3421 4990 ζητοῦσι,
3474 4923 3577 4977 καί
3640 4921 3838 4994 γνῶναί

580 5033 722 5071 meas
758 5018 994 5084 cupiunt,
1024 5018 1174 5085 quasi
1208 5020 1431 5089 populus
1463 5021 1552 5090 qui
1581 5019 1849 5089 justitiam
1885 5021 2087 5091 fecerit,
2119 5029 2168 5074 et

2264 5034 2386 5086 μου
2404 5016 2510 5082 τὰς
2534 5015 2716 5083 ὁδοὺς
2744 5015 3166 5085 ἐπιθυμοῦσιν,
3188 5016 3265 5081 ὡς
3293 5014 3445 5081 λαὸς
3466 5014 3837 5080 δικαιοσύνην

574 5108 839 5178 judicium
872 5107 965 5162 Dei
994 5111 1073 5163 uti
1102 5109 1461 5182 dereliquert’t.

2271 5107 2632 5176 πεποιηκὼς,
2663 5108 2761 5162 καί
2793 5110 2999 5177 κρίσιν
3033 5108 3183 5162 Θεοῦ
3213 5107 3399 5163 αὐτοῦ
3423 5107 3512 5177 μὴ
3540 5109 3831 5177 ἐγκαταλε-

2268 5200 2514 5257 λοιπώσ.

654 5287 922 5358 ιιιιιειιιιι,
969 5287 1173 5357 inquit,
1218 5289 1334 5345 dies
1384 5290 1605 5357 diebus,
1652 5307 1680 5346 a
1730 5307 1816 5347 me
1860 5303 2167 5362 quaerentes
2268 5242 2275 5257 Ι

2368 5222 2459 5255 πω
2500 5241 2514 5255 .

2268 5222 2703 5357 Λοὲυνέπτουσι,
2728 5294 2912 5364 φησιν,
2937 5293 3155 5364 ἡμέραν
3185 5292 3547 5364 ήμέραις,τὴν
3573 5293 3701 5363 παρ’
3722 5285 3834 5361 ἐμοῦ

583 5380 866 5447 auxilium,
896 5385 952 5433 et
983 5394 1131 5434 meas
1157 5379 1273 5433 vias
1306 5381 1449 5437 scire
1479 5383 1741 5447 volentes,
1770 5383 1821 5438 id
1855 5393 1959 5449 est,
1991 5386 2172 5453 cujus-

2274 5380 2569 5455 ζητοῦντες
2598 5384 2949 5455 ἐπικουρίαν,
2978 5382 3072 5438 καὶ
3092 5382 3297 5451 γνῶναι
3324 5382 3571 5446 θέλοντες
3592 5383 3689 5445 τὰς
3715 5380 3832 5449 ἐμάς

586 5487 692 5541 que
721 5473 796 5525 rei
827 5470 1373 5528 administrationem.
1404 5473 1552 5528 Bello
1583 5474 1727 5529 enim
1758 5474 1999 5544 undique
2033 5492 2171 5530 nun-

2269 5475 2446 5541 ὁδοὺς,
2477 5475 2721 5529 τουτέστι
2758 5475 2857 5539 τὰς
2885 5477 2969 5544 ἐφ’
2986 5475 3202 5546 ἑκάστῳ
3224 5474 3513 5548 πράγματι
3533 5474 3830 5542 διοικήσεις.

592 5565 753 5630 tiato,
788 5572 842 5619 et
884 5564 1135 5620 omnibus
1181 5573 1325 5619 metu
1360 5565 1611 5632 turbatis,
1658 5566 2068 5637 jejunaverunt,
2106 5582 2169 5621 ac

2274 5566 2521 5637 Πολέμου
2569 5565 2679 5637 γὰρ
2716 5566 3190 5639 περιηγγελμένου
3214 5607 3230 5634 ,
3266 5567 3359 5620 καὶ
3392 5565 3559 5636 φόϐου
3588 5564 3654 5618 τὰ
3677 5564 3830 5617 πάνυ

591 5663 851 5723 putarunt
879 5669 937 5710 se
972 5655 1284 5725 cognituros
1335 5669 1441 5724 quo
1478 5657 1693 5711 tandem
1730 5657 1904 5713 abiret
1938 5656 2013 5712 rci
2074 5670 2169 5711 ex-

2272 5658 2721 5730 διακυκήσαντος,
2768 5658 3157 5729 νενηστεύκσισι
3211 5658 3332 5731 μὲν,
3367 5656 3625 5730 ᾠήθησαν
3668 5656 3721 5710 δὲ
3762 5654 3828 5708 ὅτι

663 5832 707 5865 ³⁸
741 5832 844 5888 lsa.
884 5849 1009 5888 L\ll.
1044 5833 1220 5889 ll-l5.
