4140 6492
269 384 402 439 128!

1368 384 1433 440 IN
1476 384 1710 441 ISAIAM
1748 384 1877 441 LIB.
1919 383 1982 438 ι’.
2027 383 2261 440 TOMUS
2301 384 2387 438 lli.

3380 387 3403 441 1
3416 384 3518 443 ΞΒί

265 504 625 576 μαθήσονται.
662 507 754 559 καὶ
796 507 918 559 ὅποι
964 506 1095 559 ποτὲ
1134 507 1195 560 τὸ
1230 506 1325 559 τοῦ
1374 509 1695 578 πράγματος
1723 506 1841 577 ἥξει

1953 506 2075 562 itus.
2116 504 2259 569 Hoc,
2294 506 2506 574 Opinor,
2541 515 2651 568 est,
2688 503 2812 559 Vias
2850 520 2997 561 meas
3026 506 3265 575 cupiunt.
3284 505 3518 575 Cupiunt

265 598 457 669 πέρας.
490 596 683 660 Τοῦτο,
710 599 886 667 οἶμαι,
927 599 1045 652 ἐστὶ
1076 599 1155 662 τὸ,
1197 599 1403 652 Γνῶναί
1434 617 1532 670 μου
1562 600 1659 661 τάς
1690 599 1842 660 ὁδοὺς

262 694 643 765 ἐπιθυμοῦσιν.
684 694 1042 765 Ἑπιθυμοῦσι
1093 696 1149 748 δὲ
1193 696 1269 759 ὼς
1312 696 1439 760 λαὸς
1495 693 1843 762 δικαιοσύνην

263 786 605 856 πεποιηκὼς,
636 786 729 838 καὶ
758 787 941 857 κρίσιν
979 786 1114 839 Θεοῦ
1144 787 1310 840 αὐτοῦ
1344 787 1419 858 μὴ
1464 785 1843 855 ἐγκαταλελοι-

266 876 403 939 πώς·
425 879 726 937 τουτέστιν,
752 877 827 939 ὡς
852 876 1090 946 ἐννόμως
1120 876 1587 945 πολιτευσάμενοι,
1619 872 1713 925 καὶ
1734 871 1843 924 τῶν

263 964 526 1017 δοθέντων
552 966 737 1027 αὐτοῖς
759 964 1146 1033 θεσπισμάτων
1179 965 1390 1035 ἄριστοι
1423 963 1705 1032 γεγονότες
1740 959 1841 1029 φύ-

266 1055 450 1121 λακες,
480 1056 574 1109 καὶ
608 1054 909 1127 ἀμώμητον
961 1056 1175 1125 ἔχοντες
1207 1054 1373 1127 ζωὴν,
1425 1056 1520 1108 καὶ
1570 1052 1842 1114 πολιτείας

266 1147 498 1215 εὐαγοῦς
528 1149 806 1219 αὐχήματι
835 1150 1226 1220 περικείμενοι.
1266 1150 1391 1212 Τοῖς
1428 1148 1536 1219 γὰρ
1579 1146 1841 1209 τοιούτοις

266 1240 467 1310 πρέποι
488 1240 746 1303 aenum
774 1242 954 1311 ζητεῖν
972 1241 1064 1294 τὸν
1087 1241 1235 1307 Θεὸν,
1256 1242 1551 1305 τουτέστιν,
1574 1243 1738 1311 ἐγγὺς
1758 1240 1839 1297 εἴ-

268 1348 356 1383 ναι
388 1330 560 1384 θέλειν
589 1332 772 1395 αὐτοῦ,
804 1332 897 1386 καὶ
924 1332 1138 1402 φειδοῦς
1164 1332 1455 1385 ἀπολαύειν
1484 1334 1585 1402 τῆς
1614 1335 1840 1402 ἀνωθεν,

268 1422 469 1489 γνῶναί
500 1439 559 1475 τε
589 1423 723 1495 πρὸς
750 1422 923 1495 τούτῳ
951 1424 1051 1487 τὰς
1074 1424 1224 1487 ὁδοὺς
1244 1423 1425 1480 αὐτοῦ.
1459 1426 1685 1496 Εἴρηται
1717 1427 1844 1494 γοῦν

268 1512 336 1565 δι’
376 1513 493 1576 ἐνὸς
516 1512 624 1567 τῶν
671 1514 840 1581 ἁγίων
866 1515 1186 1587 προφητῶνο
1245 1534 1265 1567 ι
1292 1517 1569 1586 Ζητήσατε
1601 1516 1690 1571 τὸν
1734 1518 1847 1571 Κύ-

273 1623 409 1677 ριον,
440 1607 533 1659 καὶ
554 1608 619 1659 ’ὲν
639 1606 718 1677 τῷ
746 1607 1017 1679 εὑρίσκειν
1043 1607 1202 1661 αὐτὸν
1219 1608 1845 1663 ἐπικαλέσασθε.Ἢνίκα

269 1695 317 1748 δ’
350 1696 415 1750 ἂν
456 1694 649 1769 έγγίξῃ
689 1697 839 1767 ὑμῖν,
876 1698 1217 1752 ἀπολειπέτω
1270 1700 1298 1752 ὁ
1343 1698 1545 1770 ἀσεϐὴς
1592 1699 1688 1769 τὴν
1726 1700 1846 1753 ὁδὸν

269 1788 460 1850 αὐτοῦ,
490 1789 585 1841 καὶ
612 1789 749 1861 ἀνὴρ
775 1787 976 1860 ἄνομος
1012 1789 1111 1861 τὴν
1152 1789 1345 1862 βουλὴν
1380 1789 1565 1854 αὐτοῦ,
1593 1790 1689 1844 καὶ
1727 1793 1846 1845 ἐπι-

272 1881 571 1951 στραφήτω
591 1881 682 1935 ἐπὶ
696 1881 925 1952 Κύριον,
962 1881 1058 1934 καὶ
1084 1880 1451 1953 ὲλεηθήσεται·
1472 1884 1559 1936 ὅτι
1590 1881 1683 1937 ἐπὶ
1709 1883 1842 1936 πολύ
1877 1862 1917 1917 Β

269 1969 473 2040 ἀφήσει
496 1969 599 2032 τὰς
632 1969 903 2040 ἁμαρτίας
939 1970 1139 2023 αὐτῶν.
1182 1987 1201 2021 t

342 2060 592 2115 Αιτοῦσί
610 2078 687 2131 με
708 2061 825 2115 νῦν
868 2062 1069 2130 κρίσιν
1124 2061 1398 2127 δικαίαν,
1453 2061 1550 2115 καὶ
1601 2060 1849 2133 ἐγγίζειν

274 2152 398 2219 Θεῷ
423 2153 803 2222 ἐπιθυμοῦσι,
834 2151 1132 2222 λέγοντες*
1164 2153 1225 2207 Τί
1256 2153 1343 2206 ὅτι
1372 2153 1845 2223 ἐνηστεύσιιμεν,

272 2245 374 2299 καί
398 2246 508 2300 οὐκ
552 2242 740 2311 εῖδες;
771 2245 1251 2315 ἐταπεινώσαμεν
1285 2245 1391 2312 τὰς
1417 2246 1622 2316 ψυχὰς
1655 2246 1847 2315 ἡμῶν,

270 2337 369 2389 καὶ
393 2338 503 2391 οὐκ
527 2336 735 2406 ἔγνως
753 2338 853 2389 Ἔν
872 2336 983 2406 γὰρ
1007 2336 1134 2403 ταῖς
1154 2336 1399 2406 ἡμέραις
1421 2337 1539 2390 τῶν
1557 2335 1849 2404 νηστειῶν

272 2424 441 2494 ὑμῶν
470 2426 786 2495 εὑρίσκετε
814 2426 886 2479 τὰ
919 2425 1225 2494 θελήματα
1271 2426 1454 2495 ὑμῶν,
1487 2427 1585 2481 καὶ
1618 2426 1850 2493 πάντας

272 2517 417 2583 τοὺς
446 2519 829 2587 ὑποχειρίους
868 2519 1273 2583 ὐπονύσσετε,
1333 2520 1420 2585 είς
1470 2520 1700 2586 κρίσεις
1750 2519 1849 2573 καὶ

270 2608 468 2677 μάχας
536 2609 893 2677 νηστεύετε,
956 2610 1053 2663 καὶ
1119 2610 1369 2664 τύπτετε
1438 2611 1697 2683 πυγμαῖς
1745 2628 1848 2666 τα-

270 2701 500 2753 στεινόν.

360 2790 684 2861 Ἐγκαλοῦσί
726 2808 839 2862 μοι,
883 2791 1067 2862 φησὶν,
1113 2791 1189 2854 ὼς
1224 2790 1301 2864 μὴ
1322 2791 1389 2845 τά
1421 2791 1603 2845 δίκαια
1635 2792 1850 2863 νέμοντι

272 2883 362 2937 διὰ
398 2884 491 2939 τοῦ
518 2884 592 2955 μὴ
622 2883 909 2955 βούλεσθαι
957 2884 1235 2939 κατελεεῖν
1277 2885 1403 2949 τοὺς
1441 2886 1729 2948 ταπεινοὺς
1762 2886 1850 2940 διὰ

272 2975 533 3043 νηστείας
583 2975 677 3028 καὶ
703 2976 1040 3047 προσευχῆς·
1066 2971 1186 3030 εἶτα
1234 2975 1514 3045 βούλονται
1552 2977 1646 3029 καὶ
1683 2978 1849 3045 ἐγγὺς

271 3064 415 3121 εἶναι
449 3067 605 3131 Θεοῦ,
643 3069 731 3121 ἐπ’
751 3069 928 3122 οὐδενὶ
959 3069 1055 3139 μὲν
1081 3068 1190 3123 τῶν
1228 3071 1307 3133 είς
1339 3070 1618 3123 εὐσέϐειαν
1650 3071 1849 3141 ἀνδρα-

1943 606 2119 650 autem
2155 595 2310 665 quasi
2349 593 2578 665 populus
2613 596 2879 663 justitiam
2918 596 3144 666 faciens,
3173 608 3224 652 et
3254 596 3514 665 judicium

1944 686 2035 741 Dei
2068 688 2150 742 sui
2182 703 2285 741 non
2316 688 2592 751 deserens,
2622 689 2673 740 id
2705 698 2808 752 est,
2837 689 2991 756 quasi
3027 689 3266 758 legitime
3296 703 3518 743 versan-

1942 788 2046 845 tes,
2071 788 2124 834 et
2152 779 2527 834 vaticiniorum
2555 779 2656 833 sibi
2687 780 3007 834 traditorum
3033 781 3219 849 Optimi
3244 780 3513 843 custodes,

1944 884 2007 924 ac
2062 871 2229 923 vitam
2300 877 2521 938 agentes
2572 870 2928 939 inculpatam,
2987 880 3042 924 et
3094 871 3515 926 conversationis

1942 966 2143 1012 sanetae
2204 958 2538 1011 ornamentis
2618 958 2819 1013 vestiti.
2885 958 3108 1013 Talibus
3160 960 3305 1014 enim
3378 973 3515 1029 qna-

1943 1052 2081 1115 drat,
2109 1052 2271 1105 Deum
2310 1066 2573 1120 quaerere,
2608 1051 2661 1106 id
2695 1062 2798 1117 est,
2825 1050 2961 1106 velle
2998 1066 3163 1121 prope
3196 1053 3343 1106 illum
3377 1067 3518 1117 esse,

1942 1151 1998 1196 et
2039 1156 2271 1210 superna
2312 1140 2418 1195 l'rui
2458 1141 2826 1197 misericordia
2848 1182 2861 1205 ,
2890 1150 2952 1197 ac
2985 1144 3124 1196 scire
3158 1143 3379 1212 insuper
3406 1143 3521 1197 vias

1944 1234 2084 1304 ejus.
2120 1233 2440 1301 Dictumque
2483 1242 2566 1288 est
2612 1249 2641 1287 a
2686 1234 2918 1302 quodam
2968 1234 3224 1301 propheta
3266 1245 3454 1289 sancto
3501 1250 3518 1288 :

1950 1343 1968 1376 ι
1999 1326 2231 1392 Quterite
2259 1326 2568 1389 Dominum,
2589 1334 2643 1379 et
2666 1327 2880 1380 interim
2908 1327 3035 1379 dum
3064 1325 3377 1381 inveneritis
3399 1340 3522 1380 eum

1946 1414 2211 1471 invocate.
2241 1414 2375 1469 Cum
2417 1425 2595 1470 autem
2636 1414 3144 1485 appropinquaverit
3182 1414 3247 1469 ad
3282 1427 3407 1479 vos,
3439 1429 3526 1468 re-

1945 1504 2152 1575 linquat
2182 1506 2377 1575 impius
2410 1507 2548 1561 viam
2584 1522 2760 1571 suam,
2790 1517 2844 1563 et
2872 1508 2957 1562 vir
2988 1508 3204 1578 iniquus
3238 1505 3521 1561 consilium

1946 1610 2125 1662 suum,
2157 1605 2211 1651 et
2239 1606 2541 1652 revertatur
2573 1597 2640 1653 ad
2674 1597 2980 1664 Dominum,
3008 1609 3065 1653 et
3094 1596 3520 1651 misericordiam

1947 1697 2307 1757 consequetur
2359 1706 2373 1744 :
2432 1688 2559 1759 quia
2621 1689 2941 1761 plerumque
3000 1689 3242 1745 remittet
3294 1696 3519 1759 peccata

1947 1790 2126 1838 vestra
2149 1781 2216 1837 ³³.
2249 1800 2269 1835 ι

2019 2071 2179 2127 Vsus.
2216 2071 2269 2135 '5,
2304 2070 2356 2123 4.
2394 2068 2586 2123 Petunt
2630 2085 2709 2122 me
2751 2084 2888 2121 nunc
2924 2066 3184 2137 judicium
3221 2064 3446 2133 justum,
3476 2070 3523 2116 et

1947 2161 2363 2232 appmpinquare
2388 2157 2497 2212 Deo
2533 2158 2773 2227 cupiunt,
2800 2157 3025 2211 dicentes
3057 2172 3076 2209 :
3109 2155 3285 2220 Quare
3308 2153 3526 2221 jejuna-

1952 2254 2142 2317 vimus,
2169 2261 2217 2305 et
2254 2267 2356 2304 mm
2387 2250 2602 2303 vidisti?
2632 2247 3017 2302 humiliavimus
3052 2246 3255 2300 animas
3288 2252 3525 2308 nostras,

1948 2352 1993 2396 et
2027 2356 2130 2395 non
2160 2340 2485 2410 cognovisti?
2515 2338 2656 2392 Nam
2687 2340 2740 2392 in
2767 2338 2945 2392 diebus
2971 2338 3297 2406 Jejuniorum
3332 2343 3528 2389 vestro-

1951 2449 2097 2497 rum,
2124 2432 2364 2485 int'enilis
2398 2431 2690 2485 voluntates
2722 2441 2947 2493 vestras,
2977 2437 3026 2481 et
3061 2444 3237 2482 omnes
3268 2427 3527 2495 subjectos

1948 2521 2093 2575 vobis
2125 2521 2375 2591 aﬂiigilis,
2403 2521 2472 2572 ad
2500 2518 2707 2588 judicia
2737 2527 2785 2572 et
2816 2518 2999 2591 jurgia
3027 2518 3312 2587 jejunatis,
3332 2525 3379 2570 ει
3410 2532 3529 2584 per-

1949 2613 2128 2669 cutitis
2158 2611 2344 2682 pugnis
2372 2610 2643 2665 humilem.

2023 2809 2080 2863 In
2103 2809 2190 2877 jus
2215 2825 2300 2865 me
2322 2814 2536 2872 vocant,
2555 2807 2749 2876 inquit,
2771 2809 2938 2879 utqui
2961 2807 3107 2878 justa
3135 2824 3240 2863 non
3273 2807 3527 2874 tribuam,

1950 2917 2015 2957 eo
2046 2902 2188 2972 quod
2217 2900 2476 2955 noluerim
2510 2899 2757 2955 misereri
2788 2915 2975 2955 eorum
3021 2901 3111 2970 qui
3149 2916 3242 2971 per
3263 2900 3527 2969 jejunium

1951 3005 2005 3051 et
2046 2995 2415 3065 precationem
2464 2992 2691 3047 humiles
2742 3002 2887 3048 sunt.
2934 2992 3138 3047 Deinde
3178 2992 3364 3047 volunt
3408 3007 3529 3046 esse

1952 3085 2048 3140 Dei
2077 3085 2383 3155 propinqui,
2413 3100 2536 3140 cum
2566 3084 2633 3138 de
2658 3086 2800 3139 nullo
2824 3085 3037 3155 pietatis
3066 3083 3325 3154 praeclaro
3352 3082 3527 3139 olIicio

279 3161 612 3231 γαθημάτων
660 3158 1026 3230 καυχώμενοι,
1080 3160 1193 3214 ἀλλ’
1230 3161 1348 3213 οὐδὲ
1398 3161 1496 3232 τὴν
1551 3160 1610 3225 ἐξ
1643 3161 1849 3232 ἀρετῶν

1955 3175 2171 3244 gloriari
2196 3176 2425 3245 possint,
2445 3190 2545 3230 nec
2568 3174 2676 3229 ullo
2702 3175 2961 3232 virtutum
2985 3176 3270 3243 splendore
3294 3177 3530 3232 vestian-

271 3248 610 3319 φαιδρότητα
640 3247 1041 3319 περικείμενοι,
1060 3248 1147 3301 διὰ
1175 3247 1337 3319 ψιλὴν
1357 3248 1414 3301 δὲ
1442 3248 1537 3303 καὶ
1568 3249 1733 3320 μόνην
1753 3249 1851 3319 τὴν

1957 3277 2073 3332 tur,
2100 3267 2266 3338 814.
2299 3268 2403 3322 nisi
2444 3266 2558 3322 sola
2610 3267 2750 3321 nuda
2787 3267 3109 3323 abstinentia
3149 3284 3165 3324 :
3202 3274 3257 3320 et
3288 3266 3475 3322 dicunt
3511 3284 3529 3322 :

273 3339 497 3393 ἀσιτίαν
512 3356 525 3370 ³
546 3340 638 3392 καὶ
653 3339 713 3410 δή
739 3356 962 3406 φασινοι
986 3340 1542 3411 Ἑνηστεύσαμεν,καὶ
1561 3340 1659 3392 οὐκ
1690 3336 1848 3404 εἶδες·

274 3430 725 3503 ἑταπεινώσαμεν
759 3432 856 3494 τὰς
909 3430 1288 3501 ψυχὰςήμῶν,
1325 3434 1419 3485 καὶ
1445 3432 1544 3485 οὐκ
1582 3432 1773 3501 ἔγνως.
1828 3450 1847 3483 ι

274 3523 390 3576 Καὶ
421 3524 517 3593 οὐχ
550 3523 625 3585 ὡς
658 3522 1022 3592 ἀγνοήσαντος
1048 3521 1180 3575 Θεοῦ
1204 3521 1301 3594 τὴν
1346 3522 1433 3576 διὰ
1473 3525 1722 3594 νηστείας
1759 3524 1854 3577 αύ-

279 3613 389 3667 τῶν
426 3613 752 3667 ταπείνωσιν
792 3613 862 3666 τὰ
900 3612 1076 3666 τοιάδε
1103 3615 1285 3680 φασίν·
1312 3614 1499 3686 ἐπειδὴ
1526 3614 1583 3667 δὲ
1608 3617 1669 3667 οὐ
1703 3616 1855 3685 γεγό-

274 3722 435 3757 νασιν
468 3705 526 3758 ὲν
545 3704 792 3776 αἰσθήσει
811 3704 917 3759 τῶν
934 3706 1293 3774 αἰτιαμάτων,
1323 3706 1404 3769 τὸ,
1426 3708 1540 3760 Οὐκ
1569 3703 1729 3771 εἶδες,
1759 3708 1854 3762 καὶ

274 3794 363 3856 τὸ,
397 3795 510 3849 Οὐκ
533 3794 724 3864 ἔγνως,
755 3797 935 3865 φασιν.
973 3798 1186 3852 Είδέναι
1230 3798 1340 3868 γὰρ
1372 3800 1491 3852 τότε
1522 3802 1700 3870 φαμὲν
1728 3800 1855 3864 τούς

275 3904 443 3939 τινων
482 3887 714 3950 πόνους,
761 3888 890 3951 τούς
934 3887 1023 3941 διά
1074 3905 1158 3956 γε,
1201 3890 1365 3960 φημὶ,
1406 3890 1715 3961 προσευχῆς
1759 3891 1853 3944 καὶ

274 3978 587 4047 ἀσκήσεως,
614 3977 705 4030 τὸν
752 3977 860 4030 τῶν
907 3978 1045 4031 ὅλων
1093 3978 1247 4043 Θεὸν,
1297 3980 1386 4031 ὅτε
1416 3980 1707 4033 κατανεύει
1743 3985 1853 4046 τοῖς

276 4070 580 4139 αἰτήμασιν
607 4068 808 4122 αὐτῶν.
829 4068 952 4133 Πῶς
968 4065 1059 4123 οὖν
1085 4070 1191 4141 ἀρα
1216 4071 1571 4141 νηστεύοντας
1598 4073 1658 4124 οὐ
1688 4090 1854 4143 προσ-

280 4162 415 4223 ίετο,
470 4162 563 4214 καὶ
602 4160 1105 4231 ἀνευπαραδέκτους
1138 4163 1371 4215 ἐποιεῖτο
1422 4162 1521 4225 τὰς
1564 4163 1716 4227 λιτὰς
1748 4162 1855 4215 τῶν

278 4252 508 4317 ἑαυτοὺς
526 4246 1021 4315 τεταπεινωκότων,
1046 4253 1405 4320 ἀπολογεῖται,
1427 4252 1621 4321 λέγων·
1640 4254 1727 4306 Ἐν
1748 4253 1856 4325 γὰρ

276 4346 405 4407 ταῖς
440 4345 674 4415 ἡμέραις
696 4344 805 4397 τῶν
833 4343 1097 4408 νηστειῶν
1131 4344 1284 4414 ὐμῶν
1344 4345 1625 4412 εὑρίσκετε
1651 4344 1720 4398 τὰ
1769 4345 1859 4396 θε-

278 4433 503 4503 λήματα
527 4432 701 4502 ὑμῶν.
730 4432 935 4503 Χρῆμα
963 4432 1060 4502 μὲν
1090 4432 1198 4502 γὰρ
1229 4431 1503 4501 ἐξαίρετον
1530 4432 1564 4500 ἡ
1600 4429 1819 4501 νηστεία
1838 4470 1855 4496 ,

1960 3377 1978 3408 ι
2010 3357 2399 3427 Jejunavimus,
2424 3367 2477 3413 et
2504 3373 2609 3413 non
2639 3358 2819 3412 vidisti
2853 3376 2867 3412 :
2897 3357 3299 3414 humiliavimus
3323 3358 3530 3417 animas

1956 3458 2204 3513 nostras,
2229 3459 2283 3503 et
2317 3465 2420 3503 non
2463 3448 2783 3520 cognovisti.
2828 3467 2846 3505 υ
2886 3447 2995 3503 Nec
3032 3449 3145 3509 haec
3177 3448 3343 3513 dicit,
3374 3450 3529 3523 quasi

1954 3537 2096 3594 Deus
2125 3554 2309 3594 eorum
2339 3539 2699 3593 humilitatem
2732 3554 2828 3613 per
2854 3539 3118 3610 jejunium
3155 3540 3479 3609 ignoraverit
3512 3557 3527 3594 :

1954 3631 2046 3685 sed
2103 3629 2227 3699 quia
2287 3629 2339 3682 1ιί
2402 3639 2583 3685 errata
2644 3645 2747 3683 non
2809 3640 3131 3697 senserunt,
3185 3646 3290 3685 non
3320 3631 3531 3701 vidisti,

1954 3722 2223 3790 inquiunt,
2246 3730 2298 3774 et
2326 3736 2431 3774 non
2461 3720 2780 3791 cognovisti.
2815 3720 2965 3777 Tune
2989 3721 3134 3777 enim
3154 3721 3530 3776 universorum

1955 3812 2125 3867 Deum
2156 3811 2461 3879 aliquorum
2491 3810 2728 3876 labores,
2751 3824 2844 3878 per
2870 3810 3258 3880 precationem,
3285 3811 3529 3879 inquam,

1954 3913 2009 3959 et
2052 3902 2532 3962 exercitationem,
2565 3900 2746 3955 videre
2789 3900 3052 3961 dicimus,
3090 3900 3302 3967 quando
3346 3916 3531 3957 eorum

1955 3992 2241 4063 postulatis
2270 3990 2479 4045 annuit.
2502 3990 2609 4043 Cur
2629 4004 2760 4060 ergo
2780 3990 3089 4060 jejunantes
3116 4007 3219 4044 non
3250 3992 3532 4060 receperit,

1959 4094 2015 4138 et
2053 4098 2242 4151 preces
2275 4097 2461 4136 eorum
2497 4081 2587 4151 qui
2623 4096 2679 4134 se
2714 4081 3064 4134 humiliarunt
3098 4097 3202 4134 non
3240 4083 3531 4144 admiserit.

1956 4177 2220 4229 rationem
2251 4173 2447 4239 reddit,
2476 4174 2659 4227 dicens
2690 4190 2703 4226 :
2737 4172 2792 4225 In
2825 4172 3012 4228 diebus
3038 4172 3181 4225 enim
3201 4172 3531 4240 jejuniorum

1954 4272 2290 4325 vestrorum,
2329 4260 2582 4315 invenitis
2626 4261 2925 4319 voluntates
2976 4270 3205 4317 vestras.
3245 4261 3340 4316 Est
3388 4262 3530 4317 enim

1957 4355 2211 4425 prmclara
2254 4369 2343 4409 res
2378 4352 2670 4425 jejunium,
2705 4360 2759 4407 et
2792 4352 2938 4406 utilis
2971 4361 3054 4407 est
3089 4354 3356 4422 precatio,
3392 4362 3446 4407 et
3478 4354 3531 4408 in

1958 4444 2126 4499 oculis
2151 4443 2243 4497 Dei
2276 4457 2394 4498 sese
2418 4440 2705 4497 lutmiiiare
2728 4441 3016 4499 maximam
3041 4442 3201 4496 habet
3222 4442 3532 4497 utilitatem.

280 4526 604 4595 ὀνησιφόρος
637 4525 694 4577 δὲ
729 4526 821 4578 καὶ
874 4526 925 4594 ήν
957 4525 1251 4595 προσευχίγ
1317 4524 1409 4575 καὶ
1459 4522 1520 4574 τὸ
1568 4520 1855 4576 ταπεινοῦν

1961 4531 2231 4601 Scriptum
2258 4541 2339 4585 est
2367 4532 2508 4585 enim
2543 4548 2557 4583 :
2599 4548 2619 4583 ι
2656 4529 2941 4585 Humiliavi
2978 4532 3027 4584 in
3062 4532 3266 4601 jejunio
3296 4533 3533 4587 animan

282 4619 515 4681 ἑαυτοὺς
544 4618 602 4669 ὲν
640 4617 940 4687 ὀφθαλμοῖς
972 4615 1065 4669 τοῦ
1103 4614 1260 4679 Θεοῦ,
1298 4616 1557 4684 πλείστην
1583 4615 1715 4686 ὅσην
1750 4614 1862 4685 ἔχει

281 4708 387 4779 τὴν
410 4709 614 4777 ὄνησιν.
652 4708 963 4779 Γέγραπται
992 4706 1122 4776 γὰρ,
1154 4706 1234 4761 ὅτι
1259 4724 1277 4756 ι
1317 4705 1661 4758 Ἐταπείνουν
1688 4706 1744 4758 έν
1769 4722 1864 4775 νηο

284 4800 445 4868 στείᾳ
466 4799 563 4869 τὴν
591 4798 769 4869 ψυχήν
806 4814 931 4869 μου,
977 4797 1071 4850 καὶ
1105 4798 1138 4866 ὴ
1173 4796 1445 4867 προσευχὴ
1494 4812 1595 4866 μου
1636 4796 1715 4858 είς
1744 4794 1864 4847 κόλ-

282 4906 393 4943 πον
443 4907 541 4960 μου
572 4890 1074 4961 ἀποστραφήσεται.
1098 4905 1117 4940 t
1146 4888 1289 4959 Ἔφη
1313 4888 1370 4940 δὲ
1406 4887 1500 4940 καὶ
1527 4888 1555 4940 ὁ
1581 4886 1865 4949 θεσπέσιος

280 4979 472 5034 Δαϐίδν
495 5000 513 5031 ι
539 4980 620 5033 Τὰ
640 4979 843 5048 γόνατά
869 4996 968 5049 μου
998 4977 1303 5049 ἡσθένησαν
1327 4977 1434 5029 ἀπὸ
1462 4975 1735 5044 νηστείας,
1769 4973 1864 5027 καὶ

278 5076 317 5141 ὴ
369 5069 502 5142 σάρξ
539 5087 642 5141 μου
684 5070 949 5140 ἠλλοιώθη
975 5070 1043 5123 δι’
1072 5069 1239 5121 ἔλεον·
1265 5086 1284 5121 ι
1314 5068 1403 5121 val.
1446 5067 1551 5138 μὴν
1574 5066 1667 5119 καὶ
1703 5064 1865 5128 αὐτὸς

278 5165 311 5215 ὁ
349 5162 455 5216 τῶν
474 5164 612 5216 ὅλων
647 5163 800 5226 Θεός·
851 5162 1258 5231 Ἐπιστράφητε
1308 5158 1444 5230 πρός
1474 5176 1564 5230 με,
1592 5159 1775 5228 φησὶν,
1806 5159 1865 5210 ὲν

283 5254 538 5325 νηστεία,
583 5255 676 5307 καὶ
705 5254 762 5307 ὲν
783 5252 1062 5324 κλαυθμῷ,
1086 5255 1179 5307 καὶ
1203 5256 1260 5307 ὲν
1295 5251 1529 5323 κοπετῷ.
1569 5251 1739 5304 Ἐλεεῖ
1757 5250 1865 5322 γάρ

289 5342 530 5411 ἑτοίμως
557 5343 684 5405 τούς
713 5341 1041 5413 αὐτόκλητον
1066 5342 1423 5412 ποιουμένους
1454 5341 1553 5411 τὴν
1582 5339 1672 5394 διὰ
1701 5339 1864 5392 πόνου

289 5431 650 5485 ταπείνωσιν.
673 5432 812 5491 Ἀλλ’
838 5432 954 5485 ἐστι
976 5430 1084 5485 τῶν
1113 5432 1502 5495 ἀτοπωτάτων,
1532 5431 1659 5493 τοὺς
1698 5430 1867 5483 ἐλεεῖ-

295 5520 428 5574 σθαι
467 5521 719 5586 θέλοντας
766 5521 1125 5593 παροτρύνειν
1161 5522 1361 5594 ἑτέρως
1404 5523 1496 5575 τὸν
1549 5520 1871 5591 νομοθέτην,

1959 4638 2155 4685 meam,
2179 4629 2233 4675 et
2254 4622 2427 4674 oratio
2456 4636 2570 4674 mea
2601 4620 2654 4672 in
2687 4622 2864 4681 sinum
2892 4636 3066 4675 meum
3097 4631 3395 4677 revertetur
3415 4623 3478 4677 ³⁸.
3509 4643 3531 4677 ι

1959 4712 2105 4766 Dixit
2133 4712 2295 4765 etiam
2329 4710 2542 4765 divinus
2575 4711 2741 4764 David
2779 4728 2793 4764 :
2837 4728 2856 4761 ι
2890 4709 3073 4766 Genua
3112 4728 3229 4766 mea
3266 4714 3534 4769 infirmata

1958 4810 2083 4856 sunt
2126 4814 2235 4869 pra:
2274 4799 2499 4870 jejunio,
2532 4810 2586 4854 et
2625 4814 2751 4854 caro
2795 4814 2912 4854 mea
2959 4810 3158 4855 mutata
3197 4809 3281 4857 est
3320 4814 3540 4874 propter

1956 4892 2137 4946 oleum
2162 4890 2227 4944 ³⁸.
2262 4907 2280 4941 ι
2310 4889 2449 4956 Quin
2482 4900 2534 4943 et
2567 4888 2681 4958 ipse
2708 4888 3082 4944 universorum
3118 4890 3257 4944 Deus
3289 4906 3303 4944 :
3341 4892 3540 4945 Rever—

1966 4980 2166 5044 timini,
2194 4980 2387 5047 inquit,
2417 4979 2483 5033 ad
2528 4994 2635 5041 me,
2664 4979 2715 5031 in
2750 4976 2991 5047 jejuniis,
3020 4987 3073 5032 et
3112 4979 3161 5031 in
3202 4978 3369 5043 luctu,
3393 4991 3447 5035 et
3484 4982 3536 5035 in

1970 5071 2207 5140 planctu.
2268 5068 2557 5123 Miseretur
2606 5067 2750 5122 enim
2800 5068 3028 5121 libenter
3072 5082 3257 5121 eorum
3303 5069 3394 5138 qui
3442 5084 3536 5123 sua

1971 5169 2163 5232 sponte
2190 5160 2543 5215 humiliantur
2572 5174 2669 5229 per
2694 5158 2951 5213 laborem.
2978 5159 3082 5212 Sed
3110 5170 3191 5213 est
3218 5159 3541 5214 absurdissi-

1972 5268 2117 5307 mum
2158 5267 2252 5307 eos
2291 5251 2381 5321 qui
2425 5251 2612 5305 volunt
2654 5250 3080 5305 misericordiam
3127 5250 3403 5321 consequi,
3436 5252 3539 5305 alio

1969 5343 2128 5397 modo
2160 5341 2522 5412 legislatorem
2556 5342 2793 5406 irritare,
2817 5351 2871 5397 et
2896 5344 2963 5395 ad
2994 5342 3130 5397 iram
3162 5357 3376 5408 vocare,
3401 5343 3533 5396 nihil

1969 5446 2153 5487 eorum
2186 5448 2305 5502 qum
2334 5433 2643 5502 pra-scripta
2672 5442 2798 5487 sunt
2821 5433 3110 5503 operando.
3135 5433 3366 5489 Onmino
3396 5433 3539 5486 enim

1971 5529 2189 5575 sanctos
2218 5534 2342 5575 esse
2371 5530 2587 5591 oportet
2615 5536 2709 5577 eos
2760 5521 2851 5592 qui
2883 5522 2950 5576 ad
2985 5521 3149 5576 Deum
3180 5524 3462 5585 accedunt,
3488 5532 3543 5576 et

295 5612 398 5666 καὶ
426 5612 609 5668 καλεῖν
626 5614 706 5677 είς
729 5615 896 5684 ὀργὰς
922 5614 1009 5669 διὰ
1036 5613 1128 5668 τοῦ
1163 5614 1326 5685 μηδὲν
1348 5612 1677 5686 ἐργάζεσθαι
1701 5611 1858 5683 φιλείι

1974 5612 2131 5667 bonis
2161 5612 2413 5685 operibus
2442 5612 2729 5681 excellere,
2757 5627 2821 5669 ac
2851 5612 3101 5670 omnibus
3129 5612 3381 5669 sordibus
3409 5611 3546 5669 libe-

378 5807 425 5847 ”
450 5807 554 5870 Isa.
588 5826 671 5876 LV,
706 5812 776 5895 6,υ
795 5812 847 5868 7.
892 5812 977 5896 ft
994 5812 1134 5896 l_’sal.
1172 5828 1352 5878 xxxiv,
1392 5814 1485 5867 13.
1555 5812 1601 5844 ³⁸
1642 5813 1781 5868 Psal.
1815 5827 1966 5880 cvm,
1999 5815 2092 5869 Ἠ.
