  <div class='ocr_page' id='page_1' title='image "/cluster/home/n/w/nwhite01/storage/ocr_20150623/70/hvd.32044019207901/649.png"; bbox 0 0 4140 6522; ppageno 0'>
   <div class='ocr_carea' id='block_1_1' title="bbox 629 377 2210 447">
    <p class='ocr_par' dir='ltr' id='par_1_1' title="bbox 629 379 2210 439">
     <span class='ocr_line' id='line_1_1' title="bbox 629 379 2210 439; baseline -0.002 -2"><span class='ocrx_word' id='word_1_1' title='bbox 629 380 768 438; x_wconf 71' lang='lat' dir='ltr'><strong>i985</strong></span> <span class='ocrx_word' id='word_1_2' title='bbox 1656 382 1716 439; x_wconf 71' lang='grc' dir='ltr'><strong>Β.</strong></span> <span class='ocrx_word' id='word_1_3' title='bbox 1757 379 2039 439; x_wconf 77' lang='lat' dir='ltr'><strong>CYRILLI</strong></span> <span class='ocrx_word' id='word_1_4' title='bbox 2073 379 2210 434; x_wconf 76' lang='lat' dir='ltr'><strong>ALE</strong></span> 
     </span>
    </p>
   </div>
   <div class='ocr_carea' id='block_1_2' title="bbox 2316 377 3889 447">
    <p class='ocr_par' dir='ltr' id='par_1_2' title="bbox 2316 377 3889 447">
     <span class='ocr_line' id='line_1_2' title="bbox 2316 377 3889 447; baseline 0.006 -14"><span class='ocrx_word' id='word_1_5' title='bbox 2316 377 2546 436; x_wconf 70' lang='lat' dir='ltr'><strong>NDRI&#39;NI</strong></span> <span class='ocrx_word' id='word_1_6' title='bbox 2585 380 2931 438; x_wconf 60' lang='lat' dir='ltr'><strong>ARCHIEP.‘</strong></span> <span class='ocrx_word' id='word_1_7' title='bbox 3753 390 3889 447; x_wconf 71' lang='grc' dir='ltr'>ιιει</span> 
     </span>
    </p>
   </div>
   <div class='ocr_carea' id='block_1_3' title="bbox 629 491 2210 568">
    <p class='ocr_par' dir='ltr' id='par_1_3' title="bbox 629 491 2210 566">
     <span class='ocr_line' id='line_1_3' title="bbox 629 491 2210 566; baseline -0.001 -16"><span class='ocrx_word' id='word_1_8' title='bbox 629 508 720 550; x_wconf 86' lang='lat' dir='ltr'><strong>ros</strong></span> <span class='ocrx_word' id='word_1_9' title='bbox 753 492 945 549; x_wconf 88' lang='lat' dir='ltr'><strong>videri.</strong></span> <span class='ocrx_word' id='word_1_10' title='bbox 973 491 1082 549; x_wconf 79' lang='lat' dir='ltr'><strong>liac</strong></span> <span class='ocrx_word' id='word_1_11' title='bbox 1099 493 1165 549; x_wconf 88' lang='lat' dir='ltr'><strong>de</strong></span> <span class='ocrx_word' id='word_1_12' title='bbox 1189 508 1351 549; x_wconf 80' lang='lat' dir='ltr'><strong>causa</strong></span> <span class='ocrx_word' id='word_1_13' title='bbox 1414 493 1593 566; x_wconf 88' lang='lat' dir='ltr'><strong>inquit</strong></span> <span class='ocrx_word' id='word_1_14' title='bbox 1628 511 1643 549; x_wconf 87' lang='lat'>:</span> <span class='ocrx_word' id='word_1_15' title='bbox 1676 493 1992 566; x_wconf 73' lang='lat' dir='ltr'><strong>Jejunastis,</strong></span> <span class='ocrx_word' id='word_1_16' title='bbox 2025 502 2082 548; x_wconf 87' lang='lat' dir='ltr'><strong>at</strong></span> <span class='ocrx_word' id='word_1_17' title='bbox 2115 507 2210 565; x_wconf 74' lang='lat' dir='ltr'><strong>ego</strong></span> 
     </span>
    </p>
   </div>
   <div class='ocr_carea' id='block_1_4' title="bbox 2316 491 3891 568">
    <p class='ocr_par' dir='ltr' id='par_1_4' title="bbox 2316 492 3891 568">
     <span class='ocr_line' id='line_1_4' title="bbox 2316 492 3891 568; baseline 0.006 -23"><span class='ocrx_word' id='word_1_18' title='bbox 2316 492 2427 546; x_wconf 83' lang='grc' dir='ltr'><strong>τῶν</strong></span> <span class='ocrx_word' id='word_1_19' title='bbox 2464 496 2977 566; x_wconf 61' lang='grc' dir='ltr'><strong>προστεταγμένων</strong></span> <span class='ocrx_word' id='word_1_20' title='bbox 3026 497 3336 568; x_wconf 76' lang='grc' dir='ltr'>ὁλοτρύπως</span> <span class='ocrx_word' id='word_1_21' title='bbox 3372 497 3483 566; x_wconf 76' lang='grc' dir='ltr'><strong>γὰρ</strong></span> <span class='ocrx_word' id='word_1_22' title='bbox 3525 498 3722 567; x_wconf 76' lang='grc' dir='ltr'>ἁγίους</span> <span class='ocrx_word' id='word_1_23' title='bbox 3760 496 3891 555; x_wconf 74' lang='grc' dir='ltr'>εἶναι</span> 
     </span>
    </p>
   </div>
   <div class='ocr_carea' id='block_1_5' title="bbox 626 585 2210 661">
    <p class='ocr_par' dir='ltr' id='par_1_5' title="bbox 626 586 2210 654">
     <span class='ocr_line' id='line_1_5' title="bbox 626 586 2210 654; baseline -0.002 -11"><span class='ocrx_word' id='word_1_24' title='bbox 626 602 734 643; x_wconf 89' lang='lat' dir='ltr'><strong>non</strong></span> <span class='ocrx_word' id='word_1_25' title='bbox 776 587 913 652; x_wconf 90' lang='lat' dir='ltr'><strong>vidi,</strong></span> <span class='ocrx_word' id='word_1_26' title='bbox 939 586 991 642; x_wconf 88' lang='lat' dir='ltr'><strong>id</strong></span> <span class='ocrx_word' id='word_1_27' title='bbox 1035 595 1136 654; x_wconf 89' lang='lat' dir='ltr'><strong>est,</strong></span> <span class='ocrx_word' id='word_1_28' title='bbox 1169 600 1276 641; x_wconf 88' lang='lat' dir='ltr'><strong>non</strong></span> <span class='ocrx_word' id='word_1_29' title='bbox 1316 587 1519 642; x_wconf 88' lang='lat' dir='ltr'><strong>attendi</strong></span> <span class='ocrx_word' id='word_1_30' title='bbox 1568 605 1583 643; x_wconf 88' lang='lat'>:</span> <span class='ocrx_word' id='word_1_31' title='bbox 1629 587 1961 642; x_wconf 87' lang='lat' dir='ltr'><strong>humiliastis</strong></span> <span class='ocrx_word' id='word_1_32' title='bbox 2004 586 2210 642; x_wconf 83' lang='lat' dir='ltr'><strong>animas</strong></span> 
     </span>
    </p>
   </div>
   <div class='ocr_carea' id='block_1_6' title="bbox 2316 585 3891 661">
    <p class='ocr_par' dir='ltr' id='par_1_6' title="bbox 2316 585 3891 661">
     <span class='ocr_line' id='line_1_6' title="bbox 2316 585 3891 661; baseline -0.006 -6"><span class='ocrx_word' id='word_1_33' title='bbox 2316 585 2423 658; x_wconf 82' lang='grc' dir='ltr'>χρὴ</span> <span class='ocrx_word' id='word_1_34' title='bbox 2454 588 2579 651; x_wconf 78' lang='grc' dir='ltr'>τοὺς</span> <span class='ocrx_word' id='word_1_35' title='bbox 2607 588 2927 657; x_wconf 55' lang='lat' dir='ltr'><strong>«meum;</strong></span> <span class='ocrx_word' id='word_1_36' title='bbox 2970 588 3109 659; x_wconf 81' lang='grc' dir='ltr'>Θεῷ,</span> <span class='ocrx_word' id='word_1_37' title='bbox 3128 588 3227 643; x_wconf 73' lang='grc' dir='ltr'>καὶ</span> <span class='ocrx_word' id='word_1_38' title='bbox 3273 590 3598 661; x_wconf 72' lang='grc' dir='ltr'>διαπρέπειν</span> <span class='ocrx_word' id='word_1_39' title='bbox 3630 593 3693 645; x_wconf 81' lang='grc' dir='ltr'>ὲν</span> <span class='ocrx_word' id='word_1_40' title='bbox 3722 594 3891 661; x_wconf 78' lang='grc' dir='ltr'>ἀγαθ-</span> 
     </span>
    </p>
   </div>
   <div class='ocr_carea' id='block_1_7' title="bbox 623 674 2210 753">
    <p class='ocr_par' dir='ltr' id='par_1_7' title="bbox 623 674 2209 750">
     <span class='ocr_line' id='line_1_7' title="bbox 623 674 2209 750; baseline -0.003 -14"><span class='ocrx_word' id='word_1_41' title='bbox 623 690 865 746; x_wconf 88' lang='lat' dir='ltr'><strong>vestras,</strong></span> <span class='ocrx_word' id='word_1_42' title='bbox 908 690 964 734; x_wconf 91' lang='lat' dir='ltr'><strong>et</strong></span> <span class='ocrx_word' id='word_1_43' title='bbox 1023 693 1132 732; x_wconf 88' lang='lat' dir='ltr'><strong>non</strong></span> <span class='ocrx_word' id='word_1_44' title='bbox 1192 679 1453 750; x_wconf 78' lang='lat' dir='ltr'><strong>cognovi,</strong></span> <span class='ocrx_word' id='word_1_45' title='bbox 1499 679 1549 733; x_wconf 89' lang='lat' dir='ltr'><strong>id</strong></span> <span class='ocrx_word' id='word_1_46' title='bbox 1611 689 1727 746; x_wconf 90' lang='lat' dir='ltr'><strong>est,</strong></span> <span class='ocrx_word' id='word_1_47' title='bbox 1777 674 2209 735; x_wconf 85' lang='lat' dir='ltr'><strong>humiliationem</strong></span> 
     </span>
    </p>
   </div>
   <div class='ocr_carea' id='block_1_8' title="bbox 2316 674 3895 753">
    <p class='ocr_par' dir='ltr' id='par_1_8' title="bbox 2316 676 3895 753">
     <span class='ocr_line' id='line_1_8' title="bbox 2316 676 3895 753; baseline 0.006 -27"><span class='ocrx_word' id='word_1_48' title='bbox 2316 676 2595 746; x_wconf 82' lang='grc' dir='ltr'>ουργίαις,</span> <span class='ocrx_word' id='word_1_49' title='bbox 2660 678 2756 730; x_wconf 73' lang='grc' dir='ltr'><strong>καὶ</strong></span> <span class='ocrx_word' id='word_1_50' title='bbox 2811 677 2981 747; x_wconf 77' lang='grc' dir='ltr'>ῥύπου</span> <span class='ocrx_word' id='word_1_51' title='bbox 3075 678 3282 742; x_wconf 80' lang='grc' dir='ltr'>παντὸς</span> <span class='ocrx_word' id='word_1_52' title='bbox 3350 680 3679 753; x_wconf 75' lang='grc' dir='ltr'>ἐλευθέρους</span> <span class='ocrx_word' id='word_1_53' title='bbox 3741 684 3895 747; x_wconf 74' lang='grc' dir='ltr'>ὄντας</span> 
     </span>
    </p>
   </div>
   <div class='ocr_carea' id='block_1_9' title="bbox 625 765 2210 844">
    <p class='ocr_par' dir='ltr' id='par_1_9' title="bbox 625 767 2208 839">
     <span class='ocr_line' id='line_1_9' title="bbox 625 767 2208 839; baseline 0.002 -17"><span class='ocrx_word' id='word_1_54' title='bbox 625 778 862 824; x_wconf 78' lang='lat' dir='ltr'><strong>vestram</strong></span> <span class='ocrx_word' id='word_1_55' title='bbox 899 783 1005 823; x_wconf 88' lang='lat' dir='ltr'><strong>non</strong></span> <span class='ocrx_word' id='word_1_56' title='bbox 1036 769 1284 838; x_wconf 74' lang='lat' dir='ltr'><strong>dignatus</strong></span> <span class='ocrx_word' id='word_1_57' title='bbox 1313 784 1434 823; x_wconf 90' lang='lat' dir='ltr'><strong>sum</strong></span> <span class='ocrx_word' id='word_1_58' title='bbox 1468 767 1579 823; x_wconf 85' lang='lat' dir='ltr'><strong>ulla</strong></span> <span class='ocrx_word' id='word_1_59' title='bbox 1613 770 1865 824; x_wconf 81' lang='lat' dir='ltr'><strong>mercede</strong></span> <span class='ocrx_word' id='word_1_60' title='bbox 1902 787 1916 823; x_wconf 91' lang='lat'><strong>:</strong></span> <span class='ocrx_word' id='word_1_61' title='bbox 1954 770 2208 839; x_wconf 84' lang='lat' dir='ltr'><strong>quoniam</strong></span> 
     </span>
    </p>
   </div>
   <div class='ocr_carea' id='block_1_10' title="bbox 2316 765 3894 844">
    <p class='ocr_par' dir='ltr' id='par_1_10' title="bbox 2316 765 3894 844">
     <span class='ocr_line' id='line_1_10' title="bbox 2316 765 3894 844; baseline 0.006 -26"><span class='ocrx_word' id='word_1_62' title='bbox 2316 765 2566 836; x_wconf 74' lang='grc' dir='ltr'>δρᾶσθαι.</span> <span class='ocrx_word' id='word_1_63' title='bbox 2604 766 2821 838; x_wconf 79' lang='grc' dir='ltr'><strong>Ταύτης</strong></span> <span class='ocrx_word' id='word_1_64' title='bbox 2858 767 2963 840; x_wconf 79' lang='grc' dir='ltr'><strong>γὰρ</strong></span> <span class='ocrx_word' id='word_1_65' title='bbox 2986 768 3155 823; x_wconf 76' lang='grc' dir='ltr'>ἕνεκα</span> <span class='ocrx_word' id='word_1_66' title='bbox 3188 770 3291 840; x_wconf 77' lang='grc' dir='ltr'>τῆς</span> <span class='ocrx_word' id='word_1_67' title='bbox 3319 772 3499 837; x_wconf 81' lang='grc' dir='ltr'>αίτίας</span> <span class='ocrx_word' id='word_1_68' title='bbox 3528 773 3692 844; x_wconf 84' lang='grc' dir='ltr'>φησι·</span> <span class='ocrx_word' id='word_1_69' title='bbox 3725 771 3894 842; x_wconf 63' lang='lat' dir='ltr'><strong>Navi;—</strong></span> 
     </span>
    </p>
   </div>
   <div class='ocr_carea' id='block_1_11' title="bbox 625 854 2210 936">
    <p class='ocr_par' dir='ltr' id='par_1_11' title="bbox 625 858 2209 928">
     <span class='ocr_line' id='line_1_11' title="bbox 625 858 2209 928; baseline 0 -13"><span class='ocrx_word' id='word_1_70' title='bbox 625 862 676 915; x_wconf 94' lang='lat' dir='ltr'><strong>in</strong></span> <span class='ocrx_word' id='word_1_71' title='bbox 710 860 902 915; x_wconf 87' lang='lat' dir='ltr'><strong>diebus</strong></span> <span class='ocrx_word' id='word_1_72' title='bbox 924 858 1253 928; x_wconf 89' lang='lat' dir='ltr'><strong>ieiuniorum</strong></span> <span class='ocrx_word' id='word_1_73' title='bbox 1282 870 1587 914; x_wconf 89' lang='lat' dir='ltr'><strong>vestrorum</strong></span> <span class='ocrx_word' id='word_1_74' title='bbox 1618 859 1878 914; x_wconf 72' lang='lat' dir='ltr'><strong>invenitis</strong></span> <span class='ocrx_word' id='word_1_75' title='bbox 1904 860 2209 915; x_wconf 85' lang='lat' dir='ltr'><strong>voluntates</strong></span> 
     </span>
    </p>
   </div>
   <div class='ocr_carea' id='block_1_12' title="bbox 2316 854 3897 936">
    <p class='ocr_par' dir='ltr' id='par_1_12' title="bbox 2316 854 3897 936">
     <span class='ocr_line' id='line_1_12' title="bbox 2316 854 3897 936; baseline 0.006 -28"><span class='ocrx_word' id='word_1_76' title='bbox 2316 856 2584 911; x_wconf 85' lang='grc' dir='ltr'>στεύκατε</span> <span class='ocrx_word' id='word_1_77' title='bbox 2613 858 2732 929; x_wconf 82' lang='grc' dir='ltr'>μὲν,</span> <span class='ocrx_word' id='word_1_78' title='bbox 2756 856 2866 926; x_wconf 77' lang='grc' dir='ltr'><strong>ἐγὼ</strong></span> <span class='ocrx_word' id='word_1_79' title='bbox 2885 859 2942 912; x_wconf 81' lang='grc' dir='ltr'><strong>δὲ</strong></span> <span class='ocrx_word' id='word_1_80' title='bbox 2963 860 3064 913; x_wconf 81' lang='grc' dir='ltr'>οὐκ</span> <span class='ocrx_word' id='word_1_81' title='bbox 3084 854 3247 928; x_wconf 78' lang='grc' dir='ltr'>εἶδον,</span> <span class='ocrx_word' id='word_1_82' title='bbox 3278 855 3671 929; x_wconf 74' lang='grc' dir='ltr'>τουτέστιν,ὀύ</span> <span class='ocrx_word' id='word_1_83' title='bbox 3731 881 3897 936; x_wconf 80' lang='grc' dir='ltr'>προσ·</span> 
     </span>
    </p>
   </div>
   <div class='ocr_carea' id='block_1_13' title="bbox 625 950 2209 1022">
    <p class='ocr_par' dir='ltr' id='par_1_13' title="bbox 625 950 2209 1022">
     <span class='ocr_line' id='line_1_13' title="bbox 625 950 2209 1022; baseline 0.004 -18"><span class='ocrx_word' id='word_1_84' title='bbox 625 962 857 1006; x_wconf 87' lang='lat' dir='ltr'><strong>vestras.</strong></span> <span class='ocrx_word' id='word_1_85' title='bbox 879 950 979 1017; x_wconf 89' lang='lat' dir='ltr'><strong>Qui</strong></span> <span class='ocrx_word' id='word_1_86' title='bbox 1004 965 1134 1021; x_wconf 81' lang='lat' dir='ltr'><strong>ergo</strong></span> <span class='ocrx_word' id='word_1_87' title='bbox 1163 966 1296 1021; x_wconf 89' lang='lat' dir='ltr'><strong>pure</strong></span> <span class='ocrx_word' id='word_1_88' title='bbox 1322 962 1377 1006; x_wconf 89' lang='lat' dir='ltr'><strong>et</strong></span> <span class='ocrx_word' id='word_1_89' title='bbox 1401 961 1587 1007; x_wconf 88' lang='lat' dir='ltr'><strong>sancte</strong></span> <span class='ocrx_word' id='word_1_90' title='bbox 1607 951 1861 1022; x_wconf 84' lang='lat' dir='ltr'><strong>ieiunare</strong></span> <span class='ocrx_word' id='word_1_91' title='bbox 1886 951 2209 1016; x_wconf 78' lang='lat' dir='ltr'><strong>volunt.&#39;eos</strong></span> 
     </span>
    </p>
   </div>
   <div class='ocr_carea' id='block_1_14' title="bbox 620 1040 2206 1111">
    <p class='ocr_par' dir='ltr' id='par_1_14' title="bbox 620 1040 2206 1111">
     <span class='ocr_line' id='line_1_14' title="bbox 620 1040 2206 1111; baseline 0.003 -16"><span class='ocrx_word' id='word_1_92' title='bbox 620 1048 834 1110; x_wconf 67' lang='lat' dir='ltr'><strong>Oportet</strong></span> <span class='ocrx_word' id='word_1_93' title='bbox 881 1040 993 1097; x_wconf 83' lang='lat' dir='ltr'><strong>suis</strong></span> <span class='ocrx_word' id='word_1_94' title='bbox 1038 1041 1348 1095; x_wconf 89' lang='lat' dir='ltr'><strong>renuntiare</strong></span> <span class='ocrx_word' id='word_1_95' title='bbox 1392 1040 1776 1107; x_wconf 78' lang='lat' dir='ltr'><strong>voluntatibus,</strong></span> <span class='ocrx_word' id='word_1_96' title='bbox 1812 1051 1867 1096; x_wconf 90' lang='lat' dir='ltr'><strong>et</strong></span> <span class='ocrx_word' id='word_1_97' title='bbox 1909 1042 2053 1111; x_wconf 90' lang='lat' dir='ltr'><strong>quod</strong></span> <span class='ocrx_word' id='word_1_98' title='bbox 2096 1042 2206 1101; x_wconf 88' lang='lat' dir='ltr'><strong>Deo</strong></span> 
     </span>
    </p>
   </div>
   <div class='ocr_carea' id='block_1_15' title="bbox 624 1133 2202 1201">
    <p class='ocr_par' dir='ltr' id='par_1_15' title="bbox 624 1133 2202 1201">
     <span class='ocr_line' id='line_1_15' title="bbox 624 1133 2202 1201; baseline 0.001 -12"><span class='ocrx_word' id='word_1_99' title='bbox 624 1134 839 1189; x_wconf 70' lang='lat' dir='ltr'><strong>videtur</strong></span> <span class='ocrx_word' id='word_1_100' title='bbox 884 1133 1165 1201; x_wconf 76' lang='lat' dir='ltr'><strong>amplecti,</strong></span> <span class='ocrx_word' id='word_1_101' title='bbox 1209 1142 1264 1188; x_wconf 89' lang='lat' dir='ltr'><strong>et</strong></span> <span class='ocrx_word' id='word_1_102' title='bbox 1304 1148 1402 1201; x_wconf 88' lang='lat' dir='ltr'><strong>pro</strong></span> <span class='ocrx_word' id='word_1_103' title='bbox 1452 1133 1569 1201; x_wconf 87' lang='lat' dir='ltr'><strong>ejus</strong></span> <span class='ocrx_word' id='word_1_104' title='bbox 1614 1133 1892 1189; x_wconf 83' lang='lat' dir='ltr'><strong>voluntate</strong></span> <span class='ocrx_word' id='word_1_105' title='bbox 1937 1133 2202 1190; x_wconf 85' lang='lat' dir='ltr'><strong>cervicem</strong></span> 
     </span>
    </p>
   </div>
   <div class='ocr_carea' id='block_1_16' title="bbox 621 1224 2201 1295">
    <p class='ocr_par' dir='ltr' id='par_1_16' title="bbox 621 1224 2201 1295">
     <span class='ocr_line' id='line_1_16' title="bbox 621 1224 2201 1295; baseline -0.001 -15"><span class='ocrx_word' id='word_1_106' title='bbox 621 1225 857 1281; x_wconf 81' lang='lat' dir='ltr'><strong>frenare.</strong></span> <span class='ocrx_word' id='word_1_107' title='bbox 893 1224 1000 1279; x_wconf 88' lang='lat' dir='ltr'><strong>Sed</strong></span> <span class='ocrx_word' id='word_1_108' title='bbox 1034 1225 1149 1279; x_wconf 64' lang='lat' dir='ltr'><strong>haec</strong></span> <span class='ocrx_word' id='word_1_109' title='bbox 1177 1224 1434 1279; x_wconf 67' lang='lat' dir='ltr'><strong>Israelita:</strong></span> <span class='ocrx_word' id='word_1_110' title='bbox 1460 1225 1775 1293; x_wconf 82' lang='lat' dir='ltr'><strong>neutiquam</strong></span> <span class='ocrx_word' id='word_1_111' title='bbox 1806 1225 2201 1295; x_wconf 78' lang='lat' dir='ltr'><strong>praestiterunt,</strong></span> 
     </span>
    </p>
   </div>
   <div class='ocr_carea' id='block_1_17' title="bbox 620 1316 2201 1387">
    <p class='ocr_par' dir='ltr' id='par_1_17' title="bbox 620 1316 2201 1387">
     <span class='ocr_line' id='line_1_17' title="bbox 620 1316 2201 1387; baseline -0.001 -15"><span class='ocrx_word' id='word_1_112' title='bbox 620 1317 716 1373; x_wconf 89' lang='lat' dir='ltr'><strong>sed</strong></span> <span class='ocrx_word' id='word_1_113' title='bbox 742 1316 1044 1372; x_wconf 82' lang='lat' dir='ltr'><strong>voluntates</strong></span> <span class='ocrx_word' id='word_1_114' title='bbox 1073 1332 1200 1373; x_wconf 89' lang='lat' dir='ltr'><strong>suas</strong></span> <span class='ocrx_word' id='word_1_115' title='bbox 1231 1316 1401 1371; x_wconf 79' lang='lat' dir='ltr'><strong>secuti</strong></span> <span class='ocrx_word' id='word_1_116' title='bbox 1434 1326 1580 1381; x_wconf 87' lang='lat' dir='ltr'><strong>sunt,</strong></span> <span class='ocrx_word' id='word_1_117' title='bbox 1611 1321 1755 1387; x_wconf 80' lang='lat' dir='ltr'><strong>quod</strong></span> <span class='ocrx_word' id='word_1_118' title='bbox 1779 1326 1960 1372; x_wconf 89' lang='lat' dir='ltr'><strong>autem</strong></span> <span class='ocrx_word' id='word_1_119' title='bbox 1986 1316 2201 1385; x_wconf 76' lang='lat' dir='ltr'><strong>legisla-</strong></span> 
     </span>
    </p>
   </div>
   <div class='ocr_carea' id='block_1_18' title="bbox 622 1407 2202 1479">
    <p class='ocr_par' dir='ltr' id='par_1_18' title="bbox 622 1407 2202 1479">
     <span class='ocr_line' id='line_1_18' title="bbox 622 1407 2202 1479; baseline 0.001 -15"><span class='ocrx_word' id='word_1_120' title='bbox 622 1410 723 1464; x_wconf 92' lang='lat' dir='ltr'><strong>tori</strong></span> <span class='ocrx_word' id='word_1_121' title='bbox 781 1408 958 1479; x_wconf 85' lang='lat' dir='ltr'><strong>placet</strong></span> <span class='ocrx_word' id='word_1_122' title='bbox 999 1407 1353 1476; x_wconf 73' lang='lat' dir='ltr'><strong>neglexerunt</strong></span> <span class='ocrx_word' id='word_1_123' title='bbox 1403 1428 1416 1463; x_wconf 89' lang='lat'><strong>:</strong></span> <span class='ocrx_word' id='word_1_124' title='bbox 1468 1407 1885 1479; x_wconf 73' lang='lat' dir='ltr'><strong>aﬂlixeruntque</strong></span> <span class='ocrx_word' id='word_1_125' title='bbox 1932 1407 2202 1476; x_wconf 83' lang='lat' dir='ltr'><strong>subiectos</strong></span> 
     </span>
    </p>
   </div>
   <div class='ocr_carea' id='block_1_19' title="bbox 616 1498 2198 1569">
    <p class='ocr_par' dir='ltr' id='par_1_19' title="bbox 616 1498 2198 1569">
     <span class='ocr_line' id='line_1_19' title="bbox 616 1498 2198 1569; baseline 0.001 -16"><span class='ocrx_word' id='word_1_126' title='bbox 616 1499 822 1569; x_wconf 87' lang='lat' dir='ltr'><strong>iudicio</strong></span> <span class='ocrx_word' id='word_1_127' title='bbox 854 1508 909 1555; x_wconf 90' lang='lat' dir='ltr'><strong>et</strong></span> <span class='ocrx_word' id='word_1_128' title='bbox 932 1498 1147 1569; x_wconf 76' lang='lat' dir='ltr'><strong>iurgiis,</strong></span> <span class='ocrx_word' id='word_1_129' title='bbox 1174 1513 1296 1554; x_wconf 84' lang='lat' dir='ltr'><strong>cum</strong></span> <span class='ocrx_word' id='word_1_130' title='bbox 1331 1514 1424 1555; x_wconf 90' lang='lat' dir='ltr'><strong>eos</strong></span> <span class='ocrx_word' id='word_1_131' title='bbox 1456 1499 1547 1569; x_wconf 89' lang='lat' dir='ltr'><strong>qui</strong></span> <span class='ocrx_word' id='word_1_132' title='bbox 1585 1501 1727 1555; x_wconf 87' lang='lat' dir='ltr'><strong>inter</strong></span> <span class='ocrx_word' id='word_1_133' title='bbox 1754 1514 1814 1556; x_wconf 88' lang='lat' dir='ltr'><strong>se</strong></span> <span class='ocrx_word' id='word_1_134' title='bbox 1843 1499 2198 1566; x_wconf 83' lang='lat' dir='ltr'><strong>dissidebant,</strong></span> 
     </span>
    </p>
   </div>
   <div class='ocr_carea' id='block_1_20' title="bbox 2311 947 3894 1022">
    <p class='ocr_par' dir='ltr' id='par_1_20' title="bbox 2311 947 3894 1022">
     <span class='ocr_line' id='line_1_20' title="bbox 2311 947 3894 1022; baseline 0.007 -23"><span class='ocrx_word' id='word_1_135' title='bbox 2311 947 2504 1017; x_wconf 83' lang='grc' dir='ltr'>ἐσχον·</span> <span class='ocrx_word' id='word_1_136' title='bbox 2559 948 2964 1003; x_wconf 81' lang='grc' dir='ltr'>ὲταπεινὼσατε</span> <span class='ocrx_word' id='word_1_137' title='bbox 3008 951 3111 1015; x_wconf 83' lang='grc' dir='ltr'><strong>τὰς</strong></span> <span class='ocrx_word' id='word_1_138' title='bbox 3142 951 3328 1022; x_wconf 79' lang='grc' dir='ltr'>’ψυχὰς</span> <span class='ocrx_word' id='word_1_139' title='bbox 3382 955 3617 1017; x_wconf 79' lang='grc' dir='ltr'>ἑαυτῶν,</span> <span class='ocrx_word' id='word_1_140' title='bbox 3660 957 3758 1010; x_wconf 79' lang='grc' dir='ltr'>καὶ</span> <span class='ocrx_word' id='word_1_141' title='bbox 3798 958 3894 1010; x_wconf 65' lang='grc' dir='ltr'><strong>οὐκ</strong></span> 
     </span>
    </p>
   </div>
   <div class='ocr_carea' id='block_1_21' title="bbox 2309 1036 3896 1116">
    <p class='ocr_par' dir='ltr' id='par_1_21' title="bbox 2309 1036 3896 1116">
     <span class='ocr_line' id='line_1_21' title="bbox 2309 1036 3896 1116; baseline 0.006 -27"><span class='ocrx_word' id='word_1_142' title='bbox 2309 1036 2503 1105; x_wconf 77' lang='grc' dir='ltr'>ἔγνων,</span> <span class='ocrx_word' id='word_1_143' title='bbox 2562 1038 2864 1103; x_wconf 80' lang='grc' dir='ltr'><strong>τουτέστιν,</strong></span> <span class='ocrx_word' id='word_1_144' title='bbox 2916 1040 3017 1093; x_wconf 78' lang='grc' dir='ltr'>οὐκ</span> <span class='ocrx_word' id='word_1_145' title='bbox 3046 1041 3257 1111; x_wconf 71' lang='grc' dir='ltr'>ἠξίωσα</span> <span class='ocrx_word' id='word_1_146' title='bbox 3315 1060 3460 1107; x_wconf 90' lang='grc' dir='ltr'>τινος</span> <span class='ocrx_word' id='word_1_147' title='bbox 3511 1045 3756 1116; x_wconf 81' lang='grc' dir='ltr'>ἀμοιϐῆς</span> <span class='ocrx_word' id='word_1_148' title='bbox 3801 1048 3896 1115; x_wconf 67' lang='grc' dir='ltr'>τὴν</span> 
     </span>
    </p>
   </div>
   <div class='ocr_carea' id='block_1_22' title="bbox 2309 1130 3895 1207">
    <p class='ocr_par' dir='ltr' id='par_1_22' title="bbox 2309 1130 3895 1207">
     <span class='ocr_line' id='line_1_22' title="bbox 2309 1130 3895 1207; baseline 0.004 -25"><span class='ocrx_word' id='word_1_149' title='bbox 2309 1130 2464 1201; x_wconf 81' lang='grc' dir='ltr'>ὑμῶν</span> <span class='ocrx_word' id='word_1_150' title='bbox 2486 1131 2823 1185; x_wconf 81' lang='grc' dir='ltr'><strong>ταπείνωσιν</strong></span> <span class='ocrx_word' id='word_1_151' title='bbox 2859 1146 2874 1162; x_wconf 84' lang='grc'>⁶</span> <span class='ocrx_word' id='word_1_152' title='bbox 2909 1131 3207 1203; x_wconf 76' lang='grc' dir='ltr'><strong>ἐπειδήπερ</strong></span> <span class='ocrx_word' id='word_1_153' title='bbox 3255 1133 3315 1185; x_wconf 80' lang='grc' dir='ltr'>ὲν</span> <span class='ocrx_word' id='word_1_154' title='bbox 3356 1136 3480 1197; x_wconf 81' lang='grc' dir='ltr'>ταῖς</span> <span class='ocrx_word' id='word_1_155' title='bbox 3509 1135 3756 1207; x_wconf 77' lang='grc' dir='ltr'><strong>ἡμέραις</strong></span> <span class='ocrx_word' id='word_1_156' title='bbox 3790 1138 3895 1188; x_wconf 72' lang='grc' dir='ltr'>τῶν</span> 
     </span>
    </p>
   </div>
   <div class='ocr_carea' id='block_1_23' title="bbox 2305 1220 3892 1297">
    <p class='ocr_par' dir='ltr' id='par_1_23' title="bbox 2305 1220 3892 1297">
     <span class='ocr_line' id='line_1_23' title="bbox 2305 1220 3892 1297; baseline 0.004 -24"><span class='ocrx_word' id='word_1_157' title='bbox 2305 1220 2568 1291; x_wconf 81' lang='grc' dir='ltr'><strong>νηστειῶν</strong></span> <span class='ocrx_word' id='word_1_158' title='bbox 2614 1220 2769 1292; x_wconf 83' lang='grc' dir='ltr'>ὑμῶν</span> <span class='ocrx_word' id='word_1_159' title='bbox 2812 1221 3094 1293; x_wconf 78' lang='grc' dir='ltr'>εὑρίσκετε</span> <span class='ocrx_word' id='word_1_160' title='bbox 3156 1223 3227 1276; x_wconf 85' lang='grc' dir='ltr'><strong>τά</strong></span> <span class='ocrx_word' id='word_1_161' title='bbox 3263 1222 3545 1295; x_wconf 86' lang='grc' dir='ltr'>θελήματα</span> <span class='ocrx_word' id='word_1_162' title='bbox 3581 1225 3767 1297; x_wconf 64' lang='grc' dir='ltr'>ὑμῶνι</span> <span class='ocrx_word' id='word_1_163' title='bbox 3802 1221 3892 1280; x_wconf 72' lang='grc' dir='ltr'><strong>Δέἰ</strong></span> 
     </span>
    </p>
   </div>
   <div class='ocr_carea' id='block_1_24' title="bbox 2303 1307 3895 1386">
    <p class='ocr_par' dir='ltr' id='par_1_24' title="bbox 2303 1307 3895 1386">
     <span class='ocr_line' id='line_1_24' title="bbox 2303 1307 3895 1386; baseline 0.003 -21"><span class='ocrx_word' id='word_1_164' title='bbox 2303 1311 2370 1383; x_wconf 79' lang='grc' dir='ltr'>δὴ</span> <span class='ocrx_word' id='word_1_165' title='bbox 2397 1307 2490 1368; x_wconf 82' lang='grc' dir='ltr'><strong>οὖν</strong></span> <span class='ocrx_word' id='word_1_166' title='bbox 2516 1311 2625 1385; x_wconf 76' lang='grc' dir='ltr'>ἄρα</span> <span class='ocrx_word' id='word_1_167' title='bbox 2648 1353 2664 1379; x_wconf 88' lang='grc'><strong>,</strong></span> <span class='ocrx_word' id='word_1_168' title='bbox 2693 1312 2822 1376; x_wconf 77' lang='grc' dir='ltr'>τοὺς</span> <span class='ocrx_word' id='word_1_169' title='bbox 2874 1313 3152 1383; x_wconf 76' lang='grc' dir='ltr'>νηστεύειν</span> <span class='ocrx_word' id='word_1_170' title='bbox 3182 1312 3462 1379; x_wconf 75' lang='grc' dir='ltr'>ἐθέλοντας</span> <span class='ocrx_word' id='word_1_171' title='bbox 3501 1315 3767 1386; x_wconf 79' lang='grc' dir='ltr'><strong>καθαρῶς</strong></span> <span class='ocrx_word' id='word_1_172' title='bbox 3805 1318 3895 1369; x_wconf 72' lang='grc' dir='ltr'>καὶ</span> 
     </span>
    </p>
   </div>
   <div class='ocr_carea' id='block_1_25' title="bbox 2306 1403 3895 1479">
    <p class='ocr_par' dir='ltr' id='par_1_25' title="bbox 2306 1403 3895 1479">
     <span class='ocr_line' id='line_1_25' title="bbox 2306 1403 3895 1479; baseline 0.004 -22"><span class='ocrx_word' id='word_1_173' title='bbox 2306 1403 2507 1473; x_wconf 80' lang='grc' dir='ltr'>ἀγίως,</span> <span class='ocrx_word' id='word_1_174' title='bbox 2547 1404 2915 1475; x_wconf 81' lang='grc' dir='ltr'>ἀποφοιτῆσαι</span> <span class='ocrx_word' id='word_1_175' title='bbox 2945 1404 3045 1475; x_wconf 83' lang='grc' dir='ltr'><strong>μὲν</strong></span> <span class='ocrx_word' id='word_1_176' title='bbox 3080 1405 3190 1459; x_wconf 86' lang='grc' dir='ltr'>τῶν</span> <span class='ocrx_word' id='word_1_177' title='bbox 3221 1405 3365 1460; x_wconf 75' lang='grc' dir='ltr'>ἰδίων</span> <span class='ocrx_word' id='word_1_178' title='bbox 3389 1406 3739 1479; x_wconf 82' lang='grc' dir='ltr'>θελημὰτων,</span> <span class='ocrx_word' id='word_1_179' title='bbox 3772 1410 3895 1463; x_wconf 69' lang='grc' dir='ltr'>ἀνθυ-</span> 
     </span>
    </p>
   </div>
   <div class='ocr_carea' id='block_1_26' title="bbox 2303 1494 3893 1570">
    <p class='ocr_par' dir='ltr' id='par_1_26' title="bbox 2303 1494 3893 1570">
     <span class='ocr_line' id='line_1_26' title="bbox 2303 1494 3893 1570; baseline 0.003 -23"><span class='ocrx_word' id='word_1_180' title='bbox 2303 1494 2522 1549; x_wconf 78' lang='grc' dir='ltr'>ελέσθαι</span> <span class='ocrx_word' id='word_1_181' title='bbox 2549 1494 2607 1549; x_wconf 80' lang='grc' dir='ltr'>δὲ</span> <span class='ocrx_word' id='word_1_182' title='bbox 2653 1496 2714 1549; x_wconf 85' lang='grc' dir='ltr'>τὸ</span> <span class='ocrx_word' id='word_1_183' title='bbox 2747 1495 2825 1567; x_wconf 79' lang='grc' dir='ltr'>τῷ</span> <span class='ocrx_word' id='word_1_184' title='bbox 2848 1496 2968 1568; x_wconf 78' lang='grc' dir='ltr'>Θεῷ</span> <span class='ocrx_word' id='word_1_185' title='bbox 2995 1496 3208 1563; x_wconf 78' lang='grc' dir='ltr'><strong>δοκοῦν,</strong></span> <span class='ocrx_word' id='word_1_186' title='bbox 3253 1497 3347 1550; x_wconf 76' lang='grc' dir='ltr'>καὶ</span> <span class='ocrx_word' id='word_1_187' title='bbox 3386 1499 3602 1570; x_wconf 78' lang='grc' dir='ltr'>εὐήνιον</span> <span class='ocrx_word' id='word_1_188' title='bbox 3638 1499 3893 1569; x_wconf 71' lang='grc' dir='ltr'>ὑποσχεῖν</span> 
     </span>
    </p>
   </div>
   <div class='ocr_carea' id='block_1_27' title="bbox 623 1585 2210 1662">
    <p class='ocr_par' dir='ltr' id='par_1_27' title="bbox 623 1590 2202 1662">
     <span class='ocr_line' id='line_1_27' title="bbox 623 1590 2202 1662; baseline 0 -15"><span class='ocrx_word' id='word_1_189' title='bbox 623 1594 688 1647; x_wconf 78' lang='lat' dir='ltr'><strong>ad</strong></span> <span class='ocrx_word' id='word_1_190' title='bbox 721 1591 1065 1647; x_wconf 88' lang='lat' dir='ltr'><strong>concordiam</strong></span> <span class='ocrx_word' id='word_1_191' title='bbox 1099 1590 1366 1662; x_wconf 77' lang='lat' dir='ltr'><strong>redigere,</strong></span> <span class='ocrx_word' id='word_1_192' title='bbox 1390 1600 1446 1646; x_wconf 91' lang='lat' dir='ltr'><strong>et</strong></span> <span class='ocrx_word' id='word_1_193' title='bbox 1475 1606 1661 1661; x_wconf 83' lang='lat' dir='ltr'><strong>pacem</strong></span> <span class='ocrx_word' id='word_1_194' title='bbox 1694 1591 2027 1647; x_wconf 82' lang='lat' dir='ltr'><strong>constituere</strong></span> <span class='ocrx_word' id='word_1_195' title='bbox 2062 1591 2202 1648; x_wconf 88' lang='lat' dir='ltr'><strong>inter</strong></span> 
     </span>
    </p>
   </div>
   <div class='ocr_carea' id='block_1_28' title="bbox 2316 1585 3892 1662">
    <p class='ocr_par' dir='ltr' id='par_1_28' title="bbox 2316 1585 3892 1658">
     <span class='ocr_line' id='line_1_28' title="bbox 2316 1585 3892 1658; baseline 0 -18"><span class='ocrx_word' id='word_1_196' title='bbox 2316 1588 2414 1651; x_wconf 72' lang='lat' dir='ltr'><strong>toi;</strong></span> <span class='ocrx_word' id='word_1_197' title='bbox 2446 1586 2613 1641; x_wconf 83' lang='grc' dir='ltr'>αὐτοῦ</span> <span class='ocrx_word' id='word_1_198' title='bbox 2669 1585 2939 1658; x_wconf 80' lang='grc' dir='ltr'>θελήμασι</span> <span class='ocrx_word' id='word_1_199' title='bbox 2990 1586 3083 1641; x_wconf 84' lang='grc' dir='ltr'><strong>τὸν</strong></span> <span class='ocrx_word' id='word_1_200' title='bbox 3141 1587 3379 1658; x_wconf 78' lang='grc' dir='ltr'>αὐχένα·</span> <span class='ocrx_word' id='word_1_201' title='bbox 3429 1588 3549 1642; x_wconf 84' lang='grc' dir='ltr'>ἀλλ’</span> <span class='ocrx_word' id='word_1_202' title='bbox 3574 1589 3681 1641; x_wconf 77' lang='grc' dir='ltr'><strong>οὐκ</strong></span> <span class='ocrx_word' id='word_1_203' title='bbox 3728 1589 3892 1658; x_wconf 71' lang='grc' dir='ltr'>ἔδρων</span> 
     </span>
    </p>
   </div>
   <div class='ocr_carea' id='block_1_29' title="bbox 621 1677 2210 1752">
    <p class='ocr_par' dir='ltr' id='par_1_29' title="bbox 621 1681 2198 1752">
     <span class='ocr_line' id='line_1_29' title="bbox 621 1681 2198 1752; baseline 0 -14"><span class='ocrx_word' id='word_1_204' title='bbox 621 1684 1004 1739; x_wconf 83' lang='lat' dir='ltr'><strong>dissentientes</strong></span> <span class='ocrx_word' id='word_1_205' title='bbox 1035 1691 1328 1752; x_wconf 87' lang='lat' dir='ltr'><strong>oporteret.</strong></span> <span class='ocrx_word' id='word_1_206' title='bbox 1361 1681 1466 1739; x_wconf 86' lang='lat' dir='ltr'><strong>Sed</strong></span> <span class='ocrx_word' id='word_1_207' title='bbox 1504 1683 1576 1737; x_wconf 90' lang='lat' dir='ltr'><strong>illi</strong></span> <span class='ocrx_word' id='word_1_208' title='bbox 1610 1684 1789 1738; x_wconf 88' lang='lat' dir='ltr'><strong>studia</strong></span> <span class='ocrx_word' id='word_1_209' title='bbox 1825 1698 1920 1737; x_wconf 90' lang='lat' dir='ltr'><strong>sua</strong></span> <span class='ocrx_word' id='word_1_210' title='bbox 1956 1691 2198 1739; x_wconf 84' lang='lat' dir='ltr'><strong>transtu-</strong></span> 
     </span>
    </p>
   </div>
   <div class='ocr_carea' id='block_1_30' title="bbox 2316 1677 3895 1752">
    <p class='ocr_par' dir='ltr' id='par_1_30' title="bbox 2316 1677 3895 1750">
     <span class='ocr_line' id='line_1_30' title="bbox 2316 1677 3895 1750; baseline -0.001 -18"><span class='ocrx_word' id='word_1_211' title='bbox 2316 1678 2459 1732; x_wconf 71' lang='grc' dir='ltr'>τοῦτο</span> <span class='ocrx_word' id='word_1_212' title='bbox 2479 1680 2528 1732; x_wconf 87' lang='grc' dir='ltr'><strong>οί</strong></span> <span class='ocrx_word' id='word_1_213' title='bbox 2555 1677 2614 1745; x_wconf 75' lang='grc' dir='ltr'>ἐξ</span> <span class='ocrx_word' id='word_1_214' title='bbox 2653 1678 2872 1750; x_wconf 82' lang='grc' dir='ltr'>Ἰσραήλ</span> <span class='ocrx_word' id='word_1_215' title='bbox 2900 1678 3085 1733; x_wconf 76' lang='grc' dir='ltr'>ποθενο</span> <span class='ocrx_word' id='word_1_216' title='bbox 3110 1678 3395 1733; x_wconf 80' lang='grc' dir='ltr'>εἴποντοδὲ</span> <span class='ocrx_word' id='word_1_217' title='bbox 3414 1679 3618 1750; x_wconf 79' lang='grc' dir='ltr'>μᾶλλον</span> <span class='ocrx_word' id='word_1_218' title='bbox 3643 1683 3759 1742; x_wconf 83' lang='grc' dir='ltr'>τοῖς</span> <span class='ocrx_word' id='word_1_219' title='bbox 3780 1680 3895 1731; x_wconf 63' lang='grc' dir='ltr'>ἑαν-</span> 
     </span>
    </p>
   </div>
   <div class='ocr_carea' id='block_1_31' title="bbox 621 1768 2210 1845">
    <p class='ocr_par' dir='ltr' id='par_1_31' title="bbox 621 1773 2195 1845">
     <span class='ocr_line' id='line_1_31' title="bbox 621 1773 2195 1845; baseline 0.001 -18"><span class='ocrx_word' id='word_1_220' title='bbox 621 1774 801 1829; x_wconf 87' lang='lat' dir='ltr'><strong>lerunt</strong></span> <span class='ocrx_word' id='word_1_221' title='bbox 826 1775 877 1828; x_wconf 93' lang='lat' dir='ltr'><strong>in</strong></span> <span class='ocrx_word' id='word_1_222' title='bbox 914 1775 1095 1829; x_wconf 90' lang='lat' dir='ltr'><strong>omnia</strong></span> <span class='ocrx_word' id='word_1_223' title='bbox 1128 1788 1249 1843; x_wconf 77' lang='lat' dir='ltr'><strong>qua:</strong></span> <span class='ocrx_word' id='word_1_224' title='bbox 1282 1784 1440 1829; x_wconf 87' lang='lat' dir='ltr'><strong>erant</strong></span> <span class='ocrx_word' id='word_1_225' title='bbox 1468 1774 1761 1828; x_wconf 88' lang='lat' dir='ltr'><strong>contraria.</strong></span> <span class='ocrx_word' id='word_1_226' title='bbox 1791 1773 1958 1845; x_wconf 78' lang='lat'><strong>815</strong></span> <span class='ocrx_word' id='word_1_227' title='bbox 1990 1773 2195 1830; x_wconf 86' lang='lat' dir='ltr'><strong>Percu-</strong></span> 
     </span>
    </p>
   </div>
   <div class='ocr_carea' id='block_1_32' title="bbox 2316 1768 3892 1845">
    <p class='ocr_par' dir='ltr' id='par_1_32' title="bbox 2316 1768 3892 1844">
     <span class='ocr_line' id='line_1_32' title="bbox 2316 1768 3892 1844; baseline 0.001 -21"><span class='ocrx_word' id='word_1_228' title='bbox 2316 1768 2415 1823; x_wconf 82' lang='grc' dir='ltr'><strong>τῶν</strong></span> <span class='ocrx_word' id='word_1_229' title='bbox 2446 1768 2714 1841; x_wconf 84' lang='grc' dir='ltr'>θελήμασι</span> <span class='ocrx_word' id='word_1_230' title='bbox 2740 1769 2799 1823; x_wconf 86' lang='grc' dir='ltr'><strong>τὸ</strong></span> <span class='ocrx_word' id='word_1_231' title='bbox 2829 1768 2909 1841; x_wconf 77' lang='grc' dir='ltr'>τῷ</span> <span class='ocrx_word' id='word_1_232' title='bbox 2959 1770 3227 1844; x_wconf 73' lang='grc' dir='ltr'>νομοθέτῃ</span> <span class='ocrx_word' id='word_1_233' title='bbox 3262 1770 3454 1824; x_wconf 77' lang='grc' dir='ltr'>δοκοῦν</span> <span class='ocrx_word' id='word_1_234' title='bbox 3491 1770 3892 1838; x_wconf 74' lang='grc' dir='ltr'>ἀτιμάζοντες,</span> 
     </span>
    </p>
   </div>
   <div class='ocr_carea' id='block_1_33' title="bbox 624 1860 2210 1954">
    <p class='ocr_par' dir='ltr' id='par_1_33' title="bbox 624 1865 2200 1933">
     <span class='ocr_line' id='line_1_33' title="bbox 624 1865 2200 1933; baseline 0.003 -16"><span class='ocrx_word' id='word_1_235' title='bbox 624 1866 830 1921; x_wconf 90' lang='lat' dir='ltr'><strong>tiebant</strong></span> <span class='ocrx_word' id='word_1_236' title='bbox 857 1866 1019 1921; x_wconf 90' lang='lat' dir='ltr'><strong>etiam</strong></span> <span class='ocrx_word' id='word_1_237' title='bbox 1049 1866 1307 1920; x_wconf 86' lang='lat' dir='ltr'><strong>humilem</strong></span> <span class='ocrx_word' id='word_1_238' title='bbox 1342 1883 1356 1921; x_wconf 90' lang='lat'><strong>:</strong></span> <span class='ocrx_word' id='word_1_239' title='bbox 1392 1881 1494 1919; x_wconf 84' lang='lat' dir='ltr'><strong>non</strong></span> <span class='ocrx_word' id='word_1_240' title='bbox 1529 1865 1778 1921; x_wconf 83' lang='lat' dir='ltr'><strong>absolute</strong></span> <span class='ocrx_word' id='word_1_241' title='bbox 1807 1866 2077 1933; x_wconf 90' lang='lat' dir='ltr'><strong>manibus,</strong></span> <span class='ocrx_word' id='word_1_242' title='bbox 2105 1866 2200 1923; x_wconf 88' lang='lat' dir='ltr'><strong>sed</strong></span> 
     </span>
    </p>
   </div>
   <div class='ocr_carea' id='block_1_34' title="bbox 2316 1860 3894 1954">
    <p class='ocr_par' dir='ltr' id='par_1_34' title="bbox 2316 1860 3894 1935">
     <span class='ocr_line' id='line_1_34' title="bbox 2316 1860 3894 1935; baseline -0.002 -19"><span class='ocrx_word' id='word_1_243' title='bbox 2316 1862 2598 1917; x_wconf 70' lang='lat' dir='ltr'><strong>&#39;mévuttov</strong></span> <span class='ocrx_word' id='word_1_244' title='bbox 2658 1863 2715 1917; x_wconf 83' lang='grc' dir='ltr'>δὲ</span> <span class='ocrx_word' id='word_1_245' title='bbox 2754 1863 3001 1928; x_wconf 72' lang='grc' dir='ltr'>καὶτοὺς</span> <span class='ocrx_word' id='word_1_246' title='bbox 3034 1860 3379 1935; x_wconf 76' lang='grc' dir='ltr'>ὑποχειρίους</span> <span class='ocrx_word' id='word_1_247' title='bbox 3431 1864 3513 1927; x_wconf 77' lang='grc' dir='ltr'><strong>είς</strong></span> <span class='ocrx_word' id='word_1_248' title='bbox 3565 1863 3755 1935; x_wconf 78' lang='grc' dir='ltr'>κρίσιν</span> <span class='ocrx_word' id='word_1_249' title='bbox 3803 1864 3894 1915; x_wconf 71' lang='grc' dir='ltr'>καὶ</span> 
     </span>
    </p>
   </div>
   <div class='ocr_carea' id='block_1_35' title="bbox 625 1954 2210 2028">
    <p class='ocr_par' dir='ltr' id='par_1_35' title="bbox 625 1954 2203 2028">
     <span class='ocr_line' id='line_1_35' title="bbox 625 1954 2203 2028; baseline 0.001 -18"><span class='ocrx_word' id='word_1_250' title='bbox 625 1958 840 2028; x_wconf 86' lang='lat' dir='ltr'><strong>injuriis</strong></span> <span class='ocrx_word' id='word_1_251' title='bbox 872 1966 927 2013; x_wconf 92' lang='lat' dir='ltr'><strong>et</strong></span> <span class='ocrx_word' id='word_1_252' title='bbox 957 1957 1031 2023; x_wconf 90' lang='lat' dir='ltr'><strong>vi,</strong></span> <span class='ocrx_word' id='word_1_253' title='bbox 1064 1956 1149 2011; x_wconf 86' lang='lat' dir='ltr'><strong>vel</strong></span> <span class='ocrx_word' id='word_1_254' title='bbox 1184 1956 1306 2010; x_wconf 91' lang='lat' dir='ltr'><strong>aliis</strong></span> <span class='ocrx_word' id='word_1_255' title='bbox 1345 1956 1518 2011; x_wconf 89' lang='lat' dir='ltr'><strong>modis</strong></span> <span class='ocrx_word' id='word_1_256' title='bbox 1559 1954 1795 2023; x_wconf 90' lang='lat' dir='ltr'><strong>iniustis.</strong></span> <span class='ocrx_word' id='word_1_257' title='bbox 1830 1955 1974 2027; x_wconf 79' lang='lat' dir='ltr'><strong>Ergo</strong></span> <span class='ocrx_word' id='word_1_258' title='bbox 2006 1956 2203 2026; x_wconf 88' lang='lat' dir='ltr'><strong>quibus</strong></span> 
     </span>
    </p>
   </div>
   <div class='ocr_carea' id='block_1_36' title="bbox 2316 1954 3893 2028">
    <p class='ocr_par' dir='ltr' id='par_1_36' title="bbox 2316 1954 3893 2026">
     <span class='ocr_line' id='line_1_36' title="bbox 2316 1954 3893 2026; baseline 0.006 -19"><span class='ocrx_word' id='word_1_259' title='bbox 2316 1954 2513 2025; x_wconf 81' lang='grc' dir='ltr'><strong>μάχας·</strong></span> <span class='ocrx_word' id='word_1_260' title='bbox 2557 1955 2736 2008; x_wconf 86' lang='grc' dir='ltr'>καίτοι</span> <span class='ocrx_word' id='word_1_261' title='bbox 2791 1954 2911 2009; x_wconf 84' lang='grc' dir='ltr'>δέον</span> <span class='ocrx_word' id='word_1_262' title='bbox 2959 1957 3039 2020; x_wconf 82' lang='grc' dir='ltr'>εἰς</span> <span class='ocrx_word' id='word_1_263' title='bbox 3083 1955 3389 2026; x_wconf 73' lang='grc' dir='ltr'>ὁμοψυχίαν</span> <span class='ocrx_word' id='word_1_264' title='bbox 3438 1955 3723 2023; x_wconf 79' lang='grc' dir='ltr'>συλλέγειν</span> <span class='ocrx_word' id='word_1_265' title='bbox 3773 1954 3893 2016; x_wconf 59' lang='grc' dir='ltr'>τοὺς</span> 
     </span>
    </p>
   </div>
   <div class='ocr_carea' id='block_1_37' title="bbox 622 2046 2210 2120">
    <p class='ocr_par' dir='ltr' id='par_1_37' title="bbox 622 2048 2203 2119">
     <span class='ocr_line' id='line_1_37' title="bbox 622 2048 2203 2119; baseline -0.001 -13"><span class='ocrx_word' id='word_1_266' title='bbox 622 2051 796 2106; x_wconf 89' lang='lat' dir='ltr'><strong>inerat</strong></span> <span class='ocrx_word' id='word_1_267' title='bbox 845 2049 967 2106; x_wconf 90' lang='lat' dir='ltr'><strong>talis</strong></span> <span class='ocrx_word' id='word_1_268' title='bbox 1000 2064 1066 2104; x_wconf 90' lang='lat' dir='ltr'><strong>ac</strong></span> <span class='ocrx_word' id='word_1_269' title='bbox 1097 2056 1247 2103; x_wconf 88' lang='lat' dir='ltr'><strong>tanta</strong></span> <span class='ocrx_word' id='word_1_270' title='bbox 1280 2048 1593 2119; x_wconf 86' lang='lat' dir='ltr'><strong>impuritas,</strong></span> <span class='ocrx_word' id='word_1_271' title='bbox 1658 2048 1928 2117; x_wconf 89' lang='lat' dir='ltr'><strong>quomodo</strong></span> <span class='ocrx_word' id='word_1_272' title='bbox 1957 2063 2052 2106; x_wconf 84' lang='lat' dir='ltr'><strong>eos</strong></span> <span class='ocrx_word' id='word_1_273' title='bbox 2084 2048 2203 2104; x_wconf 88' lang='lat' dir='ltr'><strong>lau-</strong></span> 
     </span>
    </p>
   </div>
   <div class='ocr_carea' id='block_1_38' title="bbox 2316 2046 3889 2120">
    <p class='ocr_par' dir='ltr' id='par_1_38' title="bbox 2316 2046 3889 2120">
     <span class='ocr_line' id='line_1_38' title="bbox 2316 2046 3889 2120; baseline -0.003 -19"><span class='ocrx_word' id='word_1_274' title='bbox 2316 2047 2559 2119; x_wconf 85' lang='grc' dir='ltr'>ἀλλήλοις</span> <span class='ocrx_word' id='word_1_275' title='bbox 2604 2046 3115 2119; x_wconf 79' lang='grc' dir='ltr'>ἀντανισταμένους,</span> <span class='ocrx_word' id='word_1_276' title='bbox 3178 2048 3275 2101; x_wconf 71' lang='grc' dir='ltr'><strong>καὶ</strong></span> <span class='ocrx_word' id='word_1_277' title='bbox 3332 2047 3623 2120; x_wconf 83' lang='grc' dir='ltr'>βραϐεύειν</span> <span class='ocrx_word' id='word_1_278' title='bbox 3668 2049 3889 2118; x_wconf 69' lang='grc' dir='ltr'>εἰρήνην</span> 
     </span>
    </p>
   </div>
   <div class='ocr_carea' id='block_1_39' title="bbox 621 2136 2210 2212">
    <p class='ocr_par' dir='ltr' id='par_1_39' title="bbox 621 2138 2202 2212">
     <span class='ocr_line' id='line_1_39' title="bbox 621 2138 2202 2212; baseline -0.002 -16"><span class='ocrx_word' id='word_1_279' title='bbox 621 2145 777 2198; x_wconf 89' lang='lat' dir='ltr'><strong>daret</strong></span> <span class='ocrx_word' id='word_1_280' title='bbox 814 2140 1153 2212; x_wconf 72' lang='lat' dir='ltr'><strong>ieiunantes!</strong></span> <span class='ocrx_word' id='word_1_281' title='bbox 1196 2139 1280 2195; x_wconf 90' lang='lat' dir='ltr'><strong>vel</strong></span> <span class='ocrx_word' id='word_1_282' title='bbox 1322 2139 1591 2208; x_wconf 86' lang='lat' dir='ltr'><strong>quomodo</strong></span> <span class='ocrx_word' id='word_1_283' title='bbox 1637 2138 1772 2195; x_wconf 90' lang='lat' dir='ltr'><strong>adeo</strong></span> <span class='ocrx_word' id='word_1_284' title='bbox 1814 2138 2202 2195; x_wconf 82' lang='lat' dir='ltr'><strong>sceleratorum</strong></span> 
     </span>
    </p>
   </div>
   <div class='ocr_carea' id='block_1_40' title="bbox 2316 2136 3892 2212">
    <p class='ocr_par' dir='ltr' id='par_1_40' title="bbox 2316 2136 3892 2211">
     <span class='ocr_line' id='line_1_40' title="bbox 2316 2136 3892 2211; baseline -0.001 -19"><span class='ocrx_word' id='word_1_285' title='bbox 2316 2141 2421 2204; x_wconf 76' lang='grc' dir='ltr'>τοῖς</span> <span class='ocrx_word' id='word_1_286' title='bbox 2471 2139 2907 2210; x_wconf 81' lang='grc' dir='ltr'>διενηνεγμένοις</span> <span class='ocrx_word' id='word_1_287' title='bbox 2960 2140 3041 2203; x_wconf 89' lang='grc' dir='ltr'><strong>είς</strong></span> <span class='ocrx_word' id='word_1_288' title='bbox 3101 2139 3384 2211; x_wconf 71' lang='grc' dir='ltr'>διαφοράς.</span> <span class='ocrx_word' id='word_1_289' title='bbox 3435 2136 3581 2194; x_wconf 76' lang='grc' dir='ltr'>Ἀλλ’</span> <span class='ocrx_word' id='word_1_290' title='bbox 3642 2140 3727 2201; x_wconf 80' lang='grc' dir='ltr'><strong>είς</strong></span> <span class='ocrx_word' id='word_1_291' title='bbox 3790 2139 3892 2191; x_wconf 67' lang='grc' dir='ltr'>πᾶν</span> 
     </span>
    </p>
   </div>
   <div class='ocr_carea' id='block_1_41' title="bbox 620 2229 2210 2309">
    <p class='ocr_par' dir='ltr' id='par_1_41' title="bbox 620 2233 1356 2309">
     <span class='ocr_line' id='line_1_41' title="bbox 620 2233 1356 2309; baseline -0.004 -19"><span class='ocrx_word' id='word_1_292' title='bbox 620 2250 812 2309; x_wconf 82' lang='lat' dir='ltr'><strong>preces</strong></span> <span class='ocrx_word' id='word_1_293' title='bbox 840 2233 1115 2305; x_wconf 81' lang='lat' dir='ltr'><strong>suscipere</strong></span> <span class='ocrx_word' id='word_1_294' title='bbox 1146 2233 1356 2301; x_wconf 80' lang='lat' dir='ltr'><strong>posset?</strong></span> 
     </span>
    </p>
   </div>
   <div class='ocr_carea' id='block_1_42' title="bbox 2316 2229 3894 2309">
    <p class='ocr_par' dir='ltr' id='par_1_42' title="bbox 2316 2229 3894 2302">
     <span class='ocr_line' id='line_1_42' title="bbox 2316 2229 3894 2302; baseline -0.002 -18"><span class='ocrx_word' id='word_1_295' title='bbox 2316 2229 2618 2284; x_wconf 74' lang='grc' dir='ltr'>τούναντίον</span> <span class='ocrx_word' id='word_1_296' title='bbox 2646 2229 2744 2293; x_wconf 86' lang='grc' dir='ltr'>τὰς</span> <span class='ocrx_word' id='word_1_297' title='bbox 2768 2229 3006 2293; x_wconf 85' lang='grc' dir='ltr'>σπουδὰς</span> <span class='ocrx_word' id='word_1_298' title='bbox 3031 2232 3227 2284; x_wconf 74' lang='grc' dir='ltr'>ἐκεῖνοι</span> <span class='ocrx_word' id='word_1_299' title='bbox 3252 2230 3604 2302; x_wconf 87' lang='grc' dir='ltr'>μεθίστασαν.</span> <span class='ocrx_word' id='word_1_300' title='bbox 3627 2231 3894 2284; x_wconf 72' lang='grc' dir='ltr'>Ἔτυπτον</span> 
     </span>
    </p>
   </div>
   <div class='ocr_carea' id='block_1_43' title="bbox 620 2320 3894 2398">
    <p class='ocr_par' dir='ltr' id='par_1_43' title="bbox 620 2320 3894 2398">
     <span class='ocr_line' id='line_1_43' title="bbox 620 2320 3894 2398; baseline -0.002 -19"><span class='ocrx_word' id='word_1_301' title='bbox 620 2328 679 2383; x_wconf 71' lang='grc' dir='ltr'>δὲ</span> <span class='ocrx_word' id='word_1_302' title='bbox 710 2327 807 2382; x_wconf 74' lang='grc' dir='ltr'>καὶ</span> <span class='ocrx_word' id='word_1_303' title='bbox 837 2327 1109 2393; x_wconf 71' lang='grc' dir='ltr'>ταπεινὸν,</span> <span class='ocrx_word' id='word_1_304' title='bbox 1129 2324 1221 2379; x_wconf 67' lang='grc' dir='ltr'>καὶ</span> <span class='ocrx_word' id='word_1_305' title='bbox 1249 2323 1369 2398; x_wconf 73' lang='grc' dir='ltr'>οὐχὶ</span> <span class='ocrx_word' id='word_1_306' title='bbox 1407 2324 1625 2387; x_wconf 80' lang='grc' dir='ltr'>πάντως</span> <span class='ocrx_word' id='word_1_307' title='bbox 1642 2323 1851 2396; x_wconf 74' lang='grc' dir='ltr'>χερσὶν,</span> <span class='ocrx_word' id='word_1_308' title='bbox 1897 2322 2012 2377; x_wconf 82' lang='grc' dir='ltr'>ἀλλ’</span> <span class='ocrx_word' id='word_1_309' title='bbox 2053 2322 2238 2393; x_wconf 83' lang='grc' dir='ltr'>’ύϐρεσι</span> <span class='ocrx_word' id='word_1_310' title='bbox 2279 2321 2376 2376; x_wconf 75' lang='grc' dir='ltr'>καὶ</span> <span class='ocrx_word' id='word_1_311' title='bbox 2430 2320 2800 2387; x_wconf 78' lang='grc' dir='ltr'>πλεονεξίαις,</span> <span class='ocrx_word' id='word_1_312' title='bbox 2850 2322 3015 2393; x_wconf 67' lang='grc' dir='ltr'>ἧγουν</span> <span class='ocrx_word' id='word_1_313' title='bbox 3098 2323 3222 2376; x_wconf 76' lang='grc' dir='ltr'>καθ’</span> <span class='ocrx_word' id='word_1_314' title='bbox 3276 2323 3463 2391; x_wconf 69' lang='grc' dir='ltr'>ἕτερον</span> <span class='ocrx_word' id='word_1_315' title='bbox 3515 2341 3643 2377; x_wconf 87' lang='grc' dir='ltr'>τινα</span> <span class='ocrx_word' id='word_1_316' title='bbox 3701 2323 3894 2393; x_wconf 70' lang='grc' dir='ltr'>τρόπον</span> 
     </span>
    </p>
   </div>
   <div class='ocr_carea' id='block_1_44' title="bbox 620 2416 3891 2493">
    <p class='ocr_par' dir='ltr' id='par_1_44' title="bbox 620 2416 3891 2493">
     <span class='ocr_line' id='line_1_44' title="bbox 620 2416 3891 2493; baseline -0.002 -16"><span class='ocrx_word' id='word_1_317' title='bbox 620 2422 851 2484; x_wconf 79' lang='grc' dir='ltr'>ἀδικίας.</span> <span class='ocrx_word' id='word_1_318' title='bbox 911 2421 1047 2474; x_wconf 80' lang='grc' dir='ltr'>Εὶτα</span> <span class='ocrx_word' id='word_1_319' title='bbox 1096 2420 1212 2484; x_wconf 83' lang='grc' dir='ltr'><strong>πῶς</strong></span> <span class='ocrx_word' id='word_1_320' title='bbox 1250 2416 1319 2492; x_wconf 80' lang='grc' dir='ltr'>ἦν</span> <span class='ocrx_word' id='word_1_321' title='bbox 1368 2416 1654 2475; x_wconf 76' lang='grc' dir='ltr'>ἐπαινέσαι</span> <span class='ocrx_word' id='word_1_322' title='bbox 1691 2418 2074 2493; x_wconf 77' lang='grc' dir='ltr'>νηστεύοντας,</span> <span class='ocrx_word' id='word_1_323' title='bbox 2126 2418 2223 2488; x_wconf 83' lang='grc' dir='ltr'>τῆς</span> <span class='ocrx_word' id='word_1_324' title='bbox 2263 2417 2518 2487; x_wconf 75' lang='grc' dir='ltr'>τοιαύτης</span> <span class='ocrx_word' id='word_1_325' title='bbox 2556 2416 2899 2488; x_wconf 80' lang='grc' dir='ltr'>ἀκαθαρσίας</span> <span class='ocrx_word' id='word_1_326' title='bbox 2942 2418 3168 2489; x_wconf 73' lang='grc' dir='ltr'>ἐνούσης</span> <span class='ocrx_word' id='word_1_327' title='bbox 3210 2419 3427 2485; x_wconf 81' lang='grc' dir='ltr'>αὐτοῖς;</span> <span class='ocrx_word' id='word_1_328' title='bbox 3462 2420 3497 2489; x_wconf 79' lang='grc' dir='ltr'>ἦ</span> <span class='ocrx_word' id='word_1_329' title='bbox 3541 2418 3665 2481; x_wconf 76' lang='grc' dir='ltr'>πῶς</span> <span class='ocrx_word' id='word_1_330' title='bbox 3695 2418 3764 2471; x_wconf 82' lang='grc' dir='ltr'><strong>ἀν</strong></span> <span class='ocrx_word' id='word_1_331' title='bbox 3792 2417 3891 2470; x_wconf 69' lang='grc' dir='ltr'>ιιι.</span> 
     </span>
    </p>
   </div>
   <div class='ocr_carea' id='block_1_45' title="bbox 621 2498 1684 2585">
    <p class='ocr_par' dir='ltr' id='par_1_45' title="bbox 621 2498 1684 2585">
     <span class='ocr_line' id='line_1_45' title="bbox 621 2498 1684 2585; baseline -0.003 -17"><span class='ocrx_word' id='word_1_332' title='bbox 621 2515 825 2585; x_wconf 85' lang='grc' dir='ltr'>χθησαν</span> <span class='ocrx_word' id='word_1_333' title='bbox 848 2511 1005 2582; x_wconf 68' lang='grc' dir='ltr'>εὐχαὶ</span> <span class='ocrx_word' id='word_1_334' title='bbox 1024 2511 1134 2565; x_wconf 84' lang='grc' dir='ltr'>τῶν</span> <span class='ocrx_word' id='word_1_335' title='bbox 1164 2498 1343 2577; x_wconf 14' lang='grc' dir='ltr'>οὕτως.</span> <span class='ocrx_word' id='word_1_336' title='bbox 1359 2514 1684 2584; x_wconf 85' lang='grc' dir='ltr'>ἀλιτηρίων;</span> 
     </span>
    </p>
   </div>
   <div class='ocr_carea' id='block_1_46' title="bbox 701 2595 2210 2677">
    <p class='ocr_par' dir='ltr' id='par_1_46' title="bbox 701 2607 2210 2677">
     <span class='ocr_line' id='line_1_46' title="bbox 701 2607 2210 2677; baseline 0.001 -16"><span class='ocrx_word' id='word_1_337' title='bbox 701 2607 866 2662; x_wconf 68' lang='lat' dir='ltr'><strong>Vens.</strong></span> <span class='ocrx_word' id='word_1_338' title='bbox 899 2610 952 2663; x_wconf 86' lang='lat'><strong>5.</strong></span> <span class='ocrx_word' id='word_1_339' title='bbox 988 2608 1163 2673; x_wconf 81' lang='lat' dir='ltr'><strong>Quare</strong></span> <span class='ocrx_word' id='word_1_340' title='bbox 1207 2608 1338 2660; x_wconf 84' lang='lat' dir='ltr'><strong>mihi</strong></span> <span class='ocrx_word' id='word_1_341' title='bbox 1370 2608 1653 2677; x_wconf 76' lang='lat' dir='ltr'><strong>jejuuatis,</strong></span> <span class='ocrx_word' id='word_1_342' title='bbox 1684 2618 1739 2661; x_wconf 90' lang='lat' dir='ltr'><strong>ut</strong></span> <span class='ocrx_word' id='word_1_343' title='bbox 1766 2608 1919 2661; x_wconf 79' lang='lat' dir='ltr'><strong>hodie</strong></span> <span class='ocrx_word' id='word_1_344' title='bbox 1959 2608 2210 2662; x_wconf 77' lang='lat' dir='ltr'><strong>audiatur</strong></span> 
     </span>
    </p>
   </div>
   <div class='ocr_carea' id='block_1_47' title="bbox 2316 2595 3892 2677">
    <p class='ocr_par' dir='ltr' id='par_1_47' title="bbox 2391 2595 3892 2669">
     <span class='ocr_line' id='line_1_47' title="bbox 2391 2595 3892 2669; baseline 0 -14"><span class='ocrx_word' id='word_1_345' title='bbox 2391 2602 2526 2656; x_wconf 77' lang='grc' dir='ltr'>ἰνα</span> <span class='ocrx_word' id='word_1_346' title='bbox 2555 2596 2608 2653; x_wconf 84' lang='grc' dir='ltr'><strong>τί</strong></span> <span class='ocrx_word' id='word_1_347' title='bbox 2639 2613 2739 2669; x_wconf 85' lang='grc' dir='ltr'><strong>μοι</strong></span> <span class='ocrx_word' id='word_1_348' title='bbox 2762 2595 3104 2667; x_wconf 52' lang='lat' dir='ltr'><strong>aeno-tatis“,</strong></span> <span class='ocrx_word' id='word_1_349' title='bbox 3120 2596 3202 2665; x_wconf 83' lang='grc' dir='ltr'>ὡς</span> <span class='ocrx_word' id='word_1_350' title='bbox 3228 2596 3497 2664; x_wconf 72' lang='grc' dir='ltr'>σήμερον·</span> <span class='ocrx_word' id='word_1_351' title='bbox 3512 2598 3892 2668; x_wconf 76' lang='grc' dir='ltr'>ἀκουσθῆναι</span> 
     </span>
    </p>
   </div>
   <div class='ocr_carea' id='block_1_48' title="bbox 623 2687 2210 2766">
    <p class='ocr_par' dir='ltr' id='par_1_48' title="bbox 623 2695 2210 2766">
     <span class='ocr_line' id='line_1_48' title="bbox 623 2695 2210 2766; baseline -0.001 -15"><span class='ocrx_word' id='word_1_352' title='bbox 623 2699 677 2751; x_wconf 82' lang='lat' dir='ltr'><strong>in</strong></span> <span class='ocrx_word' id='word_1_353' title='bbox 719 2699 944 2752; x_wconf 82' lang='lat' dir='ltr'><strong>clamore</strong></span> <span class='ocrx_word' id='word_1_354' title='bbox 986 2712 1085 2751; x_wconf 69' lang='lat' dir='ltr'><strong>rom</strong></span> <span class='ocrx_word' id='word_1_355' title='bbox 1124 2699 1336 2752; x_wconf 75' lang='lat' dir='ltr'><strong>vestra?</strong></span> <span class='ocrx_word' id='word_1_356' title='bbox 1377 2696 1498 2750; x_wconf 83' lang='lat' dir='ltr'><strong>Non</strong></span> <span class='ocrx_word' id='word_1_357' title='bbox 1539 2695 1646 2750; x_wconf 83' lang='lat' dir='ltr'><strong>tale</strong></span> <span class='ocrx_word' id='word_1_358' title='bbox 1684 2696 1939 2763; x_wconf 74' lang='lat' dir='ltr'><strong>jejunium</strong></span> <span class='ocrx_word' id='word_1_359' title='bbox 1976 2697 2131 2766; x_wconf 84' lang='lat' dir='ltr'><strong>elegi,</strong></span> <span class='ocrx_word' id='word_1_360' title='bbox 2165 2706 2210 2750; x_wconf 85' lang='lat' dir='ltr'><strong>et</strong></span> 
     </span>
    </p>
   </div>
   <div class='ocr_carea' id='block_1_49' title="bbox 2316 2687 3894 2766">
    <p class='ocr_par' dir='ltr' id='par_1_49' title="bbox 2316 2687 3894 2759">
     <span class='ocr_line' id='line_1_49' title="bbox 2316 2687 3894 2759; baseline -0.001 -14"><span class='ocrx_word' id='word_1_361' title='bbox 2316 2694 2385 2746; x_wconf 81' lang='grc' dir='ltr'>ἐν</span> <span class='ocrx_word' id='word_1_362' title='bbox 2408 2689 2642 2759; x_wconf 73' lang='grc' dir='ltr'>κραυγῇ</span> <span class='ocrx_word' id='word_1_363' title='bbox 2672 2689 2787 2756; x_wconf 78' lang='grc' dir='ltr'><strong>τὴν</strong></span> <span class='ocrx_word' id='word_1_364' title='bbox 2805 2687 3018 2757; x_wconf 70' lang='grc' dir='ltr'><em>φωνὴν</em></span> <span class='ocrx_word' id='word_1_365' title='bbox 3040 2688 3242 2758; x_wconf 84' lang='grc' dir='ltr'><strong>ὑμῶν;</strong></span> <span class='ocrx_word' id='word_1_366' title='bbox 3278 2689 3364 2743; x_wconf 83' lang='grc' dir='ltr'><em>Οὐ</em></span> <span class='ocrx_word' id='word_1_367' title='bbox 3401 2688 3630 2759; x_wconf 70' lang='grc' dir='ltr'>ταύτην·</span> <span class='ocrx_word' id='word_1_368' title='bbox 3656 2690 3776 2756; x_wconf 74' lang='grc' dir='ltr'>τὴν</span> <span class='ocrx_word' id='word_1_369' title='bbox 3798 2708 3894 2757; x_wconf 77' lang='grc' dir='ltr'>νη·</span> 
     </span>
    </p>
   </div>
   <div class='ocr_carea' id='block_1_50' title="bbox 623 2784 2212 2857">
    <p class='ocr_par' dir='ltr' id='par_1_50' title="bbox 623 2784 2212 2857">
     <span class='ocr_line' id='line_1_50' title="bbox 623 2784 2212 2857; baseline 0.001 -17"><span class='ocrx_word' id='word_1_370' title='bbox 623 2788 709 2840; x_wconf 85' lang='lat' dir='ltr'><strong>die</strong></span> <span class='ocrx_word' id='word_1_371' title='bbox 737 2786 1018 2843; x_wconf 83' lang='lat' dir='ltr'><strong>humiliore</strong></span> <span class='ocrx_word' id='word_1_372' title='bbox 1049 2787 1311 2840; x_wconf 79' lang='lat' dir='ltr'><strong>hominem</strong></span> <span class='ocrx_word' id='word_1_373' title='bbox 1344 2786 1575 2839; x_wconf 83' lang='lat' dir='ltr'><strong>animum</strong></span> <span class='ocrx_word' id='word_1_374' title='bbox 1608 2801 1780 2839; x_wconf 75' lang='lat' dir='ltr'><strong>suam.</strong></span> <span class='ocrx_word' id='word_1_375' title='bbox 1814 2784 2029 2857; x_wconf 83' lang='lat' dir='ltr'><strong>Neque,</strong></span> <span class='ocrx_word' id='word_1_376' title='bbox 2053 2788 2100 2841; x_wconf 78' lang='lat' dir='ltr'><strong>si</strong></span> <span class='ocrx_word' id='word_1_377' title='bbox 2129 2789 2212 2841; x_wconf 85' lang='lat' dir='ltr'><strong>in-</strong></span> 
     </span>
    </p>
   </div>
   <div class='ocr_carea' id='block_1_51' title="bbox 624 2876 2210 2943">
    <p class='ocr_par' dir='ltr' id='par_1_51' title="bbox 624 2876 2210 2943">
     <span class='ocr_line' id='line_1_51' title="bbox 624 2876 2210 2943; baseline 0 -11"><span class='ocrx_word' id='word_1_378' title='bbox 624 2880 918 2932; x_wconf 69' lang='lat' dir='ltr'><strong>curvweris</strong></span> <span class='ocrx_word' id='word_1_379' title='bbox 948 2878 1083 2931; x_wconf 78' lang='lat' dir='ltr'><strong>velut</strong></span> <span class='ocrx_word' id='word_1_380' title='bbox 1110 2877 1367 2930; x_wconf 81' lang='lat' dir='ltr'><strong>circulum</strong></span> <span class='ocrx_word' id='word_1_381' title='bbox 1394 2876 1585 2930; x_wconf 84' lang='lat' dir='ltr'><strong>collum</strong></span> <span class='ocrx_word' id='word_1_382' title='bbox 1615 2886 1785 2943; x_wconf 73' lang='lat' dir='ltr'><strong>tuum,</strong></span> <span class='ocrx_word' id='word_1_383' title='bbox 1809 2886 1858 2931; x_wconf 82' lang='lat' dir='ltr'><strong>et</strong></span> <span class='ocrx_word' id='word_1_384' title='bbox 1891 2878 2117 2932; x_wconf 83' lang='lat' dir='ltr'><strong>cilicium</strong></span> <span class='ocrx_word' id='word_1_385' title='bbox 2146 2896 2210 2933; x_wconf 85' lang='lat' dir='ltr'><strong>ac</strong></span> 
     </span>
    </p>
   </div>
   <div class='ocr_carea' id='block_1_52' title="bbox 624 2967 2208 3037">
    <p class='ocr_par' dir='ltr' id='par_1_52' title="bbox 624 2967 2208 3037">
     <span class='ocr_line' id='line_1_52' title="bbox 624 2967 2208 3037; baseline 0.001 -13"><span class='ocrx_word' id='word_1_386' title='bbox 624 2970 847 3024; x_wconf 84' lang='lat' dir='ltr'><strong>cinerem</strong></span> <span class='ocrx_word' id='word_1_387' title='bbox 870 2968 1240 3034; x_wconf 73' lang='lat' dir='ltr'><strong>sttbstraveris,</strong></span> <span class='ocrx_word' id='word_1_388' title='bbox 1271 2984 1364 3022; x_wconf 74' lang='lat' dir='ltr'><strong>nec</strong></span> <span class='ocrx_word' id='word_1_389' title='bbox 1390 2968 1464 3021; x_wconf 73' lang='lat' dir='ltr'><strong>sic</strong></span> <span class='ocrx_word' id='word_1_390' title='bbox 1494 2968 1745 3023; x_wconf 69' lang='lat' dir='ltr'><strong>vocabili:</strong></span> <span class='ocrx_word' id='word_1_391' title='bbox 1778 2967 2032 3037; x_wconf 67' lang='lat' dir='ltr'><strong>jejunium</strong></span> <span class='ocrx_word' id='word_1_392' title='bbox 2058 2984 2208 3025; x_wconf 82' lang='lat' dir='ltr'><strong>acce-</strong></span> 
     </span>
    </p>
   </div>
   <div class='ocr_carea' id='block_1_53' title="bbox 627 3059 843 3130">
    <p class='ocr_par' dir='ltr' id='par_1_53' title="bbox 627 3059 843 3130">
     <span class='ocr_line' id='line_1_53' title="bbox 627 3059 843 3130; baseline 0.005 -18"><span class='ocrx_word' id='word_1_393' title='bbox 627 3059 843 3130; x_wconf 71' lang='lat' dir='ltr'><strong>piabile.</strong></span> 
     </span>
    </p>
   </div>
   <div class='ocr_carea' id='block_1_54' title="bbox 700 3229 2205 3305">
    <p class='ocr_par' dir='ltr' id='par_1_54' title="bbox 700 3229 2205 3305">
     <span class='ocr_line' id='line_1_54' title="bbox 700 3229 2205 3305; baseline -0.005 -16"><span class='ocrx_word' id='word_1_394' title='bbox 700 3234 826 3290; x_wconf 78' lang='lat' dir='ltr'><strong>Veri</strong></span> <span class='ocrx_word' id='word_1_395' title='bbox 859 3233 1047 3305; x_wconf 81' lang='lat' dir='ltr'><strong>iejnnii</strong></span> <span class='ocrx_word' id='word_1_396' title='bbox 1080 3232 1255 3286; x_wconf 89' lang='lat' dir='ltr'><strong>virtus</strong></span> <span class='ocrx_word' id='word_1_397' title='bbox 1288 3230 1544 3287; x_wconf 81' lang='lat' dir='ltr'><strong>eximiam</strong></span> <span class='ocrx_word' id='word_1_398' title='bbox 1581 3230 1742 3286; x_wconf 88' lang='lat' dir='ltr'><strong>habet</strong></span> <span class='ocrx_word' id='word_1_399' title='bbox 1775 3229 1988 3287; x_wconf 87' lang='lat' dir='ltr'><strong>laudem</strong></span> <span class='ocrx_word' id='word_1_400' title='bbox 2024 3240 2079 3287; x_wconf 88' lang='lat' dir='ltr'><strong>et</strong></span> <span class='ocrx_word' id='word_1_401' title='bbox 2109 3246 2205 3302; x_wconf 87' lang='lat' dir='ltr'><strong>ap-</strong></span> 
     </span>
    </p>
   </div>
   <div class='ocr_carea' id='block_1_55' title="bbox 629 3321 2204 3400">
    <p class='ocr_par' dir='ltr' id='par_1_55' title="bbox 629 3321 2204 3400">
     <span class='ocr_line' id='line_1_55' title="bbox 629 3321 2204 3400; baseline -0.004 -19"><span class='ocrx_word' id='word_1_402' title='bbox 629 3327 1022 3400; x_wconf 75' lang='lat' dir='ltr'><strong>probationem,</strong></span> <span class='ocrx_word' id='word_1_403' title='bbox 1051 3333 1107 3378; x_wconf 89' lang='lat' dir='ltr'><strong>et</strong></span> <span class='ocrx_word' id='word_1_404' title='bbox 1137 3324 1276 3393; x_wconf 82' lang='lat' dir='ltr'><strong>apud</strong></span> <span class='ocrx_word' id='word_1_405' title='bbox 1310 3323 1702 3376; x_wconf 79' lang='lat' dir='ltr'><strong>dominatorem</strong></span> <span class='ocrx_word' id='word_1_406' title='bbox 1732 3322 1971 3376; x_wconf 90' lang='lat' dir='ltr'><strong>omnium</strong></span> <span class='ocrx_word' id='word_1_407' title='bbox 2002 3321 2204 3387; x_wconf 78' lang='lat' dir='ltr'><strong>Deum;</strong></span> 
     </span>
    </p>
   </div>
   <div class='ocr_carea' id='block_1_56' title="bbox 630 3412 2206 3485">
    <p class='ocr_par' dir='ltr' id='par_1_56' title="bbox 630 3412 2206 3485">
     <span class='ocr_line' id='line_1_56' title="bbox 630 3412 2206 3485; baseline -0.005 -10"><span class='ocrx_word' id='word_1_408' title='bbox 630 3421 861 3476; x_wconf 88' lang='lat' dir='ltr'><strong>libenter</strong></span> <span class='ocrx_word' id='word_1_409' title='bbox 913 3416 1054 3473; x_wconf 88' lang='lat' dir='ltr'><strong>enim</strong></span> <span class='ocrx_word' id='word_1_410' title='bbox 1112 3414 1338 3481; x_wconf 85' lang='lat' dir='ltr'><strong>suscipit</strong></span> <span class='ocrx_word' id='word_1_411' title='bbox 1388 3426 1580 3485; x_wconf 86' lang='lat' dir='ltr'><strong>preces</strong></span> <span class='ocrx_word' id='word_1_412' title='bbox 1639 3427 1827 3466; x_wconf 88' lang='lat' dir='ltr'><strong>eorum</strong></span> <span class='ocrx_word' id='word_1_413' title='bbox 1883 3414 1971 3482; x_wconf 86' lang='lat' dir='ltr'><strong>qni</strong></span> <span class='ocrx_word' id='word_1_414' title='bbox 2029 3412 2206 3481; x_wconf 86' lang='lat' dir='ltr'><strong>ipsum</strong></span> 
     </span>
    </p>
   </div>
   <div class='ocr_carea' id='block_1_57' title="bbox 631 3504 2209 3575">
    <p class='ocr_par' dir='ltr' id='par_1_57' title="bbox 631 3504 2209 3575">
     <span class='ocr_line' id='line_1_57' title="bbox 631 3504 2209 3575; baseline -0.006 -6"><span class='ocrx_word' id='word_1_415' title='bbox 631 3514 820 3569; x_wconf 85' lang='lat' dir='ltr'><strong>colunt</strong></span> <span class='ocrx_word' id='word_1_416' title='bbox 848 3529 863 3565; x_wconf 89' lang='lat'><strong>:</strong></span> <span class='ocrx_word' id='word_1_417' title='bbox 895 3518 952 3565; x_wconf 91' lang='lat' dir='ltr'><strong>et</strong></span> <span class='ocrx_word' id='word_1_418' title='bbox 978 3509 1023 3564; x_wconf 89' lang='lat' dir='ltr'><strong>si</strong></span> <span class='ocrx_word' id='word_1_419' title='bbox 1049 3508 1230 3561; x_wconf 83' lang='lat' dir='ltr'><strong>videat</strong></span> <span class='ocrx_word' id='word_1_420' title='bbox 1258 3520 1354 3560; x_wconf 92' lang='lat' dir='ltr'><strong>eos</strong></span> <span class='ocrx_word' id='word_1_421' title='bbox 1385 3522 1478 3575; x_wconf 88' lang='lat' dir='ltr'><strong>per</strong></span> <span class='ocrx_word' id='word_1_422' title='bbox 1507 3505 1745 3559; x_wconf 82' lang='lat' dir='ltr'><strong>laborem</strong></span> <span class='ocrx_word' id='word_1_423' title='bbox 1778 3513 1832 3558; x_wconf 88' lang='lat' dir='ltr'><strong>et</strong></span> <span class='ocrx_word' id='word_1_424' title='bbox 1858 3504 2209 3560; x_wconf 74' lang='lat' dir='ltr'><strong>exercitatio-</strong></span> 
     </span>
    </p>
   </div>
   <div class='ocr_carea' id='block_1_58' title="bbox 630 3596 2212 3668">
    <p class='ocr_par' dir='ltr' id='par_1_58' title="bbox 630 3596 2212 3668">
     <span class='ocr_line' id='line_1_58' title="bbox 630 3596 2212 3668; baseline -0.006 -8"><span class='ocrx_word' id='word_1_425' title='bbox 630 3619 756 3660; x_wconf 91' lang='lat' dir='ltr'><strong>nem</strong></span> <span class='ocrx_word' id='word_1_426' title='bbox 787 3600 1122 3664; x_wconf 89' lang='lat' dir='ltr'><strong>humiliatos,</strong></span> <span class='ocrx_word' id='word_1_427' title='bbox 1148 3598 1360 3668; x_wconf 88' lang='lat' dir='ltr'><strong>abiecta</strong></span> <span class='ocrx_word' id='word_1_428' title='bbox 1387 3597 1536 3651; x_wconf 86' lang='lat' dir='ltr'><strong>omni</strong></span> <span class='ocrx_word' id='word_1_429' title='bbox 1564 3596 1932 3662; x_wconf 86' lang='lat' dir='ltr'><strong>cunctatione,</strong></span> <span class='ocrx_word' id='word_1_430' title='bbox 1960 3597 2212 3652; x_wconf 90' lang='lat' dir='ltr'><strong>concedit</strong></span> 
     </span>
    </p>
   </div>
   <div class='ocr_carea' id='block_1_59' title="bbox 631 3688 2207 3767">
    <p class='ocr_par' dir='ltr' id='par_1_59' title="bbox 631 3688 2207 3767">
     <span class='ocr_line' id='line_1_59' title="bbox 631 3688 2207 3767; baseline -0.004 -17"><span class='ocrx_word' id='word_1_431' title='bbox 631 3694 924 3767; x_wconf 89' lang='lat' dir='ltr'><strong>postulata.</strong></span> <span class='ocrx_word' id='word_1_432' title='bbox 953 3690 1104 3760; x_wconf 87' lang='lat' dir='ltr'><strong>Quod</strong></span> <span class='ocrx_word' id='word_1_433' title='bbox 1147 3702 1331 3745; x_wconf 91' lang='lat' dir='ltr'><strong>autem</strong></span> <span class='ocrx_word' id='word_1_434' title='bbox 1378 3690 1617 3761; x_wconf 79' lang='lat' dir='ltr'><strong>segniter</strong></span> <span class='ocrx_word' id='word_1_435' title='bbox 1662 3690 1720 3742; x_wconf 82' lang='lat' dir='ltr'><strong>fit</strong></span> <span class='ocrx_word' id='word_1_436' title='bbox 1758 3698 1813 3743; x_wconf 90' lang='lat' dir='ltr'><strong>et</strong></span> <span class='ocrx_word' id='word_1_437' title='bbox 1855 3688 2207 3759; x_wconf 80' lang='lat' dir='ltr'><strong>negligenter,</strong></span> 
     </span>
    </p>
   </div>
   <div class='ocr_carea' id='block_1_60' title="bbox 632 3778 2209 3855">
    <p class='ocr_par' dir='ltr' id='par_1_60' title="bbox 632 3778 2209 3855">
     <span class='ocr_line' id='line_1_60' title="bbox 632 3778 2209 3855; baseline -0.003 -15"><span class='ocrx_word' id='word_1_438' title='bbox 632 3784 876 3855; x_wconf 85' lang='lat' dir='ltr'><strong>repudiat</strong></span> <span class='ocrx_word' id='word_1_439' title='bbox 905 3797 969 3836; x_wconf 92' lang='lat' dir='ltr'><strong>ac</strong></span> <span class='ocrx_word' id='word_1_440' title='bbox 998 3780 1194 3847; x_wconf 88' lang='lat' dir='ltr'><strong>reiicit.</strong></span> <span class='ocrx_word' id='word_1_441' title='bbox 1216 3779 1486 3850; x_wconf 83' lang='lat' dir='ltr'><strong>Jejunium</strong></span> <span class='ocrx_word' id='word_1_442' title='bbox 1512 3778 1742 3834; x_wconf 89' lang='lat' dir='ltr'><strong>dicimus</strong></span> <span class='ocrx_word' id='word_1_443' title='bbox 1771 3789 2040 3845; x_wconf 89' lang='lat' dir='ltr'><strong>sanctum,</strong></span> <span class='ocrx_word' id='word_1_444' title='bbox 2063 3779 2209 3849; x_wconf 90' lang='lat' dir='ltr'><strong>quod</strong></span> 
     </span>
    </p>
   </div>
   <div class='ocr_carea' id='block_1_61' title="bbox 629 3868 2213 3946">
    <p class='ocr_par' dir='ltr' id='par_1_61' title="bbox 629 3868 2213 3946">
     <span class='ocr_line' id='line_1_61' title="bbox 629 3868 2213 3946; baseline -0.003 -15"><span class='ocrx_word' id='word_1_445' title='bbox 629 3893 694 3933; x_wconf 76' lang='lat' dir='ltr'><strong>ex</strong></span> <span class='ocrx_word' id='word_1_446' title='bbox 731 3890 864 3946; x_wconf 81' lang='lat' dir='ltr'><strong>pura</strong></span> <span class='ocrx_word' id='word_1_447' title='bbox 901 3873 960 3929; x_wconf 87' lang='lat' dir='ltr'><strong>fit</strong></span> <span class='ocrx_word' id='word_1_448' title='bbox 992 3872 1320 3928; x_wconf 87' lang='lat' dir='ltr'><strong>conscientia</strong></span> <span class='ocrx_word' id='word_1_449' title='bbox 1371 3888 1385 3925; x_wconf 89' lang='lat'><strong>:</strong></span> <span class='ocrx_word' id='word_1_450' title='bbox 1431 3870 1573 3941; x_wconf 79' lang='lat' dir='ltr'><strong>quod</strong></span> <span class='ocrx_word' id='word_1_451' title='bbox 1613 3868 1699 3924; x_wconf 90' lang='lat' dir='ltr'><strong>ille</strong></span> <span class='ocrx_word' id='word_1_452' title='bbox 1733 3869 1899 3924; x_wconf 88' lang='lat' dir='ltr'><strong>faciat</strong></span> <span class='ocrx_word' id='word_1_453' title='bbox 1930 3870 2023 3941; x_wconf 89' lang='lat' dir='ltr'><strong>qui</strong></span> <span class='ocrx_word' id='word_1_454' title='bbox 2063 3871 2213 3941; x_wconf 85' lang='lat' dir='ltr'><strong>prius</strong></span> 
     </span>
    </p>
   </div>
   <div class='ocr_carea' id='block_1_62' title="bbox 631 3962 2214 4035">
    <p class='ocr_par' dir='ltr' id='par_1_62' title="bbox 631 3962 2214 4035">
     <span class='ocr_line' id='line_1_62' title="bbox 631 3962 2214 4035; baseline -0.004 -11"><span class='ocrx_word' id='word_1_455' title='bbox 631 3983 811 4025; x_wconf 88' lang='lat' dir='ltr'><strong>mores</strong></span> <span class='ocrx_word' id='word_1_456' title='bbox 842 3965 1117 4035; x_wconf 87' lang='lat' dir='ltr'><strong>improbos</strong></span> <span class='ocrx_word' id='word_1_457' title='bbox 1149 3978 1475 4034; x_wconf 91' lang='lat' dir='ltr'><strong>omnemque</strong></span> <span class='ocrx_word' id='word_1_458' title='bbox 1506 3962 1683 4016; x_wconf 87' lang='lat' dir='ltr'><strong>labem</strong></span> <span class='ocrx_word' id='word_1_459' title='bbox 1719 3977 1787 4017; x_wconf 82' lang='lat' dir='ltr'><strong>ex</strong></span> <span class='ocrx_word' id='word_1_460' title='bbox 1825 3962 2006 4017; x_wconf 89' lang='lat' dir='ltr'><strong>animo</strong></span> <span class='ocrx_word' id='word_1_461' title='bbox 2039 3963 2214 4030; x_wconf 89' lang='lat' dir='ltr'><strong>eiece-</strong></span> 
     </span>
    </p>
   </div>
   <div class='ocr_carea' id='block_1_63' title="bbox 631 4050 2212 4123">
    <p class='ocr_par' dir='ltr' id='par_1_63' title="bbox 631 4050 2212 4123">
     <span class='ocr_line' id='line_1_63' title="bbox 631 4050 2212 4123; baseline -0.004 -12"><span class='ocrx_word' id='word_1_462' title='bbox 631 4060 721 4122; x_wconf 88' lang='lat' dir='ltr'><strong>rit,</strong></span> <span class='ocrx_word' id='word_1_463' title='bbox 747 4068 801 4110; x_wconf 89' lang='lat' dir='ltr'><strong>ct</strong></span> <span class='ocrx_word' id='word_1_464' title='bbox 825 4055 1064 4110; x_wconf 78' lang='lat' dir='ltr'><strong>carnalis</strong></span> <span class='ocrx_word' id='word_1_465' title='bbox 1091 4053 1386 4123; x_wconf 89' lang='lat' dir='ltr'><strong>voluptatis</strong></span> <span class='ocrx_word' id='word_1_466' title='bbox 1417 4053 1608 4109; x_wconf 83' lang='lat' dir='ltr'><strong>sordes</strong></span> <span class='ocrx_word' id='word_1_467' title='bbox 1633 4050 1914 4118; x_wconf 88' lang='lat' dir='ltr'><strong>deleverit,</strong></span> <span class='ocrx_word' id='word_1_468' title='bbox 1939 4060 1991 4106; x_wconf 90' lang='lat' dir='ltr'><strong>et</strong></span> <span class='ocrx_word' id='word_1_469' title='bbox 2017 4050 2212 4105; x_wconf 88' lang='lat' dir='ltr'><strong>laverit</strong></span> 
     </span>
    </p>
   </div>
   <div class='ocr_carea' id='block_1_64' title="bbox 632 4142 2211 4211">
    <p class='ocr_par' dir='ltr' id='par_1_64' title="bbox 632 4142 2211 4211">
     <span class='ocr_line' id='line_1_64' title="bbox 632 4142 2211 4211; baseline -0.006 -7"><span class='ocrx_word' id='word_1_470' title='bbox 632 4150 772 4204; x_wconf 87' lang='lat' dir='ltr'><strong>inter</strong></span> <span class='ocrx_word' id='word_1_471' title='bbox 819 4148 1134 4201; x_wconf 88' lang='lat' dir='ltr'><strong>innocentes</strong></span> <span class='ocrx_word' id='word_1_472' title='bbox 1178 4160 1370 4199; x_wconf 85' lang='lat' dir='ltr'><strong>manus</strong></span> <span class='ocrx_word' id='word_1_473' title='bbox 1415 4157 1577 4210; x_wconf 89' lang='lat' dir='ltr'><strong>suas,</strong></span> <span class='ocrx_word' id='word_1_474' title='bbox 1622 4142 1918 4196; x_wconf 88' lang='lat' dir='ltr'><strong>secundum</strong></span> <span class='ocrx_word' id='word_1_475' title='bbox 1970 4142 2021 4194; x_wconf 91' lang='lat' dir='ltr'><strong>id</strong></span> <span class='ocrx_word' id='word_1_476' title='bbox 2070 4142 2211 4211; x_wconf 89' lang='lat' dir='ltr'><strong>quod</strong></span> 
     </span>
    </p>
   </div>
   <div class='ocr_carea' id='block_1_65' title="bbox 630 4232 2215 4308">
    <p class='ocr_par' dir='ltr' id='par_1_65' title="bbox 630 4232 2215 4308">
     <span class='ocr_line' id='line_1_65' title="bbox 630 4232 2215 4308; baseline -0.003 -15"><span class='ocrx_word' id='word_1_477' title='bbox 630 4240 891 4308; x_wconf 87' lang='lat' dir='ltr'><strong>scriptum</strong></span> <span class='ocrx_word' id='word_1_478' title='bbox 921 4244 1003 4291; x_wconf 88' lang='lat' dir='ltr'><strong>est</strong></span> <span class='ocrx_word' id='word_1_479' title='bbox 1031 4252 1045 4289; x_wconf 89' lang='lat'><strong>:</strong></span> <span class='ocrx_word' id='word_1_480' title='bbox 1076 4244 1130 4289; x_wconf 89' lang='lat' dir='ltr'><strong>et</strong></span> <span class='ocrx_word' id='word_1_481' title='bbox 1158 4235 1210 4289; x_wconf 92' lang='lat' dir='ltr'><strong>iu</strong></span> <span class='ocrx_word' id='word_1_482' title='bbox 1240 4248 1472 4299; x_wconf 88' lang='lat' dir='ltr'><strong>summa,</strong></span> <span class='ocrx_word' id='word_1_483' title='bbox 1495 4232 1674 4289; x_wconf 89' lang='lat' dir='ltr'><strong>omnis</strong></span> <span class='ocrx_word' id='word_1_484' title='bbox 1702 4232 1985 4303; x_wconf 86' lang='lat' dir='ltr'><strong>probitatis</strong></span> <span class='ocrx_word' id='word_1_485' title='bbox 2010 4234 2215 4289; x_wconf 85' lang='lat' dir='ltr'><strong>studio-</strong></span> 
     </span>
    </p>
   </div>
   <div class='ocr_carea' id='block_1_66' title="bbox 631 4324 2208 4396">
    <p class='ocr_par' dir='ltr' id='par_1_66' title="bbox 631 4324 2208 4396">
     <span class='ocr_line' id='line_1_66' title="bbox 631 4324 2208 4396; baseline -0.001 -12"><span class='ocrx_word' id='word_1_486' title='bbox 631 4345 723 4385; x_wconf 88' lang='lat' dir='ltr'><strong>sus</strong></span> <span class='ocrx_word' id='word_1_487' title='bbox 764 4328 943 4383; x_wconf 90' lang='lat' dir='ltr'><strong>cultor</strong></span> <span class='ocrx_word' id='word_1_488' title='bbox 973 4325 1201 4383; x_wconf 76' lang='lat' dir='ltr'><strong>etfectus</strong></span> <span class='ocrx_word' id='word_1_489' title='bbox 1244 4328 1335 4381; x_wconf 87' lang='lat' dir='ltr'><strong>sit.</strong></span> <span class='ocrx_word' id='word_1_490' title='bbox 1372 4325 1445 4381; x_wconf 78' lang='lat' dir='ltr'><strong>At</strong></span> <span class='ocrx_word' id='word_1_491' title='bbox 1478 4324 1746 4396; x_wconf 83' lang='lat' dir='ltr'><strong>jejunium</strong></span> <span class='ocrx_word' id='word_1_492' title='bbox 1779 4328 1923 4395; x_wconf 90' lang='lat' dir='ltr'><strong>quod</strong></span> <span class='ocrx_word' id='word_1_493' title='bbox 1962 4341 2069 4382; x_wconf 91' lang='lat' dir='ltr'><strong>non</strong></span> <span class='ocrx_word' id='word_1_494' title='bbox 2107 4327 2208 4383; x_wconf 88' lang='lat' dir='ltr'><strong>hoc</strong></span> 
     </span>
    </p>
   </div>
   <div class='ocr_carea' id='block_1_67' title="bbox 633 4418 2214 4488">
    <p class='ocr_par' dir='ltr' id='par_1_67' title="bbox 633 4418 2214 4488">
     <span class='ocr_line' id='line_1_67' title="bbox 633 4418 2214 4488; baseline -0.002 -12"><span class='ocrx_word' id='word_1_495' title='bbox 633 4421 867 4488; x_wconf 69' lang='lat' dir='ltr'><strong>modojse</strong></span> <span class='ocrx_word' id='word_1_496' title='bbox 902 4420 1086 4484; x_wconf 88' lang='lat' dir='ltr'><strong>habet,</strong></span> <span class='ocrx_word' id='word_1_497' title='bbox 1120 4418 1283 4473; x_wconf 80' lang='lat' dir='ltr'><strong>fallax</strong></span> <span class='ocrx_word' id='word_1_498' title='bbox 1319 4428 1425 4484; x_wconf 89' lang='lat' dir='ltr'><strong>est,</strong></span> <span class='ocrx_word' id='word_1_499' title='bbox 1454 4425 1511 4473; x_wconf 88' lang='lat' dir='ltr'><strong>et</strong></span> <span class='ocrx_word' id='word_1_500' title='bbox 1543 4418 1778 4488; x_wconf 86' lang='lat' dir='ltr'><strong>speciem</strong></span> <span class='ocrx_word' id='word_1_501' title='bbox 1816 4426 2021 4472; x_wconf 90' lang='lat' dir='ltr'><strong>tantum</strong></span> <span class='ocrx_word' id='word_1_502' title='bbox 2058 4419 2214 4473; x_wconf 90' lang='lat' dir='ltr'><strong>habet</strong></span> 
     </span>
    </p>
   </div>
   <div class='ocr_carea' id='block_1_68' title="bbox 2313 2778 3894 2850">
    <p class='ocr_par' dir='ltr' id='par_1_68' title="bbox 2313 2778 3894 2850">
     <span class='ocr_line' id='line_1_68' title="bbox 2313 2778 3894 2850; baseline -0.003 -13"><span class='ocrx_word' id='word_1_503' title='bbox 2313 2784 2524 2838; x_wconf 73' lang='grc' dir='ltr'>στι-τίαν</span> <span class='ocrx_word' id='word_1_504' title='bbox 2564 2778 2960 2850; x_wconf 72' lang='grc' dir='ltr'><strong>ἐξελεξάμην,</strong></span> <span class='ocrx_word' id='word_1_505' title='bbox 3012 2779 3114 2833; x_wconf 80' lang='grc' dir='ltr'>καί</span> <span class='ocrx_word' id='word_1_506' title='bbox 3161 2781 3390 2849; x_wconf 73' lang='grc' dir='ltr'>ἡμέραν</span> <span class='ocrx_word' id='word_1_507' title='bbox 3421 2781 3759 2838; x_wconf 68' lang='grc' dir='ltr'>ταπεινοῦν</span> <span class='ocrx_word' id='word_1_508' title='bbox 3795 2785 3894 2835; x_wconf 73' lang='grc' dir='ltr'><strong>ἆγ-</strong></span> 
     </span>
    </p>
   </div>
   <div class='ocr_carea' id='block_1_69' title="bbox 2311 2870 3896 2945">
    <p class='ocr_par' dir='ltr' id='par_1_69' title="bbox 2311 2870 3896 2945">
     <span class='ocr_line' id='line_1_69' title="bbox 2311 2870 3896 2945; baseline 0 -18"><span class='ocrx_word' id='word_1_509' title='bbox 2311 2875 2549 2941; x_wconf 79' lang='grc' dir='ltr'>θρωπον</span> <span class='ocrx_word' id='word_1_510' title='bbox 2589 2870 2707 2940; x_wconf 76' lang='grc' dir='ltr'>τὴν</span> <span class='ocrx_word' id='word_1_511' title='bbox 2746 2870 2962 2940; x_wconf 68' lang='grc' dir='ltr'>ψυχὴν</span> <span class='ocrx_word' id='word_1_512' title='bbox 2998 2870 3209 2925; x_wconf 80' lang='grc' dir='ltr'>αὑτοῦ.</span> <span class='ocrx_word' id='word_1_513' title='bbox 3244 2872 3379 2927; x_wconf 78' lang='grc' dir='ltr'><strong>οὐδ’</strong></span> <span class='ocrx_word' id='word_1_514' title='bbox 3434 2873 3514 2927; x_wconf 74' lang='grc' dir='ltr'>ἂν</span> <span class='ocrx_word' id='word_1_515' title='bbox 3537 2876 3791 2945; x_wconf 65' lang='grc' dir='ltr'>κάμψῃς</span> <span class='ocrx_word' id='word_1_516' title='bbox 3823 2877 3896 2944; x_wconf 80' lang='grc' dir='ltr'><strong>ὡς</strong></span> 
     </span>
    </p>
   </div>
   <div class='ocr_carea' id='block_1_70' title="bbox 2316 2961 3896 3032">
    <p class='ocr_par' dir='ltr' id='par_1_70' title="bbox 2316 2961 3896 3032">
     <span class='ocr_line' id='line_1_70' title="bbox 2316 2961 3896 3032; baseline 0.004 -17"><span class='ocrx_word' id='word_1_517' title='bbox 2316 2963 2527 3030; x_wconf 70' lang='grc' dir='ltr'>κρίκον</span> <span class='ocrx_word' id='word_1_518' title='bbox 2566 2963 2676 3019; x_wconf 74' lang='grc' dir='ltr'>τὸν</span> <span class='ocrx_word' id='word_1_519' title='bbox 2715 2961 3022 3032; x_wconf 76' lang='grc' dir='ltr'>τράχηλόν</span> <span class='ocrx_word' id='word_1_520' title='bbox 3051 2977 3192 3030; x_wconf 84' lang='grc' dir='ltr'>σου,</span> <span class='ocrx_word' id='word_1_521' title='bbox 3214 2964 3314 3017; x_wconf 78' lang='grc' dir='ltr'>καί</span> <span class='ocrx_word' id='word_1_522' title='bbox 3344 2965 3587 3020; x_wconf 78' lang='grc' dir='ltr'>σάκκον</span> <span class='ocrx_word' id='word_1_523' title='bbox 3630 2970 3731 3020; x_wconf 70' lang='grc' dir='ltr'><strong>καὶ</strong></span> <span class='ocrx_word' id='word_1_524' title='bbox 3757 2984 3896 3023; x_wconf 73' lang='lat' dir='ltr'><strong>axo-</strong></span> 
     </span>
    </p>
   </div>
   <div class='ocr_carea' id='block_1_71' title="bbox 2317 3054 3897 3127">
    <p class='ocr_par' dir='ltr' id='par_1_71' title="bbox 2317 3054 3897 3127">
     <span class='ocr_line' id='line_1_71' title="bbox 2317 3054 3897 3127; baseline 0.004 -20"><span class='ocrx_word' id='word_1_525' title='bbox 2317 3055 2428 3108; x_wconf 80' lang='grc' dir='ltr'>δὸν</span> <span class='ocrx_word' id='word_1_526' title='bbox 2450 3054 2839 3125; x_wconf 77' lang='grc' dir='ltr'>ὑποστρὼσῃ,</span> <span class='ocrx_word' id='word_1_527' title='bbox 2883 3055 3013 3110; x_wconf 75' lang='grc' dir='ltr'>οὐδ’</span> <span class='ocrx_word' id='word_1_528' title='bbox 3057 3055 3246 3124; x_wconf 84' lang='grc' dir='ltr'>οὕτως</span> <span class='ocrx_word' id='word_1_529' title='bbox 3286 3056 3585 3112; x_wconf 64' lang='grc' dir='ltr'>καλέσατε</span> <span class='ocrx_word' id='word_1_530' title='bbox 3614 3062 3897 3127; x_wconf 75' lang='grc' dir='ltr'>νηστείαν</span> 
     </span>
    </p>
   </div>
   <div class='ocr_carea' id='block_1_72' title="bbox 2313 3147 2557 3214">
    <p class='ocr_par' dir='ltr' id='par_1_72' title="bbox 2313 3147 2557 3214">
     <span class='ocr_line' id='line_1_72' title="bbox 2313 3147 2557 3214; baseline 0.008 -14"><span class='ocrx_word' id='word_1_531' title='bbox 2313 3147 2557 3214; x_wconf 79' lang='grc' dir='ltr'>δεκτήν.</span> 
     </span>
    </p>
   </div>
   <div class='ocr_carea' id='block_1_73' title="bbox 2386 3236 3893 3312">
    <p class='ocr_par' dir='ltr' id='par_1_73' title="bbox 2386 3236 3893 3312">
     <span class='ocr_line' id='line_1_73' title="bbox 2386 3236 3893 3312; baseline 0.002 -19"><span class='ocrx_word' id='word_1_532' title='bbox 2386 3239 2496 3310; x_wconf 86' lang='grc' dir='ltr'><strong>Τῆς</strong></span> <span class='ocrx_word' id='word_1_533' title='bbox 2520 3236 2755 3309; x_wconf 78' lang='grc' dir='ltr'>ἀληθοῦς</span> <span class='ocrx_word' id='word_1_534' title='bbox 2786 3238 3043 3310; x_wconf 86' lang='grc' dir='ltr'>νηστείας</span> <span class='ocrx_word' id='word_1_535' title='bbox 3070 3240 3105 3308; x_wconf 83' lang='grc' dir='ltr'>ὴ</span> <span class='ocrx_word' id='word_1_536' title='bbox 3124 3236 3357 3310; x_wconf 74' lang='grc' dir='ltr'>δύναμις</span> <span class='ocrx_word' id='word_1_537' title='bbox 3392 3236 3639 3307; x_wconf 71' lang='grc' dir='ltr'>ἐξαίσιον</span> <span class='ocrx_word' id='word_1_538' title='bbox 3656 3242 3775 3312; x_wconf 68' lang='grc' dir='ltr'>εχει</span> <span class='ocrx_word' id='word_1_539' title='bbox 3802 3244 3893 3312; x_wconf 69' lang='grc' dir='ltr'><strong>τὴν</strong></span> 
     </span>
    </p>
   </div>
   <div class='ocr_carea' id='block_1_74' title="bbox 2316 3330 3897 3404">
    <p class='ocr_par' dir='ltr' id='par_1_74' title="bbox 2316 3330 3897 3404">
     <span class='ocr_line' id='line_1_74' title="bbox 2316 3330 3897 3404; baseline 0.001 -18"><span class='ocrx_word' id='word_1_540' title='bbox 2316 3333 2445 3404; x_wconf 85' lang='grc' dir='ltr'>βοὴν</span> <span class='ocrx_word' id='word_1_541' title='bbox 2472 3331 2626 3403; x_wconf 86' lang='grc' dir='ltr'><strong>παρά</strong></span> <span class='ocrx_word' id='word_1_542' title='bbox 2655 3331 2734 3403; x_wconf 80' lang='grc' dir='ltr'>τῷ</span> <span class='ocrx_word' id='word_1_543' title='bbox 2774 3332 2994 3384; x_wconf 80' lang='grc' dir='ltr'>πάντων</span> <span class='ocrx_word' id='word_1_544' title='bbox 3029 3330 3319 3400; x_wconf 82' lang='grc' dir='ltr'>κρατοῦντι</span> <span class='ocrx_word' id='word_1_545' title='bbox 3361 3331 3501 3402; x_wconf 80' lang='grc' dir='ltr'><strong>Θεῷ.</strong></span> <span class='ocrx_word' id='word_1_546' title='bbox 3538 3334 3774 3404; x_wconf 72' lang='grc' dir='ltr'>Δέχεται</span> <span class='ocrx_word' id='word_1_547' title='bbox 3799 3334 3897 3404; x_wconf 72' lang='grc' dir='ltr'><strong>γὰρ</strong></span> 
     </span>
    </p>
   </div>
   <div class='ocr_carea' id='block_1_75' title="bbox 2316 3420 3900 3493">
    <p class='ocr_par' dir='ltr' id='par_1_75' title="bbox 2316 3420 3900 3493">
     <span class='ocr_line' id='line_1_75' title="bbox 2316 3420 3900 3493; baseline 0.001 -15"><span class='ocrx_word' id='word_1_548' title='bbox 2316 3425 2447 3488; x_wconf 87' lang='grc' dir='ltr'>ίσως</span> <span class='ocrx_word' id='word_1_549' title='bbox 2470 3422 2724 3493; x_wconf 83' lang='grc' dir='ltr'>ἀσμένως</span> <span class='ocrx_word' id='word_1_550' title='bbox 2751 3421 2862 3476; x_wconf 85' lang='grc' dir='ltr'>τῶν</span> <span class='ocrx_word' id='word_1_551' title='bbox 2887 3420 3194 3492; x_wconf 71' lang='grc' dir='ltr'>σεϐομένων</span> <span class='ocrx_word' id='word_1_552' title='bbox 3221 3422 3387 3478; x_wconf 77' lang='grc' dir='ltr'>αὑτὸν</span> <span class='ocrx_word' id='word_1_553' title='bbox 3432 3424 3533 3488; x_wconf 77' lang='grc' dir='ltr'>τὰς</span> <span class='ocrx_word' id='word_1_554' title='bbox 3582 3425 3742 3488; x_wconf 83' lang='grc' dir='ltr'>λιτάς</span> <span class='ocrx_word' id='word_1_555' title='bbox 3762 3442 3779 3458; x_wconf 89' lang='grc'><strong>·</strong></span> <span class='ocrx_word' id='word_1_556' title='bbox 3806 3426 3900 3480; x_wconf 73' lang='grc' dir='ltr'><strong>κάν</strong></span> 
     </span>
    </p>
   </div>
   <div class='ocr_carea' id='block_1_76' title="bbox 2326 3512 3900 3589">
    <p class='ocr_par' dir='ltr' id='par_1_76' title="bbox 2326 3512 3900 3589">
     <span class='ocr_line' id='line_1_76' title="bbox 2326 3512 3900 3589; baseline 0.001 -21"><span class='ocrx_word' id='word_1_557' title='bbox 2326 3516 2411 3589; x_wconf 78' lang='grc' dir='ltr'>ίδῃ</span> <span class='ocrx_word' id='word_1_558' title='bbox 2450 3514 2908 3586; x_wconf 80' lang='grc' dir='ltr'>ταπεινουμένους</span> <span class='ocrx_word' id='word_1_559' title='bbox 2944 3512 3035 3568; x_wconf 81' lang='grc' dir='ltr'><strong>διὰ</strong></span> <span class='ocrx_word' id='word_1_560' title='bbox 3062 3514 3240 3568; x_wconf 87' lang='grc' dir='ltr'>πόνων</span> <span class='ocrx_word' id='word_1_561' title='bbox 3287 3516 3382 3569; x_wconf 55' lang='grc' dir='ltr'><strong>καὶ⁸</strong></span> <span class='ocrx_word' id='word_1_562' title='bbox 3427 3517 3749 3587; x_wconf 78' lang='grc' dir='ltr'>ἀσκήσεων,</span> <span class='ocrx_word' id='word_1_563' title='bbox 3783 3518 3900 3587; x_wconf 77' lang='grc' dir='ltr'>μελ-</span> 
     </span>
    </p>
   </div>
   <div class='ocr_carea' id='block_1_77' title="bbox 2314 3604 3899 3678">
    <p class='ocr_par' dir='ltr' id='par_1_77' title="bbox 2314 3604 3899 3678">
     <span class='ocr_line' id='line_1_77' title="bbox 2314 3604 3899 3678; baseline 0.002 -17"><span class='ocrx_word' id='word_1_564' title='bbox 2314 3605 2529 3678; x_wconf 88' lang='grc' dir='ltr'>λησμοῦ</span> <span class='ocrx_word' id='word_1_565' title='bbox 2586 3606 2713 3678; x_wconf 87' lang='grc' dir='ltr'>δίχα</span> <span class='ocrx_word' id='word_1_566' title='bbox 2752 3604 2954 3669; x_wconf 84' lang='grc' dir='ltr'>παντὸς</span> <span class='ocrx_word' id='word_1_567' title='bbox 3008 3605 3191 3677; x_wconf 72' lang='grc' dir='ltr'>ὀρέγει</span> <span class='ocrx_word' id='word_1_568' title='bbox 3224 3605 3295 3660; x_wconf 81' lang='grc' dir='ltr'><strong>τὰ</strong></span> <span class='ocrx_word' id='word_1_569' title='bbox 3337 3608 3645 3677; x_wconf 78' lang='grc' dir='ltr'>αἰτήματα.</span> <span class='ocrx_word' id='word_1_570' title='bbox 3690 3608 3806 3678; x_wconf 70' lang='grc' dir='ltr'>Τῆς</span> <span class='ocrx_word' id='word_1_571' title='bbox 3844 3625 3899 3677; x_wconf 77' lang='grc' dir='ltr'><strong>τι</strong></span> 
     </span>
    </p>
   </div>
   <div class='ocr_carea' id='block_1_78' title="bbox 2319 3698 3901 3773">
    <p class='ocr_par' dir='ltr' id='par_1_78' title="bbox 2319 3698 3901 3773">
     <span class='ocr_line' id='line_1_78' title="bbox 2319 3698 3901 3773; baseline -0.003 -17"><span class='ocrx_word' id='word_1_572' title='bbox 2319 3700 2445 3773; x_wconf 82' lang='grc' dir='ltr'>μὴν,</span> <span class='ocrx_word' id='word_1_573' title='bbox 2479 3700 2627 3771; x_wconf 70' lang='grc' dir='ltr'>ἤπερ</span> <span class='ocrx_word' id='word_1_574' title='bbox 2668 3700 2735 3755; x_wconf 79' lang='grc' dir='ltr'><strong>ἂν</strong></span> <span class='ocrx_word' id='word_1_575' title='bbox 2765 3698 2978 3768; x_wconf 69' lang='grc' dir='ltr'>γένοιτο</span> <span class='ocrx_word' id='word_1_576' title='bbox 3030 3698 3293 3771; x_wconf 74' lang='grc' dir='ltr'>ῥαθύμως</span> <span class='ocrx_word' id='word_1_577' title='bbox 3333 3716 3395 3751; x_wconf 88' lang='grc' dir='ltr'><strong>τε</strong></span> <span class='ocrx_word' id='word_1_578' title='bbox 3439 3700 3535 3755; x_wconf 78' lang='grc' dir='ltr'>καὶ</span> <span class='ocrx_word' id='word_1_579' title='bbox 3592 3701 3901 3771; x_wconf 70' lang='grc' dir='ltr'>ἀτημελῶς,</span> 
     </span>
    </p>
   </div>
   <div class='ocr_carea' id='block_1_79' title="bbox 2316 3792 3901 3866">
    <p class='ocr_par' dir='ltr' id='par_1_79' title="bbox 2316 3792 3901 3866">
     <span class='ocr_line' id='line_1_79' title="bbox 2316 3792 3901 3866; baseline -0.003 -17"><span class='ocrx_word' id='word_1_580' title='bbox 2316 3795 2625 3866; x_wconf 81' lang='grc' dir='ltr'>ἀπόϐλητον</span> <span class='ocrx_word' id='word_1_581' title='bbox 2675 3798 2910 3850; x_wconf 85' lang='grc' dir='ltr'>ποιεῖται</span> <span class='ocrx_word' id='word_1_582' title='bbox 2962 3795 3054 3852; x_wconf 69' lang='grc' dir='ltr'>τὸν</span> <span class='ocrx_word' id='word_1_583' title='bbox 3096 3794 3318 3866; x_wconf 83' lang='grc' dir='ltr'>τρόπον.</span> <span class='ocrx_word' id='word_1_584' title='bbox 3355 3794 3467 3847; x_wconf 74' lang='grc' dir='ltr'><strong>Καὶ</strong></span> <span class='ocrx_word' id='word_1_585' title='bbox 3518 3792 3786 3863; x_wconf 78' lang='grc' dir='ltr'>νηστείαν</span> <span class='ocrx_word' id='word_1_586' title='bbox 3814 3793 3901 3864; x_wconf 72' lang='grc' dir='ltr'>μὲν</span> 
     </span>
    </p>
   </div>
   <div class='ocr_carea' id='block_1_80' title="bbox 2315 3873 3901 3961">
    <p class='ocr_par' dir='ltr' id='par_1_80' title="bbox 2315 3873 3901 3961">
     <span class='ocr_line' id='line_1_80' title="bbox 2315 3873 3901 3961; baseline -0.003 -18"><span class='ocrx_word' id='word_1_587' title='bbox 2315 3882 2458 3943; x_wconf 72' lang='grc' dir='ltr'>εἷναί</span> <span class='ocrx_word' id='word_1_588' title='bbox 2493 3873 3045 3961; x_wconf 64' lang='grc' dir='ltr'>(θαμίν’ἀγιοπρεπῆ,</span> <span class='ocrx_word' id='word_1_589' title='bbox 3073 3888 3172 3959; x_wconf 85' lang='grc' dir='ltr'>τὴν</span> <span class='ocrx_word' id='word_1_590' title='bbox 3228 3888 3295 3941; x_wconf 76' lang='grc' dir='ltr'><strong>ὲκ</strong></span> <span class='ocrx_word' id='word_1_591' title='bbox 3333 3885 3578 3958; x_wconf 79' lang='grc' dir='ltr'>καθαροῦ</span> <span class='ocrx_word' id='word_1_592' title='bbox 3609 3886 3901 3949; x_wconf 71' lang='grc' dir='ltr'>συνειδότος</span> 
     </span>
    </p>
   </div>
   <div class='ocr_carea' id='block_1_81' title="bbox 2319 3978 3902 4051">
    <p class='ocr_par' dir='ltr' id='par_1_81' title="bbox 2319 3978 3902 4051">
     <span class='ocr_line' id='line_1_81' title="bbox 2319 3978 3902 4051; baseline -0.003 -19"><span class='ocrx_word' id='word_1_593' title='bbox 2319 3978 2765 4051; x_wconf 61' lang='grc' dir='ltr'>ἐπιτελουμένην</span> <span class='ocrx_word' id='word_1_594' title='bbox 2798 3980 2865 4048; x_wconf 77' lang='grc' dir='ltr'>ἥν</span> <span class='ocrx_word' id='word_1_595' title='bbox 2916 3979 2983 4033; x_wconf 76' lang='grc' dir='ltr'><strong>ἀν</strong></span> <span class='ocrx_word' id='word_1_596' title='bbox 3030 3995 3116 4042; x_wconf 87' lang='grc' dir='ltr'><strong>τις</strong></span> <span class='ocrx_word' id='word_1_597' title='bbox 3164 3978 3371 4032; x_wconf 80' lang='grc' dir='ltr'>ποιοῖτο</span> <span class='ocrx_word' id='word_1_598' title='bbox 3422 3980 3902 4047; x_wconf 72' lang='grc' dir='ltr'>προαποφοιτήσας</span> 
     </span>
    </p>
   </div>
   <div class='ocr_carea' id='block_1_82' title="bbox 2317 4067 3902 4139">
    <p class='ocr_par' dir='ltr' id='par_1_82' title="bbox 2317 4067 3902 4139">
     <span class='ocr_line' id='line_1_82' title="bbox 2317 4067 3902 4139; baseline 0.001 -18"><span class='ocrx_word' id='word_1_599' title='bbox 2317 4068 2587 4133; x_wconf 81' lang='grc' dir='ltr'>εὐσθενῶς</span> <span class='ocrx_word' id='word_1_600' title='bbox 2618 4069 2726 4122; x_wconf 83' lang='grc' dir='ltr'>τῶν</span> <span class='ocrx_word' id='word_1_601' title='bbox 2766 4069 2869 4139; x_wconf 78' lang='grc' dir='ltr'><strong>τῆς</strong></span> <span class='ocrx_word' id='word_1_602' title='bbox 2908 4067 3243 4139; x_wconf 83' lang='grc' dir='ltr'>φαυλότητος</span> <span class='ocrx_word' id='word_1_603' title='bbox 3273 4067 3528 4138; x_wconf 83' lang='grc' dir='ltr'>τρόπων,</span> <span class='ocrx_word' id='word_1_604' title='bbox 3576 4068 3679 4122; x_wconf 71' lang='grc' dir='ltr'><strong>καὶ</strong></span> <span class='ocrx_word' id='word_1_605' title='bbox 3733 4072 3902 4122; x_wconf 75' lang='grc' dir='ltr'>πᾶσαν</span> 
     </span>
    </p>
   </div>
   <div class='ocr_carea' id='block_1_83' title="bbox 2318 4155 3907 4228">
    <p class='ocr_par' dir='ltr' id='par_1_83' title="bbox 2318 4155 3907 4228">
     <span class='ocr_line' id='line_1_83' title="bbox 2318 4155 3907 4228; baseline -0.001 -17"><span class='ocrx_word' id='word_1_606' title='bbox 2318 4158 2511 4228; x_wconf 73' lang='grc' dir='ltr'>κηλῖδα</span> <span class='ocrx_word' id='word_1_607' title='bbox 2549 4158 2649 4227; x_wconf 80' lang='grc' dir='ltr'>τῆς</span> <span class='ocrx_word' id='word_1_608' title='bbox 2701 4156 2897 4211; x_wconf 69' lang='grc' dir='ltr'>ἑαυτοῦ</span> <span class='ocrx_word' id='word_1_609' title='bbox 2940 4155 3184 4220; x_wconf 86' lang='grc' dir='ltr'>διανοίας</span> <span class='ocrx_word' id='word_1_610' title='bbox 3230 4155 3733 4226; x_wconf 72' lang='grc' dir='ltr'>ἀποπεμψάμενος,</span> <span class='ocrx_word' id='word_1_611' title='bbox 3780 4156 3907 4209; x_wconf 76' lang='grc' dir='ltr'>ἀπο-</span> 
     </span>
    </p>
   </div>
   <div class='ocr_carea' id='block_1_84' title="bbox 2315 4246 3906 4323">
    <p class='ocr_par' dir='ltr' id='par_1_84' title="bbox 2315 4246 3906 4323">
     <span class='ocr_line' id='line_1_84' title="bbox 2315 4246 3906 4323; baseline -0.004 -17"><span class='ocrx_word' id='word_1_612' title='bbox 2315 4250 2648 4323; x_wconf 75' lang='grc' dir='ltr'>τριψάμενος</span> <span class='ocrx_word' id='word_1_613' title='bbox 2697 4267 2757 4304; x_wconf 88' lang='grc' dir='ltr'><strong>τε</strong></span> <span class='ocrx_word' id='word_1_614' title='bbox 2800 4251 2901 4322; x_wconf 79' lang='grc' dir='ltr'>τῇς</span> <span class='ocrx_word' id='word_1_615' title='bbox 2949 4246 3303 4318; x_wconf 80' lang='grc' dir='ltr'>φιλοσαρκίας</span> <span class='ocrx_word' id='word_1_616' title='bbox 3362 4248 3491 4310; x_wconf 75' lang='grc' dir='ltr'>τοὺς</span> <span class='ocrx_word' id='word_1_617' title='bbox 3547 4246 3784 4318; x_wconf 71' lang='grc' dir='ltr'>ῥύπους,</span> <span class='ocrx_word' id='word_1_618' title='bbox 3817 4246 3906 4300; x_wconf 73' lang='grc' dir='ltr'><strong>καὶ</strong></span> 
     </span>
    </p>
   </div>
   <div class='ocr_carea' id='block_1_85' title="bbox 2319 4335 3905 4409">
    <p class='ocr_par' dir='ltr' id='par_1_85' title="bbox 2319 4335 3905 4409">
     <span class='ocr_line' id='line_1_85' title="bbox 2319 4335 3905 4409; baseline -0.003 -17"><span class='ocrx_word' id='word_1_619' title='bbox 2319 4339 2611 4409; x_wconf 77' lang='grc' dir='ltr'>νιψάμενος</span> <span class='ocrx_word' id='word_1_620' title='bbox 2633 4341 2691 4393; x_wconf 79' lang='grc' dir='ltr'>ὲν</span> <span class='ocrx_word' id='word_1_621' title='bbox 2720 4336 2920 4401; x_wconf 85' lang='grc' dir='ltr'>ἀθώοις</span> <span class='ocrx_word' id='word_1_622' title='bbox 2943 4337 3045 4401; x_wconf 84' lang='grc' dir='ltr'>τὰς</span> <span class='ocrx_word' id='word_1_623' title='bbox 3102 4339 3313 4407; x_wconf 81' lang='grc' dir='ltr'>χεῖρας,</span> <span class='ocrx_word' id='word_1_624' title='bbox 3354 4336 3499 4390; x_wconf 83' lang='grc' dir='ltr'>κατά</span> <span class='ocrx_word' id='word_1_625' title='bbox 3548 4335 3614 4389; x_wconf 70' lang='grc' dir='ltr'>τὸ</span> <span class='ocrx_word' id='word_1_626' title='bbox 3663 4352 3905 4407; x_wconf 76' lang='grc' dir='ltr'>γεγραμο</span> 
     </span>
    </p>
   </div>
   <div class='ocr_carea' id='block_1_86' title="bbox 2322 4425 3904 4499">
    <p class='ocr_par' dir='ltr' id='par_1_86' title="bbox 2322 4425 3904 4499">
     <span class='ocr_line' id='line_1_86' title="bbox 2322 4425 3904 4499; baseline -0.001 -17"><span class='ocrx_word' id='word_1_627' title='bbox 2322 4428 2501 4499; x_wconf 75' lang='grc' dir='ltr'>μένοψ</span> <span class='ocrx_word' id='word_1_628' title='bbox 2532 4428 2630 4483; x_wconf 75' lang='grc' dir='ltr'><strong>καὶ</strong></span> <span class='ocrx_word' id='word_1_629' title='bbox 2655 4427 3014 4494; x_wconf 72' lang='grc' dir='ltr'>ἁπαξαπλῶς,</span> <span class='ocrx_word' id='word_1_630' title='bbox 3051 4426 3272 4497; x_wconf 77' lang='grc' dir='ltr'>ἁπάσης</span> <span class='ocrx_word' id='word_1_631' title='bbox 3313 4425 3694 4498; x_wconf 80' lang='grc' dir='ltr'>ἀγαθουργίας</span> <span class='ocrx_word' id='word_1_632' title='bbox 3750 4431 3904 4497; x_wconf 76' lang='grc' dir='ltr'><strong>ἐκμι-</strong></span> 
     </span>
    </p>
   </div>
   <div class='ocr_carea' id='block_1_87' title="bbox 631 4509 2210 4593">
    <p class='ocr_par' dir='ltr' id='par_1_87' title="bbox 631 4509 2210 4583">
     <span class='ocr_line' id='line_1_87' title="bbox 631 4509 2210 4583; baseline 0 -15"><span class='ocrx_word' id='word_1_633' title='bbox 631 4514 862 4583; x_wconf 84' lang='lat' dir='ltr'><strong>iejunii:</strong></span> <span class='ocrx_word' id='word_1_634' title='bbox 898 4521 952 4567; x_wconf 89' lang='lat' dir='ltr'><strong>et</strong></span> <span class='ocrx_word' id='word_1_635' title='bbox 983 4527 1103 4567; x_wconf 90' lang='lat' dir='ltr'><strong>cum</strong></span> <span class='ocrx_word' id='word_1_636' title='bbox 1134 4512 1270 4567; x_wconf 85' lang='lat' dir='ltr'><strong>nihil</strong></span> <span class='ocrx_word' id='word_1_637' title='bbox 1299 4510 1525 4567; x_wconf 92' lang='lat' dir='ltr'><strong>omnino</strong></span> <span class='ocrx_word' id='word_1_638' title='bbox 1554 4510 1753 4566; x_wconf 88' lang='lat' dir='ltr'><strong>habeat</strong></span> <span class='ocrx_word' id='word_1_639' title='bbox 1791 4509 2046 4566; x_wconf 88' lang='lat' dir='ltr'><strong>decorum</strong></span> <span class='ocrx_word' id='word_1_640' title='bbox 2078 4511 2125 4567; x_wconf 91' lang='lat' dir='ltr'><strong>ei</strong></span> <span class='ocrx_word' id='word_1_641' title='bbox 2156 4527 2210 4568; x_wconf 86' lang='lat' dir='ltr'><strong>ac</strong></span> 
     </span>
    </p>
   </div>
   <div class='ocr_carea' id='block_1_88' title="bbox 2316 4509 3901 4593">
    <p class='ocr_par' dir='ltr' id='par_1_88' title="bbox 2322 4514 3901 4593">
     <span class='ocr_line' id='line_1_88' title="bbox 2322 4514 3901 4593; baseline -0.001 -19"><span class='ocrx_word' id='word_1_642' title='bbox 2322 4519 2486 4593; x_wconf 82' lang='grc' dir='ltr'>λητὴς</span> <span class='ocrx_word' id='word_1_643' title='bbox 2513 4520 2979 4591; x_wconf 83' lang='grc' dir='ltr'>ἀναδεδειγμένος.</span> <span class='ocrx_word' id='word_1_644' title='bbox 3017 4518 3080 4572; x_wconf 87' lang='grc' dir='ltr'><strong>Ἦ</strong></span> <span class='ocrx_word' id='word_1_645' title='bbox 3129 4518 3188 4571; x_wconf 73' lang='grc' dir='ltr'>δὲ</span> <span class='ocrx_word' id='word_1_646' title='bbox 3229 4518 3332 4571; x_wconf 82' lang='grc' dir='ltr'><strong>οὐκ</strong></span> <span class='ocrx_word' id='word_1_647' title='bbox 3360 4514 3501 4572; x_wconf 76' lang='grc' dir='ltr'>οὖσα</span> <span class='ocrx_word' id='word_1_648' title='bbox 3526 4518 3780 4589; x_wconf 79' lang='grc' dir='ltr'>τοιαύτη,</span> <span class='ocrx_word' id='word_1_649' title='bbox 3812 4536 3901 4572; x_wconf 70' lang='grc' dir='ltr'>τα·</span> 
     </span>
    </p>
   </div>
   <div class='ocr_carea' id='block_1_89' title="bbox 629 4601 2210 4675">
    <p class='ocr_par' dir='ltr' id='par_1_89' title="bbox 629 4601 2210 4675">
     <span class='ocr_line' id='line_1_89' title="bbox 629 4601 2210 4675; baseline 0.001 -15"><span class='ocrx_word' id='word_1_650' title='bbox 629 4618 965 4675; x_wconf 76' lang='lat' dir='ltr'><strong>congruens,</strong></span> <span class='ocrx_word' id='word_1_651' title='bbox 999 4601 1205 4657; x_wconf 89' lang='lat' dir='ltr'><strong>ridetur</strong></span> <span class='ocrx_word' id='word_1_652' title='bbox 1246 4611 1301 4658; x_wconf 89' lang='lat' dir='ltr'><strong>et</strong></span> <span class='ocrx_word' id='word_1_653' title='bbox 1343 4611 1501 4671; x_wconf 92' lang='lat' dir='ltr'><strong>turpe</strong></span> <span class='ocrx_word' id='word_1_654' title='bbox 1546 4602 1797 4661; x_wconf 86' lang='lat' dir='ltr'><strong>habetur.</strong></span> <span class='ocrx_word' id='word_1_655' title='bbox 1830 4602 1968 4659; x_wconf 85' lang='lat' dir='ltr'><strong>Nam</strong></span> <span class='ocrx_word' id='word_1_656' title='bbox 2011 4605 2210 4675; x_wconf 90' lang='lat' dir='ltr'><strong>quibus</strong></span> 
     </span>
    </p>
   </div>
   <div class='ocr_carea' id='block_1_90' title="bbox 631 4693 2212 4768">
    <p class='ocr_par' dir='ltr' id='par_1_90' title="bbox 631 4693 2212 4768">
     <span class='ocr_line' id='line_1_90' title="bbox 631 4693 2212 4768; baseline 0.001 -17"><span class='ocrx_word' id='word_1_657' title='bbox 631 4698 762 4751; x_wconf 81' lang='lat' dir='ltr'><strong>nihil</strong></span> <span class='ocrx_word' id='word_1_658' title='bbox 791 4710 934 4751; x_wconf 78' lang='lat' dir='ltr'><strong>cura:</strong></span> <span class='ocrx_word' id='word_1_659' title='bbox 962 4704 1044 4750; x_wconf 89' lang='lat' dir='ltr'><strong>est</strong></span> <span class='ocrx_word' id='word_1_660' title='bbox 1069 4703 1128 4748; x_wconf 91' lang='lat' dir='ltr'><strong>ut</strong></span> <span class='ocrx_word' id='word_1_661' title='bbox 1158 4693 1313 4765; x_wconf 86' lang='lat' dir='ltr'><strong>probi</strong></span> <span class='ocrx_word' id='word_1_662' title='bbox 1342 4709 1406 4752; x_wconf 89' lang='lat' dir='ltr'><strong>ac</strong></span> <span class='ocrx_word' id='word_1_663' title='bbox 1434 4694 1561 4751; x_wconf 91' lang='lat' dir='ltr'><strong>boni</strong></span> <span class='ocrx_word' id='word_1_664' title='bbox 1594 4697 1732 4761; x_wconf 75' lang='lat' dir='ltr'><strong>sint,</strong></span> <span class='ocrx_word' id='word_1_665' title='bbox 1750 4710 1813 4751; x_wconf 90' lang='lat' dir='ltr'><strong>ac</strong></span> <span class='ocrx_word' id='word_1_666' title='bbox 1842 4696 2043 4752; x_wconf 85' lang='lat' dir='ltr'><strong>nullam</strong></span> <span class='ocrx_word' id='word_1_667' title='bbox 2075 4713 2212 4768; x_wconf 74' lang='lat' dir='ltr'><strong>prte-</strong></span> 
     </span>
    </p>
   </div>
   <div class='ocr_carea' id='block_1_91' title="bbox 633 4790 2211 4862">
    <p class='ocr_par' dir='ltr' id='par_1_91' title="bbox 633 4790 2211 4862">
     <span class='ocr_line' id='line_1_91' title="bbox 633 4790 2211 4862; baseline 0.003 -15"><span class='ocrx_word' id='word_1_668' title='bbox 633 4794 796 4847; x_wconf 79' lang='lat' dir='ltr'><strong>clara:</strong></span> <span class='ocrx_word' id='word_1_669' title='bbox 840 4792 1058 4847; x_wconf 84' lang='lat' dir='ltr'><strong>virtutis</strong></span> <span class='ocrx_word' id='word_1_670' title='bbox 1101 4790 1549 4862; x_wconf 79' lang='lat' dir='ltr'><strong>signiﬁcationem</strong></span> <span class='ocrx_word' id='word_1_671' title='bbox 1593 4793 1789 4859; x_wconf 87' lang='lat' dir='ltr'><strong>edunt,</strong></span> <span class='ocrx_word' id='word_1_672' title='bbox 1823 4794 2211 4851; x_wconf 84' lang='lat' dir='ltr'><strong>abstinentiam</strong></span> 
     </span>
    </p>
   </div>
   <div class='ocr_carea' id='block_1_92' title="bbox 632 4882 2211 4951">
    <p class='ocr_par' dir='ltr' id='par_1_92' title="bbox 632 4882 2211 4951">
     <span class='ocr_line' id='line_1_92' title="bbox 632 4882 2211 4951; baseline 0.003 -14"><span class='ocrx_word' id='word_1_673' title='bbox 632 4896 813 4939; x_wconf 85' lang='lat' dir='ltr'><strong>tamen</strong></span> <span class='ocrx_word' id='word_1_674' title='bbox 860 4884 969 4938; x_wconf 88' lang='lat' dir='ltr'><strong>cibi</strong></span> <span class='ocrx_word' id='word_1_675' title='bbox 1019 4892 1075 4938; x_wconf 89' lang='lat' dir='ltr'><strong>et</strong></span> <span class='ocrx_word' id='word_1_676' title='bbox 1125 4882 1357 4937; x_wconf 85' lang='lat' dir='ltr'><strong>inediam</strong></span> <span class='ocrx_word' id='word_1_677' title='bbox 1409 4883 1797 4939; x_wconf 83' lang='lat' dir='ltr'><strong>infructuosam</strong></span> <span class='ocrx_word' id='word_1_678' title='bbox 1844 4893 1901 4940; x_wconf 90' lang='lat' dir='ltr'><strong>et</strong></span> <span class='ocrx_word' id='word_1_679' title='bbox 1944 4885 2211 4951; x_wconf 79' lang='lat' dir='ltr'><strong>inutilem.</strong></span> 
     </span>
    </p>
   </div>
   <div class='ocr_carea' id='block_1_93' title="bbox 633 4974 2210 5046">
    <p class='ocr_par' dir='ltr' id='par_1_93' title="bbox 633 4974 2210 5046">
     <span class='ocr_line' id='line_1_93' title="bbox 633 4974 2210 5046; baseline 0.001 -15"><span class='ocrx_word' id='word_1_680' title='bbox 633 4987 887 5045; x_wconf 89' lang='lat' dir='ltr'><strong>tanquam</strong></span> <span class='ocrx_word' id='word_1_681' title='bbox 942 4990 1055 5028; x_wconf 90' lang='lat' dir='ltr'><strong>rem</strong></span> <span class='ocrx_word' id='word_1_682' title='bbox 1106 4975 1367 5043; x_wconf 75' lang='lat' dir='ltr'><strong>insignem</strong></span> <span class='ocrx_word' id='word_1_683' title='bbox 1417 4983 1473 5029; x_wconf 88' lang='lat' dir='ltr'><strong>et</strong></span> <span class='ocrx_word' id='word_1_684' title='bbox 1509 4974 1650 5044; x_wconf 87' lang='lat' dir='ltr'><strong>apttd</strong></span> <span class='ocrx_word' id='word_1_685' title='bbox 1697 4974 1869 5031; x_wconf 89' lang='lat' dir='ltr'><strong>Deum</strong></span> <span class='ocrx_word' id='word_1_686' title='bbox 1919 4976 2210 5046; x_wconf 85' lang='lat' dir='ltr'><strong>pretiosam</strong></span> 
     </span>
    </p>
   </div>
   <div class='ocr_carea' id='block_1_94' title="bbox 632 5066 2215 5142">
    <p class='ocr_par' dir='ltr' id='par_1_94' title="bbox 632 5066 2215 5142">
     <span class='ocr_line' id='line_1_94' title="bbox 632 5066 2215 5142; baseline 0.002 -21"><span class='ocrx_word' id='word_1_687' title='bbox 632 5076 890 5121; x_wconf 78' lang='lat' dir='ltr'><strong>exercent</strong></span> <span class='ocrx_word' id='word_1_688' title='bbox 937 5084 951 5121; x_wconf 93' lang='lat'>:</span> <span class='ocrx_word' id='word_1_689' title='bbox 1030 5066 1084 5121; x_wconf 87' lang='lat' dir='ltr'><strong>bi</strong></span> <span class='ocrx_word' id='word_1_690' title='bbox 1131 5067 1349 5138; x_wconf 85' lang='lat' dir='ltr'><strong>quidem</strong></span> <span class='ocrx_word' id='word_1_691' title='bbox 1388 5067 1625 5123; x_wconf 87' lang='lat' dir='ltr'><strong>inaniter</strong></span> <span class='ocrx_word' id='word_1_692' title='bbox 1674 5067 1885 5139; x_wconf 66' lang='lat' dir='ltr'><strong>pugiles</strong></span> <span class='ocrx_word' id='word_1_693' title='bbox 1926 5080 2215 5142; x_wconf 71' lang='lat' dir='ltr'><strong>agunt,et</strong></span> 
     </span>
    </p>
   </div>
   <div class='ocr_carea' id='block_1_95' title="bbox 633 5160 2215 5235">
    <p class='ocr_par' dir='ltr' id='par_1_95' title="bbox 633 5160 2215 5235">
     <span class='ocr_line' id='line_1_95' title="bbox 633 5160 2215 5235; baseline 0.003 -19"><span class='ocrx_word' id='word_1_694' title='bbox 633 5175 812 5217; x_wconf 85' lang='lat' dir='ltr'><strong>aerem</strong></span> <span class='ocrx_word' id='word_1_695' title='bbox 856 5161 1169 5216; x_wconf 85' lang='lat' dir='ltr'><strong>verberant.</strong></span> <span class='ocrx_word' id='word_1_696' title='bbox 1205 5160 1322 5216; x_wconf 79' lang='lat' dir='ltr'><strong>Non</strong></span> <span class='ocrx_word' id='word_1_697' title='bbox 1367 5160 1513 5219; x_wconf 91' lang='lat' dir='ltr'><strong>enim</strong></span> <span class='ocrx_word' id='word_1_698' title='bbox 1559 5161 1712 5219; x_wconf 87' lang='lat' dir='ltr'><strong>labor</strong></span> <span class='ocrx_word' id='word_1_699' title='bbox 1754 5177 1942 5221; x_wconf 77' lang='lat' dir='ltr'><strong>eorum</strong></span> <span class='ocrx_word' id='word_1_700' title='bbox 1990 5163 2215 5235; x_wconf 69' lang='lat' dir='ltr'><strong>prtemio</strong></span> 
     </span>
    </p>
   </div>
   <div class='ocr_carea' id='block_1_96' title="bbox 632 5254 2215 5325">
    <p class='ocr_par' dir='ltr' id='par_1_96' title="bbox 632 5254 2215 5325">
     <span class='ocr_line' id='line_1_96' title="bbox 632 5254 2215 5325; baseline 0.004 -17"><span class='ocrx_word' id='word_1_701' title='bbox 632 5254 882 5319; x_wconf 77' lang='lat' dir='ltr'><strong>aﬂicitur,</strong></span> <span class='ocrx_word' id='word_1_702' title='bbox 908 5256 1034 5325; x_wconf 90' lang='lat' dir='ltr'><strong>quia</strong></span> <span class='ocrx_word' id='word_1_703' title='bbox 1071 5256 1243 5311; x_wconf 88' lang='lat' dir='ltr'><strong>etiam.</strong></span> <span class='ocrx_word' id='word_1_704' title='bbox 1273 5255 1381 5310; x_wconf 87' lang='lat' dir='ltr'><strong>Deo</strong></span> <span class='ocrx_word' id='word_1_705' title='bbox 1414 5264 1670 5325; x_wconf 74' lang='lat' dir='ltr'><strong>acceptus</strong></span> <span class='ocrx_word' id='word_1_706' title='bbox 1739 5271 1845 5311; x_wconf 90' lang='lat' dir='ltr'><strong>nou</strong></span> <span class='ocrx_word' id='word_1_707' title='bbox 1876 5266 1979 5313; x_wconf 86' lang='lat' dir='ltr'><strong>est.</strong></span> <span class='ocrx_word' id='word_1_708' title='bbox 2035 5259 2215 5325; x_wconf 82' lang='lat' dir='ltr'><strong>Quane</strong></span> 
     </span>
    </p>
   </div>
   <div class='ocr_carea' id='block_1_97' title="bbox 634 5346 2214 5417">
    <p class='ocr_par' dir='ltr' id='par_1_97' title="bbox 634 5346 2214 5417">
     <span class='ocr_line' id='line_1_97' title="bbox 634 5346 2214 5417; baseline 0.001 -14"><span class='ocrx_word' id='word_1_709' title='bbox 634 5348 798 5417; x_wconf 78' lang='lat' dir='ltr'><strong>igitur</strong></span> <span class='ocrx_word' id='word_1_710' title='bbox 845 5361 990 5402; x_wconf 87' lang='lat' dir='ltr'><strong>nunc</strong></span> <span class='ocrx_word' id='word_1_711' title='bbox 1041 5346 1170 5402; x_wconf 88' lang='lat' dir='ltr'><strong>tnihi</strong></span> <span class='ocrx_word' id='word_1_712' title='bbox 1219 5346 1500 5416; x_wconf 84' lang='lat' dir='ltr'><strong>ieiunatis,</strong></span> <span class='ocrx_word' id='word_1_713' title='bbox 1533 5347 1730 5417; x_wconf 84' lang='lat' dir='ltr'><strong>inquit,</strong></span> <span class='ocrx_word' id='word_1_714' title='bbox 1765 5357 1823 5402; x_wconf 88' lang='lat' dir='ltr'><strong>ut</strong></span> <span class='ocrx_word' id='word_1_715' title='bbox 1876 5348 1928 5403; x_wconf 92' lang='lat' dir='ltr'><strong>in</strong></span> <span class='ocrx_word' id='word_1_716' title='bbox 1970 5348 2059 5405; x_wconf 89' lang='lat' dir='ltr'><strong>die</strong></span> <span class='ocrx_word' id='word_1_717' title='bbox 2109 5365 2214 5405; x_wconf 76' lang='lat' dir='ltr'><strong>una</strong></span> 
     </span>
    </p>
   </div>
   <div class='ocr_carea' id='block_1_98' title="bbox 630 5438 2216 5508">
    <p class='ocr_par' dir='ltr' id='par_1_98' title="bbox 630 5438 2216 5508">
     <span class='ocr_line' id='line_1_98' title="bbox 630 5438 2216 5508; baseline 0 -13"><span class='ocrx_word' id='word_1_718' title='bbox 630 5440 839 5495; x_wconf 81' lang='lat' dir='ltr'><strong>clamor</strong></span> <span class='ocrx_word' id='word_1_719' title='bbox 862 5438 1013 5494; x_wconf 87' lang='lat' dir='ltr'><strong>vocis</strong></span> <span class='ocrx_word' id='word_1_720' title='bbox 1042 5449 1233 5495; x_wconf 60' lang='lat' dir='ltr'><strong>vestra:</strong></span> <span class='ocrx_word' id='word_1_721' title='bbox 1260 5438 1545 5495; x_wconf 71' lang='lat' dir='ltr'><strong>audiatur?</strong></span> <span class='ocrx_word' id='word_1_722' title='bbox 1574 5459 1594 5493; x_wconf 74' lang='grc' dir='ltr'><strong>ο</strong></span> <span class='ocrx_word' id='word_1_723' title='bbox 1624 5438 1928 5495; x_wconf 85' lang='lat' dir='ltr'><strong>Clamorem</strong></span> <span class='ocrx_word' id='word_1_724' title='bbox 1958 5440 2108 5508; x_wconf 83' lang='lat' dir='ltr'><strong>dicit,</strong></span> <span class='ocrx_word' id='word_1_725' title='bbox 2132 5441 2216 5496; x_wconf 86' lang='lat' dir='ltr'><strong>vel</strong></span> 
     </span>
    </p>
   </div>
   <div class='ocr_carea' id='block_1_99' title="bbox 601 5530 2215 5603">
    <p class='ocr_par' dir='ltr' id='par_1_99' title="bbox 601 5530 2215 5603">
     <span class='ocr_line' id='line_1_99' title="bbox 601 5530 2215 5603; baseline 0.001 -18"><span class='ocrx_word' id='word_1_726' title='bbox 601 5530 1024 5601; x_wconf 76' lang='lat' dir='ltr'><strong>precationem,</strong></span> <span class='ocrx_word' id='word_1_727' title='bbox 1068 5546 1190 5587; x_wconf 85' lang='lat' dir='ltr'><strong>cum</strong></span> <span class='ocrx_word' id='word_1_728' title='bbox 1237 5530 1410 5586; x_wconf 79' lang='lat' dir='ltr'><strong>inutili</strong></span> <span class='ocrx_word' id='word_1_729' title='bbox 1445 5530 1653 5603; x_wconf 87' lang='lat' dir='ltr'><strong>jejunio</strong></span> <span class='ocrx_word' id='word_1_730' title='bbox 1693 5530 2074 5600; x_wconf 81' lang='lat' dir='ltr'><strong>coniunctam,</strong></span> <span class='ocrx_word' id='word_1_731' title='bbox 2127 5532 2215 5587; x_wconf 84' lang='lat' dir='ltr'><strong>vel</strong></span> 
     </span>
    </p>
   </div>
   <div class='ocr_carea' id='block_1_100' title="bbox 634 5620 2217 5694">
    <p class='ocr_par' dir='ltr' id='par_1_100' title="bbox 634 5620 2217 5694">
     <span class='ocr_line' id='line_1_100' title="bbox 634 5620 2217 5694; baseline 0 -17"><span class='ocrx_word' id='word_1_732' title='bbox 634 5625 705 5677; x_wconf 87' lang='lat' dir='ltr'><strong>ab</strong></span> <span class='ocrx_word' id='word_1_733' title='bbox 738 5622 859 5691; x_wconf 84' lang='lat' dir='ltr'><strong>ipso</strong></span> <span class='ocrx_word' id='word_1_734' title='bbox 889 5637 1076 5692; x_wconf 86' lang='lat' dir='ltr'><strong>opere.</strong></span> <span class='ocrx_word' id='word_1_735' title='bbox 1096 5620 1308 5679; x_wconf 80' lang='lat' dir='ltr'><strong>Habere</strong></span> <span class='ocrx_word' id='word_1_736' title='bbox 1339 5622 1485 5680; x_wconf 88' lang='lat' dir='ltr'><strong>enim</strong></span> <span class='ocrx_word' id='word_1_737' title='bbox 1517 5624 1997 5679; x_wconf 81' lang='lat' dir='ltr'><strong>dicuntur-vocem</strong></span> <span class='ocrx_word' id='word_1_738' title='bbox 2024 5638 2217 5694; x_wconf 90' lang='lat' dir='ltr'><strong>quam-</strong></span> 
     </span>
    </p>
   </div>
   <div class='ocr_carea' id='block_1_101' title="bbox 631 5713 2216 5786">
    <p class='ocr_par' dir='ltr' id='par_1_101' title="bbox 631 5713 2216 5786">
     <span class='ocr_line' id='line_1_101' title="bbox 631 5713 2216 5786; baseline 0.002 -19"><span class='ocrx_word' id='word_1_739' title='bbox 631 5715 759 5767; x_wconf 87' lang='lat' dir='ltr'><strong>dam</strong></span> <span class='ocrx_word' id='word_1_740' title='bbox 802 5715 869 5768; x_wconf 85' lang='lat' dir='ltr'><strong>ad</strong></span> <span class='ocrx_word' id='word_1_741' title='bbox 915 5714 1083 5769; x_wconf 89' lang='lat' dir='ltr'><strong>Deum</strong></span> <span class='ocrx_word' id='word_1_742' title='bbox 1138 5729 1258 5786; x_wconf 72' lang='lat' dir='ltr'><strong>quae</strong></span> <span class='ocrx_word' id='word_1_743' title='bbox 1309 5729 1338 5770; x_wconf 86' lang='lat' dir='ltr'><strong>a</strong></span> <span class='ocrx_word' id='word_1_744' title='bbox 1392 5715 1547 5770; x_wconf 86' lang='lat' dir='ltr'><strong>nobis</strong></span> <span class='ocrx_word' id='word_1_745' title='bbox 1589 5715 1745 5779; x_wconf 79' lang='lat' dir='ltr'><strong>ﬁunt,</strong></span> <span class='ocrx_word' id='word_1_746' title='bbox 1769 5713 1923 5784; x_wconf 81' lang='lat' dir='ltr'><strong>iuxta</strong></span> <span class='ocrx_word' id='word_1_747' title='bbox 1971 5715 2025 5770; x_wconf 91' lang='lat' dir='ltr'><strong>id</strong></span> <span class='ocrx_word' id='word_1_748' title='bbox 2071 5717 2216 5785; x_wconf 89' lang='lat' dir='ltr'><strong>quod</strong></span> 
     </span>
    </p>
   </div>
   <div class='ocr_carea' id='block_1_102' title="bbox 637 5804 2212 5877">
    <p class='ocr_par' dir='ltr' id='par_1_102' title="bbox 637 5804 2212 5877">
     <span class='ocr_line' id='line_1_102' title="bbox 637 5804 2212 5877; baseline -0.001 -16"><span class='ocrx_word' id='word_1_749' title='bbox 637 5805 841 5861; x_wconf 86' lang='lat' dir='ltr'><strong>dictum</strong></span> <span class='ocrx_word' id='word_1_750' title='bbox 866 5816 949 5862; x_wconf 89' lang='lat' dir='ltr'><strong>est</strong></span> <span class='ocrx_word' id='word_1_751' title='bbox 976 5805 1146 5863; x_wconf 86' lang='lat' dir='ltr'><strong>Caino</strong></span> <span class='ocrx_word' id='word_1_752' title='bbox 1174 5807 1243 5863; x_wconf 90' lang='lat' dir='ltr'><strong>ab</strong></span> <span class='ocrx_word' id='word_1_753' title='bbox 1271 5821 1336 5864; x_wconf 91' lang='lat' dir='ltr'><strong>eo</strong></span> <span class='ocrx_word' id='word_1_754' title='bbox 1367 5824 1380 5862; x_wconf 90' lang='lat'><strong>:</strong></span> <span class='ocrx_word' id='word_1_755' title='bbox 1421 5825 1440 5860; x_wconf 77' lang='grc' dir='ltr'><strong>ι</strong></span> <span class='ocrx_word' id='word_1_756' title='bbox 1478 5804 1592 5863; x_wconf 78' lang='lat' dir='ltr'><strong>Vox</strong></span> <span class='ocrx_word' id='word_1_757' title='bbox 1621 5806 1898 5877; x_wconf 77' lang='lat' dir='ltr'><strong>sanguinis</strong></span> <span class='ocrx_word' id='word_1_758' title='bbox 1926 5806 2108 5864; x_wconf 79' lang='lat' dir='ltr'><strong>fratris</strong></span> <span class='ocrx_word' id='word_1_759' title='bbox 2135 5806 2212 5862; x_wconf 90' lang='lat' dir='ltr'><strong>tui</strong></span> 
     </span>
    </p>
   </div>
   <div class='ocr_carea' id='block_1_103' title="bbox 2316 4605 3902 4684">
    <p class='ocr_par' dir='ltr' id='par_1_103' title="bbox 2316 4605 3902 4684">
     <span class='ocr_line' id='line_1_103' title="bbox 2316 4605 3902 4684; baseline -0.001 -18"><span class='ocrx_word' id='word_1_760' title='bbox 2316 4612 2636 4684; x_wconf 83' lang='grc' dir='ltr'>πλανημένη</span> <span class='ocrx_word' id='word_1_761' title='bbox 2653 4611 2754 4682; x_wconf 71' lang='grc' dir='ltr'>μὶν</span> <span class='ocrx_word' id='word_1_762' title='bbox 2776 4610 3087 4681; x_wconf 81' lang='grc' dir='ltr'>ὥσπερ,καὶ</span> <span class='ocrx_word' id='word_1_763' title='bbox 3110 4611 3169 4662; x_wconf 82' lang='grc' dir='ltr'>ὲν</span> <span class='ocrx_word' id='word_1_764' title='bbox 3197 4609 3327 4662; x_wconf 72' lang='grc' dir='ltr'>εῖδει</span> <span class='ocrx_word' id='word_1_765' title='bbox 3352 4611 3451 4680; x_wconf 71' lang='grc' dir='ltr'>μὲν</span> <span class='ocrx_word' id='word_1_766' title='bbox 3466 4605 3608 4663; x_wconf 83' lang='grc' dir='ltr'>οὖσα</span> <span class='ocrx_word' id='word_1_767' title='bbox 3630 4610 3902 4681; x_wconf 76' lang='grc' dir='ltr'>νηστείας,</span> 
     </span>
    </p>
   </div>
   <div class='ocr_carea' id='block_1_104' title="bbox 2318 4700 3901 4777">
    <p class='ocr_par' dir='ltr' id='par_1_104' title="bbox 2318 4700 3901 4777">
     <span class='ocr_line' id='line_1_104' title="bbox 2318 4700 3901 4777; baseline -0.002 -17"><span class='ocrx_word' id='word_1_768' title='bbox 2318 4706 2515 4777; x_wconf 70' lang='grc' dir='ltr'>ἔχουσα</span> <span class='ocrx_word' id='word_1_769' title='bbox 2558 4704 2616 4759; x_wconf 83' lang='grc' dir='ltr'>δὲ</span> <span class='ocrx_word' id='word_1_770' title='bbox 2658 4702 2767 4758; x_wconf 81' lang='grc' dir='ltr'><strong>τῶν</strong></span> <span class='ocrx_word' id='word_1_771' title='bbox 2821 4703 2960 4774; x_wconf 78' lang='grc' dir='ltr'>αὐτῇ</span> <span class='ocrx_word' id='word_1_772' title='bbox 3001 4702 3322 4773; x_wconf 79' lang='grc' dir='ltr'>πρεπόντων</span> <span class='ocrx_word' id='word_1_773' title='bbox 3373 4700 3660 4767; x_wconf 77' lang='grc' dir='ltr'>παντελῶς</span> <span class='ocrx_word' id='word_1_774' title='bbox 3715 4702 3901 4767; x_wconf 78' lang='grc' dir='ltr'>οὐδὲν,</span> 
     </span>
    </p>
   </div>
   <div class='ocr_carea' id='block_1_105' title="bbox 2316 4789 3901 4867">
    <p class='ocr_par' dir='ltr' id='par_1_105' title="bbox 2316 4789 3901 4867">
     <span class='ocr_line' id='line_1_105' title="bbox 2316 4789 3901 4867; baseline -0.004 -15"><span class='ocrx_word' id='word_1_775' title='bbox 2316 4798 2453 4867; x_wconf 62' lang='lat' dir='ltr'><strong>me</strong></span> <span class='ocrx_word' id='word_1_776' title='bbox 2481 4813 2544 4851; x_wconf 83' lang='grc' dir='ltr'><strong>τε</strong></span> <span class='ocrx_word' id='word_1_777' title='bbox 2593 4796 2688 4853; x_wconf 78' lang='grc' dir='ltr'>καὶ</span> <span class='ocrx_word' id='word_1_778' title='bbox 2719 4797 3043 4867; x_wconf 81' lang='grc' dir='ltr'>ἀσχημονεῖ.</span> <span class='ocrx_word' id='word_1_779' title='bbox 3080 4795 3143 4848; x_wconf 85' lang='grc' dir='ltr'>Οί</span> <span class='ocrx_word' id='word_1_780' title='bbox 3164 4793 3276 4866; x_wconf 80' lang='grc' dir='ltr'><strong>γὰρ</strong></span> <span class='ocrx_word' id='word_1_781' title='bbox 3306 4794 3369 4846; x_wconf 83' lang='grc' dir='ltr'><strong>τδ</strong></span> <span class='ocrx_word' id='word_1_782' title='bbox 3396 4789 3538 4847; x_wconf 78' lang='grc' dir='ltr'>εἶναι</span> <span class='ocrx_word' id='word_1_783' title='bbox 3570 4795 3805 4865; x_wconf 75' lang='grc' dir='ltr'>χρηστοί</span> <span class='ocrx_word' id='word_1_784' title='bbox 3848 4811 3901 4846; x_wconf 86' lang='grc' dir='ltr'><strong>τε</strong></span> 
     </span>
    </p>
   </div>
   <div class='ocr_carea' id='block_1_106' title="bbox 2319 4885 3903 4957">
    <p class='ocr_par' dir='ltr' id='par_1_106' title="bbox 2319 4885 3903 4957">
     <span class='ocr_line' id='line_1_106' title="bbox 2319 4885 3903 4957; baseline -0.004 -13"><span class='ocrx_word' id='word_1_785' title='bbox 2319 4888 2414 4944; x_wconf 74' lang='grc' dir='ltr'>καὶ</span> <span class='ocrx_word' id='word_1_786' title='bbox 2435 4887 2631 4957; x_wconf 66' lang='grc' dir='ltr'>ἀγαθοὶ</span> <span class='ocrx_word' id='word_1_787' title='bbox 2646 4886 2927 4949; x_wconf 79' lang='grc' dir='ltr'>παντελῶς</span> <span class='ocrx_word' id='word_1_788' title='bbox 2953 4885 3193 4955; x_wconf 79' lang='grc' dir='ltr'>ὸλιγωρή</span> <span class='ocrx_word' id='word_1_789' title='bbox 3201 4901 3414 4948; x_wconf 82' lang='grc' dir='ltr'>σαντες,</span> <span class='ocrx_word' id='word_1_790' title='bbox 3432 4885 3657 4939; x_wconf 76' lang='grc' dir='ltr'>καὶτῶν</span> <span class='ocrx_word' id='word_1_791' title='bbox 3676 4887 3903 4957; x_wconf 76' lang='grc' dir='ltr'>ἀρίστων</span> 
     </span>
    </p>
   </div>
   <div class='ocr_carea' id='block_1_107' title="bbox 2317 4971 3900 5053">
    <p class='ocr_par' dir='ltr' id='par_1_107' title="bbox 2317 4971 3900 5053">
     <span class='ocr_line' id='line_1_107' title="bbox 2317 4971 3900 5053; baseline -0.006 -18"><span class='ocrx_word' id='word_1_792' title='bbox 2317 4978 2825 5053; x_wconf 79' lang='grc' dir='ltr'>ἀνδραγαθημάτων</span> <span class='ocrx_word' id='word_1_793' title='bbox 2855 4977 3007 5032; x_wconf 71' lang='grc' dir='ltr'>οὐδὲν</span> <span class='ocrx_word' id='word_1_794' title='bbox 3053 4976 3593 5048; x_wconf 80' lang='grc' dir='ltr'>προκατωρθωκὸτες</span> <span class='ocrx_word' id='word_1_795' title='bbox 3612 4993 3628 5008; x_wconf 88' lang='grc'><strong>·</strong></span> <span class='ocrx_word' id='word_1_796' title='bbox 3665 4971 3789 5029; x_wconf 68' lang='grc' dir='ltr'>εἶτα</span> <span class='ocrx_word' id='word_1_797' title='bbox 3816 4976 3900 5043; x_wconf 72' lang='grc' dir='ltr'><strong>τὴν</strong></span> 
     </span>
    </p>
   </div>
   <div class='ocr_carea' id='block_1_108' title="bbox 2319 5065 3901 5143">
    <p class='ocr_par' dir='ltr' id='par_1_108' title="bbox 2319 5065 3901 5143">
     <span class='ocr_line' id='line_1_108' title="bbox 2319 5065 3901 5143; baseline -0.003 -16"><span class='ocrx_word' id='word_1_798' title='bbox 2319 5072 2535 5127; x_wconf 85' lang='grc' dir='ltr'>ἀσιτίαν</span> <span class='ocrx_word' id='word_1_799' title='bbox 2558 5070 2662 5143; x_wconf 82' lang='grc' dir='ltr'><strong>τὴν</strong></span> <span class='ocrx_word' id='word_1_800' title='bbox 2688 5069 2917 5141; x_wconf 62' lang='grc' dir='ltr'>ἀκερδῐμ</span> <span class='ocrx_word' id='word_1_801' title='bbox 2943 5069 3042 5123; x_wconf 72' lang='grc' dir='ltr'><strong>καὶ</strong></span> <span class='ocrx_word' id='word_1_802' title='bbox 3064 5069 3345 5140; x_wconf 84' lang='grc' dir='ltr'>ἀνόνητον,</span> <span class='ocrx_word' id='word_1_803' title='bbox 3369 5065 3444 5131; x_wconf 73' lang='grc' dir='ltr'>ὡς</span> <span class='ocrx_word' id='word_1_804' title='bbox 3486 5070 3635 5138; x_wconf 78' lang='grc' dir='ltr'>μέγα</span> <span class='ocrx_word' id='word_1_805' title='bbox 3682 5086 3734 5122; x_wconf 88' lang='grc' dir='ltr'><strong>τι</strong></span> <span class='ocrx_word' id='word_1_806' title='bbox 3779 5067 3901 5137; x_wconf 71' lang='grc' dir='ltr'><strong>χρῆ-</strong></span> 
     </span>
    </p>
   </div>
   <div class='ocr_carea' id='block_1_109' title="bbox 2323 5158 3899 5233">
    <p class='ocr_par' dir='ltr' id='par_1_109' title="bbox 2323 5158 3899 5233">
     <span class='ocr_line' id='line_1_109' title="bbox 2323 5158 3899 5233; baseline -0.005 -17"><span class='ocrx_word' id='word_1_807' title='bbox 2323 5180 2401 5233; x_wconf 86' lang='grc' dir='ltr'><strong>μα</strong></span> <span class='ocrx_word' id='word_1_808' title='bbox 2441 5162 2538 5216; x_wconf 70' lang='grc' dir='ltr'>καὶ</span> <span class='ocrx_word' id='word_1_809' title='bbox 2560 5159 2856 5233; x_wconf 54' lang='grc' dir='ltr'>παρὰνΘεῷ</span> <span class='ocrx_word' id='word_1_810' title='bbox 2871 5161 3051 5231; x_wconf 83' lang='grc' dir='ltr'>τίμιον</span> <span class='ocrx_word' id='word_1_811' title='bbox 3071 5158 3650 5230; x_wconf 68' lang='grc' dir='ltr'>ὲπιτηδεύοντεςο-είκῆ</span> <span class='ocrx_word' id='word_1_812' title='bbox 3678 5158 3899 5212; x_wconf 80' lang='grc' dir='ltr'>πυκτεύ-</span> 
     </span>
    </p>
   </div>
   <div class='ocr_carea' id='block_1_110' title="bbox 2318 5250 3899 5325">
    <p class='ocr_par' dir='ltr' id='par_1_110' title="bbox 2318 5250 3899 5325">
     <span class='ocr_line' id='line_1_110' title="bbox 2318 5250 3899 5325; baseline -0.003 -17"><span class='ocrx_word' id='word_1_813' title='bbox 2318 5271 2461 5317; x_wconf 85' lang='grc' dir='ltr'>ουσι,</span> <span class='ocrx_word' id='word_1_814' title='bbox 2486 5255 2582 5307; x_wconf 79' lang='grc' dir='ltr'>καὶ</span> <span class='ocrx_word' id='word_1_815' title='bbox 2620 5255 2700 5317; x_wconf 79' lang='grc' dir='ltr'><strong>είς</strong></span> <span class='ocrx_word' id='word_1_816' title='bbox 2725 5252 2869 5325; x_wconf 82' lang='grc' dir='ltr'>ἀέρα</span> <span class='ocrx_word' id='word_1_817' title='bbox 2886 5252 3151 5322; x_wconf 82' lang='grc' dir='ltr'>δέρουσιν·</span> <span class='ocrx_word' id='word_1_818' title='bbox 3178 5252 3240 5305; x_wconf 84' lang='grc' dir='ltr'>οὺ</span> <span class='ocrx_word' id='word_1_819' title='bbox 3263 5252 3375 5324; x_wconf 77' lang='grc' dir='ltr'><strong>γὰρ</strong></span> <span class='ocrx_word' id='word_1_820' title='bbox 3400 5250 3670 5321; x_wconf 72' lang='grc' dir='ltr'>ἔμμισθος</span> <span class='ocrx_word' id='word_1_821' title='bbox 3696 5254 3726 5304; x_wconf 85' lang='grc' dir='ltr'>ὁ</span> <span class='ocrx_word' id='word_1_822' title='bbox 3752 5251 3899 5310; x_wconf 74' lang='grc' dir='ltr'>πόνος</span> 
     </span>
    </p>
   </div>
   <div class='ocr_carea' id='block_1_111' title="bbox 2319 5343 3899 5417">
    <p class='ocr_par' dir='ltr' id='par_1_111' title="bbox 2319 5343 3899 5417">
     <span class='ocr_line' id='line_1_111' title="bbox 2319 5343 3899 5417; baseline -0.003 -18"><span class='ocrx_word' id='word_1_823' title='bbox 2319 5345 2526 5408; x_wconf 83' lang='grc' dir='ltr'>αὐτοῖς,</span> <span class='ocrx_word' id='word_1_824' title='bbox 2557 5345 2641 5399; x_wconf 82' lang='grc' dir='ltr'>ὅτι</span> <span class='ocrx_word' id='word_1_825' title='bbox 2674 5345 2770 5399; x_wconf 77' lang='grc' dir='ltr'><strong>καὶ</strong></span> <span class='ocrx_word' id='word_1_826' title='bbox 2798 5345 3181 5417; x_wconf 63' lang='grc' dir='ltr'>ἀωράδεκτος</span> <span class='ocrx_word' id='word_1_827' title='bbox 3217 5343 3297 5415; x_wconf 80' lang='grc' dir='ltr'>τῷ</span> <span class='ocrx_word' id='word_1_828' title='bbox 3315 5344 3454 5415; x_wconf 53' lang='lat' dir='ltr'><strong>Qui).</strong></span> <span class='ocrx_word' id='word_1_829' title='bbox 3484 5345 3605 5397; x_wconf 81' lang='grc' dir='ltr'>Ἵνα</span> <span class='ocrx_word' id='word_1_830' title='bbox 3634 5344 3689 5397; x_wconf 89' lang='grc' dir='ltr'><strong>τί</strong></span> <span class='ocrx_word' id='word_1_831' title='bbox 3728 5343 3899 5395; x_wconf 76' lang='grc' dir='ltr'>τοίνυν</span> 
     </span>
    </p>
   </div>
   <div class='ocr_carea' id='block_1_112' title="bbox 2320 5435 3899 5510">
    <p class='ocr_par' dir='ltr' id='par_1_112' title="bbox 2320 5435 3899 5510">
     <span class='ocr_line' id='line_1_112' title="bbox 2320 5435 3899 5510; baseline -0.004 0"><span class='ocrx_word' id='word_1_832' title='bbox 2320 5437 2617 5510; x_wconf 70' lang='grc' dir='ltr'>νηστεύετέ</span> <span class='ocrx_word' id='word_1_833' title='bbox 2669 5455 2781 5510; x_wconf 74' lang='grc' dir='ltr'>μοιν</span> <span class='ocrx_word' id='word_1_834' title='bbox 2850 5437 3041 5509; x_wconf 48' lang='grc' dir='ltr'>φηνσὶνν</span> <span class='ocrx_word' id='word_1_835' title='bbox 3088 5438 3231 5491; x_wconf 71' lang='grc' dir='ltr'>ὥστε</span> <span class='ocrx_word' id='word_1_836' title='bbox 3292 5440 3353 5491; x_wconf 66' lang='grc' dir='ltr'>ἓν</span> <span class='ocrx_word' id='word_1_837' title='bbox 3414 5436 3605 5508; x_wconf 66' lang='grc' dir='ltr'><strong>ἡμέεςι</strong></span> <span class='ocrx_word' id='word_1_838' title='bbox 3654 5437 3754 5506; x_wconf 68' lang='grc' dir='ltr'>μιᾷ</span> <span class='ocrx_word' id='word_1_839' title='bbox 3808 5435 3899 5504; x_wconf 70' lang='grc' dir='ltr'><strong>τὴν</strong></span> 
     </span>
    </p>
   </div>
   <div class='ocr_carea' id='block_1_113' title="bbox 2321 5525 3900 5602">
    <p class='ocr_par' dir='ltr' id='par_1_113' title="bbox 2321 5525 3900 5602">
     <span class='ocr_line' id='line_1_113' title="bbox 2321 5525 3900 5602; baseline -0.003 -19"><span class='ocrx_word' id='word_1_840' title='bbox 2321 5530 2572 5602; x_wconf 79' lang='grc' dir='ltr'>κραυγὴν</span> <span class='ocrx_word' id='word_1_841' title='bbox 2601 5533 2709 5601; x_wconf 84' lang='grc' dir='ltr'><strong>τῆς</strong></span> <span class='ocrx_word' id='word_1_842' title='bbox 2738 5530 2925 5601; x_wconf 76' lang='grc' dir='ltr'>φωνῆς</span> <span class='ocrx_word' id='word_1_843' title='bbox 2954 5530 3110 5601; x_wconf 76' lang='grc' dir='ltr'>ὑμῶν</span> <span class='ocrx_word' id='word_1_844' title='bbox 3163 5528 3532 5599; x_wconf 76' lang='grc' dir='ltr'>ἀκουσθῆναις</span> <span class='ocrx_word' id='word_1_845' title='bbox 3562 5527 3826 5601; x_wconf 72' lang='grc' dir='ltr'>Κραυγήν</span> <span class='ocrx_word' id='word_1_846' title='bbox 3848 5525 3900 5578; x_wconf 66' lang='grc' dir='ltr'>δέ</span> 
     </span>
    </p>
   </div>
   <div class='ocr_carea' id='block_1_114' title="bbox 2322 5620 3899 5696">
    <p class='ocr_par' dir='ltr' id='par_1_114' title="bbox 2322 5620 3899 5696">
     <span class='ocr_line' id='line_1_114' title="bbox 2322 5620 3899 5696; baseline 0.002 -20"><span class='ocrx_word' id='word_1_847' title='bbox 2322 5639 2509 5692; x_wconf 84' lang='grc' dir='ltr'>φησιν,</span> <span class='ocrx_word' id='word_1_848' title='bbox 2540 5624 2661 5695; x_wconf 77' lang='grc' dir='ltr'>ἦτοι</span> <span class='ocrx_word' id='word_1_849' title='bbox 2701 5622 2801 5696; x_wconf 79' lang='grc' dir='ltr'><strong>τὴν</strong></span> <span class='ocrx_word' id='word_1_850' title='bbox 2826 5625 3135 5696; x_wconf 81' lang='grc' dir='ltr'>προσευχὴν</span> <span class='ocrx_word' id='word_1_851' title='bbox 3159 5624 3259 5696; x_wconf 72' lang='grc' dir='ltr'>τὴν</span> <span class='ocrx_word' id='word_1_852' title='bbox 3287 5622 3427 5695; x_wconf 85' lang='grc' dir='ltr'><strong>μετά</strong></span> <span class='ocrx_word' id='word_1_853' title='bbox 3461 5639 3548 5690; x_wconf 79' lang='grc' dir='ltr'><strong>γε,</strong></span> <span class='ocrx_word' id='word_1_854' title='bbox 3594 5622 3757 5692; x_wconf 70' lang='grc' dir='ltr'>φημὶ.</span> <span class='ocrx_word' id='word_1_855' title='bbox 3806 5620 3899 5688; x_wconf 74' lang='grc' dir='ltr'><strong>τῆς</strong></span> 
     </span>
    </p>
   </div>
   <div class='ocr_carea' id='block_1_115' title="bbox 2321 5711 3897 5789">
    <p class='ocr_par' dir='ltr' id='par_1_115' title="bbox 2321 5711 3897 5789">
     <span class='ocr_line' id='line_1_115' title="bbox 2321 5711 3897 5789; baseline -0.002 -21"><span class='ocrx_word' id='word_1_856' title='bbox 2321 5714 2631 5785; x_wconf 79' lang='grc' dir='ltr'>ἀνωφελοῦς</span> <span class='ocrx_word' id='word_1_857' title='bbox 2658 5715 2935 5787; x_wconf 87' lang='grc' dir='ltr'>νηστείας,</span> <span class='ocrx_word' id='word_1_858' title='bbox 2968 5718 3137 5789; x_wconf 72' lang='grc' dir='ltr'>ἤγουν</span> <span class='ocrx_word' id='word_1_859' title='bbox 3166 5715 3268 5788; x_wconf 80' lang='grc' dir='ltr'>τὴν</span> <span class='ocrx_word' id='word_1_860' title='bbox 3286 5716 3381 5769; x_wconf 79' lang='grc' dir='ltr'>ἀπ’</span> <span class='ocrx_word' id='word_1_861' title='bbox 3404 5712 3570 5767; x_wconf 83' lang='grc' dir='ltr'>αὐτοῦ</span> <span class='ocrx_word' id='word_1_862' title='bbox 3600 5712 3693 5766; x_wconf 85' lang='grc' dir='ltr'><strong>τοῦ</strong></span> <span class='ocrx_word' id='word_1_863' title='bbox 3721 5711 3897 5781; x_wconf 78' lang='grc' dir='ltr'>πράγ-</span> 
     </span>
    </p>
   </div>
   <div class='ocr_carea' id='block_1_116' title="bbox 2326 5802 3895 5881">
    <p class='ocr_par' dir='ltr' id='par_1_116' title="bbox 2326 5802 3895 5881">
     <span class='ocr_line' id='line_1_116' title="bbox 2326 5802 3895 5881; baseline -0.003 -19"><span class='ocrx_word' id='word_1_864' title='bbox 2326 5824 2513 5878; x_wconf 86' lang='grc' dir='ltr'>ματος.</span> <span class='ocrx_word' id='word_1_865' title='bbox 2544 5808 2731 5878; x_wconf 81' lang='grc' dir='ltr'>Ἐχειν</span> <span class='ocrx_word' id='word_1_866' title='bbox 2760 5810 2872 5881; x_wconf 81' lang='grc' dir='ltr'><strong>γάρ</strong></span> <span class='ocrx_word' id='word_1_867' title='bbox 2919 5827 3041 5867; x_wconf 71' lang='grc' dir='ltr'>τινα</span> <span class='ocrx_word' id='word_1_868' title='bbox 3073 5810 3323 5879; x_wconf 68' lang='grc' dir='ltr'>λέγονται</span> <span class='ocrx_word' id='word_1_869' title='bbox 3378 5805 3569 5878; x_wconf 77' lang='grc' dir='ltr'>φωνὴν</span> <span class='ocrx_word' id='word_1_870' title='bbox 3621 5804 3759 5875; x_wconf 70' lang='grc' dir='ltr'>πρὸς</span> <span class='ocrx_word' id='word_1_871' title='bbox 3807 5802 3895 5854; x_wconf 70' lang='grc' dir='ltr'>τὸν</span> 
     </span>
    </p>
   </div>
  </div>
