4106 6512
251 386 394 448 1288

1381 380 1447 434 IN
1503 379 1739 436 ISAIAM
1787 379 1918 436 LIB.
1961 380 2025 435 ι’.
2068 380 2305 437 TOMUS
2339 380 2430 436 Ill.

3398 374 3538 436 ιεεθ

251 500 386 555 Θεὸν
413 499 485 556 τά
509 500 768 575 δρώμενα
797 499 927 571 παρ’
961 495 1146 569 ἡμῶν,
1183 494 1326 551 κατά
1374 511 1440 565 γε
1467 494 1528 548 τὺ
1553 494 1843 566 εἰρημένον

1959 495 2145 552 :lanmt
2192 497 2262 552 ad
2312 512 2399 552 me
2443 496 2512 551 de
2561 503 2708 551 terra
2743 495 2809 550 ³⁸.
2863 514 2884 550 s
2941 493 3052 551 Sed
3092 492 3360 570 jejunium
3407 498 3534 558 hoc,

247 595 333 663 τῷ
359 592 501 649 Κάῖν
529 593 660 665 παρ’
710 589 876 645 αὑτοῦ
900 605 915 624 ο
959 609 977 644 ι
1002 588 1159 660 Φωνὴ
1218 588 1450 659 αἵματος
1475 585 1571 640 τοῦ
1613 583 1848 656 ἀδελφοῦ

252 695 354 738 σου
377 688 476 758 βοᾷ
501 683 640 757 πρός
671 699 741 757 με
788 683 853 736 ὲκ
880 680 1005 754 γῆς.
1047 699 1067 736 s
1111 677 1252 736 Ἀλλ’
1280 679 1341 732 ού
1375 677 1581 750 ταύτην
1618 677 1718 749 τὴν
1750 694 1849 748 νη-

253 774 441 828 στείαν
460 772 815 844 ἐξελεξάμην,
851 769 988 843 φησί
1023 787 1037 802 ο
1074 771 1174 826 καὶ
1194 769 1356 824 ποίαν
1383 767 1610 840 ταύτην,
1640 785 1852 840 προαπ-

257 865 462 939 ἐφηνεν
496 863 692 932 είπὼν,
721 863 804 918 ὅτι
844 884 864 918 ι
906 864 993 918 Ἐν
1031 867 1151 928 ταῖς
1184 862 1426 936 ἡμέραις
1451 861 1560 915 τῶν
1587 861 1853 932 νηστειῶν

256 958 282 1009 ὺ
292 958 414 1028 μῶν
442 957 731 1030 εὑρίσκετε
759 955 831 1011 τὰ
849 955 1133 1028 θελήματα
1169 955 1348 1028 ὑμῶν,
1378 955 1474 1009 καὶ
1499 954 1706 1018 πάντας
1726 952 1854 1017 τοὺς

253 1049 608 1122 ὑποχειρίους
686 1047 1024 1104 ὑπονύσσετε
1096 1050 1178 1112 εἰς
1232 1047 1416 1118 κρίσιν
1469 1049 1566 1103 καὶ
1636 1047 1840 1118 μάχας.

254 1139 590 1211 Νηστεύετε,
613 1140 710 1193 καὶ
737 1137 972 1193 τύπτετε
1002 1140 1248 1209 πυγμαῖς
1279 1137 1555 1193 ταπεινόν.
1582 1137 1842 1201 »ούκοῦν,

255 1231 385 1284 Οὐδ’
430 1231 498 1287 ἀν
539 1231 768 1306 κάμψῃς
818 1231 894 1296 ὡς
929 1231 1120 1304 κρίκον
1151 1231 1243 1285 τὸν
1280 1229 1551 1302 τράχηλόν
1596 1246 1690 1284 σου
1713 1269 1729 1295 ,
1758 1230 1854 1284 καὶ

256 1323 464 1379 σάκκον
512 1324 610 1381 καὶ
639 1323 834 1379 σποδὸν
878 1322 1310 1399 ύποστρώσῃ[ς],
1332 1322 1600 1386 τουτέστι,
1625 1323 1729 1377 κᾶν
1754 1321 1853 1394 τὴν

255 1418 341 1478 είς
361 1417 538 1487 ἄκραν
567 1415 933 1490 ἐπιτηδεύσῃς
953 1416 1303 1482 ταπείνωσιν,
1337 1416 1433 1469 καὶ
1464 1415 1628 1468 πόνου
1667 1413 1855 1486 τρίϐον

254 1507 462 1582 ἐλάσῃς
517 1508 578 1564 ού
610 1513 878 1580 φορητὴν,
906 1508 1044 1580 μετὰ
1063 1509 1172 1562 τῶν
1192 1507 1366 1573 οὔτως
1404 1508 1649 1579 αίσχρῶν
1678 1510 1856 1564 αίτια-

258 1600 470 1674 μάτων,
496 1599 763 1654 ούδόὖτω
803 1600 1061 1654 καλέσετε
1094 1599 1350 1670 νηστείαν
1382 1599 1598 1670 δεκτήν.
1660 1600 1722 1652 Ei
1745 1598 1854 1670 γὰρ

255 1691 538 1762 βούλεσθε,
562 1692 750 1764 φησὶν,
781 1691 984 1762 ἀληθὲς
1023 1693 1223 1756 εἰπεῖν,
1261 1691 1372 1746 οὐδ’
1400 1689 1466 1745 ἂν
1500 1690 1658 1762 ὑμεῖς
1685 1689 1854 1760 αὐτὴν

256 1783 518 1855 νηστείαν
543 1783 740 1856 δεκτὴν
771 1783 1067 1854 ὁνομάσετε
1095 1782 1288 1853 αὐτήν.

1950 588 2155 660 inquit,
2191 603 2296 642 non
2343 587 2501 659 elegi.
2537 587 2707 654 Quale
2748 587 2802 644 id
2849 587 2950 655 sit,
2987 586 3282 644 declaravit
3328 602 3489 657 supra
3517 630 3533 655 ,

1951 682 2204 752 inquiens
2239 700 2254 737 :
2291 699 2311 734 ι
2349 678 2404 734 ln
2441 681 2629 738 diebus
2660 679 2990 750 jejuniorum
3020 678 3189 750 816
3211 686 3537 740 vestrorum,

1953 776 2208 832 invenitis
2255 774 2563 830 voluntates
2618 781 2864 836 vestras,
2916 778 2972 826 et
3017 784 3210 825 omnes
3263 767 3538 836 subjectos

1951 869 2188 942 alliigitis
2215 868 2423 939 judicio
2444 877 2496 923 et
2515 881 2712 937 pugna.
2741 863 3031 934 Jejunatis,
3063 871 3117 916 et
3132 861 3417 932 percutitis
3436 876 3537 930 pu-

1953 963 2074 1036 gnis
2093 961 2410 1018 humilem.»
2439 959 2630 1030 Itaque
2654 957 2729 1012 ssi
2757 955 3128 1011 incurvavoris
3153 968 3248 1009 ceu
3277 952 3537 1008 circulum

1953 1055 2149 1112 collum
2167 1065 2340 1120 tuum,
2369 1062 2427 1108 et
2459 1051 2695 1107 cilicium
2732 1063 2797 1104 ac
2847 1048 3086 1102 cinerem
3146 1045 3535 1106 subsuaveris,

1956 1148 2007 1204 id
2037 1156 2142 1214 est,
2169 1144 2383 1201 etiamsi
2410 1155 2678 1198 summam
2710 1138 3142 1194 humiliationem
3174 1150 3452 1200 exerceas,
3483 1143 3540 1186 et

1954 1238 2156 1296 laboris
2195 1237 2342 1292 viam
2393 1247 2677 1306 capessas,
2710 1246 2817 1286 non
2864 1238 3045 1284 tamen
3094 1243 3218 1282 cum
3267 1226 3350 1280 liis
3403 1225 3539 1280 adeo

1955 1330 2116 1389 [mdis
2166 1329 2316 1384 vitiis
2340 1326 2647 1390 tolerabile,
2675 1337 2853 1394 neque
2882 1322 2964 1376 sic
2995 1316 3536 1387 vocabitisjejunium

1955 1433 2263 1494 acceptum.
2304 1421 2362 1478 Si
2385 1421 2530 1476 enim
2557 1417 2759 1482 velitis,
2794 1415 2992 1485 inquit,
3018 1425 3206 1468 verum
3237 1409 3439 1475 dicere,
3472 1423 3538 1464 ne

1956 1517 2058 1587 ipsi
2104 1515 2324 1587 quidem
2367 1528 2467 1570 vos
2513 1512 2618 1568 hoc
2660 1510 2928 1583 jejunium
2973 1513 3256 1576 acceptum
3301 1500 3535 1577 appella-

1954 1609 2007 1666 bi
2015 1609 2104 1666 tis.

336 1877 485 1946 οὐχί
517 1852 804 1941 τοιαύτην
838 1852 1132 1944 friantur
1157 1852 1273 1942 ἐγὼ
1320 1872 1715 1942 ἐξελεξάμην,
1753 1871 1853 1926 λέ-

2025 1874 2196 1932 Vsus.
2240 1872 2306 1940 6,
2347 1872 2400 1928 7.
2445 1870 2570 1928 Non
2617 1869 2720 1924 tale
2767 1884 2860 1941 ego
2900 1867 3164 1938 jejunium
3209 1863 3374 1936 elegi,
3411 1862 3539 1917 dicit

256 1984 349 2038 τει
383 1967 616 2034 Κύριος,
645 1965 808 2021 ἀλλὰ
836 1966 948 2022 λύε
985 1964 1186 2024 πάντα
1209 1965 1560 2035 σύνδεσμον
1592 1965 1850 2032 ἀδικίας,

250 2059 474 2117 διάλυε
541 2059 952 2132 στραγγαλιὰς
1011 2059 1234 2124 ,βιαίων
1289 2057 1849 2128 συναλλαγμάτων,

249 2152 606 2206 ἀπόστελλε
639 2151 1130 2220 τεθραυσμένους
1153 2151 1216 2204 ἐν
1252 2149 1488 2220 ἀφέσει,
1523 2149 1621 2203 καὶ
1647 2148 1855 2212 πᾶσαν

253 2240 621 2316 συγγραφὴν
644 2241 857 2298 ἄδικον
899 2239 1149 2301 (Sidona.
1216 2239 1547 2308 Διάθρυπτε
1606 2240 1854 2294 πεινῶν-

256 2349 315 2386 τι
363 2331 470 2386 τὸν
501 2331 686 2400 ἄρτον
745 2348 892 2395 σου,
918 2331 1016 2384 καί
1061 2327 1339 2398 πτωχοὺς
1375 2329 1672 2400 datarum;
1727 2332 1856 2384 εἰσ-

253 2416 448 2488 ἁγαγε
477 2419 567 2484 είς
596 2417 703 2473 τὸν
722 2415 894 2472 οἶκόν
920 2433 1060 2472 σου.
1079 2415 1223 2469 Ἐὰν
1250 2416 1387 2486 ῑδῃς
1413 2418 1664 2489 γυμνὸν,
1687 2417 1852 2486 περί·

258 2513 444 2574 σαλε,
492 2508 594 2568 καί
633 2510 755 2565 ἀπὸ
798 2511 918 2566 τῶν
965 2509 1201 2565 οίκείων
1225 2507 1333 2562 τοῦ
1372 2510 1718 2581 σπέρματός
1739 2525 1856 2563 σου

254 2604 376 2672 οὐχ
402 2603 714 2672 ὑπερόψει.

336 2693 486 2746 Ἔδει
522 2695 636 2756 τοῖς
688 2693 788 2748 ούκ
845 2693 1012 2747 εἰδόσι
1069 2696 1169 2766 τῆς
1215 2693 1451 2766 ἀληθοῦς
1491 2694 1741 2765 νηστείας
1767 2695 1858 2748 τὸν

251 2783 484 2854 τρόπον,
515 2781 891 2853 ἐπιδειχθῆναι
922 2781 1114 2836 τοῦτον
1146 2783 1301 2856 παρά
1336 2780 1494 2836 Θεοῦ.
1529 2783 1667 2854 Παρ⁹
1691 2784 1856 2838 αὐτοῦ

253 2874 372 2945 γὰρ
400 2875 550 2926 πᾶσα
581 2873 764 2941 σοφία,
795 2874 889 2926 καῖ
920 2875 1160 2938 σύνεσις,
1196 2873 1288 2928 καὶ
1309 2875 1343 2945 ὴ
1386 2872 1523 2942 πρὸς
1552 2875 1660 2927 πᾶν
1681 2872 1858 2927 ὁτιοῦν

254 2963 372 3016 τῶν
427 2962 668 3035 ἀρίστων
703 2963 822 3026 ὁδὸς
875 2963 1276 3017 ἀναδείκνυται.
1301 2962 1510 3017 Ψάλλει
1550 2962 1680 3031 γοῦν
1710 2963 1802 3016 καὶ
1828 2964 1856 3016 ὁ

257 3053 553 3118 θεσπέσιος
573 3053 758 3112 Δαδῖδ,
805 3055 901 3108 καί
947 3071 1134 3126 φησιν’
1168 3074 1186 3107 ι
1216 3054 1513 3124 Ὀδήγησόν
1540 3072 1628 3125 με,
1647 3053 1854 3126 Κύριε,

259 3147 321 3199 ἐν
344 3147 410 3216 τῇ
574 3161 690 3210 σου,
726 3145 822 3198 καὶ
853 3144 1195 3215 πορεύσομαι
1249 3148 1307 3200 ὲν
1335 3148 1400 3216 τῇ
1439 3143 1668 3217 ἀληθείᾳ
1688 3163 1803 3204 σου.
1831 3166 1850 3197 s

259 3237 474 3292 Οὐκοῦν
516 3237 823 3308 ἀπόϐλητον
859 3236 960 3308 μὲν
983 3237 1287 3308 ἐποιήσατο,
1306 3237 1403 3309 τὴν
1453 3239 1852 3312 άτεχνεστάτην

259 3332 360 3384 καὶ
406 3331 529 3384 κατ’
557 3329 751 3384 οὐδένα
797 3329 999 3400 τρόπον
1049 3328 1371 3400 ὀνησιφόρον
1428 3329 1538 3381 τῶν
1585 3330 1852 3385 Ἰουδαίων

259 3421 545 3494 νηστείαν,
594 3420 886 3494 ἐμφανίζει
919 3419 977 3475 δὲ
1008 3422 1110 3492 τῆς
1157 3421 1416 3493 ἀληθινῆς
1468 3421 1566 3494 τὴν
1598 3421 1850 3495 δύναμιν.

260 3512 377 3568 Δύε
406 3511 536 3584 γάρ,
565 3511 718 3582 φησὶ,
752 3510 930 3566 πάντα
951 3510 1249 3582 σύνδεσμον
1281 3511 1516 3577 ἀδικίας,
1540 3513 1849 3582 τουτέστιν,

260 3601 608 3658 ἀπαλλάττου
637 3600 728 3656 τοῦ
759 3601 1106 3655 πλεονεκτεῖν
1135 3599 1422 3672 βούλεσθαί
1443 3617 1615 3666 τινας·
1641 3602 1854 3668 ἀδικίας

260 3696 378 3767 γὰρ
408 3693 706 3764 σύνδεσμος
742 3695 778 3764 ὴ
807 3691 1118 3758 πλεονεξία,
1148 3691 1245 3746 καὶ
1277 3691 1339 3744 τὸ
1383 3691 1715 3761 ἐπιφύεσθαί
1741 3709 1854 3746 τισι

261 3787 378 3840 τῶν
422 3784 847 3856 ἀσθενεστέρων,
903 3784 1001 3837 καὶ
1047 3778 1160 3837 οἷον
1218 3781 1540 3846 ἐπιπλοκαῖς
1591 3782 1855 3853 ἀφύκτοις

263 3877 608 3950 αίτιαμάτων
642 3876 1008 3947 καταδεσμεῖν
1036 3875 1256 3941 αὐτοὺς,
1296 3874 1438 3948 ὑπέρ
1472 3893 1534 3946 γε
1563 3874 1654 3930 τοῦ
1682 3893 1854 3930 κατα-

266 3971 466 4043 στῆσαι
496 3967 784 4041 περιδεεῖς,
807 3965 952 4021 οὕτω
975 3983 1036 4020 τε
1067 3966 1250 4040 ζητεῖν
1279 3968 1424 4040 ἅπερ
1455 3969 1522 4023 ἂν
1556 3967 1854 4040 βούλωνται

264 4065 400 4135 παρ’
425 4061 605 4116 αὐτῶν
637 4059 960 4133 λαμδάνειν.
998 4059 1192 4114 Διάλυε
1244 4059 1618 4130 στραγγαλιάς
1663 4061 1855 4133 βιαίων

265 4152 756 4225 συναλλαγμάτων.
789 4151 1221 4221 Συναλλάγματα
1251 4150 1308 4204 δὲ
1334 4149 1504 4222 βίαια,
1547 4151 1643 4204 καὶ
1684 4151 1754 4205 τά
1792 4153 1855 4205 ὲκ

265 4245 683 4319 στραγγαλιᾶς,
733 4244 904 4318 ἤγουν
952 4243 1304 4314 δυστροπίας,
1366 4243 1643 4315 ὲπίμεστά
1676 4261 1856 4316 φαμεν

263 4335 416 4410 εἶναι,
449 4338 518 4390 τά
565 4337 866 4408 έμπορικά.
912 4335 1024 4390 Καὶ
1054 4336 1193 4406 πρός
1218 4352 1282 4403 γε
1313 4335 1526 4400 τούτοις
1576 4335 1647 4390 τὰ
1696 4335 1857 4408 ἓτερα

261 4431 376 4488 τῶν
398 4429 752 4502 καλουμένων
801 4429 1004 4483 δόσεών
1033 4445 1092 4482 τε
1159 4429 1254 4481 καὶ⁵
1303 4427 1542 4499 λήψεων.
1597 4427 1633 4483 ἀ
1669 4427 1859 4482 πλεον-

263 4523 480 4595 ασμούς
505 4538 657 4586 τινας
703 4522 836 4592 ἔχει,
883 4521 978 4574 καὶ
999 4519 1304 4592 λημμάτων
1351 4519 1592 4592 αἰσχρῶν
1625 4519 1860 4591 ἐραστὰς
1890 4545 1935 4608 υ

262 4614 617 4670 ἀποδείκνυσι
638 4613 765 4676 τοὺς
784 4614 925 4668 αύτά
941 4612 1075 4684 δρᾷν
1093 4611 1372 4675 εἰωθότας.
1390 4614 1503 4668 Καὶ
1520 4611 1858 4684 τεθραυσμέ-

261 4723 395 4770 νους
420 4702 500 4770 δὲ,
527 4705 712 4776 φησὶν,
736 4703 1060 4760 ἀπόστειλον
1089 4704 1148 4760 ὲν
1168 4702 1381 4773 ἀφέσει,
1414 4703 1683 4768 τουτέστι,
1731 4703 1860 4767 τοὺς

265 4795 646 4868 ὓπομένοντας
689 4794 1020 4868 συντριδὴν,
1059 4795 1094 4867 ἢ
1134 4793 1406 4866 κάματον,
1439 4795 1474 4868 ἢ
1511 4795 1576 4849 ὲκ
1608 4793 1702 4848 τοῦ
1732 4811 1860 4849 συν-

263 4891 468 4959 δέσμου
497 4887 599 4962 τῆς
647 4887 885 4953 ἀδικίας,
944 4888 1115 4958 ἥγουν
1170 4887 1236 4941 ὲκ
1282 4887 1392 4941 τῶν
1432 4886 1624 4958 βιαίων
1667 4888 1860 4942 συναλ-

261 4979 592 5053 λαγμάτων.
641 4981 936 5034 Ἀπόλυσον
963 4982 1022 5035 ὲν
1048 4980 1265 5050 ἀφέσει,
1304 4979 1602 5046 τουτέστιν,
1643 4979 1859 5036 ἐλευθέ-

265 5091 446 5148 ρωσον
494 5071 596 5144 τῆς
655 5072 1043 5144 ὲπενεχθείσης
1102 5072 1465 5144 στενοχωρίας
1489 5088 1502 5103 ο
1569 5071 1862 5146 ἐπίτρεψον

263 5167 570 5235 κάμνουσιν
604 5163 926 5220 ἀναπαῦσαι
958 5164 1147 5218 λοιπόν
1169 5181 1182 5193 ⁸
1222 5165 1439 5226 Διάσπα
1474 5163 1530 5217 δὲ
1561 5164 1656 5222 καὶ
1679 5166 1861 5220 πᾶσαν

263 5258 454 5312 ἄδικον
483 5257 842 5329 συγγραφήνο
886 5256 964 5320 ὥς
1007 5275 1072 5326 γε
1093 5253 1270 5326 οἶμαι,
1299 5257 1366 5312 τά
1393 5257 1503 5314 τῶν
1534 5257 1856 5322 τοκιζόντων

263 5344 629 5416 γραμματεῖά
654 5362 842 5416 φησιν,
885 5347 1251 5417 συνταχθέντα
1281 5346 1544 5412 πολλάκις
1573 5346 1694 5400 οὐδὲ
1731 5347 1855 5400 ἑπι-

263 5438 414 5492 δὸαει
439 5438 738 5510 χρημάτων
767 5437 1061 5504 τοσούτων,
1095 5439 1348 5510 ὅσωνπερ
1381 5438 1560 5493 ὠδίνει
1597 5437 1794 5510 μέτρον
1818 5440 1855 5510 ἠ

268 5532 584 5602 συγγραφή.
644 5530 814 5586 Ὅταν
862 5531 922 5588 δὲ
977 5531 1184 5588 τούτων
1237 5532 1476 5604 ἀπόσχῃ,
1510 5532 1677 5604 φησὶ,
1732 5532 1856 5587 τότε

266 5620 552 5694 προστίθει
585 5621 648 5677 τὸ
673 5621 880 5678 λεῖπον.
918 5623 1076 5677 Ἔστι
1094 5622 1152 5677 δὲ
1181 5622 1342 5677 τοῦτο
1371 5627 1742 5696 καρποφορεῖν
1779 5623 1856 5696 τῷ

346 5800 395 5834 ³⁸
418 5801 553 5858 Gen.
585 5814 659 5866 tv,
691 5799 778 5856 ιο.
851 5798 898 5881 θ’
933 5799 1075 5856 Psal.
1109 5815 1234 5889 ιη,
1266 5799 1356 5858 to.
1421 5801 1476 5879 ξ’
1505 5799 1524 5854 Ι
1563 5799 1702 5856 Tim.
1733 5814 1770 5865 ι,
1796 5801 1849 5855 5.

1953 1969 2212 2025 Dominus
2243 1983 2262 2021 :
2291 1966 2382 2022 sed
2413 1964 2553 2020 solve
2581 1979 2784 2019 omnem
2818 1961 3185 2032 colligaturam
3217 1956 3534 2027 iniquitatis,

1953 2061 2178 2116 dissolve
2226 2058 2570 2130 obligationes
2613 2055 2957 2110 violentorum
3003 2062 3401 2114 contracluum;
3449 2047 3540 2102 tli-

1954 2153 2101 2208 mitte
2142 2151 2337 2222 fractos
2378 2149 2435 2201 in
2479 2146 2813 2209 remissione,
2847 2152 2897 2197 et
2939 2157 3142 2196 omnem
3186 2137 3540 2210 syngrapham

1955 2245 2208 2321 injustam
2233 2239 2532 2296 conscinde.
2565 2235 2777 2306 Frange
2805 2235 3054 2294 esurienti
3080 2247 3266 2302 panem
3295 2239 3464 2294 tuum,
3489 2235 3540 2281 et

1954 2317 2206 2406 pauperes
2258 2343 2391 2389 tecto
2436 2341 2670 2385 carentes
2713 2329 2871 2384 induc
2912 2328 2967 2379 in
3016 2327 3229 2378 domum
3272 2333 3438 2374 tuam.
3476 2317 3538 2374 Si

1957 2428 2146 2489 videris
2188 2425 2418 2490 nudum,
2455 2432 2597 2494 tege,
2633 2430 2681 2475 et
2734 2417 3049 2474 domesticos
3098 2413 3308 2468 seminis
3354 2411 3433 2465 tui
3476 2426 3540 2464 ne

1960 2517 2239 2587 despicias.

1976 2724 1991 2732 -
2031 2691 2132 2760 Qui
2168 2690 2281 2746 veri
2319 2689 2515 2760 jejunii
2559 2687 2774 2743 modum
2822 2685 3090 2749 nesciunt,
3129 2684 3216 2740 his
3247 2691 3464 2754 oportet
3507 2697 3538 2736 a

1959 2785 2072 2840 Deo
2101 2785 2334 2840 ostendi.
2356 2784 2438 2838 All
2469 2783 2587 2852 ipso
2609 2781 2752 2835 enim
2778 2779 2956 2835 omnis
2981 2777 3244 2848 sapientia
3266 2786 3319 2832 et
3343 2774 3542 2832 intelli-

1959 2879 2160 2948 gentia,
2184 2889 2239 2931 et
2260 2876 2347 2931 via
2377 2877 2443 2930 ad
2472 2875 2651 2928 omnia
2679 2888 2800 2943 qua:
2827 2880 2954 2926 sunt
2977 2871 3180 2942 Optima
3211 2869 3537 2925 ostenditur.

1959 2968 2146 3022 Psallit
2171 2968 2354 3037 itaque
2378 2978 2434 3023 et
2460 2966 2672 3021 divinus
2699 2963 2887 3028 David,
2912 2971 2966 3018 et
2987 2961 3160 3030 inquit
3188 2979 3202 3015 :
3239 2978 3259 3011 ι
3295 2961 3409 3015 Due
3431 2974 3539 3023 me,

1959 3060 2210 3127 Domine,
2233 3061 2287 3114 in
2312 3060 2397 3114 via
2429 3068 2538 3122 tua,
2560 3067 2615 3111 et
2640 3055 2931 3110 ambulabo
2962 3055 3015 3107 in
3044 3053 3274 3106 veritate
3308 3061 3396 3106 tua
3413 3050 3480 3103 ".
3513 3069 3533 3102 s

1957 3149 2122 3206 Proin
2157 3148 2467 3205 Iudaeorum
2507 3145 2906 3202 crassissimum
2942 3152 2997 3198 et
3033 3142 3178 3196 nullo
3215 3143 3374 3196 modo
3407 3140 3539 3195 utile

1954 3241 2219 3313 jejunium
2253 3239 2472 3310 rejecit,
2505 3247 2558 3292 et
2588 3237 2696 3291 veri
2726 3236 2834 3290 vim
2868 3233 3126 3289 declarat.
3166 3231 3328 3288 Solve
3359 3232 3534 3294 enim,

1961 3335 2157 3404 inquit,
2188 3348 2406 3388 omnem
2441 3345 2635 3386 nexum
2669 3328 2964 3400 injustitim,
2999 3326 3050 3380 id
3079 3333 3182 3391 est,
3211 3325 3402 3379 omitte
3430 3324 3536 3378 vim

1961 3427 2121 3484 alicui
2149 3426 2348 3483 facere.
2380 3423 2661 3493 lnjnstitia:
2689 3423 2834 3478 enim
2865 3435 3038 3475 nexus
3068 3428 3155 3474 est
3183 3417 3464 3480 violentia,
3489 3424 3544 3470 et

1960 3518 2346 3577 imbecilliores
2375 3515 2652 3580 invadere,
2675 3524 2729 3570 et
2755 3514 2902 3568 velut
2933 3509 3330 3566 inevitabilibus
3356 3508 3542 3565 crimi-

1960 3613 2245 3669 nationem
2266 3607 2499 3666 vinculis
2519 3607 2712 3678 ligare,
2734 3615 2792 3659 ut
2811 3620 2905 3660 eos
2930 3602 3156 3658 reddant
3180 3601 3415 3670 timidos,
3437 3601 3546 3657 sic-

1965 3717 2073 3776 que
2101 3710 2371 3758 cunentur
2396 3701 2464 3754 ab
2495 3699 2626 3762 illis,
2653 3713 2774 3770 qua:
2797 3696 2982 3750 volunt
3011 3695 3276 3764 accipere.
3301 3691 3545 3748 Dissolve

1962 3794 2132 3850 nodos
2159 3793 2518 3848 violentorum
2555 3797 2966 3848 contractuum.
2993 3785 3316 3842 Contractus
3338 3782 3545 3840 violen-

1965 3895 2080 3952 tos,
2115 3893 2170 3939 et
2210 3882 2382 3938 nodos
2423 3881 2631 3936 saevitia
2671 3881 2860 3951 plenos
2901 3891 3022 3932 esse
3059 3875 3319 3940 dicimus,
3353 3874 3444 3944 qui
3487 3874 3542 3929 in

1961 3971 2420 4046 negotiationibus
2458 3969 2614 4036 ﬁunt,
2648 3977 2704 4024 et
2745 3968 2801 4023 in
2846 3966 2970 4021 aliis
3014 3981 3135 4035 quae
3177 3975 3444 4020 vocantur
3484 3962 3541 4017 in

1961 4065 2140 4120 dando
2165 4073 2220 4120 et
2244 4063 2559 4135 accipiendo
2592 4060 2940 4127 commercia,
2971 4073 3092 4128 quae
3117 4065 3352 4128 questus
3377 4070 3544 4127 quos-

1962 4157 2084 4211 dam
2139 4155 2367 4219 habent,
2411 4163 2467 4210 et
2513 4168 2609 4208 eos
2669 4153 2842 4222 turpis
2900 4150 3035 4208 lucri
3094 4160 3362 4206 amatores
3421 4164 3544 4206 esse

1963 4257 2217 4322 arguunt,
2245 4247 2336 4317 qui
2368 4261 2432 4302 ea
2469 4245 2644 4301 solent
2674 4259 2856 4320 agere.
2890 4244 2954 4299 Et
2985 4242 3313 4308 coulractos,
3345 4243 3542 4312 inquit,

1965 4340 2175 4396 dimitte
2220 4340 2275 4396 in
2325 4337 2680 4404 remissione,
2716 4336 2769 4392 id
2820 4347 2938 4410 est,
2967 4336 3057 4406 qui
3105 4343 3413 4390 atteruntur
3457 4332 3543 4388 vel

1963 4430 2350 4500 defatigantur,
2381 4429 2466 4484 vel
2495 4444 2562 4486 ex
2585 4445 2724 4484 nexu
2757 4427 3059 4497 injustitiae,
3088 4427 3172 4483 vel
3202 4443 3269 4482 ex
3294 4426 3543 4480 violentis

1965 4522 2358 4580 contractibus.
2383 4521 2606 4576 Dimitte
2633 4521 2686 4576 in
2711 4520 3052 4584 remissione,
3075 4520 3127 4574 id
3155 4528 3257 4584 est,
3281 4518 3349 4573 ab
3375 4533 3543 4588 angu-

1962 4613 2083 4668 stiis
2127 4612 2180 4668 in
2226 4627 2362 4684 quas
2405 4611 2640 4682 coniecti
2682 4622 2807 4667 sunt
2847 4611 3038 4668 libera.
3071 4611 3238 4682 817
3278 4609 3544 4665 Permitte

1963 4703 2122 4762 lassis
2180 4714 2240 4761 ut
2285 4703 2540 4776 deinceps
2589 4705 2879 4774 respirent.
2934 4721 2955 4757 ι
3017 4701 3322 4758 Conscinde
3375 4700 3540 4756 etiam

1963 4813 2178 4852 omnem
2223 4796 2476 4866 injustam
2526 4797 2888 4869 syngrapham
2927 4812 2943 4851 :
2984 4814 3003 4848 s
3046 4803 3105 4849 ιιι
3135 4794 3351 4865 opinor,
3392 4793 3540 4848 lene-

1965 4891 2198 4945 rantium
2235 4889 2445 4946 libellos
2479 4892 2641 4956 dicit,
2669 4905 2811 4961 saepe
2846 4888 3178 4958 compositos
3211 4903 3540 4944 coacervan-

1964 4984 2152 5040 darum
2201 4985 2554 5056 pecuniarum
2606 4997 2804 5050 causa,
2839 4996 2975 5054 quas
3023 4981 3165 5052 parit
3207 4981 3534 5052 syngrapha.

1962 5073 2098 5130 Cum
2141 5088 2305 5141 vero,
2344 5074 2554 5146 inquit,
2588 5074 2656 5130 ab
2703 5073 2791 5130 bis
2841 5071 3200 5137 abstinueris,
3237 5082 3348 5127 tum
3394 5072 3538 5143 quod

1964 5166 2116 5220 deest
2148 5180 2378 5236 appone,
2408 5165 2686 5233 nimirum,
2717 5174 2776 5220 ut
2809 5165 3018 5221 fructus
3047 5165 3220 5219 bonos
3253 5163 3536 5220 cltaritatis

1957 5271 2084 5330 erga
2109 5257 2411 5326 proximum
2434 5257 2710 5328 praeferas.
2728 5255 3191 5327 Complementum
3211 5256 3356 5310 enim
3404 5253 3537 5325 legis

1960 5349 2219 5420 charitas,
2246 5348 2400 5420 juxta
2443 5350 2496 5406 id
2535 5349 2680 5421 quod
2724 5350 2982 5421 scriptum
3027 5360 3114 5407 est
3138 5349 3203 5402 ³⁸.
3239 5347 3537 5405 Charitatis

1961 5455 2092 5496 vero
2137 5440 2377 5514 impletio
2422 5457 2548 5514 erga
2587 5441 2784 5498 fratres
2827 5450 2883 5498 et
2919 5440 3104 5498 etl‘usae
3154 5439 3538 5496 misericordia

1961 5545 2083 5603 qua:
2113 5532 2254 5602 apud
2283 5531 2454 5588 Deum
2491 5533 2547 5588 in
2581 5532 2756 5604 pretio
2789 5532 2972 5590 habita
3005 5543 3110 5598 est,
3143 5529 3538 5587 demonstratio

1961 5633 2046 5680 est
2097 5641 2114 5680 :
2169 5623 2426 5680 esurienti
2483 5637 2677 5700 panem
2737 5623 3026 5696 frangere,
3068 5632 3336 5692 pauperes
3391 5628 3538 5678 tecto
