4106 6522
572 371 595 426 l
606 365 711 427 287

1570 370 1633 423 S.
1678 367 1959 424 CYRILLI
1997 368 2471 425 ALEXANDRINI
2511 369 2832 425 ARClllEP.

3736 366 3878 424 {283

570 494 817 541 carentes
861 484 913 540 in
955 484 1172 541 domum
1215 485 1595 551 intromittere,
1630 495 1686 539 ct
1728 486 1901 540 nudos
1934 485 2157 549 vestire,

2264 488 2434 551 πέλας
2483 487 2550 542 τὰ
2585 485 2645 551 ἐξ
2691 487 2912 557 ἀγάπης
2964 484 3167 553 ἀγαθά.
3221 484 3507 556 Πλήρωμα
3553 484 3668 555 γὰρ
3702 485 3878 555 νόμον

570 588 624 633 et
668 578 996 635 domesticos
1039 579 1286 643 seminis,
1329 580 1382 634 id
1431 591 1533 647 est,
1581 594 1776 649 genere
1820 580 2157 649 conjunctos,

575 671 944 724 misericordia
994 678 1177 735 tanta,
1219 683 1420 740 quanta
1470 673 1604 726 satis
1650 680 1735 727 est
1779 672 2065 742 prosequi,
2108 678 2161 724 et

577 759 866 828 voluptatis
896 776 925 815 a
954 759 1064 816 Deo
1098 763 1235 817 datae
1262 762 1671 832 amplitudinem
1717 762 1824 816 illis
1870 760 2160 831 impartiri.

574 852 811 906 Observa
840 862 1044 920 autem,
1072 868 1176 907 non
1207 854 1343 907 idem
1372 870 1512 920 esse,
1546 870 1573 907 a
1604 854 1761 909 malis
1788 853 2082 915 abstinere,
2108 865 2163 907 et

572 944 769 998 bonum
800 945 1036 1013 operari.
1063 943 1175 1000 Nec
1221 946 1354 1000 satis
1395 948 1499 1000 erit
1537 946 1761 1017 gloriari
1796 944 1934 1015 apud
1968 944 2160 1010 Deum,

572 1051 679 1090 nou
713 1046 927 1106 patrare
956 1037 1182 1101 malum,
1210 1038 1303 1093 sed
1333 1038 1555 1092 omnino
1582 1038 1826 1107 sequitur
1876 1046 1939 1091 ut
1964 1036 2161 1091 bonum

572 1142 709 1194 Opus
742 1131 1086 1199 exsequeris,
1115 1139 1170 1184 et
1196 1130 1415 1198 pietatis
1445 1130 1625 1185 studia
1655 1129 1999 1200 amplexeris.
2026 1127 2160 1181 Nam

573 1219 866 1279 dissolvere
889 1223 1058 1277 nodos
1076 1222 1433 1277 violentorum
1457 1232 1857 1287 contractuum,
1877 1230 1927 1275 et
1946 1235 2161 1276 omnem

572 1327 770 1368 nexum
803 1313 1102 1383 iujustltize,
1134 1330 1199 1367 at:
1237 1328 1453 1369 omnem
1497 1314 1858 1385 syngrapham
1903 1314 2159 1368 conscin-

572 1400 727 1466 dere,
782 1399 927 1455 aliud
955 1400 1089 1455 nihil
1119 1411 1222 1467 est,
1252 1417 1413 1469 quam
1443 1400 1782 1455 solummodo
1810 1414 1841 1453 a
1871 1400 2162 1453 vitiositate

572 1489 1055 1561 discedere.'Atqui
1080 1492 1363 1547 charitatis
1386 1493 1562 1548 oliicia
1593 1491 1835 1562 explere,
1861 1488 2158 1560 frangendo

571 1596 766 1651 panem
796 1584 1076 1649 esurienti,
1106 1600 1370 1655 pauperes
1411 1595 1556 1641 tecto
1596 1595 1849 1641 carentes
1881 1583 2157 1638 intromit-

575 1683 689 1728 tere
724 1672 779 1728 in
820 1675 983 1741 aedes,
1013 1676 1188 1732 nudos
1230 1678 1448 1745 vestire,
1480 1685 1535 1732 et
1572 1677 1901 1733 domesticos
1938 1673 2163 1731 seminis

571 1780 679 1819 non
711 1776 1064 1821 contemnere
1106 1786 1121 1822 :
1167 1769 1492 1838 optimarum
1522 1769 1781 1823 virtutum
1814 1766 2160 1821 manifestam

2263 580 2475 651 ἀγάπη,
2496 582 2638 633 κατά
2670 580 2731 633 τὸ
2760 578 3171 651 γεγραμμένον.
3205 577 3453 648 ’Ᾱγάπης
3486 577 3543 630 δὲ
3580 577 3877 647 πλήρωσις

2261 678 2361 746 τῆς
2390 676 2471 739 είς
2518 674 2803 743 ἀδελφοὺς,
2830 673 2924 726 καὶ
2968 671 3378 742 εὐσπλαγχνίας
3425 670 3723 736 ἀπόδειξις
3774 670 3876 737 τῆς

2261 764 2633 836 τετιμημένης
2655 762 2805 833 παρά
2825 760 2964 832 Θεῷ,
2986 761 3047 813 τδ
3077 761 3331 814 πεινῶντι
3366 760 3465 829 μὲν
3504 758 3881 827 διαθρύπτειι

2261 857 2353 911 τὸν
2385 858 2571 928 ἄρτον,
2607 856 2863 926 πτωχοὺς
2900 854 2961 907 δὲ
2994 853 3260 921 ἀστέγους
3315 850 3750 910 είσοικίσασθαι,
3785 848 3865 903 κςί

2261 944 2503 1016 γυμνοὺς
2525 944 2813 1016 ἀμφιέσαι,
2850 944 2945 997 καὶ
2976 945 3092 1005 τοῖς
3129 942 3351 1004 οἰκείοις
3373 941 3467 994 τοῦ
3503 941 3875 1010 σπέρματος,

2261 1036 2527 1099 τουτέστι,
2551 1039 2662 1100 τοῖς
2687 1038 2751 1090 ἐκ
2782 1037 2991 1104 γένους,
3009 1034 3107 1106 τὴν
3131 1033 3429 1105 ἀρκοῦσαν,
3456 1029 3641 1101 οἶμαι,
3663 1031 3867 1101 φειδῶ

2263 1127 2600 1203 [ἀπονεῖμαι]
2643 1130 2738 1182 καὶ
2779 1126 3108 1198 μερίσασθαι
3140 1125 3277 1197 πρὸς
3316 1124 3514 1185 αὐτοὺς
3554 1125 3666 1194 τῆς
3719 1124 3875 1194 περὶ

2263 1222 2398 1277 Θεοῦ
2426 1223 2672 1293 δοθείσης
2693 1221 2949 1292 εὐθηνίας
2972 1221 3034 1272 τὸ
3058 1219 3277 1282 πλάτος.
3296 1220 3672 1289 Ἐπιτήρησον
3698 1218 3872 1277 δὲβτι

2263 1316 2323 1369 οὐ
2347 1314 2542 1368 ταυτόν
2568 1315 2685 1365 ἐστι
2709 1312 2768 1365 τὸ
2789 1311 3124 1381 ἀποσχέσθαι
3142 1309 3787 1380 κακῶντῷὲργάσασθαι
3814 1310 3872 1361 τδ

2263 1406 2486 1476 ἀγαθόν.
2515 1405 2637 1459 Οὐδ’
2678 1405 2743 1458 ἂν
2771 1402 3026 1475 ἀρκέσειέ
3055 1419 3199 1456 τισιν
3223 1404 3303 1466 εἰς
3328 1401 3596 1473 καύχημα
3632 1402 3697 1454 τὸ
3716 1402 3871 1472 παρὰ

2264 1498 2384 1570 Θεῷ
2406 1498 2467 1551 τὸ
2497 1499 2572 1569 μὴ
2598 1497 2799 1568 δρᾶσαι
2831 1493 2894 1549 τὸ
2929 1494 3156 1563 φαῦλον,
3187 1494 3304 1548 ἀλλ’
3320 1494 3552 1547 ἕπεσθαι
3573 1495 3662 1547 δεῖ
3686 1494 3866 1563 πάντη

2263 1609 2323 1646 τε
2335 1592 2429 1645 καὶ
2443 1592 2679 1655 πάντως,
2700 1589 2794 1643 καὶ
2807 1589 2868 1642 τὸ
2879 1590 3078 1660 χρῆναι
3092 1586 3333 1659 πληροῦν
3349 1587 3447 1657 τὴν
3462 1586 3866 1659 ἀγαθουργίαν,

2266 1686 2361 1740 καὶ
2393 1684 2716 1755 ἀντέχεσθαι
2742 1682 2851 1735 τῶν
2877 1682 2958 1743 είς
2988 1680 3269 1734 εὐσέϐειαν
3298 1679 3766 1749 σπουδασμάτων,
3796 1678 3869 1730 ἠ

2273 1779 2370 1851 μὲν
2402 1777 2510 1846 γὰρ
2554 1775 2791 1829 διαλύειν
2832 1772 3205 1846 στραΠαλιάς
3237 1772 3429 1843 βιαίων
3473 1768 3869 1839 συναλλαγμά-

573 1857 771 1913 habent
801 1859 1342 1915 demonstrationem.
1372 1860 1557 1932 Itaque
1584 1871 1742 1915 vetus
1784 1861 1865 1914 lex
1918 1858 2158 1928 paedago-

2265 1888 2393 1936 των,
2430 1871 2524 1923 καὶ
2554 1869 2731 1922 πάντα
2767 1866 3065 1934 σύνδεσμον
3095 1864 3331 1929 ἀδικίας,
3374 1862 3471 1916 καὶ
3502 1863 3697 1915 πᾶσαν
3738 1877 3867 1927 συγ-

571 1988 670 2041 κιιε
699 1974 765 2031 ad
797 1973 1094 2040 Christum,
1125 1974 1229 2030 illis
1272 1990 1334 2030 ea
1380 1983 1702 2045 tempestate
1727 1974 1854 2031 boni
1889 1974 2163 2043 impletio-

572 2078 691 2117 nem
727 2078 830 2119 non
863 2064 1107 2130 adduxit,
1136 2065 1229 2120 sed
1260 2080 1289 2118 a
1317 2065 1464 2121 vitiis
1490 2067 1676 2120 docuit
1706 2066 1985 2123 recedere.
2018 2065 2155 2119 Nam

570 2154 701 2208 illud
724 2153 792 2220 ”,
822 2154 936 2209 Non
967 2156 1205 2221 occides,
1234 2155 1352 2217 Non
1399 2157 1760 2223 adulterabis,
1793 2157 1909 2212 Non
1950 2154 2162 2227 peiera-

570 2247 678 2311 bis,
710 2248 955 2301 eamdem
1000 2246 1203 2302 habent
1244 2247 1374 2303 vim.
1406 2248 1476 2302 At
1519 2250 1661 2319 quod
1707 2248 2010 2320 perfectum
2055 2257 2161 2314 est,

570 2338 855 2408 omnisque
895 2339 1021 2396 boni
1066 2340 1328 2410 impletin,
1358 2340 1557 2396 Christi
1588 2341 1859 2397 vaticiniis
1888 2349 2162 2405 servatur,

569 2445 635 2484 ex
666 2431 860 2499 quibus
891 2431 1198 2498 didicimus,
1226 2432 1511 2488 charitatis
1553 2432 1607 2487 in
1655 2433 1823 2487 Deum
1867 2441 1924 2487 et
1965 2430 2166 2486 fratres

569 2522 740 2577 oilicia
765 2527 1010 2595 exsequi.

2266 1962 2484 2035 γραφὴν
2544 1962 2731 2016 ἄδικον
2787 1960 3041 2029 διασπᾷν,
3090 1956 3243 2009 οὐδὲν
3301 1954 3675 2026 ἔτερόνεὲστι,
3729 1952 3865 2021 πλὴν

2267 2057 2348 2110 δτι
2381 2056 2541 2127 μόνον
2563 2053 2928 2127 ἀποφοιτῆσαι
2959 2048 3312 2119 φαυλότητος.
3333 2048 3407 2100 Τό
3427 2064 3487 2116 γε
3509 2048 3624 2117 μὴν
3651 2045 3862 2097 ἑλέσθαι

2266 2150 2335 2203 τά
2383 2149 2483 2220 τῆς
2527 2147 2747 2221 ἀγάπης
2802 2146 2940 2216 ἔργα
3001 2140 3241 2213 πληροῦν
3281 2140 3369 2194 διὰ
3417 2139 3515 2193 τοῦ
3566 2138 3862 2209 διαθρύψαι

2268 2241 2524 2295 πεινῶντι
2543 2239 2633 2293 τδν
2656 2238 2841 2310 ἄρτον,
2874 2236 2966 2290 καὶ
2992 2234 3241 2303 πτωχοὺς
3269 2231 3537 2299 ἀστέγους
3564 2228 3864 2283 ciconia:-

2270 2335 2413 2401 σθαι,
2446 2333 2542 2387 καὶ
2572 2332 2813 2403 γυμνοὺς
2843 2327 3179 2399 περιϐαλεῖν,
3216 2324 3312 2379 καὶ
3364 2322 3528 2395 μὴ[ν]
3568 2321 3861 2393 ἀνέχεσθαί

2266 2443 2420 2489 τινας
2442 2424 2552 2477 τῶν
2570 2425 2634 2477 ὲκ
2658 2421 2765 2474 τῶν
2793 2419 3009 2473 οἰκείων
3025 2415 3120 2469 τοῦ
3144 2413 3601 2485 σπέρματος,τῶν
3626 2412 3862 2482 ἀρίστων

2270 2515 2781 2592 ἀνδραγαθημάτων
2815 2509 3091 2576 ἀπόδειξιν
3122 2507 3235 2578 ἔχει
3266 2503 3558 2574 σαφῆ.Διά
3592 2503 3758 2556 τοῦτο
3776 2502 3863 2554 καὶ

569 2617 598 2671 ὁ
628 2616 795 2673 πάλαι
825 2619 1012 2690 νόμος,
1064 2619 1410 2688 παιδαγωγὸς
1443 2620 1705 2691 ὑπάρχων
1731 2620 1823 2673 ἐπὶ
1860 2620 2117 2692 Χριστὸν,
2140 2618 2201 2672 οὐ
2241 2616 2340 2686 τὴν
2394 2608 2600 2679 ἀγαθοῦ
2638 2606 2918 2676 πλήρωσιν
2959 2600 3309 2671 εἰσκεκόμικε
3336 2601 3451 2660 τοῖς
3481 2596 3546 2649 ἐδ
3571 2596 3862 2665 τηνικάδε.

570 2708 815 2767 ἐδίδασκε
868 2710 925 2763 δὲ
975 2711 1175 2782 μᾶλλον
1209 2712 1545 2784 φαυλότητος
1587 2715 2024 2789 προαποφοιτᾷν.
2063 2713 2137 2766 Τὸ
2174 2708 2305 2781 γὰρ,
2333 2705 2408 2759 Οὐ
2451 2701 2753 2773 φονεύσεις,
2794 2698 2868 2789 Οιξ
2909 2694 3260 2789 μοιχειξσεις,
3327 2692 3443 2789 υἶξκ
3476 2692 3857 2789 ξπξοξδξῆσεξῙ

568 2798 772 2870 ταύτην
820 2800 931 2873 ἔχει
979 2802 1078 2874 τὴν
1148 2802 1398 2874 δύναμιν.
1433 2782 1713 2875 Τετήρητο
1759 2804 1909 2858 δὲτὸ
1944 2782 2180 2870 Γτέλειον,
2238 2799 2333 2854 καὶ
2374 2798 2409 2865 ἡ
2485 2791 2684 2853 παντὸς
2727 2786 2935 2860 ἀγαθοῦ
2997 2786 3277 2856 πλήρωσις
3315 2786 3432 2846 τοῖς
3486 2782 3581 2837 διὰ
3630 2782 3857 2855 Χριστοῦ

571 2890 938 2964 θεσπίσμασι,
981 2896 1111 2965 παρ’
1155 2887 1229 2947 ὧν
1265 2894 1544 2968 ὲμάθομεν
1576 2894 1643 2949 τά
1683 2895 1780 2965 τῆς
1801 2897 1880 2961 είς
1903 2895 2035 2953 Θεόν
2062 2912 2121 2949 τε
2175 2892 2270 2947 καὶ
2310 2887 2569 2958 ἀδελφοὺς
2599 2881 2819 2957 ἀγάπης
2843 2879 2979 2951 ἔργα
3005 2875 3267 2952 πληροῦνο

1073 3029 1243 3099 818
1286 3030 1525 3087 TOMUS
1547 3033 1639 3088 IV.

2880 3017 3114 3071 ΤΟΜΟΣ
3153 3015 3225 3071 Δ⁰.

648 3163 805 3222 Vens.
847 3163 900 3216 8.
954 3162 1098 3218 Tunc
1131 3176 1361 3231 erumpet
1389 3167 1707 3219 matutinum
1761 3165 1935 3219 lumen
1980 3176 2149 3232 tuum,

2336 3159 2471 3214 Τότε
2504 3155 2841 3225 ῥαγήσεται
2887 3151 3152 3221 πρὼηιον
3195 3150 3261 3204 τὸ
3308 3149 3436 3220 φῶς
3486 3166 3631 3214 σου,
3669 3148 3852 3203 καὶτὰ

573 3264 619 3309 et
647 3255 901 3309 sanitates
928 3264 1032 3309 tua:
1057 3256 1158 3308 cito
1188 3258 1448 3319 orientur,
1475 3268 1521 3309 et
1550 3258 1760 3323 pra’ibit
1795 3260 1847 3311 in
1879 3268 2158 3329 conspectu

2266 3247 2482 3318 ἰάματὰ
2528 3264 2646 3301 σου
2697 3244 2849 3315 ταχὺ
2900 3244 3199 3309 ἁνατελεῖ,
3242 3244 3340 3297 καὶ
3382 3247 3854 3313 προπορείνσεται

577 3357 665 3398 tuo
720 3345 939 3413 justitia
968 3355 1080 3407 tua.
1123 3359 1169 3400 et
1196 3347 1363 3417 gloria
1407 3348 1501 3402 Dei
1530 3351 1874 3404 circumdabit
1912 3360 1978 3404 te.
2016 3350 2161 3405 Tunc

575 3439 829 3491 clamabis
858 3480 873 3502 ,
914 3451 964 3491 et
1022 3439 1163 3493 Dens
1205 3441 1447 3494 exaudiet
1488 3451 1556 3495 te.
1608 3443 1794 3496 Adhuc
1833 3444 2071 3513 loquente
2112 3453 2162 3498 te

577 3530 711 3582 dicet
744 3543 763 3582 :
805 3528 945 3583 Ecce
979 3530 1188 3585 adsunt.

650 3703 705 3757 Si
734 3718 887 3773 pure,
921 3704 1112 3772 inquit,
1140 3702 1494 3774 ieiunaveris,
1522 3717 1575 3762 et
1602 3711 1881 3765 abstersas
1907 3724 1969 3764 ac
1999 3726 2160 3764 mun-

576 3797 673 3850 das
718 3796 1027 3852 ostenderis
1059 3814 1253 3852 manus
1287 3798 1395 3853 Deo
1420 3840 1434 3864 ,
1496 3812 1844 3872 mentemque
1907 3804 2162 3859 omnibus

575 3887 862 3944 liberatam
892 3890 1180 3951 sordibus,
1219 3890 1476 3945 nimirum
1518 3893 1740 3960 quando
1788 3894 2160 3965 supersederis

576 3980 793 4048 pulsare
849 3979 1043 4049 pugnis
1094 3979 1357 4034 humilem
1389 4019 1404 4045 ,
1471 3990 1526 4036 et
1559 3982 1800 4051 allligere
1847 3984 2158 4052 subjectos,

572 4072 778 4139 judicio
817 4078 870 4125 el
900 4070 1114 4141 pugnis,
1147 4080 1201 4124 et
1224 4071 1448 4140 obsequi
1499 4080 1604 4125 tute
1666 4064 1933 4126 voluntati
1996 4082 2162 4145 atque

577 4163 786 4217 libidini
822 4178 839 4231 ;
873 4163 1087 4231 quando
1131 4161 1363 4230 fregeris
1400 4162 1661 4218 esurienti
1692 4177 1885 4233 panem
1907 4202 1923 4229 ,
1958 4169 2158 4216 nudum

579 4253 905 4323 operueris,
972 4267 1240 4321 pauperes
1304 4261 1449 4307 tecto
1503 4263 1751 4309 carentes
1823 4255 1877 4310 in
1938 4256 2159 4310 domum

576 4358 724 4400 tuam
775 4343 1185 4399 introduxeris:
1224 4351 1354 4400 tunc
1406 4356 1653 4418 erumpet
1699 4348 2025 4401 matutinum
2074 4347 2159 4402 lu-

577 4455 696 4493 men
737 4447 908 4491 tuum.
944 4436 1234 4489 Maximam
1276 4435 1438 4491 habet
1465 4437 1765 4506 emphasim
1821 4437 1934 4492 haec
1956 4439 2152 4497 oratio.

2263 3340 2607 3411 ἔμπροσθέν
2643 3355 2761 3395 σου
2804 3339 2842 3407 ἡ
2893 3338 3250 3405 δικαιοσύνη
3295 3353 3435 3401 σου,
3486 3338 3591 3393 καί
3635 3339 3675 3405 ή
3716 3337 3854 3398 δίξίι

2262 3431 2372 3486 τοῦ
2402 3432 2552 3486 Θεοῦ
2579 3430 2925 3499 περιστελεῖ
2938 3446 3029 3483 σε.
3061 3430 3199 3482 Τότε
3225 3427 3632 3495 βοήσας-,καί
3665 3431 3698 3480 ὁ
3722 3430 3854 3489 Θειλς

2263 3520 2687 3577 εὶσακούσεταί
2714 3520 2926 3574 σου.Ἔ
2933 3536 2983 3571 τι
3012 3516 3353 3582 λαλοῦντός
3382 3531 3503 3570 σου
3542 3515 3688 3584 ἐρεῦ
3720 3512 3853 3567 Ἰδεὺ

2264 3614 2525 3682 πάρειμι.

2335 3707 2399 3758 Εἰ
2430 3704 2709 3775 καθαρῶς,
2734 3704 2888 3773 φησὶ,
2916 3701 3290 3775 νηστεύσειας,
3320 3700 3416 3752 καὶ
3445 3698 3854 3769 διεσμηγμένας

2260 3795 2362 3858 τάς
2402 3798 2591 3867 χεῖρας
2624 3794 2964 3860 ἀποδείξειας
3000 3793 3077 3865 τῷ
3120 3792 3256 3863 Θεῷ,
3293 3791 3387 3843 καὶ
3435 3792 3613 3862 ῥύπου
3671 3793 3852 3851 παντὸς,

2263 3886 2679 3957 ἀπηλλαγμένον
2722 3886 2812 3940 τὸν
2861 3886 3006 3949 νοῦν,
3042 3885 3210 3954 ἧγουν
3253 3884 3380 3937 ὅταν
3424 3885 3737 3955 ἀποσμήχη
3770 3880 3853 3935 τοῦ

2262 3979 2589 4033 καταπαίειν
2632 3979 2878 4047 πυγμαῖς
2922 3975 3197 4037 ταπεινὸν,
3240 3976 3333 4028 καὶ
3384 3975 3723 4027 ὐπονύσσειν
3767 3974 3857 4044 μὲν

2263 4071 2387 4133 τοὺς
2435 4069 2780 4140 ὑποχειρίους
2824 4069 2903 4131 είς
2948 4068 3131 4138 κρίσιν
3184 4068 3278 4121 καὶ
3312 4067 3515 4138 μάχας,
3548 4064 3857 4121 ἓπεσθαιδὲ

2262 4165 2374 4223 τοῖς
2408 4161 2574 4215 αὐτοῦ
2608 4160 2721 4232 [γρ.
2754 4160 2874 4233 σοῦ]
2904 4160 3175 4231 θελήμασι
3224 4161 3317 4213 καὶ
3346 4159 3712 4230 φιληδονίαις,
3739 4161 3858 4213 ὅταν

2260 4252 2563 4325 διαθρύψῃς
2612 4252 2864 4306 πεινῶντι
2910 4252 3000 4306 τὸν
3049 4253 3252 4325 ἄρτον,
3303 4252 3515 4323 γυμνὸν
3560 4253 3853 4325 ἀμφιέσῃς.

2264 4346 2514 4417 πτωχοὺς
2552 4345 2814 4415 ἅστέγους
2845 4345 3146 4417 είσαγάγῃς
3178 4348 3258 4409 εἰς
3286 4344 3377 4398 τὸν
3403 4339 3559 4399 οῐκὸν
3599 4361 3721 4398 σου·
3744 4346 3855 4398 τότε

2265 4439 2563 4509 ῥαγήσεται
2601 4437 2850 4508 πρώῖμον
2878 4438 2940 4491 τὸ
2973 4436 3087 4508 φῶς
3118 4437 3526 4507 σου.Ἔμφασιν
3560 4437 3677 4508 ἔχει
3717 4436 3855 4490 πλεί-

572 4529 687 4584 Νοη
740 4528 884 4583 enim
944 4526 1082 4581 dixit
1130 4526 1455 4596 simpliciter
1503 4527 1775 4581 :Dabitur
1822 4528 1916 4582 tibi
1979 4543 2007 4583 a
2049 4528 2158 4583 Deo

2263 4548 2393 4601 στην
2426 4531 2556 4601 ὅσην
2580 4532 2608 4584 δ
2634 4530 2809 4600 λόγος.
2843 4531 2916 4582 Οὐ
2944 4530 3051 4603 γὰρ
3083 4529 3269 4593 ἁπλῶς
3298 4529 3423 4602 ἔφη,
3447 4530 3751 4601 Δοθήσεταί
3778 4546 3851 4581 σοι

574 4622 752 4672 lumen
787 4637 799 4672 :
837 4618 934 4671 sed
979 4625 1225 4687 erumpet
1263 4616 1442 4687 potius
1491 4617 1663 4673 instar
1702 4618 1931 4687 fulguris
1975 4621 2158 4687 cujus-

576 4717 720 4781 dam,
757 4729 878 4767 cum
912 4714 1116 4781 impetu
1153 4721 1207 4766 et.
1243 4728 1408 4767 cursu
1475 4713 1771 4768 demissum
1824 4729 1852 4767 a
1912 4712 2060 4767 Deo:
2092 4730 2160 4767 ex

579 4822 684 4873 quo
732 4808 1020 4875 perspicue
1053 4814 1393 4858 monstratur
1439 4804 1840 4875 suppeditantis
1895 4803 2162 4873 prompti-

581 4897 707 4948 tudo
733 4904 785 4948 et
812 4895 990 4949 alacre
1021 4894 1283 4950 studium.
1319 4893 1453 4950 Cum
1491 4893 1815 4947 matutinum
1856 4894 2006 4958 dicit,
2034 4902 2159 4947 ante

577 4998 788 5055 tempus
828 4986 1183 5039 adventurum
1213 4986 1392 5040 docet.
1457 4984 1615 5039 Novit
1658 4986 1834 5046 enim,
1878 4985 2030 5038 novit
2075 4998 2157 5039 re-

580 5092 697 5131 rum
742 5086 1051 5131 nostrarum
1110 5087 1295 5132 custos
1328 5076 1500 5143 Deus,
1560 5076 1922 5145 spiritualium
1982 5077 2154 5131 bono-

578 5184 697 5222 rum
733 5168 979 5237 largitor,
1008 5169 1463 5237 Opportunitatem
1493 5166 1875 5222 muniﬁcentim
1898 5183 2012 5223 sua:
2038 5169 2152 5223 sin-

584 5261 694 5331 guli
726 5260 1214 5314 accommodatam.
1240 5259 1348 5314 Sed
1380 5261 1425 5315 si
1455 5261 1579 5330 quis
1604 5259 1867 5315 honestus
1892 5269 1947 5315 et
1982 5262 2154 5316 bonus

576 5355 671 5417 sit,
718 5362 771 5407 et
802 5352 1117 5407 misericors
1167 5362 1429 5424 praeterea
1487 5362 1541 5407 et
1596 5350 1749 5406 freno
1795 5353 2148 5422 obsequens:

578 5445 703 5499 huic
739 5444 907 5498 etiam
964 5441 1228 5497 matutina
1277 5443 1345 5496 ab
1376 5456 1442 5497 eo
1479 5443 1751 5498 dabuntur
1796 5443 2039 5512 praemia,
2097 5453 2157 5498 ut

578 5537 749 5591 instar
791 5535 1072 5611 spicarum
1124 5533 1444 5593 exoriantur
1494 5534 1550 5589 ln
1620 5550 1685 5591 eo
1716 5536 1983 5590 sanitates
2015 5534 2152 5604 ejus,

577 5630 631 5686 id
664 5639 769 5691 est.
799 5630 980 5686 omnis
1008 5627 1341 5685 inﬁrmitatis
1368 5627 1636 5698 depulsio,
1699 5637 1754 5684 et
1804 5641 1985 5683 rerum
2039 5642 2155 5682 me-

654 5813 695 5845 "
729 5807 902 5867 121-00.
936 5825 1030 5879 xx,
1055 5809 1122 5869 15
1156 5823 1275 5879 sqq.

2260 4621 2415 4695 παρὰ
2435 4620 2568 4675 Θεοῦ
2603 4621 2662 4674 τὸ
2697 4621 2835 4690 φῶς,
2861 4623 3158 4695 ῥαγήσεται
3181 4622 3237 4675 δὲ
3268 4621 3491 4692 μᾶλλον,
3518 4616 3634 4674 οἷον
3660 4624 3852 4691 ἀστραο

2261 4716 2370 4786 πῆς
2419 4730 2565 4782 τινος
2608 4712 2784 4781 δίκην,
2819 4714 2915 4767 σὺν
2962 4713 3105 4783 ὁρμῇ
3156 4712 3251 4765 καὶ
3297 4712 3483 4782 δρόμῳ
3534 4712 3847 4783 καθιέμενα»

2263 4805 2414 4878 παρά
2444 4803 2601 4871 Θεοῦ,
2636 4804 2702 4859 δι’
2729 4798 2789 4859 οὐ
2821 4804 3185 4858 διαδείκνυται
3212 4802 3396 4872 σαφῶς
3430 4801 3525 4856 τοῦ
3561 4802 3846 4877 χορηγοῦν⁴

2261 4916 2354 4963 τος
2397 4899 2429 4969 ἡ
2486 4898 2788 4970 προθυμία.
2830 4895 3091 4968 Πρώῖμον
3138 4896 3193 4950 δὲ
3241 4896 3437 4966 λέγων,
3469 4897 3555 4950 ὅτι
3608 4900 3706 4951 καὶ
3752 4896 3847 4967 πρὶν

2261 4989 2453 5065 καιροῦ
2479 4990 2894 5060 καταφοιτήσει,
2919 4988 3181 5042 διδάσκει.
3210 4983 3330 5042 Οἷδε
3366 4990 3465 5061 μὲν
3497 4989 3629 5064 γὰρ,
3658 4986 3793 5042 οἶδεν
3818 4986 3842 5041 ἐ

2258 5081 2508 5152 τῶνκαθ’
2537 5084 2685 5154 ἡμᾶς
2708 5082 2909 5152 ταμίας
2938 5080 3091 5148 Θεὸς,
3118 5083 3147 5135 δ
3171 5082 3557 5152 πνευματικῶν
3581 5080 3836 5154 χαρισμῶ

2259 5191 2366 5227 των
2391 5173 2575 5245 δοτὴρ,
2615 5175 2737 5236 ταῖς
2785 5173 2869 5243 ἐφ’
2902 5174 3116 5244 ἑκάστῳ
3149 5172 3481 5244 φιλοτιμίαις
3526 5174 3619 5232 τὸν
3664 5172 3837 5238 καιρὸν

2259 5265 2494 5318 ἐοικότα.
2514 5264 2654 5318 Ἀλλ’
2676 5266 2831 5328 εἴτις
2856 5264 3067 5337 γένοιτο
3094 5264 3259 5329 καλός
3291 5282 3349 5323 τε
3384 5265 3477 5323 καὶ
3500 5266 3721 5335 ἀγαθὸς,
3754 5264 3837 5317 καὶ

2257 5356 2482 5428 προσέτι
2506 5356 2901 5428 φιλοικτίρμων
2940 5357 3034 5411 καὶ
3052 5357 3287 5430 εὐήνιος,
3311 5358 3487 5428 τούτῳ
3508 5359 3600 5410 καὶ
3624 5356 3833 5426 πρώϊμα

2257 5443 2326 5497 τά
2359 5444 2491 5515 παρ’
2518 5444 2685 5498 αὐτοῦ
2724 5444 3011 5516 δοθήσεται
3056 5446 3217 5520 γέρα,
3248 5445 3391 5499 ὥστε
3440 5448 3534 5503 καὶ
3564 5447 3834 5516 ἀσταχύων

2255 5536 2413 5607 δίκην
2464 5536 2776 5591 ἀνατέλλειν
2820 5540 2879 5589 ὲν
2934 5538 3118 5609 αὐτῷ’
3164 5539 3259 5592 καὶ
3303 5539 3371 5593 τά
3425 5539 3626 5610 ίάματα
3658 5536 3831 5599 αὐτοῦ,

2258 5627 2573 5694 τουτέστιν,
2628 5627 2845 5697 ἀπάσης
2899 5628 3213 5699 ἀρρωστίας
3255 5629 3560 5702 ἀποϐολὴν,
3600 5628 3691 5684 καὶ
3731 5625 3831 5679 τῶν
