4106 6584
683 473 816 533 1291

1707 473 1764 529 S.
1804 469 2079 529 CYRILLI
2116 465 2586 527 ALEXANDRINI
2624 474 2948 533 ARCHIEP.

3844 473 3959 527 ωε

680 603 968 660 supernam
1007 598 1171 658 atque
1218 590 1282 643 al.
1340 601 1406 644 eo
1448 597 1827 658 assequamur.
1860 585 2095 642 Proinde
2120 623 2135 647 ,
2160 583 2248 637 iu-

2372 582 2660 656 ριλοτιμίαν
2692 591 3031 661 εὑρήσουσιν.
3074 588 3304 657 Οὐκοῦν,
3338 611 3356 641 ι
3386 589 3522 644 Ἐὰν
3577 586 3837 656 ἀφέλῃς.
3878 604 3959 655 η’

682 682 801 752 quit
835 697 849 734 :
894 699 913 732 ‹
949 680 1004 737 ει
1033 679 1321 736 abstuleris
1351 681 1448 735 abs
1486 688 1539 735 te
1585 680 1983 750 colligationem
2037 684 2093 731 et
2147 674 2260 730 suf-

683 771 970 843 fragium»
1010 770 1430 842 ‘Colligationem
1459 780 1552 839 ,ut
1596 770 1870 833 arbitror,
1923 766 2074 832 dicit,
2124 779 2259 837 gen-

684 866 817 920 tium
855 862 1283 935 improbitatem,
1323 864 1615 918 ruditatem
1648 871 1704 917 et
1738 858 2106 916 contentionis
2142 867 2260 912 stu-

685 956 833 1011 dium
861 997 877 1022 ,
905 964 960 1011 et
997 957 1146 1011 velut
1179 970 1351 1010 nexus
1396 955 1678 1011 turbarum
1715 952 1767 1007 in
1809 952 2018 1021 aliquos
2054 960 2258 1017 texere,

682 1063 748 1102 ac
786 1046 999 1116 negmia
1055 1048 1348 1109 exhibere,
1407 1056 1463 1100 et
1515 1045 1857 1113 obliquorum
1913 1043 2259 1097 inventorum

684 1139 1013 1208 quaestiones
1044 1153 1283 1204 movere,
1310 1150 1367 1192 ut
1400 1138 1613 1205 aliquos
1642 1137 1937 1205 illaqueent
1965 1134 2258 1196 interdum,

687 1241 741 1286 et
792 1233 844 1285 iu
892 1230 1232 1286 inevitabiles
1272 1230 1645 1299 angustiarum
1705 1229 1893 1298 plagas
1942 1226 2258 1280 immittant.

687 1321 915 1392 Oportet
946 1325 1088 1377 enim
1117 1322 1415 1392 simplicem
1444 1336 1565 1377 esse
1594 1329 1647 1375 et
1673 1329 1916 1389 apertum
1962 1318 2258 1382 hominem,

689 1414 957 1484 siquidem
993 1414 1125 1468 velit
1164 1428 1191 1466 a
1235 1414 1346 1467 Deo
1375 1412 1594 1480 respici,
1639 1420 1691 1463 et
1720 1410 1837 1477 ejus
1880 1409 2017 1464 dona
2051 1422 2260 1462 concu-

688 1505 921 1575 piscere.
984 1503 1313 1575 Suﬂ'ragium
1349 1504 1498 1568 dicit,
1551 1501 1822 1571 corrumpi
1862 1501 2172 1556 muneribus
2208 1508 2266 1555 et

690 1596 868 1667 turpia
899 1597 1048 1651 lucra
1090 1605 1366 1662 expetere.
1408 1594 1651 1649 Dicimus
1704 1594 1851 1648 enim
1892 1592 2162 1647 interdum
2198 1592 2263 1646 de

690 1685 984 1751 nonnullis,
1018 1687 1083 1739 ad
1111 1685 1486 1755 accipiendum
1546 1685 1747 1738 habere
1808 1698 2024 1736 manum
2074 1692 2266 1738 exten-

691 1792 831 1841 sam,
861 1785 917 1830 et
963 1777 1030 1829 de
1057 1776 1408 1831 renuentibus
1442 1777 1679 1829 sordium
1716 1789 1899 1840 causa,
1929 1773 2130 1828 habere
2169 1788 2264 1828 eos

692 1874 1030 1920 contractam
1068 1881 1307 1920 manum.
1347 1865 1558 1920 Dictum
1590 1873 1675 1918 est
1733 1866 1898 1918 etiam
1946 1866 2012 1917 de
2042 1862 2126 1917 his
2171 1863 2263 1932 qui

690 1955 928 2012 Iudaica:
954 1956 1251 2028 Synagogae
1284 1956 1521 2026 prtefecti
1558 1965 1714 2010 erant
1746 1975 1759 2010 :
1808 1975 1825 2007 ‹
1860 1956 2109 2010 Prmfecti
2154 1955 2268 2023 ejus

692 2050 761 2105 ob
793 2065 1014 2104 munera
1044 2050 1383 2120 judicabant,
1420 2059 1474 2103 et
1499 2050 1805 2103 sacerdotes
1829 2050 1945 2118 ejus
1973 2048 2043 2102 ob
2072 2056 2266 2118 argen-

696 2150 806 2195 tum
836 2140 1277 2195 vaticinabantur
1312 2140 1381 2205 ⁸⁷⁸,
1414 2159 1431 2191 ι
1490 2150 1543 2193 et
1580 2141 1722 2207 quod
1776 2140 1905 2193 socii
1950 2140 2125 2194 furum
2174 2154 2270 2194 ex-

694 2232 958 2297 stiterint,
1014 2232 1294 2301 diligentes
1323 2233 1484 2295 dona,
1533 2239 1919 2300 persequentes
1964 2231 2264 2297 praemium.

698 2323 949 2393 Dixitque
980 2323 1191 2377 divinus
1221 2322 1530 2376 llabbaeum
1557 2338 1570 2373 :
1603 2341 1619 2371 ι
1642 2322 1938 2374 Adversum
1964 2334 2049 2373 me
2069 2318 2269 2373 factum

694 2422 779 2468 est
811 2412 1095 2482 judicium,
1129 2422 1183 2466 et
1206 2412 1371 2482 judex
1414 2410 1700 2478 accipit“.
1743 2428 1761 2460 ι
1802 2408 1896 2464 Vel
1921 2422 2051 2477 ergo
2076 2421 2267 2461 nomen

698 2506 850 2571 illud,
884 2502 1217 2576 χειροτονία,
1251 2503 1390 2556 dona
1424 2515 1622 2571 capere
1652 2498 1921 2569 signiﬁcat
1950 2514 1963 2550 :
2004 2498 2146 2567 quod
2185 2497 2272 2551 hic

699 2598 916 2652 auferre
952 2611 1014 2650 ac
1041 2608 1318 2649 removere
1367 2592 1521 2662 jubet
1579 2608 1593 2644 :
1635 2593 1716 2644 vel
1766 2591 1872 2645 alio
1917 2590 2079 2645 modo
2126 2591 2273 2643 vices

698 2689 995 2757 rependere
1026 2695 1195 2751 notat,
1230 2694 1283 2739 et
1308 2684 1507 2738 malum
1539 2683 1676 2735 man
1720 2697 1968 2751 pensare.
2026 2680 2099 2734 De
2147 2679 2271 2749 qui-

698 2778 928 2834 busdam
960 2778 1213 2831 nimirum
1246 2777 1381 2830 dixit
1405 2776 1722 2830 Psalmoilus
1749 2792 1761 2827 :
1797 2792 1815 2824 ι
1845 2772 2102 2827 Exlendit
2156 2786 2272 2825 ma-

701 2884 828 2923 num
876 2883 1028 2923 suam
1083 2871 1148 2921 ad
1212 2866 1617 2921 retribuemlum
1667 2863 1733 2918 ".
1811 2881 1829 2913 ι
1892 2863 2051 2916 Addit
2086 2874 2271 2915 vero:

706 2961 1162 3016 «Prolanaverunt
1181 2967 1554 3013 testamentum
1574 2958 1688 3025 ejus
1702 2957 1788 3010 “'.
1805 2955 2038 3024 iliaque,
2063 2964 2121 3008 ut
2140 2954 2270 3017 dixi,

700 3067 896 3107 manus
919 3051 1168 3106 extensio
1207 3048 1522 3119 significare
1571 3058 1750 3116 potest
1791 3046 2067 3111 talionem,
2109 3060 2273 3114 quam

701 3144 877 3200 reddit
925 3142 1214 3212 quispiam,
1267 3156 1381 3203 eos,
1414 3140 1504 3207 qui
1565 3138 1771 3207 aliquid
1825 3138 2125 3192 intulerunt
2157 3151 2273 3191 mo—

705 3236 875 3291 lestiae
900 3234 1187 3293 ulciscens,
1224 3243 1274 3285 et
1310 3233 1392 3284 his
1422 3229 1512 3298 qui
1551 3228 1894 3282 offenderunt
1946 3228 2082 3281 iram
2121 3239 2273 3296 rege-
2303 3239 2344 3297 ρ

704 3344 851 3383 rens.
896 3325 1235 3379 Meminimus
1252 3325 1414 3377 etiam
1450 3325 1623 3390 ipsum
1657 3319 2022 3374 Servaturem
2055 3320 2277 3373 dicere:

709 3438 728 3470 ι
769 3418 824 3471 Si
849 3417 971 3487 quis
1013 3416 1221 3484 alapam
1254 3415 1347 3468 tibi
1382 3413 1664 3483 impegerit
1699 3412 1749 3464 in
1776 3412 2063 3466 dexteram
2089 3411 2283 3466 main-

704 3508 853 3571 lam,
908 3508 1131 3563 obverle
1178 3506 1252 3559 illi
1321 3515 1375 3558 et
1418 3506 1641 3559 alteram
1667 3504 1730 3557 ⁵⁷.
1781 3522 1798 3554 ι
1856 3503 2283 3558 Mansuetudinis

706 3599 852 3654 enim
880 3606 935 3652 et
957 3596 1246 3650 vacuitatis
1296 3596 1391 3648 ira:
1434 3609 1702 3647 summum
1760 3600 1841 3646 est
1877 3601 2282 3662 argumentum,

708 3704 866 3759 posse
918 3689 1025 3742 vim
1050 3702 1203 3754 aequo
1241 3685 1423 3739 animo
1458 3685 1619 3744 ferre.
1661 3695 1716 3737 et
1761 3698 1864 3736 nou
1916 3682 2100 3736 ulcisci
2128 3696 2225 3736 eos
2252 3696 2283 3735 a

707 3781 903 3850 quibus
932 3778 1040 3833 laesi
1074 3792 1281 3843 sumus,
1318 3776 1409 3831 sed
1447 3775 1669 3841 injurias
1698 3775 1878 3843 potius
1922 3788 2109 3828 eorum
2144 3773 2282 3827 obli-

707 3873 863 3928 visci.
900 3870 1023 3925 Vult
1068 3870 1230 3923 etiam
1285 3867 1501 3921 auferre
1550 3866 1771 3919 verbum
1821 3863 2282 3919 obmurumratio-

709 3966 813 4021 nis.
846 3963 952 4019 Nos
976 3962 1118 4018 enim
1152 3961 1311 4015 hilari
1345 3970 1399 4014 et
1428 3960 1595 4012 alacri
1623 3958 1811 4011 animo
1841 3955 2035 4022 subiici
2065 3963 2286 4025 oportet

709 4054 905 4110 divinis
941 4052 1166 4121 legibus,
1223 4057 1277 4103 et
1324 4048 1539 4102 eximiae
1593 4044 1994 4100 conversatioui
2060 4043 2284 4097 omnino

712 4162 817 4200 non
862 4143 1178 4203 reclamare,
1228 4148 1319 4193 aut
1369 4138 1555 4208 jugum
1591 4137 1746 4208 quasi
1807 4144 2108 4199 excutere,
2162 4149 2284 4188 cum

712 4250 868 4289 mens
892 4234 1148 4302 devergat
1176 4232 1241 4285 ad
1264 4231 1618 4299 cupiditatem
1685 4244 1862 4283 rerum
1906 4227 2237 4282 deteriorum
2266 4264 2282 4291 ,

710 4334 765 4379 et
803 4328 1126 4392 voluptatem
1186 4322 1357 4391 mang
1406 4321 1583 4373 laudet
1631 4334 1793 4388 quam
1850 4318 2282 4385 temperantiam,

632 4484 645 4492 η
709 4414 871 4485 82ι
900 4422 955 4466 et
996 4412 1118 4464 vita:
1148 4411 1465 4465 veneranda:
1514 4410 1815 4463 mundanas
1865 4408 2088 4462 delicias
2131 4416 2286 4463 ante-

630 4498 639 4506 ’
711 4517 898 4576 ponat.
929 4505 1083 4571 Quod
1123 4504 1439 4558 factitarunt
1468 4501 1746 4564 Israelita),
1766 4514 1890 4554 eum
1914 4499 2042 4552 illud
2064 4497 2286 4567 profun-

2362 677 2467 739 σὶν,
2528 679 2636 731 ἀπὸ
2683 680 2776 732 σοῦ
2824 680 3139 751 σύνδεσμον,
3186 682 3279 734 καὶ
3328 673 3721 751 χειροτονίαν.
3801 695 3820 726 ι
3874 678 3961 727 Καὶ

2326 767 2660 839 ⁷σύνδεσμον
2705 772 2827 842 μὲν,
2872 771 2948 835 ὥς
2982 789 3045 840 γε
3090 768 3263 842 οἶμαι,
3302 774 3439 841 φησὶ⁵
3489 772 3597 841 τὴν
3660 769 3785 821 τῶν
3816 768 3957 820 ibin

2365 859 2685 931 μοχθηρίαν,
2720 863 3016 933 σκαιότητά
3061 880 3119 915 τε
3164 863 3259 915 καὶ
3300 862 3363 915 τὸ
3413 860 3775 931 φιλόνεικον,
3808 860 3960 911 καἱύ

2360 947 2472 1006 οἷον
2502 953 2831 1023 συνδέσμους
2859 956 3203 1025 πραγμάτων
3238 952 3577 1025 ἐργάζεσθαι
3607 952 3778 1003 κειτὰ
3805 967 3955 1009 τίων,

2363 1045 2458 1097 καὶ
2487 1044 2715 1097 σκολιῶν
2745 1047 3065 1116 εὐρεμάτων
3093 1046 3359 1099 ποιεῖσθαι
3383 1044 3685 1116 ζητήσεις,
3710 1042 3796 1104 ὡς
3823 1059 3957 1093 zzz:-

2362 1135 2584 1206 δεσμεῖν
2631 1135 2743 1189 ἔσθ’
2771 1138 2859 1190 ὅτε
2898 1137 3073 1203 τινὰς,
3120 1137 3216 1190 καὶ
3264 1136 3531 1206 ἀφύκτοις
3586 1135 3956 1203 περιστάσεων

2363 1226 2563 1279 ἐνιέναι
2596 1227 2832 1297 βρόχοις.
2853 1230 2947 1281 Δεῖ
2972 1229 3079 1298 γὰρ
3108 1228 3330 1289 ἁπλοῦν,
3351 1228 3444 1281 καὶ
3467 1226 3827 1296 εὐπρὸσιτον
3848 1221 3959 1275 εἶτε

2361 1317 2453 1370 τὸν
2497 1318 2812 1389 ἄνθρωπον,
2843 1321 3001 1390 εἴπερ
3044 1322 3156 1391 ἔχοι
3208 1322 3408 1374 σκοπὸν
3452 1318 3791 1391 ὲφορᾶσθαι
3834 1318 3957 1385 παρὲ

2363 1405 2532 1468 Θεοῦ,
2573 1407 2667 1461 κα)⁵
2713 1409 2821 1461 τῶν
2872 1409 3003 1479 παρ’
3032 1409 3198 1463 αὑτοῦ
3245 1408 3529 1478 γλίχεσθαι
3582 1406 3957 1478 χαρισμάτων.

2362 1495 2712 1569 Χειροτονίαν
2757 1499 2815 1553 δὲ
2857 1501 3000 1571 τάχα
3042 1500 3144 1554 πού
3191 1518 3323 1570 φησι
3352 1502 3450 1570 τὴν
3482 1498 3859 1569 δωροδοκίαν,
3886 1498 3958 1550 ui

2362 1586 2423 1639 τὸ
2453 1586 2757 1658 λημμάτων
2789 1590 3031 1662 αἰσχρῶν
3061 1590 3329 1660 ἐφίεσθαι,
3368 1590 3553 1659 φαμὲν
3587 1590 3716 1660 γὰρ
3759 1588 3868 1640 ἔσθ’
3888 1589 3959 1640 Eas

2365 1677 2493 1746 περί
2519 1695 2700 1745 τινων,
2728 1681 2804 1744 ὡς
2828 1681 2884 1734 δὲ
2911 1682 3010 1754 τὴν
3037 1686 3195 1755 χεῖρα
3228 1684 3364 1754 πρὸς
3405 1684 3467 1736 τὸ
3508 1683 3720 1736 λαϐεῖν
3753 1685 3956 1735 ἐκτετι-

2369 1765 2536 1837 μένην
2571 1768 2704 1838 ἔχει,
2739 1772 2832 1824 καὶ
2868 1774 2995 1843 περὶ
3030 1774 3138 1826 τῶν
3181 1775 3599 1842 ἀποσειομένων
3644 1774 3957 1841 alo-190159.

2365 1855 2553 1920 δείαις,
2582 1860 2665 1911 ὅτι
2701 1863 3137 1934 συνεσταλμένην
3168 1864 3279 1935 ἔχει
3310 1864 3409 1933 τὴν
3436 1866 3631 1934 χεῖρα.
3670 1862 3957 1933 Εἴρηταιέὶ

2370 1949 2497 2017 περὶ
2532 1949 2642 2002 τῶν
2674 1952 2995 2022 ἡγουμένων
3013 1955 3114 2025 τῆς
3148 1956 3416 2009 Ἰουδαίων
3447 1956 3843 2023 Συναγωγῆς·
3868 1976 3884 2005 ‹
3904 1954 3953 2008 0i

2370 2038 2660 2109 ἡγούμενοι
2689 2044 2858 2115 αὐτῆς
2897 2046 3036 2116 μετά
3069 2045 3259 2117 δώρων
3288 2047 3523 2118 ἔκρινον,
3557 2049 3671 2100 x1".
3722 2049 3773 2100 οἱ
3822 2049 3955 2115 ἱερεξ

2371 2130 2540 2200 αὐτῆς
2575 2134 2711 2202 μετά
2742 2135 3003 2207 ἀργυρίου
3027 2137 3405 2207 ἐμαντεύοντο,
3428 2157 3448 2189 ι
3479 2140 3581 2191 καὶ
3607 2140 3701 2190 ὅτι
3725 2138 3951 2206 refovet:
4042 2130 4043 2169 ί

2371 2223 2615 2275 κοινωνοὶ
2652 2224 2926 2291 κλεπτῶν,
2959 2227 3279 2295 ἀγαπῶντες
3309 2227 3480 2298 δῶρα,
3515 2227 3824 2289 διώκοντες
3848 2230 3949 2279 ἀντ-

2372 2314 2635 2384 απόδομα.
2682 2317 2824 2387 Ἔφη
2864 2317 2922 2369 δέ
2971 2334 3071 2370 που
3103 2319 3247 2372 καὶὸ
3278 2319 3565 2384 Θεσπέσιος
3622 2321 3941 2388 ’Δϐὁακοὸξν

2378 2422 2397 2456 t
2421 2405 2509 2471 Ἐξ
2532 2406 2780 2469 ἐναντίας
2817 2424 2917 2476 μου
2947 2407 3135 2476 γέγονε
3165 2409 3365 2480 κρίσις,
3402 2411 3500 2463 καὶ
3529 2413 3558 2463 ὁ
3604 2413 3815 2483 κριτὴς
3838 2412 3939 2478 λιμ-

2375 2494 2546 2548 6ἁνει.
2600 2515 2619 2548 ι
2693 2496 2903 2549 Οὐκοῦν
2952 2497 2984 2568 ἢ
3031 2498 3371 2569 δωροληψίας
3421 2501 3933 2571 ἐσται⁸σημαντιιέν

2373 2583 2630 2653 τοῦνομα,
2663 2584 2962 2648 τουτέστιν,
2995 2588 3027 2657 ἡ
3061 2589 3383 2657 χειροτονία,
3420 2589 3489 2660 ἢν
3512 2589 3580 2660 δὴ
3605 2593 3716 2643 καὶ
3742 2590 3941 2657 ἀφελεῖν,

2374 2673 2542 2743 ἤγουν
2595 2675 2902 2746 ἀποστῆσαι
2948 2680 3347 2748 προστέταχεψ
3397 2680 3430 2751 ἢ
3478 2683 3575 2734 καὶ
3634 2682 3769 2736 καθ’
3793 2683 3944 2749 ἕτερον

2374 2765 2575 2836 τρόπον
2598 2767 2661 2819 τὸ
2688 2768 3096 2839 ἀνταμύνασθαι
3125 2770 3292 2840 δηλοῖ,
3325 2772 3420 2825 καὶ
3449 2773 3515 2825 τὸ
3554 2774 3946 2826 ἀνταποδιδόναι

2376 2859 2545 2912 κακὸν
2565 2860 2685 2914 ἀντὶ
2717 2860 3063 2932 κακοῦ.¹Ἐφη
3085 2861 3216 2930 γοῦν
3238 2866 3267 2916 ὁ
3288 2864 3596 2934 Ψαλμῳδὸς
3636 2866 3771 2936 περί
3795 2882 3944 2921 τινων.
4042 2874 4043 2936 ι

2377 2952 2458 3005 ὅτι
2495 2969 2513 3002 ι
2538 2950 2801 3015 Ἐξέτεινε
2829 2952 2928 3023 τὴν
2955 2955 3109 3022 χεῖρα
3137 2952 3303 3005 αὐτοῦ
3353 2954 3413 3005 ὲν
3455 2954 3535 3023 τῷ
3582 2955 3903 3008 ἀποδιδόναι.
3929 2973 3943 3002 ι

2377 3043 2718 3113 Πῳσεπάγει
2734 3044 2811 3109 δὲ,
2826 3044 2906 3095 ὅτι
2926 3062 2943 3093 ι
2956 3043 3329 3114 Ἑὸεὸήλωσαν
3342 3043 3441 3112 τὴν
3458 3044 3738 3116 διαθήκην
3754 3044 3943 3097 αὑτοῦ.»

2378 3133 2587 3187 Οὐκοῦν
2618 3136 2650 3205 ἡ
2684 3134 2781 3204 τῆς
2826 3136 3006 3205 χειρὸς
3038 3136 3254 3199 ἔκτασις
3294 3140 3752 3209 κατασημήνειεν
3782 3139 3861 3201 ἂν,
3888 3140 3946 3198 ὡς

2377 3225 2532 3294 ἔφην,
2561 3228 2654 3281 καὶ
2691 3228 2791 3298 τὴν
2839 3229 3213 3295 ἀνταπόδοσιν,
3261 3232 3328 3300 ἣν
3360 3230 3426 3285 ἄν
3472 3249 3557 3294 τις
3596 3235 3805 3285 ποιοῖτο
3844 3230 3947 3291 to};

2383 3318 2869 3389 καταλυπήσαντας
2888 3321 3242 3389 ἀμυνόμενος,
3262 3322 3355 3373 καὶ
3382 3325 3497 3384 τοῖς
3528 3322 3944 3392 προσκροὺσσςιν
4042 3318 4043 3349 ί

2383 3407 2777 3477 ἀντεπαγαγὼν
2804 3410 2870 3462 τὰ
2902 3410 2960 3474 ἐξ
2985 3410 3175 3481 ὀργῆς.
3206 3412 3562 3484 Μεμνὴμεθα
3587 3413 3647 3465 δὲ
3680 3415 3772 3465 καὶ
3804 3410 3942 3463 r‘mﬁ

2383 3499 2476 3552 τοῦ
2512 3501 2760 3572 Σωτῆρος
2805 3502 3073 3569 λέγοντος,
3105 3505 3186 3555 ὅτι
3216 3522 3234 3553 ι
3258 3504 3381 3558 Ἐάν
3411 3506 3497 3569 τίς
3552 3522 3613 3557 σε
3650 3507 3849 3575 paria,
3876 3504 3939 3563 εἰς

2384 3590 2483 3660 τὴν
2511 3590 2690 3657 δεξιὰν
2721 3594 2961 3661 σιαγόνα,
3001 3595 3230 3666 στρέψον
3266 3596 3414 3666 αὑτῷ
3449 3597 3551 3649 καὶ
3591 3598 3693 3667 τὴν
3729 3596 3891 3664 ἀλλην.
3918 3613 3933 3643 ι

2386 3683 2699 3754 Πραότητος
2736 3685 2845 3755 γάρ
2873 3686 2968 3739 καὶ
2993 3687 3289 3758 ἀοργησίας
3317 3691 3417 3758 τῆς
3456 3691 3539 3752 είς
3572 3690 3732 3758 λῆξιν
3758 3689 3933 3742 dsiet:-

2387 3771 2468 3837 εις
2491 3775 2688 3841 γένοιτ’
2717 3776 2783 3829 ἂν
2809 3777 2869 3830 τὸ
2894 3777 3090 3830 εἰδέναι
3113 3776 3491 3849 διακαρτερεῖν
3523 3783 3588 3833 ἐν
3617 3781 3924 3845 πλεονεξία,

2386 3866 2480 3918 καὶ
2537 3865 2610 3938 μὴ
2668 3867 3073 3938 ἀνταμύνεσθαι
3133 3870 3307 3936 φιλεῖν
3360 3870 3489 3934 τοὺς
3539 3872 3927 3942 λελυπηκόταῇ

2386 3958 2778 4028 ἁμνησικάκως
2834 3959 2891 4012 δὲ
2953 3960 3151 4028 μᾶλλον
3200 3961 3506 4014 διακεῖσθαι
3564 3965 3702 4036 περὶ
3757 3960 3931 4020 αὖτοὴ.

2400 4046 2641 4114 Ἀφελεῖν
2679 4048 2736 4101 δὲ
2785 4048 3031 4118 βούλεται
3078 4050 3212 4119 πρὸς
3254 4052 3428 4121 τούτῳ
3458 4052 3555 4104 καὶ
3592 4054 3807 4123 ῥήματα
3834 4068 3934 4117 τοτα

2387 4139 2620 4208 γυσμοῦ.
2651 4142 2742 4193 Δεῖ
2772 4140 2879 4211 γὰρ
2911 4143 3059 4211 ἡμᾶς
3104 4143 3272 4213 ἱλαρῷ
3315 4146 3635 4215 φρονήματι
3671 4148 3778 4208 τοῖς
3806 4144 3935 4204 θείοις

2388 4231 2709 4285 ὑποκεῖσθαι
2753 4234 2957 4303 νόμοις,
2992 4234 3086 4287 καὶ
3123 4236 3220 4306 τῆς
3251 4235 3533 4306 ὲξαιρέτου
3575 4237 3838 4299 πολιτείας
3860 4252 3935 4305 μη-

2386 4323 2578 4393 δεμίαν
2635 4325 2904 4378 ποιεῖσθαι
2965 4326 3236 4397 κατασοὴν
3259 4367 3274 4388 ,
3330 4331 3621 4398 μονονουχὶ
3672 4332 3762 4382 τὸν
3805 4328 3934 4394 ζυγὸν

2388 4412 2849 4483 ἀποσειομένους,
2899 4415 2992 4468 καὶ
3058 4416 3496 4484 καταφοιτῶντος
3550 4418 3650 4470 τοῦ
3702 4418 3785 4472 νοῦ
3828 4416 3933 4486 πρὸς

2390 4503 2576 4573 ἔφεσιν
2612 4505 2711 4574 τὴν
2742 4507 2833 4558 ἐπί
2866 4523 2931 4573 γε
2963 4510 3077 4570 τοῖς
3105 4507 3331 4578 χείροσι,
3366 4509 3457 4561 καὶ
3492 4509 3799 4581 φιληδονίαν
3822 4509 3931 4576 μᾶλ-

712 4600 837 4650 dum
855 4598 1137 4651 desertum
1164 4594 1581 4663 pertransirent.
1611 4592 1824 4647 Etenim
1844 4591 1953 4646 Deo
1974 4590 2079 4645 illis
2101 4591 2274 4645 demit.

2392 4567 2480 4647 λον
2514 4567 2889 4660 ἐπαινοῦντος.
2923 4597 2954 4668 ἣ
3003 4567 3348 4669 ἐγκράτειαν,
3389 4567 3632 4665 xui-ra;
3678 4606 3735 4654 ἐν
3778 4567 3933 4667 κόσμῳ

713 4697 858 4743 tente
894 4702 1114 4751 manna,
1157 4687 1223 4738 ad
1277 4686 1521 4753 turpiora
1561 4683 1917 4747 inclinabant,
1977 4683 2221 4737 dicentes
2265 4697 2280 4735 :

713 4798 733 4833 ε
784 4780 1000 4837 Utinam
1044 4779 1339 4832 fuissemus
1369 4777 1564 4831 mortui
1595 4777 1837 4845 percussi
1871 4791 1900 4829 a
1952 4774 2183 4830 Domino
2229 4774 2281 4828 in

712 4881 853 4926 terra
890 4870 1130 4941 Egypti,
1187 4870 1403 4939 quando
1439 4870 1741 4923 assedimus
1774 4868 1894 4922 ollis
1931 4867 2199 4926 carnium.
2231 4876 2285 4921 et

711 4960 1044 5015 comedimus
1069 4975 1235 5030 panes
1256 4961 1321 5012 ad
1342 4958 1767 5013 saturitatem"!
1795 4978 1812 5009 ι
1839 4959 1944 5013 Sed
1970 4959 2069 5012 hoc
2094 4966 2282 5012 contra

714 5050 879 5103 Deum
906 5065 1152 5103 murmur
1187 5050 1289 5102 illis
1312 5048 1520 5102 creavit
1547 5049 1793 5102 exitium.
1824 5047 2109 5102 Perierunt
2137 5048 2281 5103 enim

712 5154 743 5193 a
809 5142 1169 5209 serpentibus.
1232 5140 1372 5195 lline
1429 5139 1625 5195 Paulus
1696 5140 2134 5210 sapientissimus
2199 5142 2284 5195 in-

712 5232 878 5300 quit:
924 5250 940 5283 i
1002 5230 1179 5287 Nolite
1225 5249 1565 5288 murmurare
1618 5234 1775 5288 sicuti
1827 5250 2014 5289 eorum
2063 5234 2283 5303 quidam

713 5332 1143 5387 murmuraruut,
1201 5334 1253 5378 et
1308 5342 1336 5377 a
1404 5325 1750 5395 serpentibus
1797 5326 2075 5393 perierunt
2126 5325 2192 5377 δ’.
2258 5342 2277 5375 ι

712 5414 893 5480 Quare
929 5414 1086 5468 hilari
1118 5416 1301 5471 animo
1340 5432 1401 5471 ae
1428 5427 1675 5486 prompto
1704 5416 1955 5470 convenit
1985 5415 2163 5470 omnis
2188 5431 2283 5470 or-

712 5512 870 5557 natus
895 5514 948 5558 et
985 5503 1267 5574 elegantia:
1314 5508 1614 5561 studiosum
1675 5522 1797 5562 esse
1825 5546 1840 5570 ,
1882 5515 2043 5575 atque
2086 5506 2285 5561 eximia

712 5595 853 5650 facta
885 5608 1161 5666 expetere.
1199 5599 1494 5669 Postquam
1526 5609 1702 5653 autem
1743 5598 2030 5653 abstuleris
2058 5601 2284 5653 verbum

713 5689 1182 5754 murmuratiouis,
1213 5690 1257 5745 si
1286 5692 1381 5746 des
1416 5705 1608 5762 panem
1642 5691 1927 5755 esurienti,
1970 5700 2024 5743 et
2048 5691 2282 5745 animam

781 5794 1018 5865 ⁵⁵Μίε1ι.
1048 5814 1133 5863 ιιι,
1166 5800 1251 5855 ll.
1351 5802 1397 5834 "
1434 5801 1639 5858 Habac.
1675 5817 1711 5865 ι,
1746 5802 1800 5856 ‘5.

712 5864 800 5919 ’Ἰ
828 5864 951 5920 Cor.
991 5883 1043 5933 x,
1072 5870 1125 5922 9.

1904 5802 1950 5833 “
1975 5802 2117 5859 Psal.
2152 5818 2259 5869 Liv,
2288 5802 2379 5861 21.

2390 4686 2599 4756 τρυφὰς
2645 4688 3033 4757 προτάττοντος
3076 4689 3169 4743 τοῦ
3210 4690 3450 4744 διαϐιοῦν
3484 4691 3706 4744 ἑλέσθαι
3738 4690 3927 4749 eam};

2397 4778 2462 4829 Ὀ
2486 4776 2550 4848 δὴ
2580 4777 2673 4830 καὶ
2699 4778 3044 4849 πεπράχασιν
3063 4781 3113 4833 οἱ
3138 4781 3196 4847 ἐξ
3222 4782 3437 4851 Ἰσραὴλ
3457 4783 3559 4853 τὴν
3590 4783 3803 4853 βαθεξαν
3822 4780 3927 4833 ἐκεὲο

2390 4884 2487 4936 νην
2516 4867 2888 4937 διατρέχοντες
2915 4869 3139 4941 ἔρημον.
3168 4870 3459 4935 Καθιέντος
3488 4874 3600 4943 γὰρ
3626 4875 3721 4927 τοῦ
3753 4871 3864 4925 Θεοῦ
3882 4869 3926 4919 τὸ

2395 4958 2569 5027 μάννα
2595 4960 2798 5022 αὐτοῖς,
2825 4959 2923 5031 τὴν
2952 4962 3088 5031 πρὸς
3112 4962 3179 5015 τά
3209 4963 3401 5033 αίσχίω
3432 4964 3607 5035 ῥοπὴν
3648 4965 3925 5032 εἰσεδέχθη)

2394 5049 2661 5117 λέγοντες,
2697 5070 2715 5101 r
2754 5052 2980 5120 Ὄφελον
3011 5054 3369 5124 ἀπεθάνομεν,
3407 5055 3712 5124 πληγέντες
3734 5056 3824 5107 ὑπὸ
3843 5054 3923 5104 Ku-

2396 5140 2511 5210 ρίου
2544 5143 2602 5194 ἐν
2627 5146 2697 5213 γῇ
2728 5143 3025 5211 Αἰγύπτου,
3044 5146 3170 5199 ὅταν
3199 5146 3533 5217 ἐκαθίσαμέν
3568 5149 3663 5201 ἐπὶ
3687 5148 3788 5199 τῶν
3802 5142 3925 5209 λεὸήο

2392 5250 2500 5285 των
2523 5235 2630 5287 τῶν
2653 5236 2849 5305 κρεῶν,
2868 5237 2961 5289 καὶ
2982 5238 3241 5308 ἡσθίομεν
3260 5239 3455 5309 ἄρτους
3487 5242 3569 5303 εἰς
3592 5239 3921 5309 πλησμονήω

2407 5324 2545 5378 Ἀλλ’
2594 5325 2893 5396 ἐκϐέϐηκεν
2935 5328 3118 5391 αὐτοῖς
3171 5330 3250 5392 εἰς
3299 5330 3519 5401 ὄλεθρον
3568 5334 3596 5384 ὁ
3641 5332 3778 5385 κατὰ
3820 5322 3923 5379 Θειῧ

2386 5417 2718 5486 γογγυσμὸς,
2747 5417 3026 5472 ἀπώλοντο
3056 5420 3165 5491 γὰρ
3194 5421 3297 5473 ὑπὸ
3320 5420 3428 5473 τῶν
3468 5422 3665 5491 ὄφεων.
3702 5420 3923 5490 Tata-.37;

2390 5508 2484 5562 καὶ
2531 5510 2560 5560 ὁ
2610 5508 2922 5580 σοφώτατος
2970 5512 3201 5578 Παῦλος,
3237 5531 3256 5563 r
3302 5515 3392 5582 Μὴ
3439 5514 3755 5584 γογγύζετε,
3801 5508 3919 5579 φησὶ

2391 5600 2572 5665 καθώς
2620 5619 2764 5665 τινες
2822 5602 3002 5656 αὐτῶν
3030 5605 3357 5672 ἐγόγγυσαν,
3390 5607 3482 5659 καὶ
3513 5606 3618 5658 ὑπὸ
3656 5605 3762 5657 τῶν
3784 5604 3919 5667 ὄφεων

2390 5691 2686 5747 ἀπώλοντο.
2719 5713 2738 5746 ι
2787 5694 2995 5748 Οὐκοῦν
3036 5696 3206 5766 ἱλαρῷ
3240 5698 3552 5768 φρονήματι
3582 5698 3835 5765 προσήκει
3855 5688 3919 5740 τὸν

2485 5808 2549 5840 ’⁵⁸⁸
2584 5809 2716 5865 ibid.
2819 5810 2861 5841 ⁸⁷
2907 5809 3094 5869 Matth.
3130 5828 3180 5875 ν,
3206 5810 3294 5864 59.
3432 5810 3479 5842 ⁵⁸
3509 5810 3677 5863 Exod.
3733 5822 3832 5867 va.
3874 5802 3913 5854 5·
