4140 6484
157 452 308 511 1293

1298 446 1365 507 IN
1405 448 1646 508 lSAlAM
1684 447 1816 505 LIB.
1861 447 1923 506 V.
1965 445 2206 506 TOMUS
2243 446 2332 503 IV.

3291 444 3428 500 1294

152 575 385 643 ἀπάσης
429 570 729 643 εὐκοσμίας
777 572 1132 644 ἐπιμελητὴν,
1162 575 1258 628 καὶ
1294 574 1404 628 τῶν
1445 572 1740 644 ἐξαιρέτων

1871 570 2192 625 mmiliatam
2230 565 2588 630 saturaveris,
2625 566 2677 621 id
2718 574 2845 630 est,
2900 564 2943 620 si
2983 563 3296 620 misericdrs
3320 602 3338 630 ,
3378 563 3426 619 si

152 663 452 733 ἐφιέμενον
498 661 1022 734 ἀνδραγαθημάτων,
1051 663 1265 732 ἀφελὼν
1293 664 1350 717 δὲ
1375 664 1434 718 τὸ
1461 663 1614 734 ῥῆμα
1656 660 1750 715 τοῦ

152 750 507 822 γογγυσμοῦ,
543 751 638 805 ἐὰν
678 751 782 824 δῷς
809 751 901 806 τὸν
931 752 1094 823 ἄρτον
1124 752 1399 818 πεινῶντι,
1437 753 1530 805 καὶ
1573 750 1752 822 ψυχὴν

152 843 643 914 τεταπεινωμένην
667 843 973 917 ἐμπλήσῃς,
998 843 1293 908 τουτέστιν,
1318 845 1366 897 εί
1386 844 1560 912 γένοιο
1581 842 1754 912 φιλοι·

155 932 436 1004 κτίρμων,
461 931 762 1002 φιλάγαθός
791 949 852 985 τε
893 935 988 986 καὶ
1011 931 1350 1002 φιλάλληλος,
1377 930 1750 1002 εὑμετάδοτος,

155 1025 262 1076 καὶ
294 1023 626 1088 κοινωνικὸς,
650 1023 859 1077 καὶτὸν
889 1025 1116 1094 πλησίον
1147 1023 1374 1092 ἀγαπῶν
1397 1022 1472 1083 ὡς
1502 1021 1749 1087 σεαυτὸν,

155 1115 288 1168 τότε
317 1114 566 1168 ἀνατελεῖ
612 1115 668 1168 ἐν
720 1114 799 1185 τῷ
842 1115 1023 1169 σκότει
1051 1115 1112 1169 τὸ
1136 1115 1250 1183 φῶς
1273 1131 1387 1168 σου.
1423 1112 1546 1176 Πῶς
1588 1111 1646 1164 δὲ
1689 1110 1754 1182 δὴ

158 1205 278 1277 ἄρα
309 1206 406 1258 καὶ
438 1205 733 1271 τοῦτοςὩς
762 1206 871 1277 γὰρ
900 1210 965 1261 ἐκ
992 1206 1184 1269 νυκτὸς
1206 1204 1386 1277 ἡμέρα
1413 1203 1642 1272 γίνεται,
1664 1201 1755 1256 οῦ-

159 1312 277 1360 τως
326 1297 384 1348 ἐν
428 1297 582 1367 ἡμῖν,
604 1297 1025 1368 ἐκπεμπομένου
1069 1294 1165 1349 τοῦ
1212 1293 1406 1366 νοητοῦ
1442 1294 1666 1357 σκότους
1692 1292 1756 1345 τὸ

160 1383 313 1438 θεῖον
337 1386 768 1456 ἀντεισκρίνεται
804 1386 939 1456 φῶς,
965 1385 1042 1447 ὡς
1073 1386 1248 1440 δοκεῖν
1275 1381 1415 1439 εἶναι
1452 1387 1510 1438 ἐν
1544 1401 1760 1456 μεσημ-

161 1475 319 1546 ϐρίᾳ,
338 1477 633 1541 τουτέστιν,
663 1479 721 1531 ἐν
743 1479 894 1549 ἀκμῇ
914 1464 1316 1547 λαμπρότητος.
1346 1475 1757 1548 Μεσημϐρίζων

161 1568 282 1638 γάρ
299 1571 326 1620 ό
348 1567 439 1620 τοῦ
468 1567 620 1637 ⁴ἡλίου
651 1566 849 1629 κύκλος
895 1569 1260 1639 ἀκμαιότατον
1284 1567 1403 1620 τότε
1427 1567 1492 1638 δὴ
1521 1566 1756 1638 μάλιστα

161 1660 285 1721 τοῖς
329 1657 422 1709 ἐπὶ
462 1657 564 1727 γῆς
596 1656 767 1728 ἐνίησι
798 1655 859 1709 τὸ
886 1658 1221 1727 φῶς.Ἕσται
1253 1657 1318 1729 δὴ
1349 1656 1524 1720 οὑτως
1559 1657 1588 1708 ὁ
1625 1655 1759 1719 Θεός

165 1765 270 1802 σου
300 1747 438 1819 μετὰ
464 1747 557 1801 σοῦ
583 1747 673 1800 διά
705 1748 924 1812 παντός.
958 1747 1239 1820 Πάμμεγα
1265 1749 1322 1801 δὲ
1356 1747 1494 1820 πρὸς
1521 1747 1632 1810 τοῖς
1660 1745 1756 1800 ἀλα

163 1840 288 1904 λοις
321 1840 413 1894 καὶ
445 1839 623 1895 τοῦτο.
649 1841 714 1893 Τί
744 1840 853 1911 γάρ
885 1841 984 1912 οὑχ
1011 1841 1249 1913 ὑπάρχει
1271 1839 1381 1894 τῶν
1406 1839 1626 1908 ἀγαθῶν
1644 1840 1759 1902 τοῖς

1853 678 2048 719 amans
2087 665 2378 727 bonormn,
2411 670 2466 717 et
2497 670 2678 715 mutua
2705 660 2840 716 alios
2865 659 3236 730 complectens
3266 660 3434 714 bene-

1855 757 2121 820 volentia,
2170 756 2216 812 si
2252 756 2321 810 ad
2365 753 2782 826 impartiendum
2817 764 2873 808 et
2923 755 3432 808 communicandum

1816 845 2035 904 .l'acilis
2088 844 2300 909 fueris,
2351 853 2407 898 et
2461 844 2763 912 proximum
2817 841 3011 912 diligas
3049 851 3109 896 ut
3151 845 3432 911 teipsum:

1857 944 1987 991 tunc
2013 936 2222 991 orietur
2254 936 2307 988 in
2334 933 2574 1001 tenebris
2596 933 2774 987 lumen
2810 941 2983 986 tuum.
3008 933 3184 1000 Atqui
3215 933 3434 986 tandem

1856 1029 2003 1083 hoc?
2031 1025 2501 1094 Quemadmodum
2533 1025 2678 1078 enim
2725 1039 2790 1078 ex
2844 1035 3002 1079 nocte
3035 1025 3154 1079 dies
3193 1024 3253 1078 iit
3301 1062 3316 1087 ,
3349 1024 3433 1078 sic

1852 1127 1909 1174 et
1946 1119 1997 1172 in
2038 1118 2216 1183 nobis,
2259 1116 2598 1186 spiritalibus
2623 1117 2862 1171 tenebris
2887 1115 3154 1185 depulsis,
3193 1116 3436 1170 divinum

1856 1211 2038 1264 lumen
2075 1224 2264 1264 earum
2291 1209 2409 1264 loco
2438 1208 2604 1274 subit,
2665 1208 2737 1262 ita
2776 1216 2834 1260 ut
2872 1207 2922 1260 in
2952 1207 3196 1272 meridie,
3238 1206 3290 1260 id
3329 1217 3433 1269 εει,

1857 1317 2073 1358 summo
2126 1302 2180 1356 in
2248 1300 2538 1370 splendore
2565 1315 2686 1356 esse
2747 1301 3048 1354 videamur.
3121 1297 3438 1351 Meridiante

1857 1395 2004 1448 enim
2033 1395 2167 1449 solis
2193 1393 2421 1458 circulo,
2447 1393 2539 1447 lux
2587 1403 2700 1447 tum
2755 1391 3131 1446 intensissima
3161 1399 3318 1445 terra:
3357 1390 3436 1442 in-

1857 1483 1994 1538 colis
2025 1484 2357 1539 immittitur.
2396 1483 2627 1553 Eritque
2653 1482 2732 1538 sic
2761 1484 2900 1536 Deus
2927 1491 3054 1536 tuus
3087 1491 3262 1537 tecum
3293 1495 3438 1534 sem-

1858 1584 1992 1637 per;
2029 1579 2114 1625 est
2143 1586 2361 1642 quoque
2416 1573 2518 1626 hoc
2548 1582 2748 1641 praeter
2772 1571 2876 1626 alia
2927 1571 3244 1626 maximum.
3297 1569 3438 1636 Quid

1856 1659 1999 1713 enim
2042 1660 2164 1714 boni
2206 1677 2310 1716 non
2350 1662 2505 1716 adest
2545 1661 2626 1714 bis
2672 1661 2761 1728 qui
2801 1660 2904 1716 hoc
2952 1669 3081 1716 sunt
3127 1659 3441 1715 consecuti?

1858 1751 1962 1804 Aut
1990 1751 2188 1819 quibus
2214 1750 2373 1806 donis
2410 1767 2516 1806 non
2541 1753 2783 1806 abundat
2831 1754 3011 1818 homo,
3039 1752 3083 1805 si
3131 1751 3271 1804 Deus
3313 1763 3440 1804 cum

1862 1840 1951 1895 illo
1973 1842 2066 1906 sit,
2095 1842 2184 1910 qui
2203 1843 2382 1897 omnia
2403 1851 2650 1912 potestet
2671 1843 2840 1898 divite
2869 1857 3030 1896 manu
3051 1841 3328 1896 distribuit
3349 1855 3438 1904 ea,

161 1931 330 1986 τοῦτο
357 1931 646 2003 λαχοῦσινς
676 1933 708 2005 ἢ
740 1933 908 1987 ποίων
940 1934 1041 1986 οὐκ
1069 1932 1221 1988 ἐσται
1247 1932 1603 2005 χαρισμάτων
1635 1931 1756 1984 ἐπί-

1871 1945 2087 2001 quorum
2117 1934 2487 2002 suppeditatur
2513 1945 2596 1990 est
2618 1934 2932 2004 etlargitor,
2950 1934 3044 2002 qui
3069 1933 3231 1987 etiam
3255 1941 3440 1986 tenta-

167 2039 370 2092 μεστος
420 2021 724 2094 ἄνθρωπος,
759 2023 894 2078 Θεοῦ
945 2023 1195 2087 συνόντος
1240 2021 1390 2091 αὑτῷ
1435 2019 1530 2074 τοῦ
1579 2021 1758 2074 πάντα

167 2113 469 2183 ἰσχύοντος,
505 2114 600 2168 uel.
648 2114 875 2187 πλουσίᾳ
919 2114 1064 2186 χειρὶ
1092 2113 1438 2184 διανέμοντος
1471 2111 1540 2166 τὰ
1571 2103 1768 2182 ὧνπέρ

163 2204 290 2257 ἐστι
336 2205 569 2277 χορηγὸς
619 2207 714 2261 καὶ
757 2206 938 2278 δοτὴρ,
964 2206 1057 2259 καὶ
1103 2204 1500 2268 ἀποσοϐοῦντος
1536 2203 1636 2276 μὲν
1659 2203 1760 2266 τάς

1863 2022 2074 2077 tionum
2128 2024 2361 2092 impetus
2379 2025 2678 2094 propulsat,
2702 2027 2943 2094 adeoque
2964 2023 3155 2079 fortem
3171 2022 3368 2085 reddit,
3382 2029 3442 2076 ut

1863 2123 1919 2169 et
1942 2115 1994 2168 in
2013 2114 2323 2169 universum
2350 2116 2448 2186 ipsi
2470 2117 2688 2170 Satanae
2705 2126 2757 2172 et
2779 2115 3244 2186 perturbationum
3270 2112 3440 2166 msul-

1868 2207 2013 2294 tibus
2044 2208 2300 2263 resistat?

163 2297 280 2353 τῶν
308 2297 628 2370 πειρασμῶν
667 2299 911 2367 ἐφόδους,
940 2297 1168 2368 εὑσθενῆ
1204 2297 1260 2351 δὲ
1296 2295 1441 2350 οῦτω
1483 2295 1747 2360 τιθέντος,
1785 2287 1926 2352 ὥστε
1957 2300 2048 2352 καὶ
2103 2298 2488 2353 ἀντανίσασθαι
2545 2299 2777 2368 γενικῶς
2825 2301 2919 2353 καὶ
2941 2299 3088 2370 αὑτῷ
3109 2299 3187 2372 τῷ
3207 2297 3442 2369 Σατανᾷ,

164 2393 269 2448 καὶ
296 2393 416 2454 ταῖς
450 2391 514 2444 ἐκ
544 2389 732 2444 παθῶν
758 2388 1040 2461 ἐπηρείαις
1065 2406 1080 2454 ;

238 2483 352 2538 Kal
399 2480 832 2552 ἐμπλησθήσῃ,
873 2480 1138 2549 καθάπερ
1177 2479 1458 2550 ἐπιθυμεῖ
1503 2481 1541 2548 ἡ
1589 2479 1762 2549 ψυχή

167 2591 314 2638 σου,
350 2575 448 2628 καὶ
489 2573 560 2626 τὰ
597 2571 748 2628 ὀστᾶ
787 2589 905 2628 σου
947 2571 1406 2641 πιανθήσονται,
1449 2573 1530 2636 ὡς
1568 2570 1765 2638 κῆπος

163 2670 428 2737 μεθύων,
471 2666 569 2720 καὶ
602 2666 683 2732 ὡς
717 2665 903 2735 πηγὴ,
931 2663 1012 2733 ἣν
1034 2664 1121 2735 μὴ
1157 2663 1436 2727 ἐξέλιπεν
1460 2663 1636 2732 ὕδωρ,
1665 2662 1766 2716 καί

170 2761 248 2814 τὰ
275 2758 428 2814 ὀστᾶ
457 2774 574 2812 σου
603 2755 932 2824 ὡςβοτὰνη
966 2754 1252 2810 ἀνατελεῒ
1277 2754 1376 2808 καὶ
1398 2753 1768 2819 πιανθήσον-

171 2866 293 2915 ται,
329 2850 424 2903 καὶ
455 2846 985 2916 κληρονομήσουσι
1015 2847 1226 2915 γενεὰς
1253 2843 1494 2914 γενεῶν.

247 2942 358 2994 Καὶ
389 2941 532 3004 τίνος
557 2939 664 3010 ἀρα
688 2935 1140 3009 ἐμπλησθήσεσθε
1160 2954 1174 2969 ·
1199 2935 1355 3008 φησί·
1377 2934 1548 2988 Θείων
1573 2933 1758 3004 δηλον-

1941 2477 2104 2532 Vens.
2140 2477 2229 2533 Η.
2297 2478 2363 2531 Ει
2425 2477 2738 2545 impleberis,
2765 2478 2896 2532 sicut
2938 2479 3202 2534 desiderat
3261 2484 3443 2538 anima

1868 2578 1984 2630 tua,
2005 2578 2050 2620 et
2081 2585 2201 2622 ossa
2235 2578 2326 2622 tua
2377 2570 2736 2637 pinguescant,
2774 2579 2828 2622 ut
2857 2570 3037 2624 hortus
3083 2573 3278 2638 ebrius,
3308 2589 3356 2630 et
3385 2588 3443 2630 ut

1866 2659 1984 2728 {om
2015 2675 2164 2729 quem
2205 2675 2306 2712 non
2356 2660 2584 2713 deseruit
2639 2677 2796 2730 aqua.
2844 2661 2909 2715 Et
2961 2679 3080 2716 ossa
3119 2667 3256 2719 velut
3281 2669 3443 2723 herba

1868 2754 2129 2816 orientur,
2158 2763 2204 2805 et
2234 2753 2590 2821 pinguescant,
2615 2763 2661 2806 et
2684 2754 3066 2808 Itwreditnbunt
3085 2763 3442 2826 generationes

1867 2845 2284 2912 generatiouum.

1934 2936 2000 2989 Et
2028 2951 2131 3004 qua
2156 2951 2214 2991 re
2241 2951 2392 3004 ergo,
2441 2937 2633 3007 inquit,
2688 2937 3076 3009 implebimini?
3114 2939 3318 2996 Divinis
3339 2946 3445 2997 sei-

171 3036 258 3089 ότι
295 3033 670 3106 χαρισμάτων,
703 3031 798 3084 καὶ
841 3029 1050 3102 τροφῆς
1078 3028 1482 3102 ἀγιοπρεποῦς·
1528 3028 1604 3092 ὼς
1649 3026 1759 3098 γὰρ

1871 3035 1987 3089 licet
2009 3033 2322 3090 muneribus
2350 3045 2402 3090 et
2423 3045 2609 3090 sancto
2642 3035 2784 3090 cibo.
2816 3033 2888 3090 Ut
2912 3037 3055 3091 enim
3099 3037 3210 3106 ipse
3249 3039 3443 3093 alicubi

171 3127 336 3189 αὑτὸς
358 3125 460 3196 ἐφη
491 3139 588 3178 που
611 3121 860 3194 Χριστόςο
900 3140 918 3174 ι
948 3122 1062 3175 Οὐκ
1083 3123 1169 3175 ἐπ’
1191 3121 1342 3192 ἄρτῳ
1364 3122 1509 3191 μόνῳ
1535 3118 1761 3190 ζήσεται

173 3219 480 3290 ἄνθρωπος,
511 3216 628 3270 ἀλλ’
655 3217 745 3269 ἐπὶ
789 3216 954 3269 παντὶ
984 3215 1190 3287 ῥήματι
1230 3211 1649 3283 ἐκπορευομένῳ
1676 3211 1764 3266 διὰ

1865 3127 2001 3182 dixit
2025 3125 2285 3181 Dominus
2320 3143 2334 3180 :
2373 3142 2393 3179 ι
2431 3124 2546 3180 Non
2579 3126 2633 3180 in
2663 3129 2780 3181 solo
2808 3141 2944 3195 pane
2967 3129 3111 3180 vivet
3147 3129 3324 3192 homo,
3353 3131 3446 3183 sed

1868 3221 1924 3276 in
1966 3221 2115 3277 omni
2164 3218 2329 3272 verbo
2373 3217 2514 3286 quod
2557 3216 2800 3287 procedit
2829 3231 2896 3272 ex
2929 3231 3023 3271 ore
3071 3218 3160 3272 Dei
3178 3219 3258 3283 '°,
3297 3238 3316 3270 ι
3347 3219 3449 3275 hoc

177 3313 450 3380 στόματος
494 3307 650 3374 Θεοῦ,
684 3327 703 3359 ι
741 3306 899 3360 τοῦτο
949 3308 1044 3360 καὶ
1080 3304 1246 3359 πάλαι
1275 3305 1386 3366 τοῖς
1430 3300 1490 3366 ἐξ
1531 3302 1763 3372 αἵματος

1871 3314 2030 3370 etiam
2060 3313 2200 3368 'ﬁliis
2244 3311 2411 3384 822
2461 3310 2622 3365 Israel
2655 3310 2783 3364 olim
2832 3310 2976 3364 velut
3030 3310 3080 3364 in
3125 3311 3294 3379 figura
3356 3313 3451 3365 de-

191 3403 406 3476 Ἰσραὴλ
437 3401 514 3464 ῶς
547 3403 606 3454 ἐν
635 3400 789 3470 τύπῳ
818 3398 1168 3470 ἐνεγράφετο,
1227 3395 1508 3458 καθιέντος
1535 3394 1672 3448 Θεοῦ
1712 3393 1773 3446 τὸ

181 3493 360 3564 μάννα
401 3491 460 3556 ἐξ
501 3488 754 3560 οὑρανοῦ’
805 3487 924 3541 ἐπεί
967 3503 1086 3540 τινα
1118 3485 1319 3554 τρόπον
1342 3485 1504 3555 ἄρτος
1527 3482 1772 3552 ἀγγέλων

179 3584 400 3656 νοηθείη
429 3583 516 3648 ἂν,
553 3583 647 3636 καὶ
675 3581 838 3653 ἄρτος
862 3577 1112 3651 οὐρανοῦ.
1165 3577 1226 3630 El
1264 3577 1320 3630 δὲ
1347 3576 1442 3630 καί
1472 3593 1616 3640 τινες
1636 3570 1770 3640 εἷεν,

176 3670 266 3740 οἷς
311 3676 372 3728 τὸ
413 3676 555 3728 θεῖον
602 3673 908 3745 ἐνήστραψε
937 3671 1055 3741 φῶς
1086 3670 1356 3734 πλουσίως
1386 3671 1466 3733 είς
1497 3668 1642 3732 νοῦν,
1681 3667 1774 3720 καὶ

177 3767 296 3820 τῶν
319 3767 478 3838 ἱερῶν
508 3766 853 3836 Γραμμάτων
886 3761 1093 3833 ἀκριϐῆ
1144 3761 1240 3816 καὶ
1273 3759 1572 3831 ἀμώμητον
1595 3760 1775 3828 ἐνειρ-

180 3862 390 3928 γάσατο
437 3857 660 3928 γνῶσιν,
713 3857 806 3911 καὶ
851 3854 1075 3917 τούτους
1121 3851 1504 3925 ἐμπεπλῆσθαι
1569 3865 1772 3920 φαμεν,

182 3953 284 4008 καὶ
331 3955 411 4015 είς
460 3951 620 4022 κόρον
675 3949 867 4003 ἐλάσαι
904 3949 1002 4018 τῆς
1047 3945 1254 4002 ἄνωθεν
1308 3945 1403 3998 καὶ
1443 3943 1596 4014 παρά
1638 3941 1774 3996 Θεοῦ

179 4044 428 4117 τρυφῆς·
462 4044 598 4098 ἀλλά
639 4043 831 4097 τούτου
881 4043 979 4112 μὲν
1041 4041 1396 4096 ἐκπέπτωκεν
1451 4037 1480 4090 ὁ
1533 4037 1771 4110 Ἰσραήλ·

182 4136 440 4206 γεγόνασί
470 4153 534 4206 γε
573 4135 680 4206 μὴν
722 4138 780 4189 ἐν
828 4135 1020 4205 κτήσει
1074 4133 1169 4186 καὶ
1199 4133 1403 4201 κατοχῇ
1436 4130 1505 4182 τά
1535 4128 1664 4198 ἔθνη
1690 4127 1777 4181 διὰ

181 4228 288 4298 τῆς
317 4227 570 4291 πίστεως,
607 4227 701 4280 καὶ
739 4227 852 4279 ὅσοι
879 4225 971 4278 τὸν
999 4222 1353 4292 εὑαγγελικὸν
1399 4221 1493 4275 καὶ
1515 4221 1778 4291 σωτήριον

187 4320 505 4392 προσιόντες
523 4319 699 4387 λόγον.
725 4318 834 4371 Καὶ
853 4314 982 4384 γοῦν
1007 4315 1109 4384 ἔφη
1134 4316 1246 4376 τοῖς
1271 4313 1444 4382 ἀγίοις
1464 4311 1778 4376 ἀποστόλοις

179 4417 216 4468 ὁ
248 4411 454 4483 Κύριος
482 4410 640 4482 ἡμῶν
682 4410 887 4479 Ἰησοῦς
917 4407 1170 4478 Χριστὸς,
1197 4407 1279 4459 ὅτι
1317 4423 1336 4456 ι
1386 4403 1544 4472 ’Υμίν
1571 4403 1779 4457 δέδοται

181 4505 392 4576 γνῶναι
438 4503 507 4556 τὰ
556 4503 834 4573 μυστήρια
881 4499 982 4568 τῆς
1032 4497 1310 4569 βασιλείας
1359 4494 1468 4548 τῶν
1509 4493 1779 4566 οὐρανῶν,

183 4595 421 4656 ἐκείνοις
449 4594 506 4647 δὲ
537 4593 598 4646 οὑ
623 4593 856 4657 δέδοται,
880 4611 898 4642 ι
919 4593 1031 4653 τοῖς
1062 4589 1398 4658 ἀπιστήσασι
1421 4577 1778 4655 δηλονότι,οίς

1875 3407 2240 3469 scribebatur,
2258 3405 2367 3460 Deo
2389 3420 2582 3458 manna
2602 3402 2922 3457 demittente
2943 3403 3154 3457 caelitus
3172 3419 3187 3467 ;
3207 3405 3449 3472 quando-

1874 3498 2090 3568 quidem
2115 3497 2270 3567 panis
2297 3495 2607 3566 angelorum
2646 3493 3045 3563 quodammodo
3072 3503 3126 3548 et
3155 3495 3307 3563 panis
3329 3496 3451 3548 (σαλΙὶ

1876 3587 2050 3657 possit
2111 3585 2358 3656 intelligi.
2418 3585 2476 3641 Si
2527 3585 2688 3638 etiam
2747 3585 2856 3638 sint
2907 3585 3148 3652 quidam,
3219 3599 3450 3654 quorum

1877 3686 2112 3732 mentem
2143 3677 2329 3731 divina
2394 3675 2482 3730 lux
2533 3675 2816 3745 opulenter
2850 3675 3158 3738 collustrat,
3187 3686 3241 3728 et
3271 3690 3455 3729 sacra-

1881 3784 1999 3823 rum
2033 3768 2360 3823 Litterarum
2410 3777 2656 3821 exactam
2690 3775 2746 3820 et
2777 3767 3047 3822 sinceram
3089 3767 3453 3837 cognitionem

1879 3859 2262 3928 ingeneravit:
2296 3859 2416 3912 illos
2473 3874 2688 3927 quoque
2746 3857 2977 3912 dicimus
3036 3857 3227 3925 repleri
3275 3868 3330 3911 et
3371 3873 3456 3911 sn-

1877 3963 2046 4020 perno
2073 3964 2137 4002 ac
2187 3949 2371 4004 divino
2424 3949 2544 4003 cibo
2577 3947 2856 4002 exsatiari.
2915 3948 3022 4003 Sed
3083 3949 3189 4003 hoc
3257 3951 3458 4005 excidit

1879 4040 2080 4096 Israel:
2119 4050 2313 4110 gentes
2348 4049 2526 4094 autem
2569 4053 2665 4108 per
2704 4038 2861 4094 ﬁdem
2913 4041 3266 4109 possederunt
3296 4051 3352 4096 et
3378 4055 3458 4094 re-

1880 4136 2195 4197 tinuerunt,
2243 4141 2297 4186 et
2331 4133 2640 4202 quicunque
2672 4131 3044 4202 evangelicum
3075 4141 3130 4186 et
3160 4133 3455 4188 salutarem

1879 4239 2183 4278 sermonem
2213 4223 2524 4284 admittunt.
2563 4221 2828 4276 Nimirum
2853 4223 3205 4278 dixitsanctis
3238 4233 3456 4293 apostoo

1881 4314 1947 4369 lis
1975 4313 2230 4368 Dominus
2265 4321 2448 4367 noster
2490 4311 2648 4368 Jesus
2683 4311 2975 4367 Christus:
3017 4329 3037 4363 ι
3082 4312 3244 4367 Vobis
3273 4314 3456 4368 datum

1881 4415 1966 4461 est
2019 4406 2162 4460 scire
2211 4404 2471 4474 mysteria
2531 4405 2678 4472 regni
2735 4404 3022 4469 caelorum,
3056 4413 3111 4457 at
3141 4404 3244 4457 illis
3272 4407 3457 4458 datum

1883 4512 1988 4551 non
2020 4506 2104 4552 est
2128 4497 2193 4563 ",
2221 4515 2240 4548 ι
2275 4496 2582 4551 inﬁdelibus
2598 4496 2833 4560 scilicet,
2862 4510 2999 4566 quos
3021 4497 3186 4549 etiam
3219 4496 3460 4564 compel-

1885 4585 2014 4640 lavit
2040 4587 2220 4640 divina
2254 4586 2467 4640 oratio:
2501 4603 2519 4636 ι
2558 4585 2659 4651 Qui
2685 4585 2929 4638 serviunt
2966 4585 3122 4649 mihi,
3151 4585 3458 4644 comedent,

185 4688 254 4757 δὴ
284 4686 381 4738 καὶ⁵
459 4685 600 4748 θεῖος
630 4649 949 4754 ἐπεφώνησε
969 4649 1146 4749 λόγος,
1182 4697 1201 4730 ι
1230 4649 1294 4732 ὀί
1319 4649 1661 4738 δουλεῦοντές
1687 4692 1768 4746 μοι

1883 4692 1982 4731 vos
2009 4687 2188 4731 autem
2225 4677 2507 4731 esurietis.
2576 4675 2714 4731 Ecce
2747 4676 2840 4744 qui
2891 4676 3134 4729 serviunt
3178 4674 3334 4737 mihi,
3375 4675 3460 4727 bi»

186 4779 478 4846 φάγονται,
507 4778 666 4846 ὑμεῖς
717 4776 774 4829 δὲ
827 4775 1132 4830 πεινάσετε.
1171 4773 1302 4827 Ἰδοὺ
1345 4773 1394 4824 οἱ
1440 4769 1780 4832 δουλεύοντές

191 4885 288 4940 μοι
340 4867 578 4934 πίονται,
607 4868 764 4938 ὑμεῖς
814 4866 872 4919 δὲ
918 4865 1204 4935 διψήσητε.
1236 4881 1256 4916 ι
1289 4861 1614 4914 Ἐπείνασαν
1672 4859 1780 4929 γάρ

187 4962 290 5017 καὶ
321 4961 605 5032 ἑδίψησαν,
644 4961 902 5032 ἀμέτοχοι
932 4958 1212 5027 γεγονότες
1229 4954 1337 5008 τῶν
1376 4953 1465 5008 διὰ
1490 4953 1584 5006 τοῦ
1619 4950 1782 5004 πνεύ-

191 5070 365 5124 ματος
393 5053 638 5122 ἀγαθῶν,
673 5051 766 5106 καὶ
795 5052 1048 5119 ἄγευστοι
1078 5046 1356 5109 παντελῶς
1393 5044 1502 5097 τῶν
1532 5043 1620 5098 διὰ
1649 5044 1784 5111 Χρι-

191 5146 326 5199 στοῦ
352 5145 730 5216 χαρισμάτων,
753 5143 871 5214 ῆτοι
894 5142 989 5212 τῆς
1015 5142 1166 5202 θείας
1204 5157 1264 5192 τε
1297 5137 1392 5192 καὶ
1419 5134 1778 5205 εὑαγγελικῆς

191 5238 713 5308 παιδεύσεως.Ἔφη
740 5237 848 5306 γάρ
879 5253 983 5288 που
1008 5234 1073 5287 δι’
1100 5234 1219 5296 ἐνὸς
1245 5229 1351 5284 τῶν
1380 5230 1550 5297 ἁγίων
1574 5243 1781 5299 προφη-

187 5331 327 5385 τῶν·
361 5350 381 5383 ι
403 5331 534 5385 Ἰδοὺ
563 5328 672 5398 ἐγὼ
711 5329 867 5399 λιμὸν
898 5328 1088 5395 ἐπάγω
1117 5326 1208 5378 ἐπὶ
1251 5324 1348 5396 τὴν
1378 5323 1504 5393 γῆν,
1530 5321 1591 5374 οὑ
1621 5319 1779 5390 λιμὸν

187 5423 387 5494 ἄρτου.
415 5422 537 5475 οὐδὲ
576 5419 733 5490 δίψαν
774 5417 986 5481 ὓδατος,
1025 5415 1158 5470 ἀλλά
1213 5415 1369 5486 λιμὸν
1415 5411 1508 5467 τοῦ
1552 5409 1780 5466 ἀκοῦσαι

189 5515 355 5581 λόγον
385 5512 616 5584 Κυρίου,
644 5511 738 5564 καὶ
777 5509 884 5563 ἀπὸ
915 5507 1190 5562 ἀνατολῶν
1240 5507 1344 5571 ἓως
1374 5503 1593 5574 δυσμῶν
1627 5519 1782 5572 περι-

187 5602 534 5674 δραμοῦνται
578 5601 865 5672 ζητοῦντες
909 5600 999 5654 τὸν
1041 5599 1198 5666 λόγον
1229 5598 1456 5666 Κυρίου,
1491 5595 1584 5649 καὶ
1609 5595 1668 5646 οὑ
1704 5593 1780 5663 μὴ

191 5687 452 5760 εὕρωσιν.
491 5708 509 5738 ι
549 5688 840 5758 Ἑξήρηται
890 5687 998 5759 γάρ
1049 5686 1148 5755 τῆς
1197 5684 1462 5738 Ἰουδαίων
1510 5682 1708 5751 ἀγέλης
1753 5684 1782 5733 ὁ

1880 4769 2028 4832 bent,
2063 4776 2119 4822 at
2136 4782 2230 4822 vos
2284 4767 2560 4822 sitietis".
2591 4785 2610 4818 ι
2669 4766 2986 4820 Esurierunt
3041 4764 3186 4818 enim
3223 4773 3278 4818 et
3311 4764 3462 4817 sitie-

1885 4867 2031 4921 runt,
2063 4867 2316 4927 expertes
2351 4857 2614 4911 bonorum
2654 4855 3002 4923 spiritalium,
3036 4863 3091 4908 et
3124 4854 3216 4922 qui
3241 4852 3462 4907 omnino

1885 4947 2026 5001 dona
2057 4945 2255 5000 Christi
2283 4962 2388 5000 non
2413 4953 2785 5016 gustaverunt,
2815 4943 2928 4998 sive
2956 4941 3195 4996 divinam
3220 4950 3275 4995 et
3296 4954 3464 4995 evan-

1887 5037 2112 5108 gelicam
2181 5036 2504 5091 doctrinam.
2567 5034 2712 5088 Dixit
2768 5033 2966 5087 etenim
3021 5047 3118 5101 per
3170 5029 3460 5101 quemdam

1886 5128 2203 5198 prophetam
2275 5139 2569 5182 sanctum:
2610 5143 2628 5176 ι
2671 5124 2808 5178 Ecce
2863 5139 2963 5192 ego
3037 5121 3232 5176 famem
3262 5123 3463 5176 induco

1887 5234 2049 5290 super
2100 5228 2325 5282 terram,
2381 5233 2484 5272 non
2544 5217 2740 5271 famem
2795 5216 2974 5282 panis,
3064 5227 3238 5282 neque
3313 5213 3461 5267 sitim

1888 5327 2064 5382 aquae,
2093 5312 2188 5367 sed
2227 5309 2422 5364 l'arnem
2459 5306 2708 5362 audiendi
2762 5318 3069 5358 sermonem
3116 5302 3330 5356 Domi-ni
3363 5314 3378 5353 :
3407 5308 3463 5353 et

1886 5404 1956 5459 ab
1983 5413 2104 5458 ortu
2145 5403 2212 5458 ad
2242 5417 2492 5458 occasum
2535 5411 2707 5470 usque
2749 5396 3112 5458 cursitabunt,
3159 5401 3464 5462 quaerentes

1888 5510 2193 5552 sermonem
2213 5494 2444 5558 Domini,
2478 5502 2533 5546 et
2581 5507 2684 5546 non
2716 5488 2991 5544 invenient
3011 5486 3078 5538 ⁸³.
3109 5503 3127 5535 ι
3166 5483 3463 5550 Adempuis

1889 5595 1976 5642 est
2030 5586 2174 5641 enim
2228 5586 2378 5655 gregi
2426 5583 2733 5638 Iudaeorum
2770 5579 3016 5636 viviﬁcus
3059 5584 3114 5630 et
3145 5573 3466 5628 nutrientis-

1889 5678 2058 5733 simus
2107 5692 2309 5738 sermo,
2358 5684 2412 5729 et
2449 5675 2608 5728 datus
2649 5683 2751 5737 est,
2799 5673 2872 5726 uti
2933 5667 3065 5736 dixi,
3115 5662 3466 5734 diligentibus

272 5871 322 5900 '°
355 5868 537 5922 Matth.
575 5883 651 5932 tv,
684 5866 735 5922 ί.
812 5867 853 5898 ³⁸
893 5865 1080 5921 Matth.
1113 5880 1228 5929 xt'l,
1264 5861 1344 5916 ll.
1420 5865 1464 5894 “
1497 5860 1599 5916 lsa.
1636 5875 1758 5922 LXV,
1804 5858 1885 5914 l5.
1953 5858 2025 5933 _”
2051 5859 2215 5910 Amos
2249 5867 2357 5916 vm,
2397 5852 2477 5917 ll,
2521 5851 2601 5904 12.
