4140 6494
708 484 849 541 1295

1702 479 1760 533 S.
1802 476 2077 534 CYRILLI
2114 474 2593 531 ‘ALEX'ANDIHNI
2634 474 2952 529 ARCHIEP.

3839 474 3969 529 19.96

706 601 1007 661 Christum,
1064 607 1201 664 quos
1231 592 1589 663 compellavit,
1644 593 1830 649 dicens
1875 613 1887 647 :
1925 612 1942 645 i
1981 593 2160 658 Edite,
2225 601 2280 647 et

2394 592 2641 657 ζωοποιὸς
2683 608 2741 644 τε
2796 590 2890 645 καὶ
2922 588 3349 659 τροφιμώτατος
3392 587 3488 641 τοῦ
3514 582 3650 641 Θεοῦ
3676 587 3854 656 λόγος.
3885 592 3972 641 Δέ-

709 687 1078 751 inebriamini,
1114 686 1277 740 vieini
1298 684 1363 737 “.
1392 704 1410 737 ι
1448 684 1554 738 Sed
1573 692 1627 738 et
1646 685 1862 740 divinus
1886 684 2052 738 David
2084 683 2281 753 psallit,

710 788 898 849 utpote
947 776 1170 847 hujusce
1212 776 1345 829 adeo
1372 774 1648 844 praeclarae
1677 784 1730 831 et
1764 777 2051 831 uberrima:
2109 775 2287 830 muni-

708 865 940 923 ﬁcentia:
1000 863 1377 934 particepsz‘i
1413 863 1623 917 Parasti
1699 862 1750 917 in
1814 872 2101 933 conspectu
2166 878 2287 918 meo

709 973 954 1014 mensam
1020 958 1280 1011 adversus
1338 972 1431 1011 eos
1481 956 1572 1025 qui
1615 956 1875 1010 tribulam
1930 972 2035 1010 me.
2073 956 2287 1023 Impin-

711 1048 886 1117 guasti
917 1048 970 1101 in
998 1047 1119 1102 oleo
1155 1057 1317 1118 caput
1347 1062 1548 1112 meum,
1581 1057 1637 1101 et
1670 1047 1808 1101 calix
1843 1058 1963 1103 tuus
2013 1047 2287 1102 inebrians

711 1151 819 1203 me,
850 1153 1011 1207 quam
1072 1137 1363 1207 prmelarus
1396 1139 1561 1193 est".
1587 1157 1606 1190 ι
1653 1139 1969 1209 Quicunque
1997 1154 2125 1206 ergo
2151 1139 2288 1192 divi-

711 1242 906 1282 norum
932 1229 1313 1299 mysteriorum
1358 1230 1664 1285 habuerunt
1694 1231 2059 1300 cognitionem
2088 1230 2168 1285 vel
2205 1229 2289 1285 his

712 1317 919 1389 impleti
956 1327 1102 1386 sunt,
1163 1321 1349 1373 horum
1403 1334 1525 1375 ossa
1568 1320 1909 1391 pinguet‘acta
1935 1330 2078 1376 sunt.
2127 1321 2288 1393 Figu-

714 1415 835 1462 rata
875 1417 1053 1463 autem
1088 1416 1172 1463 est
1214 1410 1412 1474 oratio,
1443 1416 1653 1480 sumpta
1679 1412 1747 1465 ab
1784 1411 1868 1465 his
1894 1410 2289 1479 quodammodo

712 1501 805 1568 qui
833 1501 981 1554 carni
1010 1511 1064 1555 et
1092 1502 1251 1570 genio
1295 1501 1574 1573 indulgere
1612 1503 1812 1559 solent.
1867 1504 2072 1559 Horum
2107 1504 2288 1559 anima

712 1592 804 1645 [iet
832 1602 1085 1662 tanquam
1119 1594 1307 1647 hortus
1333 1593 1536 1662 ebrius,
1586 1595 1636 1650 id
1662 1607 1766 1662 est,
1797 1596 2044 1662 ﬂoridus,
2074 1605 2127 1652 et
2154 1598 2290 1653 bene

713 1683 908 1737 densus
948 1685 1255 1752 arboribus,
1324 1695 1378 1740 et
1436 1686 1604 1743 variis
1635 1686 1828 1742 ﬂorum
1879 1688 2166 1759 generibus
2194 1692 2289 1743 de-

712 1784 949 1839 coratus,
1017 1790 1083 1831 ac
1150 1777 1474 1847 multiplices
1526 1778 1736 1835 fructus
1784 1780 2087 1850 proferens.
2135 1778 2290 1835 Horti

712 1867 855 1919 enim
895 1867 983 1936 qui
1041 1883 1179 1938 aqua
1213 1879 1420 1933 carent,
1465 1871 1757 1924 maximam
1791 1871 1991 1926 habent
2033 1869 2291 1927 deformi-

711 1969 901 2022 tatem,
964 1969 1152 2029 utpote
1205 1961 1338 2013 aridi
1373 1970 1428 2015 et
1480 1961 1625 2015 omni
1652 1962 1829 2017 fructu
1887 1963 2064 2029 vacui,
2096 1963 2291 2017 imo‘et

710 2051 840 2119 ipsis
865 2052 1061 2120 plantis
1088 2051 1434 2108 destituti.At
1473 2054 1564 2122 qui
1600 2068 1861 2122 aquarum
1892 2052 2063 2110 libero
2090 2054 2293 2122 impetu

711 2140 963 2194 inebriati
1009 2148 1155 2208 sunt,
1208 2142 1529 2211 omnigenis,
1552 2132 1721 2215 L823
1756 2154 1813 2199 ut
1846 2146 1979 2211 dixi,
2019 2161 2292 2201 coronan-

713 2239 800 2283 tur
846 2229 1137 2286 l'ructibus.
1181 2230 1381 2287 Hortus
1428 2232 1630 2289 Christi
1683 2234 1821 2290 facta
1875 2247 1957 2291 est
2000 2236 2239 2292 Ecclesia
2276 2254 2289 2290 :

711 2323 863 2391 cujus
933 2332 1145 2392 sumpta
1223 2339 1449 2393 persona
1537 2329 1590 2382 in
1658 2328 1886 2384 Cantico
1954 2330 2291 2386 canticorum

713 2426 931 2482 sponsa,
987 2430 1005 2461 ι
1048 2413 1371 2480 Descendat,
1399 2417 1590 2485 inquit,
1625 2432 1788 2486 nepos
1824 2433 1974 2473 meus
1999 2419 2048 2471 in
2078 2419 2292 2474 hortum

713 2518 891 2566 suum,
929 2513 983 2557 et
1012 2506 1257 2559 comedat
1283 2506 1513 2559 fructum
1552 2521 1745 2560 nucum
1769 2522 1986 2562 suarum
2009 2508 2075 2563 ⁵⁸.
2111 2529 2131 2560 ι
2158 2508 2291 2564 Nam

712 2598 853 2666 quod
892 2596 1035 2649 inter
1068 2601 1292 2651 arbores
1343 2606 1428 2652 est
1488 2614 1595 2651 nux
1650 2599 1731 2653 vel
1779 2599 1989 2655 fructus
2021 2610 2291 2669 maturus,

720 2688 825 2744 hoc
876 2698 958 2741 est
1012 2691 1062 2742 in
1123 2690 1318 2744 animis
1370 2699 1679 2746 sanctorum
1744 2692 1913 2746 virtus
1956 2692 2175 2760 pulchra
2239 2703 2295 2747 et

719 2776 1265 2847 Deojueundissima.
1320 2778 1503 2846 Itaque
1537 2790 1593 2831 ut
1627 2781 1814 2835 hortus
1854 2782 2060 2845 ebrios,
2097 2781 2291 2850 inquit,

712 2863 816 2916 erit
848 2865 1025 2917 anima
1056 2872 1167 2931 tua,
1202 2876 1255 2919 et
1297 2875 1353 2918 nt
1389 2865 1508 2919 fons
1543 2881 1700 2934 quem
1730 2882 1836 2921 non
1870 2870 2106 2924 deseruit
2130 2886 2289 2940 aqua.

716 2954 873 3009 Tales
898 2957 1116 3010 fuerunt
1171 2957 1337 3011 divini
1376 2959 1696 3028 mystago‘gi,
1727 2973 1754 3012 a
1797 2959 1959 3013 corde
2011 2976 2134 3027 suo,
2167 2972 2290 3015 tan-

715 3062 877 3116 quam
917 3050 1190 3117 aperenni
1231 3050 1398 3111 fonte,
1474 3052 1575 3117 piae
1628 3049 1887 3105 doctrina-
1944 3052 2145 3108 rivulos
2202 3055 2294 3108 de—

716 3141 1014 3205 mittentes,
1062 3150 1116 3194 et
1146 3154 1331 3195 eorum
1370 3141 1459 3209 qui
1505 3140 1862 3196 instituuntur
1917 3144 2131 3200 animos
2161 3160 2291 3214 opu-

2321 1938 2364 1997 Β

2386 684 2531 737 δοται
2555 685 2633 747 δέ,
2669 685 2744 747 ὼς
2778 682 2935 752 ἔφην,
2972 683 3083 745 τοῖς
3104 681 3365 749 ’ἀγαπῶσι
3396 680 3654 751 Χριστὸν,
3684 675 3767 743 οἷς
3789 681 3854 750 δὴ
3886 685 3973 734 καὶ

2387 774 2703 844 ἐπεφώνησε
2737 774 2928 842 λέγων·
2965 791 2983 823 i
3014 773 3241 841 Φάγετε,
3273 772 3368 824 καὶ
3401 772 3707 843 μεθύσθητε
3743 773 3813 834 oi,
3847 773 3974 842 πλη-

2389 867 2521 920 σίον.
2554 886 2571 917 ›
2602 866 2808 919 Ψάλλει
2835 863 2961 934 γοῦν
2983 865 3120 917 καὶὸ
3146 863 3432 926 Θεσπέσιος
3461 862 3646 925 Δαδὶδ,
3672 862 3771 916 ἅτε
3796 863 3863 933 δὴ
3887 867 3972 916 καὶ

2388 960 2445 1011 ἐν
2480 957 2692 1028 μεθέξει
2724 956 2965 1025 γεγονὼς
3017 956 3118 1025 τῆς
3163 955 3335 1018 οὕτως
3368 955 3576 1025 σεπτῆς
3622 956 3714 1008 καὶ
3745 956 3975 1025 ἀμφιλαι

2389 1047 2522 1116 φοῦς
2570 1046 2911 1115 φιλοτιμίας·
2951 1045 3322 1116 «Ἦτοίμασας
3366 1044 3594 1095 ἐνώπιόν
3642 1061 3743 1113 μου
3773 1046 3973 1111 τράπε-

2390 1137 2488 1202 ζαν
2530 1136 2590 1202 ἐξ
2638 1137 2884 1200 ἐναντίας
2930 1136 3039 1190 τῶν
3085 1135 3374 1189 θλιϐόντων
3426 1150 3491 1205 με
3519 1148 3533 1162 ·
3602 1134 3871 1196 ἐλίπανας
3923 1135 3971 1184 ἐν

2391 1230 2555 1301 ἐλαίῳ
2601 1229 2699 1301 τὴν
2748 1228 2989 1297 κεφαλήν
3026 1236 3149 1297 μου,
3216 1224 3310 1278 καὶ
3352 1225 3413 1278 τὸ
3438 1225 3714 1295 ποτήριόν
3756 1241 3854 1276 σου
3891 1240 3975 1293 με-

2391 1321 2587 1375 θύσκον
2629 1338 2719 1391 με,
2746 1320 2823 1384 ὡς
2855 1319 3162 1390 κράτιστον.
3197 1337 3216 1369 ι
3262 1316 3470 1370 Οὐκοῦν
3520 1318 3634 1370 ὅσοι
3656 1316 3767 1369 τῶν
3816 1316 3978 1369 θείων

2390 1411 2555 1466 αὑτοῦ
2587 1411 2900 1483 μυστηρίων
2933 1412 3197 1480 ἐσχήκασι
3242 1410 3461 1478 γνῶσιν,
3490 1410 3607 1479 ἦτοι
3635 1407 3970 1479 ἐνεπλήσθη-

2392 1520 2491 1558 σαν
2537 1502 2763 1566 τούτων,
2803 1501 3243 1571 κατεπιάνθησαν
3279 1502 3347 1553 τὰ
3379 1503 3512 1554 ὀστᾶ
3534 1498 3980 1570 ,Ἑσχηματίσθη

2389 1596 2447 1649 δέ
2476 1597 2504 1649 6
2533 1596 2691 1664 λόγος
2746 1596 2821 1659 ὡς
2849 1595 2955 1647 ἀπό
2991 1610 3054 1661 γε
3084 1594 3194 1646 τῶν
3221 1594 3433 1665 τρυφᾷν
3477 1592 3747 1646 εἰωθότων
3793 1610 3985 1663 σαρκι-

2390 1685 2531 1750 κῶς·
2582 1686 2690 1739 τῶν
2745 1686 2999 1739 τοιούτων
3046 1688 3080 1755 ἡ
3126 1683 3275 1755 ψυχὴ
3318 1685 3528 1751 γένοιτο
3556 1682 3633 1736 ἂν
3677 1684 3753 1747 ὼς
3798 1683 3983 1754 κῆπος

2394 1780 2630 1852 μεθύων,
2658 1782 2932 1835 τουτέστιν
2974 1779 3224 1851 εὐανθὴς,
3269 1780 3364 1833 καὶ
3416 1779 3848 1849 εὐδενδρότατος,
3892 1779 3982 1830 καὶ

2392 1873 2663 1939 ποικίλαις
2696 1874 2903 1927 ἀνθέων
2949 1873 3112 1936 ίδέαις
3143 1872 3563 1941 ἐξωραῖσμένος,
3590 1872 3682 1922 καὶ⁵
3713 1868 3984 1922 παντοδα-

2392 1966 2529 2029 ποὺς
2584 1966 2830 2035 ἐκφέρων
2880 1963 3229 2035 καρπούς.οί
3288 1963 3387 2032 μὲν
3441 1962 3549 2029 γὰρ
3599 1959 3813 2030 ἄνυδροι
3878 1958 3983 2009 τῶν

2393 2055 2584 2124 κήπων
2638 2053 2773 2107 πολὺ
2822 2052 2943 2105 λίαν
2992 2052 3173 2121 ἔχουσι
3231 2052 3291 2103 τὸ
3340 2049 3605 2119 εἰδεχθὲς
3653 2048 3807 2120 ξηροὶ
3876 2048 3981 2117 γάρ

2392 2147 2499 2198 εἰσι
2559 2145 2655 2197 καὶ
2694 2142 2893 2204 παντὸς
2940 2140 3133 2211 ἔρημοι
3170 2137 3402 2209 ’καρποῦ
3430 2179 3445 2202 ,
3486 2138 3518 2207 ἢ
3558 2138 3695 2207 τάχα
3732 2148 3843 2189 που
3872 2139 3981 2187 καὶ

2392 2236 2571 2290 αὐτῶν
2633 2238 2689 2288 ἐν
2752 2233 2928 2305 ἐνδείᾳ
2985 2233 3093 2285 τῶν
3154 2233 3356 2301 φυτῶν.
3418 2231 3485 2283 Οἵ
3519 2247 3580 2298 γε
3623 2232 3730 2301 μὴν
3768 2230 3982 2282 ὑδάτων

2392 2325 2740 2396 ἀταμιεύτοις
2795 2325 2992 2394 ὁρμαῖς
3054 2321 3526 2391 ἐκμεμεθυσμένοι
3585 2321 3979 2383 παντοδαποῖς,

2392 2416 2465 2481 ὡς
2522 2416 2678 2486 ἔφην,
2724 2413 3111 2483 στεφανοῦνται
3184 2414 3438 2483 καρποῖς.
3492 2412 3683 2481 Κῆπός
3752 2427 3814 2479 γε
3875 2413 3978 2480 μὴν

2392 2502 2629 2574 Χριστοῦ
2692 2502 2915 2569 γέγονεν
2958 2503 2991 2570 ὴ
3051 2500 3374 2569 Ἐκκλησία,
3412 2496 3492 2572 ἧς
3526 2500 3589 2570 δὴ
3632 2500 3726 2552 καὶ
3780 2502 3977 2552 ἀναλα-

2393 2594 2564 2647 ϐοῦσα
2598 2595 2659 2648 τὸ
2690 2594 2979 2665 πρόσωπον
3010 2595 3043 2663 ἡ
3088 2596 3146 2646 ἐν
3183 2593 3262 2662 τῷ
3298 2595 3537 2663 ’ᾼσματι
3570 2592 3674 2644 τῶν
3717 2594 3983 2662 ᾀσμάτων

2393 2689 2714 2759 γραφομένη
2734 2689 2938 2757 νύμφη,
2968 2708 2985 2737 i
3016 2687 3348 2757 Καταϐήτω,
3367 2685 3851 2755 φησὶν,ἀδελφιδὸς
3884 2700 3982 2753 μου

2394 2786 2473 2843 είς
2523 2784 2698 2852 κῆπον
2747 2781 2930 2843 αὑτοῦ,
2981 2782 3073 2832 καὶ
3125 2780 3344 2849 φαγέτω
3400 2778 3608 2845 καρπὸν
3658 2777 3985 2847 ἀκροδρύων

2394 2871 2560 2926 αὐτοῦ
2580 2885 2627 2923 ἰ
2648 2872 2786 2941 ὅπερ
2814 2871 2921 2941 γάρ
2957 2872 3105 2922 ἐστιν
3135 2873 3191 2921 ἐν
3220 2872 3404 2938 φυτοῖς
3434 2869 3494 2920 τὸ
3519 2868 3839 2939 ἀκρόδρυον,
3864 2870 3986 2937 ἤτοι

2394 2964 2607 3034 καρπὸς
2637 2963 2853 3035 ὡραῖος,
2902 2963 3060 3015 τοῦτο
3105 2962 3200 3015 καὶ
3255 2964 3312 3013 ἐν
3356 2961 3555 3030 ψυχαῖς
3585 2960 3755 3027 ἁγίων
3805 2960 3986 3028 ἀρετὴ

2376 3055 2536 3123 λκαλὴ
2590 3054 2683 3107 καὶ
2706 3055 2893 3125 ἡδίστη
2927 3053 3172 3123 τιῤ³Θεῷ.
3208 3052 3416 3105 υύκοῦν
3449 3053 3525 3114 ὡς
3555 3052 3729 3121 κῆπος
3765 3050 3987 3119 μεθύων

2395 3146 2566 3209 ἔσται,
2596 3146 2783 3216 φησιν,
2833 3147 2866 3215 ἡ
2899 3146 3043 3215 ψυχή
3080 3160 3194 3209 σου,
3224 3146 3311 3197 ναὶ
3343 3144 3447 3213 μὴν
3477 3144 3569 3196 καὶ
3606 3144 3680 3205 ὡς
3707 3143 3893 3210 πηγὴ,
3922 3142 3986 3211 ἢν

714 3230 889 3286 leuter
960 3231 1272 3303 irrigautes.
1330 3232 1683 3287 Conlirmabit
1743 3234 1906 3287 etiam
1991 3236 2103 3305 ipse
2157 3238 2289 3292 adeo

2400 3240 2475 3310 μὴ
2509 3238 2751 3303 ἐξέλιπεν
2788 3237 2950 3308 ὓδωρ.
2987 3237 3234 3290 Τοιοῦτοι
3279 3237 3566 3304 γεγόνασιν
3610 3236 3659 3287 οἱ
3690 3234 3983 3287 Θεσπέσιοι

717 3325 1103 3379 excellentiqu
1184 3325 1447 3379 donorum
1540 3325 1905 3394 dispensator,
1987 3328 2288 3397 inquiens:

721 3418 865 3484 iQui
891 3418 1064 3473 credit
1114 3417 1167 3471 in
1222 3432 1327 3480 me,
1369 3417 1525 3471 sicuti
1550 3418 2000 3489 dicitScriptura,
2068 3423 2289 3476 flumina

714 3508 781 3562 de
814 3518 1000 3563 ventre
1057 3508 1172 3577 ejus
1225 3508 1393 3566 ﬂuent
1442 3526 1595 3581 aquae
1624 3510 1751 3565 vita:
1772 3512 1840 3565 ⁵⁷.
1880 3530 1898 3563 ι
1931 3512 1997 3567 Ει
2060 3526 2286 3569 rursus:

719 3615 739 3649 ε
771 3596 959 3652 Omnis
987 3599 1077 3667 qui
1106 3599 1241 3652 bibit
1262 3599 1327 3654 ile
1354 3615 1491 3669 aqua
1517 3601 1637 3665 hac,
1670 3601 1819 3656 sitiet
1854 3618 2064 3657 rursus.
2105 3605 2172 3658 At
2199 3606 2290 3674 qui

714 3693 851 3748 bibit
900 3707 963 3747 ex
997 3708 1157 3763 aqua,
1193 3708 1352 3763 quam
1403 3709 1504 3765 ego
1542 3694 1682 3750 dabo
1708 3698 1790 3761 ei,
1854 3696 1946 3751 ﬂet
1981 3698 2032 3751 in
2077 3712 2140 3753 eo
2174 3698 2293 3753 l‘ons

712 3796 867 3855 aquae
920 3785 1162 3840 salientis
1222 3787 1273 3840 in
1336 3787 1503 3840 vitam
1548 3796 1804 3842 aeternam
1827 3788 1892 3843 ⁸⁸.
1946 3809 1963 3840 ι
2016 3789 2291 3857 Ejusmodi

714 3890 834 3930 esse
874 3876 1105 3931 dicimus
1136 3884 1355 3930 sanctos
1404 3878 1677 3945 apostolos
1726 3887 1781 3933 et
1826 3879 2208 3948 evangelistas,
2240 3890 2293 3934 et

712 3968 1023 4035 quicunque
1069 3964 1311 4019 divinum
1389 3967 1614 4020 verbum
1678 3969 2024 4033 annuntiant,
2093 3969 2290 4036 partim

714 4059 930 4128 quidem
961 4060 1271 4127 dogmatum
1334 4058 1526 4127 peritia
1580 4058 1837 4122 illustres,
1893 4063 2089 4129 partim
2114 4061 2291 4131 splen-

714 4150 864 4205 doris
897 4163 1117 4218 operum
1147 4149 1286 4202 viam
1318 4159 1824 4205 commonstrantes.
1888 4149 1954 4204 Et
2017 4165 2142 4205 ossa
2178 4162 2290 4219 tua,

696 4241 913 4309 ‘inquit,
962 4241 1106 4294 velut
1160 4242 1641 4309 herba‘orieutur,
1698 4252 1753 4298 et
1804 4243 2184 4313 pinguesceut,
2238 4255 2291 4301 et

718 4330 1112 4386 haereditabuut
1150 4335 1543 4403 generationes
1591 4337 2022 4406 generatiunum.
2071 4334 2316 4393 Videtur‘

714 4424 801 4478 his
850 4423 1029 4479 verbis
1083 4427 1498 4482 resurrectionis
1546 4428 1862 4498 mysterium
1895 4429 2289 4484 demonstrare.

716 4514 980 4587 Resurget
1033 4516 1178 4571 enim
1238 4526 1348 4572 tum
1413 4533 1632 4589 corpus,
1670 4534 1768 4575 ceu
1810 4520 1979 4575 herba
2038 4520 2089 4573 in
2136 4534 2289 4590 agro,

2402 3332 3055 3403 μυσταγωγοὶ,⁷καθάπερ
3084 3330 3192 3382 ἀπὸ
3223 3329 3404 3399 πηγῆς
3439 3329 3661 3381 ἀεννάου
3706 3328 3810 3396 τῆς
3859 3330 3988 3379 ἐαυ-

2398 3428 2505 3480 τῶν
2536 3426 2763 3497 καρδίας
2803 3424 2870 3475 τὰ
2907 3424 3007 3493 τῆς
3042 3420 3297 3483 εὐσεϐοῦς
3328 3419 3670 3481 διδασκαλίας
3700 3420 3987 3489 προῖόντες

2398 3518 2613 3587 νάματα
2635 3559 2649 3581 ,
2684 3514 2777 3567 καὶ
2803 3514 2899 3576 τὰς
2926 3512 3035 3565 τῶν
3071 3512 3473 3581 παιδευομένων
3501 3510 3677 3579 ψυχὰς
3708 3510 3986 3571 πλουσίως

2400 3608 2845 3678 καταρδεύοντες.
2883 3606 2991 3658 Καὶ
3029 3603 3355 3656 πιστώσεται
3392 3602 3567 3669 λέγων
3598 3603 3766 3664 αὐτὸς
3803 3605 3832 3654 6
3878 3602 3981 3654 τῶν

2398 3699 2570 3760 θ’ύτως
2613 3696 2904 3767 ἐξαιρέτων
2951 3694 3305 3765 χαρισμάτων
3351 3692 3660 3761 διανομεύς.
3706 3712 3725 3743 i
3782 3694 3839 3744 '0
3892 3710 3979 3744 πι-

2407 3790 2617 3843 στεύων
2673 3790 2752 3851 εξς
2802 3788 2938 3857 ἐμέ,ι
2965 3785 3147 3850 καθὼς
3208 3781 3359 3838 εἶπεν
3398 3786 3431 3854 ἡ
3484 3784 3698 3855 Γραφὴ,
3748 3787 3979 3854 ποταμοὶ

2399 3885 2463 3937 ἐκ
2491 3883 2587 3954 τῆς
2632 3882 2836 3945 κοιλίας
2866 3880 3027 3934 αὑτοῦ
3058 3880 3341 3951 ῥεύσουσιν
3382 3878 3572 3940 ὕδατος
3600 3878 3772 3947 ζωῆς.
3822 3894 3849 3930 »⁷
3874 3879 3981 3930 Καὶ

2399 3979 2562 4033 πάλιν
2581 3995 2594 4008 ·
2634 3997 2652 4029 i
2696 3978 2811 4039 Πᾶς
2845 3978 2873 4029 6
2901 3976 3069 4028 πίνων
3094 3977 3158 4028 ἐκ
3183 3973 3277 4027 τοῦ
3305 3973 3495 4037 ὓδατος
3538 3975 3732 4027 τούτου
3767 3974 3980 4043 διψήσει

2400 4069 2584 4136 πάλιν,
2636 4068 2695 4132 ὃς
2742 4068 2789 4121 δ’
2816 4066 2881 4121 ἂν
2934 4066 3032 4137 πίῃ
3075 4067 3137 4118 ἐκ
3176 4064 3271 4119 τοῦ
3321 4065 3511 4128 ὓδατος
3559 4059 3622 4119 οῦ
3672 4064 3788 4132 ἐγὼ
3828 4066 3985 4118 δώσω

2399 4160 2567 4230 αύτῷ,
2604 4160 2891 4230 γενήσεται
2949 4159 3005 4210 ἐν
3056 4155 3205 4226 αύτῷ
3246 4156 3395 4226 πηγὴ
3448 4153 3639 4216 ὕδατος
3684 4154 3983 4224 ἁλλομένου

2400 4251 2480 4312 εἰς
2495 4246 2637 4319 ζωὴν
2656 4246 2891 4299 αἰώνιον.
2922 4262 2942 4295 ι
2969 4242 3256 4306 Τοιούτους
3272 4238 3412 4296 εἷναί
3438 4257 3620 4311 φαμεν
3639 4242 3774 4303 τοὺς
3798 4241 3983 4307 ἁγίους

2399 4337 2731 4401 ἀποστόλους
2760 4353 2821 4389 τε
2851 4336 2945 4389 καὶ
2978 4334 3394 4403 εὐαγγελιστάς,
3428 4332 3523 4388 καὶ
3562 4334 3677 4386 ὅσοι
3717 4332 3811 4385 τὸν
3841 4332 3985 4383 θεῖον

2399 4431 2765 4505 πρεσϐεύουσι
2794 4430 2971 4499 λόγον,
2999 4427 3158 4481 τοῦτο
3203 4427 3301 4497 μὲν
3332 4425 3674 4497 δογμάτικῆς
3700 4424 3983 4495 εὐτεχνίας

2400 4526 2459 4578 ἐν
2493 4523 2645 4594 καλῷ
2679 4522 2983 4591 γεγονότες,
3012 4519 3168 4573 τοῦτο
3213 4518 3269 4571 δέ
3300 4518 3394 4572 καὶ
3425 4518 3523 4586 τῆς
3554 4519 3613 4571 ἐν
3644 4517 3830 4589 ἔργοις
3857 4534 3976 4584 ,ται-

715 4622 835 4676 qnaa
867 4617 1106 4677 tempore
1143 4608 1379 4664 hiberno
1420 4612 1685 4666 emarcuit
1723 4612 2029 4677 etoccidit;
2084 4613 2289 4668 ridente

2399 4616 2656 4687 δρότητος
2694 4614 2793 4685 τὴν
2821 4614 2938 4667 όδὺν
2983 4610 3435 4672 ἐκκαλύπτοντες.
3461 4611 3571 4663 Καὶ
3609 4610 3679 4661 τὰ
3722 4610 3860 4662 ὀστᾶ
3887 4625 3979 4660 σου

714 4706 892 4751 autem
923 4712 1088 4752 verna
1136 4700 1449 4766 serenitate,
1502 4703 1694 4757 iterum
1750 4705 1903 4775 quasi
1962 4706 2287 4770 renascitur,

712 4796 771 4843 et
800 4790 866 4843 ad
891 4805 1040 4844 suam
1071 4792 1371 4847 naturalem
1398 4795 1853 4864 pulchritudinem
1883 4796 2041 4851 redit.
2067 4796 2285 4860 Exorta,

714 4881 908 4950 inquit,
958 4896 1103 4950 ossa,
1159 4884 1306 4940 velut
1372 4887 1578 4950 herba,
1633 4888 2005 4957 pinguescant,
2067 4888 2284 4945 viviﬁca

712 4972 922 5029 scilicet
959 4977 1155 5045 gratia,
1188 4994 1309 5049 qua:
1340 4988 1471 5035 esta
1510 4980 1639 5035 Deo.
1676 4979 1866 5036 Psallit
1916 4983 2057 5038 enim
2091 4983 2289 5037 alicubi

712 5067 963 5134 etinquit
996 5067 1210 5125 divinus
1250 5070 1419 5125 David
1454 5090 1465 5125 :
1503 5091 1522 5124 i
1560 5072 1789 5128 Emittes
1819 5073 2080 5145 Spiritum
2116 5078 2289 5141 tuum,

711 5166 769 5211 et
830 5157 1181 5226 ereabuntur,
1219 5170 1274 5215 et
1323 5164 1609 5219 renovabis
1668 5163 1857 5219 faciem
1915 5154 2071 5219 terrae
2091 5166 2202 5231 ‘9,»
2239 5167 2288 5219 id

712 5254 815 5309 cst,
869 5250 1210 5304 terrestrium
1271 5251 1592 5307 incolarum.
1654 5253 1789 5307 Tum
1850 5254 2289 5309 luereditabimus

712 5340 1091 5409 generationes
1119 5345 1550 5409 generationum,
1583 5347 1634 5400 in
1660 5347 2046 5417 longitudinem
2082 5347 2289 5401 dierum

678 5429 981 5493 .videlicet.
1030 5442 1205 5488 morte
1236 5434 1434 5491 abolita
1464 5445 1520 5491 et
1566 5438 1775 5491 sublata
1811 5440 1861 5492 in
1894 5449 2063 5491 totum
2105 5454 2292 5492 corru-

710 5521 915 5592 ptione.
950 5521 1211 5578 Dicuntur
1240 5540 1381 5595 saepe
1429 5528 1479 5580 in
1516 5528 1797 5598 Scriptura
1830 5532 2087 5583 divinitus
2119 5530 2291 5599 inSpi-

690 5612 851 5682 ἰετε,
903 5628 1028 5669 ossa
1086 5616 1252 5671 animi
1304 5618 1683 5691 intelligihilia,
1742 5630 1976 5677 actuosa:
2040 5622 2287 5690 quaedam

783 5820 830 5850 “
859 5816 1059 5871 Jerem.
1100 5831 1225 5881 XXV,
1252 5816 1342 5871 27.

1445 5819 1491 5851 "
1530 5818 1670 5875 Psal.
1706 5836 1839 5886 χχιι,
1881 5821 1933 5887 5,
1967 5821 2019 5875 6.

707 5888 757 5926 ⁵⁸
793 5889 934 5945 Psal.
971 5902 1081 5955 cm,
1112 5885 1199 5940 50.

2118 5820 2163 5851 ⁸⁸
2202 5819 2359 5875 Cant.
2416 5836 2485 5885 ιι,
2529 5821 2606 5873 10.

2396 4707 2475 4772 δέ,
2507 4706 2692 4779 φησὶν,
2717 4706 2792 4767 ὼς
2817 4703 3012 4775 βοτάνη
3036 4703 3301 4767 άνατελεῖ,
3326 4703 3420 4755 καὶ
3446 4699 3858 4770 πιανθήσονται,
3885 4703 3979 4751 καὶ

2397 4799 2862 4870 κληρονομήσουσι
2896 4793 3088 4864 γενεὰς
3116 4793 3342 4861 γενεῶν.
3404 4794 3623 4845 Ἔοικεν
3669 4795 3727 4844 ἐν
3776 4794 3979 4853 τούτοις

2397 4889 2459 4941 τὸ
2488 4889 2588 4958 τῆς
2624 4886 2976 4947 ἀναστάσεως
3004 4882 3338 4952 καταδηλοῦν
3372 4885 3695 4951 μυστήριον·
3747 4883 3977 4947 ἀναστῇ

2399 4994 2549 5032 σεται
2584 4976 2692 5045 γὰρ
2717 4974 2834 5025 τότε
2866 4972 2925 5024 τὸ
2964 4970 3141 5040 σῶμα,
3169 4972 3421 5039 καθάπερ
3446 4987 3531 5033 τις
3565 4972 3627 5022 ἐν
3659 4970 3815 5040 ἀγρῷ
3850 4971 3975 5025 πόα.

2398 5069 2537 5123 κατὰ
2586 5067 2682 5137 μὲν
2720 5065 2817 5135 τὴν
2849 5062 2941 5116 τοῦ
2991 5060 3255 5131 χειμῶνος
3318 5061 3468 5130 ὤραν
3504 5061 3840 5131 μαρανθεῖσα
3885 5061 3981 5109 καί

2396 5158 2775 5228 καταμύσασα,
2804 5152 3049 5223 γελώσης
3080 5169 3141 5220 γε
3186 5151 3290 5222 μὴν
3330 5152 3551 5222 ἐαρινῆς
3596 5151 3801 5214 εὐδίας.
3852 5152 3978 5201 ἀνα-

2398 5255 2596 5322 φυεῖσα
2650 5249 2845 5312 πάλιν,
2901 5247 2993 5299 καὶ
3059 5239 3168 5297 οἷον
3221 5246 3637 5311 ῦπονοστήσασα
3702 5242 3833 5311 πρὸς
3882 5240 3983 5291 τὸν

2397 5346 2584 5399 ἐνόντα
2614 5343 2749 5413 αύτῇ
2780 5341 2919 5393 κατὰ
2954 5338 3114 5408 φύσιν
3143 5337 3443 5409 ὡραϊσμόν.
3495 5335 3874 5388 Ἀνατείλαντά
3910 5350 3980 5399 γε

2404 5438 2510 5508 μὴν
2545 5436 2619 5497 ὡς
2665 5434 2863 5504 βοτάνη
2924 5432 2991 5485 τὰ
3032 5430 3165 5483 ὀστᾶ
3233 5428 3786 5497 καταπιανθήσυνται,
3818 5430 3980 5493 ﬁt".

2398 5532 2462 5599 τῇ
2497 5525 2742 5595 ζωοποιῷ
2797 5523 3038 5593 δηλονότι
3070 5523 3251 5591 χάριτι
3293 5522 3354 5589 τῇ
3392 5518 3546 5589 παρὰ
3578 5518 3732 5573 Θεοῦ.
3770 5516 3978 5569 Ψάλλει

2398 5619 2505 5689 γάρ
2538 5634 2637 5669 που
2668 5614 2761 5668 καί
2802 5631 2965 5683 φησιν
2995 5614 3022 5664 ὁ
3055 5610 3333 5672 θεσπέσιος
3364 5609 3557 5662 Δαδίδο
3592 5628 3609 5661 i
3657 5608 3983 5670 Ἐξαποστε-

2712 5822 2758 5853 ⁸⁷
2796 5821 2953 5874 lum.
3012 5832 3107 5877 νιι,
3158 5815 3246 5868 58.
3344 5813 3580 5868 ⁵⁸10311.
3626 5831 3695 5881 IV,
3743 5814 3819 5876 I5,
3872 5811 3974 5867 LL
