4140 6492
192 348 330 405 1291
349 327 354 332 ’

1292 344 1368 400 ΙΝ,
1400 341 1635 406 ISMAM
1674 343 1803 400 LIB.
1850 345 1912 402 ν.
1957 345 2203 406 τοιιυδ
2237 346 2331 404 IV.

3311 336 3462 400 1298

187 461 300 524 lsi;
326 458 388 514 τδ
417 453 645 528 Πνεῦμά
677 470 794 524 σου,
841 457 937 511 καὶ
981 433 1382 528 κτισθήσονται,
1414 458 1508 512 καὶ
1539 458 1766 527 ἀνακαι-

1897 459 1984 530 jns
2015 459 2302 526 facultates
2323 467 2394 530 et.
2414 458 2672 542 energiae,
2739 467 2794 512 ut
2827 471 2951 513 cum
2973 450 3174 512 dlcitur
3206 472 3220 510 :
3263 473 3282 506 ι
3310 455 3453 512 Deus

188 554 321 616 νιετς
343 549 403 604 τὸ
436 550 727 620 πρόσωπον
754 549 854 620 τῆς
877 549 1002 620 γῆς,
1042 568 1060 601 ι
1095 548 1361 614 τουτέστι,
1383 547 1492 602 τῶν
1527 549 1620 604 ἐπὶ
1646 549 1769 620 γῆς·

190 637 334 702 Τότε⁴
358 638 839 710 κληρονομήσομεν
871 638 1063 704 γενεὰς
1097 637 1320 706 γενεῶν,
1359 635 1774 707 μακροημέρευ-

197 748 281 783 σιν
305 729 548 800 δηλονότι
570 727 1010 798 καταργηθέντος
1033 728 1282 792 θανάτου,
1313 729 1407 781 καὶ
1426 727 1778 799 ἀνῃρημένης

192 821 423 874 εἰσάπαν
479 820 576 888 τῆς
628 819 853 889 φθορᾶς.
914 820 1144 889 Εἴρηται
1192 818 1249 871 δὲ
1299 817 1624 887 πλεισταχοῦ
1679 817 1778 888 τῆς

195 910 558 966 θεοπνεύστου
599 909 848 982 Γραφῆς,
878 910 1012 963 ὀστᾶ
1042 908 1221 980 ψυχῆς
1253 909 1440 981 νοητὰ,
1476 907 1779 980 πρακτικαί

193 1017 338 1065 τινες
380 1002 549 1072 αὐτῆς
608 1001 866 1072 δυνάμεις
913 1001 1008 1055 καὶ
1052 1001 1345 1072 ἐνέργειαι.
1397 1000 1474 1060 ὡς
1519 998 1576 1052 ἔν
1610 1015 1674 1064 γε
1702 995 1780 1069 τῷ

198 1092 384 1161 φάναι,
415 1094 496 1147 ὅτι
521 1111 540 1144 ι
566 1091 623 1144 Ὀ
656 1091 787 1154 Θεὸς
828 1089 1204 1161 διεσκόρπισεν
1250 1089 1383 1141 ὀστᾶ
1428 1086 1782 1159 ἀνθρωπαρέ-

200 1199 364 1236 σκων.
388 1201 407 1236 ι
431 1184 505 1241 Οὐ
538 1183 647 1254 γάρ
676 1199 756 1236 τοι
786 1181 855 1235 τά
885 1180 980 1240 τοῦ
1013 1178 1263 1251 σώματος
1285 1180 1420 1232 ὀστᾶ
1445 1178 1781 1248 διασκίδνησι

199 1271 351 1337 Θεὸς,
400 1273 686 1344 συνθραύει
731 1273 789 1327 δὲ
839 1271 1038 1344 μᾶλλον
1083 1271 1182 1335 τὰς
1227 1274 1329 1343 τῆς
1379 1270 1555 1342 ψυχῆς
1601 1270 1782 1325 αὐτῶν

197 1364 475 1435 δυνάμεις,
509 1363 649 1418 ὥστε
677 1363 844 1435 μηδὲν
867 1362 1124 1418 δύνασθαι
1149 1362 1448 1434 κατορθοῦν
1476 1363 1585 1416 τῶν
1614 1363 1784 1434 ὀρῶν-

200 1473 308 1518 των
335 1457 412 1528 (1)
443 1458 661 1522 αὐτοὺς,
692 1457 790 1510 καὶ
814 1456 914 1509 οὐκ
947 1457 1025 1519 είς
1052 1455 1208 1520 δόξαν
1233 1455 1370 1508 Θεοῦ
1403 1454 1624 1525 μᾶλλον,
1659 1454 1782 1510 οὔτε

211 1547 316 1618 μὴν
348 1548 430 1610 είς
461 1547 648 1618 ὄνησιν
679 1547 780 1618 τῆς
808 1545 987 1599 αὐτῶν
1015 1547 1192 1617 ψυχῆς
1220 1545 1555 1618 πράττεσθαί
1583 1561 1636 1600 τι
1675 1547 1784 1600 τῶν

203 1639 334 1708 παρ’
355 1638 583 1702 ἐκείνοις
599 1639 762 1708 φιλεῖ.
794 1638 938 1709 Ἔφη
960 1639 1018 1692 δὲ
1043 1637 1203 1692 πάλιν
1225 1639 1253 1690 ὁ
1277 1639 1561 1703 θεσπέσιος
1586 1638 1778 1710 Μελῳ-

1875 553 2128 623 dispersit
2174 568 2295 608 ossa
2351 567 2542 608 eorum
2581 551 2676 622 qui
2734 549 3045 614 hominibus
3094 546 3391 618 placent“.
3426 564 3449 601 ι

1875 642 1990 698 Non
2025 642 2170 700 enim
2205 643 2448 712 corporis
2489 657 2613 698 ossa
2655 639 3081 711 dissipatDeus,
3127 638 3225 694 sed
3257 638 3455 693 anima

1874 733 2022 788 vires
2045 749 2110 789 ac
2139 732 2421 788 facultates
2447 732 2743 800 confringit
2766 746 2831 786 ac
2863 731 3206 791 comminuit,
3233 737 3291 784 ut
3320 727 3453 783 nihil

1877 825 2020 895 quod
2074 834 2281 894 spectet
2327 826 2393 880 ad
2460 825 2714 884 virtutem
2759 821 2927 896 824
2976 821 3187 892 possint
3219 819 3452 876 edicere.

1883 933 1902 967 ‹
1938 915 2107 971 Nemo
2127 916 2269 971 enim
2292 925 2604 982 coronatur,
2630 914 2733 974 nisi
2759 915 2998 991 legitime
3021 913 3316 968 certaverit
3337 911 3405 976 σί,
3433 929 3451 956 ι

1879 1007 2176 1064 secundum
2213 1008 2265 1062 id
2297 1008 2442 1077 quod
2476 1009 2740 1076 scriptum
2769 1015 2871 1062 est.
2897 1005 2968 1058 At
2992 1018 3188 1074 scapus
3227 1012 3283 1057 et
3336 1001 3459 1056 finis

1879 1113 2068 1154 eorum
2094 1098 2185 1167 qui
2205 1097 2511 1154 hominibus
2529 1098 2744 1166 placent
2765 1109 2832 1150 ac
2857 1093 3230 1158 blandiuntur,
3251 1097 3463 1160 spectat

1881 1189 1948 1244 ad
2001 1189 2185 1244 laudes
2221 1201 2342 1258 qua:
2371 1188 2436 1242 ad
2470 1187 2617 1258 ipsos
2667 1186 2916 1242 homines
2977 1181 3280 1238 redundant
3313 1199 3325 1234 :
3362 1193 3462 1233 nec

1884 1281 1969 1336 vel
2004 1280 2072 1336 ad
2099 1280 2321 1351 gloriam
2340 1280 2456 1346 Dei,
2492 1279 2578 1334 vel
2601 1279 2668 1334 ad
2694 1276 2982 1332 utilitatem
3019 1273 3186 1328 animi
3221 1273 3461 1342 ipsorum

1881 1371 2172 1440 quidquam
2225 1368 2348 1425 fieri
2391 1371 2458 1424 ab
2517 1369 2624 1425 illis
2681 1367 2839 1424 solet.
2877 1365 3086 1420 Rursus
3115 1362 3279 1417 etiam
3328 1359 3466 1416 dixit

1883 1463 2100 1518 divinus
2132 1460 2340 1516 Psaltes
2373 1479 2388 1517 :
2427 1479 2447 1514 ι
2487 1459 2622 1530 Quia
2655 1459 2820 1526 tacui,
2868 1457 3310 1518 inveteraverunt
3337 1465 3462 1506 ossa

1885 1566 2021 1615 mea.
2075 1565 2142 1607 eo
2173 1553 2316 1628 quod
2365 1551 2656 1614 clamarem
2689 1557 2799 1604 tota
2829 1549 2915 1603 die
2941 1549 3008 1614 ",
3043 1565 3061 1600 ι
3103 1546 3156 1600 id
3181 1541 3467 1612 est,glori-

1886 1641 2112 1698 ﬂcarem
2147 1649 2202 1698 et
2240 1656 2482 1707 orarem,
2522 1640 2664 1700 tacui
2727 1639 3004 1710 deinceps,
3063 1638 3117 1690 in
3172 1638 3462 1691 humanam

201 1728 312 1792 δὸς,
337 1747 357 1781 t
389 1729 511 1782 Ὀτι
538 1730 793 1800 ὲσίγησα,
829 1728 1145 1800 ἐπαλαιώθη
1174 1729 1245 1784 τὰ
1273 1730 1409 1783 ὀστᾶ
1435 1747 1536 1800 μου
1563 1729 1670 1783 ἀπὸ
1691 1727 1785 1784 τοῦ

1897 1732 2386 1804 pusillanimitatem
2432 1732 2635 1804 lapsus.
2686 1728 3131 1792 Inveteraverunt
3165 1739 3292 1780 ossa
3320 1737 3463 1786 mea,

205 1819 427 1890 κράζειν
457 1837 523 1890 με
543 1820 672 1892 ὃλην
707 1819 806 1891 τὴν
849 1820 1086 1892 ἡμέραν,
1122 1839 1142 1872 ι
1191 1820 1459 1884 τουτέστι,
1490 1818 1787 1889 δοξολογεῖν

1897 1825 1948 1878 id
1974 1832 2078 1886 est.
2111 1831 2554 1893 computruerunt
2589 1819 2756 1876 animi
2805 1818 3118 1874 facultates.
3161 1815 3256 1870 Hae
3305 1813 3468 1883 igitur

208 1911 300 1964 καὶ
345 1911 761 1982 προσεύχεσθαι,
795 1911 1061 1981 σεσίγηκα
1105 1911 1285 1965 πεσὼν
1331 1914 1410 1975 εἰς
1438 1911 1786 1982 ἀνθρωπίνην

209 2001 595 2072 μικροψυχίαν.
654 2001 999 2073 Ἐπαλαιώθη
1051 2021 1153 2074 μου
1197 2003 1266 2056 τά
1311 2004 1465 2070 ὀστᾶ,
1491 2003 1788 2070 τουτέστιν,

207 2090 595 2163 ἑσαθρὼθησαν
627 2093 680 2145 αἱ
709 2093 808 2162 τῆς
853 2092 1112 2159 διανοίας,
1143 2092 1267 2163 ἦτοι
1297 2092 1396 2163 τῆς
1421 2093 1600 2163 ψυχῆς
1625 2093 1790 2147 δυνάο

209 2197 352 2250 μοις.
413 2174 586 2236 Αὖται
623 2182 802 2236 τοίνυν
846 2184 910 2235 ὲκ
945 2183 1223 2254 ῥᾳθυμίας
1285 2183 1400 2237 ἐσθ’
1426 2184 1514 2238 ὅτε
1544 2183 1792 2254 παραλυ-

209 2268 384 2324 θεῖσαι
421 2271 596 2343 βραχὺ
649 2271 810 2326 πάλιν
854 2273 928 2336 ὼς
977 2273 1178 2344 βοτάνη
1207 2274 1574 2340 ἀνατέλλουσι,
1621 2291 1793 2329 κατα-

209 2359 514 2432 πιαίνοντος
559 2362 694 2416 Θεοῦ
753 2362 1133 2434 παρακλήσεσι
1189 2367 1308 2428 ταῖς
1357 2364 1448 2418 διά
1493 2364 1587 2418 τοῦ
1637 2365 1794 2433 ἁγίου

1891 1915 2167 1980 dissolutae
2230 1913 2622 1983 aliquantulum
2677 1919 2736 1974 et
2785 1909 3012 1978 torpida:
3056 1917 3466 1974 nonnunquam,

1891 2018 2098 2070 rursus,
2118 2017 2218 2058 ceu
2249 2003 2438 2068 herba,
2478 1999 2853 2064 reflorescunt,
2894 1995 3327 2068 pingncfaciente
3361 1991 3470 2046 Deo

1887 2091 2350 2148 consolationibus
2409 2087 2776 2159 spiritualibus
2810 2093 2866 2140 et
2905 2099 3026 2138 eam
3056 2080 3469 2140 corroborante,

1890 2194 1952 2242 ut
1983 2186 2108 2240 inde
2154 2198 2250 2239 nos
2325 2181 2566 2242 haeredes
2624 2178 2874 2233 instituat
2935 2175 2990 2228 in
3041 2170 3466 2242 longaevitatcm.

1890 2275 2035 2330 Nihil
2065 2276 2210 2330 enim
2237 2273 2382 2328 aliud
2397 2269 2670 2342 significat
2708 2267 2838 2322 illud
2872 2284 2884 2318 :
2923 2264 2978 2319 In
3009 2261 3392 2334 generationes
3419 2265 3474 2311 et

1894 2366 2288 2436 generationes.

207 2451 548 2522 Πνεύματος,
571 2453 663 2506 καὶ
692 2452 1136 2526 ἀναρρωννύντος
1157 2453 1346 2524 αὐτὴν.
1368 2454 1508 2508 ὥστε
1538 2455 1634 2510 διὰ,
1663 2454 1820 2508 τοῦτο
1859 2455 2226 2527 κληρονόμους
2296 2454 2445 2524 ἡμᾶς
2488 2451 2844 2520 καταστῆναι,
2894 2447 2992 2517 τῆς
3027 2446 3106 2508 είς
3153 2442 3475 2515 μακραίωνα

207 2541 385 2618 ζωῆς·
421 2541 674 2612 σημαίνει
702 2541 811 2617 γὰρ
841 2543 1018 2608 τοῦτο,
1050 2543 1144 2596 καὶ⁵
1181 2543 1368 2612 ἕτερον
1409 2542 1562 2597 οὐδὲν
1592 2542 1655 2596 τὸ
1699 2544 1779 2606 είς
1816 2542 2008 2611 γενεὰς
2039 2542 2260 2609 γενεῶν.

277 2635 391 2692 Καὶ
433 2636 1011 2707 οὶκοδομηθήσονταί
1053 2652 1172 2692 σου
1201 2641 1260 2692 αι
1297 2638 1501 2708 ἔρημοι
1539 2635 1788 2701 αἱώνιοι,

1963 2638 2120 2692 Vitas.
2168 2637 2254 2690 12.
2290 2633 2358 2688 Et
2391 2634 2792 2704 wdi/icabunlur
2841 2629 2936 2683 tibi
2995 2628 3203 2684 deserta
3239 2623 3293 2677 in
3331 2634 3454 2677 ceter

208 2730 311 2784 καὶ
352 2729 525 2783 ἔσται
575 2745 692 2784 σου
723 2729 795 2784 τὰ
839 2729 1082 2800 θεμέλια
1126 2729 1347 2798 γενεῶν
1390 2728 1645 2799 γενεαῖς,
1693 2728 1791 2782 καὶ

1897 2747 2036 2794 num,
2062 2741 2107 2783 et
2135 2741 2283 2783 erunt
2309 2738 2401 2783 tua
2440 2726 2786 2795 fundamenta
2832 2721 3224 2792 generationum
3257 2731 3478 2786 generae

209 2819 496 2888 κληθήσῃ
541 2819 856 2890 οἰκοδόμος
903 2819 1208 2890 φραγμῶν,
1253 2819 1350 2874 καὶ
1406 2819 1512 2886 τὰς
1555 2820 1794 2888 τρίϐους

1897 2823 2165 2876 tionibus:
2203 2831 2250 2875 et
2302 2819 2571 2874 vocaberis
2635 2816 2928 2884 (ediﬁcator
2981 2809 3359 2870 maceriarum,
3426 2816 3473 2858 et

210 2911 322 2976 τὰς
367 2910 676 2981 ἀναμέσον
707 2913 984 2977 παύσεις.

1897 2918 2102 2971 semitas
2123 2931 2240 2985 qua:
2267 2924 2386 2968 sunt
2417 2913 2468 2964 in
2485 2911 2657 2967 medio
2680 2910 2946 2979 quiescere
2975 2905 3161 2975 facies.

291 3001 370 3054 Δι’
409 3001 610 3072 ἑτέρων
639 3002 733 3056 δύο
761 3002 1217 3072 παραδειγμάτων
1251 3004 1280 3054 ό
1308 3002 1640 3072 προφητικδς
1667 3004 1794 3072 ἡμῖν

1976 3008 2111 3060 Aliis
2161 3007 2371 3061 duobus
2437 3002 2699 3072 exemplis
2779 2997 3094 3070 prophetica
3174 2992 3478 3046 illustratur

219 3091 438 3162 ἔρχεται
473 3069 647 3162 λόγος,
723 3095 816 3146 καὶ
846 3069 972 3147 -τῶν
1023 3069 1420 3164 κεκρυμμένων
1477 3069 1794 3146 ἐννοιῶν-τὴ

1905 3103 2101 3164 oratio,
2129 3109 2185 3152 et
2236 3097 2638 3152 reconditarum
2694 3089 3086 3148 sententiarum
3135 3081 3480 3156 pulchritudo

223 3185 423 3248 κάλλος
455 3187 788 3256 ὲκφαίνεται,
838 3187 924 3249 Ὠς
974 3189 1080 3259 γάρ
1121 3187 1212 3240 ἐπὶ
1243 3186 1451 3249 πόλεως
1495 3187 1801 3258 ἐρημωθεί-

225 3291 328 3342 σης
380 3275 530 3337 ποτὲ,
582 3277 676 3328 καὶ
722 3276 1220 3346 κατασεσεισμένης
1271 3277 1535 3339 είσάπαν,
1585 3277 1660 3340 ὡς
1707 3280 1802 3336 καὶ

217 3363 524 3432 ἀτείχιστον
554 3363 724 3434 αὐτὴν
751 3365 1068 3435 amusium,
1100 3365 1158 3417 τὸ
1181 3364 1274 3417 τοῦ
1315 3365 1472 3432 λόγου
1506 3365 1800 3418 πλάττεται

219 3453 428 3522 σχῆμα.
460 3453 526 3504 Αἱ
557 3453 664 3522 γὰρ
691 3452 891 3523 ἔρημοι
923 3471 1038 3514 σου,
1069 3453 1258 3522 φησιν,
1284 3453 1802 3525 οίκοδομηθήσονται

216 3543 448 3607 αἱώνιοι,
493 3544 790 3609 τουτέστιν,
843 3546 944 3599 οὑκ
994 3545 1090 3616 ἔσῃ
1141 3547 1320 3615 γυμνὴ
1355 3545 1462 3598 τῶν
1511 3547 1803 3602 οἰκούντων

217 3635 323 3704 τὴν
363 3633 461 3705 σὴν
491 3635 719 3706 καρδίαν
751 3636 1026 3706 λογισμῶν
1061 3636 1301 3703 ἀγαθῶν,
1350 3635 1473 3690 οὔτε
1519 3638 1625 3709 μὴν
1656 3639 1804 3691 ἀτεί-

227 3741 432 3796 χιστος,
467 3725 500 3795 ἢ
534 3726 877 3798 ἀφρούρητος
905 3728 1216 3797 ἀπομενείς,
1247 3729 1342 3783 καὶ
1378 3729 1534 3797 βάσιν
1582 3731 1802 3803 ἑδραίαν

227 3815 332 3874 οὐκ
357 3815 572 3886 ἔχουσα.
622 3817 916 3888 Γενήσεται
947 3819 1056 3888 γάρ
1101 3836 1180 3872 σοι
1239 3819 1484 3889 θεμέλιος
1513 3822 1541 3874 ὀ
1571 3823 1803 3894 Χριστὸς

227 3906 326 3966 καὶ
362 3905 631 3974 ἀσφάλεια
666 3906 937 3978 διηνεκὴς,
989 3907 1083 3960 καὶ
1125 3906 1382 3970 ὡς’πόλις
1426 3908 1523 3980 ἔσῃ
1568 3910 1803 3964 πολυαν-

219 3991 424 4062 δροῦσα
477 3997 582 4062 ,καὶ
629 3996 1032 4068 ἀναριθμήτους
1078 3997 1279 4067 ἔχουσα
1323 3999 1450 4062 τοὺς
1489 4001 1799 4072 οἰκήτορας.

216 4085 288 4139 At
321 4083 430 4156 γὰρ
455 4086 562 4140 τῶν
599 4087 769 4156 ἁγίων
800 4088 972 4158 ψυχαὶ
1025 4088 1200 4156 λόγων
1236 4104 1296 4141 τε
1325 4089 1420 4141 κα)⁸
1448 4090 1665 4144 ἐννοιῶν
1695 4093 1804 4144 εἰσι

221 4179 441 4246 μεσταὶ,
467 4177 576 4230 τῶν
607 4179 736 4248 περὶ
781 4177 916 4234 Θεοῦ
949 4178 1213 4250 δηλονότι.
1256 4180 1502 4234 Πλεῖστοι
1549 4181 1606 4235 δὲ
1635 4176 1801 4248 οὗτοι,

217 4267 318 4324 καὶ
350 4266 438 4322 διὰ
472 4268 570 4338 τῆς
596 4270 677 4330 είς
709 4269 860 4340 λῆξιν
910 4257 1201 4341 ἀκριϐείας
1247 4271 1553 4342 ἐρχόμενοι,
1587 4273 1699 4326 ἀνω
1742 4291 1804 4327 τε

1901 3192 2226 3252 ostenditur.
2276 3189 2406 3242 Nam
2440 3186 2587 3242 velut
2625 3201 2654 3240 a
2684 3193 2892 3239 vastata
2939 3179 3214 3251 quondam
3257 3174 3390 3229 urbe
3426 3181 3482 3226 et

1904 3283 1956 3334 in
1986 3291 2153 3335 totum
2192 3280 2511 3343 disturbata,
2548 3291 2668 3348 qua:
2725 3275 2844 3329 sine
2896 3270 3166 3326 moenibus
3199 3267 3339 3320 nuda
3372 3277 3482 3320 ma-

1902 3383 2016 3436 net,
2070 3373 2244 3426 oratio
2302 3370 2592 3426 formatur.
2657 3369 2875 3422 Deserta
2931 3362 3100 3424 enim,
3152 3358 3348 3427 inquit,
3387 3364 3480 3409 tua

1902 3461 2310 3517 mdilicabnntur
2354 3460 2406 3512 in
2445 3469 2730 3518 aeternum,
2771 3455 2824 3508 id
2875 3461 2979 3514 est,
3038 3464 3142 3504 non
3192 3445 3302 3502 eris
3341 3441 3482 3497 nuda

1903 3554 2059 3608 bonis
2103 3551 2515 3622 cogitationibus
2541 3564 2636 3602 cor
2686 3557 2838 3601 tuum
2896 3538 3342 3599 inhabitantibus,
3385 3547 3485 3588 nec

1905 3642 2172 3698 moenibus
2231 3642 2506 3704 destituta,
2559 3647 2653 3692 aut
2717 3633 3040 3690 incustodita
3111 3627 3359 3684 manebis
3429 3632 3485 3678 et

1904 3736 2059 3790 firma
2112 3734 2233 3789 basi
2306 3748 2518 3787 carens.
2566 3730 2680 3785 Fiet
2721 3728 2866 3782 enim
2923 3725 3015 3780 tibi
3071 3723 3484 3777 fundamentum

1903 3823 2154 3886 Christus
2203 3833 2258 3876 et
2298 3820 2640 3880 incolumitas
2689 3826 2966 3888 perpetua,
3010 3823 3064 3872 et
3109 3810 3262 3882 quasi
3290 3807 3484 3863 civitas

1904 3915 2015 3976 eris
2039 3913 2221 3968 multis
2258 3914 2521 3968 instructa
2562 3911 2713 3972 viris,
2763 3922 2884 3978 quae
2932 3899 3355 3959 innumerabiles
3387 3899 3483 3952 ba-

1904 4007 1996 4064 bet
2026 4005 2252 4060 incolas.
2314 4003 2643 4066 Sanctorum
2680 4001 2824 4061 enim
2880 3996 3045 4052 animi
3078 4005 3389 4048 sermonum
3432 3996 3486 4041 et

1904 4099 2294 4158 sententiarum
2343 4095 2482 4165 pleni
2541 4102 2686 4155 sunt,
2729 4091 2795 4148 de
2831 4090 2946 4144 Deo
2997 4086 3246 4148 scilicet;
3279 4096 3345 4138 ac
3373 4080 3487 4150 plu-

1906 4188 2027 4242 rimi
2085 4187 2152 4242 ad
2213 4186 2386 4254 ipsum
2447 4181 2798 4254 perfectionis
2857 4179 3086 4250 gradum
3145 4172 3486 4244 perveniunt,

1904 4294 2134 4348 eumque
2193 4278 2363 4348 magis
2413 4291 2477 4332 ac
2519 4274 2694 4344 magis
2736 4281 2957 4341 augent.
3021 4283 3084 4322 ac
3143 4263 3289 4320 onmi
3347 4264 3488 4320 bono

217 4359 315 4412 καὶ
350 4359 501 4414 κάτω
535 4359 876 4431 περιθέοντες
907 4361 1099 4433 αὐτὴν,
1148 4361 1330 4434 πλήρη
1360 4379 1419 4415 τε
1452 4363 1621 4435 αὐτὴν
1667 4366 1794 4418 ἀπο-

1909 4369 2206 4424 cumulant.
2241 4367 2532 4428 Vocaberis
2587 4374 2853 4435 praeterea
2885 4359 3180 4418 aedificator
3225 4353 3489 4457 maceria-

216 4451 504 4518 φαίνοντες
535 4450 741 4520 ἀγαθοῦ
775 4453 994 4515 παντὸς.
1031 4452 1295 4526 κληθήσῃ
1339 4453 1396 4508 δὲ
1431 4455 1568 4526 πρὸς
1623 4456 1800 4529 τούτῳ

215 4540 317 4594 καὶ
363 4541 644 4611 οἰκοδόμος
689 4543 981 4613 φραγμῶν,
1032 4544 1125 4598 καὶ
1174 4544 1273 4607 τάς
1299 4545 1521 4616 τρίϐους
1567 4548 1668 4611 τάς
1701 4548 1806 4602 ἀνά

221 4633 390 4704 μέσον
422 4632 685 4696 παύσεις⁶
732 4637 860 4696 τοὺς
909 4635 1007 4706 μὲν
1034 4635 1144 4706 γὰρ
1180 4636 1424 4707 ἐρήμους
1463 4638 1573 4692 τῶν
1615 4642 1807 4712 κήπων

217 4722 408 4776 πολλοὶ
455 4723 576 4776 λίαν
618 4725 668 4777 οί
719 4723 1193 4796 διαστοιχίζοντες.
1253 4727 1650 4798 Ἐφεστηκότος
1697 4733 1807 4802 γὰρ

215 4814 360 4876 ὅλως
404 4815 637 4880 οὐδενὸς,
666 4816 834 4886 ήγουν
867 4817 1328 4888 περιφράττοντος
1359 4818 1530 4888 ἀπρὶξ
1582 4815 1690 4873 εἶεν
1740 4821 1807 4875 ἂν

214 4906 375 4959 οὐδὲν
399 4907 698 4971 κωλύοντες
725 4910 852 4972 τοὺς
899 4909 988 4962 διὰ
1035 4909 1201 4979 μέσου
1235 4908 1471 4978 βαδίζειν
1499 4909 1804 4976 ἐθέλοντας.

217 4995 286 5046 Εἰ
313 4995 370 5049 δὲ
409 4996 474 5067 δὴ
521 4999 761 5065 γένοιντό
807 5016 923 5064 πως
963 4999 1068 5052 ὑπὸ
1114 5001 1354 5072 γηπόνον
1406 5001 1644 5071 ἀσφαλῆ,
1683 5004 1806 5058 τότε

216 5085 318 5137 καὶ
351 5087 712 5142 ἀποϐάλλουσι
748 5088 810 5142 τὸ
830 5093 940 5153 τοῖς
974 5089 1083 5142 τῶν
1116 5090 1324 5144 πολλῶν
1356 5092 1674 5146 ὑποκεῖσθαι
1709 5111 1806 5147 πο·

217 5174 331 5236 σιν,
374 5177 746 5247 ἐγηγερμένον
798 5177 1038 5247 δηλονότι
1092 5179 1368 5250 φραγμοῦ.
1426 5181 1808 5236 Πεπαύσονται

215 5266 335 5338 γὰρ
364 5267 532 5331 οὕτως
560 5270 616 5322 αί
646 5269 736 5324 διά
764 5270 930 5341 μέσου
968 5271 1162 5342 τρίϐοι,
1204 5273 1340 5344 Ἕσῃ
1381 5273 1584 5340 τοίνυν,
1617 5277 1805 5344 φησιν,

214 5354 298 5415 ὡς
336 5356 599 5434 ἐπιμελὴς
627 5359 863 5428 γηπόνος
900 5361 1186 5430 φραγμοὺς
1215 5361 1462 5434 ἐγείρων,
1499 5363 1592 5416 καὶ
1617 5364 1806 5417 παύων

298 5541 348 5573 ⁸ο
384 5537 526 5608 Psal.
554 5557 651 5604 ιιι,
692 5541 744 5593 6.
823 5542 862 5573 "
903 5541 944 5610 ll
980 5541 1119 5596 Tim.
1152 5556 1211 5606 ll,

1913 4476 2054 4528 rum,
2084 4469 2140 4516 et
2169 4461 2390 4517 semitas
2413 4473 2534 4528 qua:
2557 4465 2684 4512 sunt
2701 4455 2756 4509 in
2790 4453 2965 4509 medio
2983 4451 3267 4520 quiescere
3293 4443 3486 4499 facies.

1911 4551 2108 4608 Hortos
2132 4552 2278 4608 enim
2321 4565 2522 4607 vacuos
2553 4546 2771 4620 plurimi
2803 4547 3226 4613 pertranseunt:
3260 4535 3478 4590 nemine

1911 4642 2055 4697 enim
2105 4641 2436 4706 intendente,
2495 4655 2596 4694 nec
2657 4635 2886 4692 firmiter
2923 4630 3298 4691 obmuniente,
3355 4623 3489 4678 nihil

1911 4740 1996 4790 est
2025 4731 2168 4799 quod
2194 4745 2309 4796 eos,
2331 4729 2422 4800 qui
2460 4745 2555 4800 per
2582 4728 2816 4782 medium
2848 4725 2927 4780 ire
2956 4723 3168 4783 volunt,
3207 4715 3487 4786 impediat.
3520 4787 3522 4792 λ

1910 4824 1979 4878 At
2006 4821 2050 4878 si
2089 4832 2204 4876 tuto
2232 4819 2481 4891 agricolae
2503 4819 2929 4882 committantur,
2975 4823 3100 4868 tunc
3126 4825 3230 4866 non
3264 4807 3490 4876 amplius

1915 4911 2204 4967 multorum
2263 4911 2487 4982 pedibus
2545 4910 2847 4971 calcantur,
2908 4904 3212 4973 sepimento
3279 4897 3490 4952 scilicet

1913 5010 2121 5058 erecto.
2155 5000 2456 5056 Cessabunt
2494 4999 2635 5054 enim
2674 4998 2753 5052 sic
2799 4994 3009 5050 semitae
3034 5006 3154 5062 qum
3202 4990 3258 5044 in
3311 4987 3492 5042 medio

1913 5103 2059 5148 sunt.
2080 5093 2201 5148 Eris
2227 5093 2407 5162 igitur,
2428 5090 2594 5162 825
2619 5089 2816 5158 inquit,
2848 5101 2946 5148 cett
2971 5085 3203 5154 diligens
3227 5079 3488 5156 agricola,

1913 5184 2214 5252 sepimenta
2245 5193 2298 5238 et
2325 5183 2547 5238 semitas
2608 5177 2961 5238 intermedias
3004 5175 3316 5234 obstruens.
3352 5167 3487 5222 Nam

1914 5274 2150 5344 quandiu
2188 5273 2370 5328 anima
2416 5281 2501 5334 est
2542 5268 2892 5332 incustodita,
2933 5274 3168 5320 stertens
3210 5259 3478 5322 socordia,

1916 5376 1970 5422 et
1997 5364 2222 5436 proinde
2259 5363 2420 5421 ftedis
2459 5361 2823 5432 voluptatibus
2874 5357 3115 5430 exposita
3143 5373 3155 5410 :
3181 5351 3372 5418 similis
3407 5357 3490 5403 est

1419 5542 1464 5572 ⁶²
1502 5539 1643 5596 Psal.
1677 5557 1826 5609 uxr,
1865 5543 1919 5597 3.

301 5720 381 5789 (l)
416 5719 608 5774 Dl'CSSB
675 5721 760 5776 hic
804 5720 1079 5788 nonnulla,
1134 5731 1279 5793 pitet
1319 5738 1384 5776 ex
1455 5720 1734 5778 Humfrcdi
1795 5722 2063 5778 versione.
