4140 6496
704 374 842 429 1299

1684 368 1742 426 S.
1785 366 2060 427 CYRILLI
2097 366 2569 424 ALEXANDRINI
2602 366 2921 427 ARCHIEP.

3807 371 3943 427 1300

697 495 857 548 horto
895 505 1053 560 quem
1112 504 1299 545 omnes
1350 496 1677 560 prmtereunt
1708 498 1763 545 et
1792 488 2111 560 pervadunt.
2161 489 2260 545 Ubi

2362 488 2459 551 τὰς
2507 488 2778 558 ἁναμέσον
2831 489 3071 561 τρίϐους.
3121 488 3265 553 Ἕως
3304 489 3403 559 μὲν
3448 489 3556 563 γὰρ
3598 488 3944 562 ἀφρούρητός

698 593 876 637 autem
919 580 1318 651 expergefacta,
1381 595 1413 635 e
1448 581 1701 635 vitiorum
1756 580 1966 650 laqueis
2018 582 2262 649 eruperit

695 676 749 721 et
769 666 1051 730 exsilierit,
1083 676 1137 721 et
1168 667 1303 722 bene
1334 667 1526 737 agendi
1557 668 1890 723 voluntatem
1937 668 2259 737 susceperit,

695 750 993 812 et'mentem
1030 757 1182 825 quasi
1213 758 1513 827 sepimento
1551 759 1785 827 quodam
1814 769 1928 814 tuto
1951 760 2261 815 obvallave-

696 848 789 913 rit,
823 846 1025 911 divino,
1057 848 1298 917 inquam,
1330 848 1542 912 timore,
1574 859 1631 904 et
1670 849 2026 919 cogitationes
2070 850 2258 915 animi,

696 951 816 1004 qua:
867 936 994 990 olim
1034 936 1111 990 illi
1163 938 1452 991 dominata;
1508 944 1655 1001 sunt,
1709 952 1828 1007 quae
1890 952 1986 1004 per
2026 938 2259 992 medium

696 1024 813 1091 ejus
842 1027 994 1094 quasi
1034 1027 1386 1091 transierunt,
1436 1041 1499 1081 ac
1555 1027 1784 1096 pedibus
1817 1026 2120 1095 subjectum
2166 1028 2263 1081 ha-

691 1112 827 1168 bent
888 1128 953 1168 ac
985 1114 1322 1178 conculcant,
1385 1129 1453 1170 eo
1507 1114 1651 1183 quod
1714 1116 1765 1169 in
1812 1129 1933 1169 eum
1977 1115 2259 1184 imperium

694 1203 993 1271 obtineant,
1053 1206 1315 1274 expulerit
1375 1222 1389 1259 :
1443 1215 1558 1260 tum
1626 1205 1907 1261 vocabitur
1967 1207 2263 1262 azditlcator

695 1295 1073 1349 maceriarum.
1115 1294 1403 1350 Sciendum
1443 1310 1573 1350 vero
1624 1295 1793 1351 malas
1836 1305 1891 1351 et
1922 1297 2262 1353 adversarias

692 1394 989 1453 potestates
1034 1387 1286 1441 miseram
1322 1387 1559 1441 animam
1616 1387 1885 1442 interdum
1957 1388 2258 1453 incursare,

695 1490 761 1529 ac
808 1476 1108 1545 voluptates
1162 1477 1523 1532 exsecrandas
1574 1492 1787 1547 parere,
1836 1487 1893 1532 et
1941 1493 2261 1548 quocunque

693 1568 880 1622 volunt
908 1569 1118 1623 auferre
1144 1569 1443 1639 tyrannice,
1468 1577 1521 1624 et
1550 1570 1703 1637 quasi
1731 1570 1948 1623 hortum
1996 1569 2258 1625 incultum

693 1667 998 1727 penetrare.
1062 1658 1132 1712 At
1178 1658 1322 1712 illam
1378 1659 1594 1713 calcare
1659 1658 1927 1725 desinent,
1981 1669 2259 1713 exstructa

692 1747 948 1809 maceria,
1010 1761 1169 1816 quam
1232 1746 1448 1801 divinus
1505 1747 1666 1801 timor
1721 1748 1773 1801 in
1840 1747 1995 1802 nobis
2038 1749 2255 1802 excitat.

691 1836 1001 1904 Applicabis
1031 1847 1209 1890 autem
1240 1837 1380 1891 hanc
1404 1851 1619 1907 quoque
1640 1837 1939 1892 orationem
1968 1838 2256 1906 unicuique
2291 1820 2331 1875 Β

690 1932 997 1979 sanctorum
1030 1933 1478 1995 mystagogorum.
1521 1925 1657 1979 Sunt
1695 1926 1839 1980 enim
1896 1927 2256 1982 aediﬁcatores

704 2016 1088 2081 maceriarum,
1132 2029 1323 2070 secure
1350 2016 1653 2071 munientes
1677 2017 1893 2071 virtutis
1933 2018 2257 2073 motionibus

691 2106 900 2160 animas
946 2121 1131 2159 eorum
1176 2108 1267 2176 qui
1328 2107 1719 2173 instituuntur,
1770 2109 1841 2163 ita
1905 2120 1963 2163 ut
2016 2110 2259 2164 animum

693 2196 929 2249 habeant
995 2196 1327 2265 voluptatum
1424 2196 1890 2266 impressionibus,
1961 2207 2015 2252 et
2064 2199 2261 2267 ineptis

692 2285 849 2352 nugis
911 2285 1128 2339 minime
1164 2287 1406 2354 pervium
1462 2302 1666 2352 eorum,
1705 2288 1795 2355 qui
1826 2288 2094 2356 vaniloqui
2140 2303 2263 2343 esse

692 2374 887 2437 solent,
935 2375 1025 2442 qui
1075 2385 1280 2428 rectum
1338 2375 1460 2429 ﬁdei
1511 2391 1813 2430 sermonem
1871 2388 2258 2445 cauponantur,

691 2465 997 2519 nescientes
1063 2479 1239 2535 neque
1293 2467 1419 2535 quid
1451 2466 1657 2533 dicunt,
1717 2482 1890 2537 neque
1947 2467 2015 2522 de
2062 2468 2257 2538 quibus

691 2553 979 2609 allirmant.

2363 581 2481 632 ἐστι
2509 578 2675 649 ψυχὴ,
2702 580 2969 650 ρέγχουσα
3003 578 3137 651 πρὸς
3170 581 3228 633 τδ
3256 582 3520 652 ῥᾴθυμον,
3552 583 3646 635 καὶ
3686 584 3809 644 ταῖς
3838 581 3945 635 τῶν

2364 668 2566 739 ἡδονῶν
2594 669 2843 733 ὲκτόποις
2889 671 3093 741 ταύτης
3122 671 3283 724 ἕνεκα
3322 672 3423 741 τῆς
3445 671 3625 735 αἰτίας
3651 673 3757 725 οῦκ
3798 674 3945 727 ἀστι-

2364 758 2503 830 ϐὴς,
2557 758 2672 812 ἀλλ’
2722 758 2865 812 ἔοικε
2918 761 3081 830 κήπῳ
3137 761 3492 832 διοδευομένῳ
3543 762 3696 832 παρά
3746 763 3945 827 παντὸς

2363 849 2600 904 ὁτουοῦν.
2664 850 2832 904 Ἐπὰν
2875 850 3265 923 δὲδδιανὴψασα
3308 853 3419 905 τῶν
3463 854 3563 923 τῆς
3606 854 3944 923 φαυλότητος

2362 938 2689 1010 ἀποπηδήσῃ
2730 938 2959 1010 βρόχων,
2994 942 3348 1013 ὲπιδράξηται
3394 943 3451 997 δὲ
3493 945 3695 1014 μᾶλλον
3728 944 3826 999 τοῦ
3856 945 3943 998 θέ-

2362 1028 2474 1082 λειν
2498 1028 2877 1099 ἀγαθουργεῖν,
2904 1031 2998 1084 καὶ
3018 1031 3207 1104 ὥσπερ
3232 1034 3353 1087 τινὰ
3379 1036 3633 1106 φραγμὸν
3660 1037 3944 1107 ἀναστήσῃ

2362 1119 2440 1190 τῷ
2475 1119 2553 1191 νῷ
2577 1121 2675 1191 τὴν
2701 1122 3023 1191 ἀσφάλειαν,
3057 1125 3157 1195 τὴν
3187 1126 3295 1179 ἀπό
3333 1143 3422 1195 γε,
3460 1130 3624 1199 φημὶ,
3652 1128 3751 1181 τοῦ
3797 1128 3941 1180 θείου

2362 1210 2552 1281 φόϐου,
2582 1213 2676 1265 καὶ
2707 1212 3024 1286 ἀποσοϐήσῃ
3048 1215 3147 1285 τῆς
3170 1215 3407 1281 διανοίας
3434 1219 3561 1280 τοὺς
3595 1218 3767 1271 πάλαι
3804 1234 3941 1288 κρα-

2360 1300 2585 1364 τοῦντας
2636 1304 2807 1373 αὐτῆς
2852 1304 3253 1375 διαλογισμοὺς,
3303 1306 3354 1359 οἳ
3400 1307 3489 1361 διὰ
3534 1307 3706 1378 μέσης
3752 1307 3942 1377 ὥσπερ

2361 1396 2527 1467 ᾔεσαν
2560 1398 2728 1467 αὐτῆς
2765 1398 2871 1452 ὑπὸ
2916 1400 3083 1462 πόδας
3116 1399 3331 1469 ἔχοντες
3373 1401 3601 1471 ταύτην,
3630 1402 3723 1455 καὶ
3755 1401 3941 1464 θέντες

2361 1487 2442 1547 είς
2488 1487 2859 1557 καταπάτημα
2903 1486 2991 1539 διὰ
3040 1486 3135 1540 τοῦ
3183 1493 3544 1559 κατακρατεῖν
3582 1490 3773 1559 αὐτῆς,
3808 1490 3940 1543 τότε

2361 1573 2688 1643 κεκλήσεται
2736 1579 2830 1630 καὶ
2864 1578 3143 1649 οἰκοδόμος
3173 1579 3463 1650 φραγμῶν.
3514 1580 3710 1634 ’ἰστέον
3755 1580 3813 1632 εξ
3857 1582 3941 1633 ὅτι
4000 1602 4007 1603 ί

2360 1660 2453 1714 καὶ
2496 1664 2551 1714 αἱ
2587 1666 2819 1735 πονηραὶ
2847 1666 2942 1718 καὶ
2988 1667 3359 1738 ἀντικείμεναι
3384 1668 3639 1738 δυνάμεις
3668 1668 3939 1736 κατατρέ-

2361 1768 2544 1821 χουσιν
2574 1752 2685 1805 ἐσθ’
2730 1754 2817 1807 ὅτε
2866 1756 2964 1825 τῆς
3015 1756 3206 1820 ἀθλίας
3237 1758 3434 1827 ψυχῆς,
3467 1758 3713 1830 μυσαρὰς
3745 1757 3942 1827 ἡδονὰς

2359 1842 2723 1907 ἐκτίκτουσαι,
2768 1845 2863 1899 καὶ
2909 1846 3280 1919 ἁποφέρουσαι
3317 1849 3651 1918 τυραννικῶς
3683 1844 3845 1917 οἷπερ
3876 1850 3943 1901 ἂν

2364 1929 2678 2000 βούλωνται,
2723 1934 2815 1985 καὶ
2864 1933 2938 1995 ὡς
2981 1934 3069 1987 διὰ
3107 1936 3287 2004 κήπου
3335 1936 3747 2006 κεχερσωμένω
3784 1936 3942 2005 βαδί-

2363 2024 2569 2087 ζουσαι.
2603 2023 2983 2077 Πεπαύσονται
3011 2025 3066 2078 δὲ
3092 2025 3186 2077 τοῦ
3230 2029 3563 2078 καταπατεῖν
3594 2026 3785 2096 αὐτὴν,
3807 2029 3937 2095 ἐγη-

2363 2113 2633 2184 γερμένον
2669 2114 2946 2185 φραγμοῦ,
2971 2115 3036 2167 δν
3084 2117 3112 2168 6
3139 2115 3280 2179 θεῖος
3315 2117 3375 2168 ἐν
3401 2118 3533 2187 ἡμῖν
3563 2116 3811 2187 ἀνίστησι
3842 2120 3940 2185 φό-

2365 2204 2477 2266 ϐος.
2528 2204 2891 2275 Ἐφαρμόσεις
2928 2206 2986 2259 δὲ
3010 2206 3101 2259 τὸν
3142 2208 3343 2260 τοιόνδε
3390 2208 3545 2275 λόγον
3590 2209 3683 2261 καὶ
3722 2208 3940 2276 ἑκάστῳ

2364 2293 2473 2345 τῶν
2523 2294 2691 2361 ἁγίων
2749 2297 3141 2365 μυσταγωγῶν.
3190 2298 3451 2365 Γεγόνασι
3507 2296 3618 2368 γὰρ
3666 2298 3938 2365 οἰκοδόμοι

2366 2383 2658 2453 φραγμῶν,
2689 2385 3107 2455 ἀσφαλιζόμενοι
3137 2389 3255 2449 ταῖς
3288 2389 3366 2451 εἰς
3391 2387 3592 2458 ἀρετὴν
3634 2386 3937 2449 νουθεσίαις

2362 2472 2462 2535 τὰς
2492 2472 2599 2525 τῶν
2643 2474 3045 2544 παιδευομένων
3093 2475 3291 2545 ψυχὰς,
3334 2475 3475 2528 ὥστε
3524 2478 3619 2529 καὶ
3663 2478 3784 2538 ταῖς
3824 2474 3935 2527 τῶν

2363 2562 2565 2631 ἡδονῶν
2587 2563 2795 2633 ἐφόδοις
2817 2564 3013 2635 ἀστιδῆ
3042 2566 3239 2636 τρόπον
3266 2566 3389 2619 τινὰ
3412 2565 3509 2636 τὴν
3536 2566 3770 2620 διάνοιαν
3792 2565 3937 2635 ἔχειν

689 2647 782 2709 καὶ
813 2646 1189 2720 βωμολοχίαις,
1220 2650 1283 2703 ἐκ
1310 2669 1368 2704 τε
1404 2652 1509 2705 τῶν
1538 2653 1862 2720 κενοφωνεῖν
1893 2650 2180 2715 εἰωθότων,
2242 2652 2292 2705 οἳ
2329 2652 2419 2707 τὸν
2453 2653 2609 2724 ὀρθὸν
2673 2656 2771 2727 τῆς
2811 2655 3044 2719 πίστεως
3080 2656 3512 2727 ὲκκαπηλεύουσι
3546 2656 3718 2725 λόγον,
3756 2657 3830 2727 μὴ
3864 2660 3939 2711 εἰ·

687 2743 837 2804 δότες
886 2743 1018 2812 μήτε
1062 2744 1096 2798 ἃ
1130 2743 1365 2813 λέγουσι,
1417 2747 1553 2817 μήτε
1601 2744 1729 2815 περὶ
1769 2744 1931 2797 τίνων
1978 2744 2430 2800 διαῦεὸαιοῦνται.

765 2838 922 2891 Vens.
955 2839 1039 2904 l5,
1071 2840 1157 2895 14.
1189 2840 1248 2895 Si
1275 2848 1520 2895 averteris
1551 2842 1725 2908 pedem
1747 2851 1891 2894 tuum
1918 2858 1949 2893 α
1991 2841 2261 2907 Sabbatis,

690 2941 742 2981 ut
773 2947 874 2982 non
905 2930 1070 2998 facias
1095 2939 1386 2985 voluntates
1420 2935 1606 2984 tuasiu
1628 2934 1711 2985 die
1738 2944 1944 2996 sancta,
1976 2943 2024 2985 et
2054 2948 2264 2985 vocave-

2444 2840 2573 2895 ’Et'w
2616 2840 2984 2909 ἐπεστρέψῃς
3012 2840 3117 2894 τὸν
3148 2839 3304 2894 πόῶα
3342 2855 3457 2895 σου
3486 2840 3601 2895 ἀπὸ
3635 2839 3753 2894 τῶν
3784 2841 3940 2893 Σαϐ-

2361 2931 2574 2995 ϐάτων,
2606 2931 2713 2984 τοῦ
2754 2932 2840 2999 μὴ
2890 2932 3081 2985 ποιεῖν
3132 2933 3205 2985 τὰ
3246 2930 3549 3000 θελήματά
3592 2946 3707 2984 σου
3742 2931 3815 2982 ἐν
3868 2928 3942 2997 τῇ

690 3022 761 3072 ris
782 3020 1009 3074 Sabbnta
1038 3034 1237 3086 tenera,
1274 3021 1377 3074 Deo
1413 3032 1500 3074 tuo
1522 3031 1724 3087 sancta,
1762 3040 1861 3076 non
1889 3022 2035 3075 tolles
2080 3023 2260 3090 pedem

2362 3021 2548 3091 ἡμέρα
2598 3019 2671 3089 τῇ
2702 3022 2860 3090 ἁγίᾳ,
2905 3022 3001 3075 καὶ
3037 3021 3307 3088 καλέσῃς
3357 3022 3430 3075 τὰ
3479 3020 3747 3075 Σάϐϐατα
3796 3039 3941 3088 τρυ-

691 3119 835 3162 tuum
865 3112 932 3162 ad
960 3127 1108 3178 opus,
1143 3128 1301 3179 neque
1323 3113 1546 3180 loqueris
1585 3112 1795 3164 verbum
1826 3113 1879 3164 in
1930 3114 2009 3163 ira
2054 3110 2119 3163 de
2173 3125 2260 3163 ore

2362 3113 2527 3181 ςεερὰο,
2568 3111 2647 3177 τῷ
2677 3110 2798 3176 Θεῷ
2836 3127 2951 3165 σου
2979 3112 3134 3182 ἅγια,
3163 3114 3274 3165 οὐκ
3304 3111 3468 3182 ἀρεῖς
3496 3115 3603 3165 τὸν
3631 3111 3789 3164 πόδα
3816 3126 3942 3165 σου

692 3210 803 3265 tuo,
832 3209 879 3254 et
902 3202 1002 3253 eris
1033 3202 1293 3268 conﬁdens
1327 3219 1480 3267 super
1508 3201 1807 3255 Dominum.
1838 3201 1903 3254 Et
1958 3200 2176 3254 elevabit
2212 3211 2260 3254 te

2362 3202 2453 3254 ἐπ’
2485 3202 2654 3269 ἔργῳ,
2694 3200 2837 3254 οὐδὲ
2872 3199 3155 3267 λαλήσῃς
3200 3203 3386 3269 λόγον
3420 3201 3489 3253 ὲν
3519 3198 3665 3267 ὀργῇ
3705 3200 3778 3251 ἐκ
3828 3198 3941 3252 τοῦ

690 3308 844 3358 super
871 3293 1241 3355 bonaterra’,et
1274 3292 1488 3344 elevabit
1514 3303 1559 3347 te
1576 3290 2060 3346 linit-editatelacob
2088 3294 2256 3359 patris

690 3380 876 3435 tui.0.s
907 3382 1041 3435 enim
1066 3380 1277 3435 Domini
1307 3383 1534 3434 locutum
1559 3393 1630 3435 est
1668 3384 1799 3435 lucc.

766 3652 1201 3706 DivinusPuulus
1233 3653 1362 3722 legis
1393 3653 1633 3706 umbram
1659 3654 1802 3707 velut
1822 3653 2146 3707 inelIicacem
2171 3668 2259 3708 re-

695 3743 916 3812 pellens,
948 3746 1011 3797 ad
1040 3745 1375 3812 spiritualem
1403 3743 1517 3811 ejus
1546 3744 2041 3798 considerationem
2076 3754 2258 3798 trans-

695 3838 821 3887 t’ert.
847 3833 957 3889 Nec
1011 3835 1152 3889 enim
1184 3834 1389 3889 videbis
1411 3850 1531 3889 eum
1563 3835 1645 3889 vel
1687 3836 1865 3890 carnis
1892 3836 2261 3891 circumcisio-

626 3957 629 3960 -
693 3941 837 3992 nem,
868 3925 951 3980 vel
978 3925 1197 3981 Sabbati
1225 3929 1392 3981 otium
1438 3930 1749 3997 recepisse:
1783 3936 1837 3981 at
1891 3927 2262 3982 circumcisio-

693 4034 815 4072 nem
877 4019 1052 4087 potius
1103 4019 1262 4075 simul
1320 4034 1382 4075 ac
1456 4020 1842 4077 sabbatismum
1925 4018 2260 4089 spiritualem

691 4109 984 4178 praedicare
1012 4110 1242 4164 videtur.
1271 4111 1361 4163 Ait
1388 4111 1529 4164 enim
1568 4125 1580 4161 :
1618 4126 1636 4160 ι
1672 4108 1785 4163 Non
1817 4108 1909 4178 qui
1949 4110 2001 4163 in
2033 4109 2262 4164 manife-

691 4204 779 4247 διο
810 4190 1029 4248 Judmus
1057 4202 1158 4258 est,
1192 4210 1365 4263 neque
1430 4210 1549 4263 quae
1601 4197 1652 4249 in
1690 4196 1974 4251 manifesto
2010 4197 2061 4250 in
2099 4211 2262 4252 carne

693 4293 775 4339 est
801 4285 1170 4351 circumcisio;
1209 4287 1299 4339 sed
1328 4288 1416 4355 qui
1453 4287 1503 4340 in
1536 4286 1870 4351 abscondito,
1897 4287 2113 4342 Judmus
2134 4296 2216 4343 est
2243 4306 2258 4345 :

689 4375 858 4445 826
880 4384 933 4430 et
960 4375 1303 4430 circumcisio
1337 4376 1535 4440 cordis,
1569 4378 1621 4429 in
1649 4377 1861 4445 spiritu,
1906 4392 2011 4432 non
2063 4378 2259 4444 littera,

692 4467 844 4535 cujus
870 4467 985 4521 laus
1015 4482 1117 4521 non
1143 4481 1206 4521 ex
1243 4468 1570 4531 hominibus,
1602 4469 1697 4524 sed
1747 4484 1813 4524 ex
1864 4469 1972 4523 Deo
2027 4480 2108 4524 est
2132 4470 2194 4523 ".
2237 4488 2255 4521 ι

2359 3293 2658 3360 στόματός
2685 3307 2821 3356 σου,
2848 3294 2943 3346 καὶ
2973 3290 3087 3359 ἔσῃ
3118 3293 3413 3357 πεποιθὼς
3442 3291 3539 3344 ἐπὶ
3568 3292 3810 3357 Κύριον,
3840 3289 3942 3342 καί

2359 3382 2702 3436 ἀναϐιϐάσει
2736 3398 2809 3435 σε
2837 3381 2936 3433 ἐπὶ
2971 3380 3043 3434 τὰ
3070 3382 3259 3450 ἀγαθὰ
3288 3381 3398 3449 τῆς
3422 3380 3554 3450 τῆς,
3588 3381 3689 3437 καί
3722 3380 3943 3450 ψωμιεῖ

2360 3488 2435 3527 σε
2465 3473 2578 3541 τὴν
2606 3474 3012 3541 κληρονομίαν
3044 3472 3253 3526 Ἰακὼϐ
3284 3472 3391 3526 τοῦ
3425 3471 3655 3540 Πατρός
3682 3488 3827 3525 σου.
3867 3472 3940 3525 Τὸ

2359 3562 2472 3633 γὰρ
2499 3564 2692 3632 στόμα
2726 3564 2945 3630 Κυρίου
2973 3562 3240 3628 (tantum;
3274 3561 3473 3616 ταῦτα.

2444 3655 2499 3706 ’0
2544 3653 2831 3715 θεσπέσιος
2878 3652 3088 3714 Παῦλος
3140 3653 3239 3721 τὴν
3288 3651 3382 3704 τοῦ
3436 3650 3600 3721 νόμου
3656 3650 3819 3703 σκιὰν
3859 3648 3935 3711 ὡς

2362 3743 2564 3813 ἀδρανῆ
2594 3742 3013 3813 παρωθούμενος
3036 3744 3113 3805 εἰς
3146 3742 3515 3812 πνευματικὴν
3546 3741 3782 3812 θεωρίαν
3806 3739 3934 3810 μεθ-

2365 3834 2542 3903 ίστησι
2571 3832 2641 3885 τὰ
2670 3835 2726 3885 ἐν
2756 3832 2923 3902 αὐτῷ.
2960 3832 3095 3885 Οὔτε
3124 3833 3233 3903 γὰρ
3260 3834 3357 3901 τὴν
3404 3832 3542 3885 κατὰ
3578 3833 3756 3902 σάρκα
3782 3848 3934 3901 περι-

2361 3923 2555 3995 τομὴν,
2591 3922 2713 3977 οὔτε
2740 3922 2837 3994 τὴν
2865 3923 3005 3976 κατὰ
3034 3923 3097 3976 τὸ
3127 3922 3403 3975 Σάϐϐατόν
3428 3922 3631 3993 ἀργίαν
3666 3917 3935 3984 ἀποδεξά-

2365 4033 2524 4087 μενον
2553 4014 2895 4085 καταθρήσαί
2921 4031 3002 4076 τις
3027 4013 3094 4066 ἂν
3124 4012 3303 4075 αὑτὸν,
3329 4010 3628 4082 περιτομὴν
3652 4011 3708 4063 δὲ
3738 4012 3938 4081 μᾶλλον

2363 4106 2760 4176 πνευματικὴν,
2786 4106 2879 4157 καὶ
2917 4104 3282 4175 σαὸεατισμὸν
3316 4104 3517 4173 ὁμοίως
3559 4101 3941 4172 διακηρῦττων

2363 4197 2577 4266 δρᾶται.
2610 4193 2753 4264 Ἔφη
2780 4194 2908 4263 γὰρ,
2945 4195 3028 4265 ὅτι
3061 4213 3078 4245 ι
3116 4195 3228 4263 Οὐχ
3260 4195 3288 4246 6
3332 4193 3391 4245 ὲν
3432 4192 3510 4262 τῷ
3556 4191 3776 4261 φανερῷ
3815 4192 3941 4243 Ἰου-

2363 4287 2503 4349 δαῖός
2538 4287 2703 4347 ἐστιν,
2726 4285 2844 4337 οὐδὲ
2868 4286 2899 4355 ἡ
2929 4286 2984 4336 ὲν
3014 4283 3092 4353 τῷ
3119 4282 3337 4353 φανερῷ
3363 4284 3421 4335 ὲν
3447 4283 3607 4351 σαρκὶ
3637 4280 3939 4352 περιτομὴ,

2363 4375 2478 4430 ἀλλ’
2506 4378 2533 4429 ὀ
2566 4376 2624 4427 ὲν
2665 4374 2741 4444 τῷ
2779 4374 3006 4445 κρυπτῷ
3043 4374 3312 4438 Ἰουδαῖος,
3348 4375 3440 4427 καὶ
3487 4374 3755 4442 περιτομὴ
3800 4388 3941 4440 καρο

2364 4465 2480 4527 δίας
2508 4466 2563 4517 ἐν
2606 4464 2897 4533 πνεύματι,
2923 4465 2982 4516 οὐ
3014 4464 3320 4533 γράμματι,
3349 4457 3410 4517 οὗ
3440 4465 3468 4517 6
3501 4463 3723 4524 ἔπαινος
3744 4464 3842 4514 οὐκ
3878 4461 3940 4524 ἐξ

691 4555 841 4621 Quod
876 4555 1055 4625 itaque
1076 4554 1138 4608 ad
1169 4555 1466 4610 Sabbatum
1490 4558 1703 4620 attinet,
1726 4558 2045 4627 relinquitur
2069 4557 2260 4627 populo

2365 4556 2686 4628 ἀνθρώπων,
2708 4556 2822 4609 ἀλλ’
2848 4557 2911 4608 ὲκ
2941 4554 3032 4607 τοῦ
3053 4555 3240 4607 Θεοῦ.»
3273 4555 3345 4605 Hs
3357 4554 3407 4623 ρὶ
3431 4551 3487 4604 δὲ
3529 4551 3623 4604 τοῦ
3656 4551 3938 4603 Σαῦσάτου

687 4646 780 4698 Dei
816 4645 1196 4699 sabbatismus.
1226 4647 1328 4712 Qui
1361 4648 1504 4701 enim
1558 4649 1858 4717 ingreditur
1912 4649 1965 4701 iu
2019 4650 2257 4716 requiem

687 4737 825 4813 ejus,
857 4737 1017 4789 etiam
1067 4737 1179 4806 ipse
1210 4739 1495 4806 requiescit
1535 4754 1563 4790 a
1591 4738 1702 4793 suis
1752 4739 2030 4808 operibus,
2064 4754 2254 4807 quem-

687 4826 972 4882 admodum
998 4843 1025 4880 a
1058 4830 1169 4881 suis
1194 4830 1349 4884 Deus.
1378 4829 1517 4898 Ergo
1540 4831 1584 4884 si
1611 4829 1732 4899 quis
1774 4844 1803 4883 a
1836 4831 1947 4884 suis
2003 4829 2258 4898 operibus

647 4926 887 4991 icessat,
923 4930 1016 4970 aut
1052 4933 1161 4971 sua:
1211 4918 1503 4974 voluntatis
1550 4920 1833 4989 imperium
1896 4919 2262 4973 sacrosanctis

649 5008 653 5067 ;
690 5008 856 5060 tradit
886 5008 1115 5077 legibus,
1150 5009 1236 5063 hic
1281 5010 1583 5070 sabbatizat
1634 5010 2008 5080 Spiritualiter,
2051 5021 2105 5065 et
2133 5026 2261 5064 sau-

646 5088 653 5160 ξ
692 5109 836 5151 ctum
869 5098 1010 5154 diem
1036 5115 1160 5155 vcre
1180 5101 1433 5156 celebrat.
1483 5100 1595 5155 Hoc
1632 5102 1793 5155 etiam
1839 5102 1994 5157 nobis
2027 5101 2266 5156 ostendit

689 5188 1006 5256 prophetiae,
1039 5204 1157 5258 qua:
1180 5204 1290 5259 prae
1325 5192 1571 5245 manibus
1600 5201 1701 5255 est,
1738 5192 1931 5247 oratio.
1987 5192 2043 5245 Si
2095 5193 2259 5255 enim,

689 5276 889 5345 inquit,
949 5281 1212 5334 averteris
1262 5283 1449 5348 pedem
1505 5290 1650 5336 tuum
1696 5297 1727 5335 a
1778 5281 2048 5348 Sabbatis,
2078 5291 2133 5335 ut
2162 5298 2265 5335 non

689 5368 856 5423 facias
906 5370 1208 5426 voluntates
1252 5381 1370 5426 tuas
1411 5373 1463 5427 in
1514 5374 1599 5428 die
1629 5383 1835 5429 sancta.
1882 5373 2011 5427 Illud
2038 5389 2051 5424 :
2083 5375 2254 5427 Aver-

686 5459 820 5513 teris
849 5460 1037 5528 pedem
1072 5469 1221 5514 tuum
1262 5478 1291 5515 a
1346 5462 1615 5528 Sabbatis,
1685 5465 1829 5518 aliud
1870 5464 2003 5518 nihil
2059 5474 2158 5530 est,
2195 5474 2254 5517 ut

688 5565 788 5619 cgo
819 5552 1151 5615 censeo,nisi
1182 5563 1368 5610 utnon
1401 5565 1522 5626 agat
1555 5572 1673 5625 quae
1700 5558 1821 5626 quis
1852 5556 2100 5621 voluerit,
2156 5572 2254 5612 nec

760 5729 804 5760 "
840 5729 995 5786 Ilum.
1026 5746 1083 5797 tt,
1114 5730 1204 5795 28,
1235 5732 1323 5787 29.

2367 4649 2474 4708 ἄρα
2523 4648 2879 4701 ἀπολείπεται
2940 4644 3307 4714 σαϐϐατισμὸς
3355 4642 3431 4712 τῷ
3476 4641 3593 4711 λαῷ
3638 4640 3730 4695 τοῦ
3776 4638 3938 4691 Θεοῦ.

2377 4740 2434 4792 '0
2478 4740 2585 4810 γὰρ
2638 4738 2890 4792 εἰσελθὼν
2936 4739 3015 4800 εἰς
3064 4736 3162 4805 τὴν
3214 4735 3554 4789 κατάπαυσιν
3606 4729 3790 4792 αὑτοῦ,
3839 4729 3937 4781 καὶ

2365 4831 2524 4892 αὐτὸς
2553 4830 2890 4883 κατέπαυσεν
2915 4826 3021 4880 ἀπὸ
3056 4826 3163 4878 τῶν
3190 4825 3364 4895 ἔργων
3392 4823 3575 4884 αὑτοῦ,
3612 4822 3798 4890 ὥσπερ
3826 4818 3939 4872 ἀπὸ

2364 4920 2471 4974 τῶν
2509 4921 2651 4973 ἰδίων
2680 4922 2708 4973 6
2734 4920 2883 4982 Θεός.
2926 4917 3132 4971 Οὐκοῦν
3164 4916 3217 4968 εἰ
3234 4933 3315 4978 τις
3346 4915 3616 4968 παύσαιτο
3656 4915 3762 4967 τῶν
3791 4914 3939 4965 ἰδίων

2360 5012 2558 5082 ἔργων,
2588 5013 2706 5081 ἤτοι
2740 5010 2847 5063 τῶν
2874 5006 3067 5062 ἐαυτοῦ
3106 5007 3425 5076 θελημάτων
3468 5004 3529 5057 τὸ
3561 5007 3755 5077 χρῆναι
3788 5020 3935 5075 κραο

2359 5106 2471 5156 τείν
2502 5102 2715 5164 ἐπιδοὺς
2748 5102 2862 5163 τοὶς
2896 5102 3058 5170 ἱεροῖς
3104 5097 3486 5167 θεσπίσμασιν,
3515 5097 3689 5159 οὕτως
3718 5094 3942 5148 Σαϐϐα-

2361 5194 2496 5257 τίζει
2545 5191 2947 5261 πνευματικῶς,
2998 5191 3092 5244 καὶ
3137 5189 3296 5257 ἁγίαν
3325 5188 3540 5258 ἀληθῶς
3583 5187 3788 5257 ἡμέραν
3814 5186 3943 5237 ἐπι-

2362 5284 2525 5337 τελεῖ.
2570 5284 2740 5336 Τοῦτο
2786 5284 2878 5336 καὶ
2914 5282 3015 5351 τῆς
3055 5284 3110 5334 ἐν
3156 5280 3311 5351 χερσὶ
3364 5280 3698 5350 προφητείας
3738 5275 3947 5329 διαδεί-

2361 5393 2548 5429 κνυσιν
2601 5376 2731 5444 ἡμῖν
2784 5377 2812 5426 6
2841 5374 3015 5441 λόγος.
3066 5373 3190 5425 Ἐὰν
3235 5372 3342 5441 γὰρ
3376 5369 3738 5441 ἁποστρέψῃς,
3771 5366 3944 5437 φησι,

2360 5463 2452 5516 τὸν
2495 5462 2628 5514 πόδα
2670 5479 2760 5515 σου
2800 5461 2905 5513 ἀπὸ
2931 5462 3037 5513 τῶν
3074 5461 3367 5513 Σαϐϐάτων
3398 5459 3492 5513 τοῦ
3531 5458 3606 5528 μὴ
3653 5459 3823 5510 ποιεῖν
3868 5457 3949 5511 τὰ

2362 5554 2639 5625 θελήματά
2672 5569 2763 5606 σου
2794 5555 2850 5607 ἐν
2876 5556 2940 5623 τῇ
2977 5553 3158 5623 ἡμέρα
3188 5553 3254 5622 τῇ
3294 5551 3443 5619 ἁγία.
3473 5551 3545 5604 Τὸ
3576 5550 3649 5616 δὲ,
3668 5546 3947 5619 ἀποστρέ-
