4140 6488
249 341 385 399 1501

1356 339 1423 395 ΙΝ
1463 340 1693 398 ISAIAM
1729 340 1857 398 LIB.
1899 342 1965 398 ν.
2008 340 2245 399 TOMUS
2279 339 2370 396 IV.

3366 338 3506 396 1301

243 460 370 530 ψεις
399 458 490 512 τὸν
523 457 659 511 πόδα
703 474 797 510 σου
829 457 937 512 ἀπὸ
961 457 1069 510 τῶν
1096 458 1406 526 Σαϐϐάτων,
1443 462 1595 515 οὐδὲν
1631 461 1816 532 ἕτερον

1950 464 2152 532 »τορτίω
2173 461 2484 532 cupiditatis
2510 460 2732 516 semitas
2759 467 3138 530 persequatur.
3161 457 3293 514 Nam
3315 459 3506 516 huma-

245 548 337 618 εἴη
366 546 454 608 ἂν,
486 545 561 609 ῶς
592 561 655 613 γε
689 540 842 615 οἶμαι
887 544 1024 616 πλήν
1058 546 1222 599 ὅτιτὸ
1258 548 1333 618 μὴ
1359 549 1557 619 χρῆναι
1603 550 1757 620 δρᾷν,
1789 549 1827 603 ἀ

245 638 315 692 ἂν
356 635 597 708 βούλοιτό
630 653 734 700 τις,
771 635 863 689 καὶ
896 635 995 699 τάς
1036 636 1143 690 τῶν
1177 637 1318 692 ἰδίων
1361 639 1663 710 ἐπιθυμιῶν
1695 641 1830 693 ἰέναι

243 727 488 798 τρίϐους.
505 727 624 780 ’Ότι
651 725 759 796 γάρ
787 725 894 779 τῶν
920 726 1274 799 ἀνθρωπίνων
1294 728 1610 799 θελημάτων
1643 732 1671 783 6
1705 747 1825 784 σκοο

248 818 352 880 πὸς
379 819 460 880 είς
496 816 557 869 τὸ
601 815 879 888 φιλήδονον
910 816 1118 886 βλέπει,
1165 818 1494 873 πιστώσεται
1537 819 1763 890 γράφων
1799 820 1829 874 ὁ

250 905 529 974 πάνσοφος
578 907 824 970 Παῦλοςο
881 925 899 958 ι
945 907 1019 960 Οὐ
1070 907 1179 980 γὰρ
1226 908 1255 961 ὃ
1303 908 1441 962 θέλω
1488 909 1645 962 τοῦτο
1691 908 1830 964 ποιῶ

249 999 478 1067 ἀγαθὸν,
501 998 614 1052 ἀλλ’
637 998 666 1052 δ
689 998 833 1069 μισῶ
862 998 1032 1052 κακὸν
1056 998 1215 1052 τοῦτο
1247 999 1497 1071 πράσσω,
1535 991 1830 1071 συνήδομαι

253 1091 363 1159 γάρ
401 1088 479 1159 τῷ
535 1089 685 1160 νόμῳ
720 1087 816 1141 τοῦ
865 1088 1001 1141 Θεοῦ
1057 1089 1197 1142 κατά
1242 1089 1332 1142 τὸν
1368 1089 1476 1142 ἔσω
1523 1089 1830 1161 ἄνθρωπον,

256 1179 442 1250 βλέπω
481 1179 540 1233 δὲ
573 1180 762 1249 ἕτερον
791 1179 960 1250 νόμον
989 1180 1537 1250 ἀντιστρατευόμενον
1570 1181 1648 1251 τῷ
1682 1183 1831 1252 νόμῳ

253 1270 351 1322 τοῦ
381 1269 500 1332 νοός
537 1286 659 1338 μου,
692 1269 785 1322 καὶ
816 1269 1284 1339 αἰχμαλωτίζοντά
1331 1287 1399 1341 με
1435 1270 1512 1341 τῷ
1543 1272 1693 1342 νόμῳ
1735 1272 1835 1342 τῆς

256 1360 534 1431 ἁμαρτίας
563 1359 642 1430 τῷ
685 1359 799 1414 ὄντι
829 1361 887 1413 ὲν
934 1363 1046 1426 τοῖς
1081 1361 1266 1432 μέλεσί
1301 1379 1425 1432 μου.
1464 1380 1482 1412 ι
1517 1363 1608 1414 Δεῖ
1640 1361 1704 1432 δὴ
1741 1357 1834 1416 οῦν

255 1449 365 1518 ἄρα
395 1448 487 1501 καὶ
518 1448 662 1517 μάλα
688 1448 953 1510 νεανικῶς
981 1447 1456 1517 καταγωνίσασθαι
1488 1449 1586 1517 μὲν
1617 1447 1677 1500 τὸ
1706 1447 1835 1500 ἴδιον

255 1540 468 1609 θέλημα
492 1541 618 1602 τοὺς
643 1539 949 1609 εὐδοκιμεῖν
979 1539 1260 1602 ἐθέλοντας
1292 1539 1442 1608 παρά
1468 1537 1606 1608 Θεῷ,
1638 1540 1750 1600 τοζς
1779 1537 1837 1590 δὲ

258 1629 426 1694 θείοις
457 1629 623 1684 αὐτοῦ
659 1630 844 1700 νόμοις
891 1628 1164 1700 πανταχοῦ
1225 1630 1524 1699 ἑπομένους
1570 1629 1669 1700 τὴν
1723 1627 1836 1692 ἀξι-

258 1719 496 1787 ἀγαστον
523 1719 623 1790 τῆς
673 1719 1017 1790 δικαιοσύνης
1045 1720 1277 1774 διάττειν
1307 1720 1442 1774 ὁδόν.
1492 1717 1750 1790 Τρυφερά
1781 1717 1837 1770 δὲ

1930 570 2120 608 narum
2151 552 2484 607 voluntatum
2521 565 2742 620 scopum
2764 551 2832 605 ad
2861 550 3188 619 voluptatem
3237 558 3506 620 spectare,

1927 643 2272 698 conﬁrmabit
2297 641 2728 710 sapientissimus
2763 640 2978 705 Paulus,
3013 641 3296 696 scribens:
3331 658 3349 691 ι
3389 637 3508 694 Non

1927 731 2070 787 enim
2108 732 2251 800 quod
2277 732 2420 794 volo,
2460 732 2562 786 hoc
2611 729 2752 784 facio
2795 729 3018 798 bonum,
3069 730 3162 785 sed
3223 729 3368 798 quod
3417 729 3508 784 odi

1930 823 2154 888 malum,
2179 822 2280 876 hoc
2307 836 2426 890 ago.
2465 819 2712 876 Delector
2744 821 2886 874 enim
2917 820 3032 890 lege
3064 819 3183 883 Dei,
3247 817 3389 886 quod
3443 817 3510 870 ad

1929 913 2240 968 interiorem
2272 911 2540 966 hominem
2572 911 2784 966 attinet.
2827 910 2995 966 Video
3027 919 3207 965 autem
3238 908 3400 962 aliam
3431 907 3516 962 le-

1934 1017 2055 1075 gem
2087 1018 2207 1072 qua:
2237 1011 2500 1070 repugnat
2555 1001 2658 1070 legi
2689 1001 2888 1056 mentis
2918 1014 3068 1068 meae,
3120 1010 3175 1055 et
3229 999 3508 1068 captivum

1932 1111 2019 1150 me
2048 1095 2225 1150 reddit
2252 1092 2355 1164 legi
2391 1092 2616 1162 peccati,
2641 1105 2759 1160 quae
2780 1101 2863 1146 est
2891 1092 2943 1145 in
2961 1091 3219 1145 membris
3250 1091 3387 1145 meis
3406 1089 3506 1142 ⁸⁸.»

1933 1184 2035 1252 Qui
2065 1199 2194 1255 ergo
2223 1200 2253 1239 a
2286 1184 2396 1240 Deo
2420 1183 2643 1254 probari
2675 1181 2888 1246 volunt,
2921 1180 3134 1236 fortiter
3171 1195 3234 1235 ac
3255 1179 3511 1249 juvenili-

1935 1284 2018 1330 ter
2045 1290 2197 1330 suam
2227 1275 2559 1330 voluntatem
2589 1286 2902 1343 oppugnare
2953 1271 3190 1325 debent:
3225 1279 3280 1323 et
3305 1270 3396 1340 qui
3427 1271 3511 1323 di-

1935 1365 2088 1419 vinas
2121 1363 2236 1434 ejus
2252 1365 2399 1434 leges
2423 1380 2518 1434 per
2549 1364 2728 1420 omnia
2775 1370 3095 1432 sequuntur,
3141 1360 3512 1414 admirabilem

1928 1453 2155 1522 justitite
2179 1456 2320 1509 viam
2355 1454 2610 1510 alacriter
2661 1453 2800 1508 inire
2836 1459 3065 1521 oportet.
3118 1448 3328 1505 Tenera
3375 1448 3516 1503 Sab-

1936 1543 2059 1598 bata
2094 1545 2244 1608 dicit,
2279 1545 2332 1598 in
2363 1544 2557 1614 quibus
2609 1543 2839 1614 propriae
2877 1541 3169 1597 voluntatis
3219 1540 3353 1594 nihil
3406 1549 3509 1593 est.

1937 1633 2077 1688 Dura
2115 1642 2294 1688 autem
2325 1645 2378 1688 et
2419 1634 2700 1702 praclracta
2735 1647 2890 1688 mens
2929 1643 3034 1696 est,
3075 1630 3214 1686 nolle
3255 1630 3358 1685 illis
3392 1645 3515 1699 quae

1940 1723 2085 1778 Deus
2110 1724 2226 1778 vult
2259 1724 2472 1793 subjici.
2508 1723 2694 1777 Talem
2744 1737 2865 1778 esse
2897 1721 3148 1776 lsraelem
3199 1719 3398 1789 arguit,
3431 1719 3514 1770 dt-

261 1810 518 1864 Σάϐϐατά
562 1826 702 1880 φησι
729 1810 800 1863 τὰ
850 1810 1014 1881 μηδὲν
1055 1810 1247 1881 ἔχοντα
1293 1809 1402 1862 τῶν
1443 1809 1549 1862 ἀπὸ
1591 1807 1839 1877 γνώμης.

1950 1829 2072 1868 cens
2106 1833 2120 1868 :
2170 1833 2189 1865 ι
2228 1813 2354 1869 Scio
2379 1829 2478 1885 ego
2503 1822 2554 1868 te
2583 1814 2774 1868 durum
2815 1827 2957 1877 esse,
2988 1821 3042 1866 et
3090 1825 3287 1864 nervus
3307 1809 3518 1864 ferreus

263 1899 483 1970 Σκληρά
508 1899 564 1952 δὲ
590 1900 780 1971 γνώμη
813 1902 906 1954 καὶ
935 1901 1171 1972 ἀπηνὴς,
1203 1901 1265 1954 τὸ
1299 1900 1374 1971 μὴ
1400 1897 1718 1952 ὑποκεῖσθαι
1756 1897 1842 1950 θέ-

1949 1903 2143 1958 collum
2180 1912 2352 1970 tuum,
2376 1913 2431 1959 et
2464 1902 2614 1958 frons
2642 1911 2730 1958 tua
2758 1917 2906 1956 aenea
2957 1901 3023 1957 ⁸⁸.
3067 1919 3086 1954 ν
3121 1899 3387 1954 Submissi
3417 1900 3516 1967 igi-

261 1987 398 2051 λειν,
431 1982 510 2051 οἷς
548 1988 615 2041 ἂν
647 1987 899 2057 βούληται
933 1988 1092 2050 Θεόςθ
1124 1987 1362 2042 τοιοῦτον
1379 1986 1506 2040 ὄντα
1527 1985 1616 2040 τὸν
1631 1983 1846 2056 Ἰσραὴλ

1952 2002 2038 2048 tur
2057 2003 2112 2048 et
2142 1993 2449 2049 tractabiles
2480 2003 2536 2049 et
2582 2007 2843 2064 sequaces
2883 2007 3062 2047 mores
3113 2001 3355 2047 tenerum
3410 1991 3519 2044 Deo

261 2077 506 2148 διήλεγξε
550 2078 762 2147 λέγων,
797 2095 816 2128 t
853 2079 1108 2132 Γινώσκω
1171 2077 1281 2146 ἐγὼ
1342 2079 1424 2132 ὅτι
1472 2077 1705 2148 σκληρὸς
1770 2071 1840 2142 εἴ,

265 2168 362 2221 καὶ
385 2168 574 2240 νεῦρον
608 2169 860 2240 σιδηροῦν
879 2171 908 2223 6
929 2169 1198 2241 τράχηλός
1226 2185 1342 2232 σου,
1376 2169 1471 2222 καὶ
1499 2168 1560 2220 τὸ
1591 2153 1843 2238 μέτωπόν

266 2276 364 2313 σου
394 2260 646 2330 χαλκοῦν.
685 2280 705 2314 ι
743 2261 817 2314 Τὸ
847 2260 1095 2324 εὐπειθὲς
1121 2255 1213 2314 οὖν
1242 2259 1371 2329 ἄρα,
1402 2258 1498 2312 καὶ
1528 2259 1590 2312 τὸ
1613 2259 1845 2329 εὐήνιον,

267 2351 362 2404 καὶ
390 2351 451 2404 τὸ
478 2351 712 2404 είκτικδν
741 2350 836 2404 τοῦ
867 2351 1090 2422 τρόπου,
1119 2349 1395 2420 τρυφερὰν
1431 2349 1721 2416 ἀποφαίνει
1763 2348 1844 2416 τῷ

265 2441 389 2511 Θεῷ
430 2441 530 2513 τήν
572 2441 712 2495 κατὰ
756 2442 818 2494 τὸ
855 2441 1134 2496 Σάϐϐατόν
1171 2439 1388 2513 ἀργίαν,
1423 2439 1541 2508 ήτοι
1577 2442 1668 2491 τὸν
1703 2437 1844 2491 κατά

267 2533 486 2602 πνεῦμα
539 2531 948 2602 σαϐϐατισμὸν,
999 2531 1060 2585 ὃν
1113 2531 1164 2584 οἱ
1221 2528 1515 2601 κατορθοῦν
1573 2528 1846 2591 ἐθέλοντες

265 2619 586 2692 ἀμωμήτως
625 2623 726 2674 οὐκ
773 2621 998 2694 ἀροῦσιν
1053 2620 1140 2673 ἐπ’
1174 2621 1319 2692 ἔργῳ
1357 2619 1448 2672 τὸν
1495 2619 1653 2682 πόδα,
1691 2635 1848 2672 τουτ-

267 2711 440 2774 έστιν,
466 2712 526 2763 οὐ
552 2710 828 2782 βαδίζουσι
858 2711 1196 2782 πρακτικῶς,
1227 2708 1531 2763 ἐπιτελοῦσι
1561 2709 1617 2762 δὲ
1646 2708 1846 2779 μᾶλλον

263 2802 369 2873 τὴν
403 2801 594 2871 εὐαγῆ,
619 2802 712 2855 καὶ
739 2801 1059 2872 ὀνησιφόρον
1077 2800 1296 2870 ἀργίαν,
1340 2800 1439 2868 τήν
1455 2798 1546 2851 ἐπί
1567 2816 1655 2866 γε,
1677 2799 1841 2868 φημὶ,

267 2893 382 2954 τοῖς
417 2891 733 2962 αἰσχίστοις,
764 2893 857 2944 καὶ
892 2891 1188 2960 βδελυροῖς,
1217 2890 1306 2942 καὶ
1333 2889 1741 2960 ἀπηχθημένοις
1765 2887 1843 2958 τῷ

267 2979 390 3051 Θεῷ
423 2982 730 3051 πράγμασι.
793 2980 1050 3033 Βούλεται
1116 2978 1174 3031 δὲ
1210 2980 1338 3042 τοὺς
1388 2978 1661 3040 τοιούτους
1751 2979 1844 3030 καὶ

266 3071 442 3143 ὀργῆς
539 3073 633 3126 καὶ
721 3071 894 3142 θυμοῦ
983 3069 1519 3140 κατευμεγεθοῦντας
1579 3067 1839 3140 ὁρᾶσθαι,

267 3164 367 3217 καὶ
442 3163 611 3235 θύραν
691 3163 916 3233 ἔχοντας
981 3163 1073 3215 ἐπὶ
1157 3160 1372 3233 γλώττῃ
1455 3162 1548 3215 καὶ
1632 3159 1846 3230 μοχλόν.

1949 2091 2208 2154 praestant
2232 2085 2285 2138 in
2317 2081 2555 2138 Sabbato
2584 2083 2776 2147 otium,
2805 2083 2884 2138 vel
2911 2081 3244 2151 spiritualem
3263 2081 3522 2136 sabbatis-

1951 2187 2133 2226 mum:
2167 2187 2326 2242 quem
2373 2173 2463 2242 qui
2499 2173 2682 2229 volunt
2719 2173 2838 2228 sine
2904 2172 3344 2242 reprehensionis
3395 2180 3518 2226 nota

1952 2261 2150 2326 colere,
2183 2278 2288 2317 non
2316 2263 2565 2318 levabunt
2587 2264 2654 2318 ad
2687 2277 2821 2332 opus
2851 2262 3067 2333 pedem,
3108 2263 3160 2317 id
3189 2275 3302 2327 est,
3331 2278 3434 2317 non
3455 2264 3521 2317 ad

1953 2363 2136 2404 rerum
2170 2359 2350 2407 actum
2377 2360 2628 2420 pergunt,
2657 2352 2749 2407 sed
2781 2353 2960 2420 potius
3003 2362 3248 2407 sanctum
3296 2362 3350 2406 et
3394 2353 3523 2407 utile

1943 2439 2221 2495 celebrant
2244 2442 2437 2506 otium,
2464 2456 2491 2495 a
2519 2443 2865 2511 turpissimis,
2891 2441 3130 2511 inquam,
3156 2452 3205 2499 et
3247 2444 3522 2498 detestan-

1945 2529 2028 2584 dis
2065 2545 2129 2584 ac
2156 2531 2264 2585 Deo
2300 2531 2490 2586 invisis
2525 2532 2774 2599 negotiis.
2801 2531 2906 2586 Eos
2929 2533 3040 2586 vult
3082 2534 3247 2588 etiam
3286 2534 3420 2586 iram
3459 2546 3524 2586 ac

1945 2617 2180 2672 furorem
2211 2621 2506 2684 vincere,et
2530 2620 2674 2674 fores
2700 2635 2763 2675 ac
2790 2621 3102 2690 repagulum
3133 2621 3326 2690 linguae
3360 2637 3527 2691 appo-

1948 2723 2096 2762 nere.
2116 2709 2280 2779 827
2306 2710 2418 2764 Non
2441 2711 2583 2764 enim
2623 2709 2861 2779 loqueris
2887 2711 3132 2775 verbum,
3152 2710 3348 2779 inquit,
3367 2710 3421 2764 in
3445 2710 3523 2763 ira

1952 2799 2018 2852 de
2045 2815 2141 2853 ore
2168 2811 2278 2854 tuo.
2320 2801 2431 2853 Duo
2463 2801 2624 2870 igitur
2651 2801 2774 2854 hinc
2799 2800 3337 2870 circumciditgravia
3362 2809 3417 2853 et
3445 2800 3528 2852 in-

1954 2885 2244 2940 festissima
2273 2905 2287 2940 :
2321 2901 2350 2940 a
2383 2889 2578 2958 quibus
2600 2888 2646 2940 si
2682 2888 2803 2956 qui‘s
2838 2888 3141 2950 recesserit,
3175 2889 3316 2957 apud
3357 2889 3525 2943 Deum

1949 2975 2220 3044 perfectus
2249 2977 2369 3031 erit.
2406 2977 2546 3031 Dixit
2585 2977 2730 3031 enim
2769 2977 2987 3046 quidam
3017 2991 3047 3032 e
3076 2978 3280 3032 sanctis
3309 2990 3528 3046 aposto-

1950 3065 2057 3120 lis:
2101 3086 2118 3119 ι
2145 3064 2200 3121 Si
2225 3067 2345 3135 quis
2367 3067 2419 3120 in
2443 3081 2693 3122 sermone
2725 3065 3090 3129 nonoll‘endit,
3140 3067 3226 3122 hic
3253 3067 3528 3135 perfectus

1955 3156 2039 3210 vir
2063 3163 2164 3221 est,
2188 3157 2278 3225 qui
2325 3158 2492 3225 possit
2523 3156 2684 3211 etiam
2725 3166 2891 3210 totum
2926 3171 3122 3224 corpus
3154 3156 3368 3211 frenare
3390 3157 3456 3210 “.
3501 3175 3521 3209 ι

266 3253 351 3308 Οὐ
411 3254 520 3324 γάρ
560 3252 815 3320 λαλήσεις
861 3251 1038 3320 λόγον,
1089 3253 1274 3320 φησὶν,
1357 3252 1415 3302 ὲν
1462 3250 1596 3319 ὀργῇ
1640 3249 1705 3301 ὲκ
1755 3245 1846 3301 τοῦ

1957 3248 2058 3313 Qui
2087 3258 2266 3302 autem
2297 3249 2430 3307 iram
2459 3259 2693 3314 coercet,
2722 3263 2936 3316 semper
2989 3247 3300 3302 moderatus
3345 3257 3430 3302 est
3473 3255 3530 3302 et

270 3343 540 3414 στόματός
571 3361 684 3396 σου.
719 3341 823 3394 Δύο
860 3341 924 3412 δὴ
954 3336 1046 3394 οῦν
1086 3339 1318 3393 ἐνταῦθα
1359 3341 1671 3410 περιτέμνει
1700 3337 1846 3392 δεινά

1954 3338 2307 3407 compositus,
2349 3339 2615 3408 siquidem
2645 3338 2983 3393 contrarium
3015 3352 3200 3391 verum
3237 3345 3322 3393 est
3349 3352 3364 3390 :
3395 3339 3530 3393 scri-

269 3435 367 3488 καὶ
391 3432 736 3503 παγχάλεπα,
769 3424 843 3484 ὧν
871 3429 936 3483 ἄν
961 3447 1045 3491 τις
1063 3428 1434 3498 ἀποφοιτήσας
1463 3427 1664 3489 τέλειος
1695 3425 1848 3479 ἔσται

271 3525 429 3595 παρά
474 3523 609 3594 Θεῷ.
670 3525 815 3591 Ἔφη
844 3522 952 3591 γάρ
1005 3538 1089 3584 τις
1139 3520 1247 3573 τῶν
1296 3519 1465 3587 ἁγίων
1511 3517 1847 3580 ἀποστόλων,

277 3635 297 3669 ι
339 3617 406 3668 Εἴ
423 3632 506 3678 τις
538 3617 594 3668 ὲν
619 3615 760 3685 λόγῳ
783 3615 842 3666 οὐ
869 3612 1070 3676 πταίει,
1096 3605 1249 3674 οὗτος
1282 3610 1486 3672 τέλειος
1525 3609 1663 3679 ἀνὴρ
1691 3608 1851 3661 δυνά-

277 3723 439 3778 μενος
466 3704 907 3776 χαλιναγωγῆσαι
943 3703 1037 3756 καὶ
1056 3702 1175 3755 ὅλον
1200 3702 1258 3754 τὸ
1283 3700 1461 3770 σῶμα.
1495 3719 1512 3750 t
1556 3699 1614 3752 '0
1638 3699 1696 3751 δὲ
1720 3715 1850 3769 κρε-

278 3800 440 3851 ίττων
476 3799 662 3868 ἀργῆς,
700 3795 916 3856 πάντως
940 3811 1040 3846 που
1073 3793 1166 3846 καὶ
1188 3792 1496 3861 εὐσχήμων,
1521 3791 1678 3862 εἴπερ
1704 3790 1852 3843 ἐστὶν

274 3889 478 3959 ἀληθὲς
512 3891 604 3941 καὶ
638 3888 698 3939 τὸ
747 3886 1001 3958 ἐμπαλινυ
1043 3885 1352 3954 γέγραπται
1392 3883 1500 3953 γὰρ
1533 3883 1614 3936 ὃτι
1649 3882 1854 3954 ιἈνὴρ

277 3979 486 4049 θυμώδτ
506 3995 533 4041 ς
562 3978 664 4030 οὐκ
695 3977 1003 4047 εὐσχήμων.
1030 3995 1048 4026 ι
1085 3973 1300 4044 Πράους
1323 3969 1416 4026 οὖν
1443 3973 1548 4043 ἄρα
1577 3972 1671 4026 καὶ
1704 3972 1854 4024 πλεί-

279 4087 417 4141 στην
453 4071 584 4138 ὅσην
613 4067 836 4137 ἔχοντας
862 4066 961 4137 τὴν
990 4065 1192 4135 ἀρετήν
1223 4060 1363 4117 εἶναι
1401 4061 1644 4132 βούλεται
1675 4063 1703 4116 6
1727 4061 1858 4124 Θεδς

278 4164 406 4226 τοὺς
453 4159 878 4223 σαϐϐατίζοντας
919 4156 1144 4227 νοητῶς,
1174 4157 1267 4208 καὶ
1312 4154 1502 4223 ἀγίως,
1533 4155 1627 4208 καὶ
1655 4169 1859 4224 τρυφε-

283 4253 414 4326 ρῶς,
447 4253 539 4306 καὶ
568 4249 886 4304 πεποιθέναι
916 4247 1146 4308 κελεύει,
1179 4247 1279 4299 οὐκ
1298 4247 1390 4298 ἐπὶ
1421 4244 1634 4313 πλούτῳ
1663 4243 1861 4314 μᾶλλον

281 4345 316 4415 ἢ
365 4343 703 4404 δυναστείαις
740 4342 1050 4410 κοσμικαῖς,
1093 4339 1193 4390 οὐκ
1240 4339 1334 4389 ἐπὶ
1375 4335 1531 4409 ῥώμῃ
1573 4335 1860 4406 σωμάτων,

1951 3440 2100 3500 ptum
2130 3439 2211 3484 est
2255 3429 2396 3482 enim
2424 3447 2437 3481 :
2470 3447 2487 3479 ι
2517 3428 2609 3482 Vir
2631 3429 2923 3484 iracundus
2955 3429 3340 3483 immoderatus
3373 3437 3531 3484 estet

1950 3518 2334 3588 incompositus
2363 3518 2428 3570 ⁸⁷.
2453 3535 2474 3568 ›
2505 3517 2610 3572 Eos
2654 3518 2818 3587 igitur
2837 3519 2928 3588 qui
2959 3519 3298 3574 sabbatizant
3328 3518 3527 3574 intelli-

1951 3608 2207 3678 gibililer,
2238 3616 2422 3662 sancte
2451 3617 2506 3660 et
2535 3607 2763 3663 delicate
2795 3621 2888 3662 seu
2915 3617 3119 3674 tenere,
3175 3609 3337 3663 mites
3411 3623 3533 3664 esse

1952 3705 2067 3758 vult
2096 3703 2256 3769 Deus,
2287 3714 2342 3757 et
2375 3704 2621 3772 plurimis
2666 3703 2956 3758 virtutibus
2978 3702 3231 3772 praeditos
3262 3720 3276 3756 :
3305 3709 3360 3756 et
3398 3716 3526 3756 con-

1955 3793 2122 3848 ﬁdere
2143 3793 2297 3861 jubet
2318 3809 2422 3848 non
2446 3795 2670 3867 divitiis,
2691 3807 2780 3848 aut
2804 3796 2985 3848 mundi
3015 3796 3272 3864 potentia,
3307 3810 3414 3848 non
3441 3809 3530 3848 ro-

1954 3881 2087 3937 bore
2125 3884 2388 3951 corporis,
2423 3885 2504 3938 vel
2543 3885 2700 3939 rebus
2730 3885 3014 3954 ejusmodi,
3039 3900 3157 3954 qua:
3184 3885 3366 3940 herbis
3416 3886 3529 3955 agri

1956 3973 2164 4028 similes
2193 3985 2338 4037 sunt,
2378 3984 2432 4028 et
2459 3977 2795 4044 temporariae
2855 3991 2919 4030 ac
2968 3977 3253 4042 marcidae;
3287 3979 3382 4031 sed
3431 3977 3532 4032 Do-

1958 4065 2107 4118 mino
2145 4066 2322 4130 inniti,
2343 4066 2434 4135 qui
2454 4068 2630 4120 omnis
2653 4067 3058 4136 tranquillitatis
3089 4068 3313 4138 largitor
3341 4076 3424 4122 est
3466 4084 3532 4122 ac

1961 4157 2316 4226 dispensator.
2359 4159 2512 4226 Quod
2561 4169 2740 4213 autem
2790 4173 2886 4214 eos
2915 4160 3004 4227 qui
3037 4161 3105 4211 ita
3156 4162 3319 4212 vitam
3371 4158 3531 4212 insti-

1964 4255 2116 4301 tuere
2143 4247 2344 4312 solent,
2374 4249 2680 4317 quicunque
2713 4251 2923 4301 tandem
2945 4249 3073 4311 sint,
3101 4255 3534 4312 coronet,osten-

1963 4335 2063 4400 dit,
2089 4337 2272 4392 dicens
2300 4354 2314 4389 :
2350 4355 2368 4388 t
2410 4338 2611 4391 Evehet
2642 4351 2692 4393 te
2731 4341 2796 4392 ad
2829 4341 2963 4392 bona
2995 4349 3168 4404 terra‘,
3221 4349 3276 4393 et
3335 4338 3536 4393 cibabit

279 4437 386 4490 οὐκ
412 4437 497 4503 ἐφ’
527 4435 697 4506 ἑτέρῳ
718 4434 826 4487 τινί
855 4432 961 4485 τῶν
992 4430 1268 4495 τοιούτων,
1301 4429 1336 4483 ἀ
1361 4429 1517 4491 πόαις
1540 4430 1598 4480 ὲν
1625 4426 1722 4497 ῐσῳ
1747 4428 1846 4487 ταῖς

1966 4436 2018 4483 te
2044 4429 2356 4484 haereditate
2376 4429 2542 4484 Jacob
2562 4431 2728 4500 patris
2762 4431 2856 4484 tui.
2891 4448 2908 4480 ι
2940 4429 3194 4485 Promisit
3240 4432 3383 4484 enim
3437 4429 3533 4483 Ju-

283 4529 346 4580 ὲν
380 4528 566 4598 ἀγροῖς
613 4524 923 4596 πρόσκαιρά
967 4522 1026 4576 τέ
1073 4523 1188 4574 ἐστι
1233 4521 1327 4574 καὶ
1385 4521 1720 4590 εὐμάραντα,
1772 4519 1846 4570 ιη

1967 4519 2204 4572 datorum
2253 4521 2492 4588 patrihus
2535 4521 2907 4575 universorum
2952 4521 3092 4575 Deus
3147 4529 3345 4574 terram
3405 4535 3533 4589 pro-

284 4616 492 4687 Κύριον
514 4615 571 4668 δὲ
597 4615 795 4685 μᾶλλον
832 4615 925 4666 τὸν
958 4611 1176 4682 ἀπάσης
1215 4609 1472 4680 εὐθυμίας
1501 4608 1593 4662 καὶ
1632 4607 1846 4678 χορηγὸς

1975 4607 2262 4673 missionis,
2291 4618 2344 4662 et
2371 4609 2422 4664 in
2444 4626 2561 4664 eam
2589 4611 2875 4666 introduCti
2894 4622 3038 4676 sunt,
3083 4613 3216 4666 duce
3236 4611 3535 4682 .Iequt-loy-

285 4709 382 4761 καὶ
427 4707 708 4778 πρύτανιν.
778 4705 860 4757 Τά
929 4704 1033 4756 τῶν
1077 4703 1220 4755 οῦτω
1279 4701 1378 4771 ζῇν
1437 4699 1722 4762 εἰωθότων,
1782 4699 1864 4751 ὅτι

283 4793 387 4852 οἷοί
432 4815 578 4861 τινες
634 4780 787 4859 εἷενξ
815 4797 1138 4866 ἀνθρώπους
1185 4795 1477 4862 στεφανοῖ,
1530 4791 1862 4846 διαδείκνυσι

283 4889 480 4956 λέγων,
519 4890 602 4941 ὅτι
647 4907 665 4939 ι
725 4888 1066 4940 Ἀναϐιὸάσει
1097 4903 1154 4938 σε
1187 4885 1279 4938 ἐπὶ
1304 4884 1372 4936 τὰ
1403 4881 1583 4950 ἀγαθά
1615 4881 1713 4951 τῆς
1739 4881 1863 4952 γῆς,

286 4981 384 5032 καὶ
413 4978 617 5048 ψωμιεῖ
647 4996 704 5031 σε
741 4980 834 5031 ἐπὶ
866 4979 962 5049 τὴν
991 4977 1351 5049 κληρονομίαν
1399 4973 1591 5028 Ἰακὼὸ
1629 4973 1724 5026 τοῦ
1759 4990 1864 5026 πα-

283 5071 413 5141 τρός
441 5088 553 5124 σου.
579 5091 597 5122 ι
642 5069 1030 5138 Ἐπηγγείλατο
1061 5070 1156 5139 μὲν
1191 5067 1299 5138 γὰρ
1323 5070 1433 5129 τοῖς
1452 5064 1560 5119 τῶν
1597 5064 1862 5118 Ἰουδαίων

287 5160 558 5226 πατράσιν
588 5159 616 5210 6
644 5159 750 5212 τῶν
785 5159 920 5212 ὅλων
945 5158 1074 5212 Θεὸς
1105 5156 1202 5226 τὴν
1240 5155 1343 5225 γῆν
1380 5155 1475 5224 τῆς
1511 5153 1860 5220 ἐπαγγελίας.

288 5249 385 5300 καὶ
405 5247 469 5318 δή
523 5249 616 5301 καὶ
641 5247 1095 5318 είσεκομίσθησαν
1125 5249 1204 5308 εἰς
1233 5246 1401 5315 αὐτὴν
1432 5243 1863 5314 στρατηγοῦντος

301 5339 478 5408 Ἰησοῦ
518 5339 654 5408 μετά
702 5338 792 5392 τὸν
843 5339 1164 5409 ίεροφάντην
1207 5335 1434 5390 Μωσέα’
1464 5329 1599 5389 Εἶτα
1623 5335 1738 5397 πῶς
1779 5334 1868 5388 διὰ

288 5429 401 5482 τῶν
457 5429 837 5500 προκειμένων
888 5430 1119 5499 στίχων,
1164 5428 1238 5490 ὼς
1290 5427 1442 5481 οὔπω
1493 5425 1717 5481 λαϐοῦσι
1777 5425 1869 5478 τὸν

291 5519 493 5590 κλῆρον
539 5520 631 5572 τὸν
681 5520 1084 5589 ὲπαγγελθέντα
1145 5519 1224 5589 τῷ
1280 5519 1593 5592 πατριάρχῃ
1653 5518 1866 5584 Ἰακὼϐ,

370 5698 416 5730 ⁵⁵
455 5699 610 5753 Rom.
647 5715 744 5768 vti,
775 5701 863 5756 9.5.
943 5700 986 5730 "
1015 5701 1114 5756 lsa.
1156 5717 1342 5769 xum,
1379 5702 1429 5756 -ἱ,

1505 5701 1548 5729 ⁴¹⁶
1587 5699 1698 5755 Jac.
1741 5703 1904 5758 “1.2.
1983 5699 2025 5730 ⁸⁷
2067 5699 2222 5752 Prov.
2257 5713 2405 5761 χχιχ,
2433 5698 2520 5752 9.3.

1971 4699 2047 4754 sis
2084 4715 2360 4755 sacrorum
2403 4702 2667 4757 antistitis
2709 4719 3042 4758 successore.
3101 4702 3220 4757 Jam
3263 4718 3392 4757 vero
3441 4705 3534 4772 qui

1972 4790 2052 4855 lit,
2080 4791 2219 4858 quod
2242 4791 2387 4845 hisee
2413 4791 2654 4846 versibus
2675 4794 2952 4862 promittat
2999 4808 3058 4847 se
3108 4792 3212 4846 Illis
3261 4793 3533 4857 daturmn,

1971 4879 2192 4948 perinde
2211 4882 2365 4947 quasi
2399 4891 2599 4936 sortem
2638 4881 2957 4950 promissam
2981 4878 3181 4935 Jacobo
3213 4883 3536 4950 patriarchae

1971 4965 2208 5022 nondum
2261 4969 2636 5037 accepissent?
2683 4969 2912 5024 Proinde
2969 4985 3071 5024 non
3122 4970 3188 5024 de
3226 4970 3538 5024 haereditate

1971 5059 2218 5113 sensibus
2244 5070 2510 5128 percepta,
2544 5061 2622 5114 vel
2663 5063 2854 5115 sortito
2878 5060 2982 5114 illis
3018 5076 3045 5113 a
3085 5060 3191 5115 Deo
3232 5061 3354 5114 data
3399 5069 3538 5114 tem-

1970 5149 2190 5218 poribus
2219 5150 2382 5202 divini
2411 5148 2615 5214 Jacobi,
2643 5151 2724 5202 vel
2753 5151 3043 5205 Abraltami
3075 5159 3128 5204 et
3149 5151 3316 5206 lsaaci
3337 5151 3537 5205 intelli-

1970 5256 2086 5311 ges,
2113 5241 2206 5294 sed
2238 5241 2304 5294 de
2335 5241 2422 5294 illa
2459 5243 2658 5312 potius,
2699 5257 2858 5308 quam
2917 5242 3032 5310 ipse
3079 5245 3231 5297 nobis
3280 5243 3537 5298 Servatur

1970 5333 2238 5402 designat,
2267 5333 2452 5388 dicens
2487 5351 2498 5385 :
2547 5352 2565 5385 ι
2603 5333 2751 5388 Beati
2779 5335 2937 5388 mites
2962 5337 3087 5403 quia
3118 5338 3215 5404 ipsi
3253 5336 3540 5389 hazredita-

1970 5424 2101 5478 bunt
2133 5435 2328 5478 terram
2354 5426 2418 5476 ⁸⁸.
2454 5446 2472 5476 ι
2504 5427 2735 5480 Omnino
2776 5437 2954 5479 autem
2988 5427 3099 5479 inec
3124 5427 3188 5479 ad
3237 5428 3392 5478 linem
3443 5440 3538 5478 ex-

1972 5517 2134 5581 itura,
2156 5530 2274 5584 qua:
2315 5517 2573 5586 promissa
2601 5526 2746 5584 sunt,
2781 5518 2990 5586 probat,
3031 5532 3154 5570 cum
3220 5515 3427 5584 inquit:
3463 5514 3537 5570 Os

2603 5697 2646 5727 ⁸⁸
2677 5694 2864 5752 Matth.
2910 5712 2966 5761 ν,
2995 5698 3047 5751 4.
