4106 6520
517 308 656 365 1507

515 439 575 483 ιιι
599 437 817 499 propter
839 426 1073 483 nefarios
1105 441 1269 483 ausus
1307 425 1499 481 merito
1525 426 1653 482 illud
1710 429 2082 498 propheticum
2110 434 2158 490 Α

516 522 695 576 dicere
724 526 1083 589 coarguantur
1110 533 1124 570 :
1158 537 1176 569 ι
1200 515 1685 587 Ligetnusjustum,
1718 519 1841 587 quia
1881 518 2087 575 inutilis

517 613 672 667 nobis
695 620 779 666 est
804 612 871 665 τ’.
897 629 916 663 ι
957 608 1293 665 Inveniemus
1331 609 1457 662 item
1496 608 1547 663 in
1590 609 1941 664 conventibus
1976 610 2088 665 suis

521 704 857 758 teterrimum
894 700 1016 755 illos
1045 700 1255 770 cepisse
1287 698 1731 755 consilium.N:uu
1754 702 1821 754 de
1848 700 2086 754 omnium

518 802 762 848 nostrum
804 793 1091 847 Servatore
1139 791 1355 846 Christo
1386 791 1665 845 dicebant:
1712 809 1729 842 ι
1768 790 1908 856 Quid
1963 789 2089 844 faci-

521 895 662 945 mus,
694 883 816 951 qnia
836 882 922 937 hic
947 882 1106 936 homo
1124 880 1288 934 multa
1314 880 1425 935 edit
1455 879 1644 948 signa?
1669 878 1725 933 Si
1756 879 2090 934 dimittamus

518 986 641 1026 eum
670 974 771 1037 sic,
795 972 1008 1026 venient
1034 971 1282 1035 ltomaui,
1310 979 1364 1024 et
1390 969 1576 1024 tollent
1598 980 1834 1024 nostram
1874 978 2089 1039 gentem

519 1077 585 1116 ac
621 1064 910 1133 regionem.
949 1062 1094 1118 Unus
1110 1073 1292 1116 autem
1320 1077 1383 1116 ex
1410 1062 1518 1115 illis
1542 1061 1777 1130 Caiphas
1838 1061 1959 1129 (fuit
2003 1059 2090 1115 hic

521 1154 809 1222 impietatis
842 1164 1032 1209 contra
1062 1154 1334 1209 Christum
1373 1152 1641 1209 inventor)
1706 1167 1891 1207 rursus
1914 1152 2086 1205 dixit:

522 1242 631 1299 Vos
671 1246 1112 1314 nihilquidquam
1150 1246 1323 1308 scitis,
1377 1259 1500 1298 nam
1558 1243 1777 1311 expedit
1830 1244 2005 1308 vobis,
2035 1255 2092 1297 ut

523 1350 663 1387 unus
686 1336 845 1389 homo
877 1337 1138 1389 moriatur
1192 1351 1288 1403 pro
1338 1333 1550 1402 populo,
1585 1343 1640 1387 et
1668 1348 1772 1386 non
1810 1342 1918 1387 tota
1961 1348 2092 1403 gens

524 1434 707 1490 pereat
732 1423 799 1475 ⁷⁸.
834 1441 851 1473 ι
877 1424 957 1476 Ex
988 1422 1072 1477 his
1099 1438 1227 1491 ergo
1250 1439 1369 1490 quae
1416 1423 1556 1476 dicta
1602 1431 1749 1485 sunt,
1795 1422 2094 1477 clarissime

523 1516 705 1569 videre
735 1514 876 1580 licet,
915 1530 1024 1578 eos,
1054 1516 1141 1584 qui
1196 1515 1341 1568 enixi
1377 1524 1502 1569 sunt
1525 1514 1784 1576 laborem,
1807 1513 1858 1567 id
1884 1524 1987 1578 est,
2008 1514 2090 1565 in-

523 1602 720 1654 vidium
743 1612 929 1656 contra
977 1603 1126 1657 illum
1158 1612 1283 1657 ante
1318 1604 1707 1671 parturierunt,
1756 1602 2091 1671 iniquitatem

522 1695 968 1762 pt-perisse.Quid
986 1697 1145 1763 igitur
1169 1696 1477 1764 prophetica
1509 1695 1685 1750 oratio
1708 1694 1861 1749 nobis
1912 1696 1998 1749 hic
2014 1695 2092 1750 si-

521 1783 781 1851 gniﬁcat?
808 1784 919 1839 Ova
952 1786 1193 1853 aspidunt
1229 1785 1525 1852 fregerunt,
1558 1795 1611 1837 et
1647 1784 1737 1852 qui
1772 1783 2004 1838 voluerit
2026 1786 2090 1838 de
2128 1764 2168 1818 Β

521 1876 838 1933 oviseorutn
879 1878 1183 1941 comedere,
1238 1875 1493 1943 frangens
1556 1875 1824 1946 putridunt
1874 1874 2093 1944 reperit.

522 1966 950 2021 Putabantenim
974 1964 1140 2021 Judaei
1174 1966 1399 2022 consilia
1444 1966 1560 2021 haec
1600 1977 1785 2021 contra
1817 1965 2091 2021 Christum

523 2057 574 2110 in
609 2059 763 2111 tinem
796 2059 896 2112 sibi
942 2058 1277 2125 auspicatum
1329 2072 1574 2121 cessura,
1625 2066 1679 2111 et
1730 2057 1943 2110 utilitati
1981 2057 2096 2111 fore

520 2148 666 2203 oumi
697 2150 865 2217 genti.
895 2147 999 2201 Sed
1026 2165 1054 2200 a
1092 2163 1253 2216 scopo
1284 2156 1625 2211 erraverunt,
1654 2158 1817 2216 atque
1872 2148 1924 2201 id
1994 2147 2096 2201 illis

520 2254 620 2291 usu
654 2240 815 2301 venit,
849 2238 988 2306 quod
1027 2239 1110 2291 his
1136 2239 1382 2293 accidere
1430 2238 1588 2300 solet,
1616 2240 1706 2307 qui
1762 2254 1871 2307 pra:
1900 2238 2094 2306 insigni

523 2329 753 2384 stultitia
789 2329 1037 2398 aspidutn
1065 2342 1163 2383 ονίι
1200 2340 1472 2398 rumpunt.
1506 2327 1640 2381 Nam
1686 2329 1774 2382 ubi
1808 2329 2092 2399 fregeriut,

521 2421 655 2474 nihil
685 2420 1142 2486 invenientaliud,
1163 2430 1515 2490 prmterquam
1558 2420 1799 2489 regulum
1831 2435 1845 2469 :
1906 2429 2096 2489 estque

521 2512 609 2567 hic
626 2524 814 2582 partus
840 2516 1103 2585 serpentis
1129 2515 1280 2569 valde
1298 2514 1652 2583 perniciosus,
1673 2522 1727 2567 et
1743 2514 2093 2582 depravatum

519 2620 678 2659 ovum
717 2615 768 2659 et
800 2606 979 2661 inane.
1004 2607 1185 2675 Itaque
1206 2622 1312 2660 non
1337 2606 1493 2661 modo
1533 2621 1635 2659 nou
1663 2606 1969 2669 utilitatem,
2001 2607 2095 2661 sed

521 2696 812 2761 perniciem
841 2696 1091 2750 conciliat
1137 2697 1327 2752 horum
1354 2706 1537 2750 contra
1572 2695 1845 2751 Christum
1866 2696 2093 2750 nefario-

522 2799 641 2838 rum
690 2785 1023 2840 moliminum
1086 2787 1281 2841 exitus.
1333 2784 1467 2839 Nam
1514 2785 1659 2840 velut
1730 2800 1956 2854 serpens
1995 2786 2098 2841 illis

521 2877 747 2945 contigit
777 2894 789 2929 :
819 2887 874 2931 et
925 2878 1074 2932 fetus
1098 2879 1185 2931 hic
1210 2878 1364 2947 plane
1384 2879 1438 2931 in
1469 2878 1580 2932 orci
1604 2878 1848 2946 laqueum
1868 2880 2095 2935 induxit.

523 2967 674 3033 Quod
693 2978 870 3023 autem
898 2968 1165 3023 malitiosa
1200 2970 1315 3023 haec
1344 2978 1533 3023 contra
1564 2968 1837 3024 Christum
1892 2971 2099 3025 machi-

524 3058 675 3114 natio
714 3060 819 3114 illis
871 3076 1089 3130 prorsus
1134 3061 1295 3115 fnerit
1342 3061 1569 3125 inutilis,
1623 3064 1803 3116 statim
1859 3052 2097 3117 ostendit

523 3150 628 3205 alio
653 3151 918 3219 exemplo.
946 3151 1127 3207 Telam
1155 3152 1297 3206 enim
1328 3167 1548 3207 aranea:
1606 3161 1813 3206 texunt.
1850 3154 2096 3209 Araueus

522 3241 690 3307 enim,
728 3242 851 3308 hoc,
887 3244 1130 3313 inquam,
1163 3244 1415 3315 pusillum
1444 3253 1498 3298 et
1522 3244 1843 3299 vilissimum
1874 3244 2095 3307 animal,

523 3333 579 3388 in
604 3337 786 3390 vacuis
809 3337 1200 3392 domiciliorum
1231 3340 1472 3408 partibus
1504 3339 1637 3393 telas
1660 3340 1950 3394 artificiose
1971 3340 2099 3393 sub-

524 3425 704 3481 tilibus
759 3427 1080 3483 stamiuihus
1114 3442 1395 3484 contextas
1446 3431 1718 3485 connectit
1767 3447 1781 3482 :
1820 3448 1941 3500 qua:
1974 3433 2098 3487 licet

524 3531 735 3572 summo
761 3518 1021 3572 confecti?
1067 3524 1175 3573 sint
1227 3522 1432 3585 labore,
1465 3522 1684 3575 outniuo
1724 3531 1902 3576 tamen
1965 3524 2096 3576 nihil

524 3607 632 3662 illis
657 3619 880 3677 prosunt
915 3626 929 3663 :
975 3627 1071 3664 nec
1106 3612 1249 3665 enim
1285 3614 1332 3667 ei
1365 3614 1454 3681 qui
1506 3612 1788 3668 fabricavit
1836 3615 1925 3668 flet
1977 3615 2099 3668 inde

524 3700 774 3765 amictus,
798 3702 890 3756 sed
924 3701 1027 3757 illze
1046 3702 1260 3757 sectiles
1295 3720 1357 3757 ac
1394 3706 1623 3760 dividua:
1645 3717 1773 3760 sunt
1796 3716 1848 3760 et
1873 3707 1938 3760 ad
1967 3722 2096 3774 ope-

524 3789 812 3844 rimentum
842 3791 1056 3846 inutiles
1080 3793 1241 3846 etiam
1268 3793 1398 3862 ipsis
1426 3794 1747 3848 artiﬁcibus.
1784 3795 1893 3853 Sic.
1927 3794 2091 3865 831

524 3878 718 3949 inquit,
743 3880 1049 3937 Ju'laeorum
1071 3883 1307 3945 inventa.
1336 3900 1457 3953 quae
1474 3885 1683 3939 scilicet
1713 3896 1903 3940 contra
1936 3888 2095 3939 Chri-

523 3981 664 4024 stum
685 3982 888 4026 structa
920 3974 1230 4029 suut.Dolos
1255 3975 1396 4028 enim
1420 3976 1886 4040 concinnantes,et
1909 3976 2094 4030 falsam

526 4070 767 4115 texentes
790 4064 1211 4128 accusationem,
1250 4077 1507 4131 putarunt
1558 4082 1636 4131 se,
1702 4076 1757 4120 ut
1781 4068 1912 4131 dixi,
1938 4070 2094 4122 morti

522 4156 707 4210 carnis
765 4155 914 4210 illum
965 4158 1256 4221 tradentes,
1284 4170 1341 4213 et
1398 4159 1499 4213 sibi
1553 4160 1785 4226 aliquam
1840 4160 2096 4214 allaturos

522 4244 987 4310 couintoditatetn,
1017 4256 1071 4301 et
1095 4262 1161 4301 ex
1186 4248 1297 4301 suis
1326 4249 1932 4318 conatibnsopnlentum
1965 4268 2100 4319 prae-

522 4336 717 4387 sidium
760 4351 823 4389 ac
846 4338 1229 4406 protectionent
1259 4347 1688 4408 comparaturos.
1719 4339 1823 4395 Sed
1848 4357 1970 4411 Spes
1994 4343 2099 4398 illis

2125 3104 2165 3160 C

1544 308 1602 364 S.
1644 306 1919 365 CYRILLI
1959 310 2427 368 ALEXANDRINI
2466 313 2786 370 ARClllEP.

3654 305 3808 368 ι’ἓω

2189 430 2400 500 μάτων⁴
2445 450 2464 482 ι
2495 433 2760 502 Δήσωμεν
2787 432 2878 484 τὸν
2904 431 3134 495 δίκαιον,
3159 429 3243 483 δτι
3270 428 3613 499 δύσχρηστος
3655 426 3806 495 ἡμῖν

2188 520 2356 573 ἐστιν.
2382 538 2400 571 ι
2451 521 2771 591 Εὑρήσομεν
2802 520 2859 574 δὲ
2904 522 2998 573 καὶ
3042 521 3101 573 ὲν
3145 518 3421 586 συλλόγοις
3462 516 3641 569 αὐτοῦ
3699 516 3804 567 ικ-

2186 611 2510 681 τοπωτάτην
2535 610 2798 673 λαϐόντας
2828 609 3046 680 βουλήν.
3079 610 3358 677 ’Έφασκον
3390 607 3496 679 γὰρ
3524 606 3669 677 περὶ
3700 604 3804 657 τοῦ

2189 700 2405 752 πάντων
2450 700 2605 771 ἡμῶν
2648 702 2899 771 Σωτῆρος
2930 699 3189 771 Χριστοῦ·
3225 718 3244 751 ι
3274 698 3339 753 Τί
3386 698 3686 767 ποιοῦμεν,
3714 696 3807 748 ὅτι

2187 785 2341 855 οὗτος
2364 794 2392 845 ό
2424 792 2709 863 ἄνθρωπος
2739 792 2911 845 πολλά
2944 795 3091 845 ποιεῖ
3128 793 3355 861 σημεῖα;
3392 789 3519 842 Ἐὰν
3550 788 3807 856 ἀφῶμεν

2189 882 2350 934 αὐτὸν
2399 881 2593 946 οὕτως,
2636 882 2949 937 ἐλεύσονται
2995 884 3045 935 οἱ
3080 883 3375 952 Ῥωμαῖοι,
3409 880 3504 932 καὶ
3555 877 3807 947 ἀροῦσιν

2189 975 2351 1045 ἡμῶν
2384 976 2445 1026 τὸ
2472 975 2645 1038 ἔθνος,
2683 975 2777 1027 καὶ
2815 974 2911 1045 τὴν
2944 972 3156 1045 χώραν·
3185 966 3266 1034 εἷς
3294 971 3350 1025 δέ
3378 987 3458 1032 τις
3495 969 3558 1035 ἐξ
3600 968 3807 1021 αὐτῶν

2190 1068 2465 1135 Καϊάφας,
2487 1061 2642 1128 οὗτος
2666 1066 2763 1136 τῆς
2788 1066 2925 1119 κατὰ
2953 1063 3190 1134 Χριστοῦ
3214 1062 3529 1124 δυσσεϐείας
3555 1060 3805 1127 γέγονεν

2191 1159 2444 1229 εὑρετής’
2474 1157 2577 1226 ἔφη
2610 1157 2718 1228 γὰρ
2741 1157 2921 1220 πάλιν,
2956 1157 3147 1225 Ὑμεῖς
3172 1154 3272 1207 ούκ
3290 1152 3465 1205 οἴδατε
3490 1150 3677 1211 οὐδὲν,
3710 1149 3804 1200 ὅτι

2193 1250 2459 1319 συμφέρει
2493 1251 2644 1319 ἡμῖν,
2677 1248 2764 1300 ἴνα
2793 1241 2875 1310 εἷς
2914 1246 3198 1316 ἄνθρωπος
3228 1242 3478 1313 ἀποθάνῃ
3506 1241 3655 1310 ὑπὲρ
3692 1238 3802 1290 τοῦ

2191 1340 2343 1403 λαοῦ,
2371 1342 2464 1394 καὶ
2496 1340 2569 1411 μὴ
2607 1340 2726 1394 ὅλον
2769 1339 2830 1392 τὸ
2871 1338 3024 1400 ἔθνος
3069 1336 3359 1405 ἀπόληται.
3388 1352 3407 1385 ο
3456 1330 3801 1400 Σαφέστατα

2192 1432 2371 1484 τοίνυν
2400 1434 2465 1485 ὲκ
2487 1432 2595 1484 τῶν
2630 1430 2937 1501 εἰρημένων
2961 1429 3168 1481 ἔνεστιν
3196 1427 3342 1489 ἰδεῖν,
3368 1427 3448 1479 ὅτι
3476 1428 3799 1492 κυήσαντες

2193 1524 2374 1585 πόνον,
2418 1524 2696 1586 τουτέστι,
2737 1521 2833 1574 τὸν
2882 1521 3001 1573 κατ’
3045 1517 3211 1573 αὑτοῦ
3249 1518 3411 1571 πόνον
3444 1514 3800 1582 προσωδινή-

2196 1631 2388 1678 σαντες
2425 1616 2750 1684 ἐκτετήκασι
2789 1612 2886 1683 τὴν
2922 1611 3172 1681 ἀνομίαν.
3210 1610 3275 1662 Τί
3312 1604 3405 1662 οὖν
3440 1610 3469 1660 ό
3510 1621 3799 1675 προφητι-

2196 1705 2291 1769 κδς
2314 1708 2371 1759 ὲν
2398 1705 2606 1769 τούτοις
2640 1707 2771 1775 ἡμῖν
2814 1702 3218 1772 κατασημαίνει
3258 1701 3445 1768 λόγος
3484 1698 3580 1751 Ὠἀ
3618 1697 3796 1750 ἀσπί-

2196 1798 2302 1851 δων
2336 1797 2593 1868 έρῤηξαν,
2624 1797 2718 1848 καὶ
2752 1796 2781 1847 ό
2815 1794 3023 1865 μέλλων
3048 1793 3156 1845 τῶν
3183 1792 3306 1845 ὠῶν
3337 1789 3519 1843 αὐτῶν
3553 1790 3790 1857 φαγεῖν.

2197 1887 2493 1957 συντρίψας
2521 1885 2702 1956 οὔριον
2732 1877 2909 1955 εὗρεν.
2942 1886 3133 1954 ’ῼοντο
3170 1883 3271 1952 μὲν
3311 1883 3420 1952 γὰρ
3446 1882 3498 1933 οί
3536 1879 3798 1932 Ἰουδαῖοι

2194 1978 2292 2041 τὰς
2322 1978 2462 2031 κατὰ
2504 1976 2743 2048 Χριστοῦ
2783 1975 3094 2043 διασκέψεις
3134 1975 3212 2036 είς
3248 1972 3424 2025 αἴσιον
3464 1970 3657 2030 αὐτοῖς
3696 1970 3799 2019 ὲκ-

2196 2068 2462 2139 ϐήσεσθαι
2508 2070 2717 2140 πέρας,
2761 2068 2855 2120 καὶ
2897 2069 2978 2130 είς
3028 2067 3215 2136 ὄνησιν
3262 2064 3483 2117 ἔσεσθαι
3531 2060 3612 2131 τῷ
3646 2061 3797 2112 ἔθνει

2196 2157 2381 2210 παντί.
2414 2155 2556 2210 Ἀλλ’
2588 2156 2901 2226 ἡμάρτανον
2933 2153 3028 2207 τοῦ
3061 2152 3287 2218 σκοποῦ,
3332 2149 3423 2204 καί
3452 2166 3507 2202 τι
3547 2147 3796 2201 τοιοῦτον

2197 2245 2514 2317 συμϐέϐηκε
2557 2248 2751 2300 παθεῖν
2791 2246 3009 2308 αὐτοὺς,
3055 2244 3238 2297 ὁποῖόν
3271 2260 3323 2296 τι
3372 2242 3681 2309 πάσχουσιν
3725 2242 3793 2291 ὲκ

2196 2336 2393 2405 πολλῆς
2418 2338 2557 2404 ἀγαν
2580 2337 2867 2400 ἀσυνεσίας
2915 2338 2963 2389 οί
2991 2335 3061 2387 τὰ
3082 2334 3190 2387 τῶν
3214 2333 3455 2387 ἀσπίδων
3487 2331 3795 2401 ῥηγνύντες

2195 2426 2298 2481 ὠά.
2323 2425 2712 2496 Συντρίψαντες
2743 2426 2848 2499 γὰρ
2877 2426 3027 2479 οὐδὲν
3061 2427 3386 2496 εὑρήσουσιν
3419 2424 3631 2493 ἕτερον,
3650 2422 3795 2491 πλὴν

2194 2518 2276 2571 ὅτι
2311 2517 2623 2587 βασιλίσκον
2662 2520 2718 2570 ἐν
2766 2515 2931 2587 αὐτῷ·
2976 2518 3153 2586 ὄφεως
3204 2516 3260 2568 δὲ
3310 2514 3501 2585 κύημα
3550 2512 3794 2565 τουτὶτδ

2198 2609 2572 2679 παγχάλεπον,
2597 2607 2777 2679 οῠριόν
2808 2626 2868 2661 τε
2900 2607 3037 2677 πρὸς
3062 2606 3253 2677 τούτῳ.
3282 2603 3493 2659 Οὐκοῦν
3525 2603 3791 2673 ἀνόνητον

2209 2697 2499 2763 Ἰουδαίοις,
2538 2698 2737 2767 μᾶλλον
2762 2697 2819 2751 δὲ
2853 2698 2945 2750 κα)⁴
2968 2696 3189 2766 ὀλέθρου
3216 2694 3474 2764 πρόξενον
3514 2692 3625 2745 τῶν
3652 2692 3791 2744 κατά

2198 2788 2435 2857 Χριστοῦ
2485 2789 2850 2859 τολμημάτων
2895 2788 2955 2841 τὸ
3006 2788 3199 2859 πέρας.
3227 2788 3389 2855 Ὄφις
3442 2786 3555 2855 γὰρ
3597 2784 3787 2855 ὥσπερ

2198 2878 2495 2950 ἐκϐέϐηκεν
2550 2883 2767 2942 αὐτοῖς,
2816 2880 2912 2932 καὶ
2965 2878 3217 2942 ἀπότεξις
3271 2876 3718 2947 ὁμολογουμένη,
3749 2877 3783 2944 ἡ

2201 2972 2335 3040 πρὸς
2367 2971 2636 3043 πέταυρον
2677 2971 2803 3042 ᾅδου
2840 2970 3321 3041 παρακομίζουσαο
3354 2970 3437 3021 ὅτι
3472 2969 3530 3020 δὲ
3567 2967 3780 3034 γέγονε.

2200 3061 2432 3116 είσάπαν
2464 3062 2743 3132 ἀνωφελὴς
2787 3063 2820 3132 ἡ
2855 3062 2996 3113 κατά
3040 3060 3278 3131 Χριστοῦ
3319 3059 3631 3130 σκευωρία,
3674 3058 3788 3111 δια-

2197 3152 2464 3205 δείκνυσιν
2491 3154 2650 3215 εύθὺς
2681 3154 2775 3207 καὶ
2803 3152 2869 3205 δι’
2900 3153 3087 3222 ἑτέρου
3123 3149 3587 3221 παραδείγματος
3623 3147 3785 3200 Ἱστὸν

2198 3244 2327 3315 γὰρ,
2362 3245 2547 3315 φησιν,
2597 3245 2841 3315 ἀράχνης
2889 3244 3227 3313 ὑφαίνουσιν.
3286 3242 3343 3294 Ὀ
3378 3241 3478 3311 μὲν
3509 3240 3621 3309 γάρ
3654 3239 3785 3309 ἀρά-

2196 3353 2362 3407 χνης,
2394 3339 2544 3390 τουτὶ
2588 3338 2647 3390 δέ
2693 3354 2834 3407 φημι
2875 3338 2936 3389 τὸ
2980 3335 3211 3406 σμικρὸν
3256 3334 3351 3386 καὶ
3405 3332 3784 3385 εὐτελέστατον

2198 3426 2362 3490 ζῶον,
2420 3430 2477 3479 ἐν
2527 3431 2641 3490 τοῖς
2700 3427 3017 3497 άργοτέροις
3065 3426 3172 3478 τῶν
3226 3424 3515 3493 δωματίων
3569 3424 3784 3491 μέρεσιν

2200 3519 2379 3580 ἱστοὺς
2400 3516 2715 3578 ἀναπλέκει,
2749 3517 3014 3588 στήμοσιν
3041 3517 3236 3585 ἰσχνοῖς
3268 3514 3535 3583 εὐτέχνως
3591 3512 3783 3579 ἐξυφα-

2201 3608 2439 3677 σμένοις,
2466 3609 2514 3660 οἱ
2540 3607 2598 3659 δὲ
2622 3602 2715 3661 οὖν
2746 3607 2987 3675 πλείστῳ
3029 3606 3183 3675 μόλις
3221 3604 3506 3673 γενόμενοι
3556 3604 3700 3670 πόνῳ
3728 3602 3783 3654 τὸ

2201 3700 2421 3770 σύμπαν
2471 3700 2667 3761 αὐτοὺς
2716 3698 3016 3767 ὠφελοῦσιν
3069 3698 3256 3750 οὐδέν·
3308 3697 3368 3749 ού
3415 3696 3527 3765 γὰρ
3575 3696 3781 3749 ἔσονται

2199 3791 2514 3861 περίϐλημα
2558 3791 2635 3859 τῷ
2696 3790 3056 3859 πεποιηκότι,
3089 3789 3204 3841 ἀλλ’
3251 3788 3388 3840 εἰσὶν
3440 3787 3781 3857 εύδιάτμῃτοι

2199 3883 2335 3954 πρὸς
2354 3881 2664 3953 περιϐολὴν,
2684 3881 2775 3934 καὶ
2799 3883 2968 3951 αὐτῆς
2980 3882 3078 3951 τῆς
3098 3882 3288 3950 τέχνης
3313 3880 3594 3949 ἀμείνους.
3610 3877 3781 3941 Οὕτω,

2198 3976 2352 4045 φησι,
2385 3975 2481 4027 καὶ
2519 3974 2587 4027 τὰ
2616 3973 2721 4026 τῶν
2758 3974 3024 4027 Ἰουδαίων
3051 3975 3357 4044 εὑρήματα,
3400 3972 3561 4041 δῆλον
3599 3972 3681 4024 ὅτι
3722 3970 3783 4022 τὰ

2198 4068 2335 4121 κατὰ
2376 4066 2470 4120 τοῦ
2518 4065 2788 4136 Χριστοῦ·
2841 4066 3025 4128 δόλους
3072 4065 3177 4136 γὰρ
3230 4064 3647 4133 ἐξυφαίνοντες,
3697 4061 3782 4113 καὶ

2196 4157 2560 4227 ψευδηγορίας
2599 4154 3028 4225 συμπλέκοντες,
3057 4154 3224 4224 ᾤοντο
3253 4155 3349 4224 μὲν
3376 4153 3505 4222 γάρ,
3530 4152 3605 4214 ὠς
3632 4151 3778 4220 ἔφην,

2199 4250 2413 4319 θανάτῳ
2439 4250 2638 4320 σαρκδς
2678 4248 3063 4321 περιϐαλόντες
3094 4246 3276 4310 αὐτὸν,
3311 4244 3569 4311 ἐξανύσαι
3601 4261 3654 4295 τι
3679 4242 3778 4294 τῶν

2198 4340 2538 4412 ὀνησιφόρων
2567 4341 2769 4403 αὐτοῖς.
2806 4341 2901 4393 καὶ
2936 4339 3033 4408 τὴν
3058 4339 3165 4392 ἀπὸ
3194 4338 3300 4390 τῶν
3334 4338 3479 4390 ίδίων
3510 4338 3782 4405 ἐπιχειρη-

522 4425 737 4478 demum
774 4437 967 4481 cuncta
1001 4428 1052 4482 in
1080 4429 1301 4483 nihilum
1331 4430 1542 4485 recidit.
1584 4430 1775 4485 Nudati
1809 4436 2097 4489 suutenitn

2207 4431 2392 4500 μάτων
2424 4431 2868 4499 καταπλουτῆσαι
2905 4431 3135 4499 σκέπην,
3168 4428 3280 4482 ἀλλ’
3307 4430 3386 4490 είς
3420 4428 3576 4480 οὐδὲν
3609 4427 3778 4487 αύτοίς

523 4529 752 4582 superna
788 4517 1180 4585 benevolentia,
1211 4531 1263 4573 et
1281 4530 1663 4589 protectorem,
1712 4522 1761 4576 id
1801 4532 1904 4589 est,
1945 4525 2103 4579 Chri-

523 4618 661 4660 stum
687 4607 1015 4674 ahjeceruut.
1058 4610 1182 4665 Haec
1237 4613 1380 4665 enim
1421 4614 1681 4681 protectiu
1724 4629 1789 4668 ex
1849 4616 2102 4684 operibus

523 4697 677 4752 bouis
697 4703 969 4771 continget
996 4702 1117 4765 illis,
1165 4704 1254 4773 qui
1306 4704 1418 4758 haec
1468 4706 1642 4760 facere
1700 4716 1848 4761 recte
1896 4708 2101 4773 volunt,

527 4790 795 4844 tribuente
830 4795 992 4847 etiam
1026 4794 1131 4847 illis
1167 4794 1267 4848 hoc
1306 4793 1435 4847 Deo.
1469 4795 1537 4848 At
1588 4795 1849 4848 malorum
1914 4811 2105 4865 opera-

525 4882 637 4937 rios
670 4900 773 4937 non
798 4885 1053 4939 amicient
1104 4901 1189 4951 ea,
1233 4902 1353 4955 quae
1370 4903 1436 4940 es
1483 4887 1613 4955 ipsis
1638 4887 1773 4942 tiuut
1806 4906 1818 4941 :
1855 4889 1947 4942 sed
1976 4904 2101 4956 pru-

529 4975 761 5030 tccﬁone
794 4985 847 5029 et
871 4978 1233 5045 operimento,
1287 4980 1519 5034 maxime
1566 4978 1751 5034 divino
1801 4980 2099 5035 destituen—

528 5076 637 5121 tur.

602 5246 763 5299 Vatis.
793 5244 908 5299 6-8.
958 5242 1095 5298 Nam
1129 5264 1285 5313 opera
1324 5265 1523 5313 eorum,
1558 5266 1715 5318 opera
1765 5252 2099 5319 iniquitatis:

530 5348 577 5389 et
601 5337 751 5403 pedes
784 5352 965 5388 eorum
1009 5338 1077 5388 ad
1111 5337 1370 5391 malitiam
1403 5350 1641 5406 currunt,
1691 5342 1889 5397 veloces
1924 5344 1992 5396 ad
2020 5342 2100 5411 ef-

532 5429 853 5497 fundendum
885 5429 1572 5498 sangnincm.Cogitationes
1602 5449 1801 5499 eorum,
1825 5436 2106 5504 cogitatio-

532 5535 619 5573 nes
651 5522 713 5572 de
743 5520 1056 5574 homicidiis.
1093 5520 1353 5575 Coutritio
1383 5534 1429 5577 et
1478 5524 1689 5577 miseria
1740 5526 1795 5580 in
1841 5526 1935 5580 viis
2015 5542 2103 5581 co-

610 5700 654 5732 "
690 5701 797 5771 Sap
850 5715 907 5770 tt,
948 5703 1028 5760 l2.
1109 5703 1150 5735 ⁷³
1188 5699 1345 5759 Joan.
1378 5718 1451 5769 xi,
1495 5701 1675 5757 47-50.

2203 4522 2264 4575 τὸ
2297 4522 2402 4575 τῶν
2435 4516 2795 4575 ἐλπισθέντων
2827 4521 2986 4591 ἐξέϐη
3024 4521 3213 4589 πέρας.
3262 4520 3467 4588 Γυμνοὶ
3501 4520 3610 4589 γάρ
3642 4516 3779 4584 γεγό-

2205 4631 2328 4666 νασι
2379 4615 2475 4684 τῆς
2523 4614 2728 4669 ἄνωθεν
2777 4613 3098 4683 εὐμενείας,
3144 4610 3555 4679 ἀποϐεϐλήκασι
3604 4625 3660 4660 τε
3701 4608 3778 4659 τὸν

2206 4705 2542 4775 σκεπαστὴν,
2576 4704 2821 4757 τουτέστι
2843 4704 3111 4774 Χριστόνο
3146 4704 3194 4755 oi
3245 4702 3340 4771 μὲν
3377 4702 3484 4771 γὰρ
3511 4700 3572 4765 ἐξ
3617 4700 3778 4768 ἔργων

2205 4797 2427 4864 ἀγαθῶν
2469 4798 2580 4859 τοῖς
2628 4796 2767 4849 αὖτά
2822 4794 3118 4866 κατορθοῦν
3160 4794 3401 4847 ἐθέλουσι
3452 4791 3777 4860 συμϐήσεται

2209 4889 2407 4958 σκέπη,
2438 4888 2693 4957 νέμοντος
2723 4889 2903 4949 αὐτοῖς
2933 4888 3027 4939 καὶ
3060 4886 3217 4938 τοῦτο
3258 4884 3415 4937 Θεοῦ·
3440 4886 3551 4945 τοῖς
3584 4899 3645 4949 γε
3682 4880 3777 4949 μὴν

2204 4979 2316 5031 τῶν
2344 4979 2560 5049 φαύλων
2590 4981 2850 5050 ἐργάταις
2877 4982 2955 5043 εἰς
2987 4979 3276 5050 περιϐολὴν
3306 4978 3406 5029 ούκ
3449 4977 3604 5030 ἕσται
3636 4974 3699 5027 τὰ
3726 4972 3777 5035 ἐξ

2207 5069 2406 5133 αὐτῶν,
2438 5069 2551 5121 ἀλλ’
2574 5070 2770 5140 ἔρημοι
2800 5070 3006 5140 σκέπης
3028 5070 3248 5123 ἔσονται
3284 5067 3482 5138 μᾶλλον
3513 5066 3609 5135 τῆς
3641 5060 3775 5132 παρὰ

2203 5160 2363 5214 Θεοῦ.

2281 5252 2356 5304 Τὰ
2380 5250 2490 5320 γὰρ
2515 5251 2659 5321 ἔργα
2703 5250 2923 5314 αὐτῶν,
2964 5250 3107 5319 ἔργα
3127 5248 3398 5317 ἀνομίας,
3430 5250 3481 5302 οι
3515 5246 3581 5299 δὲ
3606 5244 3771 5306 πόδες

2203 5340 2401 5396 αὐτῶν
2466 5343 2565 5396 ἐπὶ
2629 5344 2924 5413 πονηρίαν
2988 5340 3288 5409 τρέχουσι,
3360 5339 3604 5407 ταχυνοί
3675 5332 3769 5388 τοῦ

2204 5435 2407 5503 ἐκχέαι
2441 5430 2605 5505 αἷμα,
2641 5436 2739 5489 καὶ
2768 5439 2820 5490 οί
2862 5433 3243 5503 διαλογισμοί
3274 5429 3492 5495 αὐτῶν,
3529 5430 3769 5494 διαλογι-

2207 5526 2345 5597 σμοί
2375 5527 2495 5582 ἀπὸ
2543 5528 2773 5597 φόνων
2817 5528 3153 5596 σύντριμμα
3194 5524 3289 5577 καὶ
3329 5520 3683 5589 τωίαεπωρία
3708 5516 3771 5569 ἐν
