4096 6508
563 422 702 481 Ιὸίδ

1577 420 1636 474 S.
1676 418 1948 477 CYRILLI
1988 414 2459 473 ALEXANDRINI
2498 414 2816 471 ARCHIEP.

3668 419 3822 475 1516

562 544 675 598 Deo
703 539 981 592 dicentes:
1019 532 1469 604 ExSpectavimus
1489 532 1770 602 judicium,
1796 543 1849 587 et
1886 549 1989 587 non
2019 540 2120 587 est.

2241 528 2598 599 γινώσκοντας
2621 567 2637 593 ,
2680 528 2775 581 καὶ
2824 526 2886 580 τὸ
2931 526 3113 581 αὐτῶν
3164 528 3451 599 πρόσωπον
3498 529 3821 593 ἀναλαϐὼν,

558 629 826 685 Judicium
859 626 1042 679 dicunt
1075 622 1362 691 justitiam,
1405 637 1499 691 per
1538 620 1808 675 Christum
1856 621 2126 685 videlicet,

561 734 723 785 quatn
755 731 813 771 se
851 724 1170 783 accrpturos
1222 713 1533 780 sperabant.
1582 712 1687 766 Sed
1732 711 1871 782 apud
1901 726 1995 766 eos
2023 727 2129 765 non

558 807 915 876 estzquippe
962 804 1051 871 qui
1117 802 1236 858 duri
1293 808 1348 854 et
1404 800 1733 870 immorigeri
1787 800 2130 854 exstiterunt.

562 897 684 950 Ideo
711 895 882 949 dicit:
921 891 1078 946 Salus
1125 889 1308 959 procul
1366 889 1589 944 secessit
1654 903 1683 941 a
1736 890 1910 943 nobis.
1964 888 2127 944 Multa

559 988 704 1041 enim
736 995 918 1039 nostra
955 983 1213 1050 iniquitas
1244 980 1297 1034 in
1348 988 1641 1048 conspectu
1665 988 1778 1045 tuo,
1826 990 1882 1035 et
1914 990 2134 1049 peccata

562 1088 747 1134 nostra
780 1078 831 1130 iu
862 1076 1017 1129 nobis
1042 1083 1185 1127 sunt.
1223 1072 1355 1127 Cum
1381 1073 1524 1127 enim
1559 1074 1611 1125 in
1642 1080 1811 1125 totum
1833 1072 2137 1128 exciderint

569 1172 639 1223 ab
665 1184 731 1223 eo
754 1167 846 1236 qui
875 1165 1135 1236 justiﬁcat
1161 1178 1255 1233 per
1284 1163 1463 1226 Iidem,
1497 1164 1564 1218 ab
1596 1177 1659 1216 ea
1691 1163 1864 1217 salute
1891 1179 2010 1232 quae
2068 1163 2136 1218 ab

562 1261 678 1328 ipso
699 1269 776 1313 est
799 1258 981 1329 procul
1001 1258 1165 1311 etiam
1196 1256 1503 1320 abfuerunt,
1550 1272 1673 1311 cum
1716 1271 1818 1311 non
1842 1257 2138 1325 ahjecerint

562 1353 766 1420 peccati
827 1351 1252 1419 inquinamenta,
1304 1359 1359 1403 et
1391 1350 1694 1418 iniquitatis
1741 1349 1968 1402 crimina
2033 1364 2135 1402 non

562 1443 881 1509 deleverint,
905 1444 997 1499 sed
1029 1459 1150 1497 cum
1178 1442 1366 1497 sordes
1399 1442 1519 1495 hinc
1557 1440 1659 1495 sibi
1682 1440 1826 1493 velut
1859 1439 2065 1494 infusus
2085 1448 2139 1493 et

565 1536 852 1590 instillatus
879 1536 1131 1589 habeant.
1162 1535 1449 1603 Propterea
1477 1530 1672 1585 affatus
1705 1542 1791 1585 est
1820 1545 1914 1585 eos
1974 1531 2136 1585 Chri-

566 1636 709 1689 stus,
744 1627 934 1681 dicens
972 1646 984 1680 :
1020 1647 1037 1676 ι
1062 1627 1232 1680 Amen
1264 1627 1384 1679 dico
1406 1626 1579 1689 vobis,
1604 1623 1649 1677 si
1680 1639 1781 1677 non
1803 1625 2139 1679 credideritis

563 1719 691 1782 quia
719 1733 820 1785 ego
851 1732 993 1780 sum,
1047 1718 1100 1771 in
1134 1718 1372 1786 peccatis
1409 1716 1603 1771 vestris
1651 1716 1954 1770 moriemini
1985 1717 2073 1769 ⁸⁸⁸.
2114 1734 2132 1768 ι

566 1808 749 1877 Itaque
778 1808 902 1877 quia
934 1824 1039 1861 non
1065 1808 1430 1873 crediderunt,
1466 1809 1521 1862 in
1554 1807 1800 1877 peccatis
1823 1807 1938 1862 suis
1989 1821 2137 1861 mor-

568 1900 643 1952 tui
679 1910 827 1954 sunt.
857 1899 1065 1969 thuia
1101 1897 1448 1952 multifariam
1489 1898 1635 1966 impii
1668 1897 1891 1952 fuerunt
1943 1906 2134 1951 contra

563 1991 879 2054 Christum,
952 1991 1115 2043 etiam
1171 1990 1364 2043 horum
1437 1990 1675 2059 ipsorum
1745 1987 2141 2042 confessionem

562 2082 749 2133 edunt.
783 2077 916 2132 Nam
968 2079 1157 2132 dicunt
1200 2094 1214 2131 :
1277 2077 1571 2143 lnjustitias
1621 2087 1831 2131 nostras
1877 2075 2141 2139 novimus,

568 2170 729 2239 impie
755 2169 988 2239 egimus,
1042 2178 1097 2223 et
1136 2168 1344 2222 mentiti
1394 2183 1599 2231 sumus,
1639 2182 1702 2221 ac
1765 2167 2143 2222 recessimusa

565 2259 678 2315 Deo
702 2272 903 2315 n05tro.
934 2260 1264 2329 lmpietatem
1288 2260 1431 2314 enim
1460 2260 1853 2315 commiserunt
1889 2259 2029 2314 haud
2071 2261 2147 2314 fe-

526 2334 531 2339 ’
568 2350 1152 2413 reudam,mentieutcs
1179 2359 1368 2404 contra
1407 2349 1743 2419 majestatem
1784 2354 2022 2407 omnium
2047 2367 2144 2404 nu-

565 2452 740 2494 strum
778 2440 1084 2494 Servatoris
1122 2439 1322 2494 Christi
1345 2478 1359 2502 ,
1388 2453 1487 2493 nec
1519 2441 1761 2497 volentes
1801 2444 1849 2497 ei
1891 2444 2137 2513 obsequi.

564 2531 1094 2587 Confitenturautem
1114 2546 1272 2600 porro
1292 2550 1305 2586 :
1327 2531 1511 2587 Loculi
1544 2534 1957 2604 sumusinjusta,
1973 2546 2026 2588 et
2040 2550 2143 2592 non

565 2622 922 2676 obediviutus.
948 2621 1356 2688 Parturivimus,
1375 2625 1679 2681 etmeditati
1695 2642 1878 2681 sumus
1898 2643 1961 2680 ex
1984 2628 2146 2681 corde

567 2722 753 2765 nostro
790 2727 1069 2768 sermones
1118 2712 1365 2781 iniustos.
1422 2712 1558 2769 Nam
1591 2714 1785 2784 iniusta
1827 2716 1989 2771 locuti
2015 2727 2142 2771 sunt

566 2813 754 2857 contra
789 2803 1063 2859 Christum
1093 2822 1107 2860 :
1135 2821 1278 2861 nunc
1332 2806 1604 2862 elevantes
1642 2808 1755 2877 ejus
1801 2808 2046 2878 gloriam,
2093 2818 2147 2863 et

568 2895 828 2950 miracula
874 2896 1287 2963 ealuntniantes,
1330 2900 1599 2967 dixerunt,
1626 2899 1983 2955 inBeelzebul
2011 2900 2147 2968 prin-

566 2988 686 3057 cipe
752 2989 1135 3044 dwmoniorum
1199 3004 1322 3045 eum
1385 2990 1583 3057 ejicere
1637 2992 1936 3047 daemonia:
2003 3007 2146 3047 nunc

566 3078 895 3146 parientese
932 3081 1094 3136 corde
1146 3097 1243 3136 suo
1285 3097 1563 3139 sermones
1613 3083 1862 3152 iniustos,
1913 3098 2141 3138 accusa-

2236 621 2518 691 μονονουχὶ
2571 621 2869 690 παρίστησι
2924 619 3045 689 Θεῷ
3081 618 3360 689 λέγοντας
3425 621 3825 690 ’Δνεμείναμεν

2232 714 2431 783 κρίσιν,
2480 713 2575 767 καὶ
2606 712 2707 765 οὐκ
2736 712 2900 765 ἐστιν.
2951 712 3148 782 Κρίσιν
3189 712 3246 765 δέ
3284 728 3418 781 φασι
3452 712 3550 783 τὴν
3612 713 3825 765 δικαιο-

2234 802 2421 873 σύνην,
2467 802 2566 873 τὴν
2610 802 2697 855 διὰ
2726 801 2963 872 Χριστοῦ
2995 802 3262 872 δηλονότι,
3306 804 3373 875 ἡν
3404 802 3677 874 λήψεσθαι
3718 804 3826 873 μὲν

2234 893 2617 965 προσεδόκουν,
2676 893 2808 963 παρ’
2838 894 3021 956 αὐτοῖς
3055 892 3111 945 δὲ
3139 893 3241 946 οὐκ
3282 893 3420 957 ἔστι,
3467 894 3734 961 γεγόνασι
3766 895 3827 948 δὲ

2235 985 2462 1055 σκληροὶ
2520 984 2616 1037 καὶ
2665 983 2928 1047 ἀπειθεῖς.
2982 984 3081 1037 Διά
3134 984 3293 1037 τοῦτό
3338 1002 3522 1055 φησιν,
3567 986 3656 1038 ὅτι
3706 986 3826 1038 Σω-

2234 1080 2397 1150 τηρία
2443 1077 2662 1149 μακρὰν
2712 1077 3019 1149 ἀφέστηκεν
3070 1077 3162 1146 ἀφ’
3231 1077 3414 1148 ἡμῶν.
3486 1078 3668 1149 Πολλὴ
3710 1079 3826 1148 γὰρ

2236 1170 2393 1241 ἡμῶν
2420 1171 2453 1239 ἡ
2485 1169 2685 1239 ἀνομία
2720 1169 2960 1223 ἐναντίον
3002 1186 3121 1233 σου,
3157 1170 3253 1223 καὶ
3276 1169 3333 1222 αί
3362 1170 3635 1241 ἁμαρτίαι
3660 1170 3828 1240 ἡμῶν

2236 1262 2296 1313 ὲν
2335 1262 2486 1331 ἡμῖν.
2529 1258 2743 1329 Ἐπειδὴ
2792 1258 2901 1328 γὰρ
2950 1259 3086 1321 ὅλως
3130 1259 3525 1313 ὲκπεπτώκασι
3580 1259 3682 1312 τοῦ
3740 1259 3825 1311 δι-

2238 1351 2522 1414 καιοῦντος
2550 1353 2609 1403 ὲν
2647 1351 2847 1414 πίστει,
2878 1350 3099 1421 μακρὰν
3126 1352 3381 1418 γεγόνασι
3414 1352 3513 1405 καὶ
3540 1352 3643 1422 τῆς
3687 1352 3825 1422 παρ’

2237 1441 2402 1494 αὐτοῦ
2426 1441 2719 1511 σωτηρίας,
2743 1441 2844 1492 οὐκ
2877 1440 3243 1505 ἀποῆαλόντες
3271 1442 3369 1512 τῆς
3395 1443 3676 1513 ἁμαρτίας
3693 1445 3825 1505 τοὺς

2242 1531 2570 1602 μολυσμοὺς,
2602 1534 2701 1585 οὐκ
2729 1533 3162 1602 ἀποτριψάμενοι
3208 1533 3305 1603 τῆς
3350 1535 3581 1603 ἀνομίας
3615 1535 3688 1587 τὰ
3727 1537 3823 1603 ὲγο

2240 1623 2516 1693 κλήματα,
2532 1622 2649 1676 ἀλλ’
2676 1616 2789 1675 οἷον
2817 1623 3209 1693 ὲντετηγμένον
3234 1625 3417 1685 αὐτοῖς
3442 1624 3535 1677 τον
3563 1623 3827 1677 ἐντεῦθεν

2241 1714 2453 1783 ἔχοντες
2501 1715 2691 1786 ῥύπον.
2724 1713 2824 1767 Διὰ
2854 1713 3012 1766 τοῦτο
3042 1713 3385 1784 προσεφώνει
3423 1714 3601 1782 λέγων
3634 1716 3824 1777 αὐτοῖς

2239 1809 2268 1860 ό
2312 1808 2565 1878 Χριστὸς,
2598 1806 2810 1878 «Ἀμὴν
2851 1806 2997 1874 λέγω
3030 1806 3182 1876 ὑμῖν,
3218 1808 3300 1859 ὅτι
3350 1806 3445 1859 εὰν
3486 1807 3564 1877 μὴ
3596 1808 3827 1859 πιστεύ-

2247 1914 2397 1967 σητε,
2448 1898 2531 1950 ὅτι
2571 1896 2680 1966 ἐγὼ
2724 1898 2860 1966 είμὶ,
2906 1898 2963 1950 ὲν
3008 1899 3132 1960 ταῖς
3169 1897 3462 1968 ἁμαρτίαις
3493 1896 3653 1967 ὑμῶν
3685 1899 3825 1949 ἀπο·

2245 1986 2515 2040 θανεῖσθε.
2546 2006 2563 2038 ι
2600 1986 2808 2040 Οὐκοῦν
2832 1986 3129 2057 ἐπειδήπερ
3158 1988 3218 2039 οὐ
3259 1986 3719 2048 πεπιστεύκασιν,
3742 1988 3827 2038 ὲν-

2245 2077 2513 2132 απέθανον
2538 2080 2661 2140 ταῖς
2691 2077 2985 2148 ἁμαρτίαις
3015 2077 3213 2130 αὐτῶν·
3243 2077 3427 2148 ἐπειδὴ
3454 2077 3511 2129 δὲ
3558 2078 3824 2147 πολυτρό-

2245 2186 2365 2232 πως
2418 2168 2841 2240 δεδυσσεὸήκασι
2904 2168 3047 2222 κατά
3106 2168 3380 2240 Χριστοῦ,
3443 2170 3539 2222 καὶ
3613 2169 3827 2221 τούτων

2246 2261 2423 2314 αὐτῶν
2453 2259 2732 2314 ποιοῦνται
2756 2259 2852 2329 τὴν
2866 2260 3269 2331 ἐξομολόγησιν.
3288 2262 3426 2314 Φασὶ
3450 2261 3584 2331 γὰρ,
3625 2262 3713 2314 ὅτι
3746 2263 3825 2315 Τὰ

2244 2353 2556 2423 ἀδικήματα
2608 2352 2765 2423 ἡμῶν
2804 2351 3068 2422 ἔγνωμεν,
3102 2352 3472 2423 ἠσεϐήσαμεν,
3524 2354 3620 2405 καὶ
3661 2354 3825 2421 ἔψευ-

2247 2444 2593 2515 σάμεθα,καὶ
2613 2444 2929 2516 ἀπέστημεν
2961 2444 3071 2497 ἀπὸ
3098 2443 3321 2498 ὄπισθεν
3345 2445 3439 2497 τοῦ
3466 2445 3603 2498 Θεοῦ
3638 2446 3823 2517 ἡμῶν.

2258 2535 2562 2606 Ἦσέσησαν
2615 2534 2725 2604 γὰρ
2769 2536 2831 2588 οὐ
2887 2534 3136 2606 φορητῶς
3191 2535 3668 2605 καταψευσάμενοι
3723 2537 3825 2606 τῆς

2244 2626 2404 2697 δόξης
2454 2626 2551 2680 τοῦ
2617 2628 2834 2681 πάντων
2883 2626 3040 2697 ἡμῶν
3090 2628 3341 2698 Σωτῆρος
3397 2628 3669 2698 Χριστοῦ,
3726 2629 3824 2681 καὶ

2248 2716 2584 2780 ἀποστάντες
2628 2716 2722 2770 τοῦ
2752 2716 2924 2769 θέλειν
2954 2716 3371 2770 κατακολουθεῖν
3418 2718 3591 2787 αὐτῷ.
3639 2721 3822 2791 Προσ-

2248 2805 2568 2876 ομολογοῦσι
2598 2806 2675 2867 δὲ,
2729 2806 2811 2859 ὅτι
2873 2805 3241 2876 Έλαλήσαμεν
3278 2806 3472 2870 ἄδικα,
3523 2808 3620 2858 καὶ
3657 2810 3821 2876 ἠπει-

2248 2898 2516 2968 θήσαμεν,
2556 2898 2811 2968 ὲκύομεν,
2860 2899 2955 2951 καὶ
2993 2897 3404 2968 ἐμελετήσαμεν
3446 2898 3556 2951 ἀπὸ
3594 2900 3822 2969 καρδίας

2248 2986 2404 3057 ἡμῶν
2430 2985 2621 3054 λόγους
2668 2987 2910 3049 ἀδίκους.
2957 2987 3148 3041 ’Ἄδικα
3186 2986 3293 3058 γὰρ
3322 2987 3652 3059 λελαλὴκασι
3682 2992 3821 3043 κατά

2248 3078 2507 3147 Χριστοῦο
2540 3078 2669 3131 ποτὲ
2715 3077 2815 3148 μὲν
2864 3076 2974 3149 γὰρ
3016 3077 3362 3150 διασύροντες
3404 3080 3570 3132 αὑτοῦ
3603 3080 3699 3151 τὴν
3731 3082 3821 3135 δό-

567 3180 859 3235 runteutn,
886 3172 1309 3237 Santaritanum,
1341 3184 1396 3227 et
1440 3175 1855 3240 daemoniacuui,
1910 3176 2136 3228 edonent

2249 3170 2369 3237 ξαν,
2406 3172 2500 3224 καὶ
2542 3170 2920 3234 διαϐάλλοντες
2958 3170 3055 3234 τὰς
3102 3172 3421 3244 θεοσημίσς,
3467 3173 3727 3242 ἔφασκον,
3763 3178 3820 3228 ἐν

566 3270 624 3316 et
655 3263 1014 3332 vinipotoretn
1066 3266 1181 3319 ausi
1235 3266 1535 3323 nominare.
1592 3266 1976 3337 Sycophantiis
2015 3280 2140 3319 eum

568 3355 963 3423 prosciderunt,
997 3356 1167 3411 Pilato
1193 3360 1441 3428 prieside,
1497 3359 1778 3414 dicentes:
1844 3378 1863 3411 ι
1892 3360 2144 3415 Concitat

568 3444 777 3509 turbas,
822 3456 877 3499 et
932 3456 1077 3499 vetat
1136 3448 1337 3501 tributa
1391 3449 1522 3503 dare
1565 3448 1763 3503 Caesari
1820 3449 1933 3502 ⁸⁸.»
1978 3449 2144 3519 836

568 3534 859 3604 Propterea
895 3538 1122 3591 dicunt:
1159 3538 1501 3594 Recessimus
1526 3554 1555 3594 a
1585 3539 1697 3595 Deo
1746 3549 1951 3606 nostro,
1977 3542 2142 3596 locuti

566 3642 754 3683 sumus
782 3627 1005 3697 injusta,
1073 3639 1127 3682 et
1163 3645 1266 3683 non
1304 3629 1680 3686 obedivimus:
1711 3632 2125 3701 parturivimus,

564 3728 622 3773 et
657 3719 897 3773 meditati
928 3735 1117 3774 sumus
1147 3736 1210 3775 ex
1243 3720 1406 3776 corde
1430 3731 1617 3776 nostro
1671 3736 1953 3777 sermones
1999 3721 2143 3789 inju-

566 3817 704 3876 stos,
738 3819 794 3863 et
815 3812 1143 3867 recessimus
1169 3827 1198 3864 a
1227 3809 1453 3881 judicio,
1483 3821 1540 3867 et
1579 3811 1785 3881 iustitia
1820 3812 2005 3881 procul
2054 3827 2143 3868 re-

564 3902 753 3967 cessit,
790 3903 842 3957 id
874 3914 978 3969 est,
1008 3904 1336 3975 proiecimus
1359 3904 1647 3975 justitiam,
1676 3914 1731 3960 et
1789 3904 1935 3960 velut
1991 3913 2138 3975 terga

566 3991 833 4055 dedimus,
858 4008 978 4048 eam
1027 3995 1282 4049 aversati.
1344 3994 1553 4050 Idcirco
1596 3995 1782 4059 procul
1837 3996 2066 4050 recessit
2109 4009 2140 4050 a

564 4085 742 4140 nobis.
778 4085 870 4140 Ha:
890 4096 1017 4141 sunt
1040 4087 1203 4155 igitur
1236 4102 1398 4143 voces
1445 4089 1816 4158 pmnitentiam
1844 4086 2139 4156 agentium,

563 4185 618 4230 et
670 4192 699 4230 a
751 4179 968 4234 Christo
1027 4181 1452 4235 misericordiam
1496 4181 1871 4249 quaerentium.
1927 4180 2139 4235 Etenim

565 4283 653 4322 res
680 4271 936 4325 salutaris
967 4279 1072 4336 est,
1107 4269 1447 4339 resipiscere,
1488 4278 1543 4323 et
1585 4270 1898 4324 delictorum
1920 4268 2137 4324 confes-

564 4359 746 4416 siones
796 4370 983 4431 aperte
1017 4359 1195 4416 edere.
1223 4359 1494 4428 Scriptum
1543 4368 1627 4413 est
1654 4361 1843 4415 enim:
1891 4378 1909 4412 ι
1936 4360 2029 4415 Dic
2084 4368 2137 4413 tu

564 4455 880 4525 iniquitates
956 4463 1076 4509 tuas
1127 4453 1295 4523 prior,
1346 4461 1407 4508 ut
1462 4452 1776 4523 jitstiliceris
1813 4451 1937 4507 ”.-I
1993 4450 2140 4504 Dixit

2243 3263 2567 3328 Βεελζεὸοὺλ
2612 3264 2832 3334 ἄρχοντι
2863 3265 2972 3325 τῶν
3015 3264 3307 3335 δαιμονίων
3339 3266 3629 3320 ἐκϐάλλειν
3655 3269 3819 3321 αὑτὸν

2242 3353 2313 3407 τὰ
2341 3354 2593 3425 δαιμόνια
2612 3395 2627 3419 ,
2660 3354 2794 3407 ποτὲ
2830 3355 2887 3407 δὲ
2920 3355 3012 3408 καὶ
3042 3358 3317 3418 τίκτοντες
3346 3357 3455 3410 ἀπὸ
3487 3357 3589 3427 τῆς
3613 3358 3820 3411 ἑαυτῶν

2243 3444 2467 3516 καρδίας
2498 3445 2689 3513 λόγους
2740 3446 2993 3508 ἀδίκους’
3044 3449 3452 3518 κατηγόρευσαν
3492 3449 3605 3520 γὰρ
3634 3450 3815 3513 αὐτοῦ,

2242 3534 2589 3606 Σαμαρείτην
2608 3536 2704 3589 καὶ
2729 3534 3094 3606 δαιμονῶντα,
3124 3538 3296 3605 φάγον
3325 3555 3383 3591 τε
3403 3540 3499 3592 καὶ
3536 3541 3819 3609 οἰνοπότην

2240 3626 2505 3697 ὀνομάσαι
2530 3626 2924 3697 τολμήσαντες,
2953 3630 3459 3699 σεσυκοφαντήκασι
3486 3631 3547 3683 δὲ
3602 3633 3699 3685 καὶ
3726 3633 3819 3686 ἰπὶ

2242 3718 2474 3771 Πιλάτου
2522 3718 2794 3787 λέγοντες,
2827 3720 2910 3773 ὅτι
2945 3738 2965 3771 ι
2988 3720 3257 3775 Ἀνασείει
3305 3723 3433 3787 τοὺς
3467 3723 3685 3792 ὄχλους,
3726 3726 3819 3778 καὶ

2241 3810 2439 3864 κωλύει
2473 3810 2672 3881 φόρους
2717 3811 2919 3865 διδόναι
2949 3813 3207 3885 Καίσαρι.
3240 3832 3259 3865 ι
3312 3813 3410 3867 Διά
3434 3815 3597 3868 τοῦτό
3632 3833 3815 3884 φασιν,

2240 3902 2323 3955 ὅτι
2360 3920 2377 3952 ι
2401 3901 2743 3972 ’Λπέστημεν
2777 3903 2887 3956 ἀπὸ
2929 3903 3152 3957 ὄπισθεν
3188 3904 3282 3958 τοῦ
3309 3905 3445 3959 Θεοῦ
3482 3906 3669 3977 ἡμῶν,
3699 3908 3817 3961 ila-

2240 3989 2487 4060 λήσαμεν
2538 3989 2735 4053 ἄδικα,
2800 3992 2897 4044 καὶ
2951 3993 3367 4065 ἠπειθήσαμενο
3417 3996 3671 4066 ὲκύομεν,
3725 3996 3816 4049 καὶ

2242 4083 2654 4153 ὲμελετήσαμεν
2704 4083 2812 4138 ἀπὸ
2854 4083 3084 4153 καρδίας
3128 4085 3283 4156 ἡμῶν
3341 4085 3534 4154 λόγους
3583 4087 3810 4150 ἀδικίας,

2241 4176 2334 4229 καὶ
2383 4176 2773 4248 ἀπεστήσαμεν
2812 4176 2989 4229 ὀπίσω
3020 4176 3120 4247 τὴν
3156 4176 3357 4249 κρίσιν,
3388 4179 3483 4231 καὶ
3529 4181 3563 4249 ἡ
3614 4179 3815 4231 δικαιο-

2243 4267 2375 4337 σύνη
2410 4268 2627 4339 μακρὰν
2646 4269 2941 4339 ἀφέστηκε,
2973 4288 2991 4321 ι
3014 4271 3313 4333 τουτέστιν,
3349 4271 3660 4343 ὲρῤίψαμεν
3686 4288 3812 4324 κατ-

2238 4360 2362 4412 όπιν
2410 4361 2509 4431 τὴν
2565 4360 2929 4432 δικαιοσύνην,
2989 4363 3083 4414 καὶ
3133 4356 3246 4417 οἷον
3300 4363 3447 4417 νῶτα
3502 4363 3811 4433 δεδώκαμεν

2240 4451 2683 4522 ἀποστραφέντες
2725 4452 2913 4523 αὐτήν.
2946 4453 3043 4505 Διά
3067 4453 3227 4507 τοῦτο
3257 4456 3476 4526 μακρὰν
3506 4456 3809 4526 ἀφέστηκεν

560 4548 725 4603 etiam
772 4544 984 4601 divinus
1034 4544 1246 4600 Psalles
1285 4564 1299 4599 :
1342 4564 1359 4596 ι
1395 4544 1533 4609 Dixi,
1566 4543 1911 4599 Anuuntiabo
1947 4552 2138 4597 contra

2243 4540 2335 4608 ἀφ’
2378 4540 2557 4611 ἡμῶν.
2611 4535 2781 4594 Αῦται
2820 4542 2883 4613 δὴ
2911 4538 3004 4595 οὖν
3047 4546 3448 4613 μετανοούντων
3483 4548 3683 4615 φωναὶ,
3719 4547 3808 4598 καὶ

562 4652 648 4692 me
705 4637 1043 4707 iniquitatem
1098 4650 1271 4691 meam
1320 4636 1546 4690 Domino
1594 4653 1608 4689 :
1665 4645 1720 4691 et
1778 4644 1832 4688 tu
1882 4633 2140 4691 remisisti

564 4729 890 4798 impietatem
919 4728 1095 4783 cordis
1125 4728 1224 4782 mei
1246 4728 1313 4781 “.
1356 4745 1375 4778 ι

2246 4629 2554 4701 ζητούντων
2603 4632 2869 4685 ἐλεεῖσθαι
2929 4633 3077 4703 παρά
3123 4634 3382 4706 Χριστοῦ.
3432 4635 3635 4707 Χρῆμα
3691 4637 3794 4705 γὰρ

2253 4722 2520 4791 σωτήριον
2546 4723 2609 4774 τὸ
2638 4723 3044 4792 μετανοεῖν,καὶ
3061 4724 3158 4785 τὰς
3186 4724 3295 4777 τῶν
3320 4724 3803 4795 πλημμελημάτων

560 4821 850 4890 ὁμολογίας
879 4819 1150 4874 ποιεῖσθαι
1190 4820 1398 4891 σαφῶς.
1442 4820 1753 4890 Γέγραπται
1786 4817 1915 4889 γὰρ,
1950 4836 1969 4869 ι
2008 4814 2148 4884 Λέγε
2184 4813 2248 4866 σὺ
2286 4812 2387 4875 τὰς
2439 4814 2666 4883 ἀνομίας
2726 4831 2820 4867 σου
2862 4816 3099 4886 πρῶτος,
3148 4818 3234 4869 ἴνα
3258 4816 3575 4886 δικαιωθῇς.
3614 4836 3631 4867 ι
3667 4816 3804 4884 Ἐςη

559 4913 617 4967 δὲ
660 4914 754 4965 καὶ
785 4914 813 4966 ό
854 4912 1138 4977 θεσπέσιος
1171 4913 1443 4983 Μελῳδός·
1480 4932 1499 4965 ι
1532 4908 1697 4977 Εἷπα,
1740 4907 2117 4981 Ἐξαγορεύσω
2143 4906 2263 4960 κατ’
2293 4905 2427 4976 ἐμοῦ
2462 4904 2562 4977 τὴν
2596 4905 2827 4976 ἀνομίαν
2868 4925 2968 4977 μου
3000 4907 3077 4978 τῷ
3120 4909 3328 4979 Κυρίῳ,
3369 4908 3464 4961 καὶ
3491 4908 3557 4960 σὺ
3596 4906 3806 4976 ἀφῆκας

558 5007 659 5078 τὴν
684 5006 933 5059 ἀσέϐειαν
959 5009 1058 5077 τῆς
1089 5007 1318 5078 καρδίας
1353 5024 1479 5078 μου.
1517 5025 1535 5058 I

634 5144 1006 5199 Vsss.l5-l9.
1049 5144 1191 5210 Quia
1232 5155 1539 5215 consumpta
1593 5144 1743 5197 cuin
1792 5144 1887 5197 viis
1949 5158 2130 5195 eorum

559 5239 836 5299 veritas,“
866 5249 1002 5288 νεοίη
1039 5238 1207 5288 venire
1234 5254 1335 5289 non
1367 5246 1630 5303 poterant.
1697 5234 1901 5288 Veritas
1955 5245 2130 5287 autem

556 5328 765 5379 sublata
790 5337 890 5390 est,
916 5336 963 5379 et
988 5327 1364 5379 transtulerunt
1399 5337 1616 5380 mentem
1634 5369 1647 5391 ,
1676 5341 1737 5379 ne
1761 5324 2129 5393 intelligerent,

560 5415 630 5468 Et
665 5416 793 5468 vidit
829 5414 1104 5477 Dominus,
1148 5425 1195 5466 et
1260 5430 1360 5466 non
1398 5415 1594 5482 placuit
1646 5414 1712 5477 ei,
1741 5414 1865 5482 quia
1892 5429 1994 5464 non
2016 5422 2130 5465 erat

550 5504 832 5574 judicium.
866 5504 928 5558 Et
956 5506 1105 5568 vidit,
1123 5512 1171 5557 et
1212 5520 1313 5556 non
1357 5514 1472 5557 erat
1527 5504 1625 5567 vir,
1657 5513 1706 5556 et
1763 5501 2128 5564 consideravit,

555 5604 606 5649 et
644 5612 749 5649 mm
775 5606 888 5650 erat
917 5598 1007 5666 qui
1047 5596 1362 5665 defenderet.
1404 5594 1468 5647 Et
1505 5593 1648 5647 ullus
1703 5604 1776 5647 est
1802 5610 1888 5647 eos
1914 5592 2127 5645 brachio

1004 5855 1043 5903 I,
1074 5839 1164 5894 ει.
1242 5838 1287 5870 ⁸⁸
1318 5838 1356 5891 ι.

626 5838 701 5898 ⁸¹⁹,
729 5836 888 5894 Joan.
1004 5855 1043 5903 I,
1074 5839 1164 5894 ει.
1242 5838 1287 5870 ⁸⁸
1318 5838 1356 5891 ι.
1434 5877 1447 5891 .
1490 5852 1648 5903 χλιιι,
1686 5838 1739 5890 2.

2306 5139 2436 5190 ’Ὀτι
2469 5138 2862 5207 κατηναλὼθη
2897 5142 2967 5194 ἐν
2997 5140 3119 5205 τοῖς
3160 5140 3321 5205 ὁδοῖς
3358 5138 3557 5193 αὐτῶν
3589 5140 3625 5205 ἡ
3658 5136 3804 5202 ἀλή-

2233 5234 2382 5295 θεια,
2416 5229 2516 5281 καὶ
2543 5229 2617 5282 δι’
2648 5231 2885 5297 εὐθείας
2913 5234 3025 5284 οὐκ
3048 5232 3353 5300 ἠδύναντο
3375 5232 3594 5285 ἐλθεῖν.
3627 5230 3731 5283 Καὶ
3762 5228 3800 5294 ἡ

2232 5323 2485 5391 ἀλήθεια
2508 5317 2702 5393 ᾖρται,
2728 5325 2827 5377 καί
2843 5325 3230 5391 μετέστησαν
3250 5324 3361 5392 τὴν
3382 5324 3671 5384 διάνοιαν,
3698 5318 3803 5373 τοῦ

2234 5414 2599 5478 συνειδέναι,
2642 5414 2742 5468 καὶ
2777 5411 2899 5469 εἶδε
2922 5416 3153 5482 Κύριος,
3186 5415 3282 5469 καὶ
3309 5418 3421 5469 οὐκ
3451 5414 3670 5482 ἤρεσεν
3699 5411 3802 5464 αὐ-

2238 5503 2338 5569 τῷ,
2370 5506 2458 5558 ὅτι
2478 5508 2590 5559 οὐκ
2614 5502 2691 5573 ἦν
2720 5506 2938 5572 κρίσις.
2969 5507 3077 5559 Καὶ
3107 5502 3229 5560 εἶδε
3257 5505 3352 5559 καί
3381 5506 3491 5558 οὐκ
3519 5499 3595 5572 ἦν
3624 5498 3798 5565 ἀνὴρ.

2238 5597 2335 5650 καὶ
2366 5598 2717 5663 κατενόησε,
2744 5596 2842 5649 καί
2868 5598 2977 5650 οὐκ
3012 5593 3087 5666 ἦν
3116 5600 3147 5650 ό
3179 5596 3666 5663 ἀντιληψόμενος.
3688 5585 3799 5641 Καὶ

1853 5836 1897 5867 ⁸-³
1929 5837 2031 5893 lsa.
2069 5852 2221 5903 XLIII,
2257 5837 2346 5891 26.
2426 5838 2469 5871 ⁸⁵
2501 5836 2653 5893 Psul.
2684 5852 2836 5902 aut,
