4096 6504
302 446 438 504 ιδιτ

1434 437 1502 494 ΙΝ
1540 436 1770 495 ISAIAM
1811 436 1943 495 LIB.
1983 438 2045 496 V.
2087 438 2323 497 TOMUS
2361 440 2449 496 IV.

3427 418 3566 494 ista

298 568 568 638 ἠμύνατο
595 561 817 628 αὐτοὺς
835 560 916 627 τῷ
936 560 1215 629 βραχίονι
1238 559 1446 627 αὑτοῦ,
1475 558 1571 613 καὶ
1600 557 1676 627 τῇ
1702 559 1874 627 ἐλεη-

1995 577 2104 627 ;uo,
2130 570 2177 614 et
2223 561 2582 614 misericordia
2620 559 2928 614 sustentavit
2952 600 2967 613 .
2994 556 3063 611 Et
3100 558 3313 612 indutus
3362 569 3439 613 est
3468 560 3565 630 jn-

290 660 559 731 μοσύνῃ,
582 652 622 728 ᾖ
651 656 726 725 (l)
754 654 1137 722 ἐστηρίσατο,
1164 652 1265 707 καί
1292 653 1623 707 ἐνεδύσατο
1650 652 1873 705 δικαιο-

297 752 522 816 σύνην,
559 750 640 814 ὡς
659 747 912 814 θώρακα,
941 745 1039 798 καί
1074 743 1372 813 περιέθετο
1405 745 1878 813 περικεφαλαίαν

297 840 599 907 σωτηρίου
623 836 722 890 ἐπὶ
750 835 860 905 τῆς
886 835 1176 905 κεφαλῆς.
1211 835 1320 888 Καὶ
1349 834 1729 903 περιεϐάλετο
1747 835 1877 903 ἱμά-

297 946 431 983 τιον
456 925 843 992 ἐκδικήσεως,
879 926 979 979 καί
1007 926 1405 993 περιϐόλαιον,
1440 924 1520 988 ὡς
1545 922 1880 978 ἀνταποδώ-

297 1036 430 1074 σων
462 1017 892 1081 ἀνταπόδοσιν,
925 1015 1155 1081 ὄνειδος
1178 1014 1303 1081 τοῖς
1339 1016 1738 1080 ὑπεναντίοις.
1767 1016 1876 1069 Καὶ

300 1110 745 1181 φοϐηθήσονται
780 1112 832 1162 οἱ
857 1108 976 1162 ἀπὸ
1016 1105 1263 1175 δυσμῶν
1308 1106 1375 1159 τὸ
1414 1105 1602 1173 ὄνομα
1633 1105 1875 1172 Κυρίου,

1983 652 2150 717 stitio,
2178 652 2333 718 quasi
2359 653 2546 716 lorica,
2574 662 2621 705 et
2646 651 2986 704 circumdedit
3006 650 3153 719 galea
3177 650 3365 703 solutis
3388 664 3563 719 caput,

1985 754 2037 799 et
2079 746 2301 797 amictus
2344 753 2420 796 est
2464 744 2766 797 indumento
2817 742 3062 797 vindicta:
3123 742 3409 812 pallioque,
3444 751 3568 796 tan-

1988 851 2147 905 quam
2200 836 2409 888 ulturus
2456 835 2703 903 probrum
2732 833 3181 889 adversariorum.
3224 830 3290 885 Et
3320 833 3568 887 timebunt

1987 927 2038 979 hi
2058 927 2147 995 qui
2168 927 2231 978 ub
2254 927 2514 980 occidente
2535 937 2675 991 sunt,
2694 942 2877 978 nomen
2896 924 3180 989 Domini,“
3196 924 3571 992 quiobon’ema

1985 1030 2109 1071 sunt
2135 1058 2150 1082 ,
2179 1034 2363 1071 nomen
2391 1017 2695 1087 gloriosum.
2740 1016 2917 1070 Veniet
2942 1018 3077 1070 enim
3108 1029 3354 1085 tanquam
3380 1017 3569 1086 ﬂuvius

1989 1111 2243 1164 violentus
2288 1110 2369 1163 iro
2421 1110 2656 1171 Domini,
2716 1110 2879 1163 veniet
2928 1125 3047 1160 cum
3085 1109 3284 1172 furore.

300 1205 469 1258 καίοι
493 1202 610 1256 ἀπὸ
623 1200 934 1257 ἀνατολῶν
956 1200 1023 1253 τὸ
1044 1200 1228 1269 ὄνομα
1243 1198 1311 1251 τὸ
1337 1197 1610 1263 ἔνδοξον.
1629 1200 1787 1263 Ἥξει
1803 1199 1913 1269 γὰρ
1932 1201 2012 1268 ὡς
2032 1202 2504 1273 ποταμὸςβίαιος
2532 1203 2571 1269 ἠ
2596 1198 2740 1269 ὀργὴ
2759 1199 2997 1267 Κυρίου,
3024 1198 3155 1264 ἣξει
3186 1198 3337 1267 μετὰ
3357 1196 3566 1267 θυμοῦ.

371 1291 850 1363 Διαμνημονεύσας
876 1291 906 1342 6
936 1292 1241 1365 προφήτης,
1278 1283 1351 1343 ὧν
1380 1290 1595 1361 ἐροῦσιν
1615 1295 1672 1345 ὲν
1694 1292 1873 1362 καιρῷ

300 1384 547 1455 κλήσεως
585 1382 763 1435 αὐτῶν
797 1383 845 1434 οἱ
881 1380 942 1447 ἐξ
992 1381 1237 1450 Ἰσραὴλ,
1270 1380 1549 1444 αἰτοῦντες
1597 1381 1748 1451 παρὰ
1778 1380 1872 1434 τοῦ

300 1473 437 1528 Θεοῦ
479 1473 575 1526 καὶ
624 1472 836 1541 Πατρὸς
880 1471 979 1539 τῆς
1024 1470 1113 1525 διὰ
1160 1470 1400 1541 Χριστοῦ
1452 1472 1727 1542 σωτηρίας
1776 1471 1875 1541 τὴν

302 1565 483 1636 χάριν,
532 1561 820 1633 μεθίστησι
862 1562 1021 1616 πάλιν
1064 1562 1191 1625 τοὺς
1227 1561 1419 1630 λόγους
1456 1563 1535 1625 είς
1582 1562 1644 1615 τὸ
1681 1561 1873 1615 ἑαυτοῦ

302 1654 613 1727 πρόσωπον,
652 1654 749 1707 καὶ
783 1653 1143 1722 καταγορεύει
1167 1653 1275 1706 τῶν
1314 1653 1375 1718 ἐξ
1412 1653 1644 1725 Ἰσραὴλ,
1675 1654 1876 1724 μᾶλλον

300 1747 361 1802 δὲ
392 1748 651 1811 ωναινεῖ,
702 1746 785 1799 ὅτι
826 1745 1083 1814 γεγόνασι
1125 1747 1374 1818 πονηροὶ,
1414 1747 1509 1799 καὶ
1545 1746 1871 1811 ἀποστάται,

2050 1295 2181 1350 Cum
2199 1297 2457 1365 propheta
2477 1292 2978 1348 commemoraverit
3006 1307 3125 1359 quae
3149 1303 3391 1359 tempore
3406 1306 3537 1347 voca
3560 1320 3569 1326 τ

1982 1388 2145 1443 tionis
2157 1404 2268 1442 suae
2281 1388 2460 1442 dicent
2474 1386 3006 1454 Israelitte,petentes
3024 1384 3093 1436 ab
3107 1384 3223 1453 ipso
3240 1384 3344 1438 Deo
3356 1383 3571 1440 etPatre

1981 1479 2206 1547 gratiam
2220 1477 2408 1531 salutis
2424 1493 2516 1547 per
2530 1476 2827 1532 Christum:
2846 1475 2899 1528 in
2916 1489 3200 1545 personam
3216 1489 3368 1527 suam
3383 1489 3570 1527 rursus

1980 1570 2279 1623 orationem
2298 1567 2557 1622 transfert
2572 1576 2626 1622 et
2640 1576 2857 1621 accusat
2875 1565 3166 1627 lsraelitas,
3194 1564 3302 1617 imo
3316 1566 3499 1617 annuit
3514 1572 3573 1619 et

1982 1658 2763 1728 comprobat,eteosmaloset
2791 1666 3066 1726 apostatas
3109 1666 3272 1725 atque
3323 1656 3570 1711 veritatis

1980 1750 2227 1804 inimicos
2246 1764 2363 1804 esse
2397 1749 2702 1812 conﬁrmat,
2728 1750 2943 1803 dicens:
2971 1748 3303 1815 Consumpta
3319 1755 3402 1800 est
3428 1746 3569 1800 veri-

302 1842 400 1893 και
443 1841 542 1909 τῆς
594 1812 850 1909 ἀληθείας
886 1838 1105 1909 ἐχθροί·
1160 1812 1551 1909 διῖσχυρίζεται
1584 1837 1640 1891 δὲ
1679 1836 1875 1907 λέγων,

1995 1851 2067 1896 tas
2096 1842 2149 1896 in
2183 1842 2285 1897 viis
2315 1857 2528 1903 eorum,
2548 1842 2598 1894 id
2626 1850 3059 1907 cst,tantumnon
3081 1839 3254 1894 deleta
3274 1847 3420 1893 estet
3447 1837 3569 1891 l‘nn-

303 1933 389 1985 ὅτι
451 1930 824 2001 Κατηναλὼθη
871 1931 905 1999 ἠ
956 1928 1183 1999 ἀλήθεια
1226 1930 1283 1981 ὲν
1320 1932 1440 1993 ταῖς
1483 1930 1620 1994 ὁδοῖς
1658 1928 1877 1997 αὐτῶν,

301 2022 574 2085 τουτέστι,
650 2021 931 2092 μονονουχὶ
995 2019 1398 2090 δεδαπάνηται,
1473 2020 1568 2073 καὶ
1645 2019 1876 2074 είσάπαν

301 2112 496 2183 ᾤχετο.
530 2113 605 2168 Οὐ
639 2113 746 2183 γὰρ
778 2108 847 2182 ἦν
881 2112 1017 2172 ὅλως
1066 2113 1123 2163 ὲν
1153 2114 1266 2174 τοῖς
1305 2110 1486 2179 ἔργοις
1526 2111 1707 2165 αὐτῶν
1751 2112 1883 2183 ἀλή-

304 2203 448 2264 θεια.
474 2203 741 2265 τουτέστι,
772 2203 871 2272 τῆς
900 2201 1159 2271 ἀληθείας
1198 2202 1228 2253 6
1271 2200 1452 2271 νόμος.
1485 2200 1587 2253 Διὰ
1624 2200 1782 2255 τοῦτο
1813 2202 1881 2256 δι’

305 2294 521 2357 εὐθείας
548 2295 647 2347 οὐκ
678 2292 939 2363 ἠδύναντο
970 2290 1198 2344 διελθεῖν
1240 2291 1290 2343 οί
1312 2292 1423 2360 γὰρ
1451 2290 1585 2353 ὅλως
1611 2289 1882 2362 διολισθή-

307 2402 500 2448 σαντες
537 2384 630 2437 τοῦ
661 2383 859 2437 εἰδέναι
897 2382 959 2435 τὸ
990 2379 1410 2435 πολιτεύσασθαι
1459 2381 1755 2451 συννόμως,
1789 2381 1885 2435 καὶ

306 2478 450 2533 κατά
478 2495 541 2546 γε
570 2477 630 2530 τὸ
670 2478 737 2547 τῇ
773 2475 1002 2547 ἀληθείᾳ
1056 2474 1265 2540 δοκοῦν,
1295 2473 1525 2544 ἀλήθεια
1560 2475 1618 2527 δὲ
1650 2476 1680 2527 6
1722 2474 1885 2545 νόμος

304 2568 402 2623 τοῦ
447 2568 583 2621 Θεοῦ
625 2567 941 2637 ὠνόμασται
972 2566 1273 2637 πανταχοῦ,
1310 2566 1431 2629 πῶς
1460 2564 1525 2619 ἂν
1557 2562 1719 2637 ἦλθον
1750 2566 1884 2619 εὐθὺ

313 2659 412 2712 τοῦ
444 2660 779 2731 πρέποντος;
813 2658 845 2729 ἢ
874 2656 992 2721 πῶς
1023 2659 1084 2710 ού
1116 2656 1409 2730 καμπύλας
1467 2657 1560 2709 καὶ
1593 2657 1889 2728 διεστραμ-

312 2751 478 2823 μένας
522 2751 787 2820 ἐσχήκασι
831 2749 929 2812 τὰς
969 2748 1147 2814 δδούς;
1193 2747 1513 2819 Προστιθεὶς
1558 2747 1614 2799 δὲ
1662 2747 1753 2800 καὶ
1798 2746 1884 2799 λέ-

306 2860 446 2912 γων,
480 2844 562 2896 ὃτι
596 2843 660 2895 Ἢ
685 2841 911 2912 ἀλήθεια
939 2836 1126 2911 ἦρται,
1156 2842 1250 2893 καὶ
1280 2840 1616 2911 μετέστησαν
1652 2840 1751 2907 τὴν
1776 2839 1889 2892 διά·

308 2952 461 2988 νοιαν
532 2933 626 2987 τοῦ
706 2933 977 2996 συνιέναι,
1028 2932 1390 2985 διαδείκνυσιν
1458 2931 1540 2984 ὅτι
1612 2928 1891 2992 παντελῶς

307 3024 677 3095 ἀπεφοίτηκεν
705 3024 882 3078 αὐτῶν
911 3026 945 3095 ἡ
970 3022 1221 3095 ἀλήθεια,
1255 3023 1350 3075 καὶ⁴
1387 3022 1729 3092 μετέστησαν
1770 3020 1890 3073 ὁλο-

310 3117 528 3188 τρόπως
556 3116 649 3169 τοῦ
680 3115 945 3169 δύνασθαί
974 3132 1035 3168 τε
1070 3115 1311 3168 συνιέναι
1344 3113 1454 3166 τῶν
1488 3112 1784 3166 τελούντων
1811 3113 1891 3176 είς

314 3206 610 3279 σωτηρίαν.
656 3205 861 3271 Ταῦτα,
928 3208 1116 3277 φησιν,
1147 3202 1253 3259 εἶδε
1278 3205 1500 3276 Κύριος,
1532 3204 1741 3258 καὶούκ
1770 3205 1900 3276 ἦρε-

314 3316 408 3352 σεν
432 3299 601 3370 αὐτῷ.
646 3299 721 3351 Οὐ
753 3299 862 3370 γὰρ
890 3293 959 3369 ἦν
999 3298 1132 3369 παρ’
1186 3298 1368 3361 αὐτοῖς
1401 3296 1599 3368 κρίσις,
1629 3297 1898 3363 τουτέστι,

311 3389 698 3457 δικαιοκρισία,
741 3390 838 3444 καὶ
874 3390 1056 3460 νόμος.
1100 3385 1250 3443 Εἶταο
1292 3389 1577 3454 Τεθέαται,
1610 3388 1767 3459 φησι,
1804 3389 1899 3441 καὶ

311 3484 412 3537 οὐκ
443 3479 510 3555 ἧν
546 3483 707 3554 ἀνὴρ,
752 3483 1047 3553 κατενόησε
1070 3482 1164 3535 καὶ
1186 3482 1286 3534 οὐκ
1309 3476 1377 3551 ἦν
1393 3482 1421 3533 ὁ
1452 3479 1895 3551 ἀντιληψόμενος.

328 3575 547 3645 Ἐπειδὴ
577 3576 687 3644 γὰρ
745 3577 861 3627 ἐστι
896 3572 1316 3641 φιλοικτίρμων,
1362 3571 1437 3634 ὡς
1486 3570 1617 3635 Θεὸς
1660 3571 1895 3640 ἀνίησιν,

315 3667 429 3720 ἔσθ’
479 3668 588 3731 ὅτε,
635 3667 731 3720 καὶ
779 3665 1057 3736 ὁλοκλήρῳ
1090 3665 1242 3718 πόλει
1275 3665 1620 3736 ἐγκλήματα,
1665 3664 1732 3718 δι’
1776 3665 1895 3731 ἕνα,

315 3757 413 3811 καὶ
458 3756 617 3827 μόνον
645 3754 935 3826 εὑρεθέντα
967 3755 1175 3807 δίκαιον
1203 3754 1261 3806 ὲν
1294 3755 1432 3824 αὐτῇ
1453 3772 1468 3786 ο
1506 3755 1601 3809 καὶ
1631 3755 1762 3823 γοῦν
1792 3754 1896 3825 ἔφη

314 3848 404 3902 διὰ
439 3847 624 3917 φωνῆς
658 3844 965 3916 Ἰερεμίου,⁸
1022 3864 1039 3896 ι
1078 3844 1458 3915 Περιδράμετε
1506 3846 1565 3898 ὲν
1611 3847 1730 3909 ταῖς
1757 3844 1897 3908 ὁδοῖς

327 3937 704 4010 Ἰερουσαλὴμ,
734 3936 826 3990 καὶ
858 3936 1132 4007 ζητήσατε
1161 3937 1218 3988 ὲν
1246 3937 1365 3999 ταῖς
1391 3934 1673 4000 πλατείαις
1700 3936 1895 4006 αὐτῆς,

316 4030 413 4082 καὶ
440 4028 578 4080 ἴδετε
606 4027 671 4081 ἂν
700 4026 899 4097 εὕρητε
931 4024 1119 4096 ἄνδρα.
1145 4026 1193 4077 εί
1222 4024 1341 4077 ἐστι
1376 4023 1546 4077 ποιῶν
1582 4024 1785 4091 πίστιν,
1804 4026 1898 4078 καὶ

317 4122 550 4192 ἀγαπῶν
575 4120 746 4184 ἔλεος,
777 4120 871 4173 καὶ
889 4119 1047 4181 ἵλεως
1070 4118 1263 4187 ἔσομαι
1284 4117 1443 4189 αὐτῇ,
1470 4116 1617 4186 λέγει
1633 4115 1856 4186 Κύριος.
1872 4136 1890 4170 ι

330 4217 630 4285 ’Υπέσχετο
665 4215 722 4268 δὲ
764 4214 857 4267 καὶ
900 4212 1155 4282 Σοδόμοις
1190 4211 1286 4283 τὴν
1328 4209 1417 4263 διὰ
1473 4208 1644 4280 πυρὸς
1674 4208 1897 4277 ἀνήσειν

318 4308 563 4369 κόλασιν,
597 4307 644 4358 εί
678 4305 837 4357 πέντε
870 4303 1113 4366 δικαίους
1138 4302 1296 4373 ἔσχον
1329 4301 1458 4371 παρ’
1484 4301 1717 4365 ἑαυτοῖς,
1741 4316 1897 4352 τουτ-

319 4401 490 4463 iam,
526 4399 584 4449 ὲν
610 4396 815 4464 ἑκάστῃ
853 4393 1006 4447 πόλει
1055 4392 1259 4445 δίκαιον
1284 4391 1397 4444 ἕνα.
1435 4390 1744 4459 Κατενόησε
1783 4388 1893 4442 τοί-

1988 1933 2130 1988 ditus
2166 1933 2346 2003 periit.
2377 1932 2490 1986 Non
2518 1932 2661 1986 enim
2713 1944 2830 1985 erat
2869 1930 2974 1985 ulla
3011 1933 3062 1985 in
3093 1930 3346 2001 operibus
3380 1944 3567 1983 eorum

1985 2025 2210 2087 veritas,
2234 2024 2285 2077 id
2314 2033 2419 2086 est,
2454 2023 2539 2077 lex
2566 2021 3048 2077 veritatistcirco
3076 2037 3172 2090 per
3192 2030 3395 2075 rectam
3424 2022 3565 2074 viam

1989 2131 2095 2169 non
2130 2124 2420 2183 potuerunt
2453 2114 2710 2168 transire.
2749 2114 2851 2179 Qui
2878 2114 3021 2166 enim
3056 2112 3279 2165 omnino
3321 2128 3387 2165 ex
3435 2111 3568 2181 legis

1988 2215 2044 2260 et
2079 2205 2326 2260 veritatis
2381 2205 2698 2274 praescripto
2754 2205 2918 2257 vitam
2996 2204 3277 2257 instituere
3324 2204 3568 2257 nesciunt

1992 2297 2216 2365 (veritas
2238 2306 2415 2350 autem
2444 2296 2525 2351 lex
2556 2296 2648 2352 Dei
2671 2297 2868 2364 ubique
2889 2295 3275 2363 nuncupatur),
3300 2294 3568 2363 quomodo

1989 2389 2153 2458 837
2181 2397 2325 2442 recta
2353 2388 2419 2443 ad
2455 2389 2713 2443 decorum
2770 2388 3091 2442 transeant?
3141 2388 3250 2441 imo
3300 2387 3568 2455 quomodo

1992 2496 2100 2534 non
2124 2480 2372 2550 obliquas
2401 2489 2455 2533 et
2477 2481 2735 2535 distortae
2772 2480 2886 2534 vias
2915 2479 3235 2535 habuerint?
3263 2478 3397 2534 Cum
3420 2479 3569 2533 addit

1993 2581 2050 2628 et
2067 2573 2195 2626 dicit
2221 2589 2235 2624 :
2264 2571 2471 2626 Veritas
2522 2572 2729 2627 sublata
2771 2582 2873 2636 est,
2899 2582 2953 2627 et
2984 2576 3374 2627 transtulerunt
3415 2587 3568 2625 men-

1997 2676 2127 2725 tem,
2168 2680 2237 2719 ne
2286 2665 2684 2736 intelligerent;
2723 2665 2975 2729 ostendit,
3006 2665 3056 2717 in
3089 2675 3256 2719 totum
3286 2664 3565 2720 ve‘itatem

1996 2755 2064 2809 ab
2089 2755 2193 2809 illis
2219 2756 2585 2816 recessisse,et
2603 2771 2696 2810 eos
2723 2756 2943 2810 omnino
2975 2766 3206 2810 mentem
3232 2755 3569 2811 transtulisse

1998 2847 2210 2915 utquid
2258 2848 2322 2900 ad
2371 2847 2597 2901 salutent
2630 2847 2835 2901 faceret
2862 2861 2966 2901 non
3017 2847 3392 2915 intelligerent.
3434 2847 3569 2903 llinc

1996 2935 2162 2989 dicit:
2188 2934 2335 2989 Vidit
2378 2936 2637 2990 Dominus
2666 2946 2718 2990 et
2766 2952 2870 2989 non
2919 2935 2967 2991 ei
3005 2936 3239 3004 placuit;
3288 2951 3390 2991 non
3423 2936 3567 2990 enim

1999 3036 2115 3079 crat
2141 3029 2278 3096 apud
2306 3043 2399 3081 eos
2418 3028 2705 3097 judicium,
2727 3028 2777 3081 id
2790 3026 3367 3095 est,justumjudicium
3379 3039 3433 3082 et
3460 3029 3567 3084 lex.

2002 3118 2221 3179 Deinde,
2247 3117 2491 3187 Aspexit,
2524 3119 2717 3187 inquit,
2770 3128 2824 3172 et
2861 3134 2963 3173 non
2990 3129 3109 3172 erat
3140 3119 3241 3181 vir,
3264 3119 3573 3174 considera-

2004 3210 2101 3271 vit,
2126 3216 2181 3261 et
2210 3222 2314 3262 non
2346 3218 2463 3262 erat
2505 3207 2778 3265 defensor.
2816 3207 2947 3262 Nam
2981 3210 3236 3277 quoniam
3264 3210 3572 3264 misericors

1999 3310 2103 3363 est,
2132 3314 2189 3354 ut
2219 3300 2382 3365 Deus,
2420 3300 2647 3355 remittit
2680 3300 2949 3354 interdum
2981 3300 3246 3354 universae
3271 3301 3435 3354 etiam
3489 3299 3571 3355 ci-

2000 3392 2151 3446 vitati
2182 3393 2430 3459 crimina,
2468 3402 2689 3461 propter
2720 3406 2887 3445 unum
2913 3390 3117 3457 solum,
3146 3392 3239 3461 qui
3284 3392 3337 3445 in
3372 3406 3434 3445 ea
3478 3390 3572 3461 ju-

2002 3491 2120 3538 stus
2180 3483 2433 3538 inventus
2480 3494 2585 3537 εει.
2615 3481 2892 3553 Siquidem
2913 3484 3047 3537 dixit
3098 3498 3227 3538 voce
3278 3481 3570 3537 Jeremiaa:

2005 3574 2275 3630 «Cursate
2329 3574 2384 3629 in
2434 3574 2538 3631 viis
2585 3573 2904 3638 Jerusalem,
2957 3583 3011 3627 et
3043 3576 3269 3643 quaerite
3293 3574 3344 3627 in
3384 3572 3575 3638 plateis

1997 3665 2133 3734 ejus,
2161 3678 2215 3721 et
2249 3666 2429 3722 videte
2463 3682 2530 3720 an
2564 3665 2815 3720 invenire
2840 3664 3058 3734 possitis
3089 3664 3283 3729 virum,
3314 3662 3406 3732 qui
3449 3662 3578 3716 facit

2000 3759 2182 3824 iidem,
2203 3767 2259 3812 et
2291 3757 2464 3827 diligit
2488 3756 2940 3819 misericordiam,
2966 3770 3031 3808 ac
3060 3756 3326 3823 propitius
3347 3770 3442 3809 ero
3472 3754 3573 3818 illi,

1998 3848 2131 3904 dicit
2163 3848 2420 3904 Dominus
2445 3849 2513 3902 ⁸⁸.
2546 3867 2564 3899 ›
2591 3846 2853 3902 Promisit
2901 3847 3028 3903 item
3053 3845 3306 3901 Sodomis
3353 3861 3412 3900 se
3437 3847 3575 3914 ignis

1998 3938 2317 4009 supplicium
2381 3938 2486 3993 illis
2548 3938 2943 3999 remissurum,
2995 3936 3038 3991 si
3112 3938 3348 4004 quinque
3400 3934 3577 4005 iustos

2000 4031 2138 4100 apud
2177 4043 2238 4086 se
2272 4029 2610 4093 habuissent,
2641 4028 2692 4082 id
2722 4036 2824 4092 est,
2852 4027 3231 4097 unumjnstum
3265 4028 3315 4080 in
3336 4042 3578 4097 unaqua-

1998 4139 2104 4192 que
2129 4122 2368 4176 civitate.
2398 4118 2777 4175 Consideravit
2801 4118 2983 4187 igitur,
3020 4118 3214 4188 inquit,
3246 4127 3298 4173 et
3323 4133 3426 4171 non
3455 4125 3577 4173 erat

1958 4226 1961 4227 '
1999 4213 2103 4278 vir,
2133 4228 2237 4266 non
2263 4223 2384 4267 erat
2430 4212 2521 4282 qui
2556 4210 2891 4267 defenderet.
2934 4208 3120 4264 Justus
3145 4211 3289 4264 enim
3339 4223 3460 4264 cum
3488 4207 3575 4262 fu-

2000 4320 2174 4359 rorem
2221 4306 2407 4368 sedet,
2447 4313 2501 4359 et
2550 4305 2696 4357 solus
2744 4303 2925 4357 valeat
2976 4301 3144 4357 Deum
3178 4302 3415 4371 placare,
3456 4300 3577 4357 illos

2000 4408 2213 4464 semper
2238 4394 2497 4457 defendit,
2532 4408 2630 4464 pro
2653 4393 2852 4463 quibus
2882 4408 3078 4462 preces
3117 4393 3397 4448 obtulerit.
3429 4392 3577 4457 Quo-

316 4509 436 4556 νυν,
469 4490 622 4559 φησι,
654 4490 749 4540 καὶ
778 4488 878 4539 οὐκ
916 4481 985 4556 ἦν
1023 4485 1183 4555 ἀνὴρ,
1211 4484 1310 4536 οὐκ
1342 4480 1409 4554 ἧν
1453 4483 1481 4534 6
1526 4482 1889 4553 ἀντιληψόμε-

2002 4487 2148 4540 niam
2184 4501 2309 4541 vero
2364 4486 2539 4540 nullus
2587 4485 2850 4555 ejusmodi
2915 4495 3052 4549 erat,
3104 4485 3397 4540 vindicavit
3452 4500 3567 4547 eos,

317 4598 430 4644 νος.
477 4581 534 4633 Ὀ
581 4580 690 4650 γὰρ
743 4577 949 4640 δίκαιος
995 4578 1085 4629 τὸν
1129 4576 1271 4629 θεῖον
1316 4575 1655 4637 κατευνὰσας
1702 4574 1892 4644 θυμὸν,

318 4673 414 4725 καὶ
444 4672 686 4741 ἁρκέσας
717 4670 873 4740 μόνος
898 4669 974 4730 εἴς
1016 4683 1079 4735 γε
1108 4667 1169 4720 τὸ
1202 4666 1461 4720 δύνασθαι
1511 4665 1895 4737 καταπραῧναι

318 4760 478 4822 Θεὸν,
524 4758 986 4829 ἀντιλαμϐάνεται
1020 4757 1236 4820 πάντως
1265 4758 1510 4823 ἐκείνων,
1558 4757 1700 4828 ὑπὲρ
1728 4752 1803 4812 ὧν
1832 4758 1898 4810 ἂν

320 4854 573 4923 προσάγῃ
599 4851 696 4914 τὰς
711 4850 881 4913 λιτάς.
902 4850 1053 4903 Ἐπεὶ
1083 4849 1140 4901 δὲ
1168 4845 1236 4919 ἦν
1265 4848 1503 4913 τοιοῦτος
1540 4850 1735 4913 οὐδεὶς,
1760 4849 1902 4920 ἠμύ-

318 4962 451 4999 νατο
493 4945 712 5007 αὐτοὺς,
768 4943 924 5013 φησὶ,
970 4941 1047 5011 τῷ
1087 4940 1331 5011 βραχίονι
1372 4941 1575 5006 αὑτοῦ,
1632 4942 1899 5006 τουτέστι,

318 5039 387 5107 τῇ
422 5035 669 5106 δυνάμει,
729 5035 1054 5106 ὲστηρίσατο
1108 5033 1165 5085 δὲ
1198 5032 1292 5085 καὶ
1325 5035 1391 5103 τῇ
1434 5033 1790 5105 ἐλεημοσύνη
1844 5033 1906 5086 οὐ

320 5128 433 5199 γὰρ
479 5126 756 5200 δλὸρῤιζον
793 5126 967 5180 ἀνεῖλε
995 5125 1085 5179 τὸν
1127 5124 1366 5196 Ἰσραὴλ,
1404 5125 1613 5178 σέσωκε
1646 5125 1700 5179 δὲ
1729 5126 1898 5180 κατά·-

320 5218 533 5288 λειμμα
564 5217 946 5287 φιλάνθρωπος
993 5213 1089 5278 ὣν,
1122 5214 1218 5267 καὶ
1249 5216 1363 5277 τοῖς
1390 5213 1565 5283 ἁγίοις
1593 5215 1770 5268 αὐτῶν
1798 5232 1902 5268 πα-

323 5310 520 5377 τράσιν
572 5307 775 5378 ἀψευδῆ
801 5308 1073 5377 τετήρηκε
1100 5307 1198 5377 τὴν
1236 5307 1547 5376 ὑπόσχεσιν.
1581 5302 1709 5360 Εἷτὰ
1738 5322 1905 5377 φησιν

321 5403 352 5454 6
371 5397 1011 5470 προφήτης,ὂτιθιὶ›ρακα
1052 5398 1148 5469 μὲν
1172 5398 1477 5462 ἐνεδύσατο,
1515 5415 1640 5470 περι
1672 5399 1822 5450 έθετο
1849 5397 1906 5451 δὲ

326 5492 761 5563 περικεφαλαίαν
818 5491 912 5545 καὶ
939 5490 1153 5561 ἱμάτιον
1179 5492 1535 5562 ἐκδικήσεως,
1564 5491 1642 5553 ὡς
1666 5492 1902 5544 ἀνταπο-

395 5689 443 5723 ⁸⁸
478 5688 679 5747 Jcrem.
712 5706 764 5755 v,
800 5692 849 5746 l.

400 5875 484 5947 (ι)
516 5872 715 5932 Vocula
753 5869 1151 5947 ﬁdesideratur
1185 5874 1236 5929 in
1269 5874 1355 5931 ed.
1382 5872 1551 5930 LXX.

2002 4576 2198 4647 inquit,
2228 4578 2448 4632 brachio
2503 4592 2624 4640 suo,
2672 4576 2724 4630 id
2763 4585 2867 4639 est,
2892 4576 3147 4645 potentia.
3180 4586 3230 4629 et
3258 4577 3580 4631 sustentavit

2004 4666 2395 4721 misericordia.
2423 4663 2539 4720 Non
2569 4666 2713 4719 enim
2748 4666 3010 4720 radicitus
3034 4666 3256 4719 sustulit
3298 4664 3576 4729 lsraelem,

2006 4756 2101 4811 sed
2126 4756 2392 4809 humanus
2417 4769 2539 4807 cum
2567 4755 2659 4818 sit,
2684 4753 2943 4822 reliquias
2992 4753 3250 4817 servavit,
3282 4761 3337 4806 et
3376 4754 3581 4806 sanctis

2010 4849 2249 4919 ipsorum
2275 4848 2522 4918 patribus
2551 4846 2711 4900 ﬁdem
2744 4848 2920 4900 datam
2947 4860 3073 4900 vere
3106 4846 3362 4901 servavit.
3412 4843 3577 4898 Dein-

2010 4941 2076 4995 de
2098 4940 2355 5010 propheta
2381 4939 2454 4992 ait
2487 4952 2503 4992 :
2545 4938 2768 4992 lndutus
2817 4945 2902 4991 est
2966 4936 3155 5001 lorica,
3198 4947 3253 4990 et
3290 4934 3440 5007 galea
3468 4936 3579 4990 cir-

2011 5034 2295 5088 cumdatus
2316 5040 2422 5099 est,
2452 5047 2517 5086 ac
2538 5030 2856 5085 indumento
2881 5028 3151 5092 vindictae,
3190 5038 3443 5097 tanquam
3500 5028 3581 5079 ul-

2012 5135 2166 5181 turus
2220 5127 2475 5195 probrum
2526 5124 2958 5178 adversariorum
2995 5131 3284 5190 ;'tantum
3316 5136 3420 5174 non
3480 5120 3581 5173 im-

2004 5226 2314 5287 peratorem
2345 5224 2534 5270 contra
2590 5229 2684 5269 eos
2719 5212 2920 5268 factum
2973 5227 3093 5267 esse
3126 5212 3258 5266 dicit
3304 5210 3581 5264 universo-

2006 5327 2125 5365 rum
2176 5310 2364 5374 Dcum,
2418 5318 2697 5364 armatura
2756 5308 3105 5370 instructum,
3138 5315 3194 5360 et
3255 5304 3330 5358 rei
3380 5301 3581 5355 bellicas

2006 5416 2255 5472 gnarum.
2287 5400 2494 5468 Quibus
2541 5401 2720 5457 verbis
2769 5403 2865 5455 lrze
2910 5408 3100 5455 contra
3156 5397 3275 5452 illos
3326 5395 3581 5463 impetum

2008 5492 2269 5547 declarat.
2300 5492 2518 5549 Restitit
2540 5493 2683 5549 enim
2714 5492 2819 5548 illis
2850 5489 3223 5561 Omnipotens,
3252 5487 3337 5543 cui
3391 5484 3582 5541 merito
