4140 6488
206 424 335 483 139.!

1294 423 1359 478 IN
1401 423 1633 479 ISAIAM
1675 427 1801 482 LIB.
1846 430 1908 485 ν.
1950 428 2186 485 TOMUS
2225 431 2309 487 IV.

3315 441 3455 499 1392

204 550 430 619 φέρεται
452 542 734 614 καύχημαι
756 542 848 595 καὶ
874 540 1055 596 λαλεῖν
1085 544 1144 597 ἐν
1172 541 1386 616 γλώττῃ
1412 544 1473 597 τὸ
1502 546 1654 616 ῥῆμα
1673 545 1769 616 τῆς

1874 546 1974 601 hoc
2008 556 2090 601 est
2112 546 2386 604 Christum
2414 549 2580 621 839
2600 564 2630 605 ιι
2668 555 2895 611 mortuis
2917 557 3199 613 reducere.
3228 556 3295 611 At
3324 561 3452 628 quid

202 641 460 700 πίστεως,
494 635 637 689 καθὰ
681 635 957 704 γέγραφεν
986 636 1016 687 δ
1043 634 1318 704 πάνσοφος
1354 634 1595 699 Παῦλος⁹
1636 654 1654 688 ι
1687 637 1779 707 Μὴ

200 731 308 801 γὰρ
345 729 526 798 εἴπῃς,
561 725 746 796 φησὶν,
773 726 830 778 ἐν
863 727 928 796 τῇ
954 723 1153 797 καρδίᾳ
1174 740 1293 779 con:
1326 725 1421 789 Τίς
1450 727 1777 796 ἀναϐήσεται

199 822 279 882 είς
315 819 408 872 τὸν
445 816 705 887 οὐρανόν;
742 815 990 869 τουτέστι
1036 816 1269 887 Χριστὸν
1320 818 1669 885 καταγαγεῖν,
1719 816 1775 885 ἢ,

199 910 297 973 Τίς
327 908 696 978 καταὸήσεται
722 909 803 970 είς
832 907 933 978 τὴν
968 907 1237 972 ἄϐυσσον;
1271 907 1518 960 τουτέστι
1544 906 1780 977 Χριστὸν

198 998 263 1051 ἐκ
296 997 505 1067 νεκρῶν
537 997 851 1064 ἀναγαγεῖν.
887 996 1047 1049 Ἀλλά
1074 995 1126 1049 τί
1144 995 1290 1064 λέγει
1310 998 1344 1066 ή
1366 995 1776 1067 Γραφή;ἐγγύς

200 1104 292 1140 σου
332 1087 394 1141 τὸ
427 1088 578 1158 ῥῆμα
609 1089 667 1140 ἐν
700 1086 780 1157 τῷ
820 1086 1048 1157 στόματί
1087 1102 1204 1150 σου,
1251 1086 1346 1140 καὶ
1377 1087 1435 1141 ἐν
1475 1089 1543 1157 τῇ
1578 1088 1776 1158 καρδίᾳ.

200 1195 319 1241 σου,
364 1179 445 1232 ὅτι
492 1177 589 1231 ἐὰν
637 1178 818 1249 εἴπῃς,
853 1177 1059 1247 Κύριος
1099 1175 1327 1245 Ἰησοῦς,
1355 1177 1450 1231 καὶ
1478 1179 1773 1251 πιστεύσῃς

199 1270 257 1323 ἐν
284 1272 352 1340 τῇ
381 1268 580 1340 καρδίᾳ
624 1286 738 1334 σου,
767 1270 848 1323 ὅτι
892 1269 921 1322 ό
962 1268 1095 1331 Θεὸς
1126 1268 1289 1321 αὑτὸν
1335 1270 1557 1340 ἤγειρεν
1594 1271 1659 1324 ἐκ
1685 1286 1771 1323 νε-

196 1358 367 1429 κρῶν,
410 1357 650 1430 σωθήσῃ.
699 1357 911 1429 Καρδίᾳ
948 1356 1057 1427 γὰρ
1100 1357 1414 1412 πιστεύεται
1457 1361 1538 1422 είς
1569 1360 1770 1413 δικαιο-

198 1447 386 1518 σύνην,
416 1448 646 1518 στόματι
674 1447 732 1501 δὲ
760 1447 1103 1519 ὁμολογεῖται
1133 1450 1213 1513 εἰς
1239 1450 1532 1521 σωτηρίαν.
1567 1471 1585 1504 ι
1615 1453 1769 1508 Ἐλά·

194 1536 363 1609 6ομεν
392 1539 568 1592 τοίνυν
598 1538 749 1609 παρὰ
787 1538 921 1592 Θεοῦ
949 1540 1009 1592 τὸ
1043 1539 1194 1610 ῥῆμα
1224 1540 1323 1609 τῆς
1361 1542 1619 1607 πίστεως,
1644 1544 1765 1613 ήτοι

192 1627 290 1699 τὴν
330 1628 646 1700 ὁμολογίανσ
678 1628 944 1698 σωτήριον
970 1628 1026 1682 δέ
1052 1630 1261 1700 χρῆμα,
1293 1631 1387 1683 καὶ
1417 1632 1765 1700 δικαιοσύνης

1882 638 2011 692 dicit
2039 637 2369 707 Scriptura?
2420 641 2592 712 Prope
2613 652 2698 699 est
2726 648 2947 702 verbum
3000 649 3052 703 in
3082 664 3179 707 ore
3237 659 3352 717 tuo,
3396 663 3453 707 et

1883 727 1934 780 in
1968 728 2133 782 corde
2160 738 2273 792 tuo,
2299 733 2424 799 quia
2446 732 2489 785 si
2540 734 2744 789 dixeris
2772 776 2787 800 ,
2846 737 3107 796 Dominus
3151 738 3335 807 Jesus,
3395 752 3453 797 et

1879 818 2177 874 credideris
2222 820 2277 874 in
2322 823 2486 878 corde
2539 832 2632 880 tuo
2713 825 2880 882 Deum
2928 831 3195 886 excitasse
3248 831 3449 887 illuma

1879 911 2125 976 mortuis,
2161 911 2342 968 salvus
2380 915 2511 972 eris.
2551 916 2727 971 Corde
2748 919 2891 973 enim
2930 920 3170 977 creditur
3198 922 3265 976 ad
3293 922 3452 994 justi-

1876 1001 2028 1066 tiam,
2066 1016 2164 1058 ore
2195 1012 2374 1059 autem
2407 1006 2466 1059 ﬁt
2494 1008 2763 1062 confessio
2802 1012 2868 1063 ad
2917 1011 3142 1067 salutem
3163 1014 3232 1069 ⁸⁸.
3262 1034 3283 1068 ι
3343 1016 3453 1070 Δο-

1874 1092 2117 1161 cepimus
2135 1093 2314 1164 itaque
2337 1109 2366 1149 a
2384 1095 2492 1151 Deo
2506 1098 2729 1152 verbum
2754 1098 2877 1154 ﬁdei
2899 1101 3014 1155 sive
3027 1103 3447 1173 confessionem;

1872 1184 2016 1253 quod
2081 1186 2298 1255 quidem
2347 1186 2585 1243 salutare
2615 1198 2720 1253 est,
2770 1200 2825 1244 et
2864 1189 3135 1258 justitiam
3174 1197 3448 1252 conciliat.

1870 1270 2138 1328 Justiticat
2160 1273 2305 1329 enim
2335 1275 2417 1330 sic
2455 1277 2681 1346 impium
2718 1278 2997 1345 Christus,
3026 1283 3117 1351 qui
3174 1291 3233 1338 es
3274 1283 3449 1353 palum

1870 1363 2144 1420 clamitat:
2172 1382 2191 1416 ι
2222 1364 2362 1422 Ecce
2385 1367 2555 1422 delevi
2587 1378 2645 1423 ut
2674 1371 2871 1426 nubem
2894 1372 3208 1442 iniquitates
3228 1386 3368 1440 tuas,
3397 1386 3451 1427 et

1870 1463 1928 1506 ut
1953 1453 2240 1524 caliginem
2281 1470 2500 1527 peccata
2542 1470 2656 1516 tua.
2683 1481 2704 1514 ι
2774 1461 2889 1519 Hoc
2946 1465 3172 1520 verbum
3227 1464 3349 1520 ﬁdei
3395 1468 3446 1519 in

1867 1543 2021 1600 nobis
2036 1546 2142 1600 erit
2168 1554 2447 1618 perpetuo,
2465 1558 2519 1605 et
2544 1551 2611 1607 de
2621 1568 2716 1609 ore
2735 1562 2923 1609 nostro
2950 1569 3057 1609 non
3079 1555 3333 1620 cessabit,
3353 1556 3448 1610 sud

1867 1631 1993 1687 illud
2014 1635 2081 1688 ad
2102 1637 2477 1704 posteritatem
2509 1655 2678 1711 usque
2710 1643 3160 1697 trausmittemns.
3193 1642 3283 1697 Sic
3302 1642 3445 1697 enini

193 1722 478 1793 πρόξενον·
528 1721 725 1775 δικαιοῖ
778 1721 884 1791 γὰρ
928 1719 1070 1773 οὕτω
1102 1721 1195 1774 τὸν
1232 1721 1404 1792 ἀσεϐῆ
1443 1723 1698 1793 Χριστὸς,
1736 1726 1765 1778 ὁ

1874 1720 2302 1784 iustiﬁcabuntur
2315 1736 2369 1783 et
2384 1731 2604 1798 posteri.
2624 1731 2681 1786 Si
2711 1735 2855 1787 enim
2878 1748 3092 1804 semper
3112 1734 3359 1789 Christus
3379 1735 3451 1787 sit

192 1815 289 1865 καὶ
336 1812 504 1867 πάλαι
549 1812 705 1883 βοῶν,
759 1830 777 1863 t
818 1812 949 1865 Ἰδοὺ
978 1812 1255 1884 άπήλειῲα
1301 1814 1376 1878 ὡς
1404 1816 1634 1888 νεφέλην
1661 1816 1761 1880 τὰς

1874 1819 1915 1864 at
1934 1811 2073 1869 Deus
2089 1826 2142 1869 et
2173 1817 2462 1885 Dominus,
2493 1837 2767 1892 nunquam
2794 1825 2998 1879 desinet
3031 1824 3152 1880 ﬁdei
3180 1825 3294 1890 ejus
3315 1840 3448 1880 con~

192 1901 422 1972 ἀνομίας
452 1877 566 1965 σου,
616 1900 713 1955 καὶ
761 1899 837 1964 ὡς
879 1877 1091 1970 γνόφον,
1120 1900 1219 1965 τὰς
1264 1877 1540 1973 ἁμαρτίας
1586 1877 1700 1959 σου.

1874 1904 2029 1960 lessio
2072 1909 2215 1977 apud
2252 1922 2348 1965 eos
2396 1877 2485 1980 qui
2507 1877 2649 1967 illius
2674 1877 3444 1985 apparitionetuagnoverunt.

191 1994 361 2050 Τοῦτο
421 1995 482 2049 τὸ
524 1995 678 2066 ῥῆμα
726 1993 828 2064 τῆς
874 1993 1110 2057 πίστεως
1162 1995 1220 2048 ἐν
1279 1996 1413 2066 ήμίν
1464 1994 1603 2050 ἔστω
1665 1997 1757 2067 (l)
1830 1996 2114 2069 διηνεκῶς,
2163 2001 2256 2055 καὶ¹
2312 2002 2377 2056 ἐκ
2439 2002 2535 2056 τοῦ
2578 2005 2843 2075 στόματος
2924 2007 3080 2078 ήμῶν
3127 2008 3188 2061 οὐ
3238 2009 3450 2061 πεπαύ-

192 2103 363 2140 σεται.
441 2086 891 2159 Παραπέμψομεν
957 2085 1013 2139 δὲ
1065 2086 1194 2140 αὐτὸ
1257 2088 1338 2150 είς
1401 2087 1593 2155 γενεὰς
1661 2089 1884 2156 γενεῶν,
1947 2090 2399 2163 δικαιωθήσονται
2438 2095 2549 2167 γὰρ
2620 2096 2783 2159 οὕτω,
2830 2098 2922 2152 καὶ
2992 2100 3042 2152 oi
3110 2099 3229 2169 μεθ’
3277 2102 3444 2171 ἡμᾶς.

189 2184 253 2236 Et
298 2183 406 2252 γὰρ
434 2182 522 2235 ἀεὶ
547 2181 801 2252 Χριστὸς,
848 2179 941 2235 καὶ
970 2180 1087 2234 ἐστι
1114 2181 1245 2245 Θεὸς
1291 2181 1387 2235 καὶ
1431 2180 1657 2252 Κύριος,
1698 2183 1760 2237 οὐ
1839 2184 2131 2257 καταλήξει
2163 2185 2385 2243 πώποτε
2425 2190 2527 2259 τῆς
2572 2191 2653 2254 τίς
2720 2192 2882 2245 αὐτὸν
2919 2192 3158 2257 πίστεως
3196 2195 3231 2265 ή
3260 2195 3449 2266 ὁμολο-

187 2278 307 2344 γία,
336 2273 488 2343 παρά
517 2275 629 2335 τοῖς
662 2269 996 2339 ἐπεγνωκόσι
1026 2271 1124 2341 τὴν
1150 2271 1472 2339 ἐπιφάνειαν
1506 2271 1695 2326 αὐτοῦ.

258 2362 533 2429 Φωτιζου,
562 2359 839 2430 φωτίζον,
878 2359 1313 2430 Ἰερουσαλὴμ,
1344 2360 1481 2428 ἥκει
1516 2361 1623 2430 γάρ
1646 2376 1762 2416 σου

184 2459 252 2510 τὸ
290 2454 434 2524 φῶς,
463 2452 560 2506 καὶ
591 2451 630 2518 ἠ
665 2449 814 2515 δόξα
842 2448 1064 2517 Κυρίου
1101 2448 1197 2502 ἐπὶ
1228 2447 1304 2501 σὲ
1338 2448 1760 2503 ἀνατέταλκεν.

197 2550 347 2603 Ἰδοὺ
380 2548 491 2616 γὰρ
531 2549 753 2608 σκότος
789 2542 891 2596 καὶ
947 2541 1171 2611 γνόφος
1202 2540 1464 2608 καλύψει
1501 2537 1622 2607 γῆν
1671 2539 1765 2591 ἐπ’

181 2642 334 2707 ἔθνη
360 2655 374 2669 θ
399 2638 501 2692 ἐπὶ
538 2635 608 2689 δέ
631 2651 707 2689 σε
740 2633 1077 2704 φανήσεται
1126 2634 1362 2702 Κύριος,
1392 2632 1490 2687 καὶ
1521 2633 1560 2700 ἡ
1615 2631 1765 2697 δόξα

182 2729 372 2783 αὐτοῦ
416 2727 514 2781 ἐπὶ
536 2726 610 2780 σὲ
636 2723 984 2794 ὀφθήσεται.
1013 2723 1124 2781 Καὶ
1156 2724 1557 2793 πορεύσονται
1582 2723 1762 2787 ,βασι-

181 2820 316 2886 λεῖς
342 2818 423 2885 τῷ
442 2818 590 2888 φωτί
613 2833 753 2883 σου,
777 2816 877 2870 καὶ
897 2815 1042 2883 ἔθνη
1072 2813 1147 2883 τῇ
1183 2812 1559 2883 λαμπρότητί
1587 2828 1722 2867 σου.

270 2911 359 2974 Ὠς
390 2908 638 2978 δοθείσης
668 2906 770 2976 τῆς
821 2904 1154 2974 ἐπαγγελίας
1183 2903 1279 2957 τοῦ
1323 2905 1409 2958 ὅτι
1459 2903 1766 2975 σωθήσεται

185 3002 330 3056 κατὰ
359 3001 581 3072 καιροὺς
602 3000 631 3052 ό
669 2996 902 3067 Ἰσραὴλ,
928 2996 1233 3067 άνασκιρτᾷ
1262 2994 1461 3066 τρόπον
1482 2993 1605 3047 τινὰ
1627 2993 1764 3065 πρὸς

184 3093 452 3163 εὐθυμίαν
501 3092 530 3144 ὁ
586 3089 741 3156 λόγος
799 3089 857 3155 ἐν
903 3087 1111 3151 τούτοις
1152 3087 1286 3158 ήμίν
1323 3087 1353 3139 ὁ
1406 3084 1763 3156 προφητικὺς,

1939 2359 2069 2416 CAP.
2096 2359 2210 2416 LX.
2249 2360 2412 2417 Vens.
2438 2364 2553 2417 1-5.
2574 2363 2910 2435 “luminare,
2943 2366 3264 2439 illuminare,
3284 2373 3441 2429 Jeru.

1868 2451 2031 2507 salem
2058 2465 2079 2505 :
2115 2453 2250 2506 venit
2277 2455 2414 2507 enim
2447 2463 2539 2508 tua
2567 2455 2693 2521 luat,
2727 2468 2774 2511 et
2808 2458 2980 2527 gloria
3015 2460 3226 2518 Domini
3289 2481 3449 2532 super

1883 2554 1931 2598 te
1967 2552 2087 2597 orta
2111 2552 2208 2597 est.
2237 2542 2374 2598 Ecce
2400 2546 2539 2599 enim
2559 2549 2781 2602 tenebra:
2815 2559 2862 2601 et
2890 2550 3060 2620 caligo
3083 2554 3275 2620 aperiet
3337 2564 3446 2610 ter-

1871 2650 1987 2688 ram
2013 2650 2171 2703 super
2201 2645 2395 2704 gentes.
2429 2633 2596 2704 Super
2624 2647 2674 2691 te
2723 2649 2898 2693 autent
2935 2644 3202 2710 apparebit
3257 2644 3444 2703 Doni-

1872 2740 1991 2792 nus,
2010 2735 2057 2779 et
2090 2725 2260 2795 gloria
2287 2726 2401 2795 ejus
2430 2728 2485 2781 in
2517 2736 2567 2780 te
2594 2728 2877 2785 videbitur.
2906 2731 2975 2784 Et
2998 2733 3338 2791 ambulabunt
3363 2753 3446 2793 re-

1873 2832 1961 2887 ges
1994 2816 2050 2870 in
2082 2815 2196 2870 luce
2218 2826 2333 2883 tua,
2366 2826 2416 2871 et
2445 2828 2619 2887 gentes
2642 2820 2698 2873 in
2736 2820 3011 2889 splendore
3036 2833 3146 2879 tuo.

1943 2905 2178 2962 Perinde
2190 2921 2255 2962 ac
2277 2907 2321 2961 si
2352 2909 2659 2976 promissio,
2694 2910 3045 2968 desertando
3065 2914 3192 2969 olim
3212 2912 3435 2984 Israele,

1884 2997 2010 3051 data
2044 3005 2212 3065 esset,
2236 2999 2474 3054 exsultat
2501 3000 2899 3069 quodammodo
2930 3004 3017 3059 bic
3044 3004 3199 3062 nobis
3224 3010 3447 3077 prophe-

1880 3086 1984 3142 tica
2022 3088 2220 3144 oratio.
2255 3087 2391 3144 Nam
2416 3098 2625 3146 tantum
2667 3105 2775 3149 non
2841 3109 3041 3163 magno
3093 3096 3331 3154 clamore
3389 3100 3444 3155 in

187 3184 472 3254 μονονουχὶ
502 3182 609 3252 γὰρ
634 3180 879 3252 μεγάλην
906 3180 1077 3252 αἴρων
1103 3179 1183 3244 είς
1208 3176 1341 3248 ὕψος
1361 3179 1459 3250 τήν
1486 3177 1615 3249 βοὴν
1641 3179 1760 3230 ἐπι-

1874 3178 2036 3233 altum
2095 3179 2329 3247 sublato,
2402 3193 2651 3239 resonat:
2687 3201 2707 3235 ι
2773 3183 3108 3253 llluminare,
3168 3187 3445 3260 inquiens.

186 3275 523 3345 φθέγγεται·
582 3291 602 3324 ι
638 3270 900 3336 Φωτίζου,
959 3269 1221 3337 φωτίζου,
1260 3269 1454 3337 λέγων,
1499 3268 1621 3339 ἣκει
1658 3266 1766 3338 γάρ

188 3386 283 3423 σου
309 3366 372 3421 τὸ
397 3366 532 3435 φῶς.
572 3383 593 3418 s
621 3362 812 3433 Ἀθρει
843 3363 899 3416 δὲ
924 3362 1072 3425 ὅπως
1099 3361 1205 3432 πρό
1225 3377 1289 3429 γε
1308 3360 1417 3413 τῶν
1442 3359 1617 3413 ἄλλων
1654 3360 1767 3422 τοῖς

185 3457 249 3524 ἐξ
287 3456 504 3527 Ἰσραὴλ
532 3452 925 3525 ἐκνεμηθέντος
946 3452 1096 3524 παρὰ
1112 3450 1246 3505 Θεοῦ
1274 3450 1371 3505 τοῦ
1400 3448 1543 3503 θείου
1566 3449 1764 3520 φωτὸς,

182 3549 341 3620 δῆλον
368 3548 426 3602 δέ
454 3548 536 3601 ὅτι
570 3544 666 3599 τοῦ
697 3544 786 3598 eis
810 3542 1071 3615 Χριστοῦ,
1095 3542 1178 3607 τὸ,
1198 3543 1321 3613 ἥκει
1355 3557 1449 3596 σου
1466 3540 1527 3594 τὸ
1562 3539 1698 3610 φῶς,
1738 3543 1767 3594 ὁ

185 3639 474 3711 προφήτης
536 3636 701 3711 φησὶ,
744 3634 1024 3707 μονονουχὶ
1084 3632 1327 3705 παρόντα
1367 3630 1766 3686 καταδεικνύων

184 3733 371 3794 αὐτοῖς
425 3729 517 3781 τὸν
570 3728 741 3781 πάλαι
813 3727 911 3796 μὲν
956 3724 1046 3779 διὰ
1095 3724 1279 3795 νόμου,
1337 3724 1431 3777 καὶ
1471 3720 1769 3795 προφητῶν

186 3820 359 3889 ἁγίων
410 3816 935 3889 προαπηγγελμένον
964 3854 981 3879 ,
1020 3814 1405 3885 ἐπιλάμψαντα
1435 3812 1493 3866 δὲ
1533 3814 1645 3875 τοῖς
1672 3810 1767 3864 ἐπὶ

187 3912 291 3982 γῆς
337 3911 395 3963 ἐν
440 3908 690 3979 ἐσχάτοις
719 3906 813 3959 τοῦ
860 3906 1056 3968 αἰῶνος
1093 3905 1301 3975 καιροῖς
1356 3901 1493 3973 μετά
1543 3900 1761 3972 σαρκός.

185 4003 355 4069 Δόξαν
382 4002 441 4055 δέ
469 4002 675 4072 Κυρίου
700 3998 791 4051 τὸν
817 3996 1146 4065 ἐπιφανέντα
1163 3994 1349 4065 φησιν,
1373 3990 1613 4047 ἀνέτειλε
1634 3989 1764 4061 γὰρ,

185 4089 274 4148 οἷά
314 4109 400 4155 τις
420 4090 570 4161 ἥλιος
598 4090 626 4142 ὁ
655 4088 887 4158 Χριστὸς
913 4085 1051 4155 φωτὶ
1077 4083 1155 4155 τῷ
1190 4083 1317 4154 θείῳ
1350 4082 1444 4136 ml
1469 4080 1646 4153 νοητῷ
1670 4096 1768 4134 πει

191 4183 579 4259 ριαστράπτων
608 4179 679 4233 τὰ
710 4178 1024 4248 σύμπαντα,
1051 4176 1148 4229 καὶ
1167 4175 1266 4245 τῆς
1291 4171 1525 4244 ἀληθοῦς
1545 4171 1769 4238 θεογνω-

189 4278 311 4340 σίας
342 4274 552 4336 καθιεὶς
575 4272 673 4343 τὴν
700 4269 893 4339 αἴγλην
924 4270 1036 4331 τοῖς
1059 4263 1421 4335 ἐτοιμοτέροις
1452 4264 1531 4324 είς
1562 4261 1761 4315 πίστιν.

192 4368 350 4421 Ἐστι
371 4365 428 4419 δέ
452 4365 548 4417 καὶ
560 4362 686 4429 δόξα
704 4360 799 4415 τοῦ
819 4357 976 4422 Θεοῦ,
993 4356 1088 4411 καὶ
1113 4354 1341 4426 Πατρός.
1361 4355 1447 4408 Ἐν
1471 4352 1619 4423 αὐτῷ
1637 4351 1764 4421 γὰρ,

188 4458 284 4510 καὶ
317 4454 387 4508 δι’
422 4450 610 4517 αὐτοῦ,
634 4450 727 4505 καὶ
768 4450 862 4502 σὺν
891 4445 1041 4516 αὐτῷ
1068 4444 1368 4509 δοξάζεται.
1401 4442 1691 4511 Ζωγραφεῖ
1712 4440 1768 4493 δέ

1872 3268 2175 3326 iluminare
2203 3284 2218 3325 :
2246 3272 2394 3326 venit
2445 3273 2587 3327 enim
2640 3283 2732 3327 tua
2765 3273 2877 3330 lux.
2913 3293 2934 3329 ι
2964 3275 3201 3334 Observa
3260 3289 3445 3338 autem

1870 3372 1981 3427 pra:
2009 3358 2154 3423 aliis,
2184 3359 2311 3414 data
2339 3359 2601 3415 lsraelitis
2647 3376 2679 3415 ι
2731 3360 2847 3419 Deo
2894 3364 3077 3421 divina
3147 3366 3288 3434 luce,
3349 3384 3450 3439 per

1873 3448 2150 3503 Christum
2182 3449 2462 3516 videlicet,
2497 3452 2818 3522 prephctam
2877 3455 3093 3512 dicere:
3150 3456 3311 3516 Venit
3357 3469 3449 3516 tua

1868 3538 2231 3605 lux,~tantum
2264 3556 2373 3597 non
2402 3553 2723 3611 prementem
2767 3557 2891 3601 esse
2945 3548 3240 3606 ostendens
3295 3564 3446 3616 eum,

1871 3632 1962 3700 qui
1993 3631 2123 3686 olim
2152 3632 2206 3686 in
2229 3631 2349 3703 lege
2380 3643 2436 3688 et
2470 3649 2500 3688 a
2527 3635 2734 3690 sanctis
2759 3637 3039 3705 prophetis
3056 3642 3450 3709 praenuntiatus

1870 3731 1979 3786 est,
2020 3722 2223 3791 quique
2258 3722 2310 3776 in
2339 3737 2506 3777 carne
2528 3727 2820 3792 postremis
2874 3726 3060 3782 saeculi
3118 3732 3451 3798 temporibus

1869 3812 2043 3866 illuxit
2071 3811 2409 3867 mortalibus.
2433 3813 2707 3883 Vocatque
2736 3829 2858 3869 eum
2913 3817 3003 3886 qui
3030 3820 3303 3889 apparuit,
3344 3823 3452 3894 glo-

1869 3903 2005 3958 riam
2051 3902 2288 3959 Domini.
2312 3902 2477 3960 Ortus
2502 3902 2646 3959 enim
2676 3915 2758 3960 est
2780 3906 3031 3963 Christus
3060 3919 3319 3981 tanquam
3368 3916 3448 3970 sol

1871 3993 2236 4063 quidam,luce
2252 3993 2429 4049 divina
2449 4009 2514 4049 ac
2536 3995 2900 4066 intelligentia:
2911 3998 3448 4070 collustransomnia,

1871 4094 1926 4140 et
1950 4100 2093 4141 verae
2130 4084 2223 4140 Dei
2254 4086 2589 4157 cognitionis
2638 4088 2979 4159 splendorem
3020 4095 3448 4163 promptioribus

1869 4176 1938 4230 ad
1974 4177 2133 4231 ﬁdem
2196 4178 2626 4248 amplectendam
2676 4180 2999 4240 immittens.
3029 4184 3232 4255 Estque
3280 4188 3450 4257 gloria

1873 4267 1967 4322 Dei
1997 4280 2055 4324 et
2082 4267 2279 4325 Patris.
2312 4270 2367 4324 ln
2399 4271 2516 4342 ipso
2536 4271 2675 4326 enim
2711 4283 2767 4328 et
2795 4288 2890 4343 per
2918 4274 3092 4344 ipsum
3111 4287 3164 4332 et
3193 4293 3317 4333 eum
3335 4279 3453 4349 ipso

1869 4359 2223 4429 gloriﬁcatur.
2265 4361 2640 4432 Representat
2675 4365 2820 4420 enim
2864 4374 3118 4436 tanquam
3160 4368 3213 4422 in
3234 4370 3452 4442 propria

1876 4461 2066 4505 natura
2113 4465 2233 4505 eum
2270 4454 2361 4520 qui
2398 4452 2573 4522 ipsum
2621 4455 2851 4525 peperit.
2884 4455 2950 4510 Et
2988 4467 3257 4527 quatenus
3300 4459 3453 4515 novi-

185 4546 383 4615 ῶσπερ
405 4546 462 4597 ἐν
489 4542 596 4614 ἰδίᾳ
625 4539 785 4610 φύσει
816 4537 908 4591 τὸν
937 4536 1164 4590 τεκόντα
1185 4533 1366 4587 αὐτόν.
1402 4532 1512 4585 Καὶ
1545 4531 1769 4601 ἐπείπερ

1880 4558 1997 4596 tuus
2016 4540 2674 4613 Filium,contemplamur
2687 4547 2851 4600 etiam
2884 4547 3167 4617 peripsum
3185 4556 3242 4604 et
3268 4549 3319 4604 in
3334 4550 3452 4621 ipso

188 4635 515 4704 ἐγνώκαμεν
545 4633 632 4685 τὸν
667 4629 816 4694 Υἱὸν,
848 4627 1154 4698 τεθεάμεθα
1184 4626 1243 4679 δέ
1288 4623 1356 4678 δι’
1390 4622 1557 4677 αὐτοῦ
1592 4638 1650 4676 τε
1678 4622 1772 4675 καὶ

190 4732 249 4782 ἐν
276 4726 426 4797 αὐτῷ
457 4726 556 4797 τὴν
590 4720 983 4795 μεγαλειότητα
1011 4717 1106 4773 τοῦ
1128 4716 1361 4787 Πατρὸς,
1396 4716 1488 4768 καὶ
1512 4713 1607 4783 τὴν
1632 4715 1774 4767 ἀπα-ι

192 4818 463 4890 ράϐλητον
485 4815 663 4880 δόξαν,
698 4815 794 4869 καὶ
821 4812 929 4866 τῶν
959 4808 1280 4881 θεοπρεπῶν
1319 4807 1644 4877 ἀξιωμάτων
1676 4806 1775 4878 τὴν

191 4907 493 4978 ὑπεροχήν.
535 4905 646 4958 Καὶ
703 4903 833 4972 γοῦν
877 4902 980 4972 ἔφη
1036 4917 1136 4953 που
1170 4896 1456 4970 ,Χριστόςο
1508 4917 1526 4948 ι
1565 4897 1769 4969 Πάτερ,

188 4997 417 5063 δόξασόν
441 5013 532 5050 σου
564 4995 655 5050 τὸν
682 4995 828 5057 Υίδν,
858 4992 944 5046 ἵνα
974 4991 1067 5046 καὶ
1087 4992 1115 5044 ὁ
1143 4989 1268 5052 Υἱός
1299 5005 1391 5043 σου
1417 4987 1616 5059 δοξάσῃ
1654 5004 1765 5041 σε.)

196 5088 378 5161 Ὠφθη
412 5088 589 5143 τοίνυν
621 5088 827 5157 ἐνήμῖν
866 5087 901 5157 ή
936 5083 1062 5148 δόξα
1089 5082 1183 5137 τοῦ
1220 5080 1357 5135 Θεοῦ
1402 5080 1495 5134 καὶ
1539 5080 1775 5152 Πατρὸς,

192 5175 316 5232 εἶτα
342 5179 452 5232 τῶν
480 5177 659 5232 ἄλλων
685 5175 944 5230 ἁπάντων
992 5171 1160 5226 ἐθνῶν
1190 5169 1491 5242 ἀποκρίνας
1529 5170 1620 5223 τὸν
1671 5171 1775 5224 Ἰσ-

198 5271 362 5343 ραὴλ,
411 5270 486 5335 ὡς
534 5270 827 5342 ἐξαιρέτως
881 5267 1242 5339 τετιμημένον
1287 5266 1440 5336 παρὰ
1490 5263 1645 5327 Θεοῦ,
1683 5264 1779 5319 καὶ

195 5364 399 5434 κλῆρον
425 5362 555 5416 ὄντα
582 5361 769 5427 αὑτοῦ,
807 5359 1163 5431 προσεπάγει,
1203 5359 1300 5414 καὶ
1341 5357 1503 5427 φησίν
1527 5372 1539 5385 ·
1582 5375 1601 5409 ι
1642 5356 1774 5411 Ἰδοὺ

198 5456 396 5518 σκότος
446 5455 541 5509 καὶ
572 5454 769 5523 γνόφος
808 5451 1033 5522 καλύψει
1065 5451 1169 5523 γῆν
1206 5450 1294 5504 ἐπ’
1322 5449 1469 5519 ῐθνη,
1504 5449 1597 5503 ἐπὶ
1626 5447 1772 5502 δέοι

270 5629 319 5664 ⁸⁸
349 5628 508 5687 Rom.
546 5646 602 5695 ι,
634 5627 786 5684 640.
864 5628 910 5659 ³⁸
948 5627 1103 5682 Joan.
1140 5639 1273 5688 rvu,
1308 5622 1361 5677 l.

273 5806 354 5875 (ί)
389 5803 599 5859 Humfr.
631 5803 804 5855 ἐσται.

565 5898 839 5957 Ρλτιιοι..
887 5897 1002 5958 (in.
1054 5894 1249 5954 LXX.

1879 4632 2056 4688 Patris
2076 4633 2530 4702 magniﬁcentiam
2560 4643 2619 4690 et
2640 4635 3118 4707 incomparabilem
3148 4639 3317 4712 849
3336 4639 3452 4711 glo-

1881 4723 2052 4788 riam,
2088 4732 2142 4778 et
2167 4723 2363 4777 divina:
2396 4724 2736 4782 auctoritatis
2767 4727 3155 4798 dignitatisque
3184 4740 3450 4800 prastat:-

1880 4815 2032 4868 tiam.
2049 4813 2325 4883 Siquidem
2346 4813 2592 4871 Christus
2607 4816 2801 4872 alicubi
2819 4819 2992 4875 dixit:
3025 4837 3047 4868 ι
3077 4819 3258 4885 Pater,
3283 4821 3454 4892 glori-

1879 4902 1978 4957 ﬁca
2007 4912 2154 4957 tuum
2176 4902 2391 4970 Filium,
2420 4914 2479 4959 ut
2499 4905 2665 4962 Filius
2685 4914 2807 4963 tuus
2826 4908 3093 4978 gloriﬁcet
3119 4918 3172 4965 te
3194 4910 3299 4965 “.s
3327 4910 3449 4965 Visa

1880 5002 1966 5051 est
1988 4995 2171 5064 itaque
2194 4996 2247 5050 in
2272 4996 2605 5067 nobisgloria
2621 4997 2711 5053 Del
2727 5009 2781 5054 et
2804 4997 3004 5055 Patris.
3028 4999 3233 5057 Deinde
3259 5014 3450 5073 segre-

1882 5095 2008 5159 gato
2037 5088 2105 5142 ab
2136 5087 2257 5143 aliis
2283 5091 2535 5159 gentibus
2559 5091 2810 5147 omnibus
2838 5091 3059 5159 lsraele,
3088 5101 3147 5148 ut
3179 5093 3385 5148 eximie
3409 5107 3440 5148 s

1885 5179 1996 5233 Deo
2025 5179 2077 5233 in
2113 5179 2317 5235 honore
2361 5196 2425 5236 ac
2469 5183 2643 5253 pretio
2674 5183 2882 5248 habito,
2928 5193 3098 5254 utque
3124 5184 3245 5256 ejus
3300 5192 3454 5241 sorte

1880 5283 1943 5324 ac
1965 5269 2298 5335 haereditate,
2313 5287 2475 5342 porro
2506 5274 2747 5339 addit,et
2784 5274 2976 5344 inquit:
3017 5274 3189 5331 «Ecce
3216 5273 3453 5330 tenebras

1877 5369 1932 5414 et
1987 5360 2160 5430 caligo
2220 5362 2467 5431 operient
2529 5374 2726 5419 terram
2768 5374 3174 5435 supergentes;
3208 5376 3372 5435 super
3402 5372 3455 5417 te

1878 5459 2056 5506 autem
2080 5450 2361 5520 apparebit
2387 5453 2667 5512 Dominus.
2691 5452 2801 5512 Nec
2819 5456 2935 5513 haec
2954 5456 3108 5524 dicit,
3125 5452 3452 5526 quasl_Cbrl--

2986 5888 3063 5952 42
