4140 6488
238 419 369 476 I325

1336 414 1403 471 IN
1441 414 1677 473 ISAIAM
1718 414 1849 472 LIB.
1893 415 1957 471 ν.
1999 412 2236 471 TOMUS
2271 412 2361 470 ιν.

234 552 344 603 γος.
385 526 808 600 Εὐαγγελίζεται
836 527 942 597 γὰρ
974 525 1067 579 καὶ
1102 523 1199 596 τὴν
1241 525 1349 578 τῶν
1382 526 1549 579 ἐθνῶν
1590 526 1802 596 κλῆσιν,

1914 527 2002 582 ιίο.
2039 520 2400 594 Evangelizat
2438 519 2583 576 enim
2614 518 2853 590 gentium
2880 517 3244 585 vocationem,
3273 525 3329 575 et
3355 516 3488 575 duo-

235 628 322 678 καὶ
350 622 460 675 τῶν
487 620 580 673 δύο
606 618 750 673 λαῶν
778 616 875 688 τὴν
894 615 1087 670 ἒνωσιν
1108 616 1166 671 ἐν
1191 615 1433 687 Χριστῷ,
1460 616 1555 669 καὶ
1588 618 1686 687 τῆς
1710 614 1803 669 τοῦ

233 716 392 785 νόμου
418 713 585 784 ,σκιᾶς
614 711 712 780 τὴν
749 708 1050 780 μεταϐολὴν
1092 709 1171 771 είς
1215 707 1469 778 λατρείαν
1517 722 1810 777 πνευματι·

235 808 350 875 κήν.
384 804 570 858 Πάντα
601 802 708 871 γὰρ
768 801 825 853 ὲν
854 798 1071 871 Χριστῷ
1124 792 1319 861 καινὰ,
1345 798 1437 851 καὶ
1490 797 1562 851 τὰ
1609 798 1809 867 ἀρχαῖα

235 891 524 960 παρῆλθεν,
561 888 743 942 ἔκτισε
775 888 830 940 δὲ
878 887 1042 950 αὐτὸς
1089 888 1214 949 τοὺς
1239 884 1332 939 δύο
1375 886 1537 949 λαοὺς
1587 887 1667 948 είς
1712 886 1812 940 ἕνα

234 982 410 1035 καινὸν
442 981 749 1052 ἄνθρωπον,
783 978 951 1031 ποιῶν
977 979 1199 1047 εἰρήνην
1223 1018 1238 1042 ,
1271 978 1366 1031 καὶ
1394 977 1810 1031 ἀποκαταλλάσ-

236 1090 336 1127 σων
366 1075 491 1136 τοὺς
512 1071 853 1142 ἀμφοτέρους
872 1070 928 1122 ὲν
951 1070 1030 1122 ἑνὶ
1054 1068 1265 1138 σώματι
1290 1067 1425 1137 πρὸς
1445 1068 1536 1121 τὸν
1567 1068 1806 1139 Πατέρα.

236 1167 446 1220 Τούτων
472 1166 727 1219 ἁπάντων
759 1164 993 1216 ποιεῖται
1024 1161 1123 1232 τὴν
1158 1160 1581 1231 προαγόρευσιν,
1623 1161 1719 1213 καὶ
1743 1160 1807 1231 δή

237 1273 362 1325 φησι
416 1256 553 1326 πρὸς
590 1254 688 1325 τὴν
725 1254 919 1324 νοητὴν
959 1253 1315 1325 Ἰερουσαλὴμ
1340 1294 1355 1319 ,
1406 1253 1654 1307 τουτέστι
1713 1254 1812 1325 τὴν

248 1345 584 1416 Ἐκκλησίαν,
618 1346 716 1415 τήν
753 1344 847 1398 ἀπ’
872 1345 1047 1415 ἀρχῆς
1094 1346 1368 1399 συστᾶσαν
1408 1345 1468 1412 ἐξ
1519 1345 1807 1400 Ἰουδαίων·

238 1439 438 1507 πρῶτοι
464 1438 573 1508 γὰρ
601 1438 752 1491 αὐτοὶ
778 1437 1227 1491 πεπιστεύκασιν·
1258 1456 1277 1489 ι
1300 1432 1472 1507 Ἀρον
1487 1437 1672 1507 κύκλῳ
1686 1438 1811 1501 τοὺς

237 1528 540 1599 ὀφθαλμούς
580 1545 696 1592 σου,
752 1528 844 1581 καὶ
902 1527 979 1580 ῐδε
1014 1526 1331 1598 συνηγμένα
1376 1525 1447 1579 τά
1485 1526 1653 1580 τέκνα
1692 1544 1810 1581 σου.

249 1622 373 1674 Ἰδοὺ
421 1621 529 1692 γὰρ
559 1622 724 1691 ήκασι
771 1618 970 1682 πάντες
1004 1618 1107 1671 υίοί
1154 1636 1246 1672 σου
1291 1617 1584 1689 μακρόθεν,
1633 1618 1728 1671 καὶ
1755 1618 1811 1670 αἱ

239 1712 530 1782 Θυγατέρες
580 1729 671 1764 σου
701 1712 787 1764 ἐπ’
817 1709 979 1781 ὤμων
1008 1710 1357 1781 ἀρθήσονται.
1407 1727 1425 1761 ι
1485 1710 1573 1772 Ὠς
1610 1707 1718 1779 γὰρ
1748 1710 1813 1761 ὲκ

239 1805 436 1869 παντὸς
466 1804 649 1866 ἔθνους
662 1820 722 1856 τε
755 1804 845 1857 καὶ
862 1802 1046 1874 χώρας
1078 1802 1427 1870 συλλέγοντος
1446 1803 1571 1864 τοὺς
1592 1798 1815 1851 πιστεύ-

1910 632 2026 671 rum
2059 614 2376 685 populorum
2408 613 2459 667 in
2495 611 2712 667 Christo
2742 610 3022 675 unionem,
3055 618 3108 665 et
3134 607 3321 680 legalis
3368 626 3487 666 um-

1908 709 2019 763 bra:
2058 707 2111 761 in
2138 704 2470 775 spiritualem
2491 702 2693 759 cultum
2724 702 3097 756 mutationem.
3132 699 3322 757 Omnia
3342 702 3491 757 enim

1910 796 1961 851 in
1985 795 2202 852 Christo
2224 809 2383 861 nova,
2412 802 2468 848 et
2530 801 2713 849 vetera
2754 791 3166 861 praeterierunt;
3222 791 3490 847 condidit-

1908 902 2015 959 que
2042 887 2178 943 duos
2206 884 2324 941 illos
2358 884 2584 955 populos
2610 883 2664 937 in
2696 896 2860 936 unum
2924 898 3123 937 novum
3186 881 3487 946 hominem,

1910 992 2102 1034 creans
2137 990 2341 1044 pacem,
2373 984 2427 1029 et
2452 973 2809 1030 reconcilians
2841 973 3031 1028 ambos
3094 973 3146 1026 in
3202 988 3311 1026 uno
3366 988 3488 1027 cor-

1910 1082 2061 1136 pore,
2100 1065 2239 1136 apud
2268 1065 2505 1119 Patrem.
2546 1062 2747 1117 Ilorum
2777 1062 3019 1116 omnium
3088 1062 3485 1131 praedictionem

1911 1159 2057 1223 facit,
2087 1166 2141 1212 et
2179 1154 2566 1226 intelligibilem
2598 1152 2920 1218 Jerusalem,
2948 1153 2997 1206 id
3047 1161 3132 1207 est
3168 1154 3484 1217 Ecclesiam,

1910 1249 1978 1305 ab
2007 1250 2160 1305 initio
2201 1263 2264 1303 ex
2301 1245 2503 1302 Iudaeis
2529 1244 2876 1300 constitutam
2933 1236 3265 1311 alloquitur:
3327 1243 3485 1314 primi

1910 1341 2053 1396 enim
2090 1339 2162 1394 illi
2194 1338 2572 1394 crediderunt:
2623 1353 2642 1387 ι
2700 1333 2842 1389 Leva
2906 1334 2960 1390 in
3008 1334 3238 1389 circuitu
3302 1333 3488 1388 oculos

1913 1446 2052 1498 tuos,
2078 1441 2131 1487 et
2156 1432 2276 1487 vide
2309 1440 2665 1501 congregatos
2711 1416 2912 1486 liberos
2957 1437 3102 1484 tuos.
3150 1427 3293 1482 Ecce
3343 1425 3486 1480 enim

1911 1522 2137 1576 veniunt
2166 1535 2356 1576 omnes
2384 1520 2476 1574 lilii
2524 1518 2598 1574 tui
2635 1534 2667 1575 e
2722 1520 3035 1590 longinquo,
3086 1526 3140 1573 et
3201 1517 3321 1572 lilia:
3385 1525 3489 1571 tua:

1913 1612 1964 1667 in
1994 1611 2236 1665 humeris
2275 1610 2549 1665 tollentur.
2585 1628 2605 1662 ι
2655 1608 2867 1664 Ail'atur
2896 1609 3041 1664 enim
3075 1608 3158 1662 his
3191 1607 3371 1664 verbis
3393 1620 3490 1661 eos

1912 1704 2001 1775 qui
2032 1718 2099 1758 ex
2127 1702 2272 1758 omni
2311 1712 2469 1772 gente
2526 1709 2581 1756 et
2610 1700 2826 1771 regione
2855 1698 3062 1754 collecti
3118 1698 3488 1760 crediderunt.

1915 1794 2229 1860 Ecclesiam,
2270 1793 2513 1863 inquam,
2564 1792 2742 1846 divina
2774 1800 2829 1845 et
2851 1789 3158 1859 evangelica
3220 1788 3486 1860 praedica-

241 1861 455 1959 σαντας,
490 1894 584 1947 τοῦ
616 1861 760 1946 θείου
805 1861 900 1945 καί
934 1861 1291 1960 εὐαγγελικοῦ
1332 1861 1685 1962 κηρύγματος
1717 1905 1813 1941 σα-

1916 1886 2060 1941 tione
2112 1885 2298 1940 orbem
2355 1893 2624 1939 terrarum
2659 1882 2963 1947 irretienle,
2997 1889 3053 1936 et
3100 1888 3357 1951 tanquam
3417 1878 3488 1934 ad

239 1987 552 2055 γηνεύοντος
600 1985 700 2056 τὴν
746 1984 837 2037 ὑπ’
869 1981 1117 2055 οὐρανὸν,
1150 1983 1245 2035 καὶ
1291 1982 1366 2045 ὼς
1395 1980 1475 2043 είς
1503 1998 1625 2033 τινα
1658 1979 1812 2033 πόλιν

237 2077 642 2150 εύπυργοτάτην
685 2076 988 2145 ἀποφοιτᾷν
1038 2072 1426 2134 ἀναπείθοντος
1479 2071 1559 2134 είς
1600 2071 1700 2140 τήν
1724 2068 1813 2137 διά

239 2171 471 2233 πίστεως
518 2168 677 2238 χάριν
704 2206 718 2227 ,
774 2167 941 2236 ήγουν
970 2165 1049 2227 είς
1091 2163 1191 2234 τὴν
1223 2162 1333 2216 τῶν
1386 2161 1555 2231 ἁγίων
1585 2159 1810 2231 τροφὴν,

240 2265 377 2333 φημὶ
411 2262 477 2334 δὴ
512 2261 609 2332 τὴν
654 2257 1002 2329 Ἐκκλησίαν,
1035 2257 1104 2310 τά
1140 2255 1317 2310 τοιάδε
1358 2253 1511 2323 φησὶ,
1558 2251 1811 2324 καθάπερ

238 2355 445 2425 ἀμέλει,
463 2354 553 2407 καὶ
570 2351 795 2423 ἑτέρωθί
813 2366 935 2403 που·
970 2368 989 2400 ι
1003 2348 1196 2401 Ἔσται
1218 2345 1345 2415 γάρ,
1363 2344 1548 2415 φησὶν,
1565 2343 1624 2395 ἐν
1646 2341 1811 2412 ἐσχά-⁸

237 2464 355 2510 ταις
385 2445 623 2515 ἡμέραις
653 2441 891 2512 ὲμφανὲς
912 2438 975 2492 τὸ
1003 2438 1126 2509 ὅρος
1156 2435 1363 2508 Κυρίου
1386 2473 1402 2498 ,
1449 2434 1665 2502 ἕτοιμον
1721 2432 1815 2485 ἐπὶ

237 2538 333 2601 τὰς
368 2535 611 2607 κορυφὰς
638 2533 745 2586 τῶν
767 2532 959 2602 ὀρέων,
1000 2530 1094 2582 καὶ
1119 2524 1613 2599 μετεωρισθήσεται
1646 2523 1815 2594 ὑπερ-

239 2632 352 2687 άνω
379 2628 485 2683 τῶν
514 2626 735 2698 βουνῶν,
774 2623 866 2677 καὶ
914 2621 1137 2693 ἥξουσιν
1168 2621 1248 2683 είς
1280 2617 1413 2672 αὐτὸ
1447 2615 1572 2688 ἔθνη
1620 2613 1809 2677 πολλὰ,

238 2723 333 2778 καὶ
354 2720 559 2793 ἐροῦσι·
596 2718 782 2784 Δεῦτε,
813 2714 1104 2786 ἀναδῶμεν
1131 2712 1212 2775 είς
1236 2710 1298 2763 τὸ
1326 2710 1450 2781 δρος
1470 2707 1696 2779 Κυρίου,
1719 2705 1815 2763 καὶ

238 2819 319 2880 είς
344 2815 435 2868 τὸν
465 2809 611 2867 οἶκον
640 2810 733 2864 τοῦ
772 2808 907 2861 Θεοῦ
953 2803 1171 2867 Ἰακὼϐ,
1215 2804 1311 2856 καὶ
1354 2799 1647 2870 ἀναγγελεῖ
1683 2799 1813 2869 ἡμῖν

234 2907 335 2979 τὴν
366 2906 481 2961 ὁδὸν
509 2902 692 2957 αὐτοῦ.
738 2901 846 2954 Καὶ
878 2894 1257 2969 πορευσόμεθα
1287 2896 1344 2946 ὲν
1383 2892 1544 2962 αὐτῇ.
1585 2909 1604 2943 ι
1640 2890 1816 2943 Τέκνα

235 3001 300 3072 δὴ
333 3000 430 3070 τῆς
467 2993 821 3067 Ἰερουσαλὴμ
851 2991 972 3061 οὐχὶ
1004 2988 1154 3060 μόνοι
1183 2986 1421 3054 λέγοιντο
1459 2983 1525 3037 ἂν
1548 2982 1597 3036 οί
1636 2981 1694 3048 EE
1730 2980 1817 3033 αἴο

241 3070 407 3160 ματος
458 3087 691 3159 Ἰσραὴλ,
727 3084 861 3139 ἀλλά
886 3081 994 3153 γὰρ
1026 3080 1120 3133 καὶ
1155 3078 1392 3138 ἅπαντες
1436 3074 1488 3127 οί
1522 3076 1585 3127 ὲκ
1616 3070 1816 3137 παντὸς

237 3184 445 3246 ἔθνους,
470 3181 563 3234 καὶ
584 3176 765 3249 χώρας
802 3172 1127 3244 κεκλημένοι
1149 3168 1239 3224 διά
1274 3168 1508 3229 πίστεως
1525 3166 1605 3227 είς
1628 3163 1688 3216 τὸ
1717 3163 1816 3230 τῆς
1841 3194 1885 3255 c

236 3274 495 3344 ἀληθείας
519 3271 653 3340 φῶς.
694 3270 782 3332 Ὠς
812 3266 919 3336 γὰρ
945 3266 974 3318 ὁ
1013 3264 1285 3331 πάνσοφος
1330 3258 1530 3328 γράφει
1559 3255 1768 3317 Παῦλος
1796 3294 1811 3320 ,

244 3385 261 3415 ι
298 3343 374 3417 Οὐ
422 3362 620 3423 πάντες
666 3359 714 3411 οἱ
763 3355 823 3421 ἐξ
862 3351 1098 3425 Ἰσραὴλ,
1133 3343 1277 3404 οὗτοι
1332 3347 1567 3420 Ἰσραήλ,
1590 3345 1698 3399 οὐδ’
1730 3346 1812 3400 ὅτι

235 3452 347 3507 είσὶ
378 3451 596 3519 σπέρμα
626 3444 897 3516 Ἀϐραὰμ,
951 3440 1151 3504 πάντες
1185 3439 1369 3504 τέκνα,
1393 3435 1529 3491 ἀλλὰ
1552 3435 1620 3489 τὰ
1648 3434 1813 3489 τέκνα

236 3546 339 3615 τῆς
368 3538 700 3608 ἐπαγγελίας
743 3532 1016 3604 λογίζεται
1041 3533 1121 3596 εἰς
1150 3531 1393 3602 σπέρμα.
1440 3547 1459 3580 ›
1496 3526 1812 3615 Εῐρηταιᾼδὲ

240 3613 394 3705 παρά
411 3629 542 3684 Θεοῦ
564 3626 699 3698 πρὸς
726 3624 816 3679 τὸν
835 3621 1115 3677 θεσπέσιον
1150 3617 1418 3688 Ἀϐραὰμ,
1437 3616 1518 3670 ὃτι
1544 3633 1562 3667 ι
1593 3613 1814 3684 Πατέρα

238 3701 449 3779 πολλῶν
476 3717 641 3774 ἐθνῶν
665 3712 885 3770 τέθεικά
916 3728 995 3765 σε.
1026 3728 1046 3763 s
1079 3706 1291 3763 Οὐκοῦν
1324 3706 1398 3770 ὡς
1432 3705 1532 3776 ήδη
1574 3701 1812 3773 πληθύος

240 3808 724 3883 συναγηγερμένης
757 3805 817 3870 ἐξ
859 3802 1047 3867 ἐθνῶν,
1093 3798 1186 3853 καὶ
1238 3794 1650 3868 προσκυνούσης
1679 3794 1813 3865 Χρι-

239 3905 374 3977 στῷ·
414 3900 600 3974 Ἀρον,
624 3899 776 3970 φησὶ,
803 3896 990 3967 κύκλῳ
1017 3892 1143 3957 τοὺς
1176 3886 1485 3960 ὀφθαλμούς
1518 3903 1632 3949 σου,
1654 3901 1812 3938 τουτ-

238 4001 409 4061 έστιν,
442 3996 658 4050 ἃπασαν
680 3988 965 4060 πριάθρει
985 3985 1082 4057 τὴν
1103 3980 1447 4051 οἰκουμένην,
1479 3978 1571 4031 καὶ
1600 3979 1664 4031 ὲκ
1688 3991 1815 4030 παν-

236 4090 332 4153 τὸς
370 4086 565 4158 μέρους
592 4082 762 4151 αὐτῆς
782 4079 901 4150 δψει
926 4076 1187 4149 τρέχοντα
1203 4072 1340 4145 πρὸς
1371 4070 1431 4125 σὲ
1454 4069 1523 4124 τὰ
1546 4069 1615 4122 σὰ
1625 4068 1811 4158 τέκνα,

234 4155 514 4253 ἥξουσιδὲ
546 4173 719 4227 καίτοι
759 4167 975 4242 μακρὰν
1005 4166 1155 4229 ὄντες
1204 4158 1646 4253 ποτὲρμακράν-
1664 4155 1810 4253 δὲ-ού

234 4246 504 4331 τοπικῶς,
527 4262 661 4320 ἀλλά
688 4260 830 4315 κατά
868 4257 1128 4329 γνώμην..
1166 4253 1261 4309 καὶ
1291 4250 1530 4306 διάθεσιν
1557 4246 1669 4302 νοῦ.
1703 4246 1814 4301 Καὶ

235 4361 371 4434 γοῦν
404 4360 509 4428 ἔφη
535 4373 618 4419 τις
645 4353 752 4407 τῶν
790 4349 959 4419 ἁγίων
983 4342 1277 4419 προφητῶν
1301 4342 1412 4434 τοῖς
1437 4335 1813 4434 ἀποδραμοῦσι

234 4427 335 4508 τοῦ
354 4427 547 4507 ειδέναι
564 4448 653 4501 τὸν
673 4443 831 4514 φύσει
861 4456 919 4493 τε
949 4437 1041 4492 καὶ
1059 4434 1275 4505 ἀληθῶς
1301 4432 1429 4485 ὄντα
1446 4428 1600 4484 Θεόν·
1627 4447 1645 4480 ‹
1666 4427 1815 4497 Μνή-

238 4546 426 4616 σθητε,
439 4543 489 4595 οἱ
510 4538 726 4611 μακρὰν
741 4529 832 4586 τοῦ
847 4528 1069 4600 Κυρίου.
1088 4525 1182 4581 καὶ
1196 4519 1550 4595 Ἰερουσαλὴμ
1562 4518 1813 4616 ἀναϐήτω
1844 4541 1890 4597 ι)

237 4608 343 4691 ἐπί
362 4608 461 4705 τήν
494 4608 718 4702 καρδίαν
747 4622 919 4696 ὑμῶν.
946 4640 965 4674 ι
1003 4618 1252 4688 Γέγραφε
1284 4614 1341 4705 δὲ
1374 4611 1522 4705 mre
1544 4608 1817 4705 πάνσοφος

238 4700 457 4788 Παῦλος
490 4700 616 4791 περὶ
662 4711 928 4789 Χριστοῦ,
976 4711 1056 4764 ὅτι
1107 4725 1125 4760 ι
1188 4704 1386 4759 Ἐλθὼν
1429 4700 1817 4773 εὐηγγελίσατο

236 4819 466 4888 εἰρήνην
480 4815 589 4873 τοῖς
626 4805 861 4880 μακρὰν,
888 4802 987 4857 καὶ⁵
1016 4801 1124 4863 τοῖς
1145 4795 1327 4866 ἐγγύς.
1352 4814 1370 4849 ›
1408 4792 1737 4848 Ἐπιστέλλει
1759 4791 1816 4846 δὲ

235 4883 336 4961 καὶ
352 4883 461 4969 τοῖς
479 4902 538 4968 ἐξ
556 4899 742 4955 ἐθνῶν·
778 4916 795 4949 ι
820 4888 1286 4965 Διαμνημονεύετε
1314 4887 1472 4957 ὑμεῖς
1494 4885 1564 4939 τὰ
1585 4884 1733 4954 έθνη,
1763 4883 1814 4936 οί

234 4995 524 5065 λεγόμενοι
581 4984 915 5060 ἀκροϐυστία
960 4979 1187 5050 ὑπὸτῆς
1232 4976 1528 5047 λεγομένης
1554 4976 1611 5027 ἐν
1651 4972 1815 5044 σαρκὶ

237 5085 546 5161 περιτομῆς
572 5078 970 5154 χειροποιήτου,
1000 5074 1081 5127 ὅτι
1106 5067 1201 5144 ἦτε
1231 5072 1287 5124 έν
1306 5067 1396 5161 τῷ.
1623 5065 1813 5161 ἐκείνῳ

235 5150 411 5249 χωρὶς
438 5150 674 5244 Χριστοῦ
707 5161 1203 5237 ἀπηλλοτριωμένοι
1229 5158 1324 5228 τῆς
1355 5154 1565 5217 ἐλπίδος
1593 5150 1685 5205 τοῦ
1711 5152 1814 5204 Ἰσε-

242 5242 405 5339 βαήλ,
427 5242 520 5318 καὶ
548 5262 685 5326 ξένοι
714 5258 819 5312 τῶν
840 5252 1109 5326 διαθηκῶν
1129 5250 1225 5320 τῆς
1253 5245 1600 5339 ἐπαγγελίας,
1625 5242 1813 5339 ἐλπίδα

242 5331 584 5429 μὴ-έχοντες,
617 5350 710 5405 καὶ
744 5348 891 5404 ἄθεοι
928 5346 986 5398 ὲν
1007 5342 1084 5413 τῷ
1110 5342 1318 5411 κόσμῳ,
1357 5335 1536 5429 νῦνᾲδὲ
1553 5335 1738 5429 ῌὴμετς
1765 5331 1814 5429 of
1838 5351 1842 5357 .

240 5421 547 5508 cross-6w“
567 5441 800 5515 μακρὰν,
829 5437 993 5508 ἐγγὺς
1023 5432 1311 5503 ἐγενήθητε
1339 5430 1394 5482 ἐν
1410 5427 1487 5499 τῷ
1512 5426 1703 5497 αἵματι
1720 5421 1815 5476 τοῦ

238 5536 503 5611 Χριστοῦ.
546 5555 564 5588 ι
598 5535 661 5587 Ol
695 5533 803 5602 γὰρ
832 5530 968 5591 ὅλως
998 5525 1128 5579 Θεὸν
1158 5525 1257 5577 οὐκ
1281 5521 1495 5590 ζείδότες
1536 5518 1626 5573 τὸν
1659 5516 1817 5587 φύσει

235 5604 312 5685 τε.
337 5629 431 5683 καὶ
452 5625 665 5698 ἀληθῶς
690 5620 904 5695 μακρὰν
931 5614 1066 5673 εἶναι
1093 5616 1358 5684 λέγονται,
1391 5610 1485 5664 καὶ
1522 5607 1647 5674 sisi,
1675 5604 1819 5660 κατά

1912 1977 2184 2034 civitatem
2214 1975 2504 2046 quamdam
2528 1973 2967 2037 munitissimam,
2994 1970 3061 2026 ad
3088 1970 3210 2026 ﬁdei
3233 1968 3485 2042 gratiam,

1912 2068 1979 2123 ad
2046 2077 2358 2122 sanctorum
2421 2064 2602 2120 cibum
2656 2062 2961 2128 invitante,
3035 2059 3485 2131 quemadmodum

1912 2154 2164 2211 videlicet
2217 2162 2274 2210 et
2320 2152 2506 2219 alibij:
2558 2168 2577 2203 ι
2616 2150 2733 2205 Erit
2756 2150 2925 2218 enim,
2991 2148 3214 2219 inquit,
3283 2147 3338 2202 in
3392 2160 3489 2217 ρος

1912 2248 2130 2306 stremis
2158 2246 2349 2302 diebus
2402 2241 2712 2315 spectabilis
2739 2256 2894 2299 mons
2954 2240 3187 2305 Domini,
3238 2239 3489 2312 proposi-

1918 2352 2003 2398 tus
2037 2343 2093 2398 in
2122 2340 2419 2398 verticibus
2446 2336 2733 2402 montium,
2768 2343 2824 2391 et
2860 2334 3162 2391 elevabitur
3190 2348 3354 2404 supra
3374 2332 3488 2389 col-

1914 2434 2016 2499 les,
2047 2432 2373 2502 venientque
2403 2430 2468 2484 ad
2495 2428 2642 2485 illum
2679 2435 2868 2499 gentes
2914 2426 3116 2491 multae,
3172 2440 3238 2481 ac
3271 2425 3483 2482 dicent:

1915 2526 2130 2589 Adeste,
2179 2522 2536 2578 ascendamus
2574 2520 2640 2573 ad
2677 2526 2913 2573 montem
2946 2516 3180 2583 Domini,
3216 2524 3272 2571 et
3296 2517 3363 2571 ad
3390 2515 3487 2570 doc

1915 2633 2059 2674 mum
2088 2615 2252 2688 8&2
2317 2614 2411 2669 Dei
2436 2611 2621 2668 Jacob.
2656 2610 2726 2666 Et
2758 2606 3099 2664 annuntiabit
3139 2608 3294 2665 nobis
3341 2608 3484 2664 viam

1914 2710 2054 2781 ejus.
2081 2707 2148 2763 Et
2177 2704 2572 2762 ambulabimus
2599 2704 2673 2771 {in
2702 2717 2766 2758 ea
2798 2702 2866 2756 ⁹¹.
2893 2719 2912 2753 ι
2941 2700 3123 2756 Liberi
3156 2711 3338 2757 autem
3393 2699 3486 2756 Je-

1914 2798 2173 2865 rusalem,
2207 2813 2314 2853 non
2352 2796 2405 2852 hi
2433 2794 2531 2851 soli
2555 2792 2766 2849 dicendi
2795 2801 2941 2859 sunt,
2971 2792 3065 2863 qui
3095 2806 3164 2848 ex
3220 2791 3486 2863 sanguine

1914 2891 2081 2948 lsrael
2107 2889 2322 2947 oriundi
2373 2895 2520 2950 sunt,
2555 2887 2647 2942 sed
2682 2894 2946 2955 quotquot
2973 2899 3040 2939 ex
3096 2883 3245 2939 omni
3327 2892 3488 2954 gente

1916 2996 1981 3037 ac
2011 2980 2227 3051 regione
2250 2976 2426 3033 vocati
2457 2988 2697 3043 suntper
2726 2974 2886 3030 (idem
2920 2974 2987 3027 ad
3015 2970 3261 3042 veritatis
3287 2970 3482 3035 lucem;

1916 3081 1975 3128 ut
1997 3070 2139 3128 enim
2161 3066 2591 3138 sapientissimus
2614 3062 2808 3118 Paulus
2833 3062 3023 3118 scribit
3052 3080 3065 3116 :
3103 3079 3123 3114 ι
3149 3060 3267 3115 Non
3292 3074 3484 3114 omnes

1918 3160 2009 3233 qui
2043 3176 2109 3216 ex
2130 3156 2296 3213 Israel
2318 3198 2333 3222 ,
2368 3156 2418 3211 hi
2446 3154 2650 3221 Israel;
2682 3168 2779 3209 nec
2808 3152 2932 3221 quia
2977 3166 3162 3208 semen
3211 3150 3483 3207 Abraham

1918 3256 2066 3313 sunt,
2094 3261 2285 3302 omnes
2307 3243 2486 3307 liberi,
2516 3244 2608 3297 sed
2641 3240 2794 3296 liberi
2826 3237 3203 3310 promissionis
3231 3245 3488 3309 reputan-

1918 3347 2008 3393 tur
2042 3337 2094 3391 in
2117 3349 2299 3391 semen
2333 3334 2399 3388 η.
2442 3350 2461 3384 ι
2506 3330 2716 3386 Dictum
2775 3332 2920 3384 enim
2944 3337 3026 3384 est
3058 3345 3086 3384 a
3116 3329 3224 3385 Deo
3280 3329 3347 3384 ad
3407 3327 3489 3385 di-

1916 3428 2103 3484 vinum
2136 3425 2457 3481 Abraham:
2516 3441 2535 3475 ι
2598 3421 2815 3478 Patrem
2890 3420 3184 3476 multarum
3247 3418 3487 3490 gentium

1919 3516 2252 3574 constituite
2273 3514 2340 3568 ”.
2369 3533 2386 3567 ι
2426 3511 2613 3582 Itaque
2642 3510 2789 3565 velut
2835 3506 3309 3577 multitudinejam
3353 3522 3489 3563 con-

1917 3617 2135 3680 gregata
2167 3621 2232 3662 ex
2266 3604 2517 3677 gentibus
2536 3611 2590 3657 et
2619 3601 2882 3657 adorante
2927 3598 3207 3656 Christum
3254 3612 3271 3654 :
3311 3596 3486 3665 Tolle,

1919 3700 2113 3770 inquit,
2144 3696 2497 3753 circumcirca
2517 3694 2705 3749 oculos
2747 3702 2889 3758 tuos,
2923 3690 2977 3747 id
3018 3698 3126 3758 est,
3171 3690 3489 3747 universum

1918 3788 2105 3844 orbem
2151 3784 2447 3855 perlustra,
2498 3790 2552 3836 et
2588 3796 2652 3835 ex
2700 3779 2844 3833 omni
2902 3786 3056 3849 parte
3111 3778 3228 3848 ejus
3280 3778 3491 3836 videbis

1919 3878 2116 3932 liberos
2134 3883 2252 3929 tuos
2274 3873 2339 3927 ad
2371 3881 2424 3926 te
2444 3876 2809 3935 accurrentes,
2834 3869 3155 3937 venientque
3179 3867 3279 3922 etsi
3299 3866 3489 3937 procul

1917 3966 2189 4023 abfuerint
2220 3961 2526 4031 aliquando.
2561 3957 2779 4023 Procul,
2825 3970 2930 4013 non
2961 3955 3173 4011 ratione
3204 3955 3309 4011 loci
3352 3956 3488 4012 dici-

1921 4067 2027 4123 tur,
2068 4058 2160 4113 sed
2180 4057 2246 4111 ad
2275 4054 2513 4108 animum
2538 4050 2841 4119 mentisque
2865 4046 3206 4103 aﬂ'ectionem
3231 4045 3488 4118 pertinet.

1920 4152 2063 4206 Dixit
2090 4147 2343 4205 nimirum
2367 4144 2642 4215 quidame
2694 4138 2895 4195 sanctis
2944 4136 3225 4209 prophetis
3278 4137 3346 4193 de
3400 4136 3487 4194 his

1918 4244 2009 4314 qui
2044 4240 2359 4311 refugerunt
2395 4252 2426 4292 a
2462 4234 2653 4291 notitia
2707 4230 2824 4301 ejus
2847 4231 2939 4301 qui
3007 4238 3227 4286 natura
3260 4237 3315 4286 et
3357 4242 3488 4287 vero

1921 4337 2058 4391 Deus
2086 4342 2170 4388 est
2200 4349 2214 4385 :
2251 4348 2271 4383 ι
2313 4329 2422 4385 Vos
2450 4328 2539 4397 qui
2568 4323 2754 4397 procul
2804 4322 3028 4386 abestis,
3078 4333 3349 4376 memores
3398 4333 3487 4375 es-

1921 4433 2029 4478 tote
2067 4418 2302 4484 Domini,
2354 4425 2409 4473 et
2461 4412 2756 4472 Jerusalem
2780 4411 2964 4466 veniat
3014 4408 3170 4465 vobis
3219 4409 3274 4464 in
3334 4422 3487 4463 men-

1923 4523 2028 4568 tem
2073 4509 2141 4566 ”.
2179 4526 2199 4563 ›
2262 4506 2605 4576 Scripsitque
2655 4504 2720 4558 de
2787 4500 3004 4556 Christo
3060 4496 3486 4576 sapientissimus

1918 4603 2155 4660 Paulus:
2202 4618 2221 4653 ι
2254 4573 2935 4665 νειιίιοι-θναηςθιίιονίι
2983 4603 3173 4661 pacem
3249 4587 3337 4644 his
3369 4573 3484 4657 'qui

1916 4693 2128 4768 procul,
2162 4700 2217 4748 et
2240 4690 2345 4745 illis
2375 4688 2466 4759 qui
2497 4700 2665 4758 prope
2694 4690 2822 4740 sunt
2849 4680 2916 4737 ’⁸.
2944 4698 2964 4734 ι
2995 4678 3251 4751 Misitque
3265 4678 3331 4732 ad
3362 4691 3485 4749 gen-

1918 4798 1999 4844 tes
2039 4782 2321 4855 epistolam
2376 4796 2390 4834 :
2430 4797 2449 4832 ι
2495 4779 2850 4842 Mementote,
2894 4772 3165 4844 inquiens,
3205 4783 3303 4823 vos
3356 4782 3486 4837 gen.

1918 4888 2022 4943 tes,
2052 4876 2143 4946 qui
2184 4872 2506 4945 praeputium
2536 4864 2882 4930 dicebamini,
2915 4863 3065 4920 abes
3092 4874 3213 4931 qua:
3250 4859 3482 4916 circum-

1919 4969 2053 5027 cisio
2093 4968 2145 5023 in
2183 4979 2349 5020 carne
2398 4964 2541 5020 dicta
2592 4968 2675 5016 est
2734 4955 3062 5021 manufacta,
3108 4953 3253 5023 quod
3318 4949 3486 5005 eratis

1915 5061 2006 5117 illo
2033 5060 2089 5114 in
2113 5066 2354 5126 tempore
2381 5055 2497 5108 sine
2520 5049 2756 5112 Christo,
2793 5043 3011 5100 alienati
3065 5056 3094 5096 a
3147 5054 3246 5112 spe
3293 5037 3481 5101 Israel,

1913 5160 1969 5209 et
1989 5150 2232 5219 hospites
2261 5151 2707 5202 leslamentorum
2757 5131 3155 5207 promissionis.
3204 5143 3356 5202 spem
3377 5140 3481 5183 non

1914 5239 2194 5302 habentes,
2232 5242 2286 5290 et
2310 5232 2429 5289 sine
2458 5231 2566 5285 Deo
2603 5227 2657 5282 in
2691 5224 2907 5280 mundo.
2936 5220 3090 5277 Nunc
3125 5230 3327 5281 autem,
3361 5228 3482 5281 vos,

1911 5328 2003 5400 qui
2058 5327 2327 5398 quondam
2377 5319 2544 5378 eratis
2592 5315 2799 5389 procul,
2837 5313 2966 5369 facti
3012 5312 3145 5368 estis
3192 5302 3482 5380 propln‘qul

1914 5420 1968 5475 in
1992 5416 2254 5489 sanguine
2280 5411 2483 5470 Christi
2520 5409 2593 5467 ”.
2630 5424 2649 5461 ι
2684 5405 2784 5475 Qui
2818 5404 2964 5461 enim
3017 5401 3240 5459 omnino
3288 5402 3482 5451 natura

1912 5518 1967 5567 et
2003 5524 2133 5565 vere
2165 5507 2333 5563 Deum
2361 5505 2637 5575 ignorant,
2686 5495 2875 5570 procul
2933 5506 3057 5550 esse
3100 5492 3375 5551 dicuntur,
3425 5490 3486 5539 et

1916 5601 2219 5667 affectione,
2258 5604 2317 5652 ut
2339 5594 2473 5661 dixi,
2503 5599 2560 5649 et
2581 5590 2783 5647 animo.
2816 5586 2924 5644 Sed
2954 5596 3105 5648 ecce,
3151 5578 3347 5649 inquit,
3386 5588 3482 5632 vo-

317 5799 365 5832 ⁸⁸
407 5798 513 5854 lsa.
558 5812 621 5861 ιι,
657 5795 714 5861 1,
743 5794 798 5849 5‘.
872 5793 919 5824 "
962 5788 1118 5844 Rom.
1166 5801 1241 5851 ιι,
1273 5782 1325 5839 7.
1350 5841 1377 5856 _
1405 5781 1451 5812 "
1481 5778 1640 5833 Rom.
1677 5791 1748 5843 iv,
1784 5775 1806 5827 l

1944 5765 2125 5823 “Jer.
2165 5779 2238 5834 ιι,
2274 5762 2363 5820 50.
2438 5762 2486 5795 "
2525 5758 2720 5831 Ephes.
2751 5769 2812 5823 ιι,
2834 5755 2921 5813 l7.
2990 5752 3193 5812 "Ibid.
3226 5746 3412 5808 ll-Il.
