4140 6488
645 435 662 486 t
676 412 776 487 τῇ

1664 415 1719 469 S.
1757 408 2035 467 εγιιιιιι
2075 404 2550 463 ΑΙᾸΞΧᾹΝΟΒΙΝΙ
2587 401 2903 458 ABCHIEP.

3750 407 3888 464 {MS

645 562 859 616 nerunt,
885 550 936 604 id
966 556 1046 602 est
1071 589 1084 612 ,
1107 558 1231 600 .uon
1271 542 1426 610 longe
1463 534 1582 611 poSt
1608 539 1785 593 futura
1842 543 1926 592 est
1971 548 2070 589 nec
2106 531 2208 588 dif-

2316 528 2551 583 διάθεσίν
2577 545 2635 580 τε
2659 529 2753 580 καὶ
2777 525 3025 596 γνώμην,
3057 524 3134 588 ὡς
3179 523 3336 594 ἔφην.
3391 522 3530 577 Ἀλλ’
3565 522 3674 578 ἰδοὺ
3703 525 3888 595 ﬂuat,

645 645 845 701 feretur
901 651 1086 694 corum
1119 635 1352 697 vocatio,
1379 633 1472 688 sed
1518 631 1704 686 statim
1758 632 1896 684 hanc
1950 625 2208 695 praedica-

644 739 838 791 tionem
917 727 1282 798 evangelicam
1345 734 1661 795 sequentur,
1718 721 2084 788 accedentque
2143 715 2208 769 ad

643 827 804 880 Deum
844 838 943 892 per
975 823 1159 887 ﬁdem,
1186 823 1303 876 sine
1351 817 1495 874 omni
1530 814 1736 878 labore,
1780 821 1835 867 et
1877 809 2024 865 omni
2074 806 2210 862 dim~

645 918 839 970 wultate
889 927 945 970 et
994 916 1213 970 sudore.
1264 913 1319 967 In
1392 907 1635 964 humeris
1716 905 1859 961 enim
1932 902 2207 958 tollentur.

642 1009 771 1062 Nam
809 1009 1071 1077 ﬁguratus
1100 1018 1184 1062 est
1215 1005 1430 1061 habitus
1462 999 1746 1061 orationis,
1821 995 1969 1050 velut
2023 1008 2208 1048 exem—

645 1096 721 1148 )lo
759 1110 786 1148 a
822 1096 984 1150 rebus
1017 1095 1215 1150 nostris
1245 1093 1432 1163 petito.
1479 1087 1664 1143 Solent
1697 1085 1840 1140 enim
1875 1083 2088 1150 parvuli
2122 1082 2208 1135 iu-

644 1189 817 1240 iantes
879 1185 1094 1252 nutriri,
1124 1194 1180 1240 et
1223 1185 1276 1238 in
1319 1191 1563 1235 materno
1614 1177 1818 1248 gremio
1846 1190 1910 1231 ac
1974 1173 2211 1230 brachiis

644 1278 826 1330 volunt
870 1290 1230 1344 requiescere.
1287 1272 1417 1326 Tale
1459 1272 1585 1340 quid
1620 1271 1677 1323 ﬁt
1712 1270 1778 1324 de
1804 1268 1887 1322 his
1913 1266 2000 1336 qui
2035 1264 2209 1319 vocati

646 1376 760 1421 sunt
788 1366 853 1420 ab
891 1380 1078 1421 errore
1109 1363 1315 1418 Graeco.
1345 1361 1684 1415 Deliniuntur
1717 1358 1860 1413 enim
1923 1374 1950 1410 a
2013 1362 2211 1426 mysta-

645 1459 811 1529 rogis,
857 1472 961 1511 non
991 1456 1197 1512 duriter
1239 1460 1564 1515 tractantur,
1606 1464 1706 1504 nec
1745 1447 1889 1503 illico
1918 1461 2015 1516 per
2063 1461 2211 1516 aspe-

644 1567 753 1604 ram
780 1551 920 1602 viam
959 1546 1244 1611 incedunt;
1297 1544 1387 1600 sed
1453 1543 1596 1596 velut
1667 1550 1853 1596 tenera
1893 1539 2212 1594 educatione

643 1639 798 1712 353
853 1639 1142 1698 Iactantur,
1185 1645 1237 1692 et
1282 1637 1536 1707 paulatim
1581 1637 1634 1689 in
1685 1636 1860 1689 virum
1915 1634 2210 1702 perfectum

642 1734 966 1798 adolescunt,
1012 1732 1063 1786 in
1095 1744 1402 1786 mensuram
1427 1729 1604 1784 aetatis
1633 1726 1986 1796 plenitudinis
2051 1725 2213 1780 Chri-

641 1825 723 1880 sti.
761 1823 1038 1893 Siquidem
1063 1821 1319 1891 praecepit
1349 1820 1551 1874 sanctis
1586 1817 1868 1885 apostolis,
1925 1825 1981 1869 ut
2033 1815 2212 1885 bapti-

641 1923 822 1970 zarent
855 1929 1044 1969 omnes
1070 1923 1277 1982 gentes,
1339 1913 1389 1965 in
1430 1924 1621 1964 nomen
1647 1908 1846 1974 Patris,
1895 1918 1949 1963 et
1977 1907 2123 1972 Filii,
2160 1916 2215 1961 et

641 2006 871 2076 Spiritus
902 2007 1096 2072 sancti,
1126 2007 1488 2073 docerentque
1545 2016 1639 2056 eas
1677 2015 1898 2055 servare
1954 2014 2214 2070 quaecun-

642 2115 742 2169 que
795 2097 901 2152 illis
933 2105 1281 2165 przeceperat.
1315 2091 1380 2146 lli
1416 2103 1593 2147 autem
1619 2091 1719 2146 hoc
1747 2091 1992 2144 factitare
2043 2091 2218 2144 volen-

648 2199 754 2253 tes,
807 2188 1062 2242 methodo
1099 2190 1154 2240 et
1214 2193 1335 2236 arte
1395 2182 1622 2236 docendi
1693 2181 1799 2245 usi,
1855 2181 2029 2249 primo
2083 2177 2217 2234 nihil

644 2295 928 2334 onerosum
997 2277 1369 2346 imposuerunt
1438 2273 1802 2327 credentibus.
1871 2271 2219 2341 Scripserunt

644 2373 788 2426 enim
840 2371 1085 2440 gentibus
1116 2383 1132 2424 :
1168 2386 1186 2419 ι
1227 2367 1407 2420 Visum
1448 2376 1533 2419 est
1565 2363 1788 2432 Spiritui
1825 2372 2013 2418 sancto
2043 2373 2097 2417 et
2124 2378 2219 2416 no-

645 2463 728 2516 bis
782 2461 983 2514 nullum
1011 2464 1158 2510 onus:
1179 2455 1330 2509 vobis
1361 2455 1659 2524 imponere,
1693 2454 1797 2508 nisi
1827 2461 1884 2506 ut
1906 2451 2218 2507 abstinealis

645 2564 735 2603 vos
760 2565 788 2601 a
816 2547 1163 2610 scortatione,
1187 2553 1242 2597 et
1262 2540 1545 2606 sull'ocato,
1573 2551 1626 2595 et
1652 2539 1911 2611 sanguine
1926 2539 1994 2590 ’⁷.
2027 2556 2046 2590 ›
2069 2537 2216 2592 Scri-

645 2641 821 2709 uitque
853 2637 1173 2708 quibusdam
1204 2634 1439 2704 Optimus
1461 2631 1660 2686 Paulus
1694 2648 1708 2685 :
1779 2647 1799 2682 ι
1862 2629 2040 2684 Lactis
2088 2638 2217 2699 potu

649 2745 744 2786 vos
771 2729 902 2795 alui,
936 2743 1041 2782 non
1076 2739 1221 2782 esca.
1260 2724 1505 2779 Nondum
1531 2723 1675 2777 enim
1715 2723 1995 2794 poteratis,
2025 2722 2119 2776 sed
2151 2737 2218 2776 ne

644 2830 784 2870 nunc
821 2815 1036 2885 quidem
1068 2813 1293 2884 potestis
1325 2812 1393 2866 ’⁸.
1434 2831 1452 2863 ι
1496 2811 1863 2866 Perfectorum
1905 2821 2083 2866 autem
2135 2821 2220 2865 est

644 2904 796 2959 cibus
818 2903 1045 2968 solidus,
1072 2917 1284 2968 eorum,
1321 2903 1561 2972 inquam,
1590 2901 1680 2970 qui
1713 2911 1932 2972 propter
1974 2911 2220 2956 assuetu-

649 2995 828 3049 dinem
865 3010 1055 3050 sensus
1087 2995 1268 3049 cordis
1290 2993 1490 3048 habent
1518 2994 1861 3058 exercitatos,
1911 2993 1976 3047 ad
2027 2993 2220 3061 dijudi-

644 3087 913 3139 cationem
941 3085 1063 3138 boui
1099 3093 1154 3139 et
1176 3083 1324 3142 mali.
1355 3083 1541 3154 Itaque
1592 3084 1644 3138 in
1701 3085 1962 3148 humeris,
2021 3084 2215 3153 inquit,

2313 615 2794 688 φησὶρτουτέστιν,
2834 615 2933 668 οὑκ
2960 616 3040 677 είς
3072 613 3310 684 μακρὰν,
3340 612 3461 667 οὑδέ
3489 614 3570 676 είς
3599 613 3890 685 ἀνάϐλησιν

2313 712 2344 779 ἡ
2368 710 2561 779 κλῆσις
2593 707 2772 762 αὐτῶν
2797 707 2981 760 ἔσται’
3006 704 3336 777 δραμοῦνται
3387 705 3493 776 γὰρ
3521 704 3713 776 ὥσπερ
3755 708 3892 759 κατὰ

2312 800 2448 853 πόδα
2477 800 2586 851 τῶν
2627 795 2997 866 εὐαγγελικῶν
3036 795 3429 868 κηρυγμάτων.
3483 797 3811 866 Ποιήσονται
3843 796 3892 850 δέ

2311 892 2412 962 τὴν
2432 889 2616 960 ἄφιξιν
2639 890 2737 958 τὴν
2767 888 2902 960 πρὸς
2920 888 3052 942 Θεὸν
3072 888 3160 941 διὰ
3189 888 3424 951 πίστεως
3439 887 3562 958 δίχα
3581 889 3745 941 πόνου
3765 905 3893 940 παν-

2312 983 2402 1045 τὸς
2434 981 2756 1052 δυσχερείας
2784 997 2842 1032 τε
2872 981 3112 1049 ἀπάσης,
3137 979 3234 1032 καὶ
3268 979 3485 1049 ἱδρῶτος
3516 979 3889 1050 ἐξῃρημένων.

2312 1072 2431 1125 Ἐπ’
2461 1071 2628 1142 ὤμων
2656 1071 2763 1142 γὰρ
2797 1070 3158 1140 ἀρθήσονταιο
3184 1069 3490 1123 πέπλασται
3506 1069 3616 1140 γάρ
3633 1070 3693 1122 τὸ
3712 1070 3894 1140 σχῆμα

2311 1163 2405 1216 τοῦ
2425 1161 2607 1230 λόγου,
2623 1161 2697 1224 ὡς
2724 1164 2787 1214 ἐκ
2808 1159 3246 1231 παραδείγματος
3263 1160 3354 1212 τοῦ
3375 1160 3682 1230 καθ’ήμᾶςο
3704 1161 3776 1212 τὰ
3794 1162 3893 1228 γάρ

2311 1271 2390 1306 τοι
2419 1252 2609 1321 νεογνά
2633 1253 2740 1305 τῶν
2764 1251 2979 1322 βρεφῶν
2997 1251 3330 1321 τιθηνεῖσθαι
3357 1252 3520 1319 φιλεῖ,
3545 1252 3767 1314 καὶτοῖς
3791 1252 3895 1304 τῶν

2316 1345 2566 1416 μητέρων
2604 1343 2826 1408 κόλποις
2854 1345 2951 1398 καὶ
2989 1343 3270 1415 βραχίοσιν
3300 1343 3751 1398 ἐπαναπαύεσθαι
3805 1341 3896 1413 ζη-

2311 1438 2412 1489 τεῖ.
2462 1434 2678 1488 Γίνεταί
2705 1452 2759 1488 τι
2783 1435 3026 1488 τοιοῦτον
3049 1434 3273 1487 ἐπὶτῶν
3297 1435 3642 1505 καλουμένων
3677 1437 3742 1488 ἐκ
3773 1435 3896 1487 πλά-

2312 1545 2410 1598 νης
2450 1527 2790 1598 Ἑλληνικῆς,
2810 1525 3198 1598 θεραπεύονται
3225 1525 3332 1597 γὰρ
3368 1527 3518 1596 παρά
3550 1526 3658 1579 τῶν
3695 1543 3895 1595 μυστα·

2312 1618 2531 1685 γωγῶν,
2551 1617 2684 1687 σκλη
2694 1616 2942 1688 ραγωγού
2951 1634 3102 1687 μενοι
3130 1617 3350 1687 μᾶλλον,
3371 1617 3491 1670 οὐδὲ
3514 1617 3612 1687 τὴν
3638 1619 3894 1690 τραχεῖαν

2315 1707 2475 1771 εὐθὺς
2514 1707 2685 1771 ίόντες
2713 1708 2916 1779 τρίϐον,
2957 1708 3075 1762 ἀλλ’
3103 1704 3216 1762 οἷον
3248 1708 3335 1762 διὰ
3357 1710 3632 1778 τρυφερᾶς
3679 1709 3898 1777 ἀγωγῆς

2315 1801 2919 1872 γαλακτοτροφούμενοί
2999 1818 3060 1853 τε
3143 1802 3237 1855 καὶ
3303 1801 3687 1864 ἀναϐαίνοντες
3760 1801 3899 1852 κατὰ

2320 1894 2494 1965 βραχὺ
2541 1895 2678 1965 πρὸς
2724 1894 2894 1964 ἄνδρα
2923 1893 3150 1959 τέλειον,
3186 1895 3266 1958 είς
3313 1894 3513 1964 μέτρον
3559 1893 3778 1963 ἡλικίας
3809 1892 3897 1945 τοῦ

2318 1985 2683 2056 πληρώματος
2717 1984 2812 2038 τοῦ
2856 1985 3117 2054 Χριστοῦ.
3154 1985 3266 2038 Καὶ
3298 1985 3427 2053 γοῦν
3464 1984 3774 2036 ἐνετέλλετο
3805 1984 3898 2053 μὲν

2316 2079 2429 2140 τοῖς
2469 2077 2648 2145 ἁγίοις
2688 2077 3010 2140 ἀποστόλοις
3041 2076 3322 2146 βαπτίζειν
3353 2077 3533 2131 πάντα
3558 2077 3627 2130 τά
3659 2077 3791 2145 ἔθνη
3826 2077 3899 2138 είς

2317 2167 2377 2220 τὸ
2405 2167 2577 2237 ὄνομα
2609 2166 2702 2221 τοῦ
2748 2168 2982 2238 Πατρός,
3013 2168 3109 2220 καὶ
3151 2167 3244 2220 τοῦ
3291 2167 3442 2232 Υίοῦ,
3491 2169 3584 2220 καὶ
3616 2166 3714 2219 τοῦ
3747 2167 3900 2236 ᾲγίου

2319 2259 2660 2331 Πνεύματος,
2691 2259 2961 2313 διδάσκειν
2990 2276 3050 2311 τε
3064 2259 3216 2312 ἀὑτά
3262 2260 3449 2329 τηρεῖν
3480 2258 3662 2312 πάντα
3691 2259 3898 2327 ὅσαπερ

2319 2353 2503 2415 αὐτοῖς
2552 2351 2876 2406 ἐνετείλατο.
2924 2353 2988 2406 Oi
3033 2351 3214 2405 δὲκαὶ
3260 2351 3416 2404 τοῦτο
3461 2350 3592 2420 δρᾷν
3625 2348 3899 2411 ἐθέλοντες

2321 2443 2578 2513 φορτικὸν
2607 2443 2759 2497 οὐδὲν
2796 2443 3116 2497 ἐπετίθεσαν
3155 2444 3214 2496 ἐν
3241 2443 3437 2513 ἀρχαῖς
3468 2445 3580 2505 τοῖς
3609 2442 3898 2494 πιστεύου-

2322 2555 2407 2590 σιν
2437 2537 2685 2609 εὐτεχνῐᾳ
2715 2538 2986 2608 χρώμενοι
3031 2537 3404 2605 διδασκαλικῇ.
3440 2534 3762 2606 Γεγράφασι
3800 2535 3901 2604 γὰρ

2318 2633 2430 2694 τοῖς
2460 2628 2519 2695 ἐξ
2550 2629 2741 2697 ἐθνῶν,
2790 2631 2873 2683 ότι
2910 2629 3133 2692 «Ἔδοξε
3177 2629 3256 2698 τῷ
3298 2628 3438 2697 ἁγίῳ
3484 2626 3769 2696 Πνεῦματι
3813 2626 3901 2678 καὶ

2318 2724 2474 2793 ἡμῖν,
2526 2722 2692 2793 μηδὲν
2744 2721 2908 2775 πλέον
2955 2720 3294 2774 ἐπιτίθεσθαι
3347 2721 3475 2788 ὑμῖν
3527 2721 3712 2791 βάρος,
3758 2718 3898 2789 πλὴν

2320 2814 2622 2884 ἀπέχεσθαι
2657 2815 2802 2884 ὑμᾶς
2836 2813 3112 2884 πορνείας,
3155 2813 3251 2866 καὶ
3283 2812 3530 2876 πνικτοῦ,
3585 2813 3683 2865 καὶ
3729 2812 3901 2881 αἷμαο

2319 2924 2433 2970 τος.
2474 2925 2491 2958 ι
2535 2906 2742 2977 Γράφει
2772 2906 2829 2959 δέ
2858 2923 2968 2958 τισι
2998 2905 3093 2958 καὶ
3122 2907 3149 2957 ό
3181 2904 3514 2973 πανάριστος
3539 2905 3785 2968 Παῦλος,
3825 2906 3905 2956 ὅτι

2326 3018 2343 3049 ι
2379 2997 2527 3051 Γάλα
2556 2997 2781 3050 ἐπότισα
2813 2998 2980 3068 ὑμᾶς,
3024 2998 3083 3050 οὺ
3147 2996 3379 3068 βρῶμα,
3424 2995 3577 3048 οῦπω
3617 2998 3730 3067 γὰρ
3777 2998 3904 3066 ἡδύς

2321 3090 2504 3150 νασθε,
2531 3087 2646 3142 ἀλλ’
2665 3089 2788 3142 οὐδὲ
2819 3089 2897 3142 ἔτι
2927 3089 3020 3142 νῦν
3048 3087 3578 3144 δύνασθε.›Τελείων
3599 3090 3655 3142 δέ
3690 3092 3843 3143 ἐστιν
3871 3094 3905 3161 η

645 3176 899 3231 tollentur
922 3175 1013 3230 ﬁlii
1048 3174 1188 3230 tuiet
1217 3175 1337 3229 illia:
1357 3184 1480 3230 tuae.
1501 3175 1651 3230 Tunc
1679 3176 1884 3230 videbis
1898 3185 1951 3230 et
1980 3176 2214 3237 timebis,

2326 3180 2526 3253 στερεά
2563 3179 2738 3251 τροφὴ
2767 3181 2874 3232 τῶν
2907 3180 2996 3233 διὰ
3036 3180 3134 3252 τὴν
3179 3180 3292 3246 ἕξιν
3322 3179 3392 3233 τὰ
3432 3181 3766 3252 αἰσθητήρια
3808 3184 3907 3252 τῆς

645 3283 726 3335 ac,
757 3267 1019 3337 stupebis,
1042 3282 1165 3337 pro,
1194 3268 1568 3322 admiraberis.
1618 3266 1708 3321 Sic
1737 3267 1878 3320 enim
1905 3277 1960 3320 et
2006 3268 2218 3322 divinus

643 3360 913 3414 Abbacum
956 3376 970 3412 :
1008 3376 1024 3409 ι
1066 3357 1314 3423 Domine,
1372 3357 1564 3426 inquit,
1602 3357 1781 3411 audivi
1828 3371 2015 3411 vocem
2070 3366 2214 3410 tuam

644 3459 696 3504 et
725 3448 901 3513 timui,
942 3447 1278 3502 consideravi
1335 3461 1499 3515 Opera
1561 3456 1670 3513 tua,
1717 3457 1770 3500 et
1816 3447 2064 3516 obstupui
2089 3448 2156 3501 ".
2192 3468 2210 3500 ι

645 3537 894 3593 Solemus
940 3538 1103 3591 etiam
1134 3551 1230 3590 nos
1278 3536 1380 3606 ipsi
1409 3535 1676 3590 interdum
1722 3537 1952 3591 dicere:
1999 3537 2213 3608 Stupui,

646 3645 762 3685 cum
790 3628 989 3697 aliquid
1021 3634 1213 3696 praeter
1240 3627 1546 3696 opinionem
1577 3642 1606 3680 a
1633 3628 1885 3696 quopiam
1925 3629 2041 3683 ﬁeri
2088 3646 2217 3684 con-

647 3722 844 3793 tigerit.
899 3719 1270 3772 Admiraberis
1306 3718 1487 3787 igitur,
1544 3719 1754 3788 inquit:
1807 3727 2023 3787 etiquze
2099 3729 2216 3774 tan-

648 3815 761 3866 Jem
800 3811 959 3882 hujus
993 3812 1068 3864 rei
1098 3809 1304 3864 causa?
1361 3808 1783 3864 Transferentur
1836 3811 1980 3865 enim
2039 3812 2105 3864 ad
2165 3822 2216 3867 te

648 3891 849 3954 divitia:
893 3899 1080 3964 maris,
1116 3907 1169 3954 et
1201 3901 1439 3967 gentium
1501 3908 1555 3952 et
1608 3898 1943 3968 populorum.
2004 3899 2216 3956 Clarius

647 3991 728 4044 uic
761 3989 1002 4056 przedicit
1065 3989 1358 4042 vocandam
1412 4003 1552 4054 esse,
1592 4005 1691 4044 suo
1721 4001 1962 4060 tempore
1997 3991 2062 4045 ad
2123 4007 2215 4047 ve-

646 4082 820 4135 ritatis
890 4080 1241 4148 agnitionem,
1304 4081 1541 4151 gentiqu
1607 4082 2024 4138 multitudinem.
2095 4085 2213 4140 Sita

645 4174 780 4227 enim
825 4171 927 4225 fuit
957 4170 1269 4226 Iudaeorum
1303 4173 1448 4243 regio
1480 4174 1545 4226 ad
1595 4172 1802 4244 plagam
1854 4192 1972 4245 qua:
1993 4178 2058 4233 ad
2086 4195 2212 4248 par-

640 4275 743 4318 tem
774 4261 1064 4316 australem
1095 4265 1286 4333 vergit.
1345 4262 1472 4328 Quae
1498 4278 1624 4319 vero
1699 4277 1946 4334 spectant
2015 4269 2081 4323 ad
2137 4284 2216 4325 se.

641 4357 1022 4426 pteutrionem,
1052 4363 1108 4409 et
1155 4369 1324 4420 mare,
1353 4365 1406 4410 et
1438 4356 1701 4422 civitates,
1731 4374 1794 4414 ac
1829 4361 2075 4430 regiones
2110 4362 2213 4417 ibi-

638 4454 758 4503 dem
797 4449 1020 4518 positas,
1053 4449 1293 4519 gentium
1330 4465 1460 4519 grex
1507 4451 1731 4505 sortitus
1798 4461 1899 4506 est.
1948 4451 2210 4519 Quoniam

639 4549 818 4595 autem
851 4542 940 4609 qui
996 4555 1024 4593 a
1059 4540 1289 4608 pristino
1330 4556 1513 4596 errore
1539 4543 1923 4609 discesserant,
1953 4546 2211 4599 mutatio-
2244 4520 2288 4576 θ

637 4647 759 4686 nem
793 4632 846 4684 in
875 4630 1065 4688 melius
1095 4631 1358 4697 fecerunt,
1413 4635 1586 4687 vocati
1616 4633 1680 4686 ad
1725 4636 2055 4705 agnitionem
2114 4653 2212 4691 na-

637 4723 826 4777 turalis
860 4723 977 4788 Dei,
1013 4739 1108 4793 per
1165 4737 1256 4777 eos
1280 4724 1368 4793 qui
1398 4724 1782 4781 administrant
1861 4727 2209 4799 Evangelium

636 4814 836 4868 Christi
869 4833 881 4868 :
917 4814 1044 4869 hinc
1065 4814 1196 4868 dicit
1228 4815 1628 4871 transferendas
1667 4818 1734 4872 ad
1765 4816 2061 4874 Ecclesiam
2095 4836 2213 4875 ma-

640 4907 712 4958 ris
743 4905 982 4960 divitias.
1031 4904 1239 4960 Divitis:
1273 4919 1453 4960 autem
1493 4917 1641 4974 sunt,
1674 4918 1732 4964 ut
1778 4910 1908 4976 dixi,
1997 4914 2209 4968 urbium

637 5006 690 5048 et
715 4999 995 5065 regionum
1042 4998 1110 5050 ad
1137 5013 1283 5052 mare
1314 4999 1562 5065 sitarum,
1614 4999 1667 5056 hi
1706 5003 1797 5070 qui
1848 5003 1899 5057 in
1947 5003 2052 5059 illis
2115 5007 2211 5060 ha-

640 5085 830 5140 bitant.
895 5103 914 5138 ι
951 5086 1314 5158 Venientque,
1376 5090 1580 5159 inquit,
1640 5093 1705 5147 ad
1771 5102 1821 5148 te
1880 5096 2042 5149 etiam
2088 5112 2211 5168 gre-

639 5193 732 5246 ges
784 5180 1133 5246 camelorum,
1169 5191 1224 5237 et
1276 5191 1454 5253 tegent
1511 5194 1563 5242 te
1616 5186 1809 5240 cameli
1875 5186 2100 5241 Iladiam
2154 5196 2209 5242 et

641 5271 872 5341 Gephar.
912 5289 930 5324 ι
1008 5271 1144 5328 Sunt
1209 5273 1351 5328 enim
1421 5273 1730 5332 Madianitze
1787 5287 1841 5332 et
1925 5278 2206 5348 Gepharazi

639 5373 826 5431 gentes
856 5363 1093 5418 ﬁnitimae
1127 5361 1449 5432 Jerusalem,
1519 5367 1782 5423 habentes
1843 5372 2210 5425 conterminas

640 5455 902 5523 regiones.
955 5453 1123 5526 844
1166 5454 1300 5508 Nam
1349 5456 1737 5515 abominabiles
1791 5470 1965 5525 erant,
2016 5471 2072 5517 et
2127 5462 2211 5517 in-

639 5543 968 5608 circumcisi,
994 5554 1049 5598 et
1074 5544 1388 5601 idololatrzc.
1426 5546 1530 5601 Sed
1571 5558 1623 5602 et
1646 5563 1742 5602 eos
1777 5564 1998 5618 quoque
2025 5566 2217 5606 vocan-

637 5634 735 5686 dos
762 5647 904 5697 esse,
935 5641 992 5687 et
1021 5633 1253 5687 fructum
1286 5635 1396 5692 Deo
1417 5637 1678 5704 edituros,
1721 5638 1872 5694 hisce
1901 5642 2080 5696 verbis
2124 5656 2210 5698 os-

707 5815 752 5849 ⁹⁷
785 5815 904 5872 Act.
935 5831 1021 5884 xv,
1053 5817 1142 5872 28.
1217 5817 1264 5850 ’⁸
1293 5819 1313 5873 l
1338 5819 1461 5875 Cor.
1491 5834 1572 5887 ιιι,
1612 5818 1668 5875 2.
1745 5820 1790 5852 ⁸⁸
1829 5819 2029 5878 Ilabac.
2065 5837 2103 5891 ι,
2136 5823 2192 5878 5.

2325 3270 2550 3340 καρδίας
2578 3271 3006 3340 γεγυμνασμένα
3048 3271 3278 3339 ἐχόντων
3321 3271 3457 3342 πρὸς
3502 3271 3776 3342 διάκρισιν
3814 3291 3905 3326 κα-

2319 3361 2412 3415 λοῦ
2453 3379 2513 3415 τε
2561 3362 2657 3414 καὶ
2703 3361 2897 3416 κακοῦ.
2952 3362 3162 3414 Οὐκοῦν
3196 3362 3282 3413 ἐπ’
3329 3361 3496 3431 ὤμων
3542 3363 3902 3434 ἀρθήσονται,

2321 3455 2506 3524 φησὶν,
2553 3453 2602 3506 οἱ
2647 3453 2752 3507 υἱοί
2783 3469 2899 3514 σου,
2935 3452 3030 3506 καὶ
3071 3453 3125 3506 αί
3173 3452 3474 3524 θυγατέρες
3518 3471 3634 3518 σου,
3683 3457 3804 3508 τότε
3849 3457 3904 3508 δὲ

2318 3545 2459 3614 ὄψει,
2490 3544 2584 3597 καὶ
2616 3543 2922 3616 φοϐηθήσῃ,
2957 3545 3052 3599 καὶ
3099 3547 3358 3617 ἐκστήσῃ,
3388 3547 3508 3599 ἀντὶ
3539 3545 3655 3609 τοῦ,
3691 3547 3905 3617 θαῦμά-

2321 3651 2468 3698 σεις’
2501 3634 2644 3688 οὕτω
2693 3637 2801 3706 γάρ
2843 3654 2946 3688 που
3005 3636 3100 3690 καὶ
3146 3639 3174 3690 ό
3218 3637 3505 3702 θεσπέσιος
3553 3639 3903 3708 ⁹Αϐϐακούμ’

2324 3748 2341 3778 ι
2377 3727 2591 3798 Κύριε,
2643 3728 2842 3797 φησὶν,
2893 3729 3194 3799 είσακήκοα
3252 3731 3350 3798 τὴν
3399 3731 3570 3800 ἀκοήν
3639 3748 3759 3793 σου,
3812 3733 3904 3783 καὶ

2317 3819 2612 3890 ἐφοϐήθην.
2654 3818 2974 3886 Κατενόησα
3018 3821 3087 3872 τὰ
3120 3819 3255 3890 ἔργα
3286 3837 3379 3874 σου
3405 3865 3420 3886 ,
3464 3822 3560 3874 καὶ
3593 3822 3844 3892 ἐξέστην.
3880 3842 3897 3872 ι

2317 3909 2727 3980 Κατειθίσμεθα
2764 3910 2822 3963 δέ
2867 3927 2984 3973 πως
3019 3912 3112 3964 καὶ
3142 3913 3303 3981 ἡμεῖς
3331 3914 3513 3977 αὐτοὶ,
3551 3913 3630 3978 τὸ,
3673 3913 3904 3980 ἐξέστην

2319 4001 2432 4055 ἐσθ’
2461 4004 2548 4056 ὅτε
2581 4003 2780 4071 λέγειν,
2816 4005 2944 4057 ὅταν
2973 4021 3024 4056 τι
3052 4005 3158 4056 τῶν
3184 4007 3502 4076 παραδόξων
3537 4007 3641 4060 ὑπό
3675 4025 3769 4060 του
3811 4025 3903 4075 γε·

2316 4096 2502 4150 νέσθαι
2532 4097 2735 4168 συμϐῇ.
2759 4097 3072 4167 Θαυμάσεις
3099 4097 3298 4165 τοίνυν,
3330 4100 3484 4168 φησὶ,
3512 4101 3606 4155 καὶ
3627 4101 3751 4153 ποία
3777 4102 3905 4154 τοὺο

2315 4205 2409 4241 του
2463 4190 2758 4260 γενήσεται
2813 4189 3124 4259 πρόφασις;
3181 4191 3494 4245 Μεταϐαλεῖ
3545 4192 3651 4262 γὰρ
3702 4195 3782 4254 είς
3847 4195 3902 4245 σὲ

2317 4278 2546 4342 πλοῦτος
2575 4279 2871 4349 θαλάσσης,
2892 4281 2987 4333 καὶ
3020 4279 3209 4346 ἐθνῶν,
3228 4282 3327 4334 καὶ.
3353 4280 3517 4336 λαῶν.
3545 4284 3906 4354 Σαφεστέραν

2317 4371 2375 4422 ἐν
2417 4369 2626 4433 τούτοις
2677 4373 2910 4423 ποιεῖται
2947 4373 3046 4442 τὴν
3083 4372 3506 4443 προαγόρευσιν,
3552 4375 3643 4426 τοῦ
3691 4375 3771 4426 ὅτι
3813 4393 3906 4428 κε-

2319 4461 2578 4532 κλήσεται
2610 4462 2750 4514 κατά
2799 4463 3026 4533 καιροὺς
3063 4466 3142 4526 είς
3173 4463 3468 4531 ἐπίγνωσιν
3499 4465 3755 4536 ἀληθείας
3795 4467 3906 4519 τῶν

2319 4552 2489 4606 ἐθνῶν
2520 4554 2553 4622 ὴ
2590 4551 2819 4623 πληθύς.
2860 4549 2970 4606 Ἦν
3022 4555 3118 4624 μὲν
3152 4554 3261 4625 γὰρ
3309 4555 3366 4607 ἐν
3415 4558 3526 4619 τοῖς
3555 4557 3906 4628 νοτιωτέροις

2319 4644 2545 4714 κλίμασι
2565 4643 2673 4697 τῶν
2689 4643 2957 4699 Ἰουδαίων
2977 4646 3009 4715 ἡ
3031 4644 3202 4717 χώρα,
3222 4645 3292 4699 τά
3308 4663 3370 4713 γε
3397 4648 3503 4718 μὴν
3520 4649 3650 4718 πρὸς
3669 4650 3901 4720 ἄρκτον,

2319 4737 2416 4790 καὶ
2439 4735 2739 4802 θάλασσαν,
2760 4737 2853 4789 καὶ
2879 4736 3082 4803 πόλεις,
3107 4738 3199 4790 καὶ
3229 4739 3326 4801 τὰς
3351 4740 3436 4790 επ⁹
3461 4741 3597 4810 αὐτῇ
3634 4742 3902 4810 κειμένας

2319 4828 2502 4901 χώρας
2529 4827 2585 4880 αἱ
2610 4827 2718 4880 τῶν
2749 4826 2918 4881 ἐθνῶν
2945 4827 3137 4896 ἀγέλαι
3185 4829 3628 4900 διεμοιρὼσαντο.
3673 4833 3900 4905 Ἐπειδὴ

2318 4921 2375 4974 δέ
2405 4921 2505 4990 τῆς
2549 4920 2782 4991 ἀρχαίας
2813 4921 3030 4992 ἀπάτης
3062 4921 3533 4992 ἀπονοστήσαντες
3575 4924 3672 4995 τὴν
3703 4925 3787 4988 είς
3832 4928 3902 4978 τά

2319 5011 2529 5081 ἀμείνω
2580 5011 2884 5082 μεταϐολὴν
2925 5013 3190 5083 ἐσχήκασι
3235 5014 3550 5084 κεκλημένα
3595 5015 3731 5087 πρὸς
3778 5018 3902 5071 ἐπίο

2320 5118 2521 5170 γνωσιν
2551 5100 2646 5152 τοῦ
2690 5101 2832 5154 κατὰ
2875 5101 3036 5170 φύσιν
3070 5101 3220 5164 ὄντος
3249 5103 3380 5156 Θεοῦ
3411 5105 3501 5157 διά
3538 5105 3645 5157 τῶν
3680 5106 3900 5176 ἱερουρ-

2317 5194 2558 5263 γούντων
2582 5192 2642 5245 τὸ
2673 5193 3001 5263 Εὑαγγέλιον
3027 5193 3121 5247 τοῦ
3167 5193 3424 5266 Χριστοῦ.
3454 5196 3726 5266 Ταύτῃτοί
3763 5217 3900 5269 φησι

2313 5283 2634 5356 μεταϐαλεῖν
2673 5286 2753 5346 είς
2793 5284 2890 5354 τὴν
2957 5286 3290 5356 Ἐκκλησίαν
3334 5288 3433 5357 τῆς
3476 5287 3754 5357 θαλάσσης
3805 5289 3902 5340 τὸν

2311 5374 2559 5429 πλοῦτον·
2596 5373 2825 5439 πλοῦτος
2855 5375 2931 5442 δὲ,
2984 5378 3059 5440 ὡς
3094 5378 3251 5447 ἔφην,
3279 5377 3389 5430 τῶν
3439 5379 3576 5448 πρὸς
3615 5378 3902 5450 θαλάσσης

2313 5466 2580 5538 κειμένων
2633 5467 2841 5521 πόλεων
2890 5469 2984 5522 καὶ
3035 5469 3247 5542 χωρῶν,
3291 5472 3339 5523 οἱ
3396 5469 3780 5534 κατοικοῦντες
3839 5471 3914 5536 ἐν,

2313 5559 2527 5622 αὑταῖς.
2582 5559 2859 5626 ι’Ήξουσι
2907 5559 2963 5614 δέ
3026 5578 3128 5628 σοι,
3175 5562 3345 5631 φησὶ,
3409 5562 3504 5616 καὶ
3541 5561 3733 5622 ἀγέλαι
3794 5579 3915 5613 και.

2316 5649 2522 5720 μήλων,
2555 5651 2650 5705 καὶ
2675 5652 2976 5723 καλύψουσί
3016 5671 3073 5706 σε
3105 5655 3342 5725 κάμηλοι
3387 5655 3614 5726 Μαδιάμ
3654 5656 3750 5710 καὶ
3788 5654 3833 5707 Γ
3836 5672 3921 5711 εει.
