4140 6520
323 404 464 461 1329

1438 412 1506 467 IN
1544 412 1774 472 lSAIAM
1812 415 1943 474 LlB.
1978 419 2043 475 V.
2083 418 2320 478 TOMUS
2356 420 2445 479 IV.

3431 422 3569 507 taxo
3643 406 3646 410 ’

323 516 459 587 φάρ.
500 533 518 567 ι
551 516 719 588 Ἕθνη
765 518 866 589 μὲν
898 518 1006 590 γὰρ
1066 519 1319 591 περίοικα
1361 523 1464 591 τῆς
1517 523 1887 598 Ἰερουσαλὴμ,

1996 530 2182 585 tendit.
2239 530 2407 589 Erant
2433 531 2579 586 enim
2608 544 2848 588 sessores
2889 530 3240 599 camelorum,
3275 539 3330 587 et
3354 533 3554 589 victutlt

322 608 420 663 καὶ
454 607 554 671 τὰς
598 607 830 679 ὁμόρους
875 608 1085 680 ἔχοντα,
1135 613 1455 684 Μαδιηναίοί
1500 633 1561 670 τε
1606 618 1705 671 καὶ
1746 620 1795 671 oi
1828 621 1893 679 ἐκ

322 695 529 771 Γεφάρ.
557 694 741 754 Ἦσαν
786 700 896 772 γὰρ
942 694 1209 775 βδελυροὶ,
1263 707 1355 760 καὶ
1399 708 1749 779 ἀκρόϐυστοι,
1797 710 1894 764 καὶ

320 791 728 862 είδωλολάτραι,
773 793 890 847 ἀλλ’
930 795 1011 848 ὃτι
1063 796 1419 867 κεκλήσονται
1458 801 1554 853 καὶ
1592 801 1761 865 αὐτοὶ,
1798 801 1894 856 καὶ

325 882 811 952 καρποφορήσουσι
855 882 935 953 τῷ
982 883 1122 955 Θεῷ,
1145 886 1506 942 διαδείκνυσιν
1554 892 1614 944 ἐν
1661 890 1892 955 τούτοις.

322 964 505 1023 Ἦσαν
537 972 636 1041 μὲν
669 971 777 1043 γὰρ
801 973 1034 1043 ἐμϐάται
1076 978 1359 1048 καμήλων,
1388 979 1482 1033 καὶ
1512 980 1609 1043 τὰς
1651 980 1746 1034 τοῦ
1793 981 1892 1053 ζῇν

321 1059 577 1130 ἀφορμὰς
632 1061 740 1115 ἀπό
780 1080 846 1132 γε
893 1063 985 1117 τοῦ
1034 1066 1326 1136 μάχεσθαι,
1372 1070 1469 1122 καὶ
1511 1075 1892 1143 κτηνοτροφεῖν

322 1148 668 1222 ἐπορίζοντοο
721 1147 862 1224 ἦσαν
904 1155 961 1208 δὲ
998 1156 1080 1209 ὅτι
1118 1156 1356 1227 μάλιστα
1405 1161 1518 1223 τοῖς
1560 1160 1619 1227 ἐξ
1656 1161 1890 1234 Ἰσραήλ,

324 1240 443 1293 ἀλλ’
470 1242 517 1294 οἱ
548 1242 678 1295 ποτὲ
714 1242 1056 1315 πλανώμενοι
1081 1245 1298 1318 βέϐηλοι
1319 1265 1377 1301 τε
1415 1250 1509 1302 καὶ
1538 1250 1757 1321 ἄμικτοι
1781 1256 1893 1317 τοῖς

321 1332 672 1401 ἡγιασμένοις
698 1331 904 1404 ἥξουσι,
935 1337 1120 1407 φησιν,
1149 1338 1209 1391 οὐ
1240 1339 1357 1392 καθ’
1385 1340 1481 1395 ἕνα
1515 1342 1735 1412 μᾶλλον,
1762 1344 1891 1413 ἁγε-

318 1423 478 1494 ληδὸν
504 1424 561 1477 δὲ
589 1424 797 1497 ὥσπερ,
834 1429 927 1480 καὶ
967 1428 1110 1482 κατὰ
1154 1430 1384 1501 πληθὺν,
1415 1432 1447 1504 ἢ
1478 1434 1742 1505 καμήλοις
1785 1437 1886 1489 ἐπ-

318 1513 628 1584 οχούμενοι,
673 1516 839 1587 ῆγουν
873 1519 1019 1591 ἆπερ
1072 1519 1255 1590 ἔχουσι
1286 1524 1766 1594 προσκομίζοντες,
1793 1526 1887 1580 καὶ

319 1606 434 1668 τοῖς
460 1606 598 1658 κατά
624 1609 781 1677 χεῖρα
804 1608 1070 1679 τιμῶντες
1106 1610 1259 1666 Θεόν.
1295 1630 1314 1664 ι
1350 1611 1579 1679 Ἦξουσι
1604 1616 1661 1668 δὲ
1688 1616 1887 1681 πάντες

318 1694 385 1746 ἐκ
422 1694 605 1748 Σαϐϐᾶ
636 1697 891 1768 φέροντες
918 1699 1140 1770 χρυσίον
1180 1702 1274 1753 καὶ
1305 1700 1542 1769 λίϐανον,
1566 1703 1773 1757 οἴσουσι
1796 1705 1888 1758 καὶ

316 1778 466 1838 λίθον
491 1784 691 1855 τίμιον,
734 1788 827 1839 καὶ
864 1786 925 1840 τὸ
978 1789 1242 1859 σωτήριον
1272 1790 1478 1862 Κυρίου
1517 1793 1889 1863 εὐαγγελιοῦν-

1995 630 2061 677 ex
2092 616 2243 674 hellis
2269 629 2324 674 et
2345 620 2625 690 pecoribus
2671 621 2951 689 pascendis
2988 622 3327 690 quaerebant;
3363 630 3542 676 erant-

1997 722 2101 777 que
2126 708 2381 765 lsraelitis
2411 709 2791 765 inimicissimi.
2850 710 2954 766 Sed
3017 711 3109 780 qui
3173 710 3322 776 olim,
3360 710 3558 781 inquit,

1996 799 2251 854 errabant
2316 810 2370 856 et
2427 800 2635 871 profani
2678 811 2852 868 erant,
2917 800 3226 871 nullumque
3303 800 3565 856 habebam

1996 903 2119 942 cum
2182 888 2532 946 sanctiﬁcatis
2596 890 3003 957 commercium,
3085 890 3325 955 venient,
3372 890 3566 958 inquit,

1995 993 2101 1033 non
2135 978 2357 1045 viritim,
2403 980 2497 1036 sed
2547 981 2809 1052 gregatim
2841 990 2895 1034 et
2928 980 3226 1044 turmatim,
3266 979 3350 1033 vel
3385 994 3565 1033 came-

1994 1066 2060 1124 lis
2084 1068 2247 1133 vecti,
2302 1068 2383 1124 vel
2409 1084 2528 1138 quae
2562 1070 2760 1125 habent
2782 1069 3129 1133 adducentes,
3169 1069 3236 1123 iis
3295 1082 3412 1137 qua:
3457 1081 3566 1137 pra:

1994 1159 2242 1214 manibus
2279 1166 2405 1213 sunt
2435 1158 2673 1214 colentes
2716 1159 2903 1214 Deum.
2942 1176 2961 1210 ι
2997 1159 3334 1227 Venientque
3365 1171 3558 1212 omnes

1992 1263 2060 1304 ex
2091 1248 2289 1317 Sabba,
2352 1250 2586 1306 ferentes
2614 1266 2806 1306 aurum
2837 1260 2891 1305 et
2930 1250 3077 1317 thus,
3119 1259 3172 1305 et
3198 1249 3375 1304 ferent
3424 1248 3562 1317 lapi-

1995 1341 2115 1395 dem
2144 1342 2541 1410 pretiosum,ac
2563 1341 2786 1398 salutem
2825 1340 3035 1396 Domini
3066 1338 3558 1411 evangelizabunt.»

1995 1429 2173 1485 Sahha
2204 1431 2351 1501 regio
2371 1440 2453 1486 est
2470 1430 2608 1486 ultra
2641 1442 2835 1487 terram
2858 1432 3117 1494 Arabum,
3146 1440 3201 1485 et
3225 1443 3391 1500 prope
3413 1443 3564 1485 mare

1994 1518 2255 1577 Rubrum:
2281 1536 2347 1577 ex
2363 1538 2465 1594 qua
2484 1521 2657 1577 Sahha
2672 1521 2982 1593 [EthiOpum
3004 1520 3209 1592 regina,
3234 1520 3563 1589 temporibus

1994 1608 2315 1679 Salomonis,
2368 1612 2591 1668 accessit
2626 1610 3315 1669 Jerusalem.Fertilissima
3354 1619 3437 1665 est
3467 1625 3554 1665 re-

1991 1702 2079 1770 gio
2114 1702 2288 1768 thure,
2329 1717 2460 1758 auro
2483 1710 2537 1756 et
2561 1701 2822 1772 lapidibus
2861 1702 3076 1757 lndicis.
3103 1700 3329 1757 Venient
3373 1701 3556 1772 igitur,

1992 1790 2183 1861 inquit,
2227 1793 2456 1847 fructum
2517 1793 2788 1862 parientes
2853 1792 2906 1847 in
2955 1791 3217 1863 gloriam,
3279 1798 3336 1847 et
3394 1791 3561 1845 addu-

318 1890 431 1927 ται.
468 1893 487 1925 ι
524 1872 693 1946 Χώρα
721 1874 881 1929 πάλιν
918 1877 1066 1930 ἐστὶν
1097 1879 1129 1947 ή
1165 1878 1352 1932 Σαϐϐὰ
1382 1881 1484 1949 τῆς
1520 1882 1765 1955 Ἀράϐων
1792 1886 1887 1937 ἐπ-

1988 1891 2171 1938 centes
2205 1884 2327 1940 thus
2353 1891 2408 1939 et
2463 1899 2653 1938 aurum
2702 1899 2767 1939 ac
2833 1884 3054 1954 lapides,
3132 1883 3245 1937 sive
3294 1884 3559 1938 honorum

313 1964 630 2029 ἐκεινα,κα“ι
650 1964 820 2035 ἀγχοῦ
852 1966 1050 2037 μᾶλλον
1070 1966 1347 2040 Θαλάσσης
1369 1970 1658 2041 Ἐρυθρᾶς,
1678 1973 1736 2039 ἐξ
1758 1968 1823 2045 ἧς
1851 1975 1885 2044 ἡ

315 2050 502 2105 Σαϐϐὰ
531 2053 564 2123 ή
593 2052 701 2106 τῶν
727 2052 998 2109 Αἰθιόπων
1040 2057 1330 2126 βασίλισσα
1363 2058 1421 2113 ὲν
1454 2062 1570 2123 τοῖς
1604 2060 1887 2132 Σολομῶν-

313 2159 407 2206 τος
432 2147 643 2213 καιροῖς
671 2144 997 2217 ἐπεφοίτησε
1028 2150 1095 2219 τῇ
1125 2147 1506 2221 Ἰερουσαλήμ.
1532 2151 1883 2223 Γονιμωτάτη

311 2232 372 2287 δὲ
416 2234 450 2303 ή
500 2234 653 2307 χώρα
693 2235 1013 2303 λιϐανωτοῦ,
1058 2238 1261 2310 χρυσοῦ
1323 2257 1383 2293 τε
1435 2240 1528 2294 καὶ
1572 2240 1733 2296 λίθων
1776 2243 1886 2299 τῶν

324 2322 584 2377 Ἰνδικῶν.
618 2324 843 2391 Ἥξουσι
870 2326 1068 2393 τοίνυν,
1120 2328 1273 2399 φησὶ,
1305 2331 1783 2403 καρποφοροῦντες
1806 2335 1886 2396 είς

307 2411 470 2477 δόξαν
502 2411 660 2479 Θεοῦ,
712 2416 807 2468 καὶ
854 2418 1222 2486 προσάγοντες
1252 2418 1489 2486 λίϐανον,
1539 2423 1631 2474 καὶ
1664 2422 1884 2492 χρυσὸν,

314 2503 413 2555 καὶ
440 2502 643 2568 λίθους,
672 2505 840 2575 ήγουν
878 2506 975 2576 τὴν
1014 2507 1070 2572 ἐξ
1110 2507 1287 2579 ἔργων
1329 2509 1553 2577 ἀγαθῶν
1600 2510 1881 2581 εὐοσμίαν,

313 2594 410 2648 καὶ
456 2594 788 2664 φαιδρότητα
822 2597 1040 2668 νοητὴν,
1086 2600 1178 2651 καὶ
1214 2599 1442 2654 πλοῦτον
1490 2602 1881 2670 πνευματικόν.

316 2707 336 2737 1
372 2685 825 2755 Εὑαγγελιοῦνται
859 2688 915 2742 δὲ
956 2692 1051 2744 καὶ
1092 2691 1154 2744 τὸ
1207 2695 1473 2766 σωτήριον
1521 2693 1615 2747 τοῦ
1666 2694 1821 2750 Θεοῦ.
1858 2716 1877 2748 ο

309 2775 562 2830 Πλεῖστοι
595 2779 694 2847 μὲν
722 2778 830 2849 γὰρ
860 2780 972 2832 ὅσοι
1026 2781 1320 2853 κέκληνται
1354 2784 1451 2854 μὲν
1485 2782 1546 2850 ἐξ
1574 2784 1760 2849 ἐθνῶν,
1792 2803 1883 2838 σε·

311 2869 616 2937 σοφωμένοι
653 2868 711 2922 δέ
752 2870 851 2939 τὴν
880 2870 1127 2940 καρδίαν,
1160 2874 1253 2926 καὶ
1277 2874 1385 2927 τῶν
1413 2875 1571 2945 ιερῶν
1598 2875 1884 2946 δογμάτων

310 2957 439 3011 νοῦν
475 2958 731 3025 λαϐόντες
757 2962 1098 3030 ἐπιστήμονα
1126 2963 1502 3018 διδασκαλικὸν
1530 2967 1794 3035 ἐσχήκασι
1824 2966 1884 3018 τὸ

307 3048 552 3120 ἀξίωμα,
589 3052 686 3104 καὶ
729 3052 829 3124 τὴν
860 3055 1010 3127 παρὰ
1048 3054 1142 3107 τοῦ
1190 3056 1406 3109 πάντων
1444 3056 1602 3126 ἡμῶν
1633 3058 1885 3127 Σωτῆρος

309 3142 550 3213 Χριστοῦ
584 3145 854 3215 σωτηρίαν
884 3164 943 3199 τε
979 3147 1073 3199 καὶ
1117 3146 1296 3217 χάριν,
1335 3147 1540 3216 ἑτέροις
1585 3147 1882 3218 διακηρύτ-

310 3250 497 3298 τοντες
540 3235 630 3288 τὸν
679 3236 780 3306 τῆς
822 3238 1177 3308 γνησιότητος
1224 3237 1553 3307 ἁνεδήσαντο
1594 3217 1880 3306 στέφανον.
1911 3217 1955 3277 c

315 3342 335 3375 ε
377 3325 602 3388 Ἤξουσι
660 3326 716 3379 δέ
775 3345 879 3390 σοι,
941 3330 1094 3400 φησὶ,
1149 3328 1243 3379 καὶ
1292 3327 1361 3380 τὰ
1394 3327 1639 3399 πρόϐατα
1672 3328 1882 3398 Κηδὰρ,

310 3417 409 3469 καὶ
436 3418 484 3469 oi
512 3419 657 3487 κριοὶ
684 3418 966 3485 Ναϐαιὼθ,
999 3419 1091 3471 καὶ
1130 3417 1575 3488 ἀνενεχθήσονται
1602 3418 1765 3472 δεκτὰ
1794 3418 1885 3472 ἐπὶ

308 3509 375 3560 τὸ
419 3508 799 3579 θυσιαστήριόν
829 3527 952 3578 μου.
992 3529 1010 3563 ι
1060 3510 1249 3581 Κηδὰρ
1278 3511 1354 3575 δὲ,
1395 3511 1488 3563 καὶ
1518 3508 1747 3563 Ναϐεὼθ
1777 3511 1886 3580 χῶ-

313 3614 408 3669 ραι
442 3597 603 3654 πόιλιν
653 3599 838 3671 ἕτεραι
868 3599 1096 3672 λιπαραί
1126 3618 1186 3653 τε
1222 3601 1315 3654 καὶ
1345 3600 1573 3665 εὖϐοτοι,
1604 3602 1698 3654 καὶ
1739 3601 1887 3655 πλεί-

314 3704 476 3752 στους
520 3690 617 3758 μὲν
658 3690 880 3760 ἔχουσαι
925 3693 1051 3755 τοὺς
1096 3691 1435 3755 ἐνοικοῦντας
1483 3693 1701 3755 αὐταῖς,
1748 3691 1885 3763 πλὴν

313 3776 722 3848 είδωλολάτρας,
757 3781 851 3832 καὶ
884 3780 1353 3851 πεπλανημένους,
1397 3778 1557 3833 Ἀλλὰ
1593 3781 1684 3833 καὶ
1715 3772 1882 3845 οὗτοι,

314 3870 470 3939 φησι,
508 3872 715 3940 κριοὺς,
758 3872 851 3924 καὶ⁵
891 3872 1140 3942 πρόϐατα
1179 3872 1549 3942 προσοίσουσι,
1574 3871 1670 3924 καὶ
1707 3871 1887 3924 πάντα

314 3959 471 4014 ἕσται
498 3962 664 4014 δεκτὰ
712 3962 804 4015 ἐπὶ
848 3962 908 4015 τὸ
957 3962 1342 4033 θυσιαστήριόν
1373 3978 1499 4032 μου·
1536 3960 1714 4014 καίτοι
1744 3961 1887 4015 κατά

313 4068 383 4121 γε
414 4052 505 4106 τὸν
548 4053 791 4116 Μωσέως
829 4054 993 4124 νόμον
1031 4054 1132 4106 οὐκ
1176 4053 1307 4124 ἐξῆν
1361 4051 1671 4120 ἁλλογενέσι
1716 4067 1886 4121 προσο

314 4143 470 4211 άγειν
508 4141 699 4206 θυσίας
738 4141 815 4213 τῷ
857 4143 997 4214 Θεῷ.
1035 4144 1154 4197 Οὐδ’
1190 4144 1257 4197 ἂν
1287 4144 1336 4196 εί
1367 4143 1645 4215 προσῆγον
1691 4141 1887 4205 δεκτὰς

314 4232 604 4302 ἐποιήσατό
646 4249 729 4295 τις
782 4231 966 4293 αὐτάς.
1025 4230 1163 4284 Ἀλλ’
1218 4232 1327 4285 ἰδοὺ
1378 4231 1707 4302 προστάττει
1756 4230 1887 4296 Θεὸς

312 4324 510 4387 δεκτὰς
552 4318 690 4376 εἶναι
734 4324 826 4376 και
854 4322 1057 4385 ταύτας
1088 4324 1201 4386 τοῖς
1230 4322 1405 4390 ἁγίοις
1455 4324 1883 4395 θυσιαστηρίοις.

327 4414 419 4469 Ἐν
443 4414 549 4485 γὰρ
577 4414 799 4485 Χριστῷ
835 4414 1010 4485 Ἰησοῦ
1038 4415 1138 4467 οὐκ
1168 4414 1246 4467 ἔνι
1275 4414 1479 4480 δοῦλος,
1515 4415 1635 4468 οὐδὲ
1667 4414 1885 4468 ἐλεύθε-

316 4524 442 4579 ρος,
486 4507 790 4580 βάρϐαρος,
840 4506 1086 4578 Σκύθης,
1128 4506 1328 4577 Ἕλλην
1366 4524 1426 4559 τε
1465 4510 1558 4561 καὶ
1618 4507 1884 4571 Ἰουδαῖος,

313 4596 453 4653 ἀλλὰ
482 4598 679 4663 πάντα,
705 4598 799 4650 καὶ
821 4599 877 4651 ἐν
907 4599 1038 4651 πᾶσι
1068 4597 1322 4669 Χριστός.
1343 4598 1439 4650 Ἐν
1462 4598 1569 4667 γὰρ
1594 4598 1882 4665 γεγόνασιν

311 4690 367 4742 οἱ
392 4686 483 4741 δύο
508 4687 628 4741 λαοὶ
648 4729 662 4754 ,
702 4687 1124 4756 κατενεγκόντος
1152 4685 1316 4740 αὑτοῦ
1351 4688 1411 4739 τὸ
1444 4688 1758 4757 μεσότοιχον
1788 4685 1883 4738 τοῦ

314 4778 595 4851 φραγμοῦ,
645 4779 743 4831 καὶ
783 4778 875 4832 τὸν
923 4778 1085 4848 νόμον
1122 4777 1234 4830 τῶν
1278 4775 1507 4830 ἐντολῶν
1551 4778 1610 4829 ἐν
1649 4776 1884 4847 δόγμασι

312 4871 785 4942 καταργήσαντος.
843 4870 1039 4923 Δεκταὶ¹
1088 4869 1267 4922 τοίνυν
1313 4870 1367 4921 al
1410 4868 1629 4921 πάντων
1681 4867 1884 4931 θυσίαι,

312 4964 651 5035 προσιόντων
677 4961 796 5033 Θεῷ
820 4961 908 5016 διὰ
929 4962 1026 5031 τῆς
1051 4961 1287 5023 πίστεως
1321 4962 1378 5013 ἐν
1406 4957 1646 5030 Χριστῷ.
1664 4958 1883 5023 Ἐδοξά-

316 5055 421 5128 σθη
454 5056 511 5110 δὲ
552 5057 580 5108 ό
626 5049 774 5117 οἶκος
800 5054 898 5123 τῆς
934 5054 1244 5124 προσευχῆς
1285 5051 1381 5103 τοῦ
1423 5048 1580 5103 Θεοῦ.
1630 5050 1738 5103 Καί
1792 5067 1883 5119 μοι

314 5148 481 5201 πάλιν
507 5146 658 5217 ἄθρει
686 5143 780 5198 τοῦ
806 5143 966 5212 λόγου
999 5144 1059 5196 τὸ
1092 5142 1272 5212 βάθοςο
1304 5142 1365 5196 οὺ
1400 5141 1506 5212 γὰρ
1536 5140 1758 5204 θυσιῶν,
1793 5141 1886 5194 καὶ

316 5238 561 5304 καπνῶν,
591 5234 736 5291 οἶκον
778 5234 859 5289 ἔτι
905 5235 1151 5305 βούλεται
1201 5232 1480 5288 καλεῖσθαι
1506 5232 1605 5303 τὴν
1651 5232 1885 5302 Ἐκκλη-

321 5329 462 5395 σίαν,
492 5329 745 5400 καθάπερ
774 5327 967 5398 ἀμέλει
1004 5326 1098 5379 καὶ
1125 5326 1214 5378 τὸν
1252 5326 1311 5377 ἐν
1337 5326 1452 5387 τοῖς
1490 5321 1882 5394 Ἰεροσολύμοις

324 5418 468 5482 ναὸν,
509 5418 671 5487 εὐχῆς
709 5416 766 5469 δὲ
802 5416 1020 5487 μᾶλλον,
1052 5414 1317 5478 τουτέστι,
1361 5413 1617 5481 λατρείας
1644 5427 1886 5481 πνευμα-

1987 1987 2207 2041 operum
2238 1989 2454 2029 suavem
2490 1975 2834 2043 fragrantiam
2868 1982 2922 2029 et
2968 1973 3309 2043 splendorem
3357 1974 3458 2027 sub
3482 1974 3561 2026 in-

1987 2062 2336 2132 telligentiam
2405 2065 2711 2129 cadentem,
2804 2062 3128 2133 divitiaSque
3217 2062 3547 2130 spirituales.

1991 2170 2010 2204 ι
2047 2152 2112 2206 Ει
2145 2151 2594 2221 evangelizahunt
2627 2151 2852 2206 salutem
2884 2151 3114 2206 Domini.
3159 2167 3178 2202 ι
3240 2150 3560 2218 Complures

1984 2243 2128 2297 enim
2162 2243 2338 2297 vocati
2371 2250 2496 2297 sunt
2527 2256 2593 2297 ex
2621 2243 2891 2312 gentibus,
2937 2250 2992 2295 et
3049 2241 3212 2297 corde
3262 2243 3557 2310 sapientes,

1982 2344 2037 2391 et
2065 2349 2220 2389 saera
2258 2336 2506 2402 dogmata
2557 2344 2736 2389 mente
2791 2342 3057 2398 tenentes,
3112 2332 3339 2389 docendi
3383 2342 3559 2386 aucto-

1982 2426 2147 2479 ritate
2224 2424 2461 2494 przediti:
2491 2432 2546 2478 et
2579 2424 2805 2478 salutem
2829 2438 2891 2478 ac
2924 2423 3174 2493 gratiam,
3208 2423 3276 2476 ab
3317 2422 3557 2476 omnium

1984 2524 2225 2569 nostrum
2262 2513 2549 2569 Servatore
2593 2512 2830 2579 Christo,
2894 2512 3015 2567 aliis
3047 2512 3420 2582 praedicantes,
3483 2510 3560 2563 in-

1982 2604 2271 2673 genuitatis
2303 2618 2500 2657 corona
2552 2602 2781 2658 redimiti
2811 2613 2954 2656 sunt.
3000 2619 3020 2654 ι
3077 2601 3331 2656 Venient‘
3367 2602 3556 2664 etiam,

1983 2697 2179 2767 inquit,
2222 2711 2350 2750 oves
2374 2695 2549 2750 Cedar
2591 2705 2645 2748 et
2688 2695 2885 2751 arietes
2916 2692 3182 2760 Nabeoth,
3220 2703 3278 2748 et
3327 2691 3551 2747 ol'l'eren-

1984 2795 2070 2840 tur
2125 2785 2477 2855 acceptabilia
2523 2800 2685 2855 super
2758 2800 2906 2838 aram
2981 2798 3178 2839 meam.
3217 2802 3235 2835 r
3284 2770 3473 2838 Cedar'
3505 2791 3559 2837 et

1981 2874 2247 2942 Nabenth,
2290 2876 2535 2944 regiones
2562 2888 2748 2929 rursus
2793 2882 2917 2928 sunt
2947 2873 3083 2939 alia,
3120 2874 3315 2943 opima:
3357 2883 3411 2928 et
3460 2888 3556 2941 pa-

1982 2966 2180 3020 hulosa:
2224 2980 2287 3020 ac
2321 2965 2582 3035 plurimos
2612 2966 2811 3019 habent
2840 2965 3063 3028 incolas,
3094 2979 3279 3017 verum
3331 2963 3555 3016 idolola-

1984 3065 2098 3110 tras
2133 3064 2187 3111 et
2213 3067 2474 3112 errantes.
2510 3055 2615 3110 Sed
2651 3066 2704 3110 et
2739 3056 2815 3119 hi,
2840 3056 3033 3125 inquit,
3062 3055 3261 3109 arietes
3333 3064 3388 3109 et
3427 3069 3557 3107 oves

1985 3148 2270 3213 adducent,
2296 3155 2348 3200 et
2366 3147 2543 3201 omnia
2568 3157 2725 3200 erunt
2749 3155 2966 3215 accepta
2996 3162 3159 3215 super
3179 3161 3329 3199 aram
3357 3160 3552 3213 meam,

1985 3238 2194 3293 etiamsi
2226 3239 2342 3308 lege
2384 3236 2615 3292 Mosaica
2655 3237 2857 3292 licitum
2906 3252 3011 3290 non
3064 3236 3227 3291 fuerit
3302 3236 3558 3306 alienige-

1986 3329 2090 3393 nis,
2135 3329 2245 3383 Deo
2281 3329 2486 3384 hostias
2523 3328 2752 3383 offerre:
2789 3337 2844 3383 et
2901 3328 2945 3383 si
3009 3329 3353 3397 obtulissent,
3401 3344 3555 3384 acce-

1987 3425 2106 3486 ptas
2131 3415 2248 3470 illas
2282 3431 2385 3470 non
2426 3417 2678 3472 habebat.
2716 3416 2822 3471 Sed
2872 3430 2999 3472 ecce
3034 3417 3188 3486 jubet
3243 3420 3381 3474 Deus
3438 3418 3557 3473 illas

1986 3514 2237 3575 acceptas
2264 3520 2407 3571 esse,
2435 3507 2487 3560 in
2514 3507 2721 3562 sanctis
2758 3507 2891 3563 aris.
2922 3507 2977 3563 In
3012 3510 3231 3565 Christo
3258 3511 3400 3565 enim
3431 3509 3558 3565 Jesu

1985 3611 2090 3650 non
2134 3606 2217 3651 est
2262 3612 2485 3663 servus,
2552 3613 2729 3667 neque
2780 3598 2934 3663 liber,
2991 3598 3271 3663 barbarus,
3338 3600 3558 3671 Scytha,

1984 3686 2204 3742 Gra'cus
2242 3685 2555 3755 etJudaeus,
2600 3691 2693 3744 sed
2720 3691 2900 3744 omnia
2925 3698 2978 3745 et
3032 3690 3085 3744 in
3110 3691 3361 3747 omnibus
3408 3692 3560 3747 Chri-

1984 3786 2120 3832 stus.
2162 3776 2335 3832 Unum
2372 3779 2517 3832 enim
2546 3780 2674 3834 lacti
2707 3790 2834 3835 sunt
2871 3781 2976 3836 duo
3013 3782 3217 3849 populi,
3276 3797 3397 3837 cum
3462 3782 3554 3838 ille

1986 3869 2336 3922 lnterstitium
2393 3871 2645 3925 maceriae
2688 3871 2966 3940 dejecerit,
3023 3881 3077 3925 et
3124 3871 3295 3941 legem
3336 3874 3559 3929 manda-

1987 3966 2162 4010 torum
2209 3957 2262 4011 in
2294 3958 2558 4028 dogmatis
2579 3958 2744 4039 845
2781 3958 3096 4014 aboleverit.
3134 3960 3384 4032 Accepta:
3421 3973 3549 4018 sunt

1986 4046 2153 4117 igitur
2197 4046 2388 4101 hostiae
2435 4060 2644 4113 eorum,
2696 4050 2785 4119 qui
2850 4064 2950 4120 per
2998 4050 3156 4106 iidem
3218 4053 3273 4107 in
3341 4052 3557 4111 Christo

1989 4135 2255 4190 accedunt
2281 4138 2349 4190 ad
2389 4137 2576 4192 Deum.
2618 4155 2637 4189 ι
2665 4137 2733 4193 Ει
2766 4139 3000 4207 gloriosa
3038 4141 3229 4199 ellecta
3257 4144 3558 4200 estdomus

1985 4227 2249 4283 orationis
2312 4227 2425 4281 Dei.
2481 4226 2688 4283 Rursus
2736 4228 2867 4283 mihi
2913 4228 3217 4287 Iconsidera
3285 4232 3552 4290 orationis

1987 4316 2428 4386 profunditatem.
2464 4317 2579 4373 Non
2639 4319 2784 4373 enim
2833 4320 3134 4376 hostiarum
3178 4330 3235 4378 et
3284 4322 3555 4381 {umorum

1988 4409 2203 4464 domum
2226 4407 2340 4478 jam
2366 4409 2550 4465 vocari
2586 4410 2701 4465 vult
2728 4411 3055 4478 Ecclesiam,
3082 4398 3251 4469 ἐἰρυιί
3295 4417 3554 4473 nimirum

1999 4497 2257 4566 templum
2323 4496 2868 4569 Jerosolymitanum,
2919 4501 3012 4554 sed
3063 4502 3392 4569 precationis
3463 4520 3559 4573 po-

1994 4589 2120 4651 tius,
2170 4588 2223 4643 id
2255 4597 2340 4644 est
2377 4588 2557 4643 cultus
2611 4589 2935 4657 spiritualis.
3000 4589 3187 4646 Psallit
3222 4601 3405 4648 autem
3454 4595 3558 4650 ali-

1986 4679 2132 4743 cuhi,
2187 4688 2243 4733 et
2272 4678 2348 4732 ait
2397 4676 2612 4733 divinus
2693 4680 2897 4735 David:
2954 4700 2973 4733 ι
3039 4681 3321 4752 Dirigatur
3376 4686 3555 4740 oratio

1988 4786 2127 4835 mea,
2154 4769 2297 4825 sicut
2339 4771 2622 4825 incensum
2677 4771 2732 4825 in
2787 4783 3080 4842 conspectu
3144 4784 3261 4839 tuo,
3323 4776 3557 4832 elevatio

1988 4876 2244 4915 manuum
2271 4876 2513 4916 mearum
2570 4862 2895 4917 sacriﬁcium
2919 4864 3285 4934 vespertinum
3316 4868 3356 4921 ι.
3392 4886 3413 4919 ι
3446 4868 3555 4924 No-

1993 4951 2211 5006 tandum
2255 4953 2420 5007 etiam
2483 4953 2643 5022 hujus
2681 4954 2937 5009 versiculi
2983 4956 3311 5012 mentionem
3362 4958 3558 5016 fecisse

1989 5043 2164 5112 ipsum
2195 5042 2567 5108 Servatorem,
2600 5059 2722 5098 cum
2788 5043 3097 5103 Judaeorum
3155 5050 3556 5117 negotiationes

1991 5133 2357 5201 reprehendit,
2391 5143 2449 5189 et
2477 5134 2645 5190 dicit:
2677 5152 2700 5187 ι
2742 5133 3015 5205 Scriptum
3041 5145 3155 5194 est:
3188 5142 3388 5195 Domus
3410 5157 3553 5205 mea,

1989 5226 2182 5280 domus
2223 5226 2488 5281 orationis
2518 5226 2819 5281 vocabitur.
2869 5225 2976 5281 Vos
3000 5237 3181 5284 autem
3237 5230 3408 5299 ipsam
3462 5230 3557 5284 la—

1989 5317 2112 5371 eitis
2139 5316 2445 5385 speluncam
2499 5317 2771 5372 latronum
2805 5320 2850 5373 ¹.
2885 5337 2906 5371 ι
2964 5320 3097 5374 Cum
3142 5321 3306 5390 igitur
3364 5325 3556 5377 domus

1989 5408 2255 5462 orationis
2290 5406 2429 5463 facta
2449 5416 2554 5474 est,
2589 5417 2716 5463 tunc
2758 5424 2975 5479 quoque
3000 5411 3301 5480 gloriﬁcata
3340 5421 3445 5468 est.

311 5512 496 5584 τικῆς.
524 5512 730 5567 vfens;
761 5511 816 5564 δέ
842 5528 948 5564 που
980 5512 1076 5564 καὶ
1113 5508 1274 5579 φησὶν
1298 5510 1327 5560 ὁ
1354 5507 1639 5570 θεσπέσιος
1675 5503 1870 5560 Δαϐίδ⁸
1897 5520 1917 5555 ι
1948 5502 2383 5573 Κατευθυνθήτω
2419 5504 2453 5574 ἡ
2486 5503 2761 5573 προσευχή
2792 5502 3011 5573 μου,ὡς
3049 5503 3300 5581 θυμίαμα
3325 5503 3555 5558 Nam

316 5624 441 5671 σου,
490 5605 718 5677 ἔπαρσις
777 5606 885 5659 τῶν
930 5604 1128 5677 χειρῶν
1175 5620 1276 5672 μου
1334 5601 1495 5655 θυσία
1536 5602 1820 5671 ἐσπερινή.
1859 5617 1880 5653 ι
1922 5597 2263 5669 Σημειωτέον
2306 5598 2364 5650 δὲ
2422 5598 2506 5651 ὅτι
2556 5596 2742 5651 τοῦτον
2782 5596 2875 5651 τὸν
2947 5598 3157 5673 στοῖχον
3199 5596 3311 5689 καὶἱ
3335 5596 3495 5661 αὑτὸς
3523 5596 3555 5648 ό

395 5779 411 5808 ¹
436 5776 580 5831 Psal.
606 5792 727 5844 cst,
760 5777 815 5831 2.
893 5780 912 5809 ²
950 5778 1136 5833 Matth.
1168 5792 1280 5843 χχι,
1310 5776 1416 5843 13;
1449 5775 1610 5834 Marc.
1654 5791 1717 5839 ll.
1751 5778 1812 5832 l7
1838 5795 1854 5846 ;
1884 5776 2015 5835 Luc.
2049 5794 2159 5842 XIX,
2199 5778 2289 5833 l6.
