4096 6488
629 413 767 473 1531
1625 411 1684 466 S.
1721 408 1991 465 CYRILLI
2033 407 2195 463 ALE]

2296 407 2501 465 lDRlNl
2539 408 2856 466 ARCHIEP.
3777 413 3906 468 ιτιι

626 528 818 600 Σωτὴρ
843 525 1270 598 διιμνημόνιυσέ
1338 543 1439 579 που
1478 527 1596 589 ταῖς
1639 527 1910 581 Ἰουδαίων
1980 526 2274 600 ἐμπορίαις
2312 525 2603 598 ἐπιτιμῶν,
2655 526 2749 583 καὶ
2785 527 2958 597 λέγων
2982 544 2996 559 ·
3031 548 3049 580 ι
3084 528 3427 601 Γέγραπται·
3468 531 3526 584 '0
3570 525 3730 595 οἶκός
3789 548 3904 599 μου,

626 622 773 689 οἶκος
802 623 1113 696 προσευχῆς
1141 623 1493 696 κληθήσεται,
1530 624 1687 695 ὑμεῖς
1713 624 1769 678 δὲ
1811 624 1976 680 αὑτὸν
2010 625 2212 677 ποιεῖτε
2251 625 2516 696 σπήλαιον
2583 624 2818 697 λῃστῶν.
2861 644 2879 678 ι
2917 625 3046 678 Ὅτε
3091 627 3271 679 τοίνυν
3309 621 3455 691 οἶκος
3503 627 3698 695 γέγονε
3741 641 3905 695 προσ-

626 719 816 790 ιυχῆς,
842 715 964 770 τότε
994 715 1089 770 καὶ
1113 713 1447 780 δεδόξασται.

695 812 860 867 Vens.
890 811 945 875 8,
973 811 1028 867 9.
1063 810 1167 877 Qui
1211 820 1331 865 sunt
1378 812 1466 865 isti
1504 812 1595 880 qui
1634 822 1689 865 ut
1719 811 1878 866 nubes
1913 813 2110 877 volam,
2153 823 2195 866 et

2375 806 2548 871 Τίνες
2588 804 2714 858 οἵδε
2739 803 2818 871 ὡς
2865 804 3115 873 νεφέλαι
3153 805 3460 867 πέτανται,
3498 805 3600 858 καί
3635 807 3721 872 ὡς
3752 823 3905 876 περι-

622 916 678 960 ut
703 903 958 959 columba:
981 919 1097 957 cum
1123 901 1331 972 pullis?
1377 901 1465 957 Me
1510 903 1698 958 iusqu
1733 905 2119 970 sustinuerunt,
2156 917 2195 959 et

2306 897 2514 964 a'tepal
2538 896 2660 950 σὺν
2687 897 3010 960 νεοσσοῖς;
3047 895 3178 965 Ἐμὲ
3202 895 3381 964 νῆσοι
3413 897 3780 964 ὑπέμειναν,
3818 901 3906 952 και

621 1013 777 1052 naves
815 996 1032 1051 Titanis
1063 996 1118 1049 in
1141 996 1351 1063 primis,
1407 1005 1463 1048 ut
1490 994 1759 1048 adducant
1803 995 1990 1050 liberos
2030 1006 2147 1049 tuos
2177 1012 2195 1050 ι

2308 987 2494 1042 πλοῖα
2528 987 2781 1056 Θαρσεῖς
2808 989 2879 1041 ἐν
2899 986 3174 1056 πρώτοις,
3203 988 3447 1057 ἀγαγεῖν
3473 989 3546 1042 τὰ
3569 989 3766 1042 τέκνα
3797 1008 3903 1044 σευ

621 1087 925 1156 longinquo,
968 1094 1018 1139 et
1061 1095 1332 1154 argentum
1371 1095 1418 1139 et
1457 1101 1651 1138 aurum
1679 1100 1801 1138 cum
1830 1085 1960 1150 illis,
1992 1095 2195 1154 praptet

2301 1081 2627 1148 μακρόθεν,
2661 1080 2762 1133 καὶ
2787 1081 2896 1132 τὸν
2924 1081 3206 1148 ἆργιφον,
3245 1081 3341 1133 καὶ
3373 1081 3482 1132 τὸν
3512 1082 3767 1148 χρυσὸν
3786 1084 3902 1148 μετ’

621 1194 806 1232 nomen
835 1177 1050 1231 Domini
1089 1186 1353 1243 sanctum,
1387 1185 1434 1230 et
1467 1185 1678 1246 propter
1704 1174 1958 1231 Sanctum
2006 1175 2202 1242 Israel,

624 1278 682 1322 ut
703 1270 771 1322 sit
798 1267 1080 1338 gloriosus.

688 1358 844 1412 Licet
876 1357 1068 1412 iterum
1098 1357 1185 1412 hic
1207 1356 1389 1412 videre
1417 1356 1670 1412 Ecclesiae
1723 1370 1819 1412 seu
1849 1357 2203 1426 intelligibilis

618 1449 918 1505 Jerusalem
942 1463 1227 1520 personam
1268 1449 1653 1512 introductam,
1677 1447 1944 1503 levantem
1974 1449 2120 1503 velut
2147 1449 2200 1502 in

618 1540 847 1597 circuitu
873 1541 1083 1608 oculos,
1102 1549 1161 1594 ut
1181 1539 1389 1609 jussum
1414 1550 1498 1594 est
1517 1555 1546 1594 a
1565 1539 1676 1595 Deo
1700 1556 1716 1594 :
1743 1539 1938 1594 deinde
1963 1540 2200 1594 admira-

620 1643 710 1688 tur
736 1632 813 1701 ’l)
858 1631 1194 1687 currentium
1236 1645 1302 1686 eo
1349 1630 1776 1699 multitudinem,
1829 1640 1886 1687 et
1942 1631 2198 1702 populum

617 1738 718 1794 per
778 1723 937 1779 [idem
997 1731 1430 1794 congregatum,
1499 1723 1972 1780 innumerabilem.
2047 1724 2198 1791 «Qui

615 1823 747 1871 sunt
784 1815 952 1881 enim,
998 1814 1194 1886 inquit,
1229 1815 1320 1886 qui
1361 1823 1418 1870 ut
1455 1815 1625 1871 nubes
1665 1815 1871 1881 volant,
1912 1825 1968 1871 et
2013 1826 2074 1871 ut
2104 1831 2197 1870 co-

616 1904 818 1963 lumbze
863 1921 987 1964 cum
1035 1907 1248 1978 pullis?
1278 1925 1298 1961 ι
1331 1908 1658 1963 lrretiuntur
1703 1908 1851 1964 enim
1896 1922 1995 1977 per
2036 1908 2196 1964 ﬁdem

617 2013 726 2054 non
749 1999 910 2054 modo
936 2012 1116 2064 senes,
1141 2014 1329 2054 verum
1359 2000 1524 2054 etiam
1552 2014 1678 2055 cum
1710 1999 1818 2054 illis
1838 1999 2093 2068 juvenes,
2142 2007 2198 2055 et

617 2105 745 2146 cum
792 2089 918 2145 tiliis
959 2098 1166 2160 patres,
1210 2100 1426 2146 etcum
1473 2091 1688 2148 ﬁliabus
1737 2103 1959 2148 matres.
2009 2093 2197 2162 Itaque

616 2187 810 2235 contra
861 2193 1078 2235 omnem
1136 2190 1352 2236 aetatem
1400 2181 1739 2251 Evangelicze
1796 2184 2196 2253 praedicationis

621 2277 741 2324 rete
774 2269 1122 2339 expanditur.
1176 2269 1244 2325 Et
1285 2271 1410 2336 hoc,
1443 2270 1654 2340 opinor,
1694 2281 1777 2328 est
1804 2275 1946 2342 quod
1978 2271 2034 2326 in
2060 2271 2198 2328 libro

619 2358 965 2416 Psalmorum
1007 2363 1271 2432 scriptum
1319 2373 1443 2418 est:
1488 2383 1507 2416 ι
1538 2362 1777 2420 luvenes
1825 2375 1880 2420 et
1935 2366 2194 2434 virgines,

614 2465 779 2511 senes
804 2466 926 2507 cum
972 2451 1279 2521 junioribus
1312 2454 1535 2510 laudent
1591 2471 1786 2512 nomen
1822 2456 2033 2512 Domini
2066 2457 2106 2510 '.
2169 2475 2188 2509 ι

615 2541 814 2598 Volare
842 2557 936 2599 eos
965 2544 1118 2611 dicit,
1147 2555 1241 2602 aut
1263 2547 1389 2617 quia
1411 2548 1614 2604 vadunt
1634 2563 1700 2604 eo
1730 2565 1836 2604 non
1863 2549 2196 2620 negligenter

614 2643 671 2688 et
710 2633 960 2702 remisse,
991 2635 1086 2691 sed
1130 2644 1384 2707 tanquam
1415 2637 1669 2694 volucres
1692 2647 1746 2694 et
1780 2654 2065 2706 cursores;
2102 2649 2196 2694 aut

617 2722 790 2793 quod,
825 2732 1044 2778 terreno
1077 2732 1134 2779 et
1165 2724 1565 2781 humiliaﬂ'ectu
1592 2724 1858 2795 deposito,
1889 2726 1940 2780 in
1966 2725 2195 2780 sublime

619 2811 849 2867 tendunt
901 2813 1342 2882 quodammodo,
1395 2825 1451 2870 et
1499 2829 1599 2870 ceu
1643 2830 1676 2871 e
1725 2817 1859 2870 mari
1907 2818 2115 2882 nubes,
2164 2833 2193 2872 a

615 2902 1036 2960 tumultuatione
1060 2913 1113 2960 et
1138 2904 1350 2960 deliciis
1390 2907 1698 2972 mundanis,
1732 2907 1785 2961 in
1832 2907 2000 2962 altum
2059 2908 2196 2962 assi-

615 2993 756 3050 liunt
781 3003 837 3050 et
857 3006 1164 3067 emergunt,
1189 2997 1257 3053 ad
1290 3013 1597 3067 supremam
1645 2999 1967 3055 festinantes
2004 2999 2195 3054 civita-

615 3096 747 3140 tem.
774 3086 1092 3142 Admirante
1120 3087 1284 3158 igitur
1315 3089 1554 3144 Ecclesia
1581 3103 1648 3144 ex
1673 3091 1822 3145 omni
1855 3092 2074 3161 regione
2101 3105 2196 3160 per

614 3178 777 3234 ﬁdem
813 3193 1165 3244 concursum,
1217 3194 1444 3234 causam
1490 3180 1566 3234 rei
1621 3181 1820 3250 aperit,
1871 3195 2062 3236 rursus
2101 3195 2195 3236 eos

615 3279 842 3338 captans
889 3268 1059 3341 856
1098 3279 1152 3326 et
1188 3271 1466 3337 irretiens,
1501 3280 1558 3326 et
1587 3271 1802 3342 inquit:
1842 3293 1860 3326 ι
1884 3273 1969 3328 Me
2007 3273 2195 3328 insulae

613 3362 1014 3426 sustinuerunt,
1040 3369 1092 3416 et
1118 3377 1284 3418 naves
1313 3361 1563 3428 Tharsis,
1601 3374 1660 3419 ut
1693 3365 1967 3421 adducant
1993 3365 2194 3420 liberos

2305 1171 2504 1226 αὐτῶν
2536 1172 2635 1225 διὰ
2672 1173 2738 1226 τὸ
2763 1173 2950 1241 ὄνομα
2984 1172 3206 1239 Κυρίου
3245 1172 3313 1225 τὸ
3345 1170 3537 1239 ἅγιον,
3569 1172 3675 1225 καὶ
3713 1172 3754 1224 δ
3760 1173 3819 1226 ιὰ
3846 1173 3900 1225 τὸ

2304 1263 2411 1317 τὸν
2438 1265 2641 1332 ’Ἅγιον
2665 1263 2771 1317 τοῦ
2799 1262 3038 1330 Ἰσραὴλ
3082 1259 3338 1326 ἔνδοξον
3370 1258 3544 1317 εἶναι.

2378 1357 2593 1409 Ἕνεστι
2629 1355 2792 1408 πάλιν
2834 1356 2891 1408 ἐν
2937 1356 3148 1417 τούτοις
3176 1355 3303 1406 ἰδεῖν
3343 1354 3407 1406 τὸ
3433 1354 3534 1423 τῆς
3571 1353 3902 1422 Ἐκκλησίας

2305 1445 2595 1516 πρόσωπον
2628 1445 3135 1515 είσκεκομισμένον,
3170 1446 3288 1515 ἦτοι
3320 1444 3422 1512 τῆς
3460 1443 3671 1513 νοητῆς
3707 1445 3900 1510 Ἰερου-

2305 1536 2507 1607 σαλὴμ,
2537 1533 2670 1607 ἆρον
2703 1536 2890 1606 ῶσπερ
2917 1538 2974 1588 ἐν
3010 1536 3194 1606 κύκλῳ
3232 1537 3357 1598 τοὺς
3383 1536 3732 1606 ὀφθαλμοὺς,
3767 1537 3897 1588 καθὰ

2302 1627 2706 1698 προστέτακται
2724 1628 2874 1698 παρὰ
2889 1627 3046 1690 Θεοῦ,
3062 1623 3182 1682 εἶτα
3199 1629 3592 1698 καταπεπλανη
3601 1629 3748 1698 μένγε
3755 1647 3781 1692 ς
3800 1629 3898 1682 τῶν

2301 1718 2389 1770 ἐπ’
2419 1719 2562 1790 αὐτῇ
2597 1718 2899 1788 τρεχόντων
2923 1718 2983 1771 τὸ
3021 1720 3247 1789 πλῆθος,
3274 1722 3368 1772 καὶ
3394 1721 3502 1773 τῶν
3537 1721 3630 1774 διὰ
3669 1723 3900 1784 πίστεως

2302 1809 2801 1880 συναγηγερμένων
2821 1809 2912 1862 τὸν
2934 1809 3170 1880 ἀριθμοῦ
3199 1811 3399 1873 παντὸς
3425 1812 3694 1864 ἐπέκεινα
3713 1813 3894 1882 δῆμον.

2305 1917 2324 1952 ι
2350 1901 2509 1964 Τίνες
2538 1899 2646 1970 γὰρ
2679 1901 2786 1954 οἵδε
2819 1901 3103 1965 πέτανται,
3127 1903 3310 1971 φησιν,
3337 1902 3412 1964 ὼς
3434 1903 3684 1971 νεφέλαι,
3707 1905 3800 1956 καὶ
3830 1903 3899 1968 ὡς

2300 1991 2624 2062 περιστεραὶ
2656 1992 2752 2044 σὺν
2783 1994 3018 2052 νεοττοῖς
3047 2010 3061 2058 ;
3089 2010 3106 2042 ι
3147 1992 3548 2060 Σαγηνεύονται
3581 1992 3898 2063 13:96:31.!-

2301 2099 2490 2146 στεως,
2516 2081 2575 2133 οὺ
2612 2081 2916 2150 πρεσϐῦται
2949 2083 3134 2152 μόνον,
3160 2082 3294 2135 ἀλλὰ
3323 2084 3434 2153 γὰρ
3458 2084 3558 2135 σὺν
3589 2085 3784 2146 αὐτοῖς
3814 2085 3897 2138 καὶ

2230 2149 2269 2203 Β
2299 2172 2432 2236 νέοι,
2460 2173 2556 2226 καὶ
2595 2149 2733 2242 ὁμοῦ
2774 2173 2931 2226 παισὶ
2952 2149 3224 2244 -πατέρες,
3266 2149 3359 2227 καῖ
3395 2149 3709 2245 θυγατράσι
3741 2174 3897 2244 μητέ-

2303 2283 2414 2338 ρες.
2436 2265 2646 2320 υὺκοῦν
2673 2266 2813 2318 κατὰ
2840 2265 3020 2335 πάσης
3046 2265 3282 2336 ἡλικίας,
3306 2265 3367 2318 τὸ
3388 2265 3499 2317 τῶν
3523 2265 3897 2333 εὐαγγελικῶν

2298 2359 2669 2430 κηρυγμάτων
2687 2358 2947 2412 ἀπλοῦται
2963 2359 3125 2422 λῖνον,
3147 2359 3241 2411 καὶ
3269 2357 3449 2420 τοῦτο,
3481 2352 3670 2426 οἶμαι,
3703 2354 3820 2407 ἐστὶ
3841 2356 3896 2406 τὸ

2297 2451 2354 2503 ἐν
2383 2453 2449 2522 τῇ
2480 2450 2648 2522 βίϐλῳ
2681 2449 2927 2520 Ψαλμῶν
2964 2448 3372 2519 γεγραμμένονο
3407 2466 3424 2498 ι
3453 2446 3757 2499 Νεανέσκοι
3812 2446 3896 2497 καὶ

2297 2542 2575 2611 παρθένοι,
2600 2541 2902 2612 πρεσϐῦται
2930 2540 3069 2610 μετὰ
3093 2539 3369 2607 νεωτέρων
3423 2538 3810 2591 αἰνεσάτωσαν
3842 2537 3898 2586 τὸ

2295 2632 2466 2703 ὄνομα
2516 2633 2740 2703 Κυρίου.
2782 2653 2799 2684 ι
2837 2633 3112 2686 Πετᾶσθαι
3146 2632 3203 2684 δέ
3252 2647 3414 2699 φησιν
3460 2630 3688 2691 αὐτοὺς,
3733 2629 3766 2696 ἦ
3822 2629 3896 2678 ὅτι

2299 2723 2573 2794 βαδιοῦσιν
2627 2724 2713 2777 ἐπ’
2748 2723 2943 2795 αὐτὴν,
2974 2724 3076 2775 οὐκ
3125 2722 3414 2791 ἀτημελῶς
3445 2739 3501 2773 τε
3553 2723 3650 2772 καὶ
3705 2737 3896 2790 παρει-

2299 2816 2509 2886 μένως,
2548 2816 2662 2869 ἀλλ’
2705 2814 2818 2870 οἷον
2873 2815 3092 2884 πτηνοὶ,
3141 2814 3235 2866 καὶ
3283 2814 3572 2883 δρομαῖοι,
3617 2814 3790 2882 ἤγουν
3842 2811 3898 2863 τὸ

2296 2907 2516 2975 γεῶδες,
2545 2908 2639 2960 καὶ
2677 2908 2955 2978 χθαμαλὸν
2985 2907 3216 2977 ἀφέντες
3246 2906 3501 2976 φρόνημα
3540 2922 3893 2975 μετεωροπο-

2296 2999 2448 3053 λοῦσι
2481 2999 2680 3071 τρόπον
2724 3000 2869 3066 τινὰ,
2905 3001 2999 3053 καὶ
3027 3001 3217 3070 ῶσπερ
3241 3001 3304 3052 ἐκ
3341 2998 3621 3067 Θαλάττης
3655 2999 3896 3064 νεφέλαι,

2297 3095 2360 3146 ἐκ
2383 3093 2613 3164 θορύϐου
2642 3109 2701 3144 τε
2721 3093 2814 3145 καὶ
2845 3095 3056 3162 τρυφῆς
3086 3090 3376 3160 κοσμικῆς,
3401 3089 3628 3142 ἄττουσί
3655 3106 3714 3141 τε
3740 3089 3894 3158 ὑψοῦ,

2297 3184 2392 3235 καὶ
2439 3183 2796 3253 ἁνανήχονται
2849 3183 2985 3252 πρὸς
3025 3181 3123 3251 τὴν
3167 3181 3278 3234 ἀνω
3328 3180 3662 3244 σπεύδοντες
3721 3183 3892 3236 πόλιν.

2295 3273 2691 3344 Θαυμαζούσης
2731 3274 2910 3326 τοίνυν
2943 3273 3043 3342 τῆς
3102 3272 3425 3342 Ἐκκλησίας
3452 3274 3550 3342 τὴν
3581 3275 3640 3338 ἐξ
3682 3275 3895 3344 ἀπάσης

2298 3366 2483 3439 χώρας
2509 3367 2606 3439 τὴν
2635 3367 2724 3420 διὰ
2757 3367 2994 3428 πίστεως
3023 3366 3350 3436 συνδρομὴν,
3379 3365 3480 3436 τήν
3506 3366 3604 3418 τοῦ
3641 3367 3894 3436 πράγμα-

615 3458 738 3504 tuos
779 3463 811 3504 e
866 3447 1184 3519 longinquo,
1238 3460 1293 3506 et
1362 3467 1556 3507 aurum
1619 3463 1678 3510 et
1726 3463 2011 3524 argentum
2067 3471 2189 3510 cum

2296 3475 2384 3521 τος
2408 3459 2588 3512 αίτίαν
2608 3459 2916 3527 ἀπογυμνοῖ
2937 3457 3097 3510 πάλιν
3127 3458 3154 3508 ὁ
3185 3457 3506 3528 σαγηνεύων
3537 3459 3763 3520 αὐτοὺς,
3796 3466 3888 3516 καί

613 3539 742 3594 illis.
775 3559 794 3593 ι
838 3541 1052 3596 Insulas
1092 3543 1182 3598 hic
1219 3544 1510 3614 intelliges,
1551 3559 1659 3600 non
1706 3546 1954 3604 absolute
1987 3547 2194 3603 insula-

615 3645 736 3686 rum
762 3631 962 3697 solum,
995 3632 1198 3704 quippe
1235 3635 1476 3703 ineptum
1520 3637 1644 3704 hoc,
1686 3653 1788 3693 nec
1833 3640 1982 3707 ipsas
2030 3655 2194 3695 naves

614 3723 860 3789 Tbarsis,
893 3726 987 3780 sed
1015 3727 1194 3798 potius
1245 3728 1554 3784 habitantes
1603 3730 1654 3783 in
1701 3730 1826 3796 illis,
1861 3743 1952 3785 aut
1982 3731 2074 3800 qui
2110 3731 2192 3784 in-

613 3816 760 3873 sulas
800 3818 1193 3874 conscendunt.
1240 3819 1465 3876 Tharsis
1506 3835 1634 3876 vero
1679 3821 1859 3876 divina
1911 3821 2192 3892 Scriptura

614 3926 761 3981 saepe
802 3922 965 3968 vocat
1007 3911 1255 3980 Indicas;
1285 3923 1622 3983 narrantque
1666 3918 1719 3968 in
1751 3914 1927 3985 Cypro
1971 3913 2194 3972 Tharsis

613 4004 890 4058 civitatem
915 4017 1038 4059 esse
1069 4001 1363 4060 celebrem.
1413 4003 1756 4074 Quapropter
1800 4004 1926 4073 quia
1981 4005 2193 4069 insulae,

615 4095 812 4165 inquit,
857 4103 912 4149 et
953 4095 1043 4165 qui
1089 4110 1156 4150 ex
1212 4095 1466 4150 ludorum
1527 4099 1749 4165 regione
1803 4097 2049 4166 veniunt,
2108 4111 2194 4150 me

617 4185 1011 4251 sustinuerunt,
1063 4185 1117 4239 id
1154 4195 1258 4251 est,
1303 4186 1613 4255 impositum
1657 4187 1760 4242 sibi
1806 4203 1836 4240 ιι
1879 4201 1965 4242 me
2003 4187 2192 4254 iugum

617 4279 943 4344 subierunt,
987 4276 1190 4332 idcirco
1234 4278 1594 4346 undecunque
1641 4278 1866 4334 conﬂuit
1909 4279 2194 4333 multitudo

615 4366 978 4424 credentium.
1013 4365 1420 4422 Veniuntenim
1445 4376 1499 4422 et
1521 4383 1589 4422 ex
1611 4368 1724 4437 ipsa
1757 4369 1986 4424 barbara
2026 4380 2191 4434 terra,

615 4461 719 4517 viri
754 4477 861 4516 non
891 4460 1072 4531 pauci,
1101 4460 1301 4515 Christi
1341 4476 1538 4515 nomen
1568 4472 1839 4531 gerentes,
1877 4471 1932 4515 et
1961 4462 2194 4517 fructiﬁ-

617 4561 805 4608 cantes
833 4553 886 4607 in
911 4551 1029 4620 ejus
1068 4551 1295 4622 gloriam
1367 4566 1705 4620 quaecunque
1743 4553 1890 4622 regio
1925 4552 2068 4609 ferre
2101 4569 2195 4623 po-

619 4651 724 4696 test
753 4641 987 4698 illorum.
1024 4642 1156 4696 Auri
1205 4653 1384 4697 autem
1413 4653 1468 4697 et
1493 4645 1704 4714 argenti
1755 4645 1985 4700 fertilem
2022 4648 2193 4715 ipsam

616 4749 732 4789 esst
763 4733 972 4788 dicunt.
1003 4732 1249 4790 Oll‘erunt
1300 4749 1430 4788 vero
1476 4750 1584 4790 non
1641 4751 1792 4792 more
1843 4739 2196 4808 institutoque

2299 3566 2480 3621 φησιν·
2495 3568 2513 3600 ι
2539 3550 2666 3619 Ἐμὲ
2688 3550 2837 3620 νῆσοι
2861 3550 3161 3619 ὑπέμειναν
3181 3590 3196 3615 ,
3215 3549 3309 3601 καὶ⁸
3329 3549 3489 3600 πλοῖα
3505 3549 3742 3618 Θαρσεῖς
3763 3551 3894 3615 ay:-

2297 3644 2413 3708 γεῖν
2444 3640 2512 3692 τὰ
2538 3640 2704 3692 τέκνα
2735 3656 2827 3692 σου
2855 3641 3125 3711 μακρόθεν
3145 3683 3160 3708 ,
3201 3641 3296 3693 καὶ
3334 3641 3425 3692 τὸν
3449 3641 3654 3710 χρυσὸν
3679 3641 3778 3691 καὶ⁵
3807 3651 3892 3690 τον

2297 3730 2536 3801 ἄργυρον
2573 3730 2690 3801 μετ’
2714 3730 2912 3785 αὐτῶν.
2945 3750 2962 3782 ι
3013 3734 3123 3785 Καὶ
3161 3733 3357 3802 νήσους
3382 3731 3571 3783 ἐνθάδε
3616 3734 3888 3798 συνήσεις,

2296 3823 2418 3893 οὐχὶ
2431 3823 2495 3892 δὴ
2513 3825 2729 3886 πάντως
2749 3824 2890 3876 αὐτὰ
2909 3823 2976 3875 τὰ
3000 3822 3109 3875 τῶν
3125 3824 3303 3894 νήσων
3332 3822 3525 3892 ἐδάφη,
3542 3821 3741 3888 εὔηθες
3763 3820 3888 3890 γὰρ,

2295 3915 2418 3970 οὕτε
2439 3916 2545 3986 μὴν
2570 3914 2709 3968 αὐτὰ
2739 3916 2807 3967 τὰ
2832 3915 2928 3986 τῆς
2949 3914 3182 3983 Θαρσεῖς
3204 3915 3381 3978 πλοῖα,
3397 3914 3525 3974 τοὺς
3548 3912 3891 3973 ἐνοικοῦντας

2294 4006 2352 4060 δὲ
2381 4006 2580 4076 μᾶλλον
2602 4006 2813 4069 αὑταῖς,
2847 4008 2969 4076 ῆτοι
2988 4007 3096 4059 τῶν
3112 4007 3290 4076 νήσων
3307 4007 3430 4068 τοὺς
3462 4005 3734 4074 ἐμϐάτας.
3751 4005 3892 4073 Θαρ-

2298 4102 2411 4164 σεῖς
2441 4100 2498 4154 δὲ
2531 4103 2564 4172 ὴ
2596 4099 2714 4152 θεία
2740 4098 2931 4169 Γραφὴ
2961 4097 3059 4162 τὰς
3090 4097 3315 4158 Ἰνδικὰς
3349 4095 3892 4165 ὀνομάζείπλειστα-

2296 4189 2414 4259 χοῦο
2451 4190 2584 4258 φασὶ
2608 4188 2664 4240 δὲ
2704 4183 2844 4240 εἶναι
2892 4188 2986 4239 καὶ
3031 4187 3089 4238 ἐν
3121 4188 3186 4255 τῇ
3218 4185 3430 4255 Κύπρῳ
3462 4185 3700 4254 Θαρσεῖς
3741 4187 3890 4235 πόλιν

2295 4279 2710 4350 ὠνομασμένην.
2756 4277 2963 4333 Οὐκοῦν
3000 4277 3295 4348 ἐπειδήπερ
3328 4278 3386 4329 αἴ
3425 4295 3484 4328 τε
3517 4277 3698 4345 νῆσοι,
3735 4279 3886 4346 φησὶ,

2297 4373 2391 4425 καὶ
2420 4373 2470 4424 οἱ
2510 4375 2574 4424 ἐκ
2603 4372 2702 4440 τῆς
2749 4370 2927 4423 Ἰνδῶν
2957 4371 3185 4439 ἥκοντες
3214 4368 3394 4439 χώρας
3423 4369 3523 4438 ἐμὲ
3561 4369 3887 4438 ὑπέμειναν.

2295 4463 2597 4524 τουτέστιν,
2633 4461 2949 4530 ὑπέστησαν
2994 4460 3087 4513 τὸν
3134 4459 3495 4529 ἐπενεχθέντα
3531 4460 3719 4523 αὐτοῖς
3763 4461 3889 4528 παρ’

2297 4554 2431 4624 ἐμοῦ
2457 4555 2643 4622 ζυγὸν,
2681 4553 2770 4606 διὰ
2809 4551 2967 4606 τοῦτο
3005 4553 3195 4623 συρρεῖ
3224 4551 3563 4621 πανταχόθεν
3591 4555 3624 4621 ὴ
3662 4551 3772 4604 τῶν
3809 4568 3889 4601 πι-

2297 4647 2597 4700 στευόντων
2622 4646 2854 4715 πληθύς.
2890 4646 3122 4698 ’Ἡκουσι
3159 4645 3302 4715 γὰρ,
3341 4647 3432 4697 καὶ
3479 4644 3540 4707 ἐξ
3585 4644 3755 4712 αὐτῆς
3790 4643 3886 4708 τῆς

2299 4737 2586 4808 Βαρϐάρου
2620 4740 2720 4808 γῆς
2748 4738 2937 4808 ἄνδρες
2959 4737 3059 4789 οὐκ
3083 4737 3253 4803 ὀλίγοι
3294 4737 3355 4788 τὸ
3383 4735 3624 4805 Χριστοῦ
3663 4735 3885 4804 @0905?-

616 4824 788 4878 veteri
833 4825 1090 4880 inanimis
1127 4826 1450 4894 quibusdam
1503 4827 1682 4889 idolis,
1713 4837 1769 4881 et
1804 4827 2193 4884 daemoniorum

2301 4846 2389 4892 τες
2415 4830 2604 4900 ὄνομα,
2632 4831 2727 4882 καὶ
2771 4828 3252 4901 καρποφοροῦντες
3290 4829 3368 4890 εἰς
3410 4827 3568 4891 δόξαν
3611 4828 3782 4880 αὑτοῦ
3821 4829 3884 4879 τὰ

617 4915 890 4985 gregibus,
956 4917 1054 4972 sed
1113 4917 1240 4987 quia
1289 4929 1538 4972 sanctum
1593 4918 1864 4973 habebant
1911 4921 2052 4987 apud
2106 4935 2199 4975 eos

617 5021 812 5062 nomen
842 5009 1074 5074 Domini,
1105 5019 1160 5064 et
1189 5009 1456 5076 gloriosus
1482 5019 1702 5066 sanctus
1735 5011 1923 5067 Israel.
1954 5013 2060 5067 Sed
2093 5030 2195 5069 non

617 5105 702 5150 est
731 5096 871 5151 alius
895 5096 1179 5165 Dominus,
1211 5099 1348 5155 alius
1375 5115 1592 5155 rursum
1623 5100 1856 5156 Sanctus
1884 5103 2066 5168 Israel,
2101 5104 2195 5158 sed

619 5199 761 5239 unus
799 5195 856 5241 et
885 5185 1027 5240 idem
1055 5189 1269 5242 exsistit
1300 5189 1580 5255 Dominus,
1609 5199 1664 5245 et
1685 5201 1926 5258 sanctus,
1946 5200 1996 5246 et
2027 5192 2194 5261 glori-

618 5277 834 5331 ﬁcatus.
884 5274 1176 5332 Sciendum
1205 5288 1288 5334 est
1331 5289 1508 5335 autem
1581 5282 1784 5338 insulas
1817 5285 2000 5339 vocari
2029 5286 2192 5340 etiam

618 5365 870 5422 civitates
906 5380 1030 5438 qua
1075 5382 1172 5438 per
1216 5368 1504 5426 circuitum
1547 5383 1694 5440 sunt,
1737 5385 1904 5430 vasta:
1951 5385 2006 5431 et
2049 5391 2196 5448 vagae

617 5473 815 5528 magna
844 5475 910 5516 ex
941 5468 1096 5529 parte
1125 5469 1181 5517 et
1212 5477 1320 5516 non
1354 5463 1631 5520 habitatte.
1665 5465 1819 5533 Quod
1856 5469 1901 5522 si
1943 5469 2196 5524 dicantur

693 5633 714 5664 ⁸
739 5631 884 5689 Psal.
913 5651 1138 5704 ειινιιι,
1178 5637 1259 5691 12.

2297 4920 2505 4991 ὅσαπερ
2553 4921 2620 4974 ἂν
2653 4922 2834 4983 αὐτοῖς
2867 4922 2899 4991 ή
2949 4919 3102 4989 χώρα
3140 4919 3364 4989 δύνηται
3400 4919 3605 4988 φέρειν.
3643 4919 3881 4987 liber-opm

2293 5013 2350 5066 δὲ
2385 5009 2522 5065 εἶναι
2557 5011 2781 5082 χρυσοῦ,
2816 5012 2908 5063 καὶ
2941 5010 3180 5080 ἀργύρου
3223 5011 3387 5079 φασὶν
3422 5011 3612 5079 αὑτήν.
3646 5011 3882 5079 “pono-

2298 5105 2516 5174 μίζουσι
2555 5105 2612 5158 δέ
2640 5105 2701 5157 οὑ
2734 5103 2876 5157 κατά
2917 5119 2981 5170 γε
3009 5101 3070 5155 τὸ
3126 5103 3457 5174 παρῳχηκδς
3503 5102 3620 5163 ἐθος
3657 5102 3882 5170 ἀψύχοις

2293 5197 2436 5249 τισὶν
2483 5195 2760 5260 εἰδώλοις,
2804 5195 2899 5250 καὶ
2940 5195 3232 5264 δαιμονίων
3274 5195 3530 5262 ἀγέλαις,
3571 5193 3687 5245 ἀλλ’
3735 5194 3880 5244 ἐπει-

2293 5287 2469 5358 δήπερ
2511 5288 2665 5356 ἆγιον
2698 5289 2890 5356 γέγονε
2945 5290 3076 5359 παρ’
3117 5288 3299 5351 αὐτοῖς
3346 5286 3407 5338 τὸ
3440 5286 3610 5355 δνομα
3651 5285 3879 5353 Κυρίου,

2293 5378 2500 5444 ἔνδοξος
2523 5379 2579 5431 δὲ
2599 5382 2628 5432 ὁ
2662 5379 2850 5447 ’Ἄγιος
2875 5379 2971 5432 τοῦ
3009 5379 3246 5449 Ίσραήλ”
3272 5379 3364 5434 καὶ
3381 5380 3477 5448 οὐχ
3505 5379 3690 5448 ἕτερος
3721 5378 3821 5444 μὲν
3855 5376 3883 5425 ὁ

2295 5470 2520 5541 Κύριος,
2538 5471 2724 5541 ἔτερος
2743 5471 2801 5524 δέ
2821 5470 2982 5525 πάλιν
3007 5472 3036 5524 ὁ
3056 5471 3247 5540 ’Ἄγιος
3277 5470 3370 5524 τοῦ
3401 5469 3632 5542 Ἰσραὴλ,
3660 5468 3777 5522 ἀλλ’
3802 5461 3881 5527 εἷς

690 5810 770 5884 (t)
809 5811 1018 5870 ﬂumlr.
1085 5818 1266 5885 vertit,
1320 5819 1637 5884 admiratur,
1687 5830 1939 5892 patetque
1986 5821 2074 5879 hic
2143 5839 2264 5881 esse
2305 5824 2580 5880 mendum.
