4148 6548
348 388 490 445 1535

1478 400 1545 456 ΙΝ
1583 400 1815 459 ISAIAM
1854 400 1979 458 LIB.
2014 401 2078 460 V.
2116 403 2350 462 TOMUS
2387 404 2473 461 IV.

351 506 444 557 καὶ
471 506 501 558 ο
529 504 691 569 αὐτὸς
715 507 974 581 ὑπάρχων
999 511 1199 583 Κύριός
1230 531 1291 568 τε
1318 518 1413 571 καὶ
1440 517 1614 587 ἅγιος,
1646 518 1740 574 καὶ
1781 519 1906 573 δεδο-

2031 520 2134 577 illae
2168 535 2383 591 quoque
2416 520 2688 578 sustinere
2731 520 3037 587 Dominum,
3063 520 3114 575 id
3140 526 3242 586 est,
3280 518 3328 574 ei
3361 520 3598 586 servire;

344 592 631 664 ξασμένος.
649 596 845 652 ’ἰστέον
881 599 939 653 δὲ
979 600 1061 655 ὅτι
1090 603 1242 674 νῆσοι
1274 605 1585 674 καλοῦνται,
1618 607 1712 662 καὶ
1742 608 1927 673 πόλεις

340 684 401 737 ts!
428 684 634 756 κύκλῳ,
662 687 862 762 πολλὴν
893 690 1113 762 ἔχουσαι
1144 696 1239 749 καὶ
1272 696 1529 769 ἀοίκητον
1576 699 1831 771 ἐρημίαν.
1861 702 1924 756 El

342 773 403 828 δέ
447 773 691 845 λέγοιντο
724 778 820 832 καὶ
866 781 1029 836 αὐταὶ
1059 784 1347 855 ὑπομεῖναι
1377 789 1469 842 τὸν
1506 790 1730 862 Κύριον,
1760 810 1920 847 τουτ-

340 862 511 931 έστιν,
534 866 682 938 αὐτῷ
710 867 1015 940 δουλεῦσαι,
1044 875 1314 945 συνήσεις,
1345 879 1427 931 ὅτι
1451 880 1545 933 καὶ
1577 881 1627 933 οί
1658 882 1758 946 τὰς
1779 883 1919 938 ἀϐά-

340 971 490 1019 τους,
514 958 610 1009 καὶ
635 956 950 1029 ἐξωσμένας
976 963 1183 1037 ἐρημίᾳ
1211 967 1379 1040 πολλῇ
1406 970 1785 1038 κατοικοῦντες
1814 974 1920 1044 χώ-

342 1058 466 1113 ρας,
501 1044 535 1114 ἢ
571 1045 755 1136 Ϊῠόλεις
780 1048 970 1119 ἥξουσι
994 1053 1081 1108 διὰ
1120 1055 1374 1125 πίστεως,
1422 1058 1517 1113 καὶ
1559 1066 1917 1136 καρποφορή-

340 1149 496 1187 σουσι
525 1134 602 1226 τῷ
632 1138 854 1211 Χριστῷ
890 1142 1111 1214 χρυσὸν,
1154 1146 1249 1198 καὶ
1279 1146 1538 1220 ἄργυρον,
1571 1152 1665 1205 καὶ
1703 1134 1829 1223 οὐχί
1854 1134 1918 1226 δή

338 1239 445 1277 που
485 1224 701 1292 πάντως
737 1229 838 1299 τὴν
874 1230 1027 1302 ὕλην,
1068 1233 1182 1287 ἀλλ’
1205 1230 1318 1290 οἷον
1353 1237 1422 1291 τὰ
1460 1240 1519 1292 ἐν
1552 1240 1684 1310 ἡμῖν
1722 1224 1912 1313 τίμια,

337 1316 432 1369 καὶ
462 1317 713 1388 λαμπρὰ,
733 1320 827 1374 καὶ
849 1320 943 1375 τοῦ
973 1324 1172 1389 παντὸς
1183 1326 1308 1390 ἄξια
1329 1327 1509 1396 λόγου,
1532 1331 1713 1385 πίστιν
1727 1333 1917 1403 δηλον-

334 1407 441 1469 ότι,
476 1409 576 1463 καὶ
631 1408 729 1482 τὴν
764 1410 822 1478 ἐξ
853 1413 1069 1484 ἀπάσης
1108 1416 1310 1487 ἀρετῆς
1354 1419 1686 1492 φαιδρότητα
1711 1440 1725 1454 ο
1765 1423 1914 1488 ξένια

334 1497 444 1567 γὰρ
468 1498 644 1555 ταῦτα
674 1500 812 1572 Θεῷ,
852 1504 948 1558 καὶ
996 1509 1368 1578 πνευματικῆς
1405 1509 1663 1582 λατρείας
1708 1514 1916 1568 ἀναθέ-

336 1604 486 1656 ματα
516 1588 763 1662 λαμπρὰ,
802 1593 897 1647 καὶ
918 1594 1362 1667 τεθαυμασμένα.
1391 1599 1702 1671 Γέγραπται
1731 1604 1789 1658 δὲ
1820 1606 1914 1659 καὶ

332 1679 394 1731 ἐν
433 1679 599 1753 βίϐλῳ
630 1681 876 1754 Ψαλμῶν
920 1687 1049 1757 περὶ
1092 1687 1184 1741 τοῦ
1214 1690 1431 1744 πάντων
1471 1692 1628 1763 ήμῶν
1662 1694 1914 1766 Σωτῆρος

330 1775 606 1847 Χριστοῦ,
650 1779 732 1833 ὅτι
784 1796 804 1832 t
845 1779 1093 1846 Βασιλεῖς
1155 1783 1387 1855 Θαρσεῖς
1437 1788 1530 1840 καὶ
1587 1789 1742 1859 νῆσοι
1787 1791 1938 1863 δῶρα

2034 613 2299 682 intelliges
2344 628 2439 668 eos
2485 614 2575 683 qui
2637 614 2945 669 inaccessas
2974 622 3030 669 et
3063 626 3255 681 magna
3311 609 3602 666 solitudine

2033 702 2279 757 horridas
2333 703 2582 773 regiones
2629 712 2684 758 et
2731 703 2892 757 urbes
2953 702 3283 765 inhabitant,
3340 708 3600 753 venturos

2030 806 2126 860 per
2147 791 2305 848 ﬁdem
2338 801 2392 847 et
2423 791 2847 847 fructiﬁcaturos
2895 792 3114 847 Christo
3171 805 3365 843 aurum
3410 797 3467 843 et
3514 804 3623 857 ar-i

2027 892 2269 953 gentum,
2314 891 2371 937 et
2425 897 2528 936 non
2580 881 2900 950 simpliciter
2949 881 3098 934 illam
3152 878 3455 940 materiam,
3505 878 3597 931 sed

2028 973 2188 1027 veluti
2215 987 2336 1041 qua;
2388 975 2440 1027 in
2470 973 2637 1041 jnobis
2675 982 2799 1026 sunt
2859 973 3092 1041 pretiosa
3138 980 3193 1025 et
3245 971 3503 1035 illustria,
3544 978 3600 1024 et

2024 1064 2203 1131 magni
2261 1065 2526 1128 facienda,
2549 1064 2711 1117 ﬁdem
2733 1064 2940 1119 scilicet
2958 1065 3308 1133 omniumque
3338 1056 3617 1117 virtutunt'

2019 1152 2385 1222 splendorem.
2428 1152 2555 1207 Haec
2607 1153 2754 1207 enim
2796 1160 2925 1206 sunt
2965 1152 3075 1206 Deo
3116 1153 3297 1215 xenia,
3336 1154 3450 1205 haec
3487 1150 3596 1219 spi-

2019 1244 2231 1298 ritualis
2267 1243 2444 1297 cultus
2492 1242 2867 1306 anathemata,
2925 1250 2980 1296 et
3021 1243 3246 1296 donaria
3283 1241 3510 1294 illustria
3541 1249 3594 1293 et

2016 1333 2353 1389 admiranda.
2382 1334 2655 1404 Scriptum
2686 1342 2768 1389 est
2799 1334 2961 1389 etiam
2994 1334 3047 1387 in
3077 1331 3214 1385 libro
3255 1330 3592 1385 Psahnorum

2016 1426 2082 1480 de
2135 1427 2373 1480 omnium
2418 1435 2662 1482 nostrum
2701 1424 2992 1480 Servatore
3043 1422 3313 1478 Christo:
3362 1438 3380 1471 ι
3425 1421 3594 1488 Reges

2019 1516 2246 1573 Tharsis
2296 1528 2350 1574 et
2400 1517 2588 1573 insula
2626 1518 2768 1572 doua
2797 1516 3064 1569 adducent
3096 1532 3109 1568 :
3149 1527 3306 1583 reges
3351 1510 3593 1565 Arabum

2014 1620 2067 1663 et
2095 1607 2273 1664 Sabba
2323 1610 2465 1664 dona
2512 1607 2775 1673 aﬂ‘erent;
2805 1615 2860 1661 et
2885 1605 3190 1661 adorabunt
3238 1617 3360 1658 eum
3402 1614 3591 1656 omnes

2016 1713 2168 1770 reges
2190 1709 2367 1766 terrae,
2402 1714 2592 1756 omnes
2615 1709 2803 1770 gentes
2834 1697 3071 1752 servient
3095 1696 3144 1751 ei
3173 1695 3215 1751 ⁸.
3243 1714 3262 1748 ι

2016 1794 2345 1867 προσάξουσι
2368 1838 2383 1862 ,
2437 1796 2675 1867 βασιλεῖς
2744 1793 2990 1864 Ἀράϐων
3059 1792 3155 1846 καὶ
3200 1790 3385 1845 Σαϐϐἄ
3443 1789 3589 1859 δῶρα

332 1871 702 1963 προσοίσουσι.
751 1876 863 1931 Καὶ
911 1880 1378 1951 προσκυνήσουσιν
1419 1882 1569 1953 αὐτῷ
1614 1885 1820 1951 πάντες
1871 1889 1921 1941 οί
1999 1890 2239 1961 βασιλεῖς
2307 1891 2410 1963 τῆς
2467 1894 2593 1963 γῆς,
2646 1894 2828 1949 πάντα
2890 1891 2960 1946 τὰ
3022 1887 3150 1957 ἔθνη
3213 1882 3588 1939 δουλεύσουσιν

328 1961 501 2034 αὐτῷ.
538 1984 558 2017 r

400 2055 511 2109 Ital
532 2056 1038 2128 οἰκοδομήσωσιν
1073 2063 1418 2135 ἁλλογενεῒς
1451 2069 1525 2123 τὰ
1564 2085 1730 2140 τείχη
1761 2085 1901 2136 σου,

2074 2066 2350 2124 VensJO.
2387 2068 2455 2122 Et
2496 2067 2830 2136 wdiﬁcabunt
2877 2064 3181 2133 alienigena
3228 2076 3406 2116 muros
3446 2070 3582 2128 tuos,

325 2143 428 2199 καὶ
455 2148 509 2200 οι
530 2146 816 2213 βασιλεῖς
834 2152 1034 2207 αὑτων
1054 2154 1548 2222 παραστήσονται
1572 2173 1694 2213 σοι.

412 2236 680 2303 Ἐξαίσιον
730 2242 823 2295 καὶ
866 2241 1056 2310 τοῦτο,
1103 2247 1197 2300 καὶ
1247 2247 1587 2321 θεοπρεποῦς
1623 2250 1909 2323 δυνάμεως

326 2328 696 2401 ἀποτέλεσμα.
724 2330 902 2403 Τεύχη
943 2333 1042 2404 μὲν
1069 2334 1179 2407 γὰρ
1210 2338 1304 2391 καὶ
1336 2338 1611 2409 περίϐολοι
1641 2338 1911 2407 σώζοντες

325 2419 430 2491 τῆς
459 2422 786 2493 Ἐκκλησίας
813 2423 883 2477 τὰ
927 2424 1118 2490 τέκνα,
1152 2427 1394 2498 νοηθεῖεν
1431 2429 1497 2483 ἂν
1532 2431 1717 2495 πίστις
1748 2432 1906 2504 ὀρθὴ,

325 2512 423 2565 καὶ
456 2510 778 2583 ἀμώμητος,
809 2513 987 2585 ἔργων
1014 2532 1076 2568 τε
1110 2517 1404 2590 φαιδρότης
1433 2520 1493 2585 ἐξ
1529 2521 1749 2593 ἀπάσης
1773 2523 1905 2593 ἀρε-

324 2604 426 2673 τῆς
449 2601 783 2671 συλλέγουσα
815 2603 1030 2668 κάλλος,
1062 2606 1318 2674 γνώσεως
1343 2607 1400 2662 δὲ
1427 2610 1782 2682 δογματικῆς,
1812 2612 1908 2666 καὶ

327 2690 512 2759 μέντοι
536 2690 630 2744 καὶ
653 2690 860 2759 ἠθικῶς
882 2691 993 2764 [ια.
1009 2694 1230 2769 ἠθικῆς]
1254 2691 1365 2751 εἷεν
1390 2698 1457 2752 ἂν
1482 2701 1792 2772 εἰσηγηταὶ,
1810 2701 1905 2755 καὶ

320 2780 634 2836 διδάσκαλοι
665 2782 775 2836 τῶν
813 2782 973 2837 θείων
1006 2787 1377 2858 κηρυγμάτων
1409 2792 1681 2864 ἱερουργοὶ
1705 2793 1905 2858 πάντες

320 2873 440 2926 ὅσοι
464 2872 631 2944 ψήφῳ
662 2873 782 2946 θείᾳ
818 2874 1107 2930 καλοῦνται
1153 2880 1290 2951 πρὸς
1327 2880 1505 2937 τοῦτο.
1543 2884 1654 2936 Καὶ
1682 2885 1903 2957 ἀπαρχὴ

323 2962 426 3033 μὲν
454 2962 659 3017 τούτων
688 2964 797 3018 τῶν
838 2966 1003 3037 ίερῶν
1033 2970 1404 3040 κηρυγμάτων
1440 2974 1729 3043 γεγόνασιν
1771 2978 1903 3047 ἡμῖν

319 3055 371 3107 οι
399 3053 677 3107 θεσπέσιοι
721 3054 997 3126 μαθηταὶ,
1028 3057 1271 3113 πλεῖστοι
1311 3060 1369 3114 δὲ
1401 3063 1519 3133 μετ’
1548 3065 1813 3133 ἐκείνους,
1846 3068 1902 3133 ,οἱ

319 3146 414 3199 τὸν
441 3146 571 3217 παρ’
602 3146 784 3201 αὐτῶν
830 3148 1241 3219 ίχνηλατοῦντες
1270 3152 1447 3221 λόγον,
1487 3155 1587 3209 οὐκ
1615 3158 1681 3210 ἐκ
1724 3158 1902 3228 μόνων

331 3237 621 3302 Ἰουδαίων,
651 3237 787 3292 ἀλλά
825 3239 937 3312 γὰρ
977 3242 1074 3296 καὶ
1115 3244 1178 3295 ἐκ
1217 3245 1512 3313 ταγμάτων
1550 3245 1897 3318 Ἑλληνικῶν,

317 3330 371 3383 οἳ
404 3330 499 3383 καὶ
530 3332 631 3401 τῆς
663 3331 722 3384 ἐν
749 3330 940 3403 κόσμῳ
968 3334 1160 3402 σοφίας
1185 3336 1243 3389 ἐν
1283 3335 1437 3407 καλῷ
1459 3337 1768 3406 γεγονότες,
1803 3341 1899 3393 καὶ

317 3397 643 3490 εὐγλωττενῖν
688 3397 887 3486 ειδότες
912 3397 1148 3493 ’ἄριστοι
1177 3397 1434 3494 γεγόνασί
1472 3397 1772 3482 ’παιδευταί
1810 3428 1899 3483 τὸν
1926 3397 1969 3455 c

320 3510 421 3581 μὲν
444 3510 635 3582 ἀκλινῆ
659 3513 756 3584 τῆς
787 3513 1022 3578 πίστεως
1048 3515 1202 3583 λόγον
1234 3516 1640 3588 οἰκοδομοῦντες
1670 3518 1899 3583 ἀστείως

315 3603 378 3653 ἐν
423 3604 543 3665 ταῖς
587 3601 697 3655 τῶν
748 3604 1251 3675 μυσταγωγούντων
1295 3606 1514 3677 ψυχαῖς,
1567 3608 1801 3672 ἐνιέντες
1840 3608 1898 3662 δὲ

314 3689 504 3753 αὐτοῖς
536 3690 810 3757 πολιτείας
842 3692 940 3764 τὴν
970 3694 1296 3762 ἀξιάγαστον
1331 3697 1650 3768 συνείδησιν.
1687 3698 1897 3753 Οὐκοῦν

315 3778 627 3847 ἀλλογενεῖς
674 3781 794 3852 μὲν,
845 3784 929 3836 ὅτι
982 3782 1057 3854 μὴ
1108 3784 1167 3851 ἐξ
1210 3786 1443 3855 αἵματος
1495 3788 1710 3860 Ἰσραὴλ
1756 3793 1898 3845 κατά

318 3869 519 3939 σάρκα,
539 3870 678 3941 πλήν
708 3872 1090 3943 ἀρχιτέκτονες
1120 3875 1294 3944 σοφοὶ,
1332 3876 1473 3931 κατά
1498 3878 1588 3932 τὸν
1611 3879 1895 3935 θεσπέσιον

316 3958 549 4025 Παῦλον,
578 3961 672 4013 καὶ
690 3956 749 4015 εὖ
779 3963 977 4027 εἰδότες
997 3963 1279 4035 θεμελιοῦν
1298 3966 1355 4020 ἐν
1377 3968 1509 4038 ἡμῖν
1528 3968 1621 4023 τὸν
1638 3970 1892 4042 Χριστὸν,

313 4048 406 4103 διὰ
432 4050 668 4115 πίστεως
708 4050 767 4105 δὲ
807 4052 1082 4122 δηλονότι,
1129 4054 1223 4108 καὶ
1270 4055 1609 4129 εἰσηγήσεως
1652 4060 1891 4129 ἀγαθῶν.

314 4140 509 4206 Τοῦτο,
552 4137 728 4213 οἶμαι,
775 4143 893 4198 ἐστὶ
933 4144 1015 4208 τὸ,
1042 4164 1061 4197 ε
1086 4145 1543 4218 υίκοδομήσουσιν
1588 4149 1895 4220 ἀλλογενεῖς

314 4233 386 4286 τὰ
420 4234 576 4305 τείχη
610 4250 724 4297 σου,
748 4234 844 4288 καὶ
882 4237 931 4288 oi
961 4234 1202 4305 βασιλεῖς
1236 4237 1414 4292 αὐτῶν
1454 4242 1893 4312 παραστήσονταί

316 4339 421 4378 σοι.
447 4343 467 4376 ι
491 4323 666 4378 Τίνων
693 4324 750 4378 δέ
777 4328 825 4378 oi
861 4324 1099 4395 βασιλεῖς
1119 4344 1135 4393 ;
1156 4322 1233 4380 Ἦ
1264 4328 1506 4398 δηλονότι
1539 4330 1648 4384 τῶν
1672 4331 1894 4401 ἀλλογε-

315 4412 444 4468 νῶν.
478 4414 725 4480 Βασιλεῖς
763 4414 822 4469 δέ
868 4432 1033 4487 φησιν
1065 4419 1124 4470 ἐν
1149 4416 1379 4483 τούτοις,
1410 4419 1443 4491 ἢ
1480 4422 1606 4483 τοὺς
1630 4421 1895 4493 ἄρχοντας

314 4506 412 4559 καὶ
443 4508 779 4577 ἡγουμένους
807 4506 975 4573 λαῶν,
1002 4509 1053 4563 οἳ
1088 4512 1465 4582 παρεστήκασι
1492 4515 1558 4584 τῇ
1599 4513 1894 4587 Ἐκκλησία

312 4596 576 4669 Χριστοῦ,
606 4597 1029 4669 δορυφοροῦντες
1057 4600 1249 4672 ὥσπερ
1286 4601 1477 4674 αὐτὴν,
1519 4604 1613 4658 καὶ
1636 4606 1896 4659 συνασπί-

314 4688 501 4753 ζοντες
532 4692 646 4753 τοῖς
677 4690 848 4761 αὐτῆς
880 4692 1110 4756 τέκνοις,
1152 4693 1246 4746 καὶ
1284 4695 1680 4761 ἀποσοϐοῦντες
1709 4699 1889 4753 πᾶσαν
1921 4737 1966 4793 D

311 4778 501 4849 ἔφοδον
530 4780 740 4851 ἐχθρῶν
767 4782 978 4853 ὁρατῶν
1012 4800 1073 4836 τε
1106 4785 1202 4838 καὶ
1232 4786 1554 4861 ἀοράτων,ή
1588 4789 1729 4844 κατὰ
1760 4790 1890 4863 ἀλή-

310 4870 465 4925 θειαν
489 4873 615 4935 τοὺς
638 4874 760 4936 ταῖς
780 4875 1041 4929 ἀνωτάτω
1064 4878 1251 4945 τιμαῖς
1272 4876 1770 4950 ἐστεφανωμένους,
1799 4883 1892 4936 καὶ

309 4961 374 5015 τὸ
395 4962 494 5033 τῆς
526 4962 803 5033 βασιλείας
839 4964 1058 5035 ἔχοντας
1091 4968 1387 5038 σκῆπτρον,
1421 4969 1469 5022 οἳ
1497 4971 1588 5022 καὶ
1615 4971 1893 5043 παρέστη-

309 5071 415 5109 σαν
446 5057 511 5126 τῇ
554 5054 870 5128 Ἐκκλησίᾳ.
908 5057 972 5111 Ἡ
1001 5057 1057 5111 δὲ
1078 5058 1423 5128 παράστασις
1452 5061 1509 5113 ἐν
1554 5060 1764 5125 τούτοις
1803 5080 1897 5135 ση-

310 5144 494 5216 μαίνει
524 5145 621 5217 τὴν
674 5146 943 5217 ὑπακοήν.
988 5148 1211 5201 Εῐκουσι
1256 5148 1364 5219 γὰρ
1409 5151 1520 5213 τοῖς
1564 5149 1746 5216 θείοις,
1797 5154 1891 5206 καὶ

309 5239 480 5306 ἱεροῖς
510 5236 866 5307 θεσπίσμασι,
915 5239 1009 5292 καὶ
1036 5238 1098 5292 τὸ
1127 5239 1225 5309 τῆς
1259 5239 1585 5311 Ἐκκλησίας
1627 5244 1889 5313 κήρυγμα

312 5326 512 5389 παντὸς
534 5325 744 5391 ἀξιοῦσι
772 5326 953 5397 λόγου.

380 5416 484 5469 Διά
510 5416 619 5485 γὰρ
655 5415 842 5485 ὀργὴν
865 5415 1134 5481 ἐπάταξά
1158 5434 1253 5484 σε,
1288 5420 1388 5473 καί
1419 5420 1493 5472 δι’
1525 5419 1702 5475 ἔλεον
1736 5422 1884 5493 ἠγάο

319 5503 480 5571 ιιι]σὰ
527 5521 619 5559 σε.
649 5506 760 5559 Καὶ
801 5505 1269 5575 ἀνοιχθήσονται
1304 5510 1364 5561 αι
1406 5508 1591 5562 πύλαι
1630 5525 1745 5563 σου
1792 5509 1889 5564 διὰ

321 5592 565 5659 παντὸς,
620 5594 846 5663 ἡμέρας
893 5593 993 5647 καὶ
1042 5593 1294 5659 νυκτὸς,
1342 5595 1437 5649 καὶ
1485 5598 1558 5651 οὺ
1603 5601 1883 5668 συγκλει-

387 5768 406 5800 ⁸
441 5769 580 5824 l‘sul.
610 5784 759 5836 Lut,
790 5768 967 5839 10,11.
1046 5770 1066 5800 '
1101 5766 1307 5823 Coloss.
1348 5783 1384 5831 ι,
1415 5767 1503 5822 25.

2008 2171 2059 2216 et
2101 2175 2243 2229 reges
2285 2176 2467 2214 eorum
2496 2161 2743 2214 assistent
2785 2158 2902 2211 tibi.

2080 2251 2353 2305 Eximium
2379 2250 2631 2319 quodque
2652 2250 2776 2312 hoc,
2806 2256 2862 2303 et
2883 2245 3081 2300 divinae
3104 2244 3362 2311 potentiae
3391 2251 3475 2297 est
3499 2241 3583 2298 l's-

2008 2341 2186 2397 cinus.
2221 2340 2355 2395 Muri
2383 2339 2530 2394 enim
2554 2349 2609 2393 et
2637 2337 2972 2392 munimenta
2998 2348 3120 2404 quae
3154 2331 3416 2387 Eccleslaz
3445 2332 3582 2388 libe-

2008 2447 2100 2487 ros
2145 2437 2388 2495 servant,
2443 2427 2664 2497 intelligi
2700 2420 2864 2496 847
2918 2432 3165 2493 poSsunt,
3192 2422 3327 2478 ﬁdes
3350 2434 3497 2480 recta
3531 2432 3591 2478 et

2008 2518 2527 2591 irreprehensibilis,
2571 2526 2627 2571 et
2661 2528 2887 2586 operum
2938 2513 3193 2583 splendor
3222 2515 3371 2569 omni
3413 2515 3583 2569 virtu-

2007 2618 2121 2665 tum
2160 2608 2563 2679 pulchritudine
2626 2608 2938 2662 decoratus.
2986 2603 3355 2674 Praeceptores
3401 2613 3579 2659 autem

2005 2700 2329 2771 cognitionis
2373 2699 2691 2771 dogmaticm
2756 2706 2813 2752 et
2840 2695 3086 2761 moralis,
3122 2696 3366 2766 adeoque
3397 2696 3582 2751 docto-

2006 2806 2094 2847 res
2141 2789 2448 2845 divinorum
2496 2788 2890 2860 praeconiorum
2914 2798 3308 2856 esse-possunt,
3344 2786 3584 2841 ministri

2004 2898 2194 2938 omnes
2236 2882 2547 2953 quicunque
2598 2880 2783 2936 divino
2811 2879 3119 2935 cslcuload
3155 2879 3257 2933 hoc
3294 2888 3577 2934 vocantur.

2005 2974 2073 3028 Et
2105 2973 2358 3042 primitiae
2384 2973 2604 3042 quidem
2640 2971 2801 3039 hujus
2831 2985 3003 3026 sacrae
3030 2969 3442 3039 praedicationis
3479 2983 3578 3022 ex.-

2004 3065 2259 3121 stiterunt
2300 3065 2454 3118 nobis
2491 3062 2658 3118 divini
2694 3062 2964 3128 discipuli,
3008 3071 3064 3117 et
3106 3060 3415 3130 complures
3459 3069 3579 3129 post

2004 3154 2145 3219 illos,
2166 3154 2258 3223 qui
2297 3154 2348 3208 in
2384 3151 3012 3221 sermone.praadicando
3035 3150 3208 3207 secuti
3235 3158 3363 3205 sunt
3388 3162 3575 3203 eorum

2004 3245 2252 3314 vestigia,
2282 3259 2387 3299 non
2422 3243 2594 3299 solum
2620 3258 2685 3296 ex
2723 3242 2948 3307 Judaeis,
2977 3244 3070 3295 sed
3100 3249 3155 3296 et
3175 3255 3242 3295 ex
3266 3239 3575 3295 Graecorum

2003 3334 2304 3399 ordinibus,
2350 3333 2465 3403 qui,
2492 3334 2739 3389 saculari
2787 3333 3038 3387 instructi
3079 3333 3367 3401 sapientia,
3409 3341 3462 3385 et
3496 3333 3577 3386 di-

2003 3424 2157 3478 cendi
2191 3423 2450 3478 facultate
2496 3423 2729 3494 praditi,
2774 3423 2965 3492 optimi
3016 3423 3350 3477 institutores
3383 3436 3576 3476 evase‘

2004 3524 2150 3579 runt,
2182 3514 2397 3568 lirmum
2438 3528 2744 3568 sermonem
2788 3513 2911 3568 lidei
2944 3513 3275 3568 aediﬁcantes
3301 3513 3577 3581 eleganter

2003 3604 2055 3658 in
2106 3603 2305 3658 animis
2347 3604 2710 3668 initiatorum,
2753 3612 2810 3659 et
2852 3604 3152 3658 inserentes
3190 3605 3243 3659 in
3292 3604 3397 3658 illis
3439 3605 3577 3658 bene

1998 3695 2211 3750 vivendi
2241 3695 2611 3750 admirabilem
2644 3695 3056 3751 conscientiam.
3095 3695 3433 3766 Alienigena:
3472 3696 3575 3766 igi-

2000 3794 2088 3840 tur
2115 3784 2355 3853 fuerunt,
2379 3786 2505 3854 quia
2536 3801 2644 3841 non
2670 3795 2913 3841 erantex
2938 3786 3203 3857 sanguine
3226 3787 3409 3853 Israel,
3433 3791 3574 3856 quod

1998 3874 2065 3929 ad
2097 3888 2317 3930 carnem
2348 3874 2572 3940 attinet;
2618 3874 2900 3929 architecti
2952 3883 3131 3930 tamen
3178 3876 3477 3945 sapientes,
3519 3886 3577 3930 ut

1997 3964 2212 4020 divinus
2256 3963 2457 4020 Paulus
2508 3964 2772 4034 loquitur,
2829 3965 3032 4033 quique
3081 3976 3231 4020 recte
3276 3975 3472 4020 norant
3517 3967 3573 4021 in

1996 4054 2152 4110 nobis
2196 4054 2472 4110 Christum
2514 4054 2744 4110 fundare
2766 4056 2810 4120 ⁸,
2858 4069 2956 4124 per
3012 4054 3170 4108 Iidem
3211 4053 3481 4118 videlicet,
3521 4064 3575 4109 et

1998 4157 2178 4198 rerum
2241 4143 2502 4198 bonarum
2558 4143 2979 4198 institutionem.
3044 4141 3178 4208 Hoc,
3203 4144 3417 4212 opinor,
3449 4153 3571 4198 est:

2002 4231 2403 4289 tIEdillcabunt
2422 4232 2739 4302 alienigena:
2765 4248 2947 4286 muros
2970 4244 3110 4298 tuos,
3131 4242 3187 4288 et
3214 4248 3367 4302 reges
3386 4247 3572 4288 eorum

1996 4324 2255 4379 assistent
2279 4323 2399 4378 tibi.
2432 4340 2452 4374 ι
2486 4321 2727 4388 Quorum
2771 4322 2964 4391 reges?
2998 4321 3265 4376 Nimirum
3307 4322 3572 4391 alienige-

1996 4431 2209 4471 narum.
2254 4414 2322 4469 Et
2362 4428 2519 4484 reges
2572 4415 2662 4469 hic
2699 4413 2852 4477 dicit,
2890 4414 2979 4471 .vel
3020 4414 3294 4482 principes
3326 4422 3383 4468 et
3407 4413 3573 4468 duces

1994 4507 2341 4576 populorum,
2374 4506 2463 4575 qui
2488 4506 2758 4559 assistunt
2801 4504 3057 4560 Ecclesiae
3095 4505 3322 4567 Christi,
3363 4502 3569 4558 satelli-

1998 4598 2072 4652 tio
2110 4597 2419 4651 munientes
2464 4594 2608 4651 velut
2643 4609 2785 4661 eam;
2829 4603 2885 4649 et
2934 4594 3135 4649 liberos
3163 4592 3281 4662 ejus
3312 4603 3567 4663 tanquam

1995 4698 2150 4745 scuto
2199 4696 2564 4758 protegentes,
2626 4700 2690 4741 ac
2738 4701 2952 4741 onmem
3013 4685 3252 4740 hostium
3314 4686 3569 4754 impetum

1995 4778 2373 4849 propellentes,
2426 4788 2538 4832 tam
2591 4776 2683 4845 qui
2730 4775 3088 4844 aspectabiles
3133 4785 3259 4830 sunt
3287 4789 3448 4843 quam
3477 4772 3570 4844 qui

1998 4870 2449 4940 inaspectabiles;
2507 4878 2601 4922 aut
2639 4877 2810 4930 certe,
2838 4868 3063 4921 summis
3092 4878 3316 4923 ornatos
3344 4868 3565 4922 honori-

1997 4961 2120 5023 bus.
2151 4970 2206 5016 et
2231 4961 2434 5031 regium
2463 4969 2734 5028 sceptrum
2762 4957 3043 5021 habentes,
3070 4957 3165 5025 qui
3192 4958 3353 5012 etiam
3390 4958 3572 5014 Eccle-

2002 5049 2096 5104 siae
2156 5052 2438 5106 assistunt.
2496 5048 2820 5106 Assistentia
2874 5047 2977 5100 hoc
3024 5047 3077 5101 in
3129 5047 3249 5103 loco
3302 5049 3570 5119 signiﬁcat

1996 5141 2383 5195 obedientiam.
2432 5140 2645 5196 Cedunt
2683 5141 2827 5197 enim
2863 5140 3063 5195 divinis
3113 5146 3168 5194 et
3206 5140 3570 5193 sacrosanctis

1994 5229 2288 5295 vaticiniis,
2326 5241 2489 5300 atque
2524 5229 2963 5301 praedicationem
2996 5228 3253 5289 Ecclesia:
3278 5242 3492 5283 summo
3514 5228 3566 5281 in

1992 5327 2164 5396 pretio
2196 5328 2417 5387 habent.

2064 5416 2228 5475 Vsus.
2288 5421 2377 5485 Η,
2409 5420 2495 5476 12.
2534 5421 2743 5475 Etenim
2788 5431 3002 5491 propter
3045 5422 3185 5473 iram
3230 5417 3463 5487 percussi
3493 5427 3563 5477 te.

1990 5515 2039 5560 et
2091 5517 2305 5576 propter
2354 5510 2775 5564 misericordiam
2826 5510 2989 5563 dilexi
3028 5518 3098 5566 te.
3149 5506 3220 5560 Et
3267 5507 3565 5573 aperientur

1988 5609 2153 5667 ponte
2174 5610 2277 5654 tua:
2297 5616 2519 5671 semper,
2560 5603 2643 5656 die
2664 5612 2711 5656 et
2746 5611 2912 5666 nocte,
2936 5608 2986 5654 et
3019 5614 3121 5654 non
3151 5596 3479 5660 claudentur,
3507 5605 3561 5649 ιιι

3434 410 3599 477 ,1554
3692 448 3696 452 ι
