4148 6520
653 377 792 445 i535

1638 386 1693 442 S.
1740 385 2014 445 CYRILLI
2059 384 2530 442 ALEXANDRINI
2573 383 2895 442 ARCBIEP.

3761 374 3898 429 i335

651 504 989 558 introducunt
1013 502 1080 555 ad
1105 511 1154 556 te
1187 505 1470 570 potentiam
1491 506 1745 574 gentium,
1781 515 1830 560 et
1858 521 2000 576 reges
2045 506 2212 559 addu-

2318 503 2654 570 σθήσονται
2671 496 3014 570 εἰσαγαγεῖν
3032 495 3182 564 πρὸς
3202 493 3276 549 σὲ
3293 493 3547 562 δύναμιν
3563 491 3773 556 ἐθνῶν,
3798 493 3899 544 καὶ

651 601 852 646 cantur.
886 589 1068 644 Gentes
1099 593 1234 646 enim
1268 602 1314 647 et
1357 609 1500 662 reges
1542 595 1631 664 qui
1684 610 1788 649 non
1836 595 2053 651 servient
2101 595 2220 660 tibi,

651 681 914 745 ocribunt,
944 691 994 735 et
1025 692 1197 750 gentes
1237 684 1604 740 vastabantur.

724 858 988 924 Quoniam
1040 861 1216 927 enim,
1264 861 1467 932 inquit,
1523 863 1856 932 deprehensa
1884 877 1976 929 es,
2033 878 2224 933 quam-

657 948 901 1018 plurimis
941 961 995 1006 et
1048 951 1477 1008 intolerabilibus
1526 954 1799 1023 implicata
1822 954 2000 1023 lvitiis,
2033 969 2220 1023 parem

603 1021 630 1038 “
656 1051 873 1105 poenam
903 1040 1224 1098 sustinuisti.
1251 1039 1379 1095 Erat
1411 1043 1554 1096 ettim
1586 1021 1808 1098 necesse
1823 1021 1909 1110 tut,
1944 1021 2066 1098 cum
2096 1044 2222 1098 talis

654 1126 750 1190 sis,
788 1125 924 1180 iram
972 1127 1113 1184 hanc
1145 1141 1200 1185 et
1238 1131 1556 1199 supplicium
1604 1134 1922 1188 sustineres.
1955 1133 2220 1199 Quoniam

654 1223 834 1269 autem
875 1216 972 1270 tibi
1016 1231 1204 1273 rursus
1255 1218 1630 1274 misericordia
1680 1221 2037 1289 impertienda
2074 1231 2215 1288 erat,

657 1315 843 1374 utpote
867 1320 897 1360 a
929 1307 1072 1362 bono
1094 1319 1150 1363 et
1181 1310 1531 1367 misericorde
1571 1311 1796 1367 Domino
1840 1328 1903 1366 ac
1943 1312 2074 1377 Deo,
2116 1313 2220 1366 im-

655 1399 850 1465 partita
888 1408 990 1464 est,
1021 1408 1076 1454 et
1098 1401 1360 1469 expellam
1400 1418 1616 1457 omnem
1653 1405 1811 1458 iram.
1855 1404 1992 1470 Quid
2046 1403 2217 1473 igitur

655 1487 898 1543 futurum
952 1490 1120 1562 848
1162 1494 1282 1546 est?
1324 1493 1454 1562 quid
1502 1494 1737 1560 dabitur,
1783 1504 2068 1564 postquam
2135 1507 2222 1546 res

653 1594 862 1649 asperae
918 1583 1285 1637 cessaverint?
1351 1601 1369 1634 ι
1407 1585 1747 1653 Aperientur,
1816 1584 2011 1653 inquit,
2054 1591 2222 1652 porta:

654 1683 759 1726 tua:
800 1687 1032 1740 semper,
1069 1673 1301 1728 interdiu
1332 1685 1385 1729 et
1413 1685 1595 1738 noctu,
1625 1690 1798 1745 neque
1825 1678 2162 1730 claudentur.
2197 1693 2215 1726 ι

651 1759 879 1815 Videtur
916 1762 1003 1817 his
1045 1763 1227 1839 verbis
1275 1778 1465 1832 pacem
1514 1764 1752 1832 polliceri
1797 1764 1922 1828 illis,
1971 1773 2028 1821 et
2075 1773 2221 1818 tran-

2318 596 2599 661 βασιλεῖς
2622 595 2970 663 ἀγομένους.
2989 589 3065 642 Τὰ
3081 588 3190 656 τὰρ
3219 585 3382 652 ἔθνη,
3411 585 3509 637 καὶ
3537 586 3589 636 οἱ
3617 584 3899 647 ,Βασιλεῖς

2323 688 2541 752 οἵτινες
2569 688 2641 739 οὐ
2669 680 3078 738 δουλεύσουσι
3112 692 3235 742 σοι,
3265 675 3656 737 ἀπολοῦνται,
3692 675 3792 726 καὶ
3829 673 3900 726 τὰ

2323 775 2466 842 ἔθνη
2493 774 2998 842 ἐρημωθήσονται.

2408 865 2622 934 Ἐπειδὴ
2657 865 2785 933 γὰρ,
2823 862 2976 932 φησὶ,
3009 859 3282 920 πλείστοις
3302 873 3360 908 τε
3391 856 3536 917 ὅσοις
3568 855 3660 906 καὶ
3691 853 3900 922 ἀφορή-

2321 973 2433 1019 τοις
2474 955 2939 1026 πλημμελήμασιν
2981 950 3212 1021 εὑρέθης
3251 948 3431 1016 ἔνοχος
3465 946 3564 1017 τὴν
3610 944 3899 1016 ἰσόρροπον

2325 1047 2747 1117 ὑπομεμένηκας
2779 1045 2953 1114 δίκην.
2976 1037 3084 1095 'Hv
3129 1041 3238 1111 γὰρ
3268 1040 3478 1108 ἀνάγκη
3513 1036 3774 1104 τοιαύτην
3812 1030 3898 1087 οὗ·

2325 1155 2424 1191 σαν
2473 1139 2761 1206 ὑπομεῖναι
2807 1136 2875 1189 τὰ
2912 1134 2971 1198 ἐξ
3011 1135 3200 1206 ὀργῆς.
3238 1130 3455 1201 Ἐπειδὴ
3496 1129 3554 1182 δέ
3601 1144 3686 1179 σοι
3735 1126 3899 1178 πάλιν

2323 1230 2488 1301 ὲχρῆν
2523 1229 2598 1291 ὡς
2637 1228 2697 1291 ἐξ
2736 1226 2941 1295 ἀγαθοῦ
2970 1243 3028 1278 τε
3068 1225 3162 1277 καὶ
3208 1220 3643 1292 φιλοικτίρμονος
3689 1219 3896 1287 Κυρίου

2323 1323 2415 1374 καὶ
2437 1320 2571 1374 Θεοῦ
2597 1319 2816 1388 δοθῆναι
2849 1317 2939 1369 τὸν
2960 1316 3125 1377 ἔλεον,
3154 1312 3382 1374 δέδοται,
3414 1310 3510 1362 καὶ
3537 1308 3711 1372 διώξω
3739 1308 3813 1360 τὰ
3842 1307 3898 1370 ἐξ

2321 1410 2511 1480 ὀργῆς.
2544 1409 2608 1461 Τί
2639 1405 2730 1461 οὖν
2763 1406 3013 1475 ὑπάρξει,
3050 1405 3101 1457 τί
3130 1403 3186 1455 δὲ
3213 1402 3497 1470 δοθήσεται
3531 1397 3898 1451 πεπαυιιένων

2320 1500 2429 1553 τῶν
2498 1497 2871 1569 σκυθρωπῶν;
2945 1515 2963 1547 ι
3025 1493 3516 1564 Ἀνεωχθήσονται,
3589 1490 3754 1558 φησὶν
3781 1530 3796 1551 ,
3844 1490 3896 1538 αἱ

2323 1590 2488 1644 πύλαι
2527 1607 2618 1642 σου
2658 1587 2747 1641 διὰ
2792 1586 3022 1648 παντὸς,
3055 1584 3266 1655 ἡμέρας
3304 1584 3396 1635 καὶ
3431 1582 3643 1644 νυκτὸς,
3694 1579 3793 1632 καὶ
3835 1579 3894 1630 οὑ

2323 1678 2856 1749 συγκλεισθήσονται.
2883 1694 2901 1728 ι
2941 1677 3157 1728 Ἔοικεν
3193 1676 3249 1726 ἐν
3281 1672 3488 1734 τούτοις
3531 1671 3758 1740 εἰρήνην
3803 1669 3898 1719 αὑο

2321 1772 2433 1833 τοῖς
2468 1768 2866 1839 ὑπισχνεῖσθαι,
2901 1766 2996 1819 καὶ
3032 1765 3132 1836 τὴν
3179 1763 3427 1816 ἐντεῦθεν
3462 1761 3663 1814 εὐδίαν.
3696 1760 3763 1811 Δί
3802 1759 3898 1826 μὲν

647 1852 970 1921 quillitatem
1009 1868 1128 1921 qua:
1166 1854 1287 1908 inde
1319 1855 1590 1922 provenit.
1641 1854 1776 1909 Nam
1809 1856 2059 1912 civitates
2096 1869 2212 1924 quat

2321 1860 2430 1930 γὰρ
2459 1862 2516 1912 ὲν
2547 1859 2754 1929 ὑποψίᾳ
2787 1856 3062 1926 πολεμίων
3094 1855 3329 1926 ἐμϐολῆς
3369 1850 3523 1908 οὖσαι
3559 1852 3764 1912 πόλεις.
3799 1851 3897 1902 οὐκ

650 1943 884 1998 hostium
942 1944 1354 2013 impressionem
1410 1945 1644 2015 aliquam
1688 1946 1805 2002 fore
1844 1947 2212 2017 suspicantur,

648 2049 756 2089 non
783 2049 1000 2105 semper
1026 2046 1243 2104 apertas
1270 2037 1466 2092 habent
1492 2047 1698 2107 portas,
1726 2039 1828 2093 nisi
1857 2054 1979 2094 cum
2007 2048 2217 2108 tempus

648 2125 722 2177 ita
759 2121 864 2176 fert
892 2131 948 2177 et
975 2123 1286 2189 necessitas,
1321 2124 1484 2192 idque
1510 2124 1599 2179 vix
1629 2125 1859 2180 interdiu
1891 2128 2012 2182 sine
2040 2137 2210 2181 metu.

645 2213 715 2266 At
743 2228 862 2283 quae
895 2227 962 2268 eo
993 2214 1187 2268 timore
1239 2214 1477 2270 liberatae
1523 2224 1672 2282 sunt,
1718 2231 1818 2272 nec
1863 2231 2122 2285 passurae
2158 2231 2217 2271 se

652 2304 758 2358 tale
786 2304 1079 2374 quidquam
1110 2314 1448 2373 exspectant,
1484 2305 1606 2360 illas
1637 2307 1885 2376 aperiunt
1917 2307 2217 2375 ingredien-

647 2395 812 2458 tibus,
849 2395 1012 2464 idque
1044 2395 1206 2450 etiam
1237 2396 1453 2466 quidam
1487 2407 1648 2452 noctu
1697 2397 1920 2453 faciunt.
1971 2398 2028 2453 Si
2052 2398 2218 2468 igitur

643 2501 835 2554 pacem
866 2487 973 2542 illis
1003 2487 1268 2556 promittit
1303 2487 1443 2543 Deus
1463 2498 1519 2543 et
1547 2489 1934 2558 amplissimam
1978 2490 2214 2546 felicita-

647 2588 778 2644 tem,
808 2588 958 2633 certe
988 2581 1279 2635 continuus
1307 2579 1415 2636 erit
1446 2580 1854 2635 adventantium
1889 2595 2212 2646 concursus,

642 2679 699 2722 et
731 2669 894 2724 veluti
921 2679 1213 2739 perpetuus
1249 2671 1526 2740 ingressus
1557 2684 1768 2736 eorum,
1807 2671 1899 2738 qui
1930 2672 2218 2726 trahuntur

643 2759 1041 2826 quodammodo
1079 2773 1176 2828 per
1223 2760 1381 2815 (idem
1410 2759 1476 2814 ad
1509 2759 1839 2828 agnitionem
1875 2760 2098 2828 Christi,
2142 2762 2213 2816 ita

645 2857 706 2902 ut
736 2848 1017 2917 patefacta
1039 2857 1207 2917 portae
1231 2863 1355 2903 esse
1384 2848 1689 2914 videantur,
1710 2857 1763 2902 et
1783 2848 1985 2904 nullum
2005 2857 2213 2919 tempus

642 2954 783 3006 esse,
806 2954 913 3009 quo
937 2953 1032 2994 eas
1060 2938 1233 2994 claudi
1263 2949 1532 3008 oporteat,
1561 2955 1666 2994 non
1694 2939 1780 2995 his
1811 2940 1982 2996 solum
1998 2941 2211 3009 quidem

642 3029 888 3082 demissa:
903 3037 957 3082 et
975 3027 1193 3083 humilis
1208 3026 1436 3084 fortuna:
1453 3037 1600 3094 sunt,
1619 3039 1672 3084 et
1687 3030 1815 3099 jugo
1833 3030 1979 3097 regni
1999 3038 2210 3099 parent,

643 3119 740 3174 sed
770 3118 875 3173 illis
895 3118 991 3189 qui
1024 3119 1076 3173 in
1098 3134 1289 3174 omnes
1313 3119 1833 3190 habentimperium.
1872 3120 2212 3176 Licetautem

643 3224 710 3265 ex
739 3210 901 3266 rebus
943 3211 1074 3281 ipsis
1104 3211 1400 3280 prophetiae
1435 3210 1595 3279 hujus
1622 3212 1878 3266 virtutem
1915 3212 2211 3266 etiamnum

644 3301 847 3356 videre.
899 3300 1116 3370 Accipit
1165 3303 1313 3357 enim
1358 3303 1602 3358 Ecclesia
1650 3304 1799 3357 omni
1841 3314 2082 3372 tempore
2117 3318 2214 3358 vo-

645 3392 818 3446 lentes
851 3391 1097 3456 credere,
1139 3391 1341 3447 neini
1391 3406 1618 3461 prorsus
1646 3392 1885 3448 occludit
1923 3393 2029 3448 huc
2058 3392 2213 3448 festi-

646 3480 822 3544 nanti,
855 3481 949 3536 sed
983 3481 1213 3536 liberum
1243 3497 1309 3537 ac
1344 3481 1550 3537 licitum
1586 3491 1670 3538 est
1695 3482 2001 3538 volentibus
2035 3484 2212 3552 quoli-

646 3572 736 3626 bet
761 3582 1023 3640 tempore,
1066 3572 1214 3627 nullo
1263 3573 1608 3642 impediente,
1653 3573 1721 3628 ad
1757 3573 1932 3628 lucem
1970 3574 2214 3629 veritatis

645 3661 863 3716 adduci.
900 3662 1136 3717 Adducit
1172 3671 1352 3718 autem
1399 3678 1591 3719 omnes
1633 3663 1778 3720 Deus
1820 3674 1876 3720 et
1919 3664 2104 3731 Pater,
2144 3666 2214 3722 ad

642 3753 971 3823 agnitionem
1019 3753 1163 3820 Filii,
1207 3769 1303 3824 per
1324 3769 1506 3824 quem,
1533 3755 1662 3811 etin
1692 3771 1820 3825 quo,
1857 3765 1912 3812 et
1948 3772 2072 3812 cum
2106 3773 2214 3827 quo

643 3837 996 3913 gloriﬁcatur.
1035 3845 1213 3915 Atque
1259 3846 1361 3901 hoc
1403 3845 1516 3916 ipse
1549 3847 1706 3902 nobis
1738 3846 2090 3916 signiﬁcavit,
2130 3849 2214 3902 di-

641 3952 817 3991 cens:
853 3936 1066 3992 «Nemo
1143 3946 1326 4006 potest
1388 3939 1576 3993 venire
1634 3939 1701 3992 ad
1731 3955 1838 4006 me,
1889 3940 1992 3993 nisi
2049 3940 2214 3995 Pater

641 4044 795 4084 meus
817 4028 910 4098 qui
941 4029 1086 4083 misit
1128 4043 1217 4084 me
1262 4031 1494 4085 traxerit
1523 4045 1651 4086 eum
1682 4030 1725 4085 ‘.
1755 4049 1775 4084 ι
1815 4031 2068 4086 Gentium
2110 4047 2209 4100 po-

643 4121 863 4176 tentiam
913 4119 1275 4175 inducendam
1311 4121 1463 4188 dicit,
1511 4131 1569 4175 ut
1606 4136 1674 4177 ne
1705 4123 1849 4178 solos
1885 4137 1979 4178 eos
2010 4123 2211 4179 intelli-

638 4225 757 4280 gas,
786 4207 844 4262 ut
873 4209 1012 4274 dixi,
1047 4210 1140 4278 qui
1175 4210 1322 4265 tenui
1369 4219 1425 4265 et
1473 4211 1678 4281 objecta
1713 4214 2024 4269 conditione
2055 4225 2204 4281 sunt,

640 4301 734 4353 sed
764 4313 860 4354 eos
883 4300 1071 4364 etiam,
1093 4298 1186 4366 qui
1229 4314 1350 4354 cum
1386 4308 1651 4369 potestate
1687 4313 1836 4371 sunt,
1873 4314 1928 4359 et
1953 4305 2122 4375 gloria
2152 4307 2204 4360 in

639 4390 742 4444 hac
801 4391 909 4444 vita
958 4390 1310 4460 |spectabiles.
1361 4392 1621 4461 Adjungit
1678 4409 1895 4464 porro:
1953 4397 2206 4454 «Gentes

2317 1952 2406 2004 est
2438 1949 2538 2013 τὰς
2582 1949 2754 2012 πύλας
2785 1946 3236 2015 ἀναπετασμένας
3284 1945 3531 2014 ἔχουσιν,
3565 1941 3681 1994 ἀλλ’
3719 1941 3797 2003 ὼς
3843 1942 3894 1992 ἐν

2319 2040 2494 2111 καιρῷ
2517 2041 2609 2094 καὶ
2630 2039 2806 2110 χρείᾳ,
2836 2039 2928 2091 καὶ
2947 2040 3004 2091 έν
3024 2038 3207 2108 ἡμέρα
3229 2037 3400 2103 μόλις,
3430 2035 3524 2087 καὶ
3551 2035 3611 2086 οὑ
3642 2033 3768 2101 δίχα
3792 2032 3896 2084 δει-

2321 2133 2505 2203 μάτων
2525 2147 2540 2161 °
2581 2132 2639 2183 ai
2663 2129 2719 2182 δὲ
2749 2130 2979 2182 είσάπαν
3008 2125 3423 2196 ἀπηλλαγμέναι
3457 2123 3554 2177 τοῦ
3589 2121 3896 2192 προσδοκᾷν

2315 2239 2368 2274 τι
2401 2219 2610 2274 τοιοῦτο
2650 2220 2937 2288 ὑπομεῖναι
2974 2216 3360 2286 ἀνευρύνουσιν
3407 2213 3579 2275 αὑτὰς
3639 2213 3754 2272 τοῖς
3786 2212 3894 2262 εἱσ-

2315 2311 2592 2372 6ἀλλουσι,
2620 2310 2723 2364 κᾶν
2756 2312 2803 2362 εἰ
2831 2311 2889 2362 ὲν
2927 2308 3082 2362 νυκτὶ
3113 2306 3270 2359 τοῦτο
3301 2304 3470 2376 δρῶσί
3494 2320 3663 2366 τινες.
3696 2304 3759 2355 Εἰ
3791 2301 3894 2353 τοί-

2316 2420 2410 2456 νυν
2455 2404 2680 2473 εἰρήνην
2713 2402 2895 2464 αὑτοῖς
2922 2399 3315 2467 ἐπαγγέλλεται
3358 2395 3511 2458 Θεὸς,
3560 2396 3655 2448 καὶ
3695 2393 3894 2453 πλάτος

2313 2489 2634 2561 εὐημερίας,
2661 2490 2829 2558 ἤγουν
2857 2486 3215 2548 ἀδιαλείπτως
3242 2484 3396 2536 ἔσται
3424 2482 3532 2535 τῶν
3560 2480 3697 2550 πρὸς
3727 2477 3893 2546 αὑτὴν

2319 2585 2503 2636 ἰόντων
2541 2583 2574 2652 ή
2617 2580 2921 2651 συνδρομὴ,
2971 2579 3065 2632 καὶ
3115 2572 3226 2630 οἷον
3270 2572 3529 2646 διηνεκὴς.
3572 2574 3606 2640 ἡ
3670 2569 3890 2631 εἴσοδος,

2316 2674 2622 2742 ἑλκομένων
2652 2672 2852 2742 τρόπον
2886 2669 3010 2724 τινὰ
3040 2667 3130 2721 διὰ
3156 2667 3253 2736 τῆς
3281 2666 3516 2725 πίστεως
3545 2664 3625 2724 εἰς
3661 2660 3890 2726 ἐπίγνω-

2315 2781 2400 2818 σιν
2431 2763 2525 2818 τοῦ
2549 2761 2808 2834 Χριστοῦ,
2835 2761 2976 2814 ὥστε
2997 2759 3172 2812 δοκεῖν
3194 2753 3532 2824 ἀνανεῶχθαι
3563 2753 3662 2814 τὰς
3696 2750 3891 2811 πύλας,

2315 2854 2410 2909 καὶ
2437 2853 2628 2924 καιρὸν
2662 2853 2761 2906 οὑκ
2794 2847 2933 2905 εἷναί
2979 2867 3120 2914 τινα,
3153 2847 3271 2902 καθ’
3303 2847 3360 2899 ὃν
3401 2844 3571 2906 αὑτὰς
3615 2842 3893 2896 κλείεσθαι

2315 2943 2538 3014 πρέπει,
2562 2943 2658 2996 καὶ
2685 2942 2806 3010 οὐχὶ
2837 2940 3017 3009 μόνοις
3049 2941 3159 3002 τοῖς
3189 2940 3246 2991 ὲν
3277 2937 3468 3002 ὑφέσει
3498 2935 3639 3004 βίου,
3666 2933 3762 2985 καὶ
3793 2932 3895 2984 ὑπὺ

2315 3034 2458 3103 ζυγά
2497 3033 2793 3104 βασιλείας,
2825 3031 2960 3088 ἀλλὰ
2995 3030 3104 3101 γὰρ
3131 3030 3226 3084 καὶ
3270 3030 3452 3091 αὑτοῖς
3484 3029 3597 3089 τοῖς
3641 3025 3704 3078 τὺ
3751 3025 3894 3077 κατὰ

2317 3126 2536 3180 πάντων
2581 3123 2765 3194 ἔχουσι
2807 3122 3029 3194 κράτος.
3065 3121 3287 3184 Ἔξεστι
3330 3118 3387 3172 δὲ
3421 3118 3510 3172 διὰ
3547 3117 3892 3186 πραγμάτων

2331 3218 2466 3271 ἰδεῖν
2508 3217 2608 3286 τῆς
2655 3213 2993 3285 προφητείας
3024 3210 3124 3281 τὴν
3175 3209 3400 3278 δύναμιν
3457 3206 3770 3278 κρατοῦσαν
3816 3205 3892 3264 είς

2313 3307 2494 3379 δεῦρο.
2520 3306 2744 3375 Δέχεται
2768 3304 2878 3374 γὰρ
2904 3304 2938 3373 ἡ
2966 3301 3263 3372 Ἐκκλησία
3301 3299 3443 3354 κατὰ
3478 3299 3660 3352 πάντα
3704 3297 3890 3367 καιρὸν

2311 3399 2440 3459 τοὺς
2467 3395 2743 3449 πιστεύειν
2781 3392 3084 3456 ἐθέλοντας,
3109 3389 3412 3444 ὲκκλείειδιὲ
3437 3389 3571 3450 ὅλως
3600 3387 3776 3440 οὐδενὶ
3797 3387 3890 3456 τὴν

2315 3487 2394 3550 εἰς
2429 3484 2590 3538 τοῦτο
2642 3483 2914 3554 σπουδήν·
2949 3480 3127 3545 ἔξεστι
3177 3481 3234 3533 δὲ
3265 3481 3375 3543 τοῖς
3422 3478 3665 3531 ἐθέλουσι
3716 3493 3890 3546 παρα-

2313 3574 2621 3638 ποδίζοντος
2651 3571 2898 3637 οὐδενὸς,
2948 3568 3069 3623 καθ’
3108 3568 3166 3620 ὃν
3205 3568 3272 3620 ἂν
3319 3565 3618 3636 βούλωνται
3664 3565 3886 3634 καιρὸν,

2314 3664 2452 3738 πρὸς
2484 3664 2544 3717 τὸ
2573 3663 2674 3733 τῆς
2709 3659 2948 3730 ἀληθοῦς
2987 3658 3313 3726 θεογνωσίας
3337 3655 3564 3724 ἄγεσθαι
3591 3655 3710 3723 φῶς
3733 3673 3746 3686 ·
3767 3656 3886 3728 ᾷγει

2311 3757 2369 3810 δὲ
2399 3758 2642 3817 ἅπαντας
2667 3752 2798 3815 Θεὸς
2819 3752 2913 3806 καὶ
2939 3750 3128 3820 Πατὴρ
3166 3751 3243 3811 εἰς
3278 3748 3571 3816 ἐπίγνωσιν
3604 3745 3699 3798 τοῦ
3733 3744 3882 3806 Tisia,

2310 3847 2376 3900 δι’
2407 3841 2488 3912 οῦ,
2525 3846 2620 3899 καὶ
2665 3846 2724 3898 ὲν
2766 3836 2831 3910 ᾧ,
2869 3842 2964 3896 καὶ
2995 3840 3117 3910 μεθ’
3146 3835 3206 3893 οῦ
3243 3838 3541 3903 δοξάζεται.
3579 3835 3691 3890 Καὶ
3734 3834 3887 3887 τοῦτο

2311 3937 2472 4000 αὑτὸς
2515 3937 2645 4006 ἡμῖν
2693 3933 3142 4002 καταμεμήνυκε,
3174 3930 3368 3997 λέγων’
3398 3949 3415 3981 ι
3448 3926 3637 3990 Οὐδεὶς
3664 3925 3884 3979 δύναται

2310 4028 2484 4084 ἐλθεῖν
2513 4027 2650 4097 πρός
2683 4043 2772 4096 με,
2809 4024 2905 4078 ἐὰν
2937 4023 3014 4092 μὴ
3049 4024 3076 4075 ὁ
3111 4022 3300 4090 Πατήρ
3337 4036 3438 4090 μου
3478 4019 3507 4070 ό
3544 4017 3776 4086 πέμψας
3820 4031 3884 4084 με

2305 4117 2511 4190 ἑλκύσῃ
2548 4114 2729 4170 αὐτόν.
2755 4132 2774 4168 ι
2832 4112 3030 4167 Ἐθνῶν
3086 4111 3144 4164 δὲ
3186 4109 3417 4178 δύναμιν
3461 4104 3884 4176 εἰσαχθήσεσθαί

2308 4225 2494 4279 φησιν,
2535 4207 2622 4260 ἵνα
2651 4204 2728 4276 μὴ
2756 4204 2949 4274 μόνους
2991 4202 3198 4270 ὲννοῇς,
3220 4199 3294 4262 ὡς
3325 4200 3480 4269 ἔφην,
3507 4199 3634 4259 τοὺς
3667 4199 3727 4249 ὲν
3759 4214 3880 4265 σμι-

2307 4297 2530 4370 κρότητί
2558 4314 2618 4350 τε
2663 4297 2758 4350 καὶ
2785 4297 2843 4348 ὲν
2868 4293 3078 4362 ὑφέσει,
3105 4292 3239 4346 ἀλλά
3263 4291 3372 4362 γὰρ
3403 4290 3500 4344 καὶ
3527 4290 3728 4352 αὑτοὺς
3760 4290 3880 4351 105.;

2305 4391 2366 4444 ἐν
2393 4390 2640 4460 δυνάμει,
2663 4389 2758 4442 καὶ
2790 4386 2917 4456 δόξῃ
2944 4387 3010 4456 τῇ
3050 4383 3191 4440 κατὰ
3226 4384 3378 4437 τόνδε
3408 4383 3501 4436 τὸν
3537 4382 3669 4452 βίον.
3711 4383 3879 4451 Προσ-

638 4491 692 4536 et
718 4496 873 4552 reges
912 4483 1002 4552 qui
1051 4498 1156 4537 non
1196 4485 1435 4540 servient
1472 4486 1590 4553 tihi,
1624 4489 1895 4556 peribunt,
1928 4498 1982 4544 et
2021 4500 2204 4546 vasta-

2315 4481 2503 4549 επάγει
2555 4480 2614 4534 δὲ
2640 4482 2744 4543 ὅτι,
2784 4497 2803 4528 ι
2835 4476 2943 4528 Καὶ
2974 4475 3124 4544 ἔθνη,
3158 4475 3252 4528 καὶ
3297 4476 3347 4525 oi
3389 4472 3647 4541 βασιλεῖς,
3687 4471 3879 4532 οἵτινες

638 4577 905 4630 buntur.)
953 4574 1201 4630 lniideles
1246 4576 1390 4631 enim
1436 4586 1492 4631 et
1528 4593 1558 4632 a
1608 4580 1879 4649 mysteriis
1926 4581 2109 4646 alieni,
2150 4591 2207 4636 et

637 4666 826 4721 salutis
859 4681 981 4735 qua:
1019 4681 1116 4735 per
1159 4665 1436 4722 Christum
1479 4678 1696 4725 estnon
1735 4673 2043 4742 participes,
2091 4673 2206 4730 sive

638 4756 713 4811 illi
740 4756 849 4810 sint
871 4756 1132 4822 illustres,
1166 4758 1281 4811 sive
1306 4758 1540 4823 obscuri,
1569 4758 1622 4814 in
1656 4760 1975 4828 profundum
2005 4762 2203 4819 inferni

636 4849 772 4902 etin
816 4847 1009 4902 mortis
1036 4847 1286 4916 laqueum
1332 4849 1590 4904 incident.
1640 4852 2020 4908 lmmorientur
2059 4856 2204 4910 enim

636 4939 876 5007 peccatis
920 4937 1062 5005 suis,
1098 4948 1157 4995 et
1199 4952 1414 5009 poenam
1459 4941 1700 4997 omnium
1731 4951 2030 4998 extremam
2074 4945 2206 5000 sub-

643 5029 818 5086 ibunt.

710 5194 876 5251 νεισ.
916 5195 1004 5252 13.
1048 5195 1113 5251 Et
1147 5198 1314 5269 gloria
1353 5200 1541 5255 Libani
1580 5203 1649 5256 ad
1689 5213 1737 5258 te
1775 5205 1981 5272 veniet;
2012 5206 2067 5259 in
2115 5221 2203 5276 ty.

635 5289 842 5355 perisse
868 5298 916 5343 et
939 5290 1068 5360 pinu
1091 5300 1140 5346 et
1165 5292 1341 5360 cedro,
1381 5303 1436 5348 ut
1471 5293 1794 5367 gloriﬁcatur
1819 5297 1964 5353 locus
1995 5309 2206 5356 sanctus

636 5392 802 5432 meus.

698 5468 861 5530 Mons
885 5482 965 5526 est
990 5472 1279 5531 Phoenicia
1307 5475 1566 5544 Libanus,
1597 5481 1795 5543 cedris,
1832 5480 2124 5550 cyparissis
2149 5490 2203 5535 et

637 5558 763 5625 pinu
810 5563 1049 5627 densus,
1102 5572 1154 5618 et
1193 5565 1324 5634 ipsis
1374 5568 1547 5623 thuris
1595 5569 1899 5624 arboribus.
1955 5568 2201 5624 Admira-

709 5735 728 5766 ⁸
758 5735 915 5792 Joan.
942 5753 1013 5800 vn.
1055 5738 1144 5795 Η.

2305 4573 2367 4626 οὑ
2394 4569 2734 4625 δουλεύσουσί
2753 4586 2854 4632 σοι,
2879 4566 3221 4630 ἀπολοῦνται,
3251 4567 3344 4618 καὶ
3364 4563 3833 4634 ὲρημωθήσονται.
3854 4579 3872 4612 ι

2307 4667 2370 4719 Ol
2399 4665 2508 4734 γὰρ
2560 4663 2808 4724 ἄπιστοι,
2857 4661 2950 4714 καὶ
2995 4655 3484 4730 ἁμυσταγώγητοι,
3524 4656 3616 4708 καὶ⁵
3660 4655 3761 4724 τῆς
3795 4652 3876 4705 διὰ

2311 4753 2548 4827 Χριστοῦ
2583 4752 2855 4823 σωτηρίας
2883 4753 3162 4822 ἀμέτοχοι,
3185 4751 3288 4804 κᾶν
3323 4750 3435 4802 εἴτε
3460 4750 3605 4809 τινὲς
3642 4742 3755 4798 εἶεν
3774 4746 3876 4798 τῶν

2313 4844 2645 4916 περιφανῶν,
2667 4845 2778 4897 εἴτε
2803 4843 2911 4897 τῶν
2941 4842 3315 4915 ἀσημοτέρων,
3335 4842 3416 4904 εἰς
3441 4840 3710 4910 πέταυρον
3731 4837 3873 4908 ᾆδον,

2311 4937 2405 4988 καί
2427 4936 2505 4998 είς
2535 4935 2733 5002 παγῖδα
2755 4933 2986 4986 θανάτου
3011 4932 3318 4985 πεσοῦνται’
3345 4928 3755 4998 ὲντεθνήξονται
3775 4927 3875 4995 γὰρ

2311 5026 2427 5086 ταῖς
2478 5022 2685 5076 ἑαυτῶν
2733 5021 3052 5092 ἁμαρτίαις,
3097 5021 3190 5074 καὶ
3233 5020 3334 5088 τὴν
3377 5017 3600 5070 ἀπασῶν
3645 5016 3875 5084 ἐσχάτην

2313 5114 2641 5185 ὑπομενοῦσι
2671 5114 2850 5184 δίκην.

2379 5206 2490 5259 Καὶ
2513 5205 2551 5272 ἡ
2577 5205 2726 5268 δόξα
2747 5204 2855 5260 τοῦ
2875 5202 3131 5260 Λιϐάνου
3155 5201 3304 5270 πρὸς
3335 5200 3410 5253 σὲ
3431 5197 3563 5265 ἥξει
3587 5198 3660 5251 ἐν
3687 5213 3871 5251 κυπα-

2300 5297 2523 5365 ρίσσῳ,
2555 5297 2654 5350 καὶ
2696 5297 2908 5363 πεύκη,
2940 5294 3040 5348 καί
3078 5292 3284 5360 κέδρῳ,
3327 5291 3447 5361 ἅμα
3484 5289 3740 5354 δοξάσαι
3771 5286 3871 5340 τόν

2309 5386 2494 5440 τόπον
2515 5385 2620 5440 τὸν
2643 5385 2813 5454 ἅγιόν
2839 5401 2979 5452 μου.

2384 5480 2546 5547 Ὅρος
2573 5477 2688 5530 ἐστὶ
2710 5477 2807 5546 τῆς
2833 5475 3085 5544 Φοινίκης
3109 5475 3137 5525 ὁ
3161 5471 3408 5536 Λίϐανος,
3441 5470 3654 5539 κέδροις
3673 5485 3753 5530 τε,
3784 5466 3871 5518 καὶ

3821 5553 3858 5568 αις

2313 5567 2690 5640 κυπαρίσσοις,
2737 5566 2833 5621 καὶ
2867 5564 3046 5635 πεύκη
3083 5563 3426 5632 κατάκομον,
3463 5559 3558 5614 καὶ
3610 5559 3786 5619 αὐτοῖς
3816 5559 3869 5604 δὲ
