4096 6490
264 386 402 444 i537

1358 356 1447 452 im
1475 381 1706 439 ISAIAM
1748 382 1853 437 LIB
1912 382 1972 437 ν.
1997 381 2236 439 TOMUS
2276 375 2360 437 i'v.

3367 380 3506 437 1558

262 503 376 564 τοῖς
432 499 529 554 τοῦ
579 498 812 555 Λιϐάνου
867 474 1075 568 φυτοῖς.
1116 497 1464 569 Θαυμάζεται
1509 498 1566 551 δὲ
1623 496 1829 569 ταύτης

1944 500 2061 555 Lioni
2095 508 2275 552 autem
2309 498 2535 552 habetur
2573 494 2740 568 849
2768 496 2867 549 hac
2911 494 2978 550 de
3017 509 3181 549 causa
3224 494 3311 549 hic
3350 510 3507 550 mons

264 594 429 647 ἓνεκα
464 583 563 663 τῆς
593 592 773 655 αἰτίας
801 592 863 645 τὸ
898 592 1267 664 μνημονευθὲν
1298 592 1444 663 ϐρος,
1477 591 1553 654 ὼς
1595 591 1838 661 ἀφθονω-

266 681 435 750 τάτην
465 678 586 750 έχον
613 680 714 751 τὴν
752 679 906 750 ὕλην,
945 681 1040 735 καὶ
1066 680 1304 752 δένδρεσι
1336 684 1446 744 τοῖς
1497 681 1840 751 εὐμηκεστά-

266 786 402 834 τοις,
433 769 528 824 καὶ
560 770 943 841 εὐοσμοτάτοις
976 770 1400 825 καταπλουτοῦν.
1425 770 1574 841 Αὕτη
1599 772 1775 825 τοίνυν
1804 772 1838 841 ἡ

265 860 393 924 δόξα
412 860 693 931 δοθήσεται
732 878 836 926 σοι,
860 861 1015 932 φησὶ,
1043 861 1247 931 νοητῶς
1267 861 1529 931 δηλονότι,
1553 862 1647 915 καὶ
1671 878 1835 915 πνευο

270 949 536 1018 ματικῶς.
561 950 761 1020 Τρέφει
792 949 898 1021 γὰρ
921 951 954 1019 ή
1004 950 1298 1020 Ἐκκλησία
1320 948 1553 1019 Χριστοῦ
1582 949 1840 1013 πλείστας

267 1057 328 1092 τε
375 1040 543 1103 ὅσας,
589 1040 683 1092 καὶΙ
735 1039 1051 1109 εὐδοκίμους
1096 1039 1266 1108 ἁγίων
1322 1037 1561 1107 κεφαλὰς
1614 1037 1747 1107 ὑψοῦ
1780 1054 1840 1091 τε

268 1129 513 1198 ὴρμένας
552 1129 612 1195 ἐξ
637 1130 870 1200 ἀρετῶν,
910 1131 999 1185 ναὶ
1025 1130 1133 1201 μὴν
1167 1130 1257 1184 καὶ
1293 1128 1680 1199 εύοσμοτάτας.
1707 1131 1841 1200 Χρι·

272 1221 395 1273 στὸν
416 1220 523 1289 γάρ
550 1220 913 1284 εύοδιάζουσιν
934 1234 947 1250 ·
986 1221 1161 1275 ἔνεστι
1196 1221 1253 1275 δὲ
1279 1221 1461 1285 αὐτοῖς
1489 1220 1584 1273 καὶ
1613 1219 1675 1273 τὸ
1697 1220 1841 1291 πέρα

268 1307 482 1360 κεῖσθαι
515 1307 721 1380 φθορᾶς
754 1309 853 1378 τῆς
886 1310 951 1361 ἐκ
984 1310 1329 1380 φρονήματος
1358 1308 1643 1381 σαρκικοῦ,
1670 1310 1840 1363 καθά·

269 1413 375 1464 περ
421 1396 611 1467 ἀμέλει
643 1399 739 1452 καὶ⁵
797 1398 859 1452 τὸ
911 1399 987 1470 μὴ
1037 1400 1351 1473 φθείρεσθαι
1402 1401 1581 1474 πεύκῃ
1629 1418 1690 1454 τε
1746 1401 1839 1455 καὶ⁵

268 1486 468 1557 κέδρῳ.
507 1488 666 1554 Ἔθος
697 1490 755 1543 δὲ
780 1493 843 1561 τῇ
879 1491 1219 1562 θεοπνεύστῳ
1249 1492 1437 1563 Γραφῇ
1476 1495 1588 1555 τοῖς
1614 1492 1837 1546 τοιοῖσδε

266 1576 379 1629 τῶν
409 1578 587 1646 φυτῶν
614 1579 909 1649 ἀφομοιοῦν
940 1580 1052 1634 ἔσθ’
1087 1582 1175 1634 ὅτε
1212 1583 1310 1652 τὴν
1349 1583 1458 1636 τῶν
1497 1582 1667 1650 ἁγίων
1698 1582 1837 1652 πλη-

270 1667 387 1730 θὺν,
410 1668 503 1721 καὶ
522 1668 653 1736 γοῦν
677 1670 778 1741 ἔφη
809 1688 911 1725 που
936 1671 1095 1725 πάλιν
1121 1672 1252 1736 Θεὸς
1273 1672 1361 1727 διά
1388 1675 1570 1744 φωνῆς
1592 1672 1836 1726 Ἡσαΐου·

272 1774 293 1807 ι
318 1757 431 1808 Καὶ
468 1758 679 1829 ποιήσω
710 1758 851 1831 ὕδωρ
886 1760 943 1814 ὲν
970 1763 1037 1832 τῇ
1067 1762 1277 1832 ἐρήμῳ,
1308 1758 1401 1815 καὶ
1444 1764 1502 1815 ὲν
1532 1764 1595 1832 τῇ
1625 1761 1838 1832 ἀνύδρῳ

268 1845 570 1917 ποταμούς.
610 1848 772 1919 Θήσω
814 1851 895 1914 είς
926 1851 1025 1921 τὴν
1070 1850 1296 1921 ἄνυδρον
1344 1852 1446 1923 γῆν
1483 1852 1699 1923 κέδρον,
1748 1854 1843 1906 καὶ
1872 1837 1914 1891 Β

269 1936 460 2004 πύξον,
482 1939 577 1992 καὶ
613 1940 902 2011 μυρσίνην,
932 1944 1027 1995 καὶ
1061 1941 1419 2011 κυπάρισσον,
1445 1942 1537 1995 καὶ
1573 1940 1794 2012 λεύκην.
1818 1960 1836 1994 i

267 2027 310 2082 Γ
312 2029 345 2097 ᾗ
376 2028 473 2097 μὲν
493 2030 601 2101 γὰρ
627 2028 767 2102 ξηρᾷ
785 2047 844 2084 τε
877 2031 971 2084 καί⁵
988 2030 1199 2102 ἀνύδρῳ
1228 2030 1551 2101 παρεικάζει
1582 2030 1649 2085 τά
1678 2029 1805 2102 ἔθνη
1824 2047 1838 2062 ο

268 2120 331 2172 ού
360 2120 469 2191 γὰρ
496 2116 564 2192 ἦν
603 2123 734 2193 παρ’
758 2122 941 2186 αὐτοῖς
967 2122 1108 2186 θεῖος
1132 2122 1287 2191 λόγος
1320 2125 1350 2176 ὁ
1374 2123 1655 2186 ζωοποιεῖν
1682 2121 1843 2177 δυνά-

272 2229 453 2282 μενος,
484 2212 578 2266 καὶ
599 2215 679 2276 είς
707 2212 933 2282 αὔξησιν
955 2212 1247 2283 ἀναφέρειν
1279 2212 1377 2285 τὴν
1411 2214 1468 2267 ὲν
1496 2212 1747 2283 εὐσεϐείᾳ
1782 2228 1843 2266 τε

269 2304 365 2357 καὶ
386 2301 584 2372 γνώσει
610 2304 766 2372 Θεοῦ,
798 2304 934 2359 ἀλλά
965 2307 1222 2374 γεγόνασι
1258 2305 1385 2374 παρ’
1415 2306 1597 2369 αὐτοῖς
1629 2305 1842 2377 κέδρος,

269 2395 364 2449 καὶ
387 2394 555 2460 πύξος
587 2397 683 2451 καὶ
717 2398 973 2468 μυρσίνη,
1016 2396 1108 2451 καὶ
1141 2399 1502 2469 κυπάρισσος.
1532 2398 1624 2451 καὶ
1649 2397 1839 2468 λεύκη,

268 2487 566 2553 τουτέστιν,
592 2487 814 2559 εὐμήκη
840 2505 900 2541 τε
930 2489 1025 2542 καὶ
1060 2487 1367 2557 ἀξιάγαστα
1397 2487 1561 2557 φυτὰ,
1584 2482 1660 2543 ὧν
1692 2487 1787 2542 καὶ
1815 2488 1844 2541 ό

269 2577 555 2642 θεσπέσιος
596 2578 848 2650 Μελῳδὸς
886 2579 1305 2650 διαμνημονεύει
1363 2580 1556 2649 λέγων’
1594 2598 1612 2631 ι
1647 2582 1844 2650 ’Δρτος

270 2670 496 2741 καρδίαν
520 2670 810 2743 ἀνθρώπου
837 2672 1102 2742 στηρίξει,
1126 2670 1588 2743 χορτασθήσονται
1620 2670 1691 2724 τὰ
1714 2669 1846 2737 ξύλα

266 2762 365 2816 τοῦ
400 2763 606 2828 πεδίου,
641 2763 734 2817 καὶ
771 2766 827 2817 ai
859 2764 1042 2835 κέδροι
1078 2763 1173 2817 τοῦ
1222 2763 1482 2827 Λιϐάνου,
1518 2763 1584 2826 ἃς
1617 2762 1844 2832 ἐφύτευ-

269 2868 393 2916 σας.
426 2871 444 2904 i
492 2853 582 2915 Ὠς
619 2855 727 2923 γὰρ
761 2854 790 2905 ὁ
827 2853 1101 2921 πάνσοφος
1136 2854 1341 2924 γράφει
1385 2853 1617 2917 Παῦλος,
1659 2872 1676 2905 ι
1706 2852 1843 2906 Θεοῦ

267 2942 535 3014 γεώργιόν
565 2946 751 3014 ὲσμεν.
775 2963 792 2996 i
825 2943 972 3015 Αὕτη
1002 2945 1179 2998 τοίνυν
1219 2947 1252 3016 ή
1291 2945 1418 3009 δόξα
1444 2943 1542 2998 τοῦ
1586 2945 1842 3007 Λιϐάνου,

267 3036 426 3105 φησι,
476 3034 764 3105 δοθήσεται
807 3052 911 3103 σοι,
946 3036 1248 3100 τουτέστιν,
1283 3036 1495 3107 ὀφθήσῃ
1532 3036 1843 3105 κατάνομος

267 3128 492 3191 πολλαῖς
537 3128 633 3181 καὶ
658 3127 1135 3199 τεθαυμασμέναις
1164 3128 1333 3197 ἁγίων
1357 3128 1845 3197 κεφαλαῖς.Ἔσται

1940 609 2098 665 quem
2147 590 2725 654 commemoravimus,
2780 599 2837 643 ut
2886 588 2976 657 qui
3031 589 3319 641 maximam
3371 588 3504 659 ligni

1938 687 2045 739 vim
2075 683 2289 746 habeat,
2327 683 2672 750 abundeiqiie
2716 681 3001 734 arboribus
3029 679 3426 748 procerissimis
3452 687 3508 734 et

1942 773 2399 845 fragrantissimis.
2453 772 2575 826 Haec
2625 771 2790 840 igitur
2820 771 3011 840 gloria,
3056 770 3251 839 inquit,
3293 770 3508 824 dabitur

1942 868 2072 931 tibi,
2127 863 2532 933 intelligibiliter
2570 862 2777 915 scilicet
2828 868 2883 914 et
2926 859 3296 929 spiritualiler.
3332 857 3509 912 Nutrit

1940 959 2085 1013 enim
2116 956 2353 1011 Ecclesia
2382 952 2582 1009 Christi
2615 953 2840 1021 plurima
2869 961 2922 1005 et
2953 952 3179 1006 illustria
3196 960 3505 1005 sanctorum

1938 1049 2151 1116 capita,
2203 1056 2314 1101 tum
2357 1044 2604 1099 sublimia
2656 1044 2890 1106 virtute,
2940 1052 3049 1094 tum
3097 1040 3505 1093 odoratissima.

1940 1139 2161 1208 Spirant
2195 1138 2349 1192 enim
2368 1137 2609 1191 suaviter
2635 1132 2932 1187 Christum.
2965 1130 3134 1185 Adest
3163 1130 3269 1184 illis
3294 1144 3510 1199 quoque

1940 1226 2065 1287 hoc,
2101 1234 2155 1278 ut
2190 1224 2318 1278 nulli
2352 1223 2465 1277 sint
2502 1221 2738 1276 carnalis
2779 1218 3005 1272 allectus
3056 1219 3386 1285 corruptioni
3412 1219 3510 1272 ob-

1942 1318 2105 1384 noxii,
2162 1317 2234 1371 ita
2284 1326 2342 1370 ut
2388 1316 2548 1385 pinus
2597 1324 2653 1367 et
2694 1313 2885 1385 cedrus
2928 1327 3035 1365 non
3071 1318 3510 1379 corrumpuntur.

1941 1409 2091 1465 Solet
2113 1416 2290 1463 autem
2313 1408 2595 1478 Scriptura
2617 1406 2877 1461 divinitus
2895 1405 3179 1473 inspirata,
3207 1401 3509 1470 hujusniodi

1939 1500 2225 1553 arboribus
2273 1512 2659 1565 nonnunquam
2718 1495 3019 1550 assimilarc
3046 1502 3353 1547 sanctorum
3385 1490 3517 1545 mul-

1940 1590 2247 1645 titudinem.
2306 1586 2582 1656 Siquidem
2612 1601 2798 1641 rursus
2821 1585 2955 1638 dixit
2990 1598 3118 1638 voce
3154 1581 3307 1636 lsaia:
3327 1580 3471 1635 Deus
3498 1598 3511 1634 :

1946 1699 1966 1733 ι
1994 1681 2060 1735 Ει
2091 1682 2383 1751 producam
2405 1694 2598 1748 aquam
2626 1679 2677 1731 in
2709 1677 3020 1742 solitudine,
3053 1683 3106 1730 et
3132 1675 3183 1728 in
3222 1674 3337 1728 loco
3362 1672 3517 1740 aquis

1941 1782 2162 1828 carente
2212 1770 2452 1825 ﬂumina.
2507 1769 2710 1824 Ponant
2761 1769 2823 1823 iii-
2865 1754 3009 1822 terra
3042 1767 3217 1836 .aquis
3271 1774 3515 1826 carente.

1942 1861 2188 1927 cedrum,
2206 1861 2430 1926 buxum,
2449 1860 3051 1931 myrtum,cyparissuin
3080 1868 3134 1914 ct
3158 1857 3411 1927 populum
3435 1855 3512 1909 ’.ι

1943 1951 2074 2006 Cum
2100 1959 2243 2006 terra
2277 1952 2420 2005 enim
2448 1952 2597 2005 arida
2633 1962 2689 2005 et
2716 1951 2872 2020 aquis
2893 1960 3113 2005 careute
3142 1959 3329 2019 gentes
3360 1963 3517 2002 coni-

1942 2050 2113 2111 parat.
2144 2040 2260 2095 Non
2291 2040 2435 2095 enim
2466 2041 2569 2095 fuit
2595 2041 2735 2110 apud
2787 2056 2881 2097 eas
2924 2055 3104 2096 sermo
3153 2040 3388 2102 divinus,
3426 2040 3516 2108 qui

1942 2133 2215 2187 vivilicare
2263 2139 2459 2200 potest,
2506 2142 2561 2185 et
2609 2132 2675 2185 ad
2726 2132 2946 2202 pietatis
2988 2138 3181 2185 auctus
3222 2146 3285 2186 ac
3342 2131 3521 2185 incre-

1942 2232 2182 2277 mentum
2223 2223 2275 2277 in
2321 2222 2631 2292 cognitione
2681 2222 2778 2277 Dei
2834 2224 3123 2278 adducere.
3164 2221 3269 2276 Sed
3306 2220 3519 2276 fuerunt

1944 2316 2088 2385 apud
2124 2315 2243 2369 illas
2277 2315 2472 2369 cedrus
2500 2322 2555 2368 et
2585 2315 2760 2367 buxus
2795 2324 2849 2368 et
2881 2322 3092 2383 myrtus
3119 2320 3175 2399 et
3208 2313 3514 2382 cyparissus

1944 2416 2008 2456 ac
2035 2400 2283 2470 populus,
2308 2401 2359 2455 id
2393 2410 2494 2465 est,
2525 2402 2751 2455 arbores
2797 2400 2935 2456 bene
2980 2415 3218 2471 procera:
3254 2409 3309 2454 et
3356 2400 3521 2453 mira-

1943 2491 2100 2547 biles.
2155 2493 2394 2559 Quarum
2455 2491 2619 2547 etiam
2691 2492 2940 2546 meminit
2997 2491 3213 2545 divinus
3272 2489 3517 2553 Psaltes,

1944 2584 2128 2639 dicens
2159 2601 2174 2638 :
2213 2602 2232 2635 ι
2258 2582 2420 2639 Panis
2442 2598 2537 2639 cor
2565 2584 2804 2640 hominis
2833 2585 3056 2639 roborat
3082 2599 3097 2649 ;
3131 2584 3521 2638 saturabuntur

1944 2676 2087 2747 ligna
2114 2676 2313 2745 campi,
2346 2684 2401 2731 et
2423 2674 2570 2730 cedri
2596 2675 2788 2730 Libani
2818 2690 2954 2746 quas
2982 2674 3289 2745 plantasii'.
3316 2692 3335 2726 ι
3361 2672 3519 2740 Nam,

1946 2777 2003 2821 ut
2048 2766 2484 2836 sapientissimus
2531 2766 2728 2821 Paulus
2752 2767 2989 2822 scribit:
3021 2782 3038 2816 ι
3066 2765 3158 2820 Dei
3193 2763 3519 2835 agricultura

1945 2874 2130 2913 sumus
2149 2859 2192 2912 '.
2223 2875 2242 2909 ι
2280 2857 2403 2912 Haec
2423 2858 2605 2925 igitur,
2653 2858 2845 2927 inquit,
2877 2857 3047 2926 gloria
3078 2856 3269 2912 Libani
3303 2856 3522 2911 dabitur

1947 2950 2063 3011 tibi,
2086 2950 2136 3002 id
2160 2960 2264 3013 est,
2296 2947 2513 3003 ﬂorebis
2544 2947 2730 3002 multis
2760 2958 2815 3002 et
2846 2947 3176 3002 admirandis
3207 2954 3521 3001 sanctorum

1944 3039 2213 3109 capitibus
2261 3039 2523 3095 refertus.
2570 3040 2689 3094 Erit
2727 3046 2911 3094 autem
2961 3038 3086 3103 hoc,
3132 3048 3190 3091 ut
3234 3037 3521 3091 decoretur

1946 3129 2097 3184 locus
2127 3139 2349 3185 sanctus
2392 3144 2565 3185 meus.
2612 3130 2785 3186 Decus
2818 3130 2967 3185 enim
3001 3130 3364 3185 Ecclesiarum
3395 3138 3521 3183 sunt

240 3218 323 3279 δὲ
351 3219 529 3281 τοῦτο,
556 3216 699 3272 ὥστε
736 3198 1055 3289 δοξασθῆναι
1095 3218 1186 3271 τὸν
1215 3218 1380 3272 τόπον
1413 3219 1503 3271 τὸν
1533 3217 1687 3287 ἆγιὸν
1714 3234 1836 3288 μου.

1945 3218 1997 3272 hi
2050 3220 2141 3287 qui
2171 3220 2237 3272 ad
2268 3220 2524 3273 virtutum
2577 3220 2880 3275 celsitatem
2922 3219 3301 3280 ascenderunt,
3342 3226 3395 3273 et
3429 3219 3519 3288 qui

266 3309 546 3379 Καύχημα
581 3310 682 3379 μὲν
721 3308 830 3380 γὰρ
881 3308 1217 3380 Ἐκκλησιῶν
1242 3308 1293 3360 οἱ
1323 3310 1435 3373 τοῖς
1475 3308 1584 3361 τῶν
1631 3307 1842 3377 ἀρετῶν

266 3398 559 3470 ῦψὼμασιν
593 3400 982 3471 ἐμϐεϐηκότες,
1032 3401 1128 3454 καὶ
1159 3399 1436 3470 χθαμαλὸν
1468 3400 1642 3463 οὐδὲν,
1672 3400 1841 3470 ήγουν

266 3490 478 3560 γήϊνον,
524 3491 620 3545 καὶ
670 3492 1036 3565 χαμαιῤῥιφὲς
1083 3492 1297 3562 ἔχοντες
1339 3493 1419 3555 εἰς
1456 3490 1581 3545 νοῦν
1607 3491 1694 3544 διὰ
1748 3490 1841 3545 τοῦ

268 3584 486 3652 φρονεῖν
510 3583 579 3637 τά
613 3584 835 3655 σαρκὸς,
865 3583 1116 3647 ἄττοντες
1142 3584 1199 3637 δὲ
1239 3583 1442 3654 μᾶλλον
1465 3582 1624 3652 ὑψοῦ,
1649 3583 1743 3637 καὶ
1773 3582 1843 3637 τά

266 3671 382 3726 ἀνω
403 3673 743 3744 φρονοῦντες,
768 3675 860 3729 καὶ
888 3670 999 3729 οἷον
1018 3674 1418 3744 ἀποφοιτιῖΝτες
1456 3675 1553 3745 τῆς
1583 3675 1708 3744 γῆς,
1749 3674 1845 3728 καὶ

268 3765 697 3832 περιπατοῦντες
728 3767 826 3837 μὲν
865 3767 952 3819 ἐπ’
983 3768 1174 3837 αὐτῆς,
1209 3767 1321 3821 ἀνω
1356 3766 1413 3820 δὲ
1452 3766 1548 3820 καὶ
1582 3768 1641 3819 ὲν
1676 3766 1842 3837 ούρα-

267 3857 380 3919 νοίς
408 3854 623 3925 ἔχοντες
660 3857 721 3910 τὸ
749 3857 1068 3927 πολίτευμα.

343 3948 450 4002 Kal
474 3948 868 4016 πορεύσονται
892 3949 1041 4017 πρὸς
1060 3948 1136 4003 σὲ
1156 3948 1491 4016 δεδοικότες
1510 3951 1562 4004 οί
1583 3950 1699 4004 υἱοί
1726 3949 1846 4002 τῶν

266 4041 768 4095 ταπεινωσὼιτων
802 4055 895 4105 σε,
933 4041 1034 4094 καί
1085 4041 1556 4109 παροξυνάντων
1597 4056 1691 4105 σε,
1746 4042 1845 4097 καὶ

266 4131 551 4201 κληθήσῃ
572 4134 748 4199 πόλις
766 4134 987 4201 Κυρίου
1011 4133 1165 4188 Σιὼν
1192 4135 1365 4203 ἁγίου
1401 4133 1667 4201 Ἰσραήλ.

339 4224 481 4278 Αὐτὸ
506 4225 614 4280 τῶν
644 4226 984 4296 πραγμάτων
1016 4225 1077 4278 τὸ
1103 4226 1276 4296 πέρας
1302 4226 1661 4279 διαδείκνυσιν
1688 4226 1845 4295 ἀκρι-

270 4315 379 4378 ϐῶς
406 4316 502 4386 τῆς
531 4317 866 4387 προφητείας
889 4316 987 4387 τὴν
1011 4316 1261 4383 δύναμιν,
1296 4316 1396 4369 οὐκ
1425 4315 1528 4382 ἔξω
1558 4315 1846 4386 βαίνουσαν

285 4406 314 4456 ς’
344 4404 599 4476 ἀληθοῦς·
634 4406 1150 4477 ἑμπαροινησαμένη
1172 4405 1279 4477 γὰρ
1302 4405 1377 4475 τῷ
1393 4406 1611 4459 πάντων
1635 4406 1845 4477 Σωτῆρι

1944 3307 2078 3362 nihil
2102 3310 2299 3362 habent
2326 3307 2379 3362 in
2405 3317 2582 3362 mente
2614 3317 2889 3362 terrenum
2913 3316 2968 3363 et
2993 3307 3221 3374 humile,
3264 3320 3363 3360 nec
3400 3320 3520 3375 qua'

1944 3399 2126 3455 carnis
2156 3408 2282 3455 sunt
2305 3400 2555 3469 sapiunt;
2605 3400 2699 3453 sed
2727 3399 2819 3469 qui
2855 3398 3023 3452 altum
3056 3407 3265 3468 petunt,
3310 3406 3365 3452 et
3402 3410 3519 3462 qua

1944 3507 2105 3561 supra
2132 3500 2257 3546 sunt
2282 3493 2521 3559 sapiunt,
2546 3499 2599 3545 et
2628 3490 2777 3545 velut
2796 3505 2827 3545 e
2855 3499 2998 3545 terra
3028 3490 3313 3556 secedunt,
3354 3503 3420 3543 ac
3469 3489 3520 3542 iii

1944 3583 2193 3652 supernis
2225 3582 2501 3637 ambulant
2524 3582 2593 3647 ¹⁰,
2629 3581 2681 3637 in
2724 3581 2880 3638 caelis
2923 3582 3185 3637 habentes
3231 3594 3518 3637 conversa-

1946 3669 2144 3723 tionem
2173 3668 2233 3721 ”.

2019 3952 2183 4007 Vsus.
2219 3952 2309 4006 H.
2353 3952 2423 4005 Et
2454 3953 2600 4007 ibunt
2630 3954 2700 4007 ad
2727 3962 2776 4008 te
2810 3954 3049 4010 timentes
3075 3956 3180 4025 lilii
3214 3970 3394 4008 eorum
3430 3956 3518 4023 qui

1946 4045 2194 4098 humilem
2230 4056 2277 4099 te
2301 4046 2665 4113 reddiderunt,
2694 4057 2739 4101 et
2766 4048 3193 4111 concitaverunt;
3226 4046 3518 4101 vocaberis-

1946 4153 2043 4205 que
2069 4138 2253 4191 civitas
2282 4137 2497 4193 Domini
2532 4140 2665 4194 Sion
2694 4140 2865 4193 sancti
2892 4139 3084 4198 Israel.

2021 4229 2219 4282 lterum
2248 4230 2431 4285 exitus
2472 4232 2603 4286 satis
2628 4232 2850 4298 indicat,
2881 4233 3178 4303 prophetiae
3201 4233 3306 4286 vim
3331 4246 3358 4283 a
3388 4245 3517 4285 vero

1950 4335 2054 4373 non
2104 4320 2343 4374 deviare.
2390 4322 2658 4376 Bacchata
2706 4326 2852 4377 enim
2912 4323 3113 4379 furiose
3169 4324 3220 4376 in
3274 4323 3515 4376 omnium

1950 4411 2291 4465 Servatorem
2319 4412 2594 4467 Christum
2621 4410 2918 4469 Jerusalem
2941 4414 3106 4484 850
3127 4413 3349 4468 humilis
3376 4412 3514 4466 facta

285 4492 427 4565 ιμῶν
469 4493 641 4565 Ἰησοῦ
670 4494 891 4565 Χριστῷ
920 4493 1146 4564 ταπεινὴ
1175 4493 1394 4561 γέγονεν
1427 4494 1459 4563 ή
1493 4491 1842 4563 Ἰερουσαλὴμ

1950 4510 2051 4564 est,
2091 4516 2119 4554 a
2155 4502 2534 4570 conjunctione
2586 4502 2701 4568 ejus
2754 4503 2947 4569 ejecta,
2982 4513 3036 4557 et
3064 4520 3092 4556 a
3128 4517 3223 4571 spe
3266 4501 3321 4555 in
3365 4502 3511 4554 illum

286 4587 369 4655 τῆς
420 4587 557 4656 πρὸς
593 4586 723 4639 Θεὸν
767 4586 1098 4655 οίκειὸτητος
1133 4584 1572 4657 ἀποϐεϐλημένη,
1611 4584 1705 4638 καὶ
1745 4586 1844 4655 τῆς

288 4678 350 4739 ;ίς
376 4676 539 4730 αὐτὸν
566 4674 779 4738 ἐλπίδος
818 4674 1250 4747 ἀπολισθήσασα,
1284 4675 1379 4729 καὶ
1417 4674 1633 4744 φειδοῦς
1659 4676 1840 4747 ἐρήμη

286 4770 367 4837 τῆς
422 4765 630 4820 ἄνωθεν
683 4767 972 4837 γενομένη,
1024 4764 1266 4818 πεσοῦσα
1314 4766 1370 4818 δὲ
1415 4766 1511 4820 καὶ
1540 4767 1619 4829 είς
1652 4768 1844 4836 χεῖρας

282 4857 499 4926 ιχθρῶν,
555 4857 604 4909 οῖ
632 4856 697 4926 δὴ
745 4857 841 4909 καὶ
873 4856 1054 4909 πᾶσαν
1098 4855 1198 4926 τὴν
1258 4856 1513 4909 Ἰουδαίαν
1556 4856 1840 4927 καταδῃώ-

282 4964 483 5010 παντες,
518 4946 613 5000 καὶ
655 4947 818 5001 αὐτὸν
852 4947 1155 5020 ἐνέπρησαν
1190 4948 1281 5001 τὸν
1321 4948 1461 5001 θεῖόν
1490 4966 1549 5001 τε
1592 4950 1685 5002 καὶ
1722 4950 1840 5003 δια-

282 5038 463 5108 Ξόητον
495 5039 640 5093 ναόν.
704 5039 920 5110 Ἐπειδὴ
972 5040 1031 5093 δὲ
1062 5041 1329 5095 σέσωσται
1381 5040 1443 5095 τὸ
1494 5042 1839 5112 κατάλειμμα

282 5129 404 5182 δεοῦ
447 5131 937 5201 κατοικτείραντος,
986 5131 1380 5185 πεπιστεύκασι
1428 5131 1538 5203 γὰρ
1580 5135 1662 5195 εἰς
1705 5134 1840 5204 Χρι-

288 5222 395 5275 ιτὺν
422 5223 524 5276 οὐκ
546 5223 902 5294 εὐαρίθμητοι
936 5223 1044 5277 τῶν
1076 5223 1135 5288 ὲξ
1171 5223 1404 5295 Ἰσραήλ,
1436 5224 1841 5294 κεχρημάτικεν

283 5312 582 5383 Ἐκκλησία
610 5312 868 5384 Χριστοῦ.
896 5314 989 5367 καὶ
1016 5314 1203 5382 γέγονε
1229 5316 1409 5386 μήτηρ
1436 5314 1622 5387 ὥσπερ
1648 5316 1836 5370 ἐθνῶν.

223 5476 231 5485 1
275 5405 334 5458 Ui
364 5405 474 5474 γάρ
509 5404 614 5458 υἱοὶ¹
643 5405 751 5458 τῶν
794 5422 923 5458 ποτε
969 5407 1418 5460 ταπεινωσάντων
1462 5408 1653 5479 αὐτὴν,
1683 5425 1840 5463 τουτ-

280 5498 443 5559 ξστιν,
473 5496 522 5547 οἱ
554 5495 663 5550 τῶν
698 5496 955 5564 ἐπιγείων
980 5496 1305 5567 κρατοῦντες
1350 5500 1717 5568 πραγμάτων,
1748 5500 1839 5554 καὶ

280 5588 391 5649 ταῖς
417 5586 528 5640 τῶν
589 5589 880 5659 σκήπτρων
911 5588 1174 5659 διαδοχαῖς
1224 5590 1299 5653 ὡς
1342 5589 1400 5654 ἐξ
1434 5590 1653 5645 ἐκείνων
1681 5593 1838 5663 ἐρχό-

345 5764 364 5793 ⁷
395 5762 499 5818 lsa.
530 5777 637 5831 xm,
679 5763 761 5829 18,
793 5765 875 5820 ιο.
950 5765 970 5797 ⁸
1002 5764 1142 5821 Psal.
1175 5780 1285 5831 cui,
1325 5765 1408 5831 15,
1455 5764 1536 5821 16.
1612 5768 1631 5800 ⁹
1661 5767 1678 5823 l
1710 5763 1842 5825 Cor.‘

1944 5812 1948 5829 ,
1982 5770 2035 5824 9.
2123 5770 2165 5803 ¹⁰
2204 5768 2359 5826 Rom.
2395 5786 2512 5837 vm,
2543 5772 2595 5827 5.

1951 4594 2189 4663 delapsa,
2236 4604 2291 4648 et
2338 4610 2365 4646 a
2412 4595 2781 4649 misericordia
2833 4610 3066 4664 superna
3105 4594 3378 4658 derelicta,
3424 4609 3513 4645 ca-

1950 4685 2185 4753 deusque
2229 4686 2281 4739 in
2333 4701 2526 4740 manus
2570 4686 2836 4749 hostium,
2880 4687 2993 4753 qui,
3053 4694 3161 4739 tota
3215 4683 3400 4737 Jiidii-a
3459 4685 3511 4737 ill

1949 4778 2251 4830 vastitatem
2300 4778 2540 4843 redacta,
2594 4777 2769 4846 ipsum
2806 4777 2970 4830 etiam
3004 4776 3244 4830 divinum
3290 4786 3344 4829 et
3373 4776 3515 4830 cele-

1950 4870 2316 4925 bratissimum
2355 4870 2610 4937 templum
2641 4869 3015 4925 incenderunt.
3063 4868 3354 4938 Postquam
3384 4884 3517 4923 vero

1947 4968 2177 5013 servata:
2222 4957 2440 5013 luerunt
2480 4959 2749 5028 reliquiae,
2786 4960 2895 5013 Deo
2921 4959 3344 5014 commiserante
3368 4959 3514 5020 (cre-

1946 5051 2199 5106 diderunt
2248 5052 2391 5105 enim
2452 5052 2504 5105 in
2546 5051 2821 5106 Christum
2876 5050 3147 5105 innumeri
3211 5052 3515 5120 lsraelitai),

1948 5153 2252 5211 nuncupata
2297 5153 2381 5198 est
2430 5144 2668 5199 Ecclesia
2710 5143 2934 5207 Christi,
2966 5155 3020 5199 et
3068 5145 3208 5200 facta
3254 5153 3339 5199 est
3369 5145 3513 5198 velut

1951 5242 2120 5286 mater
2145 5234 2405 5301 gentium.
2452 5232 2584 5286 Nam
2618 5233 2712 5287 lilii
2744 5248 2930 5288 eorum
2966 5233 3055 5302 qui
3094 5234 3511 5289 humiliaveriint

1946 5334 2086 5385 eam,
2137 5323 2189 5376 id
2241 5332 2353 5387 est,
2388 5324 2477 5391 qui
2525 5325 2684 5378 rebus
2736 5326 2966 5383 terrenis
3012 5325 3303 5395 imperant,
3352 5332 3406 5378 et
3456 5324 3508 5377 iii

1946 5419 2281 5480 sceptrorum
2334 5413 2710 5469 successiones
2756 5416 2950 5470 exinde
2997 5415 3238 5479 veniunt,
3282 5428 3502 5467 venera-

1947 5504 2080 5557 tioni
2116 5505 2314 5559 habent
2349 5505 2666 5569 Ecclesium,
2693 5515 2749 5561 et
2772 5507 3047 5569 timentes,
3080 5506 3253 5565 idest,
3278 5502 3508 5557 sollicite

1946 5605 2146 5650 etcum
2193 5595 2283 5650 Dei
2330 5605 2491 5662 metu,
2538 5597 2604 5651 ad
2647 5612 2766 5651 eam
2797 5598 3079 5653 accedunt.
3125 5613 3145 5646 ι
3179 5596 3377 5651 Vocata
3419 5600 3504 5649 est

2678 5773 2717 5803 ”
2752 5772 2983 5842 Philipp.
3021 5786 3099 5839 ιιι,
3132 5772 3220 5829 20.
