4148 6496
615 384 640 439 Ι
651 384 756 440 339

1604 383 1660 436 S.
1703 380 1977 438 CYRlLLI
2016 378 2480 437 ALEXANDRINI
2521 379 2835 436 ARCHIEP.

3707 390 3850 448 £360

610 497 755 552 enim
824 495 1015 552 civitas
1061 494 1267 549 Domini
1319 494 1448 549 Sion
1506 495 1678 549 sancti
1736 496 1924 551 lsrael.
1986 514 2007 548 ι
2083 495 2175 549 Dei

2280 511 2431 565 μενοι
2456 494 2659 565 σεπτὴν
2696 495 2956 565 ἡγοῦνται
3001 496 3102 567 τήν
3142 497 3486 569 Ἐκκλησίαν,
3544 500 3639 555 καὶ
3685 502 3853 557 δεδοι-

613 602 846 655 namque
882 587 1069 640 civitas
1106 593 1189 640 est
1238 585 1497 640 Ecclesia.
1542 585 1709 654 quue
1746 585 1903 641 docet
1958 584 2173 639 divinus

612 675 804 740 David,
840 674 981 728 velut
1012 673 1153 727 illam
1184 672 1500 740 alloquens:
1528 692 1547 726 ι
1585 673 1832 729 Gloriosa
1872 674 2014 727 dicta
2046 681 2171 726 sunt

611 769 677 821 de
709 777 780 829 te,
806 766 999 820 civitas
1024 764 1119 819 Dei
1144 765 1208 819 ¹².
1238 784 1256 817 ι
1282 763 1347 819 Et
1370 765 1484 833 ipse
1507 765 1881 820 universorum
1911 765 2172 821 Dominus

615 857 692 909 ait
746 856 858 926 lyra
888 854 1171 911 Psallentis
1203 874 1217 910 :
1242 874 1260 907 ι
1293 856 1392 912 llic
1415 855 1687 921 habitabo,
1714 857 1836 925 quia
1864 856 1997 925 elegi
2029 868 2169 910 eam.

611 946 790 1001 Porta:
846 948 964 1017 ejus
1006 947 1328 1003 benedicens
1371 947 1713 1010 benedicam,
1762 962 2023 1017 pauperes
2057 949 2173 1018 ejus

613 1035 868 1089 saturabo
892 1036 1142 1105 panibus,
1161 1026 1468 1090 sacerdotes
1489 1032 1607 1109 ejus
1631 1035 1846 1089 induam
1877 1037 2050 1091 salute
2069 1037 2165 1094 ¹³.›

611 1126 705 1180 Sin
732 1126 858 1180 velit
906 1126 1168 1196 quispiam
1200 1138 1446 1195 posteros
1477 1141 1663 1181 eorum
1691 1141 1900 1197 regum,
1926 1128 2016 1195 qui
2048 1143 2170 1197 per-

609 1216 779 1270 secuti
812 1225 937 1270 sunt
963 1217 1279 1283 Ecclesiam,
1331 1216 1508 1271 dicere
1529 1217 1617 1287 qui
1651 1232 1793 1271 nunc
1821 1233 1940 1271 cum
1965 1219 2173 1274 honore

611 1316 667 1360 et
706 1309 899 1361 timore
943 1309 1009 1362 ad
1046 1323 1165 1363 eam
1198 1309 1440 1383 veniunt,
1475 1317 1532 1362 et
1575 1308 1809 1362 divinam
1841 1308 1992 1377 quasi
2035 1310 2170 1363 civi-

612 1407 774 1453 tatem
829 1400 1155 1470 suscipiunt,
1198 1417 1303 1455 non
1348 1401 1574 1455 discedit
1615 1416 1644 1454 a
1692 1416 1875 1469 scopo.
1922 1401 2173 1455 Videmus

611 1492 754 1543 enim
795 1492 1056 1559 exemplis
1088 1506 1199 1545 rem
1222 1491 1290 1544 ad
1325 1506 1446 1543 eum
1477 1499 1726 1545 eventum
1758 1490 2065 1545 deductam.

2278 584 2454 647 κότες,
2500 584 2765 649 τουτέστι,
2804 586 2921 656 μετ’
2954 586 3255 654 εὐλαϐείας,
3304 590 3399 644 καὶ
3448 589 3541 645 τὸν
3583 590 3725 646 θεῖον
3773 596 3854 658 είς

2276 675 2401 730 νοῦν
2426 676 2639 746 ἔχοντες
2669 677 2830 746 φόϐον
2858 678 3146 749 προσίασιν
3177 681 3314 751 αὐτῇ
3339 699 3353 714 ·
3394 701 3414 734 r
3439 681 3715 752 Κέκληται
3743 684 3855 754 γὰρ

2276 766 2437 830 Πόλις
2461 766 2664 836 Κυρίου
2697 767 2832 821 Σιὼν
2855 768 3010 837 ἁγίου
3038 770 3305 840 Ἰσραήλ.»
3332 771 3467 826 Θεοῦ
3497 772 3605 846 γάρ
3633 774 3792 835 πόλις
3820 774 3852 841 ἡ

2287 856 2598 926 Ἐκκλησία,
2630 857 2899 912 καὶτοῦτο
2929 859 3168 913 διδάσκει
3198 863 3228 914 6
3259 861 3549 925 Θεσπέσιος
3587 862 3754 916 Δαϐὶδ
3780 862 3857 924 ὡς

2273 946 2409 1016 πρὸς
2436 946 2626 1018 αὐτὴν,
2654 964 2673 998 ι
2691 948 3060 1019 Δεδοξασμένα
3081 949 3317 1022 ἐλαλήθη
3343 954 3471 1023 περὶ
3502 952 3617 1015 σοῦ,
3634 954 3669 1024 ὴ
3698 954 3859 1017 πόλις

2270 1037 2361 1091 τοῦ
2386 1037 2542 1091 Θεοῦ.
2568 1056 2587 1089 ι
2616 1040 2725 1093 Καὶ
2755 1039 2918 1102 αὐτὸς
2944 1039 3001 1093 δέ
3034 1057 3136 1094 που
3162 1044 3349 1112 φησὶν,
3374 1046 3403 1096 6
3423 1043 3532 1096 τῶν
3576 1043 3714 1097 ὅλων
3741 1045 3860 1097 Κύ-

2279 1146 2391 1199 ριος
2412 1129 2498 1183 διὰ
2520 1130 2619 1201 τῆς
2643 1132 2739 1184 τοῦ
2769 1132 3074 1198 Ψάλλοντος
3090 1134 3281 1205 λύρας·
3325 1155 3345 1188 ι
3373 1131 3497 1190 Ὧδε
3522 1140 3748 1206 κατοική
3758 1156 3857 1202 σω,

2276 1220 2357 1272 ὅτι
2384 1220 2722 1292 ᾑρετισάμην
2750 1223 2939 1293 αὐτὴν,
2988 1226 3088 1296 τὴν
3126 1225 3299 1297 θύραν
3341 1229 3513 1300 αὐτῆς
3554 1230 3859 1300 εὐλογήσω,

2277 1310 2403 1374 τοὺς
2449 1313 2697 1381 πτωχοὺς
2750 1314 2924 1385 αὐτῆς
2976 1316 3227 1386 χορτάσω
3268 1318 3456 1388 ἄρτον,
3511 1322 3638 1384 τοὺς
3693 1322 3863 1389 ἱερεῖς

2279 1402 2450 1471 αὐτῆς
2477 1402 2679 1456 ἐνδύσω
2708 1406 2998 1477 σωτηρίαν.
3026 1426 3046 1459 ι
3087 1410 3150 1463 El
3188 1410 3245 1463 δὲ
3282 1411 3346 1481 δὴ
3380 1412 3620 1482 βούλοιτό
3647 1429 3731 1474 τις
3767 1412 3863 1463 καὶ

2278 1491 2385 1545 τῶν
2415 1509 2545 1545 ποτε
2577 1493 2880 1560 διωξάντων
2915 1498 3015 1568 τὴν
3060 1499 3386 1569 Ἐκκλησίαν
3417 1501 3679 1572 βασιλέων
3709 1502 3862 1563 υἱοὺς

607 1582 733 1645 τοὺς
778 1581 1014 1650 καθεξῆς
1065 1581 1366 1652 ὀνομάζειν,
1402 1582 1452 1635 οἳ
1503 1581 1638 1651 μετὰ
1683 1583 1847 1652 τιμῆς
1884 1583 1976 1635 καὶ
2018 1582 2170 1644 δέους
2240 1583 2634 1654 προσέρχονται
2698 1586 2792 1640 νῦν
2825 1588 2986 1660 αὐτῇ,
3025 1591 3119 1644 καὶ
3145 1591 3221 1656 ὡς
3258 1593 3410 1647 θείαν
3438 1594 3638 1665 τιμῶσι
3679 1594 3861 1647 πόλινι

607 1673 706 1725 οὐκ
739 1672 843 1737 ἔξω
873 1674 1098 1744 φέρεται
1126 1673 1218 1726 τοῦ
1240 1672 1461 1727 σκοποῦ.
1505 1674 1751 1744 ὐρῶμεν
1775 1674 1883 1743 γὰρ
1904 1677 1984 1737 εἰς
2008 1674 2166 1727 τοῦτο
2203 1674 2501 1747 ἐκϐεϐηκὸς
2522 1678 2581 1731 τὸ
2604 1678 2711 1732 τῶν
2736 1681 3073 1751 πραγμάτων
3099 1684 3289 1754 πέρας.

679 1760 841 1816 Vens.
874 1762 961 1826 15,
989 1762 1078 1816 16.
1114 1760 1221 1816 Pro
1241 1779 1299 1816 eo
1332 1763 1473 1832 quod
1501 1762 1647 1829 fuisti
1671 1763 1941 1827 derelicta,
1967 1771 2015 1816 et
2043 1763 2162 1815 odio

2338 1764 2437 1818 Διὰ
2482 1765 2552 1818 τὸ
2603 1766 2877 1835 γενέσθαι
2934 1782 3009 1822 σε
3065 1770 3711 1843 ἐγκαταλελειμμένην,
3764 1764 3864 1826 καὶ

607 1855 819 1917 habita,
868 1864 916 1908 et
961 1871 1063 1909 non
1104 1864 1215 1909 erat
1257 1855 1346 1924 qui
1396 1863 1743 1909 succurreret.
1781 1854 1849 1908 Et
1893 1870 2081 1923 ponam
2123 1862 2171 1907 te

2275 1854 2700 1923 μεμισημένην,
2741 1855 2840 1910 καὶ
2891 1860 3002 1911 οὐκ
3040 1855 3120 1928 ἦν
3154 1864 3188 1914 ό
3221 1860 3487 1928 βοηθῶν.
3533 1863 3647 1917 Kal
3692 1863 3863 1933 θήσω

607 1946 1009 2000 exsultationem
1041 1956 1316 2009 (sternam,
1355 1946 1608 2015 gaudium
1652 1946 2045 2015 generationum
2080 1961 2171 2013 ge-

609 2036 983 2091 nerationibus.
1022 2035 1092 2089 Et
1122 2052 1273 2104 suges
1306 2035 1388 2089 lac
1413 2037 1663 2103 gentium,
1688 2045 1736 2090 et
1761 2036 1972 2090 divitias
1995 2052 2171 2104 regum

608 2129 864 2183 comedas.
912 2127 979 2181 Et
1011 2128 1140 2182 scies
1174 2128 1301 2197 quia
1341 2143 1433 2197 ego
1481 2127 1739 2183 Dominus
1793 2129 1883 2200 qui
1923 2130 2068 2183 salvo
2102 2138 2168 2194 te,

605 2231 653 2274 et
683 2221 773 2291 qui
792 2236 914 2275 eruo
943 2227 992 2275 te
1018 2218 1155 2273 Deus
1182 2217 1352 2273 Israel

682 2414 701 2447 ι
748 2396 880 2451 Eras
925 2386 1089 2460 enim,
1121 2394 1316 2465 inquit,
1367 2393 1620 2451 derelicta
1674 2403 1728 2449 et
1788 2394 1913 2449 odio
1969 2393 2171 2457 habita,

606 2498 661 2541 et
691 2502 797 2541 non
839 2496 956 2542 erat
997 2487 1087 2555 qui
1124 2496 1488 2542 succurreret.
1523 2505 1542 2538 ι
1588 2486 1715 2542 Haec
1753 2501 1917 2542 causa
1951 2486 2173 2541 humili-

604 2578 731 2633 tatis
776 2587 880 2632 tum
922 2578 1145 2632 exstitit.
1189 2576 1322 2632 Nam
1363 2578 1690 2633 debacchata
1723 2593 1785 2634 es
1822 2578 1877 2632 in
1926 2592 2049 2633 eum
2081 2576 2174 2645 qui

604 2670 834 2725 evehere
882 2683 937 2724 et
968 2668 1277 2725 felicitatem
1313 2669 1409 2723 tibi
1449 2669 1773 2723 incolumem
1823 2681 2043 2724 servare
2080 2683 2176 2736 po-

608 2770 744 2827 test;
780 2760 875 2815 sed
907 2775 1064 2814 nemo
1092 2759 1192 2814 fuit
1218 2762 1310 2829 qui
1341 2774 1556 2814 manum
1602 2759 1907 2828 porrigeret
1946 2759 2174 2813 auxilia-

607 2854 820 2917 trieem,
860 2867 926 2907 eo
966 2850 1110 2920 quod
1152 2851 1262 2906 Deo
1310 2851 1481 2906 invisa
1535 2865 1678 2905 eras.
1731 2850 2069 2905 Debacchata
2117 2865 2175 2904 es

608 2943 754 2998 enim
799 2958 906 2997 non
952 2943 1005 2997 in
1051 2957 1214 2996 unum
1258 2942 1487 3011 aliquem
1534 2942 1587 2996 in
1627 2942 1809 2996 servili
1868 2941 2176 2995 conditimie

610 3038 873 3101 locatum,
921 3042 1017 3089 aut
1073 3033 1304 3088 ministri
1356 3047 1551 3087 munus
1601 3032 1925 3095 obeuntem,
1969 3032 2063 3086 sed
2120 3032 2170 3084 is

2271 1957 2346 1997 σε
2412 1945 2755 2015 ἀγολλίαμα
2820 1947 3089 2015 αἰώνιον,
3167 1952 3555 2020 εὐφροσύνην
3625 1953 3865 2023 γενεαῖς

2269 2034 2511 2104 γενεῶν.
2550 2034 2662 2089 Kal
2713 2036 3004 2106 θηλὰσεις
3031 2041 3188 2110 γάλα
3214 2042 3425 2107 ἐθνῶν,
3460 2044 3561 2098 καὶ
3592 2045 3866 2100 πλοῦτον

2266 2124 2577 2190 βασιλέων
2629 2125 2903 2195 φάγεσαι.
2950 2130 3061 2184 Καὶ
3101 2130 3304 2201 γνώσῃ
3350 2131 3439 2186 ὅτι
3485 2132 3602 2203 ἐγὼ
3644 2136 3866 2201 Κύριος

2274 2215 2308 2267 ό
2352 2210 2554 2273 σώζων
2615 2228 2721 2280 σε,
2783 2217 2882 2270 καί
2940 2220 2974 2272 ό
3023 2217 3448 2290 ἐξαιρούμενός
3498 2237 3573 2276 σε
3629 2226 3665 2278 d
3717 2224 3865 2289 Θεὸς

2287 2304 2557 2372 Ἰσραήλ.

2349 2415 2368 2448 ι
2392 2395 2627 2465 Γέγονας
2680 2397 2780 2469 μὲν
2834 2398 2943 2470 γάρ
2964 2440 2980 2465 ,
3030 2401 3196 2471 φησὶν
3217 2442 3232 2467 ,
3295 2403 3863 2475 ἐγκαταλελειμμένη,

2275 2488 2369 2540 καὶ
2414 2490 2787 2559 μεμισημένη,
2824 2489 2920 2545 καὶ
2951 2490 3051 2544 οὐκ
3081 2487 3151 2563 ἦν
3179 2494 3208 2545 ό
3243 2492 3453 2563 βοηθῶν
3481 2510 3497 2526 ο
3521 2512 3541 2546 ι
3592 2493 3743 2564 Δῦτη
3783 2510 3864 2547 σοι

2275 2576 2548 2647 πρόφασις
2572 2579 2673 2647 τῆς
2700 2578 3077 2644 ταπεινώσεως
3099 2578 3188 2652 ἦν,
3210 2582 3622 2655 πεπαρῴνηκας
3638 2584 3749 2652 γὰρ
3786 2586 3866 2648 είς

2275 2666 2365 2720 τὸν
2384 2667 2553 2738 ὑψοῦν
2573 2669 2890 2739 δυνάμενον,
2926 2673 3023 2724 καὶ
3055 2672 3392 2741 ἀκράδαντόν
3426 2692 3507 2727 σοι
3533 2675 3771 2742 φυλάξαι
3804 2676 3865 2728 τὸ

2275 2758 2584 2828 εὐημερεῖν,
2617 2760 2732 2813 ἀλλ’
2771 2762 2945 2826 οὐδεὶς
2966 2759 3032 2833 ἦν
3062 2766 3090 2817 ό
3118 2767 3277 2834 χεῖρα
3320 2764 3501 2835 νέμων
3542 2765 3861 2838 ἐπίκουρον,

2275 2850 2506 2920 ἐπείπερ
2534 2846 2678 2921 ἦσθα
2706 2850 2968 2921 θεομισής
2992 2870 3005 2883 ·
3057 2854 3470 2925 πεπαρῴνηκας
3499 2857 3609 2925 γάρ
3637 2857 3740 2908 οὐκ
3785 2858 3864 2918 είς

2274 2938 2369 2991 ἕνα
2392 2939 2517 2991 τινὰ
2541 2939 2647 2992 τῶν
2674 2942 2731 2993 ἐν
2761 2941 2912 3005 τάξει
2945 2944 3213 3013 κειμένων
3244 2946 3509 3015 οίκετικῇ,
3552 2947 3647 2999 καὶ
3675 2947 3862 3000 διακο-

2276 3032 2432 3102 νικὴν
2474 3032 2708 3101 ἐχόντων
2758 3033 2857 3104 τὴν
2889 3034 3252 3105 λειτουργίαν,
3294 3037 3410 3090 ἀλλ’
3454 3039 3534 3099 εἰς
3569 3038 3735 3090 αὑτὸν
3772 3038 3867 3090 τὸν

610 3134 786 3199 ipsum
833 3126 1208 3180 universorum
1252 3123 1452 3193 Regem
1488 3123 1887 3177 aeDominum.
1936 3122 2005 3176 At
2037 3137 2169 3191 quo-

2275 3122 2376 3176 τῶν
2431 3124 2567 3177 ὅλων
2617 3123 2841 3194 βασιλέα
2897 3126 2991 3178 καὶ
3049 3124 3275 3197 Κύριον.
3330 3127 3550 3198 Ἐπειδὴ
3603 3127 3661 3181 δὲ
3714 3128 3867 3191 ἅπαξ

609 3218 752 3272 niam
797 3215 962 3270 semel
1007 3212 1168 3284 851
1221 3211 1651 3267 bumiliationem
1691 3213 1831 3267 hanc
1875 3225 2031 3280 passa
2090 3224 2170 3271 es.

607 3307 725 3361 haec
760 3306 983 3360 molesta
1015 3305 1387 3373 praeteribunt,
1416 3312 1468 3357 et
1508 3302 1793 3372 posteriori
1827 3301 2091 3357 beneﬁcio
2125 3310 2175 3356 te

608 3399 661 3451 in
696 3396 980 3467 pristinum
1009 3403 1208 3449 statum
1239 3396 1505 3449 restituet.
1538 3392 1999 3458 Quemadmodum
2030 3392 2173 3445 enim

608 3504 707 3559 par
756 3496 896 3552 erat,
940 3486 1122 3541 divina
1177 3485 1266 3539 Dei
1318 3483 1622 3547 sententia,
1676 3493 1727 3537 te
1781 3482 2173 3536 inobedientem

610 3577 825 3647 puniri;
870 3576 950 3632 sic
997 3587 1315 3631 conversam
1363 3581 1415 3627 te
1458 3570 1884 3627 misericordiam
1933 3569 2176 3625 invenire

607 3669 877 3725 convenit.
921 3686 940 3720 ι
976 3668 1174 3723 Ponam
1234 3676 1285 3721 te
1340 3666 1522 3737 igitur,
1584 3665 1798 3734 inquit,
1864 3664 2177 3720 exsultatio-

610 3777 732 3815 nem
764 3772 1040 3815 aeternam.
1071 3777 1091 3811 ι
1140 3757 1284 3813 Nihil
1329 3766 1412 3813 est
1452 3756 1594 3812 enim
1629 3756 1782 3812 triste
1834 3756 1887 3811 in
1933 3756 2173 3811 Ecclesia

607 3852 834 3907 Christi.
878 3851 976 3908 Ubi
1017 3851 1161 3906 enim
1195 3850 1416 3907 omnino
1459 3863 1581 3918 spes
1612 3857 1694 3903 est
1728 3849 2172 3919 incorruptionis,

605 3953 662 4000 et
706 3954 919 4001 aeterna
951 3945 1093 4009 vitae,
1145 3953 1202 3998 et
1256 3942 1599 4011 sempiterna:
1644 3939 1852 4011 gloriae,
1903 3956 1968 3997 ac
2024 3943 2175 4008 regni

610 4035 906 4100 etelornm,
954 4032 1224 4104 quomodo
1270 4032 1544 4087 mmstitia:
1594 4030 1742 4083 locus
1791 4044 1911 4084 esse
1965 4031 2176 4099 potest?

612 4143 632 4176 ι
660 4125 724 4178 Et
753 4139 911 4196 suges
938 4124 1018 4178 lac
1041 4123 1303 4194 gentium,
1324 4130 1379 4177 et
1403 4120 1617 4175 divitias
1652 4136 1835 4190 regum
1868 4123 2167 4175 conlades.»

611 4215 835 4270 Videtur
882 4214 1154 4269 nonnullis
1218 4227 1411 4267 sensus
1464 4213 1818 4282 propheticus
1878 4211 1981 4264 tale
2046 4211 2174 4279 quid

612 4309 808 4360 docere
855 4325 868 4360 :
910 4305 1105 4359 multos
1146 4320 1213 4360 ex
1257 4320 1417 4373 grege
1459 4320 1521 4358 ac
1567 4319 1792 4357 numero
1838 4301 2172 4366 Graecorum,

2276 3213 2548 3278 πέπονθας
2601 3214 2700 3285 τὴν
2744 3215 3071 3270 ταπείνωσιν
3110 3218 3407 3289 παρελάσει
3457 3218 3528 3271 τὰ
3587 3218 3866 3292 μοχθηρά,

2274 3307 2367 3359 καὶ
2390 3308 2501 3368 τοῖς
2530 3304 2807 3375 δευτέροις
2837 3306 3200 3377 ἀνακτήσεταί
3222 3325 3302 3362 σε.
3330 3310 3538 3373 Ὠσπερ
3568 3308 3680 3377 γὰρ
3706 3308 3867 3360 ἀπει-

2276 3395 2520 3466 θήσασαν
2558 3395 2665 3449 ἔδει
2709 3394 3033 3460 κολάζεσθαι
3062 3396 3231 3467 ψήφῳ
3271 3398 3456 3468 δικαίᾳ
3494 3397 3655 3461 Θεοῦ,
3690 3397 3865 3461 οὓτως

2274 3486 2682 3557 ἐπιστρέψασαν
2725 3485 2995 3540 ἐλεεῖσθαι
3043 3487 3262 3558 πρέπει.
3302 3506 3321 3539 ι
3355 3489 3520 3559 Θήσω
3553 3506 3615 3542 σε
3658 3490 3867 3552 τοίνυν,

2277 3576 2461 3646 φησὶν,
2516 3574 2860 3646 εὐφροσύνην
2903 3580 3117 3645 γενεαῖς
3165 3577 3389 3645 γενεῶν*
3426 3596 3444 3628 ι
3495 3578 3726 3645 στυγνὸν
3755 3577 3867 3649 γὰρ

2275 3665 2425 3719 οὐδὲν
2458 3667 2516 3719 ἐν
2563 3664 2860 3736 Ἐκκλησία
2904 3664 3163 3735 Χριστοῦ,
3218 3666 3351 3720 ὅπου
3392 3666 3448 3720 δὲ
3505 3665 3647 3729 δλως
3707 3666 3866 3729 ἐλπὶς

2277 3756 2608 3825 ἀφθαρσίας,
2667 3756 2761 3809 καὶ
2807 3755 3168 3828 ἀτελευτήτου
3220 3757 3386 3827 ζωῆς,
3434 3757 3530 3810 καὶ
3576 3757 3866 3828 ἀμηρύτου

2276 3848 2454 3918 δόξης,
2486 3847 2577 3900 καὶ
2604 3846 2880 3917 βασιλείας
2909 3848 3174 3919 οὐρανῶν,
3204 3850 3357 3902 ποῖον
3379 3849 3444 3903 ἂν
3472 3848 3588 3919 ἔχοι
3609 3849 3672 3902 τδ
3696 3865 3865 3918 κατη-

2276 3938 2407 4006 φές;
2438 3939 2547 3991 Καὶ
2563 3938 2820 4008 θηλάσεις
2844 3938 2982 4007 γάλα
3006 3938 3194 4004 ἐθνῶν,
3224 3940 3320 3994 καὶ
3347 3940 3575 3993 πλοῦτον
3602 3939 3868 4009 βασιλέων

2277 4029 2530 4098 φάγεσαι.
2556 4031 2665 4083 Καὶ
2689 4030 2837 4083 δοκεῖ
2867 4030 2966 4100 μέν
2991 4048 3100 4084 τισι
3124 4030 3362 4084 τοιοῦτόν
3392 4048 3446 4084 τι
3463 4031 3738 4085 διδάσκειν
3765 4031 3869 4100 τῆς

2276 4118 2611 4190 προφητείας
2637 4120 2666 4171 6
2686 4120 2833 4186 νοῦς,
2866 4121 2948 4174 ὅτι
2977 4120 3160 4174 πολλοὶ
3196 4119 3304 4173 τῶν
3340 4120 3400 4186 ἐξ
3424 4121 3628 4191 ἀγέλης
3666 4120 3861 4189 Ἐλλη-

2276 4210 2433 4280 νικῆς
2463 4211 2833 4280 σεσοφωμένοι
2860 4211 2950 4265 τὸν
2983 4210 3109 4265 νοῦν
3154 4214 3272 4275 ταῖς
3303 4212 3687 4276 θεοπνεύστοις
3722 4212 3866 4283 Γρα-

2278 4303 2425 4369 φαῖς,
2446 4301 2539 4353 καὶ⁸
2566 4292 2901 4371 δογματικῆς
2935 4302 3214 4373 εὐτεχνίας
3240 4304 3320 4365 είς
3346 4302 3548 4370 γνῶσιν
3578 4302 3864 4373 ἀναπηδὴ⁹

612 4396 906 4464 Scripturis
937 4397 1194 4450 divinitus
1244 4396 1523 4463 inspiratis
1581 4395 1824 4448 eruditos
1853 4402 1902 4447 et
1938 4401 2175 4446 tractan-

2278 4408 2488 4455 σαντες,
2520 4392 2730 4445 ἔσονται
2750 4393 3058 4446 διδάσκαλοι
3080 4394 3178 4463 τῆς
3207 4395 3265 4460 ἐξ
3309 4394 3580 4448 Ἰουδαίων
3609 4395 3867 4461 Συναγωο

609 4489 799 4542 dorum
837 4488 1144 4555 dogmatnm
1183 4486 1531 4553 intelligentia
1561 4486 1844 4554 praeditos,
1898 4484 2014 4539 fore
2050 4486 2172 4539 doc—

2280 4482 2401 4552 γῆς.
2432 4484 2591 4534 Δοκεῖ
2615 4480 2672 4533 δέ
2700 4498 2817 4545 πως
2846 4484 2925 4545 εἰς
2952 4481 3013 4534 τὸ
3039 4481 3210 4553 παρὸν
3241 4483 3268 4533 ό
3298 4481 3477 4550 λόγος,
3508 4482 3630 4551 οὐχὶ
3661 4481 3868 4548 ταύτην

614 4591 758 4633 tores
787 4578 1022 4633 Judaieze
1052 4578 1364 4648 Synagogw.
1399 4577 1503 4631 Sed
1528 4578 1780 4631 aliorsum
1822 4577 2031 4630 videtur
2062 4576 2175 4630 haec

2276 4572 2410 4626 ἰέναι
2449 4571 2648 4642 μᾶλλον
2685 4572 2796 4626 τῶν
2838 4572 3058 4626 ἐννοιῶν
3100 4572 3197 4643 τὴν
3235 4573 3372 4637 ὁδὸν,
3424 4573 3602 4625 ἐκεῖνο
3647 4573 3707 4625 δὲ
3740 4571 3868 4633 ἴσως

610 4673 785 4726 oratio
830 4672 1071 4735 tendere,
1106 4687 1202 4725 nec
1249 4672 1386 4725 hanc
1418 4671 1557 4723 viam
1590 4684 1706 4724 esse
1742 4680 1795 4723 et
1828 4684 2174 4739 progressum

2275 4665 2556 4735 βούλεσθαι
2595 4665 2955 4738 καταδηλοῦν,
3001 4666 3082 4719 ὅτι
3119 4668 3239 4729 ταῖς
3276 4665 3334 4729 ἐξ
3379 4665 3549 4718 ἐθνῶν
3580 4681 3866 4735 καρποφο-

613 4764 774 4832 hujus
822 4764 1137 4826 sententiar,
1187 4762 1424 4829 illudque
1475 4769 1651 4829 potius
1699 4759 1834 4814 velle
1884 4760 2172 4824 denotare;

2277 4758 2438 4829 ρίαις,
2501 4758 2595 4810 καὶ
2644 4757 2942 4827 βασιλικοῖς
2996 4756 3340 4827 ἀναθήμασιν
3388 4755 3864 4827 ἐμπλησθήσεται.

612 4852 964 4907 cumulandos
1001 4865 1120 4906 esse
1152 4865 1244 4905 eos
1279 4853 1547 4904 fructuum
1579 4848 1945 4902 oblationibus
1995 4855 2049 4901 et
2088 4863 2177 4901 re-

2284 4848 2618 4902 Διαδείκνυσι
2640 4848 2749 4919 γὰρ
2774 4847 2974 4919 ἀληθὲς
2998 4846 3057 4900 δν
3086 4847 3356 4900 καὶτοῦτο
3386 4845 3493 4899 τῶν
3523 4844 3867 4915 πραγμάτων

615 4946 717 5014 giis
752 4944 993 4999 donariis
1022 4943 1286 5013 gentium.
1335 4941 1502 5011 quue
1551 4956 1733 4994 verum
1780 4954 1900 4993 esse
1944 4939 2179 4993 ostendit

2286 4943 2525 5013 ήπεῖρα.
2575 4939 2792 4993 Τούτων
2836 4940 2892 4992 δὲ
2920 4938 3059 4992 οὕτω
3092 4938 3492 5007 τετελεσμένων
3540 4938 3730 5006 φησὶν,
3785 4937 3868 4988 ὅτι

618 5053 732 5107 ipsa
769 5051 945 5091 rerum
977 5035 1331 5104 experientia.
1384 5032 1477 5087 llis
1519 5033 1590 5086 ita
1648 5030 1954 5086 absolutis:
1988 5048 2005 5081 ι
2053 5030 2179 5100 Ego,

2303 5052 2322 5085 ι
2361 5032 2503 5100 Ἐγὼ
2538 5032 2741 5104 Κύριος
2772 5034 2800 5084 6
2828 5030 3015 5094 σώζων
3059 5046 3137 5082 σε.
3165 5048 3183 5079 ι
3220 5030 3329 5099 ηὩς
3366 5028 3473 5099 γὰρ
3513 5031 3542 5081 6
3584 5028 3869 5097 προφήτης

618 5125 812 5194 inquit,
875 5124 1131 5180 Dominus
1161 5126 1251 5192 qui
1281 5136 1438 5175 servo
1477 5131 1546 5175 te.
1588 5139 1607 5172 ι
1635 5117 1794 5182 Nam,
1833 5126 1891 5170 ut
1929 5117 2179 5185 propheta

2296 5128 2458 5197 φησὶν
2494 5126 2720 5188 Ἡσαΐας
2741 5143 2754 5155 ·
2790 5144 2809 5175 ι
2836 5125 2900 5179 El
2926 5124 2999 5195 μὴ
3033 5123 3239 5194 Κύριος
3256 5122 3484 5175 Σαϐαὼθ
3507 5121 3867 5189 ἐγκατέλιπε-ι

619 5218 787 5272 Isaias
837 5216 913 5269 ait
963 5234 977 5270 :
1022 5232 1041 5266 ι
1098 5212 1208 5267 Nisi
1263 5214 1518 5267 Dominus
1586 5208 1825 5264 Sabaoth
1884 5207 2179 5275 reliquisset

2290 5220 2422 5288 ἡμῖν
2455 5216 2696 5287 σπέρμα,
2734 5216 2810 5278 ὼς
2843 5214 3145 5283 Σόδομα.ἂν
3167 5212 3638 5283 ἐγενήθημεν,καὶ
3664 5210 3741 5272 ὡς
3768 5210 3869 5261 Γό-

618 5309 776 5363 nobis
829 5322 1043 5373 semen,
1094 5304 1244 5373 quasi
1296 5302 1525 5357 Sodoma
1577 5300 1864 5355 fuissemus
1920 5308 1976 5352 et
2026 5297 2179 5365 quasi

2293 5309 2468 5378 μορῤα
2499 5306 2564 5358 ἂν
2597 5304 3027 5376 ὡμοιώθημεν.»
3079 5302 3276 5369 Χάριτι
3310 5301 3419 5369 γὰρ
3448 5300 3542 5352 καὶ
3567 5297 3868 5367 φιλανθρω-

600 5401 932 5457 ’ϐοιηοιτιηε
962 5398 1162 5454 similes
1197 5397 1258 5450 υ.
1293 5415 1310 5447 ι
1344 5394 1524 5449 Gratia
1565 5395 1708 5447 enim
1751 5402 1806 5446 et
1844 5391 2179 5446 humanitate

2290 5398 2391 5467 πίᾳ
2414 5395 2549 5449 Θεοῦ
2580 5395 2846 5448 σέσωσται
2871 5393 2933 5447 τὸ
2960 5392 3311 5462 κατάλειμμα
3331 5389 3424 5443 τοῦ
3458 5387 3694 5458 Ἰσραὴλ,
3726 5386 3865 5437 ὥστε

626 5493 721 5547 Dei
749 5503 974 5548 servatae
1008 5502 1134 5548 sunt
1165 5491 1400 5559 reliquiae
1434 5487 1670 5549 lsraelis,
1701 5502 1767 5539 ne
1796 5486 1847 5538 in
1890 5492 2055 5539 totum
2089 5483 2176 5536 illa

2294 5490 2367 5558 μὴ
2391 5488 2621 5541 είσάπαν
2650 5486 2941 5541 ἀπολέσθαι
2970 5486 3030 5539 τὸ
3064 5484 3123 5548 ἐξ
3149 5483 3316 5552 ἁγίων
3349 5481 3598 5551 πατέρων
3625 5478 3789 5537 ἔθνος.

624 5599 753 5653 gens
782 5599 848 5639 ex
879 5583 1081 5639 sanctis
1106 5592 1227 5637 orta
1257 5580 1500 5651 patribus
1530 5578 1837 5646 disperiret.

696 5758 738 5790 “
763 5755 903 5812 Psal.
945 5771 1161 5811 LXXXVI.
1194 5756 1245 5807 3.
1327 5755 1364 5783 ”
1397 5751 1538 5806 Psal.
1572 5766 1755 5812 cum.
1799 5751 1973 5806 H—lti.
2052 5752 2091 5781 ”
2122 5752 2223 5803 lsa.
2260 5764 2300 5804 ι.
2334 5749 2382 5801 9.
