  <div class='ocr_page' id='page_1' title='image "/cluster/home/n/w/nwhite01/storage/ocr_20150623/70/hvd.32044019207901/678.png"; bbox 0 0 4148 6488; ppageno 0'>
   <div class='ocr_carea' id='block_1_1' title="bbox 335 407 464 462">
    <p class='ocr_par' dir='ltr' id='par_1_1' title="bbox 335 407 464 462">
     <span class='ocr_line' id='line_1_1' title="bbox 335 407 464 462; baseline 0.008 -1"><span class='ocrx_word' id='word_1_1' title='bbox 335 407 464 462; x_wconf 66' lang='lat' dir='ltr'><strong>IN!</strong></span> 
     </span>
    </p>
   </div>
   <div class='ocr_carea' id='block_1_2' title="bbox 1458 412 2474 482">
    <p class='ocr_par' dir='ltr' id='par_1_2' title="bbox 1458 412 2474 482">
     <span class='ocr_line' id='line_1_2' title="bbox 1458 412 2474 482; baseline 0.013 -14"><span class='ocrx_word' id='word_1_2' title='bbox 1458 412 1528 469; x_wconf 79' lang='lat' dir='ltr'><strong>IN</strong></span> <span class='ocrx_word' id='word_1_3' title='bbox 1562 413 1794 471; x_wconf 78' lang='lat' dir='ltr'><strong>lSAlAM</strong></span> <span class='ocrx_word' id='word_1_4' title='bbox 1832 416 1964 476; x_wconf 85' lang='lat' dir='ltr'><strong>LIB.</strong></span> <span class='ocrx_word' id='word_1_5' title='bbox 2012 418 2072 476; x_wconf 75' lang='grc' dir='ltr'><strong>ν.</strong></span> <span class='ocrx_word' id='word_1_6' title='bbox 2115 421 2354 482; x_wconf 76' lang='lat' dir='ltr'><strong>TOMUS</strong></span> <span class='ocrx_word' id='word_1_7' title='bbox 2387 423 2474 481; x_wconf 84' lang='lat' dir='ltr'><strong>IV.</strong></span> 
     </span>
    </p>
   </div>
   <div class='ocr_carea' id='block_1_3' title="bbox 3439 429 3572 482">
    <p class='ocr_par' dir='ltr' id='par_1_3' title="bbox 3439 429 3572 482">
     <span class='ocr_line' id='line_1_3' title="bbox 3439 429 3572 482; baseline 0.023 -3"><span class='ocrx_word' id='word_1_8' title='bbox 3439 429 3572 482; x_wconf 69' lang='grc'><strong>1349</strong></span> 
     </span>
    </p>
   </div>
   <div class='ocr_carea' id='block_1_4' title="bbox 399 515 1916 609">
    <p class='ocr_par' dir='ltr' id='par_1_4' title="bbox 399 515 1909 609">
     <span class='ocr_line' id='line_1_4' title="bbox 399 515 1909 609; baseline 0.008 -37"><span class='ocrx_word' id='word_1_9' title='bbox 555 517 691 574; x_wconf 75' lang='grc' dir='ltr'>ἀντὶ</span> <span class='ocrx_word' id='word_1_10' title='bbox 732 521 967 590; x_wconf 70' lang='grc' dir='ltr'>χαλκοῦ</span> <span class='ocrx_word' id='word_1_11' title='bbox 1019 522 1168 577; x_wconf 80' lang='grc' dir='ltr'>οισω</span> <span class='ocrx_word' id='word_1_12' title='bbox 1207 537 1306 578; x_wconf 87' lang='grc' dir='ltr'><strong>σοι</strong></span> <span class='ocrx_word' id='word_1_13' title='bbox 1347 527 1623 594; x_wconf 83' lang='grc' dir='ltr'>χρυσίον,</span> <span class='ocrx_word' id='word_1_14' title='bbox 1667 528 1800 583; x_wconf 78' lang='grc' dir='ltr'>ἀντὶ</span> <span class='ocrx_word' id='word_1_15' title='bbox 1839 529 1909 584; x_wconf 75' lang='grc' dir='ltr'>δὲ</span> 
     </span>
    </p>
   </div>
   <div class='ocr_carea' id='block_1_5' title="bbox 2017 515 3574 609">
    <p class='ocr_par' dir='ltr' id='par_1_5' title="bbox 2085 532 3574 609">
     <span class='ocr_line' id='line_1_5' title="bbox 2085 532 3574 609; baseline -0.001 -19"><span class='ocrx_word' id='word_1_16' title='bbox 2085 535 2244 598; x_wconf 75' lang='lat' dir='ltr'><strong>Vens.</strong></span> <span class='ocrx_word' id='word_1_17' title='bbox 2289 539 2378 593; x_wconf 71' lang='lat' dir='ltr'><strong>i7.</strong></span> <span class='ocrx_word' id='word_1_18' title='bbox 2424 537 2488 593; x_wconf 84' lang='lat' dir='ltr'><strong>Et</strong></span> <span class='ocrx_word' id='word_1_19' title='bbox 2530 555 2624 609; x_wconf 85' lang='lat' dir='ltr'><strong>pro</strong></span> <span class='ocrx_word' id='word_1_20' title='bbox 2659 555 2762 595; x_wconf 74' lang='lat' dir='ltr'><strong>me</strong></span> <span class='ocrx_word' id='word_1_21' title='bbox 2806 539 3030 608; x_wconf 76' lang='lat' dir='ltr'><strong>afferam</strong></span> <span class='ocrx_word' id='word_1_22' title='bbox 3067 532 3171 590; x_wconf 68' lang='lat' dir='ltr'><strong>&#39;tibt</strong></span> <span class='ocrx_word' id='word_1_23' title='bbox 3224 549 3436 599; x_wconf 82' lang='lat' dir='ltr'><strong>aurum,</strong></span> <span class='ocrx_word' id='word_1_24' title='bbox 3475 551 3574 605; x_wconf 79' lang='lat' dir='ltr'><strong>pro</strong></span> 
     </span>
    </p>
   </div>
   <div class='ocr_carea' id='block_1_6' title="bbox 336 608 1912 687">
    <p class='ocr_par' dir='ltr' id='par_1_6' title="bbox 336 608 1912 687">
     <span class='ocr_line' id='line_1_6' title="bbox 336 608 1912 687; baseline 0.008 -25"><span class='ocrx_word' id='word_1_25' title='bbox 336 608 587 678; x_wconf 67' lang='grc' dir='ltr'>σιδήρου</span> <span class='ocrx_word' id='word_1_26' title='bbox 617 611 765 665; x_wconf 81' lang='grc' dir='ltr'>οισω</span> <span class='ocrx_word' id='word_1_27' title='bbox 790 625 889 666; x_wconf 87' lang='grc' dir='ltr'><strong>σοι</strong></span> <span class='ocrx_word' id='word_1_28' title='bbox 916 613 1217 684; x_wconf 70' lang='grc' dir='ltr'>ἀργύριον,</span> <span class='ocrx_word' id='word_1_29' title='bbox 1245 617 1378 672; x_wconf 75' lang='grc' dir='ltr'>ἀντὶ</span> <span class='ocrx_word' id='word_1_30' title='bbox 1406 616 1474 671; x_wconf 78' lang='grc' dir='ltr'>δὲ</span> <span class='ocrx_word' id='word_1_31' title='bbox 1506 619 1728 687; x_wconf 74' lang='grc' dir='ltr'>ξύλων,</span> <span class='ocrx_word' id='word_1_32' title='bbox 1764 621 1912 675; x_wconf 80' lang='grc' dir='ltr'>οἴσω</span> 
     </span>
    </p>
   </div>
   <div class='ocr_carea' id='block_1_7' title="bbox 336 699 1913 776">
    <p class='ocr_par' dir='ltr' id='par_1_7' title="bbox 336 699 1913 776">
     <span class='ocr_line' id='line_1_7' title="bbox 336 699 1913 776; baseline 0.009 -25"><span class='ocrx_word' id='word_1_33' title='bbox 336 711 434 751; x_wconf 82' lang='grc' dir='ltr'><strong>σοι</strong></span> <span class='ocrx_word' id='word_1_34' title='bbox 459 699 712 768; x_wconf 68' lang='grc' dir='ltr'>χαλκὸν,</span> <span class='ocrx_word' id='word_1_35' title='bbox 757 701 891 757; x_wconf 74' lang='grc' dir='ltr'><strong>ἀντὶ</strong></span> <span class='ocrx_word' id='word_1_36' title='bbox 920 702 991 757; x_wconf 76' lang='grc' dir='ltr'>δὲ</span> <span class='ocrx_word' id='word_1_37' title='bbox 1015 705 1223 770; x_wconf 70' lang='grc' dir='ltr'>λίθων,</span> <span class='ocrx_word' id='word_1_38' title='bbox 1259 706 1533 776; x_wconf 77' lang='grc' dir='ltr'>σίδηρον.</span> <span class='ocrx_word' id='word_1_39' title='bbox 1584 709 1696 764; x_wconf 77' lang='grc' dir='ltr'><strong>Καὶ</strong></span> <span class='ocrx_word' id='word_1_40' title='bbox 1742 709 1913 765; x_wconf 83' lang='grc' dir='ltr'>δώσω</span> 
     </span>
    </p>
   </div>
   <div class='ocr_carea' id='block_1_8' title="bbox 337 787 1913 866">
    <p class='ocr_par' dir='ltr' id='par_1_8' title="bbox 337 787 1913 866">
     <span class='ocr_line' id='line_1_8' title="bbox 337 787 1913 866; baseline 0.01 -25"><span class='ocrx_word' id='word_1_41' title='bbox 337 787 478 854; x_wconf 79' lang='grc' dir='ltr'>τοὺς</span> <span class='ocrx_word' id='word_1_42' title='bbox 513 788 812 860; x_wconf 74' lang='grc' dir='ltr'>ἄρχοντάς</span> <span class='ocrx_word' id='word_1_43' title='bbox 847 809 966 848; x_wconf 88' lang='grc' dir='ltr'><strong>σου</strong></span> <span class='ocrx_word' id='word_1_44' title='bbox 991 793 1062 848; x_wconf 81' lang='grc' dir='ltr'>ἐν</span> <span class='ocrx_word' id='word_1_45' title='bbox 1096 795 1328 866; x_wconf 72' lang='grc' dir='ltr'>εἰρήνῃ,</span> <span class='ocrx_word' id='word_1_46' title='bbox 1363 797 1462 852; x_wconf 82' lang='grc' dir='ltr'><strong>καί</strong></span> <span class='ocrx_word' id='word_1_47' title='bbox 1495 798 1636 866; x_wconf 84' lang='grc' dir='ltr'>τοὺς</span> <span class='ocrx_word' id='word_1_48' title='bbox 1662 799 1913 856; x_wconf 76' lang='grc' dir='ltr'>ἐπισκό-</span> 
     </span>
    </p>
   </div>
   <div class='ocr_carea' id='block_1_9' title="bbox 334 880 1142 954">
    <p class='ocr_par' dir='ltr' id='par_1_9' title="bbox 334 880 1142 954">
     <span class='ocr_line' id='line_1_9' title="bbox 334 880 1142 954; baseline 0.01 -23"><span class='ocrx_word' id='word_1_49' title='bbox 334 891 490 946; x_wconf 79' lang='grc' dir='ltr'>πους</span> <span class='ocrx_word' id='word_1_50' title='bbox 517 894 634 934; x_wconf 86' lang='grc' dir='ltr'><strong>σου</strong></span> <span class='ocrx_word' id='word_1_51' title='bbox 670 880 741 933; x_wconf 75' lang='grc' dir='ltr'>ἐν</span> <span class='ocrx_word' id='word_1_52' title='bbox 766 881 1142 954; x_wconf 77' lang='grc' dir='ltr'>δικαιοσύνῃ.</span> 
     </span>
    </p>
   </div>
   <div class='ocr_carea' id='block_1_10' title="bbox 404 969 1909 1051">
    <p class='ocr_par' dir='ltr' id='par_1_10' title="bbox 404 969 1909 1051">
     <span class='ocr_line' id='line_1_10' title="bbox 404 969 1909 1051; baseline 0.009 -29"><span class='ocrx_word' id='word_1_53' title='bbox 404 969 626 1040; x_wconf 71' lang='grc' dir='ltr'>Δέχεται</span> <span class='ocrx_word' id='word_1_54' title='bbox 658 972 755 1043; x_wconf 78' lang='grc' dir='ltr'>μὲν</span> <span class='ocrx_word' id='word_1_55' title='bbox 781 973 883 1038; x_wconf 87' lang='grc' dir='ltr'>τὰς</span> <span class='ocrx_word' id='word_1_56' title='bbox 905 974 1038 1040; x_wconf 79' lang='grc' dir='ltr'>ῦλας</span> <span class='ocrx_word' id='word_1_57' title='bbox 1061 976 1136 1042; x_wconf 82' lang='grc' dir='ltr'><strong>ὡς</strong></span> <span class='ocrx_word' id='word_1_58' title='bbox 1160 979 1218 1032; x_wconf 87' lang='grc' dir='ltr'><strong>ἐν</strong></span> <span class='ocrx_word' id='word_1_59' title='bbox 1247 978 1398 1043; x_wconf 80' lang='grc' dir='ltr'><strong>τάξει</strong></span> <span class='ocrx_word' id='word_1_60' title='bbox 1425 980 1909 1051; x_wconf 83' lang='grc' dir='ltr'><strong>παραδειγμάτων,</strong></span> 
     </span>
    </p>
   </div>
   <div class='ocr_carea' id='block_1_11' title="bbox 337 1058 1908 1142">
    <p class='ocr_par' dir='ltr' id='par_1_11' title="bbox 337 1058 1908 1142">
     <span class='ocr_line' id='line_1_11' title="bbox 337 1058 1908 1142; baseline 0.008 -30"><span class='ocrx_word' id='word_1_61' title='bbox 337 1058 597 1131; x_wconf 73' lang='grc' dir='ltr'><strong>πλείστην</strong></span> <span class='ocrx_word' id='word_1_62' title='bbox 620 1062 752 1133; x_wconf 84' lang='grc' dir='ltr'>δσην</span> <span class='ocrx_word' id='word_1_63' title='bbox 785 1064 1016 1134; x_wconf 86' lang='grc' dir='ltr'>ἐχούσας</span> <span class='ocrx_word' id='word_1_64' title='bbox 1055 1067 1154 1137; x_wconf 85' lang='grc' dir='ltr'>τὴν</span> <span class='ocrx_word' id='word_1_65' title='bbox 1182 1067 1318 1137; x_wconf 88' lang='grc' dir='ltr'>πρὸς</span> <span class='ocrx_word' id='word_1_66' title='bbox 1354 1067 1589 1140; x_wconf 79' lang='grc' dir='ltr'><strong>ἀλλήλας</strong></span> <span class='ocrx_word' id='word_1_67' title='bbox 1626 1069 1908 1142; x_wconf 81' lang='grc' dir='ltr'>διαφοράν.</span> 
     </span>
    </p>
   </div>
   <div class='ocr_carea' id='block_1_12' title="bbox 338 1149 1914 1230">
    <p class='ocr_par' dir='ltr' id='par_1_12' title="bbox 338 1149 1914 1230">
     <span class='ocr_line' id='line_1_12' title="bbox 338 1149 1914 1230; baseline 0.008 -29"><span class='ocrx_word' id='word_1_68' title='bbox 338 1149 598 1220; x_wconf 84' lang='grc' dir='ltr'>Σημαίνει</span> <span class='ocrx_word' id='word_1_69' title='bbox 622 1153 681 1206; x_wconf 76' lang='grc' dir='ltr'>δέ</span> <span class='ocrx_word' id='word_1_70' title='bbox 707 1172 760 1208; x_wconf 88' lang='grc' dir='ltr'><strong>τι</strong></span> <span class='ocrx_word' id='word_1_71' title='bbox 785 1154 1030 1224; x_wconf 80' lang='grc' dir='ltr'>πλαγίως</span> <span class='ocrx_word' id='word_1_72' title='bbox 1057 1159 1424 1228; x_wconf 83' lang='grc' dir='ltr'>πνευματικὸν</span> <span class='ocrx_word' id='word_1_73' title='bbox 1463 1161 1557 1213; x_wconf 78' lang='grc' dir='ltr'>καὶ</span> <span class='ocrx_word' id='word_1_74' title='bbox 1585 1160 1743 1230; x_wconf 82' lang='grc' dir='ltr'>βαθύ.</span> <span class='ocrx_word' id='word_1_75' title='bbox 1777 1161 1914 1214; x_wconf 86' lang='grc' dir='ltr'>Βού-</span> 
     </span>
    </p>
   </div>
   <div class='ocr_carea' id='block_1_13' title="bbox 338 1239 1914 1323">
    <p class='ocr_par' dir='ltr' id='par_1_13' title="bbox 338 1239 1914 1323">
     <span class='ocr_line' id='line_1_13' title="bbox 338 1239 1914 1323; baseline 0.009 -32"><span class='ocrx_word' id='word_1_76' title='bbox 338 1239 488 1293; x_wconf 87' lang='grc' dir='ltr'>λεται</span> <span class='ocrx_word' id='word_1_77' title='bbox 509 1240 620 1313; x_wconf 80' lang='grc' dir='ltr'><strong>γὰρ</strong></span> <span class='ocrx_word' id='word_1_78' title='bbox 649 1244 823 1298; x_wconf 71' lang='grc' dir='ltr'>εἰπεῖν</span> <span class='ocrx_word' id='word_1_79' title='bbox 838 1246 920 1299; x_wconf 84' lang='grc' dir='ltr'><strong>δτι</strong></span> <span class='ocrx_word' id='word_1_80' title='bbox 946 1247 1126 1300; x_wconf 85' lang='grc' dir='ltr'>πάντα</span> <span class='ocrx_word' id='word_1_81' title='bbox 1149 1247 1285 1320; x_wconf 77' lang='grc' dir='ltr'>πρὸς</span> <span class='ocrx_word' id='word_1_82' title='bbox 1310 1249 1380 1304; x_wconf 86' lang='grc' dir='ltr'>τὰ</span> <span class='ocrx_word' id='word_1_83' title='bbox 1409 1250 1614 1320; x_wconf 80' lang='grc' dir='ltr'><strong>ἀμείνω</strong></span> <span class='ocrx_word' id='word_1_84' title='bbox 1642 1254 1914 1323; x_wconf 88' lang='grc' dir='ltr'>μεταστή-</span> 
     </span>
    </p>
   </div>
   <div class='ocr_carea' id='block_1_14' title="bbox 337 1334 1915 1414">
    <p class='ocr_par' dir='ltr' id='par_1_14' title="bbox 337 1334 1915 1414">
     <span class='ocr_line' id='line_1_14' title="bbox 337 1334 1915 1414; baseline 0.008 -31"><span class='ocrx_word' id='word_1_85' title='bbox 337 1347 514 1396; x_wconf 87' lang='grc' dir='ltr'>σεται,</span> <span class='ocrx_word' id='word_1_86' title='bbox 547 1334 769 1389; x_wconf 75' lang='grc' dir='ltr'>καὶτῶν</span> <span class='ocrx_word' id='word_1_87' title='bbox 798 1336 1030 1408; x_wconf 84' lang='grc' dir='ltr'>πρώτων</span> <span class='ocrx_word' id='word_1_88' title='bbox 1065 1337 1251 1391; x_wconf 85' lang='grc' dir='ltr'><strong>διοίσει</strong></span> <span class='ocrx_word' id='word_1_89' title='bbox 1277 1339 1344 1393; x_wconf 80' lang='grc' dir='ltr'><strong>τὰ</strong></span> <span class='ocrx_word' id='word_1_90' title='bbox 1380 1340 1628 1413; x_wconf 87' lang='grc' dir='ltr'>δεύτερα.</span> <span class='ocrx_word' id='word_1_91' title='bbox 1648 1342 1915 1414; x_wconf 86' lang='grc' dir='ltr'>Παραχω-</span> 
     </span>
    </p>
   </div>
   <div class='ocr_carea' id='block_1_15' title="bbox 340 1421 1915 1503">
    <p class='ocr_par' dir='ltr' id='par_1_15' title="bbox 340 1421 1915 1503">
     <span class='ocr_line' id='line_1_15' title="bbox 340 1421 1915 1503; baseline 0.008 -29"><span class='ocrx_word' id='word_1_92' title='bbox 340 1421 500 1492; x_wconf 82' lang='grc' dir='ltr'>ρήσει</span> <span class='ocrx_word' id='word_1_93' title='bbox 531 1422 641 1495; x_wconf 85' lang='grc' dir='ltr'><strong>γὰρ</strong></span> <span class='ocrx_word' id='word_1_94' title='bbox 665 1426 880 1490; x_wconf 84' lang='grc' dir='ltr'>πάντως</span> <span class='ocrx_word' id='word_1_95' title='bbox 909 1429 942 1499; x_wconf 81' lang='grc' dir='ltr'>ἡ</span> <span class='ocrx_word' id='word_1_96' title='bbox 966 1429 1023 1481; x_wconf 84' lang='lat' dir='ltr'><strong>tv</strong></span> <span class='ocrx_word' id='word_1_97' title='bbox 1049 1428 1199 1499; x_wconf 85' lang='grc' dir='ltr'>νόμῳ</span> <span class='ocrx_word' id='word_1_98' title='bbox 1238 1429 1522 1493; x_wconf 84' lang='grc' dir='ltr'><strong>παίδευσις</strong></span> <span class='ocrx_word' id='word_1_99' title='bbox 1562 1433 1630 1503; x_wconf 75' lang='grc' dir='ltr'>τῇ</span> <span class='ocrx_word' id='word_1_100' title='bbox 1667 1431 1754 1485; x_wconf 80' lang='grc' dir='ltr'><strong>διὰ</strong></span> <span class='ocrx_word' id='word_1_101' title='bbox 1778 1434 1915 1502; x_wconf 84' lang='grc' dir='ltr'>Χρι·</span> 
     </span>
    </p>
   </div>
   <div class='ocr_carea' id='block_1_16' title="bbox 339 1511 1914 1592">
    <p class='ocr_par' dir='ltr' id='par_1_16' title="bbox 339 1511 1914 1592">
     <span class='ocr_line' id='line_1_16' title="bbox 339 1511 1914 1592; baseline 0.008 -29"><span class='ocrx_word' id='word_1_102' title='bbox 339 1511 491 1574; x_wconf 88' lang='grc' dir='ltr'>στοῦ,</span> <span class='ocrx_word' id='word_1_103' title='bbox 533 1514 780 1569; x_wconf 79' lang='grc' dir='ltr'><strong>τουτέστι</strong></span> <span class='ocrx_word' id='word_1_104' title='bbox 855 1519 970 1580; x_wconf 78' lang='grc' dir='ltr'>τοῖς</span> <span class='ocrx_word' id='word_1_105' title='bbox 1017 1519 1391 1588; x_wconf 84' lang='grc' dir='ltr'>εὐαγγελικοῖς</span> <span class='ocrx_word' id='word_1_106' title='bbox 1427 1519 1782 1592; x_wconf 87' lang='grc' dir='ltr'>θεσπίσμασι,</span> <span class='ocrx_word' id='word_1_107' title='bbox 1818 1521 1914 1575; x_wconf 78' lang='grc' dir='ltr'>καὶ</span> 
     </span>
    </p>
   </div>
   <div class='ocr_carea' id='block_1_17' title="bbox 338 1602 1915 1681">
    <p class='ocr_par' dir='ltr' id='par_1_17' title="bbox 338 1602 1915 1681">
     <span class='ocr_line' id='line_1_17' title="bbox 338 1602 1915 1681; baseline 0.007 -27"><span class='ocrx_word' id='word_1_108' title='bbox 338 1602 590 1657; x_wconf 86' lang='grc' dir='ltr'>τοσοῦτον</span> <span class='ocrx_word' id='word_1_109' title='bbox 615 1604 768 1660; x_wconf 75' lang='grc' dir='ltr'>ἔσται</span> <span class='ocrx_word' id='word_1_110' title='bbox 793 1606 854 1660; x_wconf 85' lang='grc' dir='ltr'>τὸ</span> <span class='ocrx_word' id='word_1_111' title='bbox 881 1605 1109 1676; x_wconf 82' lang='grc' dir='ltr'>μεταξὺ,</span> <span class='ocrx_word' id='word_1_112' title='bbox 1135 1610 1367 1681; x_wconf 80' lang='grc' dir='ltr'>ὅσονπερ</span> <span class='ocrx_word' id='word_1_113' title='bbox 1402 1609 1468 1664; x_wconf 79' lang='grc' dir='ltr'>ἂν</span> <span class='ocrx_word' id='word_1_114' title='bbox 1498 1609 1590 1664; x_wconf 79' lang='grc' dir='ltr'>καὶ</span> <span class='ocrx_word' id='word_1_115' title='bbox 1635 1612 1684 1664; x_wconf 85' lang='grc' dir='ltr'><strong>εί</strong></span> <span class='ocrx_word' id='word_1_116' title='bbox 1728 1611 1790 1664; x_wconf 83' lang='grc' dir='ltr'>τὸ</span> <span class='ocrx_word' id='word_1_117' title='bbox 1825 1611 1915 1666; x_wconf 80' lang='grc' dir='ltr'><strong>διὰ</strong></span> 
     </span>
    </p>
   </div>
   <div class='ocr_carea' id='block_1_18' title="bbox 340 1691 1914 1774">
    <p class='ocr_par' dir='ltr' id='par_1_18' title="bbox 340 1691 1914 1774">
     <span class='ocr_line' id='line_1_18' title="bbox 340 1691 1914 1774; baseline 0.007 -29"><span class='ocrx_word' id='word_1_118' title='bbox 340 1691 508 1762; x_wconf 83' lang='grc' dir='ltr'>μέσου</span> <span class='ocrx_word' id='word_1_119' title='bbox 551 1694 754 1764; x_wconf 87' lang='grc' dir='ltr'>χαλκοῦ</span> <span class='ocrx_word' id='word_1_120' title='bbox 795 1697 889 1751; x_wconf 78' lang='grc' dir='ltr'>καὶ</span> <span class='ocrx_word' id='word_1_121' title='bbox 930 1698 1156 1770; x_wconf 90' lang='grc' dir='ltr'>χρυσοῦ.</span> <span class='ocrx_word' id='word_1_122' title='bbox 1209 1702 1568 1773; x_wconf 82' lang='grc' dir='ltr'>Χρυσοφανὴς</span> <span class='ocrx_word' id='word_1_123' title='bbox 1603 1701 1702 1772; x_wconf 84' lang='grc' dir='ltr'>μὲν</span> <span class='ocrx_word' id='word_1_124' title='bbox 1737 1702 1846 1774; x_wconf 78' lang='grc' dir='ltr'><strong>γὰρ</strong></span> <span class='ocrx_word' id='word_1_125' title='bbox 1885 1703 1914 1756; x_wconf 88' lang='grc' dir='ltr'><strong>ό</strong></span> 
     </span>
    </p>
   </div>
   <div class='ocr_carea' id='block_1_19' title="bbox 337 1780 1914 1862">
    <p class='ocr_par' dir='ltr' id='par_1_19' title="bbox 337 1780 1914 1862">
     <span class='ocr_line' id='line_1_19' title="bbox 337 1780 1914 1862; baseline 0.007 -28"><span class='ocrx_word' id='word_1_126' title='bbox 337 1780 559 1850; x_wconf 83' lang='grc' dir='ltr'>χαλκὸς,</span> <span class='ocrx_word' id='word_1_127' title='bbox 595 1784 734 1856; x_wconf 82' lang='grc' dir='ltr'>πλὴν</span> <span class='ocrx_word' id='word_1_128' title='bbox 765 1787 865 1840; x_wconf 84' lang='grc' dir='ltr'>οὐκ</span> <span class='ocrx_word' id='word_1_129' title='bbox 900 1787 1016 1841; x_wconf 76' lang='grc' dir='ltr'>ἐστι</span> <span class='ocrx_word' id='word_1_130' title='bbox 1057 1789 1275 1860; x_wconf 81' lang='grc' dir='ltr'>χρυσὸς,</span> <span class='ocrx_word' id='word_1_131' title='bbox 1315 1791 1699 1862; x_wconf 80' lang='grc' dir='ltr'>ἀργυροφανὴς</span> <span class='ocrx_word' id='word_1_132' title='bbox 1733 1791 1790 1845; x_wconf 83' lang='grc' dir='ltr'>δὲ</span> <span class='ocrx_word' id='word_1_133' title='bbox 1822 1791 1914 1845; x_wconf 77' lang='grc' dir='ltr'>καὶ</span> 
     </span>
    </p>
   </div>
   <div class='ocr_carea' id='block_1_20' title="bbox 2012 624 3574 700">
    <p class='ocr_par' dir='ltr' id='par_1_20' title="bbox 2012 624 3574 700">
     <span class='ocr_line' id='line_1_20' title="bbox 2012 624 3574 700; baseline 0.001 -22"><span class='ocrx_word' id='word_1_134' title='bbox 2012 624 2151 695; x_wconf 78' lang='lat' dir='ltr'><strong>ferro</strong></span> <span class='ocrx_word' id='word_1_135' title='bbox 2177 627 2345 698; x_wconf 82' lang='lat' dir='ltr'><strong>feram</strong></span> <span class='ocrx_word' id='word_1_136' title='bbox 2385 631 2481 683; x_wconf 79' lang='lat' dir='ltr'><strong>tibi</strong></span> <span class='ocrx_word' id='word_1_137' title='bbox 2517 640 2812 700; x_wconf 73' lang='lat' dir='ltr'><strong><em>argentum,</em></strong></span> <span class='ocrx_word' id='word_1_138' title='bbox 2844 646 2939 700; x_wconf 89' lang='lat' dir='ltr'><strong>pro</strong></span> <span class='ocrx_word' id='word_1_139' title='bbox 2963 629 3120 700; x_wconf 75' lang='lat' dir='ltr'><strong>lignis</strong></span> <span class='ocrx_word' id='word_1_140' title='bbox 3145 625 3313 697; x_wconf 81' lang='lat' dir='ltr'><strong>[erant</strong></span> <span class='ocrx_word' id='word_1_141' title='bbox 3351 625 3446 680; x_wconf 79' lang='lat' dir='ltr'><strong>tibi</strong></span> <span class='ocrx_word' id='word_1_142' title='bbox 3479 642 3574 694; x_wconf 73' lang='grc' dir='ltr'><strong>ωε,</strong></span> 
     </span>
    </p>
   </div>
   <div class='ocr_carea' id='block_1_21' title="bbox 2009 717 3574 791">
    <p class='ocr_par' dir='ltr' id='par_1_21' title="bbox 2009 717 3574 791">
     <span class='ocr_line' id='line_1_21' title="bbox 2009 717 3574 791; baseline 0.001 -22"><span class='ocrx_word' id='word_1_143' title='bbox 2009 733 2103 786; x_wconf 83' lang='lat' dir='ltr'><strong>pro</strong></span> <span class='ocrx_word' id='word_1_144' title='bbox 2125 717 2386 784; x_wconf 71' lang='lat' dir='ltr'><strong>lapidibus</strong></span> <span class='ocrx_word' id='word_1_145' title='bbox 2409 720 2629 790; x_wconf 75' lang='lat' dir='ltr'><strong>ferrum.</strong></span> <span class='ocrx_word' id='word_1_146' title='bbox 2658 721 2724 774; x_wconf 84' lang='lat' dir='ltr'><strong>Et</strong></span> <span class='ocrx_word' id='word_1_147' title='bbox 2751 721 3172 791; x_wconf 75' lang='lat' dir='ltr'><strong>dabopriucipu</strong></span> <span class='ocrx_word' id='word_1_148' title='bbox 3195 727 3314 773; x_wconf 68' lang='lat' dir='ltr'><strong>tuo:</strong></span> <span class='ocrx_word' id='word_1_149' title='bbox 3344 718 3396 771; x_wconf 84' lang='lat' dir='ltr'><strong>in</strong></span> <span class='ocrx_word' id='word_1_150' title='bbox 3423 731 3574 786; x_wconf 77' lang='lat' dir='ltr'><strong>pace,</strong></span> 
     </span>
    </p>
   </div>
   <div class='ocr_carea' id='block_1_22' title="bbox 2009 804 2882 880">
    <p class='ocr_par' dir='ltr' id='par_1_22' title="bbox 2009 804 2882 880">
     <span class='ocr_line' id='line_1_22' title="bbox 2009 804 2882 880; baseline 0.006 -22"><span class='ocrx_word' id='word_1_151' title='bbox 2009 812 2059 858; x_wconf 79' lang='lat' dir='ltr'><strong>et</strong></span> <span class='ocrx_word' id='word_1_152' title='bbox 2093 804 2355 876; x_wconf 77' lang='lat' dir='ltr'><strong>episc0pos</strong></span> <span class='ocrx_word' id='word_1_153' title='bbox 2405 819 2521 864; x_wconf 69' lang='lat' dir='ltr'><strong>tuo:</strong></span> <span class='ocrx_word' id='word_1_154' title='bbox 2561 810 2614 864; x_wconf 61' lang='lat' dir='ltr'><strong>in</strong></span> <span class='ocrx_word' id='word_1_155' title='bbox 2648 808 2882 880; x_wconf 76' lang='lat' dir='ltr'><strong>justitia.</strong></span> 
     </span>
    </p>
   </div>
   <div class='ocr_carea' id='block_1_23' title="bbox 2083 976 3577 1052">
    <p class='ocr_par' dir='ltr' id='par_1_23' title="bbox 2083 976 3577 1052">
     <span class='ocr_line' id='line_1_23' title="bbox 2083 976 3577 1052; baseline -0.003 -17"><span class='ocrx_word' id='word_1_156' title='bbox 2083 979 2336 1037; x_wconf 79' lang='lat' dir='ltr'><strong>Materies</strong></span> <span class='ocrx_word' id='word_1_157' title='bbox 2375 981 2539 1037; x_wconf 90' lang='lat' dir='ltr'><strong>sumit</strong></span> <span class='ocrx_word' id='word_1_158' title='bbox 2566 980 2798 1052; x_wconf 80' lang='lat' dir='ltr'><strong>exempli</strong></span> <span class='ocrx_word' id='word_1_159' title='bbox 2833 980 2974 1044; x_wconf 90' lang='lat' dir='ltr'><strong>loco,</strong></span> <span class='ocrx_word' id='word_1_160' title='bbox 3002 993 3120 1049; x_wconf 69' lang='lat' dir='ltr'><strong>quae</strong></span> <span class='ocrx_word' id='word_1_161' title='bbox 3161 977 3388 1032; x_wconf 90' lang='lat' dir='ltr'><strong>multum</strong></span> <span class='ocrx_word' id='word_1_162' title='bbox 3429 976 3577 1031; x_wconf 87' lang='lat' dir='ltr'><strong>inter</strong></span> 
     </span>
    </p>
   </div>
   <div class='ocr_carea' id='block_1_24' title="bbox 2011 1067 3574 1142">
    <p class='ocr_par' dir='ltr' id='par_1_24' title="bbox 2011 1067 3574 1142">
     <span class='ocr_line' id='line_1_24' title="bbox 2011 1067 3574 1142; baseline -0.003 -17"><span class='ocrx_word' id='word_1_163' title='bbox 2011 1085 2071 1126; x_wconf 88' lang='lat' dir='ltr'><strong>se</strong></span> <span class='ocrx_word' id='word_1_164' title='bbox 2121 1071 2392 1128; x_wconf 75' lang='lat' dir='ltr'><strong>differunt.</strong></span> <span class='ocrx_word' id='word_1_165' title='bbox 2462 1071 2744 1142; x_wconf 78' lang='lat' dir='ltr'><strong>Signiﬁcat</strong></span> <span class='ocrx_word' id='word_1_166' title='bbox 2798 1079 2980 1124; x_wconf 88' lang='lat' dir='ltr'><strong>autem</strong></span> <span class='ocrx_word' id='word_1_167' title='bbox 3046 1067 3264 1138; x_wconf 85' lang='lat' dir='ltr'><strong>oblique</strong></span> <span class='ocrx_word' id='word_1_168' title='bbox 3318 1067 3574 1138; x_wconf 79' lang='lat' dir='ltr'><strong>quiddam</strong></span> 
     </span>
    </p>
   </div>
   <div class='ocr_carea' id='block_1_25' title="bbox 2011 1156 3573 1232">
    <p class='ocr_par' dir='ltr' id='par_1_25' title="bbox 2011 1156 3573 1232">
     <span class='ocr_line' id='line_1_25' title="bbox 2011 1156 3573 1232; baseline -0.004 -16"><span class='ocrx_word' id='word_1_169' title='bbox 2011 1161 2289 1232; x_wconf 87' lang='lat' dir='ltr'><strong>spirituale</strong></span> <span class='ocrx_word' id='word_1_170' title='bbox 2317 1169 2371 1215; x_wconf 88' lang='lat' dir='ltr'><strong>et</strong></span> <span class='ocrx_word' id='word_1_171' title='bbox 2408 1161 2756 1231; x_wconf 74' lang='lat' dir='ltr'><strong>profundum.</strong></span> <span class='ocrx_word' id='word_1_172' title='bbox 2795 1158 2923 1213; x_wconf 82' lang='lat' dir='ltr'><strong>Vult</strong></span> <span class='ocrx_word' id='word_1_173' title='bbox 2959 1159 3102 1212; x_wconf 90' lang='lat' dir='ltr'><strong>enim</strong></span> <span class='ocrx_word' id='word_1_174' title='bbox 3143 1159 3326 1212; x_wconf 81' lang='lat' dir='ltr'><strong>dicere</strong></span> <span class='ocrx_word' id='word_1_175' title='bbox 3389 1156 3573 1212; x_wconf 81' lang='lat' dir='ltr'><strong>omnia</strong></span> 
     </span>
    </p>
   </div>
   <div class='ocr_carea' id='block_1_26' title="bbox 2013 1245 3579 1318">
    <p class='ocr_par' dir='ltr' id='par_1_26' title="bbox 2013 1245 3579 1318">
     <span class='ocr_line' id='line_1_26' title="bbox 2013 1245 3579 1318; baseline -0.006 -12"><span class='ocrx_word' id='word_1_176' title='bbox 2013 1251 2065 1306; x_wconf 88' lang='lat' dir='ltr'><strong>in</strong></span> <span class='ocrx_word' id='word_1_177' title='bbox 2094 1251 2283 1306; x_wconf 90' lang='lat' dir='ltr'><strong>melius</strong></span> <span class='ocrx_word' id='word_1_178' title='bbox 2313 1265 2437 1306; x_wconf 89' lang='lat' dir='ltr'><strong>esse</strong></span> <span class='ocrx_word' id='word_1_179' title='bbox 2471 1250 2863 1314; x_wconf 70' lang='lat' dir='ltr'><strong>convertenda,</strong></span> <span class='ocrx_word' id='word_1_180' title='bbox 2895 1257 2950 1304; x_wconf 89' lang='lat' dir='ltr'><strong>et</strong></span> <span class='ocrx_word' id='word_1_181' title='bbox 2982 1247 3173 1318; x_wconf 88' lang='lat' dir='ltr'><strong>primis</strong></span> <span class='ocrx_word' id='word_1_182' title='bbox 3199 1245 3579 1316; x_wconf 69' lang='lat' dir='ltr'><strong>praestantiora</strong></span> 
     </span>
    </p>
   </div>
   <div class='ocr_carea' id='block_1_27' title="bbox 2013 1336 3578 1408">
    <p class='ocr_par' dir='ltr' id='par_1_27' title="bbox 2013 1336 3578 1408">
     <span class='ocr_line' id='line_1_27' title="bbox 2013 1336 3578 1408; baseline -0.001 -16"><span class='ocrx_word' id='word_1_183' title='bbox 2013 1340 2127 1396; x_wconf 80' lang='lat' dir='ltr'><strong>fore</strong></span> <span class='ocrx_word' id='word_1_184' title='bbox 2158 1341 2423 1397; x_wconf 85' lang='lat' dir='ltr'><strong>secunda.</strong></span> <span class='ocrx_word' id='word_1_185' title='bbox 2455 1340 2621 1396; x_wconf 91' lang='lat' dir='ltr'><strong>Cedet</strong></span> <span class='ocrx_word' id='word_1_186' title='bbox 2651 1341 2795 1394; x_wconf 88' lang='lat' dir='ltr'><strong>enim</strong></span> <span class='ocrx_word' id='word_1_187' title='bbox 2825 1340 3048 1394; x_wconf 89' lang='lat' dir='ltr'><strong>omnino</strong></span> <span class='ocrx_word' id='word_1_188' title='bbox 3095 1337 3280 1408; x_wconf 78' lang='lat' dir='ltr'><strong>legalis</strong></span> <span class='ocrx_word' id='word_1_189' title='bbox 3313 1336 3578 1390; x_wconf 90' lang='lat' dir='ltr'><strong>institutio</strong></span> 
     </span>
    </p>
   </div>
   <div class='ocr_carea' id='block_1_28' title="bbox 2011 1427 3576 1498">
    <p class='ocr_par' dir='ltr' id='par_1_28' title="bbox 2011 1427 3576 1498">
     <span class='ocr_line' id='line_1_28' title="bbox 2011 1427 3576 1498; baseline -0.005 -13"><span class='ocrx_word' id='word_1_190' title='bbox 2011 1429 2356 1496; x_wconf 74' lang='lat' dir='ltr'><strong>Christianae,</strong></span> <span class='ocrx_word' id='word_1_191' title='bbox 2389 1430 2441 1486; x_wconf 90' lang='lat' dir='ltr'><strong>id</strong></span> <span class='ocrx_word' id='word_1_192' title='bbox 2473 1439 2578 1498; x_wconf 89' lang='lat' dir='ltr'><strong>est,</strong></span> <span class='ocrx_word' id='word_1_193' title='bbox 2609 1429 2939 1498; x_wconf 85' lang='lat' dir='ltr'><strong>evangelicis</strong></span> <span class='ocrx_word' id='word_1_194' title='bbox 2978 1427 3247 1494; x_wconf 84' lang='lat' dir='ltr'><strong>oraculis;</strong></span> <span class='ocrx_word' id='word_1_195' title='bbox 3278 1435 3333 1482; x_wconf 83' lang='lat' dir='ltr'><strong>et</strong></span> <span class='ocrx_word' id='word_1_196' title='bbox 3369 1435 3576 1480; x_wconf 86' lang='lat' dir='ltr'><strong>tantum</strong></span> 
     </span>
    </p>
   </div>
   <div class='ocr_carea' id='block_1_29' title="bbox 2011 1517 3578 1588">
    <p class='ocr_par' dir='ltr' id='par_1_29' title="bbox 2011 1517 3578 1588">
     <span class='ocr_line' id='line_1_29' title="bbox 2011 1517 3578 1588; baseline -0.003 -14"><span class='ocrx_word' id='word_1_197' title='bbox 2011 1519 2117 1574; x_wconf 86' lang='lat' dir='ltr'><strong>erit</strong></span> <span class='ocrx_word' id='word_1_198' title='bbox 2138 1519 2774 1588; x_wconf 86' lang='lat' dir='ltr'><strong>intervallum,quantum</strong></span> <span class='ocrx_word' id='word_1_199' title='bbox 2811 1519 2954 1573; x_wconf 89' lang='lat' dir='ltr'><strong>inter</strong></span> <span class='ocrx_word' id='word_1_200' title='bbox 2981 1534 3056 1574; x_wconf 72' lang='lat' dir='ltr'><strong>aas</strong></span> <span class='ocrx_word' id='word_1_201' title='bbox 3090 1529 3144 1573; x_wconf 92' lang='lat' dir='ltr'><strong>et</strong></span> <span class='ocrx_word' id='word_1_202' title='bbox 3177 1533 3366 1573; x_wconf 93' lang='lat' dir='ltr'><strong>aurum</strong></span> <span class='ocrx_word' id='word_1_203' title='bbox 3408 1517 3578 1572; x_wconf 89' lang='lat' dir='ltr'><strong>inter-</strong></span> 
     </span>
    </p>
   </div>
   <div class='ocr_carea' id='block_1_30' title="bbox 2011 1608 3579 1680">
    <p class='ocr_par' dir='ltr' id='par_1_30' title="bbox 2011 1608 3579 1680">
     <span class='ocr_line' id='line_1_30' title="bbox 2011 1608 3579 1680; baseline -0.002 -15"><span class='ocrx_word' id='word_1_204' title='bbox 2011 1617 2118 1665; x_wconf 86' lang='lat' dir='ltr'><strong>est.</strong></span> <span class='ocrx_word' id='word_1_205' title='bbox 2152 1608 2254 1667; x_wconf 70' lang='grc' dir='ltr'>Ᾱίε</span> <span class='ocrx_word' id='word_1_206' title='bbox 2289 1611 2432 1666; x_wconf 90' lang='lat' dir='ltr'><strong>enim</strong></span> <span class='ocrx_word' id='word_1_207' title='bbox 2475 1611 2707 1680; x_wconf 84' lang='lat' dir='ltr'><strong>speciem</strong></span> <span class='ocrx_word' id='word_1_208' title='bbox 2745 1610 2862 1664; x_wconf 86' lang='lat' dir='ltr'><strong>auri</strong></span> <span class='ocrx_word' id='word_1_209' title='bbox 2932 1611 3110 1676; x_wconf 80' lang='lat' dir='ltr'><strong>habet,</strong></span> <span class='ocrx_word' id='word_1_210' title='bbox 3143 1625 3327 1665; x_wconf 85' lang='lat' dir='ltr'><strong>verum</strong></span> <span class='ocrx_word' id='word_1_211' title='bbox 3361 1623 3466 1663; x_wconf 90' lang='lat' dir='ltr'><strong>non</strong></span> <span class='ocrx_word' id='word_1_212' title='bbox 3497 1617 3579 1664; x_wconf 88' lang='lat' dir='ltr'><strong>est</strong></span> 
     </span>
    </p>
   </div>
   <div class='ocr_carea' id='block_1_31' title="bbox 2011 1699 3577 1772">
    <p class='ocr_par' dir='ltr' id='par_1_31' title="bbox 2011 1699 3577 1772">
     <span class='ocr_line' id='line_1_31' title="bbox 2011 1699 3577 1772; baseline -0.003 -16"><span class='ocrx_word' id='word_1_213' title='bbox 2011 1715 2228 1757; x_wconf 85' lang='lat' dir='ltr'><strong>aurum.</strong></span> <span class='ocrx_word' id='word_1_214' title='bbox 2261 1699 2506 1772; x_wconf 84' lang='lat' dir='ltr'><strong>Argento</strong></span> <span class='ocrx_word' id='word_1_215' title='bbox 2553 1700 2730 1756; x_wconf 83' lang='lat' dir='ltr'><strong>simile</strong></span> <span class='ocrx_word' id='word_1_216' title='bbox 2763 1707 2846 1755; x_wconf 90' lang='lat' dir='ltr'><strong>est</strong></span> <span class='ocrx_word' id='word_1_217' title='bbox 2892 1701 3118 1764; x_wconf 81' lang='lat' dir='ltr'><strong>ferrum,</strong></span> <span class='ocrx_word' id='word_1_218' title='bbox 3161 1699 3301 1754; x_wconf 87' lang='lat' dir='ltr'><strong>inest</strong></span> <span class='ocrx_word' id='word_1_219' title='bbox 3344 1700 3486 1754; x_wconf 92' lang='lat' dir='ltr'><strong>enim</strong></span> <span class='ocrx_word' id='word_1_220' title='bbox 3529 1699 3577 1753; x_wconf 91' lang='lat' dir='ltr'><strong>ei</strong></span> 
     </span>
    </p>
   </div>
   <div class='ocr_carea' id='block_1_32' title="bbox 2012 1790 3578 1862">
    <p class='ocr_par' dir='ltr' id='par_1_32' title="bbox 2012 1790 3578 1862">
     <span class='ocr_line' id='line_1_32' title="bbox 2012 1790 3578 1862; baseline -0.001 -16"><span class='ocrx_word' id='word_1_221' title='bbox 2012 1790 2268 1861; x_wconf 85' lang='lat' dir='ltr'><strong>quiddam</strong></span> <span class='ocrx_word' id='word_1_222' title='bbox 2320 1791 2590 1860; x_wconf 88' lang='lat' dir='ltr'><strong>lucidum,</strong></span> <span class='ocrx_word' id='word_1_223' title='bbox 2627 1808 2814 1849; x_wconf 87' lang='lat' dir='ltr'><strong>verum</strong></span> <span class='ocrx_word' id='word_1_224' title='bbox 2860 1807 2966 1846; x_wconf 84' lang='lat' dir='ltr'><strong>nun</strong></span> <span class='ocrx_word' id='word_1_225' title='bbox 3001 1801 3086 1847; x_wconf 87' lang='lat' dir='ltr'><strong>est</strong></span> <span class='ocrx_word' id='word_1_226' title='bbox 3133 1799 3438 1862; x_wconf 88' lang='lat' dir='ltr'><strong>argentum,</strong></span> <span class='ocrx_word' id='word_1_227' title='bbox 3485 1790 3578 1846; x_wconf 91' lang='lat' dir='ltr'><strong>sed</strong></span> 
     </span>
    </p>
   </div>
   <div class='ocr_carea' id='block_1_33' title="bbox 338 1872 1916 1955">
    <p class='ocr_par' dir='ltr' id='par_1_33' title="bbox 338 1872 1915 1955">
     <span class='ocr_line' id='line_1_33' title="bbox 338 1872 1915 1955; baseline 0.008 -31"><span class='ocrx_word' id='word_1_228' title='bbox 338 1873 372 1924; x_wconf 78' lang='grc' dir='ltr'><strong>ό</strong></span> <span class='ocrx_word' id='word_1_229' title='bbox 405 1872 646 1944; x_wconf 90' lang='grc' dir='ltr'>σίδηρος,</span> <span class='ocrx_word' id='word_1_230' title='bbox 681 1875 860 1930; x_wconf 78' lang='grc' dir='ltr'>ἔνεστι</span> <span class='ocrx_word' id='word_1_231' title='bbox 888 1878 997 1951; x_wconf 83' lang='grc' dir='ltr'><strong>γὰρ</strong></span> <span class='ocrx_word' id='word_1_232' title='bbox 1032 1879 1095 1934; x_wconf 81' lang='grc' dir='ltr'>τὸ</span> <span class='ocrx_word' id='word_1_233' title='bbox 1141 1880 1391 1953; x_wconf 85' lang='grc' dir='ltr'>λαμπρὸν</span> <span class='ocrx_word' id='word_1_234' title='bbox 1428 1883 1595 1955; x_wconf 78' lang='grc' dir='ltr'>αὐτῷ,</span> <span class='ocrx_word' id='word_1_235' title='bbox 1638 1884 1780 1954; x_wconf 81' lang='grc' dir='ltr'>πλὴν</span> <span class='ocrx_word' id='word_1_236' title='bbox 1816 1885 1915 1938; x_wconf 78' lang='grc' dir='ltr'>οὐκ</span> 
     </span>
    </p>
   </div>
   <div class='ocr_carea' id='block_1_34' title="bbox 2017 1872 3578 1955">
    <p class='ocr_par' dir='ltr' id='par_1_34' title="bbox 2017 1881 3578 1954">
     <span class='ocr_line' id='line_1_34' title="bbox 2017 1881 3578 1954; baseline -0.003 -15"><span class='ocrx_word' id='word_1_237' title='bbox 2017 1883 2375 1954; x_wconf 66' lang='lat' dir='ltr'><strong>prastantiori</strong></span> <span class='ocrx_word' id='word_1_238' title='bbox 2407 1884 2634 1938; x_wconf 92' lang='lat' dir='ltr'><strong>multum</strong></span> <span class='ocrx_word' id='word_1_239' title='bbox 2662 1883 2825 1939; x_wconf 84' lang='lat' dir='ltr'><strong>cedit.</strong></span> <span class='ocrx_word' id='word_1_240' title='bbox 2859 1881 3110 1954; x_wconf 84' lang='lat' dir='ltr'><strong>Legalem</strong></span> <span class='ocrx_word' id='word_1_241' title='bbox 3145 1883 3328 1952; x_wconf 87' lang='lat' dir='ltr'><strong>itaque</strong></span> <span class='ocrx_word' id='word_1_242' title='bbox 3358 1881 3578 1938; x_wconf 82' lang='lat' dir='ltr'><strong>institu-</strong></span> 
     </span>
    </p>
   </div>
   <div class='ocr_carea' id='block_1_35' title="bbox 338 1961 1917 2045">
    <p class='ocr_par' dir='ltr' id='par_1_35' title="bbox 338 1961 1917 2045">
     <span class='ocr_line' id='line_1_35' title="bbox 338 1961 1917 2045; baseline 0.009 -31"><span class='ocrx_word' id='word_1_243' title='bbox 338 1961 997 2040; x_wconf 74' lang='grc' dir='ltr'>ἄργυρος,ξᾶλλ’ήττᾶται</span> <span class='ocrx_word' id='word_1_244' title='bbox 1026 1971 1161 2026; x_wconf 81' lang='grc' dir='ltr'>πολὺ</span> <span class='ocrx_word' id='word_1_245' title='bbox 1191 1973 1286 2027; x_wconf 84' lang='grc' dir='ltr'><strong>τοῦ</strong></span> <span class='ocrx_word' id='word_1_246' title='bbox 1325 1973 1672 2045; x_wconf 81' lang='grc' dir='ltr'>προῦχοντος.</span> <span class='ocrx_word' id='word_1_247' title='bbox 1707 1975 1917 2029; x_wconf 81' lang='grc' dir='ltr'>Οὐκοῦν</span> 
     </span>
    </p>
   </div>
   <div class='ocr_carea' id='block_1_36' title="bbox 336 2055 1919 2136">
    <p class='ocr_par' dir='ltr' id='par_1_36' title="bbox 336 2055 1919 2136">
     <span class='ocr_line' id='line_1_36' title="bbox 336 2055 1919 2136; baseline 0.009 -29"><span class='ocrx_word' id='word_1_248' title='bbox 336 2055 440 2125; x_wconf 84' lang='grc' dir='ltr'>τὴν</span> <span class='ocrx_word' id='word_1_249' title='bbox 493 2057 552 2110; x_wconf 80' lang='grc' dir='ltr'><strong>ἐν</strong></span> <span class='ocrx_word' id='word_1_250' title='bbox 589 2059 738 2131; x_wconf 85' lang='grc' dir='ltr'>νόμῳ</span> <span class='ocrx_word' id='word_1_251' title='bbox 781 2061 1061 2119; x_wconf 84' lang='grc' dir='ltr'>παίδευσιν</span> <span class='ocrx_word' id='word_1_252' title='bbox 1101 2066 1436 2136; x_wconf 83' lang='grc' dir='ltr'>παρεικάσαι</span> <span class='ocrx_word' id='word_1_253' title='bbox 1471 2085 1555 2133; x_wconf 88' lang='grc' dir='ltr'><strong>τις</strong></span> <span class='ocrx_word' id='word_1_254' title='bbox 1601 2067 1801 2121; x_wconf 88' lang='grc' dir='ltr'>δύναιτ’</span> <span class='ocrx_word' id='word_1_255' title='bbox 1851 2067 1919 2122; x_wconf 83' lang='grc' dir='ltr'>ἂν</span> 
     </span>
    </p>
   </div>
   <div class='ocr_carea' id='block_1_37' title="bbox 339 2145 1919 2228">
    <p class='ocr_par' dir='ltr' id='par_1_37' title="bbox 339 2145 1919 2228">
     <span class='ocr_line' id='line_1_37' title="bbox 339 2145 1919 2228; baseline 0.009 -30"><span class='ocrx_word' id='word_1_256' title='bbox 339 2145 546 2218; x_wconf 82' lang='grc' dir='ltr'>χαλκῷ,</span> <span class='ocrx_word' id='word_1_257' title='bbox 575 2150 764 2222; x_wconf 88' lang='grc' dir='ltr'>χρυσῷ</span> <span class='ocrx_word' id='word_1_258' title='bbox 797 2168 862 2222; x_wconf 89' lang='grc' dir='ltr'><strong>γε</strong></span> <span class='ocrx_word' id='word_1_259' title='bbox 907 2153 1014 2225; x_wconf 80' lang='grc' dir='ltr'>μὴν</span> <span class='ocrx_word' id='word_1_260' title='bbox 1055 2155 1156 2228; x_wconf 82' lang='grc' dir='ltr'>τὴν</span> <span class='ocrx_word' id='word_1_261' title='bbox 1194 2156 1283 2211; x_wconf 83' lang='grc' dir='ltr'>διὰ</span> <span class='ocrx_word' id='word_1_262' title='bbox 1321 2157 1577 2228; x_wconf 86' lang='grc' dir='ltr'>Χριστόν·</span> <span class='ocrx_word' id='word_1_263' title='bbox 1623 2159 1717 2212; x_wconf 70' lang='grc' dir='ltr'>καὶ</span> <span class='ocrx_word' id='word_1_264' title='bbox 1757 2157 1919 2212; x_wconf 79' lang='grc' dir='ltr'>πάλιν</span> 
     </span>
    </p>
   </div>
   <div class='ocr_carea' id='block_1_38' title="bbox 337 2237 1921 2322">
    <p class='ocr_par' dir='ltr' id='par_1_38' title="bbox 337 2237 1921 2322">
     <span class='ocr_line' id='line_1_38' title="bbox 337 2237 1921 2322; baseline 0.009 -34"><span class='ocrx_word' id='word_1_265' title='bbox 337 2237 438 2308; x_wconf 72' lang='grc' dir='ltr'>τίις</span> <span class='ocrx_word' id='word_1_266' title='bbox 469 2241 527 2292; x_wconf 93' lang='grc' dir='ltr'><strong>ἐν</strong></span> <span class='ocrx_word' id='word_1_267' title='bbox 568 2240 717 2312; x_wconf 83' lang='grc' dir='ltr'>νόμῳ</span> <span class='ocrx_word' id='word_1_268' title='bbox 767 2244 1043 2310; x_wconf 88' lang='grc' dir='ltr'>πολιτείας</span> <span class='ocrx_word' id='word_1_269' title='bbox 1083 2246 1184 2319; x_wconf 81' lang='grc' dir='ltr'>τὴν</span> <span class='ocrx_word' id='word_1_270' title='bbox 1223 2247 1454 2319; x_wconf 86' lang='grc' dir='ltr'>δύναμιν</span> <span class='ocrx_word' id='word_1_271' title='bbox 1479 2250 1814 2322; x_wconf 86' lang='grc' dir='ltr'>παρεικάσαι</span> <span class='ocrx_word' id='word_1_272' title='bbox 1834 2265 1921 2314; x_wconf 89' lang='grc' dir='ltr'><strong>τις</strong></span> 
     </span>
    </p>
   </div>
   <div class='ocr_carea' id='block_1_39' title="bbox 339 2327 1920 2414">
    <p class='ocr_par' dir='ltr' id='par_1_39' title="bbox 339 2327 1920 2414">
     <span class='ocr_line' id='line_1_39' title="bbox 339 2327 1920 2414; baseline 0.01 -34"><span class='ocrx_word' id='word_1_273' title='bbox 339 2327 410 2381; x_wconf 85' lang='grc' dir='ltr'>ἄν</span> <span class='ocrx_word' id='word_1_274' title='bbox 439 2329 661 2402; x_wconf 82' lang='grc' dir='ltr'>σιδήρῳ.</span> <span class='ocrx_word' id='word_1_275' title='bbox 701 2338 1116 2407; x_wconf 78' lang='grc' dir='ltr'><strong>μεμετρημένον</strong></span> <span class='ocrx_word' id='word_1_276' title='bbox 1144 2339 1318 2410; x_wconf 76' lang='grc' dir='ltr'>ἔχοντι</span> <span class='ocrx_word' id='word_1_277' title='bbox 1352 2341 1417 2394; x_wconf 80' lang='grc' dir='ltr'>τὸ</span> <span class='ocrx_word' id='word_1_278' title='bbox 1461 2341 1702 2414; x_wconf 78' lang='grc' dir='ltr'>φαιδρὸν,</span> <span class='ocrx_word' id='word_1_279' title='bbox 1733 2343 1832 2414; x_wconf 88' lang='grc' dir='ltr'><strong>τήν</strong></span> <span class='ocrx_word' id='word_1_280' title='bbox 1855 2359 1920 2412; x_wconf 81' lang='grc' dir='ltr'><strong>γε</strong></span> 
     </span>
    </p>
   </div>
   <div class='ocr_carea' id='block_1_40' title="bbox 341 2417 1914 2504">
    <p class='ocr_par' dir='ltr' id='par_1_40' title="bbox 341 2417 1914 2504">
     <span class='ocr_line' id='line_1_40' title="bbox 341 2417 1914 2504; baseline 0.011 -34"><span class='ocrx_word' id='word_1_281' title='bbox 341 2417 451 2490; x_wconf 81' lang='grc' dir='ltr'>μὴν</span> <span class='ocrx_word' id='word_1_282' title='bbox 488 2421 547 2473; x_wconf 88' lang='grc' dir='ltr'><strong>ἐν</strong></span> <span class='ocrx_word' id='word_1_283' title='bbox 578 2423 801 2495; x_wconf 83' lang='grc' dir='ltr'>Χριστῷ</span> <span class='ocrx_word' id='word_1_284' title='bbox 832 2425 928 2479; x_wconf 77' lang='grc' dir='ltr'>καὶ</span> <span class='ocrx_word' id='word_1_285' title='bbox 979 2428 1364 2503; x_wconf 80' lang='grc' dir='ltr'>εύαγγελικὴν,</span> <span class='ocrx_word' id='word_1_286' title='bbox 1401 2433 1629 2504; x_wconf 83' lang='grc' dir='ltr'>ἀργύρῳ</span> <span class='ocrx_word' id='word_1_287' title='bbox 1677 2433 1878 2504; x_wconf 82' lang='grc' dir='ltr'>μᾶλλον</span> <span class='ocrx_word' id='word_1_288' title='bbox 1900 2451 1914 2465; x_wconf 90' lang='grc'><strong>·</strong></span> 
     </span>
    </p>
   </div>
   <div class='ocr_carea' id='block_1_41' title="bbox 335 2510 1916 2595">
    <p class='ocr_par' dir='ltr' id='par_1_41' title="bbox 335 2510 1916 2595">
     <span class='ocr_line' id='line_1_41' title="bbox 335 2510 1916 2595; baseline 0.011 -34"><span class='ocrx_word' id='word_1_289' title='bbox 335 2510 676 2585; x_wconf 83' lang='grc' dir='ltr'>τελεωτάτην</span> <span class='ocrx_word' id='word_1_290' title='bbox 701 2515 811 2586; x_wconf 84' lang='grc' dir='ltr'><strong>γὰρ</strong></span> <span class='ocrx_word' id='word_1_291' title='bbox 842 2517 956 2586; x_wconf 77' lang='grc' dir='ltr'>ἔχει</span> <span class='ocrx_word' id='word_1_292' title='bbox 987 2519 1340 2592; x_wconf 81' lang='grc' dir='ltr'>φαιδρότητα,</span> <span class='ocrx_word' id='word_1_293' title='bbox 1364 2524 1592 2594; x_wconf 85' lang='grc' dir='ltr'>νοητῶς.</span> <span class='ocrx_word' id='word_1_294' title='bbox 1624 2524 1916 2595; x_wconf 81' lang='grc' dir='ltr'>Ταύτῃτοι,</span> 
     </span>
    </p>
   </div>
   <div class='ocr_carea' id='block_1_42' title="bbox 337 2603 1917 2688">
    <p class='ocr_par' dir='ltr' id='par_1_42' title="bbox 337 2603 1917 2688">
     <span class='ocr_line' id='line_1_42' title="bbox 337 2603 1917 2688; baseline 0.011 -34"><span class='ocrx_word' id='word_1_295' title='bbox 337 2603 436 2656; x_wconf 73' lang='grc' dir='ltr'>καὶ</span> <span class='ocrx_word' id='word_1_296' title='bbox 464 2605 493 2657; x_wconf 87' lang='grc' dir='ltr'><strong>ό</strong></span> <span class='ocrx_word' id='word_1_297' title='bbox 526 2605 798 2676; x_wconf 81' lang='grc' dir='ltr'>πάνσοφος</span> <span class='ocrx_word' id='word_1_298' title='bbox 839 2607 1071 2675; x_wconf 82' lang='grc' dir='ltr'>Παῦλος,</span> <span class='ocrx_word' id='word_1_299' title='bbox 1111 2612 1291 2667; x_wconf 88' lang='grc' dir='ltr'>καίτοι</span> <span class='ocrx_word' id='word_1_300' title='bbox 1319 2613 1568 2669; x_wconf 79' lang='grc' dir='ltr'>πλεῖστον</span> <span class='ocrx_word' id='word_1_301' title='bbox 1597 2615 1721 2670; x_wconf 83' lang='grc' dir='ltr'>ὅσον</span> <span class='ocrx_word' id='word_1_302' title='bbox 1751 2617 1917 2688; x_wconf 81' lang='grc' dir='ltr'>ἐσχη-</span> 
     </span>
    </p>
   </div>
   <div class='ocr_carea' id='block_1_43' title="bbox 338 2692 1916 2778">
    <p class='ocr_par' dir='ltr' id='par_1_43' title="bbox 338 2692 1916 2778">
     <span class='ocr_line' id='line_1_43' title="bbox 338 2692 1916 2778; baseline 0.011 -34"><span class='ocrx_word' id='word_1_303' title='bbox 338 2692 494 2746; x_wconf 81' lang='grc' dir='ltr'>κέναι</span> <span class='ocrx_word' id='word_1_304' title='bbox 543 2693 714 2764; x_wconf 81' lang='grc' dir='ltr'>λὲγων</span> <span class='ocrx_word' id='word_1_305' title='bbox 769 2696 858 2752; x_wconf 78' lang='grc' dir='ltr'><strong>διὰ</strong></span> <span class='ocrx_word' id='word_1_306' title='bbox 893 2699 994 2769; x_wconf 83' lang='grc' dir='ltr'>τῆς</span> <span class='ocrx_word' id='word_1_307' title='bbox 1039 2702 1098 2754; x_wconf 89' lang='lat' dir='ltr'><strong>tv</strong></span> <span class='ocrx_word' id='word_1_308' title='bbox 1141 2701 1290 2774; x_wconf 87' lang='grc' dir='ltr'>νόμῳ</span> <span class='ocrx_word' id='word_1_309' title='bbox 1342 2703 1488 2775; x_wconf 82' lang='grc' dir='ltr'>ζωῆς</span> <span class='ocrx_word' id='word_1_310' title='bbox 1534 2705 1595 2759; x_wconf 84' lang='grc' dir='ltr'>τὸ</span> <span class='ocrx_word' id='word_1_311' title='bbox 1637 2706 1916 2778; x_wconf 88' lang='grc' dir='ltr'>καύχημα,</span> 
     </span>
    </p>
   </div>
   <div class='ocr_carea' id='block_1_44' title="bbox 338 2782 1918 2868">
    <p class='ocr_par' dir='ltr' id='par_1_44' title="bbox 338 2782 1918 2868">
     <span class='ocr_line' id='line_1_44' title="bbox 338 2782 1918 2868; baseline 0.011 -33"><span class='ocrx_word' id='word_1_312' title='bbox 338 2782 590 2851; x_wconf 83' lang='grc' dir='ltr'>γνώσεώς</span> <span class='ocrx_word' id='word_1_313' title='bbox 629 2802 688 2839; x_wconf 82' lang='grc' dir='ltr'><strong>τε</strong></span> <span class='ocrx_word' id='word_1_314' title='bbox 719 2788 818 2858; x_wconf 87' lang='grc' dir='ltr'><strong>τῆς</strong></span> <span class='ocrx_word' id='word_1_315' title='bbox 854 2789 946 2843; x_wconf 79' lang='grc' dir='ltr'><strong>ὑπ’</strong></span> <span class='ocrx_word' id='word_1_316' title='bbox 974 2791 1164 2854; x_wconf 81' lang='grc' dir='ltr'>αὐτοῦ,</span> <span class='ocrx_word' id='word_1_317' title='bbox 1214 2794 1453 2849; x_wconf 78' lang='grc' dir='ltr'>σκύϐαλα</span> <span class='ocrx_word' id='word_1_318' title='bbox 1487 2795 1586 2866; x_wconf 78' lang='grc' dir='ltr'>μὲν</span> <span class='ocrx_word' id='word_1_319' title='bbox 1620 2798 1806 2868; x_wconf 78' lang='grc' dir='ltr'>ἡγεῖτο</span> <span class='ocrx_word' id='word_1_320' title='bbox 1849 2799 1918 2853; x_wconf 81' lang='grc' dir='ltr'><strong>τὰ</strong></span> 
     </span>
    </p>
   </div>
   <div class='ocr_carea' id='block_1_45' title="bbox 338 2875 1918 2960">
    <p class='ocr_par' dir='ltr' id='par_1_45' title="bbox 338 2875 1918 2960">
     <span class='ocr_line' id='line_1_45' title="bbox 338 2875 1918 2960; baseline 0.01 -33"><span class='ocrx_word' id='word_1_321' title='bbox 338 2875 540 2942; x_wconf 85' lang='grc' dir='ltr'>πάντα,</span> <span class='ocrx_word' id='word_1_322' title='bbox 581 2879 814 2948; x_wconf 85' lang='grc' dir='ltr'>Χριστὸν</span> <span class='ocrx_word' id='word_1_323' title='bbox 840 2881 896 2934; x_wconf 83' lang='grc' dir='ltr'>δὲ</span> <span class='ocrx_word' id='word_1_324' title='bbox 936 2883 1242 2953; x_wconf 87' lang='grc' dir='ltr'>κερδαίνειν</span> <span class='ocrx_word' id='word_1_325' title='bbox 1279 2885 1465 2955; x_wconf 69' lang='grc' dir='ltr'>ἤθελε,</span> <span class='ocrx_word' id='word_1_326' title='bbox 1508 2888 1603 2940; x_wconf 78' lang='grc' dir='ltr'>καὶ</span> <span class='ocrx_word' id='word_1_327' title='bbox 1638 2887 1698 2941; x_wconf 81' lang='grc' dir='ltr'>τὸ</span> <span class='ocrx_word' id='word_1_328' title='bbox 1721 2889 1918 2960; x_wconf 84' lang='grc' dir='ltr'>ὑπερέ-</span> 
     </span>
    </p>
   </div>
   <div class='ocr_carea' id='block_1_46' title="bbox 337 2965 1918 3049">
    <p class='ocr_par' dir='ltr' id='par_1_46' title="bbox 337 2965 1918 3049">
     <span class='ocr_line' id='line_1_46' title="bbox 337 2965 1918 3049; baseline 0.01 -33"><span class='ocrx_word' id='word_1_329' title='bbox 337 2980 434 3033; x_wconf 87' lang='grc' dir='ltr'><strong>χον</strong></span> <span class='ocrx_word' id='word_1_330' title='bbox 464 2965 565 3034; x_wconf 82' lang='grc' dir='ltr'>τῆς</span> <span class='ocrx_word' id='word_1_331' title='bbox 594 2965 850 3035; x_wconf 85' lang='grc' dir='ltr'>γνώσεως</span> <span class='ocrx_word' id='word_1_332' title='bbox 883 2970 1072 3025; x_wconf 80' lang='grc' dir='ltr'>αὐτοῦ.</span> <span class='ocrx_word' id='word_1_333' title='bbox 1117 2969 1263 3027; x_wconf 86' lang='grc' dir='ltr'>Ξύλα</span> <span class='ocrx_word' id='word_1_334' title='bbox 1286 2973 1343 3026; x_wconf 87' lang='grc' dir='ltr'>δὲ</span> <span class='ocrx_word' id='word_1_335' title='bbox 1382 2975 1477 3028; x_wconf 82' lang='grc' dir='ltr'>καὶ</span> <span class='ocrx_word' id='word_1_336' title='bbox 1503 2974 1639 3030; x_wconf 82' lang='grc' dir='ltr'>λίθοι</span> <span class='ocrx_word' id='word_1_337' title='bbox 1673 2979 1918 3049; x_wconf 87' lang='grc' dir='ltr'>χρήσιμα</span> 
     </span>
    </p>
   </div>
   <div class='ocr_carea' id='block_1_47' title="bbox 337 3056 1916 3137">
    <p class='ocr_par' dir='ltr' id='par_1_47' title="bbox 337 3056 1916 3137">
     <span class='ocr_line' id='line_1_47' title="bbox 337 3056 1916 3137; baseline 0.011 -30"><span class='ocrx_word' id='word_1_338' title='bbox 337 3056 478 3126; x_wconf 75' lang='grc' dir='ltr'>πρὸς</span> <span class='ocrx_word' id='word_1_339' title='bbox 498 3059 786 3131; x_wconf 71' lang='grc' dir='ltr'>οἰκοδομήν</span> <span class='ocrx_word' id='word_1_340' title='bbox 805 3075 821 3090; x_wconf 87' lang='lat'><strong><em>°</em></strong></span> <span class='ocrx_word' id='word_1_341' title='bbox 846 3062 1153 3134; x_wconf 80' lang='grc' dir='ltr'>εὑρήσομεν</span> <span class='ocrx_word' id='word_1_342' title='bbox 1185 3064 1241 3117; x_wconf 82' lang='grc' dir='ltr'>δὲ</span> <span class='ocrx_word' id='word_1_343' title='bbox 1267 3065 1360 3120; x_wconf 79' lang='grc' dir='ltr'>τὸν</span> <span class='ocrx_word' id='word_1_344' title='bbox 1390 3067 1665 3137; x_wconf 82' lang='grc' dir='ltr'>πάνσοφον</span> <span class='ocrx_word' id='word_1_345' title='bbox 1705 3069 1916 3124; x_wconf 81' lang='grc' dir='ltr'>Παῦλον</span> 
     </span>
    </p>
   </div>
   <div class='ocr_carea' id='block_1_48' title="bbox 2018 1973 3580 2046">
    <p class='ocr_par' dir='ltr' id='par_1_48' title="bbox 2018 1973 3580 2046">
     <span class='ocr_line' id='line_1_48' title="bbox 2018 1973 3580 2046; baseline -0.003 -16"><span class='ocrx_word' id='word_1_346' title='bbox 2018 1975 2218 2032; x_wconf 88' lang='lat' dir='ltr'><strong>tionem</strong></span> <span class='ocrx_word' id='word_1_347' title='bbox 2254 1989 2572 2044; x_wconf 90' lang='lat' dir='ltr'><strong>comparare</strong></span> <span class='ocrx_word' id='word_1_348' title='bbox 2600 1975 2724 2046; x_wconf 85' lang='lat' dir='ltr'><strong>quis</strong></span> <span class='ocrx_word' id='word_1_349' title='bbox 2755 1975 2950 2044; x_wconf 89' lang='lat' dir='ltr'><strong>poterit</strong></span> <span class='ocrx_word' id='word_1_350' title='bbox 2979 1973 3144 2045; x_wconf 75' lang='lat'><strong>852</strong></span> <span class='ocrx_word' id='word_1_351' title='bbox 3179 1974 3294 2043; x_wconf 67' lang='lat' dir='ltr'><strong>teri,</strong></span> <span class='ocrx_word' id='word_1_352' title='bbox 3317 1973 3580 2028; x_wconf 84' lang='lat' dir='ltr'><strong>Christia-</strong></span> 
     </span>
    </p>
   </div>
   <div class='ocr_carea' id='block_1_49' title="bbox 2017 2064 3580 2136">
    <p class='ocr_par' dir='ltr' id='par_1_49' title="bbox 2017 2064 3580 2136">
     <span class='ocr_line' id='line_1_49' title="bbox 2017 2064 3580 2136; baseline 0 -16"><span class='ocrx_word' id='word_1_353' title='bbox 2017 2081 2143 2122; x_wconf 88' lang='lat' dir='ltr'><strong>nam</strong></span> <span class='ocrx_word' id='word_1_354' title='bbox 2170 2080 2324 2124; x_wconf 91' lang='lat' dir='ltr'><strong>auro.</strong></span> <span class='ocrx_word' id='word_1_355' title='bbox 2355 2064 2569 2120; x_wconf 82' lang='lat' dir='ltr'><strong>Rursus</strong></span> <span class='ocrx_word' id='word_1_356' title='bbox 2599 2064 2822 2136; x_wconf 76' lang='lat' dir='ltr'><strong>legalem</strong></span> <span class='ocrx_word' id='word_1_357' title='bbox 2851 2064 3097 2134; x_wconf 81' lang='lat' dir='ltr'><strong>politiaut</strong></span> <span class='ocrx_word' id='word_1_358' title='bbox 3124 2079 3440 2134; x_wconf 88' lang='lat' dir='ltr'><strong>comparare</strong></span> <span class='ocrx_word' id='word_1_359' title='bbox 3459 2064 3580 2133; x_wconf 85' lang='lat' dir='ltr'><strong>quis</strong></span> 
     </span>
    </p>
   </div>
   <div class='ocr_carea' id='block_1_50' title="bbox 2015 2154 3581 2226">
    <p class='ocr_par' dir='ltr' id='par_1_50' title="bbox 2015 2154 3581 2226">
     <span class='ocr_line' id='line_1_50' title="bbox 2015 2154 3581 2226; baseline -0.003 -15"><span class='ocrx_word' id='word_1_360' title='bbox 2015 2156 2216 2226; x_wconf 88' lang='lat' dir='ltr'><strong>poterit</strong></span> <span class='ocrx_word' id='word_1_361' title='bbox 2271 2155 2456 2221; x_wconf 78' lang='lat' dir='ltr'><strong>ferro,</strong></span> <span class='ocrx_word' id='word_1_362' title='bbox 2507 2157 2652 2226; x_wconf 90' lang='lat' dir='ltr'><strong>quod</strong></span> <span class='ocrx_word' id='word_1_363' title='bbox 2707 2155 3035 2211; x_wconf 83' lang='lat' dir='ltr'><strong>mediocrem</strong></span> <span class='ocrx_word' id='word_1_364' title='bbox 3083 2154 3369 2224; x_wconf 86' lang='lat' dir='ltr'><strong>quemdam</strong></span> <span class='ocrx_word' id='word_1_365' title='bbox 3421 2155 3581 2210; x_wconf 84' lang='lat' dir='ltr'><strong>habet</strong></span> 
     </span>
    </p>
   </div>
   <div class='ocr_carea' id='block_1_51' title="bbox 2015 2243 3582 2316">
    <p class='ocr_par' dir='ltr' id='par_1_51' title="bbox 2015 2243 3582 2316">
     <span class='ocr_line' id='line_1_51' title="bbox 2015 2243 3582 2316; baseline -0.004 -14"><span class='ocrx_word' id='word_1_366' title='bbox 2015 2247 2382 2316; x_wconf 73' lang='lat' dir='ltr'><strong>Splendorem,</strong></span> <span class='ocrx_word' id='word_1_367' title='bbox 2426 2261 2490 2302; x_wconf 87' lang='lat' dir='ltr'><strong>ac</strong></span> <span class='ocrx_word' id='word_1_368' title='bbox 2532 2245 2897 2301; x_wconf 84' lang='lat' dir='ltr'><strong>Christianam</strong></span> <span class='ocrx_word' id='word_1_369' title='bbox 2945 2255 3000 2300; x_wconf 90' lang='lat' dir='ltr'><strong>et</strong></span> <span class='ocrx_word' id='word_1_370' title='bbox 3037 2243 3444 2314; x_wconf 87' lang='lat' dir='ltr'><strong>evangelicam,</strong></span> <span class='ocrx_word' id='word_1_371' title='bbox 3493 2260 3582 2297; x_wconf 85' lang='lat' dir='ltr'><strong>ar-</strong></span> 
     </span>
    </p>
   </div>
   <div class='ocr_carea' id='block_1_52' title="bbox 2016 2333 3584 2405">
    <p class='ocr_par' dir='ltr' id='par_1_52' title="bbox 2016 2333 3584 2405">
     <span class='ocr_line' id='line_1_52' title="bbox 2016 2333 3584 2405; baseline -0.002 -15"><span class='ocrx_word' id='word_1_372' title='bbox 2016 2344 2178 2405; x_wconf 81' lang='lat' dir='ltr'><strong>gento</strong></span> <span class='ocrx_word' id='word_1_373' title='bbox 2217 2335 2428 2404; x_wconf 90' lang='lat' dir='ltr'><strong>potius;</strong></span> <span class='ocrx_word' id='word_1_374' title='bbox 2459 2335 2916 2403; x_wconf 81' lang='lat' dir='ltr'><strong>perfectissimum</strong></span> <span class='ocrx_word' id='word_1_375' title='bbox 2951 2334 3096 2389; x_wconf 89' lang='lat' dir='ltr'><strong>enim</strong></span> <span class='ocrx_word' id='word_1_376' title='bbox 3127 2334 3290 2392; x_wconf 87' lang='lat' dir='ltr'><strong>habet</strong></span> <span class='ocrx_word' id='word_1_377' title='bbox 3332 2333 3584 2404; x_wconf 70' lang='lat' dir='ltr'><strong>splendo~</strong></span> 
     </span>
    </p>
   </div>
   <div class='ocr_carea' id='block_1_53' title="bbox 2017 2425 3584 2498">
    <p class='ocr_par' dir='ltr' id='par_1_53' title="bbox 2017 2425 3584 2498">
     <span class='ocr_line' id='line_1_53' title="bbox 2017 2425 3584 2498; baseline 0 -17"><span class='ocrx_word' id='word_1_378' title='bbox 2017 2442 2132 2482; x_wconf 89' lang='lat' dir='ltr'><strong>rem</strong></span> <span class='ocrx_word' id='word_1_379' title='bbox 2198 2427 2631 2498; x_wconf 89' lang='lat' dir='ltr'><strong>intelligibiliter.</strong></span> <span class='ocrx_word' id='word_1_380' title='bbox 2683 2426 2823 2481; x_wconf 83' lang='lat' dir='ltr'><strong>Hinc</strong></span> <span class='ocrx_word' id='word_1_381' title='bbox 2878 2426 3313 2497; x_wconf 86' lang='lat' dir='ltr'><strong>sapientissimus</strong></span> <span class='ocrx_word' id='word_1_382' title='bbox 3365 2425 3584 2490; x_wconf 88' lang='lat' dir='ltr'><strong>Paulus,</strong></span> 
     </span>
    </p>
   </div>
   <div class='ocr_carea' id='block_1_54' title="bbox 2015 2516 3582 2588">
    <p class='ocr_par' dir='ltr' id='par_1_54' title="bbox 2015 2516 3582 2588">
     <span class='ocr_line' id='line_1_54' title="bbox 2015 2516 3582 2588; baseline -0.002 -14"><span class='ocrx_word' id='word_1_383' title='bbox 2015 2519 2118 2574; x_wconf 87' lang='lat' dir='ltr'><strong>etsi</strong></span> <span class='ocrx_word' id='word_1_384' title='bbox 2152 2518 2296 2574; x_wconf 89' lang='lat' dir='ltr'><strong>dicat</strong></span> <span class='ocrx_word' id='word_1_385' title='bbox 2339 2530 2398 2573; x_wconf 87' lang='lat' dir='ltr'><strong>se</strong></span> <span class='ocrx_word' id='word_1_386' title='bbox 2447 2519 2648 2574; x_wconf 89' lang='lat' dir='ltr'><strong>habere</strong></span> <span class='ocrx_word' id='word_1_387' title='bbox 2698 2517 2837 2573; x_wconf 88' lang='lat' dir='ltr'><strong>unde</strong></span> <span class='ocrx_word' id='word_1_388' title='bbox 2881 2516 3100 2588; x_wconf 86' lang='lat' dir='ltr'><strong>gloriari</strong></span> <span class='ocrx_word' id='word_1_389' title='bbox 3147 2516 3319 2586; x_wconf 89' lang='lat' dir='ltr'><strong>possit</strong></span> <span class='ocrx_word' id='word_1_390' title='bbox 3364 2527 3582 2587; x_wconf 81' lang='lat' dir='ltr'><strong>prspter</strong></span> 
     </span>
    </p>
   </div>
   <div class='ocr_carea' id='block_1_55' title="bbox 2016 2606 3583 2680">
    <p class='ocr_par' dir='ltr' id='par_1_55' title="bbox 2016 2606 3583 2680">
     <span class='ocr_line' id='line_1_55' title="bbox 2016 2606 3583 2680; baseline 0 -18"><span class='ocrx_word' id='word_1_391' title='bbox 2016 2609 2182 2664; x_wconf 85' lang='lat' dir='ltr'><strong>vitam</strong></span> <span class='ocrx_word' id='word_1_392' title='bbox 2234 2610 2288 2664; x_wconf 91' lang='lat' dir='ltr'><strong>in</strong></span> <span class='ocrx_word' id='word_1_393' title='bbox 2340 2606 2454 2679; x_wconf 91' lang='lat' dir='ltr'><strong>lege</strong></span> <span class='ocrx_word' id='word_1_394' title='bbox 2510 2617 2865 2676; x_wconf 87' lang='lat' dir='ltr'><strong>transactam,</strong></span> <span class='ocrx_word' id='word_1_395' title='bbox 2921 2610 3146 2680; x_wconf 88' lang='lat' dir='ltr'><strong>ejusque</strong></span> <span class='ocrx_word' id='word_1_396' title='bbox 3191 2609 3583 2680; x_wconf 80' lang='lat' dir='ltr'><strong>cognitionem,</strong></span> 
     </span>
    </p>
   </div>
   <div class='ocr_carea' id='block_1_56' title="bbox 2017 2699 3584 2770">
    <p class='ocr_par' dir='ltr' id='par_1_56' title="bbox 2017 2699 3584 2770">
     <span class='ocr_line' id='line_1_56' title="bbox 2017 2699 3584 2770; baseline -0.001 -17"><span class='ocrx_word' id='word_1_397' title='bbox 2017 2715 2117 2770; x_wconf 87' lang='lat' dir='ltr'><strong>pro</strong></span> <span class='ocrx_word' id='word_1_398' title='bbox 2139 2700 2468 2755; x_wconf 89' lang='lat' dir='ltr'><strong>stercoribus</strong></span> <span class='ocrx_word' id='word_1_399' title='bbox 2492 2708 2670 2755; x_wconf 89' lang='lat' dir='ltr'><strong>tamen</strong></span> <span class='ocrx_word' id='word_1_400' title='bbox 2696 2700 2845 2754; x_wconf 90' lang='lat' dir='ltr'><strong>ducit</strong></span> <span class='ocrx_word' id='word_1_401' title='bbox 2866 2699 3079 2766; x_wconf 88' lang='lat' dir='ltr'><strong>omnia;</strong></span> <span class='ocrx_word' id='word_1_402' title='bbox 3107 2699 3379 2756; x_wconf 90' lang='lat' dir='ltr'><strong>Christum</strong></span> <span class='ocrx_word' id='word_1_403' title='bbox 3405 2707 3584 2753; x_wconf 77' lang='lat' dir='ltr'><strong>aulctl</strong></span> 
     </span>
    </p>
   </div>
   <div class='ocr_carea' id='block_1_57' title="bbox 2018 2788 3585 2862">
    <p class='ocr_par' dir='ltr' id='par_1_57' title="bbox 2018 2788 3585 2862">
     <span class='ocr_line' id='line_1_57' title="bbox 2018 2788 3585 2862; baseline -0.001 -17"><span class='ocrx_word' id='word_1_404' title='bbox 2018 2791 2218 2846; x_wconf 88' lang='lat' dir='ltr'><strong>lucrari</strong></span> <span class='ocrx_word' id='word_1_405' title='bbox 2254 2791 2488 2856; x_wconf 90' lang='lat' dir='ltr'><strong>volebat,</strong></span> <span class='ocrx_word' id='word_1_406' title='bbox 2525 2800 2580 2846; x_wconf 90' lang='lat' dir='ltr'><strong>et</strong></span> <span class='ocrx_word' id='word_1_407' title='bbox 2619 2789 2944 2861; x_wconf 76' lang='lat' dir='ltr'><strong>cognitionis</strong></span> <span class='ocrx_word' id='word_1_408' title='bbox 2978 2790 3097 2860; x_wconf 86' lang='lat' dir='ltr'><strong>ejus</strong></span> <span class='ocrx_word' id='word_1_409' title='bbox 3127 2790 3494 2862; x_wconf 63' lang='lat' dir='ltr'><strong>praestantiam</strong></span> <span class='ocrx_word' id='word_1_410' title='bbox 3517 2788 3585 2843; x_wconf 82' lang='grc'><strong>¹⁶.</strong></span> 
     </span>
    </p>
   </div>
   <div class='ocr_carea' id='block_1_58' title="bbox 2022 2877 3584 2952">
    <p class='ocr_par' dir='ltr' id='par_1_58' title="bbox 2022 2877 3584 2952">
     <span class='ocr_line' id='line_1_58' title="bbox 2022 2877 3584 2952; baseline -0.001 -16"><span class='ocrx_word' id='word_1_411' title='bbox 2022 2879 2192 2952; x_wconf 88' lang='lat' dir='ltr'><strong>Ligna</strong></span> <span class='ocrx_word' id='word_1_412' title='bbox 2223 2890 2280 2936; x_wconf 88' lang='lat' dir='ltr'><strong>et</strong></span> <span class='ocrx_word' id='word_1_413' title='bbox 2313 2881 2519 2950; x_wconf 88' lang='lat' dir='ltr'><strong>lapides</strong></span> <span class='ocrx_word' id='word_1_414' title='bbox 2578 2881 2643 2934; x_wconf 90' lang='lat' dir='ltr'><strong>ad</strong></span> <span class='ocrx_word' id='word_1_415' title='bbox 2674 2879 3085 2935; x_wconf 62' lang='lat' dir='ltr'><strong>aediﬁcationem</strong></span> <span class='ocrx_word' id='word_1_416' title='bbox 3135 2880 3350 2951; x_wconf 91' lang='lat' dir='ltr'><strong>quidem</strong></span> <span class='ocrx_word' id='word_1_417' title='bbox 3396 2877 3584 2934; x_wconf 79' lang='lat' dir='ltr'><strong>confe-</strong></span> 
     </span>
    </p>
   </div>
   <div class='ocr_carea' id='block_1_59' title="bbox 2015 2967 3583 3039">
    <p class='ocr_par' dir='ltr' id='par_1_59' title="bbox 2015 2967 3583 3039">
     <span class='ocr_line' id='line_1_59' title="bbox 2015 2967 3583 3039; baseline -0.003 -14"><span class='ocrx_word' id='word_1_418' title='bbox 2015 2980 2175 3038; x_wconf 91' lang='lat' dir='ltr'><strong>runt;</strong></span> <span class='ocrx_word' id='word_1_419' title='bbox 2209 2970 2545 3026; x_wconf 83' lang='lat' dir='ltr'><strong>inveniemus</strong></span> <span class='ocrx_word' id='word_1_420' title='bbox 2589 2977 2768 3024; x_wconf 88' lang='lat' dir='ltr'><strong>tamen</strong></span> <span class='ocrx_word' id='word_1_421' title='bbox 2835 2969 3297 3039; x_wconf 86' lang='lat' dir='ltr'><strong>sapientissimum</strong></span> <span class='ocrx_word' id='word_1_422' title='bbox 3359 2967 3583 3023; x_wconf 83' lang='lat' dir='ltr'><strong>Paulum</strong></span> 
     </span>
    </p>
   </div>
   <div class='ocr_carea' id='block_1_60' title="bbox 2013 3058 3587 3132">
    <p class='ocr_par' dir='ltr' id='par_1_60' title="bbox 2013 3058 3587 3132">
     <span class='ocr_line' id='line_1_60' title="bbox 2013 3058 3587 3132; baseline -0.001 -16"><span class='ocrx_word' id='word_1_423' title='bbox 2013 3061 2368 3131; x_wconf 89' lang='lat' dir='ltr'><strong>quorumdam</strong></span> <span class='ocrx_word' id='word_1_424' title='bbox 2445 3062 2794 3132; x_wconf 62' lang='lat' dir='ltr'><strong>mystagogias</strong></span> <span class='ocrx_word' id='word_1_425' title='bbox 2855 3062 2962 3114; x_wconf 91' lang='lat' dir='ltr'><strong>vim</strong></span> <span class='ocrx_word' id='word_1_426' title='bbox 3018 3075 3140 3115; x_wconf 90' lang='lat' dir='ltr'><strong>cum</strong></span> <span class='ocrx_word' id='word_1_427' title='bbox 3203 3061 3289 3115; x_wconf 90' lang='lat' dir='ltr'><strong>his</strong></span> <span class='ocrx_word' id='word_1_428' title='bbox 3346 3058 3587 3115; x_wconf 80' lang='lat' dir='ltr'><strong>materiis</strong></span> 
     </span>
    </p>
   </div>
   <div class='ocr_carea' id='block_1_61' title="bbox 336 3148 1916 3264">
    <p class='ocr_par' dir='ltr' id='par_1_61' title="bbox 336 3148 1916 3264">
     <span class='ocr_line' id='line_1_61' title="bbox 336 3148 1916 3264; baseline 0.008 -63"><span class='ocrx_word' id='word_1_429' title='bbox 336 3148 440 3219; x_wconf 83' lang='grc' dir='ltr'><strong>τῆς</strong></span> <span class='ocrx_word' id='word_1_430' title='bbox 481 3149 632 3264; x_wconf 69' lang='grc' dir='ltr'>παρέ</span> <span class='ocrx_word' id='word_1_431' title='bbox 665 3167 827 3206; x_wconf 90' lang='grc' dir='ltr'>τινων</span> <span class='ocrx_word' id='word_1_432' title='bbox 861 3155 1252 3225; x_wconf 86' lang='grc' dir='ltr'>μυσταγωγίας</span> <span class='ocrx_word' id='word_1_433' title='bbox 1288 3156 1387 3228; x_wconf 75' lang='grc' dir='ltr'>τὴν</span> <span class='ocrx_word' id='word_1_434' title='bbox 1429 3158 1658 3230; x_wconf 84' lang='grc' dir='ltr'>δύναμιν</span> <span class='ocrx_word' id='word_1_435' title='bbox 1689 3160 1916 3226; x_wconf 82' lang='grc' dir='ltr'>ταύταις</span> 
     </span>
    </p>
   </div>
   <div class='ocr_carea' id='block_1_62' title="bbox 2017 3148 3584 3264">
    <p class='ocr_par' dir='ltr' id='par_1_62' title="bbox 2019 3152 3584 3264">
     <span class='ocr_line' id='line_1_62' title="bbox 2019 3152 3584 3224; baseline -0.002 -18"><span class='ocrx_word' id='word_1_436' title='bbox 2019 3167 2352 3222; x_wconf 88' lang='lat' dir='ltr'><strong>comparare.</strong></span> <span class='ocrx_word' id='word_1_437' title='bbox 2401 3166 2425 3204; x_wconf 77' lang='grc' dir='ltr'><strong>ι</strong></span> <span class='ocrx_word' id='word_1_438' title='bbox 2476 3153 2534 3206; x_wconf 82' lang='lat' dir='ltr'><strong>Si</strong></span> <span class='ocrx_word' id='word_1_439' title='bbox 2583 3154 2707 3222; x_wconf 86' lang='lat' dir='ltr'><strong>quis</strong></span> <span class='ocrx_word' id='word_1_440' title='bbox 2749 3152 2936 3218; x_wconf 88' lang='lat' dir='ltr'><strong>enim,</strong></span> <span class='ocrx_word' id='word_1_441' title='bbox 2985 3153 3194 3224; x_wconf 90' lang='lat' dir='ltr'><strong>inquit,</strong></span> <span class='ocrx_word' id='word_1_442' title='bbox 3249 3161 3584 3220; x_wconf 87' lang='lat' dir='ltr'><strong>superstruat</strong></span> 
     </span>
     <span class='ocr_line' id='line_1_63' title="bbox 2025 3241 3578 3264; baseline 0 0"><span class='ocrx_word' id='word_1_443' title='bbox 2025 3242 2371 3264; x_wconf 55' lang='grc' dir='ltr'><strong>Ρ.---ΑΙΑ...--..-</strong></span> <span class='ocrx_word' id='word_1_444' title='bbox 2423 3242 2560 3264; x_wconf 74' lang='lat' dir='ltr'><strong>I!__-</strong></span> <span class='ocrx_word' id='word_1_445' title='bbox 2639 3243 2816 3264; x_wconf 62' lang='lat' dir='ltr'><strong>f-_--_.</strong></span> <span class='ocrx_word' id='word_1_446' title='bbox 2907 3243 3109 3264; x_wconf 60' lang='grc'><strong>1--21--</strong></span> <span class='ocrx_word' id='word_1_447' title='bbox 3194 3243 3436 3264; x_wconf 71' lang='lat' dir='ltr'><strong>-.!__-I-_-</strong></span> <span class='ocrx_word' id='word_1_448' title='bbox 3464 3241 3508 3264; x_wconf 65' lang='lat' dir='ltr'><strong>lC</strong></span> <span class='ocrx_word' id='word_1_449' title='bbox 3566 3261 3578 3264; x_wconf 86' lang='lat'>_</span> 
     </span>
    </p>
   </div>
   <div class='ocr_carea' id='block_1_63' title="bbox 337 3239 1913 3322">
    <p class='ocr_par' dir='ltr' id='par_1_63' title="bbox 337 3239 1913 3322">
     <span class='ocr_line' id='line_1_64' title="bbox 337 3239 1913 3322; baseline 0.008 -30"><span class='ocrx_word' id='word_1_450' title='bbox 337 3239 740 3310; x_wconf 77' lang='grc' dir='ltr'>παρεικάζοντα</span> <span class='ocrx_word' id='word_1_451' title='bbox 790 3246 910 3308; x_wconf 80' lang='grc' dir='ltr'>ταῖς</span> <span class='ocrx_word' id='word_1_452' title='bbox 959 3245 1133 3310; x_wconf 80' lang='grc' dir='ltr'>ὕλαις.</span> <span class='ocrx_word' id='word_1_453' title='bbox 1202 3265 1220 3299; x_wconf 83' lang='grc' dir='ltr'><strong>ι</strong></span> <span class='ocrx_word' id='word_1_454' title='bbox 1262 3248 1327 3302; x_wconf 75' lang='lat' dir='ltr'><strong>Et</strong></span> <span class='ocrx_word' id='word_1_455' title='bbox 1381 3248 1489 3320; x_wconf 86' lang='grc' dir='ltr'>γάρ</span> <span class='ocrx_word' id='word_1_456' title='bbox 1547 3267 1663 3317; x_wconf 91' lang='grc' dir='ltr'>τις,</span> <span class='ocrx_word' id='word_1_457' title='bbox 1732 3252 1913 3322; x_wconf 68' lang='grc' dir='ltr'>φησιν,</span> 
     </span>
    </p>
   </div>
   <div class='ocr_carea' id='block_1_64' title="bbox 337 3329 1916 3411">
    <p class='ocr_par' dir='ltr' id='par_1_64' title="bbox 337 3329 1916 3411">
     <span class='ocr_line' id='line_1_65' title="bbox 337 3329 1916 3411; baseline 0.009 -31"><span class='ocrx_word' id='word_1_458' title='bbox 337 3329 685 3400; x_wconf 77' lang='grc' dir='ltr'>ἐποικοδομεῖ</span> <span class='ocrx_word' id='word_1_459' title='bbox 717 3331 809 3386; x_wconf 74' lang='grc' dir='ltr'><strong>ἐπὶ</strong></span> <span class='ocrx_word' id='word_1_460' title='bbox 849 3333 942 3387; x_wconf 81' lang='grc' dir='ltr'>τὸν</span> <span class='ocrx_word' id='word_1_461' title='bbox 987 3334 1254 3406; x_wconf 82' lang='grc' dir='ltr'>θεμέλιον,</span> <span class='ocrx_word' id='word_1_462' title='bbox 1294 3337 1447 3406; x_wconf 79' lang='grc' dir='ltr'>ξύλα,</span> <span class='ocrx_word' id='word_1_463' title='bbox 1477 3339 1688 3411; x_wconf 84' lang='grc' dir='ltr'>χόρτον,</span> <span class='ocrx_word' id='word_1_464' title='bbox 1715 3340 1916 3406; x_wconf 81' lang='grc' dir='ltr'>λίθους,</span> 
     </span>
    </p>
   </div>
   <div class='ocr_carea' id='block_1_65' title="bbox 338 3417 1914 3502">
    <p class='ocr_par' dir='ltr' id='par_1_65' title="bbox 338 3417 1914 3502">
     <span class='ocr_line' id='line_1_66' title="bbox 338 3417 1914 3502; baseline 0.009 -31"><span class='ocrx_word' id='word_1_465' title='bbox 338 3417 610 3492; x_wconf 78' lang='grc' dir='ltr'>καλάμην.</span> <span class='ocrx_word' id='word_1_466' title='bbox 642 3439 660 3473; x_wconf 77' lang='grc' dir='ltr'><strong>ι</strong></span> <span class='ocrx_word' id='word_1_467' title='bbox 700 3422 904 3478; x_wconf 88' lang='grc' dir='ltr'>Τούτου</span> <span class='ocrx_word' id='word_1_468' title='bbox 938 3424 995 3479; x_wconf 82' lang='grc' dir='ltr'>δὲ</span> <span class='ocrx_word' id='word_1_469' title='bbox 1031 3424 1206 3491; x_wconf 79' lang='grc' dir='ltr'>οὕτως</span> <span class='ocrx_word' id='word_1_470' title='bbox 1231 3426 1464 3498; x_wconf 80' lang='grc' dir='ltr'>ἔχοντος,</span> <span class='ocrx_word' id='word_1_471' title='bbox 1506 3431 1683 3484; x_wconf 84' lang='grc' dir='ltr'>ἐκεῖνό</span> <span class='ocrx_word' id='word_1_472' title='bbox 1712 3448 1914 3502; x_wconf 87' lang='grc' dir='ltr'>φαμεν,</span> 
     </span>
    </p>
   </div>
   <div class='ocr_carea' id='block_1_66' title="bbox 337 3509 1916 3594">
    <p class='ocr_par' dir='ltr' id='par_1_66' title="bbox 337 3509 1916 3594">
     <span class='ocr_line' id='line_1_67' title="bbox 337 3509 1916 3594; baseline 0.01 -33"><span class='ocrx_word' id='word_1_473' title='bbox 337 3509 424 3562; x_wconf 86' lang='grc' dir='ltr'><strong>δτι</strong></span> <span class='ocrx_word' id='word_1_474' title='bbox 457 3510 565 3565; x_wconf 86' lang='grc' dir='ltr'><strong>τῶν</strong></span> <span class='ocrx_word' id='word_1_475' title='bbox 596 3512 994 3585; x_wconf 82' lang='grc' dir='ltr'>Γραμματὲων,</span> <span class='ocrx_word' id='word_1_476' title='bbox 1031 3519 1126 3571; x_wconf 65' lang='grc' dir='ltr'><strong>καὶ⁵</strong></span> <span class='ocrx_word' id='word_1_477' title='bbox 1166 3520 1476 3591; x_wconf 83' lang='grc' dir='ltr'>Φαρισαίων</span> <span class='ocrx_word' id='word_1_478' title='bbox 1509 3523 1543 3594; x_wconf 80' lang='grc' dir='ltr'>ἡ</span> <span class='ocrx_word' id='word_1_479' title='bbox 1581 3522 1916 3591; x_wconf 82' lang='grc' dir='ltr'>διδασκαλία,</span> 
     </span>
    </p>
   </div>
   <div class='ocr_carea' id='block_1_67' title="bbox 339 3599 1916 3688">
    <p class='ocr_par' dir='ltr' id='par_1_67' title="bbox 339 3599 1916 3688">
     <span class='ocr_line' id='line_1_68' title="bbox 339 3599 1916 3688; baseline 0.011 -36"><span class='ocrx_word' id='word_1_480' title='bbox 339 3599 516 3670; x_wconf 66' lang='grc' dir='ltr'>ἤγουν</span> <span class='ocrx_word' id='word_1_481' title='bbox 540 3602 794 3670; x_wconf 81' lang='grc' dir='ltr'>καθάπαξ</span> <span class='ocrx_word' id='word_1_482' title='bbox 836 3606 944 3661; x_wconf 86' lang='grc' dir='ltr'><strong>τῶν</strong></span> <span class='ocrx_word' id='word_1_483' title='bbox 977 3608 1223 3664; x_wconf 85' lang='grc' dir='ltr'>ἀπίστων</span> <span class='ocrx_word' id='word_1_484' title='bbox 1259 3610 1527 3666; x_wconf 88' lang='grc' dir='ltr'>Ἰουδαίων</span> <span class='ocrx_word' id='word_1_485' title='bbox 1558 3615 1592 3684; x_wconf 80' lang='grc' dir='ltr'><strong>ἠ</strong></span> <span class='ocrx_word' id='word_1_486' title='bbox 1625 3615 1916 3688; x_wconf 79' lang='grc' dir='ltr'>ὑφήγησις,</span> 
     </span>
    </p>
   </div>
   <div class='ocr_carea' id='block_1_68' title="bbox 337 3692 1918 3778">
    <p class='ocr_par' dir='ltr' id='par_1_68' title="bbox 337 3692 1918 3778">
     <span class='ocr_line' id='line_1_69' title="bbox 337 3692 1918 3778; baseline 0.009 -33"><span class='ocrx_word' id='word_1_487' title='bbox 337 3692 401 3745; x_wconf 86' lang='grc' dir='ltr'>οὐ</span> <span class='ocrx_word' id='word_1_488' title='bbox 444 3695 734 3750; x_wconf 81' lang='grc' dir='ltr'>συνιέντων</span> <span class='ocrx_word' id='word_1_489' title='bbox 756 3696 894 3762; x_wconf 81' lang='grc' dir='ltr'>ὅλως</span> <span class='ocrx_word' id='word_1_490' title='bbox 919 3700 982 3753; x_wconf 78' lang='grc' dir='ltr'>τὸ</span> <span class='ocrx_word' id='word_1_491' title='bbox 1019 3701 1256 3773; x_wconf 83' lang='grc' dir='ltr'>Χριστοῦ</span> <span class='ocrx_word' id='word_1_492' title='bbox 1299 3704 1618 3776; x_wconf 83' lang='grc' dir='ltr'>μυστήριον,</span> <span class='ocrx_word' id='word_1_493' title='bbox 1660 3707 1742 3759; x_wconf 84' lang='grc' dir='ltr'>ὅτι</span> <span class='ocrx_word' id='word_1_494' title='bbox 1785 3707 1918 3778; x_wconf 84' lang='grc' dir='ltr'>μηδὲ</span> 
     </span>
    </p>
   </div>
   <div class='ocr_carea' id='block_1_69' title="bbox 342 3787 1920 3864">
    <p class='ocr_par' dir='ltr' id='par_1_69' title="bbox 342 3787 1920 3864">
     <span class='ocr_line' id='line_1_70' title="bbox 342 3787 1920 3864; baseline 0.009 -28"><span class='ocrx_word' id='word_1_495' title='bbox 342 3787 770 3843; x_wconf 85' lang='grc' dir='ltr'>πεπιστεύκασιν</span> <span class='ocrx_word' id='word_1_496' title='bbox 819 3792 901 3855; x_wconf 82' lang='grc' dir='ltr'><strong>είς</strong></span> <span class='ocrx_word' id='word_1_497' title='bbox 952 3792 1132 3856; x_wconf 83' lang='grc' dir='ltr'>αὑτὸν,</span> <span class='ocrx_word' id='word_1_498' title='bbox 1186 3793 1576 3864; x_wconf 79' lang='grc' dir='ltr'>παρεικάζοιτο</span> <span class='ocrx_word' id='word_1_499' title='bbox 1621 3795 1688 3849; x_wconf 78' lang='grc' dir='ltr'>ἂν</span> <span class='ocrx_word' id='word_1_500' title='bbox 1742 3796 1920 3863; x_wconf 80' lang='grc' dir='ltr'>ξύλοις</span> 
     </span>
    </p>
   </div>
   <div class='ocr_carea' id='block_1_70' title="bbox 339 3875 1916 3960">
    <p class='ocr_par' dir='ltr' id='par_1_70' title="bbox 339 3875 1916 3960">
     <span class='ocr_line' id='line_1_71' title="bbox 339 3875 1916 3960; baseline 0.008 -32"><span class='ocrx_word' id='word_1_501' title='bbox 339 3875 525 3946; x_wconf 81' lang='grc' dir='ltr'>τυχὸν,</span> <span class='ocrx_word' id='word_1_502' title='bbox 556 3879 649 3933; x_wconf 78' lang='grc' dir='ltr'>καὶ</span> <span class='ocrx_word' id='word_1_503' title='bbox 679 3879 870 3945; x_wconf 81' lang='grc' dir='ltr'>λίθοις,</span> <span class='ocrx_word' id='word_1_504' title='bbox 898 3885 930 3953; x_wconf 77' lang='grc' dir='ltr'>ἡ</span> <span class='ocrx_word' id='word_1_505' title='bbox 972 3882 1029 3935; x_wconf 83' lang='grc' dir='ltr'>δὲ</span> <span class='ocrx_word' id='word_1_506' title='bbox 1060 3884 1116 3936; x_wconf 91' lang='lat' dir='ltr'><strong>tv</strong></span> <span class='ocrx_word' id='word_1_507' title='bbox 1159 3883 1402 3956; x_wconf 82' lang='grc' dir='ltr'>Χριστῷ,</span> <span class='ocrx_word' id='word_1_508' title='bbox 1437 3885 1532 3938; x_wconf 77' lang='grc' dir='ltr'>καὶ</span> <span class='ocrx_word' id='word_1_509' title='bbox 1567 3886 1916 3960; x_wconf 80' lang='grc' dir='ltr'>εύαγγελικὴ,</span> 
     </span>
    </p>
   </div>
   <div class='ocr_carea' id='block_1_71' title="bbox 339 3969 1918 4044">
    <p class='ocr_par' dir='ltr' id='par_1_71' title="bbox 339 3969 1918 4044">
     <span class='ocr_line' id='line_1_72' title="bbox 339 3969 1918 4044; baseline 0.007 -24"><span class='ocrx_word' id='word_1_510' title='bbox 339 3969 598 4024; x_wconf 85' lang='grc' dir='ltr'>τοσοῦτον</span> <span class='ocrx_word' id='word_1_511' title='bbox 638 3971 752 4042; x_wconf 76' lang='grc' dir='ltr'>ἔχει</span> <span class='ocrx_word' id='word_1_512' title='bbox 796 3972 858 4026; x_wconf 82' lang='grc' dir='ltr'>τὸ</span> <span class='ocrx_word' id='word_1_513' title='bbox 899 3974 1144 4044; x_wconf 79' lang='grc' dir='ltr'>ἄμεινον,</span> <span class='ocrx_word' id='word_1_514' title='bbox 1189 3975 1312 4028; x_wconf 84' lang='grc' dir='ltr'>ὅσον</span> <span class='ocrx_word' id='word_1_515' title='bbox 1361 3974 1559 4044; x_wconf 82' lang='grc' dir='ltr'>χαλκὸς</span> <span class='ocrx_word' id='word_1_516' title='bbox 1609 3977 1703 4030; x_wconf 78' lang='grc' dir='ltr'>καὶ</span> <span class='ocrx_word' id='word_1_517' title='bbox 1743 3975 1918 4044; x_wconf 82' lang='grc' dir='ltr'>ξύλον,</span> 
     </span>
    </p>
   </div>
   <div class='ocr_carea' id='block_1_72' title="bbox 343 4062 1919 4142">
    <p class='ocr_par' dir='ltr' id='par_1_72' title="bbox 343 4062 1919 4142">
     <span class='ocr_line' id='line_1_73' title="bbox 343 4062 1919 4142; baseline 0.006 -27"><span class='ocrx_word' id='word_1_518' title='bbox 343 4062 564 4134; x_wconf 82' lang='grc' dir='ltr'>σιδηρός</span> <span class='ocrx_word' id='word_1_519' title='bbox 591 4081 650 4116; x_wconf 90' lang='grc' dir='ltr'><strong>τε</strong></span> <span class='ocrx_word' id='word_1_520' title='bbox 676 4064 813 4135; x_wconf 80' lang='grc' dir='ltr'>πρὸς</span> <span class='ocrx_word' id='word_1_521' title='bbox 838 4063 1005 4120; x_wconf 85' lang='grc' dir='ltr'>λίθον.</span> <span class='ocrx_word' id='word_1_522' title='bbox 1035 4065 1419 4136; x_wconf 84' lang='grc' dir='ltr'>Εὐδιάθρυπτα</span> <span class='ocrx_word' id='word_1_523' title='bbox 1442 4067 1543 4137; x_wconf 84' lang='grc' dir='ltr'>μὲν</span> <span class='ocrx_word' id='word_1_524' title='bbox 1567 4068 1677 4140; x_wconf 81' lang='grc' dir='ltr'>γὰρ</span> <span class='ocrx_word' id='word_1_525' title='bbox 1699 4069 1768 4123; x_wconf 85' lang='grc' dir='ltr'><strong>τὰ</strong></span> <span class='ocrx_word' id='word_1_526' title='bbox 1791 4072 1919 4142; x_wconf 81' lang='grc' dir='ltr'>παρ’</span> 
     </span>
    </p>
   </div>
   <div class='ocr_carea' id='block_1_73' title="bbox 341 4151 1922 4230">
    <p class='ocr_par' dir='ltr' id='par_1_73' title="bbox 341 4151 1922 4230">
     <span class='ocr_line' id='line_1_74' title="bbox 341 4151 1922 4230; baseline 0.004 -22"><span class='ocrx_word' id='word_1_527' title='bbox 341 4155 574 4219; x_wconf 89' lang='grc' dir='ltr'>ἐκείνοις</span> <span class='ocrx_word' id='word_1_528' title='bbox 604 4151 673 4228; x_wconf 76' lang='grc' dir='ltr'>ἧν</span> <span class='ocrx_word' id='word_1_529' title='bbox 723 4155 1028 4226; x_wconf 82' lang='grc' dir='ltr'>διδάγματά</span> <span class='ocrx_word' id='word_1_530' title='bbox 1063 4174 1123 4210; x_wconf 88' lang='grc' dir='ltr'><strong>τε</strong></span> <span class='ocrx_word' id='word_1_531' title='bbox 1166 4159 1259 4211; x_wconf 81' lang='grc' dir='ltr'>καὶ</span> <span class='ocrx_word' id='word_1_532' title='bbox 1293 4158 1672 4230; x_wconf 77' lang='grc' dir='ltr'>ἐνθυμήματα,</span> <span class='ocrx_word' id='word_1_533' title='bbox 1725 4161 1922 4230; x_wconf 80' lang='grc' dir='ltr'>στερεὰ</span> 
     </span>
    </p>
   </div>
   <div class='ocr_carea' id='block_1_74' title="bbox 344 4242 1921 4322">
    <p class='ocr_par' dir='ltr' id='par_1_74' title="bbox 344 4242 1921 4322">
     <span class='ocr_line' id='line_1_75' title="bbox 344 4242 1921 4322; baseline 0.004 -24"><span class='ocrx_word' id='word_1_534' title='bbox 344 4245 406 4299; x_wconf 78' lang='grc' dir='ltr'>δὲ</span> <span class='ocrx_word' id='word_1_535' title='bbox 438 4285 452 4308; x_wconf 93' lang='grc'><strong>,</strong></span> <span class='ocrx_word' id='word_1_536' title='bbox 513 4247 610 4300; x_wconf 75' lang='grc' dir='ltr'>καὶ</span> <span class='ocrx_word' id='word_1_537' title='bbox 663 4242 777 4300; x_wconf 73' lang='grc' dir='ltr'>οἷον</span> <span class='ocrx_word' id='word_1_538' title='bbox 830 4247 1114 4316; x_wconf 77' lang='grc' dir='ltr'>ἄθραυστα</span> <span class='ocrx_word' id='word_1_539' title='bbox 1177 4249 1314 4317; x_wconf 86' lang='grc' dir='ltr'>μετὰ</span> <span class='ocrx_word' id='word_1_540' title='bbox 1358 4248 1452 4302; x_wconf 90' lang='grc' dir='ltr'><strong>τοῦ</strong></span> <span class='ocrx_word' id='word_1_541' title='bbox 1501 4249 1772 4322; x_wconf 85' lang='grc' dir='ltr'>λαμπροῦ,</span> <span class='ocrx_word' id='word_1_542' title='bbox 1828 4253 1921 4306; x_wconf 80' lang='grc' dir='ltr'><strong>καὶ</strong></span> 
     </span>
    </p>
   </div>
   <div class='ocr_carea' id='block_1_75' title="bbox 345 4337 1921 4414">
    <p class='ocr_par' dir='ltr' id='par_1_75' title="bbox 345 4337 1921 4414">
     <span class='ocr_line' id='line_1_76' title="bbox 345 4337 1921 4414; baseline 0.004 -24"><span class='ocrx_word' id='word_1_543' title='bbox 345 4337 552 4408; x_wconf 86' lang='grc' dir='ltr'>τιμίου,</span> <span class='ocrx_word' id='word_1_544' title='bbox 585 4338 656 4392; x_wconf 79' lang='grc' dir='ltr'><strong>τὰ</strong></span> <span class='ocrx_word' id='word_1_545' title='bbox 698 4338 806 4392; x_wconf 86' lang='grc' dir='ltr'><strong>τῶν</strong></span> <span class='ocrx_word' id='word_1_546' title='bbox 858 4342 914 4393; x_wconf 90' lang='lat' dir='ltr'><strong>tv</strong></span> <span class='ocrx_word' id='word_1_547' title='bbox 948 4339 1186 4411; x_wconf 85' lang='grc' dir='ltr'>Χριστῷ.</span> <span class='ocrx_word' id='word_1_548' title='bbox 1236 4339 1476 4394; x_wconf 85' lang='grc' dir='ltr'>Ἰουδαῖοι</span> <span class='ocrx_word' id='word_1_549' title='bbox 1506 4341 1604 4412; x_wconf 83' lang='grc' dir='ltr'>μὲν</span> <span class='ocrx_word' id='word_1_550' title='bbox 1632 4343 1740 4414; x_wconf 86' lang='grc' dir='ltr'><strong>γὰρ</strong></span> <span class='ocrx_word' id='word_1_551' title='bbox 1767 4345 1921 4397; x_wconf 82' lang='grc' dir='ltr'>ἐκπί-</span> 
     </span>
    </p>
   </div>
   <div class='ocr_carea' id='block_1_76' title="bbox 349 4430 1920 4503">
    <p class='ocr_par' dir='ltr' id='par_1_76' title="bbox 349 4430 1920 4503">
     <span class='ocr_line' id='line_1_77' title="bbox 349 4430 1920 4503; baseline 0.003 -22"><span class='ocrx_word' id='word_1_552' title='bbox 349 4445 574 4483; x_wconf 88' lang='grc' dir='ltr'>πτουσιν</span> <span class='ocrx_word' id='word_1_553' title='bbox 599 4432 676 4494; x_wconf 81' lang='grc' dir='ltr'><strong>είς</strong></span> <span class='ocrx_word' id='word_1_554' title='bbox 703 4430 1072 4500; x_wconf 81' lang='grc' dir='ltr'>γενεαλογίας,</span> <span class='ocrx_word' id='word_1_555' title='bbox 1093 4433 1186 4485; x_wconf 80' lang='grc' dir='ltr'>καὶ</span> <span class='ocrx_word' id='word_1_556' title='bbox 1219 4431 1418 4502; x_wconf 88' lang='grc' dir='ltr'>μύθους</span> <span class='ocrx_word' id='word_1_557' title='bbox 1443 4433 1779 4503; x_wconf 85' lang='grc' dir='ltr'>ἀπεράντους</span> <span class='ocrx_word' id='word_1_558' title='bbox 1808 4436 1920 4498; x_wconf 86' lang='grc' dir='ltr'>τοῖς</span> 
     </span>
    </p>
   </div>
   <div class='ocr_carea' id='block_1_77' title="bbox 2024 3241 3584 3313">
    <p class='ocr_par' dir='ltr' id='par_1_77' title="bbox 2024 3241 3584 3313">
     <span class='ocr_line' id='line_1_78' title="bbox 2024 3241 3584 3313; baseline -0.001 -17"><span class='ocrx_word' id='word_1_559' title='bbox 2024 3242 2375 3298; x_wconf 84' lang='lat' dir='ltr'><strong>fundamento</strong></span> <span class='ocrx_word' id='word_1_560' title='bbox 2423 3242 2598 3312; x_wconf 83' lang='lat' dir='ltr'><strong>ligna,</strong></span> <span class='ocrx_word' id='word_1_561' title='bbox 2638 3243 2855 3310; x_wconf 78' lang='lat' dir='ltr'><strong>fenum,</strong></span> <span class='ocrx_word' id='word_1_562' title='bbox 2907 3243 3144 3312; x_wconf 88' lang='lat' dir='ltr'><strong>lapides,</strong></span> <span class='ocrx_word' id='word_1_563' title='bbox 3191 3243 3440 3313; x_wconf 89' lang='lat' dir='ltr'><strong>stipulam</strong></span> <span class='ocrx_word' id='word_1_564' title='bbox 3464 3241 3529 3297; x_wconf 81' lang='grc'><strong>¹⁶.</strong></span> <span class='ocrx_word' id='word_1_565' title='bbox 3565 3261 3584 3294; x_wconf 72' lang='grc' dir='ltr'><strong>ι</strong></span> 
     </span>
    </p>
   </div>
   <div class='ocr_carea' id='block_1_78' title="bbox 2022 3333 3588 3403">
    <p class='ocr_par' dir='ltr' id='par_1_78' title="bbox 2022 3333 3588 3403">
     <span class='ocr_line' id='line_1_79' title="bbox 2022 3333 3588 3403; baseline -0.001 -16"><span class='ocrx_word' id='word_1_566' title='bbox 2022 3337 2173 3403; x_wconf 84' lang='lat' dir='ltr'><strong>Quod</strong></span> <span class='ocrx_word' id='word_1_567' title='bbox 2204 3352 2325 3391; x_wconf 88' lang='lat' dir='ltr'><strong>cum</strong></span> <span class='ocrx_word' id='word_1_568' title='bbox 2362 3336 2435 3390; x_wconf 86' lang='lat' dir='ltr'><strong>ita</strong></span> <span class='ocrx_word' id='word_1_569' title='bbox 2472 3351 2532 3391; x_wconf 90' lang='lat' dir='ltr'><strong>se</strong></span> <span class='ocrx_word' id='word_1_570' title='bbox 2567 3335 2784 3402; x_wconf 86' lang='lat' dir='ltr'><strong>habeat,</strong></span> <span class='ocrx_word' id='word_1_571' title='bbox 2825 3335 2953 3391; x_wconf 90' lang='lat' dir='ltr'><strong>illud</strong></span> <span class='ocrx_word' id='word_1_572' title='bbox 2985 3336 3238 3400; x_wconf 89' lang='lat' dir='ltr'><strong>dicimus,</strong></span> <span class='ocrx_word' id='word_1_573' title='bbox 3272 3333 3588 3390; x_wconf 85' lang='lat' dir='ltr'><strong>Scribarum</strong></span> 
     </span>
    </p>
   </div>
   <div class='ocr_carea' id='block_1_79' title="bbox 2021 3423 3586 3491">
    <p class='ocr_par' dir='ltr' id='par_1_79' title="bbox 2021 3423 3586 3491">
     <span class='ocr_line' id='line_1_80' title="bbox 2021 3423 3586 3491; baseline -0.003 -7"><span class='ocrx_word' id='word_1_574' title='bbox 2021 3438 2076 3484; x_wconf 89' lang='lat' dir='ltr'><strong>et</strong></span> <span class='ocrx_word' id='word_1_575' title='bbox 2111 3425 2508 3484; x_wconf 62' lang='lat' dir='ltr'><strong>Pharisaeorum</strong></span> <span class='ocrx_word' id='word_1_576' title='bbox 2553 3427 2880 3491; x_wconf 90' lang='lat' dir='ltr'><strong>doctrinam,</strong></span> <span class='ocrx_word' id='word_1_577' title='bbox 2913 3426 2999 3481; x_wconf 86' lang='lat' dir='ltr'><strong>vel</strong></span> <span class='ocrx_word' id='word_1_578' title='bbox 3035 3426 3089 3481; x_wconf 92' lang='lat' dir='ltr'><strong>iu</strong></span> <span class='ocrx_word' id='word_1_579' title='bbox 3124 3426 3439 3481; x_wconf 87' lang='lat' dir='ltr'><strong>universum</strong></span> <span class='ocrx_word' id='word_1_580' title='bbox 3468 3423 3586 3479; x_wconf 84' lang='lat' dir='ltr'><strong>inll-</strong></span> 
     </span>
    </p>
   </div>
   <div class='ocr_carea' id='block_1_80' title="bbox 2021 3515 3585 3588">
    <p class='ocr_par' dir='ltr' id='par_1_80' title="bbox 2021 3515 3585 3588">
     <span class='ocr_line' id='line_1_81' title="bbox 2021 3515 3585 3588; baseline -0.003 -16"><span class='ocrx_word' id='word_1_581' title='bbox 2021 3519 2226 3574; x_wconf 85' lang='lat' dir='ltr'><strong>delium</strong></span> <span class='ocrx_word' id='word_1_582' title='bbox 2259 3517 2568 3574; x_wconf 64' lang='lat' dir='ltr'><strong>Judaeorum</strong></span> <span class='ocrx_word' id='word_1_583' title='bbox 2605 3517 3030 3583; x_wconf 88' lang='lat' dir='ltr'><strong>enarrationem,</strong></span> <span class='ocrx_word' id='word_1_584' title='bbox 3062 3517 3152 3588; x_wconf 91' lang='lat' dir='ltr'><strong>qui</strong></span> <span class='ocrx_word' id='word_1_585' title='bbox 3183 3518 3405 3572; x_wconf 90' lang='lat' dir='ltr'><strong>omnino</strong></span> <span class='ocrx_word' id='word_1_586' title='bbox 3432 3515 3585 3571; x_wconf 87' lang='lat' dir='ltr'><strong>Chri-</strong></span> 
     </span>
    </p>
   </div>
   <div class='ocr_carea' id='block_1_81' title="bbox 2022 3608 3589 3680">
    <p class='ocr_par' dir='ltr' id='par_1_81' title="bbox 2022 3608 3589 3680">
     <span class='ocr_line' id='line_1_82' title="bbox 2022 3608 3589 3680; baseline -0.003 -14"><span class='ocrx_word' id='word_1_587' title='bbox 2022 3609 2094 3666; x_wconf 86' lang='lat' dir='ltr'><strong>sti</strong></span> <span class='ocrx_word' id='word_1_588' title='bbox 2129 3611 2446 3680; x_wconf 85' lang='lat' dir='ltr'><strong>mysterium</strong></span> <span class='ocrx_word' id='word_1_589' title='bbox 2483 3625 2584 3664; x_wconf 90' lang='lat' dir='ltr'><strong>non</strong></span> <span class='ocrx_word' id='word_1_590' title='bbox 2618 3609 2944 3680; x_wconf 84' lang='lat' dir='ltr'><strong>intelligunt,</strong></span> <span class='ocrx_word' id='word_1_591' title='bbox 2977 3617 3034 3662; x_wconf 93' lang='lat' dir='ltr'><strong>ut</strong></span> <span class='ocrx_word' id='word_1_592' title='bbox 3067 3608 3155 3678; x_wconf 91' lang='lat' dir='ltr'><strong>qui</strong></span> <span class='ocrx_word' id='word_1_593' title='bbox 3193 3608 3244 3662; x_wconf 89' lang='lat' dir='ltr'><strong>in</strong></span> <span class='ocrx_word' id='word_1_594' title='bbox 3283 3608 3454 3676; x_wconf 86' lang='lat' dir='ltr'><strong>ipsum</strong></span> <span class='ocrx_word' id='word_1_595' title='bbox 3483 3621 3589 3661; x_wconf 91' lang='lat' dir='ltr'><strong>non</strong></span> 
     </span>
    </p>
   </div>
   <div class='ocr_carea' id='block_1_82' title="bbox 2023 3697 3590 3768">
    <p class='ocr_par' dir='ltr' id='par_1_82' title="bbox 2023 3697 3590 3768">
     <span class='ocr_line' id='line_1_83' title="bbox 2023 3697 3590 3768; baseline -0.002 -12"><span class='ocrx_word' id='word_1_596' title='bbox 2023 3701 2389 3762; x_wconf 84' lang='lat' dir='ltr'><strong>crediderunt,</strong></span> <span class='ocrx_word' id='word_1_597' title='bbox 2430 3701 2738 3768; x_wconf 88' lang='lat' dir='ltr'><strong>comparari</strong></span> <span class='ocrx_word' id='word_1_598' title='bbox 2787 3713 2948 3768; x_wconf 84' lang='lat' dir='ltr'><strong>posse</strong></span> <span class='ocrx_word' id='word_1_599' title='bbox 2997 3699 3160 3768; x_wconf 81' lang='lat' dir='ltr'><strong>lignis</strong></span> <span class='ocrx_word' id='word_1_600' title='bbox 3193 3706 3248 3752; x_wconf 88' lang='lat' dir='ltr'><strong>et</strong></span> <span class='ocrx_word' id='word_1_601' title='bbox 3289 3697 3590 3768; x_wconf 85' lang='lat' dir='ltr'><strong>lapidibus;</strong></span> 
     </span>
    </p>
   </div>
   <div class='ocr_carea' id='block_1_83' title="bbox 2022 3789 3590 3860">
    <p class='ocr_par' dir='ltr' id='par_1_83' title="bbox 2022 3789 3590 3860">
     <span class='ocr_line' id='line_1_84' title="bbox 2022 3789 3590 3860; baseline -0.004 -13"><span class='ocrx_word' id='word_1_602' title='bbox 2022 3793 2223 3848; x_wconf 88' lang='lat' dir='ltr'><strong>Christi</strong></span> <span class='ocrx_word' id='word_1_603' title='bbox 2250 3801 2430 3845; x_wconf 89' lang='lat' dir='ltr'><strong>autem</strong></span> <span class='ocrx_word' id='word_1_604' title='bbox 2465 3801 2520 3846; x_wconf 89' lang='lat' dir='ltr'><strong>et</strong></span> <span class='ocrx_word' id='word_1_605' title='bbox 2550 3789 2918 3860; x_wconf 78' lang='lat' dir='ltr'><strong>evangelicum</strong></span> <span class='ocrx_word' id='word_1_606' title='bbox 2958 3799 3103 3843; x_wconf 90' lang='lat' dir='ltr'><strong>tauto</strong></span> <span class='ocrx_word' id='word_1_607' title='bbox 3131 3803 3252 3843; x_wconf 89' lang='lat' dir='ltr'><strong>esse</strong></span> <span class='ocrx_word' id='word_1_608' title='bbox 3292 3789 3590 3852; x_wconf 68' lang='lat' dir='ltr'><strong>meliorem,</strong></span> 
     </span>
    </p>
   </div>
   <div class='ocr_carea' id='block_1_84' title="bbox 2023 3879 3589 3954">
    <p class='ocr_par' dir='ltr' id='par_1_84' title="bbox 2023 3879 3589 3954">
     <span class='ocr_line' id='line_1_85' title="bbox 2023 3879 3589 3954; baseline -0.004 -18"><span class='ocrx_word' id='word_1_609' title='bbox 2023 3895 2228 3954; x_wconf 87' lang='lat' dir='ltr'><strong>quanto</strong></span> <span class='ocrx_word' id='word_1_610' title='bbox 2260 3883 2406 3952; x_wconf 91' lang='lat' dir='ltr'><strong>ligno</strong></span> <span class='ocrx_word' id='word_1_611' title='bbox 2445 3897 2542 3946; x_wconf 66' lang='lat' dir='ltr'><strong>aes,</strong></span> <span class='ocrx_word' id='word_1_612' title='bbox 2574 3881 2774 3936; x_wconf 79' lang='lat' dir='ltr'><strong>ferrum</strong></span> <span class='ocrx_word' id='word_1_613' title='bbox 2820 3880 2985 3950; x_wconf 88' lang='lat' dir='ltr'><strong>lapidi</strong></span> <span class='ocrx_word' id='word_1_614' title='bbox 3037 3881 3328 3934; x_wconf 85' lang='lat' dir='ltr'><strong>antecellit.</strong></span> <span class='ocrx_word' id='word_1_615' title='bbox 3374 3879 3589 3932; x_wconf 83' lang='lat' dir='ltr'><strong>Illorum</strong></span> 
     </span>
    </p>
   </div>
   <div class='ocr_carea' id='block_1_85' title="bbox 2020 3971 3590 4042">
    <p class='ocr_par' dir='ltr' id='par_1_85' title="bbox 2020 3971 3590 4042">
     <span class='ocr_line' id='line_1_86' title="bbox 2020 3971 3590 4042; baseline -0.003 -12"><span class='ocrx_word' id='word_1_616' title='bbox 2020 3977 2165 4030; x_wconf 88' lang='lat' dir='ltr'><strong>enim</strong></span> <span class='ocrx_word' id='word_1_617' title='bbox 2197 3976 2520 4030; x_wconf 89' lang='lat' dir='ltr'><strong>documenta</strong></span> <span class='ocrx_word' id='word_1_618' title='bbox 2560 3983 2614 4029; x_wconf 93' lang='lat' dir='ltr'><strong>et</strong></span> <span class='ocrx_word' id='word_1_619' title='bbox 2657 3974 2871 4028; x_wconf 88' lang='lat' dir='ltr'><strong>inventa</strong></span> <span class='ocrx_word' id='word_1_620' title='bbox 2924 3971 3132 4042; x_wconf 79' lang='lat' dir='ltr'><strong>fragilia</strong></span> <span class='ocrx_word' id='word_1_621' title='bbox 3164 3982 3319 4026; x_wconf 84' lang='lat' dir='ltr'><strong>erant</strong></span> <span class='ocrx_word' id='word_1_622' title='bbox 3347 3989 3359 4024; x_wconf 92' lang='lat'>:</span> <span class='ocrx_word' id='word_1_623' title='bbox 3391 3981 3444 4024; x_wconf 92' lang='lat' dir='ltr'><strong>at</strong></span> <span class='ocrx_word' id='word_1_624' title='bbox 3471 3986 3590 4040; x_wconf 66' lang='lat' dir='ltr'><strong>quae</strong></span> 
     </span>
    </p>
   </div>
   <div class='ocr_carea' id='block_1_86' title="bbox 2023 4062 3589 4131">
    <p class='ocr_par' dir='ltr' id='par_1_86' title="bbox 2023 4062 3589 4131">
     <span class='ocr_line' id='line_1_87' title="bbox 2023 4062 3589 4131; baseline -0.005 -8"><span class='ocrx_word' id='word_1_625' title='bbox 2023 4068 2075 4123; x_wconf 90' lang='lat' dir='ltr'><strong>in</strong></span> <span class='ocrx_word' id='word_1_626' title='bbox 2109 4067 2326 4123; x_wconf 88' lang='lat' dir='ltr'><strong>Christo</strong></span> <span class='ocrx_word' id='word_1_627' title='bbox 2364 4076 2512 4131; x_wconf 90' lang='lat' dir='ltr'><strong>sunt,</strong></span> <span class='ocrx_word' id='word_1_628' title='bbox 2549 4065 2720 4122; x_wconf 87' lang='lat' dir='ltr'><strong>solida</strong></span> <span class='ocrx_word' id='word_1_629' title='bbox 2758 4065 3028 4120; x_wconf 82' lang='lat' dir='ltr'><strong>exsistunt</strong></span> <span class='ocrx_word' id='word_1_630' title='bbox 3066 4074 3120 4118; x_wconf 89' lang='lat' dir='ltr'><strong>et</strong></span> <span class='ocrx_word' id='word_1_631' title='bbox 3159 4063 3417 4126; x_wconf 82' lang='lat' dir='ltr'><strong>infracta,</strong></span> <span class='ocrx_word' id='word_1_632' title='bbox 3465 4062 3589 4116; x_wconf 81' lang='lat' dir='ltr'><strong>illu-</strong></span> 
     </span>
    </p>
   </div>
   <div class='ocr_carea' id='block_1_87' title="bbox 2023 4155 3589 4229">
    <p class='ocr_par' dir='ltr' id='par_1_87' title="bbox 2023 4155 3589 4229">
     <span class='ocr_line' id='line_1_88' title="bbox 2023 4155 3589 4229; baseline -0.004 -15"><span class='ocrx_word' id='word_1_633' title='bbox 2023 4160 2155 4214; x_wconf 89' lang='lat' dir='ltr'><strong>stria</strong></span> <span class='ocrx_word' id='word_1_634' title='bbox 2185 4174 2401 4229; x_wconf 91' lang='lat' dir='ltr'><strong>quoque</strong></span> <span class='ocrx_word' id='word_1_635' title='bbox 2439 4168 2494 4212; x_wconf 87' lang='lat' dir='ltr'><strong>et</strong></span> <span class='ocrx_word' id='word_1_636' title='bbox 2527 4157 2838 4229; x_wconf 81' lang='lat' dir='ltr'><strong>magniﬁca.</strong></span> <span class='ocrx_word' id='word_1_637' title='bbox 2872 4156 3042 4211; x_wconf 77' lang='lat' dir='ltr'><strong>Judzei</strong></span> <span class='ocrx_word' id='word_1_638' title='bbox 3083 4156 3227 4211; x_wconf 89' lang='lat' dir='ltr'><strong>enim</strong></span> <span class='ocrx_word' id='word_1_639' title='bbox 3272 4155 3589 4210; x_wconf 86' lang='lat' dir='ltr'><strong>delabuntur</strong></span> 
     </span>
    </p>
   </div>
   <div class='ocr_carea' id='block_1_88' title="bbox 2022 4247 3588 4321">
    <p class='ocr_par' dir='ltr' id='par_1_88' title="bbox 2022 4247 3588 4321">
     <span class='ocr_line' id='line_1_89' title="bbox 2022 4247 3588 4321; baseline -0.004 -16"><span class='ocrx_word' id='word_1_640' title='bbox 2022 4252 2075 4305; x_wconf 90' lang='lat' dir='ltr'><strong>in</strong></span> <span class='ocrx_word' id='word_1_641' title='bbox 2103 4250 2464 4321; x_wconf 88' lang='lat' dir='ltr'><strong>genealogias,</strong></span> <span class='ocrx_word' id='word_1_642' title='bbox 2497 4257 2551 4304; x_wconf 87' lang='lat' dir='ltr'><strong>et</strong></span> <span class='ocrx_word' id='word_1_643' title='bbox 2587 4250 2797 4303; x_wconf 81' lang='lat' dir='ltr'><strong>fabulas</strong></span> <span class='ocrx_word' id='word_1_644' title='bbox 2834 4248 3076 4302; x_wconf 80' lang='lat' dir='ltr'><strong>inﬁnitas</strong></span> <span class='ocrx_word' id='word_1_645' title='bbox 3109 4247 3307 4316; x_wconf 89' lang='lat' dir='ltr'><strong>popqu</strong></span> <span class='ocrx_word' id='word_1_646' title='bbox 3354 4261 3452 4301; x_wconf 90' lang='lat' dir='ltr'><strong>suo</strong></span> <span class='ocrx_word' id='word_1_647' title='bbox 3492 4259 3588 4300; x_wconf 89' lang='lat' dir='ltr'><strong>ex-</strong></span> 
     </span>
    </p>
   </div>
   <div class='ocr_carea' id='block_1_89' title="bbox 2018 4337 3588 4409">
    <p class='ocr_par' dir='ltr' id='par_1_89' title="bbox 2018 4337 3588 4409">
     <span class='ocr_line' id='line_1_90' title="bbox 2018 4337 3588 4409; baseline -0.003 -15"><span class='ocrx_word' id='word_1_648' title='bbox 2018 4350 2248 4409; x_wconf 85' lang='lat' dir='ltr'><strong>ponunt,</strong></span> <span class='ocrx_word' id='word_1_649' title='bbox 2274 4356 2441 4408; x_wconf 86' lang='lat' dir='ltr'><strong>nugas</strong></span> <span class='ocrx_word' id='word_1_650' title='bbox 2468 4341 2633 4395; x_wconf 86' lang='lat' dir='ltr'><strong>etiam</strong></span> <span class='ocrx_word' id='word_1_651' title='bbox 2658 4341 2920 4409; x_wconf 87' lang='lat' dir='ltr'><strong>quasdam</strong></span> <span class='ocrx_word' id='word_1_652' title='bbox 2959 4339 3312 4404; x_wconf 83' lang='lat' dir='ltr'><strong>intertexunt,</strong></span> <span class='ocrx_word' id='word_1_653' title='bbox 3335 4347 3389 4392; x_wconf 87' lang='lat' dir='ltr'><strong>et</strong></span> <span class='ocrx_word' id='word_1_654' title='bbox 3419 4337 3588 4391; x_wconf 86' lang='lat' dir='ltr'><strong>aniles</strong></span> 
     </span>
    </p>
   </div>
   <div class='ocr_carea' id='block_1_90' title="bbox 2019 4427 3587 4500">
    <p class='ocr_par' dir='ltr' id='par_1_90' title="bbox 2019 4427 3587 4500">
     <span class='ocr_line' id='line_1_91' title="bbox 2019 4427 3587 4500; baseline -0.006 -12"><span class='ocrx_word' id='word_1_655' title='bbox 2019 4431 2322 4488; x_wconf 86' lang='lat' dir='ltr'><strong>cantilenas</strong></span> <span class='ocrx_word' id='word_1_656' title='bbox 2354 4432 2418 4488; x_wconf 85' lang='lat'><strong>&quot;.</strong></span> <span class='ocrx_word' id='word_1_657' title='bbox 2477 4432 2545 4484; x_wconf 86' lang='lat' dir='ltr'><strong>At</strong></span> <span class='ocrx_word' id='word_1_658' title='bbox 2580 4432 2672 4500; x_wconf 90' lang='lat' dir='ltr'><strong>qui</strong></span> <span class='ocrx_word' id='word_1_659' title='bbox 2718 4429 2995 4485; x_wconf 89' lang='lat' dir='ltr'><strong>Christum</strong></span> <span class='ocrx_word' id='word_1_660' title='bbox 3046 4438 3241 4498; x_wconf 88' lang='lat' dir='ltr'><strong>gerunt</strong></span> <span class='ocrx_word' id='word_1_661' title='bbox 3293 4427 3344 4481; x_wconf 93' lang='lat' dir='ltr'><strong>in</strong></span> <span class='ocrx_word' id='word_1_662' title='bbox 3387 4427 3587 4488; x_wconf 89' lang='lat' dir='ltr'><strong>animo,</strong></span> 
     </span>
    </p>
   </div>
   <div class='ocr_carea' id='block_1_91' title="bbox 343 4519 1916 4594">
    <p class='ocr_par' dir='ltr' id='par_1_91' title="bbox 343 4521 1916 4594">
     <span class='ocr_line' id='line_1_92' title="bbox 343 4521 1916 4594; baseline 0.003 -21"><span class='ocrx_word' id='word_1_663' title='bbox 343 4521 452 4573; x_wconf 82' lang='grc' dir='ltr'><strong>ὑπὸ</strong></span> <span class='ocrx_word' id='word_1_664' title='bbox 477 4524 631 4592; x_wconf 86' lang='grc' dir='ltr'>χεῖρα</span> <span class='ocrx_word' id='word_1_665' title='bbox 655 4522 801 4585; x_wconf 80' lang='grc' dir='ltr'>λαοῖς</span> <span class='ocrx_word' id='word_1_666' title='bbox 825 4522 1201 4594; x_wconf 86' lang='grc' dir='ltr'>ἐξηγούμενοι,</span> <span class='ocrx_word' id='word_1_667' title='bbox 1231 4523 1429 4594; x_wconf 81' lang='grc' dir='ltr'>λήρους</span> <span class='ocrx_word' id='word_1_668' title='bbox 1459 4541 1516 4576; x_wconf 87' lang='grc' dir='ltr'><strong>τε</strong></span> <span class='ocrx_word' id='word_1_669' title='bbox 1543 4524 1695 4586; x_wconf 74' lang='grc' dir='ltr'>τινὰς</span> <span class='ocrx_word' id='word_1_670' title='bbox 1721 4524 1916 4594; x_wconf 73' lang='grc' dir='ltr'>ὲμπλέσ</span> 
     </span>
    </p>
   </div>
   <div class='ocr_carea' id='block_1_92' title="bbox 2017 4519 3588 4594">
    <p class='ocr_par' dir='ltr' id='par_1_92' title="bbox 2021 4519 3588 4581">
     <span class='ocr_line' id='line_1_93' title="bbox 2021 4519 3588 4581; baseline -0.004 -7"><span class='ocrx_word' id='word_1_671' title='bbox 2021 4535 2237 4575; x_wconf 87' lang='lat' dir='ltr'><strong>omnem</strong></span> <span class='ocrx_word' id='word_1_672' title='bbox 2274 4521 2419 4573; x_wconf 87' lang='lat' dir='ltr'><strong>viam</strong></span> <span class='ocrx_word' id='word_1_673' title='bbox 2449 4520 2620 4573; x_wconf 86' lang='lat' dir='ltr'><strong>sancti</strong></span> <span class='ocrx_word' id='word_1_674' title='bbox 2647 4519 2862 4572; x_wconf 88' lang='lat' dir='ltr'><strong>artilicii</strong></span> <span class='ocrx_word' id='word_1_675' title='bbox 2895 4533 3023 4572; x_wconf 91' lang='lat' dir='ltr'><strong>suos</strong></span> <span class='ocrx_word' id='word_1_676' title='bbox 3058 4519 3270 4581; x_wconf 89' lang='lat' dir='ltr'><strong>docent,</strong></span> <span class='ocrx_word' id='word_1_677' title='bbox 3303 4525 3357 4570; x_wconf 93' lang='lat' dir='ltr'><strong>et</strong></span> <span class='ocrx_word' id='word_1_678' title='bbox 3385 4525 3588 4570; x_wconf 73' lang='lat' dir='ltr'><strong>exacta:</strong></span> 
     </span>
    </p>
   </div>
   <div class='ocr_carea' id='block_1_93' title="bbox 342 4613 1916 4684">
    <p class='ocr_par' dir='ltr' id='par_1_93' title="bbox 342 4613 1916 4684">
     <span class='ocr_line' id='line_1_94' title="bbox 342 4613 1916 4684; baseline 0.002 -20"><span class='ocrx_word' id='word_1_679' title='bbox 342 4629 556 4675; x_wconf 80' lang='grc' dir='ltr'>κοντες,</span> <span class='ocrx_word' id='word_1_680' title='bbox 594 4613 687 4666; x_wconf 60' lang='grc' dir='ltr'><strong>καὶ¹</strong></span> <span class='ocrx_word' id='word_1_681' title='bbox 717 4613 937 4684; x_wconf 85' lang='grc' dir='ltr'>γραώδη</span> <span class='ocrx_word' id='word_1_682' title='bbox 971 4613 1360 4684; x_wconf 79' lang='grc' dir='ltr'>τερετίσματαο</span> <span class='ocrx_word' id='word_1_683' title='bbox 1399 4613 1529 4666; x_wconf 78' lang='grc' dir='ltr'>οἶδὲ</span> <span class='ocrx_word' id='word_1_684' title='bbox 1567 4613 1658 4666; x_wconf 83' lang='grc' dir='ltr'>τὸν</span> <span class='ocrx_word' id='word_1_685' title='bbox 1683 4614 1916 4684; x_wconf 82' lang='grc' dir='ltr'>Χριστὸν</span> 
     </span>
    </p>
   </div>
   <div class='ocr_carea' id='block_1_94' title="bbox 343 4701 1914 4774">
    <p class='ocr_par' dir='ltr' id='par_1_94' title="bbox 343 4701 1914 4774">
     <span class='ocr_line' id='line_1_95' title="bbox 343 4701 1914 4774; baseline 0 -20"><span class='ocrx_word' id='word_1_686' title='bbox 343 4701 637 4774; x_wconf 86' lang='grc' dir='ltr'>φοροῦντες</span> <span class='ocrx_word' id='word_1_687' title='bbox 669 4703 747 4764; x_wconf 83' lang='grc' dir='ltr'><strong>είς</strong></span> <span class='ocrx_word' id='word_1_688' title='bbox 776 4701 919 4767; x_wconf 87' lang='grc' dir='ltr'>νοῦν,</span> <span class='ocrx_word' id='word_1_689' title='bbox 963 4703 1141 4754; x_wconf 84' lang='grc' dir='ltr'>πᾶσαν</span> <span class='ocrx_word' id='word_1_690' title='bbox 1181 4701 1297 4754; x_wconf 83' lang='grc' dir='ltr'>ὁδὸν</span> <span class='ocrx_word' id='word_1_691' title='bbox 1337 4701 1611 4770; x_wconf 76' lang='grc' dir='ltr'>εὐτεχνίας</span> <span class='ocrx_word' id='word_1_692' title='bbox 1655 4703 1914 4774; x_wconf 84' lang='grc' dir='ltr'>ἁγιοπρε-</span> 
     </span>
    </p>
   </div>
   <div class='ocr_carea' id='block_1_95' title="bbox 342 4790 1918 4863">
    <p class='ocr_par' dir='ltr' id='par_1_95' title="bbox 342 4790 1918 4863">
     <span class='ocr_line' id='line_1_96' title="bbox 342 4790 1918 4863; baseline 0.002 -19"><span class='ocrx_word' id='word_1_693' title='bbox 342 4791 482 4854; x_wconf 86' lang='grc' dir='ltr'>ποῦς</span> <span class='ocrx_word' id='word_1_694' title='bbox 529 4793 654 4855; x_wconf 76' lang='grc' dir='ltr'>τοὺς</span> <span class='ocrx_word' id='word_1_695' title='bbox 713 4790 818 4844; x_wconf 78' lang='grc' dir='ltr'>ὑπὸ</span> <span class='ocrx_word' id='word_1_696' title='bbox 860 4794 1016 4862; x_wconf 85' lang='grc' dir='ltr'>χεῖρα</span> <span class='ocrx_word' id='word_1_697' title='bbox 1066 4791 1397 4855; x_wconf 81' lang='grc' dir='ltr'>διδάσκουσι,</span> <span class='ocrx_word' id='word_1_698' title='bbox 1439 4793 1532 4844; x_wconf 76' lang='grc' dir='ltr'>καὶ</span> <span class='ocrx_word' id='word_1_699' title='bbox 1581 4794 1918 4863; x_wconf 85' lang='grc' dir='ltr'>δογματικῆς</span> 
     </span>
    </p>
   </div>
   <div class='ocr_carea' id='block_1_96' title="bbox 341 4883 1918 4955">
    <p class='ocr_par' dir='ltr' id='par_1_96' title="bbox 341 4883 1918 4955">
     <span class='ocr_line' id='line_1_97' title="bbox 341 4883 1918 4955; baseline 0 -17"><span class='ocrx_word' id='word_1_700' title='bbox 341 4884 627 4954; x_wconf 77' lang='grc' dir='ltr'>ἀκριϐείας</span> <span class='ocrx_word' id='word_1_701' title='bbox 656 4884 1021 4954; x_wconf 77' lang='grc' dir='ltr'>ἀποφέρουσιν</span> <span class='ocrx_word' id='word_1_702' title='bbox 1048 4885 1302 4955; x_wconf 77' lang='grc' dir='ltr'>ἐραστὰς,</span> <span class='ocrx_word' id='word_1_703' title='bbox 1339 4885 1433 4936; x_wconf 74' lang='grc' dir='ltr'><strong>καὶ</strong></span> <span class='ocrx_word' id='word_1_704' title='bbox 1464 4883 1680 4953; x_wconf 83' lang='grc' dir='ltr'>ἁπάσης</span> <span class='ocrx_word' id='word_1_705' title='bbox 1717 4885 1918 4955; x_wconf 84' lang='grc' dir='ltr'>ἀρετῆς</span> 
     </span>
    </p>
   </div>
   <div class='ocr_carea' id='block_1_97' title="bbox 341 4965 1916 5044">
    <p class='ocr_par' dir='ltr' id='par_1_97' title="bbox 341 4965 1916 5044">
     <span class='ocr_line' id='line_1_98' title="bbox 341 4965 1916 5044; baseline 0 -20"><span class='ocrx_word' id='word_1_706' title='bbox 341 4973 583 5042; x_wconf 81' lang='grc' dir='ltr'>ἐργάτας</span> <span class='ocrx_word' id='word_1_707' title='bbox 613 4972 739 5034; x_wconf 83' lang='grc' dir='ltr'>τοὺς</span> <span class='ocrx_word' id='word_1_708' title='bbox 768 4972 1088 5044; x_wconf 78' lang='grc' dir='ltr'>προσιόντας</span> <span class='ocrx_word' id='word_1_709' title='bbox 1116 4973 1296 5034; x_wconf 79' lang='grc' dir='ltr'>αὐτοῖς</span> <span class='ocrx_word' id='word_1_710' title='bbox 1315 4988 1330 5002; x_wconf 75' lang='grc' dir='ltr'><strong>ο</strong></span> <span class='ocrx_word' id='word_1_711' title='bbox 1359 4965 1686 5026; x_wconf 80' lang='grc' dir='ltr'>διαδείκνυσι</span> <span class='ocrx_word' id='word_1_712' title='bbox 1717 4973 1774 5025; x_wconf 82' lang='grc' dir='ltr'>δέ</span> <span class='ocrx_word' id='word_1_713' title='bbox 1801 4990 1916 5036; x_wconf 83' lang='grc' dir='ltr'><strong>πως</strong></span> 
     </span>
    </p>
   </div>
   <div class='ocr_carea' id='block_1_98' title="bbox 341 5061 1916 5135">
    <p class='ocr_par' dir='ltr' id='par_1_98' title="bbox 341 5061 1916 5135">
     <span class='ocr_line' id='line_1_99' title="bbox 341 5061 1916 5135; baseline 0.001 -19"><span class='ocrx_word' id='word_1_714' title='bbox 341 5063 504 5126; x_wconf 78' lang='grc' dir='ltr'>εὐθὺς</span> <span class='ocrx_word' id='word_1_715' title='bbox 533 5063 593 5117; x_wconf 79' lang='grc' dir='ltr'>τὸ</span> <span class='ocrx_word' id='word_1_716' title='bbox 625 5065 1074 5135; x_wconf 79' lang='grc' dir='ltr'>ὲπενηνεγμένον,</span> <span class='ocrx_word' id='word_1_717' title='bbox 1112 5065 1193 5118; x_wconf 79' lang='grc' dir='ltr'>ὅτι</span> <span class='ocrx_word' id='word_1_718' title='bbox 1226 5061 1411 5116; x_wconf 87' lang='grc' dir='ltr'>τοῦτον</span> <span class='ocrx_word' id='word_1_719' title='bbox 1457 5063 1566 5135; x_wconf 80' lang='grc' dir='ltr'>ἔχει</span> <span class='ocrx_word' id='word_1_720' title='bbox 1597 5063 1686 5117; x_wconf 79' lang='grc' dir='ltr'><strong>τὸν</strong></span> <span class='ocrx_word' id='word_1_721' title='bbox 1716 5065 1916 5118; x_wconf 83' lang='grc' dir='ltr'>σκοπὸν</span> 
     </span>
    </p>
   </div>
   <div class='ocr_carea' id='block_1_99' title="bbox 347 5154 1912 5226">
    <p class='ocr_par' dir='ltr' id='par_1_99' title="bbox 347 5154 1912 5226">
     <span class='ocr_line' id='line_1_100' title="bbox 347 5154 1912 5226; baseline 0.002 -19"><span class='ocrx_word' id='word_1_722' title='bbox 347 5155 444 5224; x_wconf 78' lang='grc' dir='ltr'>τῆς</span> <span class='ocrx_word' id='word_1_723' title='bbox 501 5154 837 5226; x_wconf 82' lang='grc' dir='ltr'>προφητείας</span> <span class='ocrx_word' id='word_1_724' title='bbox 889 5156 917 5208; x_wconf 84' lang='grc' dir='ltr'><strong>ὁ</strong></span> <span class='ocrx_word' id='word_1_725' title='bbox 971 5155 1114 5218; x_wconf 83' lang='grc' dir='ltr'>νοῦς.</span> <span class='ocrx_word' id='word_1_726' title='bbox 1169 5175 1185 5207; x_wconf 84' lang='grc' dir='ltr'><strong>ι</strong></span> <span class='ocrx_word' id='word_1_727' title='bbox 1215 5156 1381 5208; x_wconf 83' lang='grc' dir='ltr'>Δώσω</span> <span class='ocrx_word' id='word_1_728' title='bbox 1417 5155 1545 5226; x_wconf 81' lang='grc' dir='ltr'>γὰρ,</span> <span class='ocrx_word' id='word_1_729' title='bbox 1599 5155 1749 5225; x_wconf 73' lang='grc' dir='ltr'>φησὶ,</span> <span class='ocrx_word' id='word_1_730' title='bbox 1788 5157 1912 5222; x_wconf 82' lang='grc' dir='ltr'>τοὺς</span> 
     </span>
    </p>
   </div>
   <div class='ocr_carea' id='block_1_100' title="bbox 341 5245 1911 5320">
    <p class='ocr_par' dir='ltr' id='par_1_100' title="bbox 341 5245 1911 5320">
     <span class='ocr_line' id='line_1_101' title="bbox 341 5245 1911 5320; baseline 0.002 -22"><span class='ocrx_word' id='word_1_731' title='bbox 341 5245 608 5316; x_wconf 74' lang='grc' dir='ltr'>ἄρχοντάς</span> <span class='ocrx_word' id='word_1_732' title='bbox 635 5263 730 5300; x_wconf 89' lang='grc' dir='ltr'><strong>σου</strong></span> <span class='ocrx_word' id='word_1_733' title='bbox 760 5249 818 5300; x_wconf 81' lang='grc' dir='ltr'><strong>ἐν</strong></span> <span class='ocrx_word' id='word_1_734' title='bbox 863 5249 1074 5320; x_wconf 75' lang='grc' dir='ltr'>εἰρήνῃ,</span> <span class='ocrx_word' id='word_1_735' title='bbox 1095 5249 1188 5301; x_wconf 75' lang='grc' dir='ltr'>καὶ</span> <span class='ocrx_word' id='word_1_736' title='bbox 1218 5249 1341 5310; x_wconf 77' lang='grc' dir='ltr'>τοὺς</span> <span class='ocrx_word' id='word_1_737' title='bbox 1374 5247 1701 5310; x_wconf 79' lang='grc' dir='ltr'>ἐπισκόπους</span> <span class='ocrx_word' id='word_1_738' title='bbox 1724 5265 1818 5301; x_wconf 88' lang='grc' dir='ltr'><strong>σου</strong></span> <span class='ocrx_word' id='word_1_739' title='bbox 1853 5249 1911 5301; x_wconf 83' lang='lat' dir='ltr'><strong>tv</strong></span> 
     </span>
    </p>
   </div>
   <div class='ocr_carea' id='block_1_101' title="bbox 341 5336 1916 5409">
    <p class='ocr_par' dir='ltr' id='par_1_101' title="bbox 341 5336 1916 5409">
     <span class='ocr_line' id='line_1_102' title="bbox 341 5336 1916 5409; baseline 0.001 -19"><span class='ocrx_word' id='word_1_740' title='bbox 341 5336 678 5408; x_wconf 74' lang='grc' dir='ltr'>δικαιοσύνῃ.</span> <span class='ocrx_word' id='word_1_741' title='bbox 708 5356 727 5390; x_wconf 69' lang='grc' dir='ltr'><strong>ι</strong></span> <span class='ocrx_word' id='word_1_742' title='bbox 769 5337 857 5402; x_wconf 84' lang='grc' dir='ltr'>Ὦς</span> <span class='ocrx_word' id='word_1_743' title='bbox 901 5338 1009 5408; x_wconf 81' lang='grc' dir='ltr'><strong>γὰρ</strong></span> <span class='ocrx_word' id='word_1_744' title='bbox 1039 5338 1144 5391; x_wconf 83' lang='grc' dir='ltr'><strong>τῶν</strong></span> <span class='ocrx_word' id='word_1_745' title='bbox 1175 5339 1424 5405; x_wconf 86' lang='grc' dir='ltr'>πρώτων,</span> <span class='ocrx_word' id='word_1_746' title='bbox 1457 5338 1639 5408; x_wconf 76' lang='grc' dir='ltr'>φησὶν,</span> <span class='ocrx_word' id='word_1_747' title='bbox 1682 5338 1916 5409; x_wconf 81' lang='grc' dir='ltr'>ἐξωσμέ-</span> 
     </span>
    </p>
   </div>
   <div class='ocr_carea' id='block_1_102' title="bbox 315 5423 1914 5508">
    <p class='ocr_par' dir='ltr' id='par_1_102' title="bbox 315 5423 1914 5508">
     <span class='ocr_line' id='line_1_103' title="bbox 315 5423 1914 5508; baseline 0.003 -28"><span class='ocrx_word' id='word_1_748' title='bbox 315 5423 471 5508; x_wconf 43' lang='grc' dir='ltr'>ίνων,</span> <span class='ocrx_word' id='word_1_749' title='bbox 504 5429 722 5498; x_wconf 85' lang='grc' dir='ltr'>ἐτέρους</span> <span class='ocrx_word' id='word_1_750' title='bbox 753 5429 1034 5501; x_wconf 79' lang='grc' dir='ltr'>ἀνίστησιν</span> <span class='ocrx_word' id='word_1_751' title='bbox 1065 5429 1327 5499; x_wconf 83' lang='grc' dir='ltr'>ἄρχοντάς</span> <span class='ocrx_word' id='word_1_752' title='bbox 1365 5447 1423 5482; x_wconf 90' lang='grc' dir='ltr'><strong>τε</strong></span> <span class='ocrx_word' id='word_1_753' title='bbox 1469 5430 1558 5482; x_wconf 73' lang='grc' dir='ltr'>καὶ</span> <span class='ocrx_word' id='word_1_754' title='bbox 1588 5430 1914 5496; x_wconf 81' lang='grc' dir='ltr'>ἐπισκόπους</span> 
     </span>
    </p>
   </div>
   <div class='ocr_carea' id='block_1_103' title="bbox 343 5518 1913 5594">
    <p class='ocr_par' dir='ltr' id='par_1_103' title="bbox 343 5518 1913 5594">
     <span class='ocr_line' id='line_1_104' title="bbox 343 5518 1913 5594; baseline 0.001 -22"><span class='ocrx_word' id='word_1_755' title='bbox 343 5518 492 5573; x_wconf 81' lang='grc' dir='ltr'>λαῶν</span> <span class='ocrx_word' id='word_1_756' title='bbox 529 5522 558 5574; x_wconf 85' lang='grc' dir='ltr'>ὁ</span> <span class='ocrx_word' id='word_1_757' title='bbox 597 5520 704 5574; x_wconf 84' lang='grc' dir='ltr'>τῶν</span> <span class='ocrx_word' id='word_1_758' title='bbox 753 5520 889 5574; x_wconf 81' lang='grc' dir='ltr'>ὅλων</span> <span class='ocrx_word' id='word_1_759' title='bbox 959 5521 1148 5592; x_wconf 83' lang='grc' dir='ltr'>Σωτὴρ</span> <span class='ocrx_word' id='word_1_760' title='bbox 1182 5522 1580 5592; x_wconf 85' lang='grc' dir='ltr'>διαπρέποντας</span> <span class='ocrx_word' id='word_1_761' title='bbox 1625 5523 1681 5574; x_wconf 87' lang='grc' dir='ltr'><strong>ἐν</strong></span> <span class='ocrx_word' id='word_1_762' title='bbox 1722 5523 1913 5594; x_wconf 78' lang='grc' dir='ltr'>εἰρήνῃ</span> 
     </span>
    </p>
   </div>
   <div class='ocr_carea' id='block_1_104' title="bbox 343 5609 1915 5684">
    <p class='ocr_par' dir='ltr' id='par_1_104' title="bbox 343 5609 1915 5684">
     <span class='ocr_line' id='line_1_105' title="bbox 343 5609 1915 5684; baseline 0 -19"><span class='ocrx_word' id='word_1_763' title='bbox 343 5611 442 5665; x_wconf 75' lang='grc' dir='ltr'>καὶ</span> <span class='ocrx_word' id='word_1_764' title='bbox 481 5609 814 5684; x_wconf 84' lang='grc' dir='ltr'>δικαιοσύνῃ.</span> <span class='ocrx_word' id='word_1_765' title='bbox 857 5611 1206 5681; x_wconf 85' lang='grc' dir='ltr'>Είρηνεύουσι</span> <span class='ocrx_word' id='word_1_766' title='bbox 1247 5612 1353 5682; x_wconf 82' lang='grc' dir='ltr'>γὰρ</span> <span class='ocrx_word' id='word_1_767' title='bbox 1392 5612 1526 5682; x_wconf 76' lang='grc' dir='ltr'>πρὸς</span> <span class='ocrx_word' id='word_1_768' title='bbox 1559 5611 1710 5678; x_wconf 83' lang='grc' dir='ltr'>Θεὸν,</span> <span class='ocrx_word' id='word_1_769' title='bbox 1757 5614 1802 5664; x_wconf 82' lang='grc' dir='ltr'><strong>οί</strong></span> <span class='ocrx_word' id='word_1_770' title='bbox 1845 5612 1915 5665; x_wconf 79' lang='grc' dir='ltr'>τὰ</span> 
     </span>
    </p>
   </div>
   <div class='ocr_carea' id='block_1_105' title="bbox 421 5786 1495 5860">
    <p class='ocr_par' dir='ltr' id='par_1_105' title="bbox 421 5786 1495 5860">
     <span class='ocr_line' id='line_1_106' title="bbox 421 5786 1495 5860; baseline -0.007 -12"><span class='ocrx_word' id='word_1_771' title='bbox 421 5793 466 5826; x_wconf 76' lang='grc' dir='ltr'><strong>ι’</strong></span> <span class='ocrx_word' id='word_1_772' title='bbox 504 5789 731 5860; x_wconf 82' lang='lat' dir='ltr'><strong>Philipp.</strong></span> <span class='ocrx_word' id='word_1_773' title='bbox 776 5807 859 5857; x_wconf 90' lang='grc' dir='ltr'>ιιι,</span> <span class='ocrx_word' id='word_1_774' title='bbox 895 5789 946 5844; x_wconf 81' lang='lat'><strong>8.</strong></span> <span class='ocrx_word' id='word_1_775' title='bbox 1023 5789 1062 5820; x_wconf 85' lang='grc'><strong>¹⁶</strong></span> <span class='ocrx_word' id='word_1_776' title='bbox 1098 5786 1260 5842; x_wconf 86' lang='lat' dir='ltr'><strong>lCor.</strong></span> <span class='ocrx_word' id='word_1_777' title='bbox 1300 5803 1385 5854; x_wconf 89' lang='grc' dir='ltr'>ιιι,</span> <span class='ocrx_word' id='word_1_778' title='bbox 1417 5787 1495 5841; x_wconf 81' lang='lat' dir='ltr'><strong>l2.</strong></span> 
     </span>
    </p>
   </div>
   <div class='ocr_carea' id='block_1_106' title="bbox 2019 4607 3585 4680">
    <p class='ocr_par' dir='ltr' id='par_1_106' title="bbox 2019 4607 3585 4680">
     <span class='ocr_line' id='line_1_107' title="bbox 2019 4607 3585 4680; baseline -0.006 -13"><span class='ocrx_word' id='word_1_779' title='bbox 2019 4613 2334 4680; x_wconf 83' lang='lat' dir='ltr'><strong>dogmatum</strong></span> <span class='ocrx_word' id='word_1_780' title='bbox 2365 4609 2576 4676; x_wconf 59' lang='lat' dir='ltr'><strong>peritiae</strong></span> <span class='ocrx_word' id='word_1_781' title='bbox 2608 4608 2876 4662; x_wconf 84' lang='lat' dir='ltr'><strong>studiosos</strong></span> <span class='ocrx_word' id='word_1_782' title='bbox 2907 4607 3156 4672; x_wconf 88' lang='lat' dir='ltr'><strong>reddunt,</strong></span> <span class='ocrx_word' id='word_1_783' title='bbox 3193 4614 3246 4660; x_wconf 90' lang='lat' dir='ltr'><strong>et</strong></span> <span class='ocrx_word' id='word_1_784' title='bbox 3279 4607 3454 4659; x_wconf 90' lang='lat' dir='ltr'><strong>omnis</strong></span> <span class='ocrx_word' id='word_1_785' title='bbox 3479 4607 3585 4658; x_wconf 87' lang='lat' dir='ltr'><strong>vir-</strong></span> 
     </span>
    </p>
   </div>
   <div class='ocr_carea' id='block_1_107' title="bbox 2018 4689 3585 4767">
    <p class='ocr_par' dir='ltr' id='par_1_107' title="bbox 2018 4689 3585 4767">
     <span class='ocr_line' id='line_1_108' title="bbox 2018 4689 3585 4767; baseline -0.008 -11"><span class='ocrx_word' id='word_1_786' title='bbox 2018 4701 2148 4756; x_wconf 89' lang='lat' dir='ltr'><strong>tutis</strong></span> <span class='ocrx_word' id='word_1_787' title='bbox 2176 4698 2479 4767; x_wconf 91' lang='lat' dir='ltr'><strong>operarios,</strong></span> <span class='ocrx_word' id='word_1_788' title='bbox 2517 4696 2827 4764; x_wconf 89' lang='lat' dir='ltr'><strong>quicunque</strong></span> <span class='ocrx_word' id='word_1_789' title='bbox 2859 4695 3004 4763; x_wconf 90' lang='lat' dir='ltr'><strong>ipsos</strong></span> <span class='ocrx_word' id='word_1_790' title='bbox 3031 4693 3249 4747; x_wconf 85' lang='lat' dir='ltr'><strong>adeunt.</strong></span> <span class='ocrx_word' id='word_1_791' title='bbox 3282 4689 3438 4745; x_wconf 86' lang='lat' dir='ltr'><strong>Hunc</strong></span> <span class='ocrx_word' id='word_1_792' title='bbox 3467 4705 3585 4744; x_wconf 81' lang='lat' dir='ltr'><strong>esse</strong></span> 
     </span>
    </p>
   </div>
   <div class='ocr_carea' id='block_1_108' title="bbox 2019 4781 3586 4862">
    <p class='ocr_par' dir='ltr' id='par_1_108' title="bbox 2019 4781 3586 4862">
     <span class='ocr_line' id='line_1_109' title="bbox 2019 4781 3586 4862; baseline -0.01 -14"><span class='ocrx_word' id='word_1_793' title='bbox 2019 4807 2243 4862; x_wconf 89' lang='lat' dir='ltr'><strong>sc0pum</strong></span> <span class='ocrx_word' id='word_1_794' title='bbox 2278 4790 2610 4860; x_wconf 71' lang='lat' dir='ltr'><strong>prophetica:</strong></span> <span class='ocrx_word' id='word_1_795' title='bbox 2641 4787 2944 4852; x_wconf 67' lang='lat' dir='ltr'><strong>sententiae,</strong></span> <span class='ocrx_word' id='word_1_796' title='bbox 2968 4785 3207 4840; x_wconf 87' lang='lat' dir='ltr'><strong>declarat</strong></span> <span class='ocrx_word' id='word_1_797' title='bbox 3237 4781 3417 4837; x_wconf 89' lang='lat' dir='ltr'><strong>statim</strong></span> <span class='ocrx_word' id='word_1_798' title='bbox 3445 4781 3586 4852; x_wconf 89' lang='lat' dir='ltr'><strong>quod</strong></span> 
     </span>
    </p>
   </div>
   <div class='ocr_carea' id='block_1_109' title="bbox 2020 4873 3585 4947">
    <p class='ocr_par' dir='ltr' id='par_1_109' title="bbox 2020 4873 3585 4947">
     <span class='ocr_line' id='line_1_110' title="bbox 2020 4873 3585 4947; baseline -0.008 -10"><span class='ocrx_word' id='word_1_799' title='bbox 2020 4883 2272 4938; x_wconf 80' lang='lat' dir='ltr'><strong>infertur.</strong></span> <span class='ocrx_word' id='word_1_800' title='bbox 2309 4897 2328 4931; x_wconf 82' lang='lat' dir='ltr'><strong>t</strong></span> <span class='ocrx_word' id='word_1_801' title='bbox 2363 4879 2508 4934; x_wconf 86' lang='lat' dir='ltr'><strong>Dabo</strong></span> <span class='ocrx_word' id='word_1_802' title='bbox 2557 4879 2722 4943; x_wconf 88' lang='lat' dir='ltr'><strong>enim,</strong></span> <span class='ocrx_word' id='word_1_803' title='bbox 2784 4877 2978 4947; x_wconf 88' lang='lat' dir='ltr'><strong>inquit,</strong></span> <span class='ocrx_word' id='word_1_804' title='bbox 3027 4875 3298 4946; x_wconf 88' lang='lat' dir='ltr'><strong>principes</strong></span> <span class='ocrx_word' id='word_1_805' title='bbox 3355 4882 3475 4928; x_wconf 87' lang='lat' dir='ltr'><strong>tuos</strong></span> <span class='ocrx_word' id='word_1_806' title='bbox 3532 4873 3585 4927; x_wconf 90' lang='lat' dir='ltr'><strong>iu</strong></span> 
     </span>
    </p>
   </div>
   <div class='ocr_carea' id='block_1_110' title="bbox 2021 4965 3584 5045">
    <p class='ocr_par' dir='ltr' id='par_1_110' title="bbox 2021 4965 3584 5045">
     <span class='ocr_line' id='line_1_111' title="bbox 2021 4965 3584 5045; baseline -0.006 -17"><span class='ocrx_word' id='word_1_807' title='bbox 2021 4989 2233 5045; x_wconf 86' lang='lat' dir='ltr'><strong>pacem,</strong></span> <span class='ocrx_word' id='word_1_808' title='bbox 2268 4982 2322 5026; x_wconf 91' lang='lat' dir='ltr'><strong>et</strong></span> <span class='ocrx_word' id='word_1_809' title='bbox 2368 4972 2654 5041; x_wconf 81' lang='lat' dir='ltr'><strong>episc0pos</strong></span> <span class='ocrx_word' id='word_1_810' title='bbox 2703 4979 2822 5024; x_wconf 87' lang='lat' dir='ltr'><strong>tuos</strong></span> <span class='ocrx_word' id='word_1_811' title='bbox 2871 4970 2923 5023; x_wconf 94' lang='lat' dir='ltr'><strong>in</strong></span> <span class='ocrx_word' id='word_1_812' title='bbox 2966 4967 3254 5040; x_wconf 88' lang='lat' dir='ltr'><strong>justitiam.</strong></span> <span class='ocrx_word' id='word_1_813' title='bbox 3288 4984 3307 5018; x_wconf 72' lang='grc' dir='ltr'><strong>ι</strong></span> <span class='ocrx_word' id='word_1_814' title='bbox 3360 4965 3584 5020; x_wconf 86' lang='lat' dir='ltr'><strong>Perinde</strong></span> 
     </span>
    </p>
   </div>
   <div class='ocr_carea' id='block_1_111' title="bbox 2021 5057 3583 5134">
    <p class='ocr_par' dir='ltr' id='par_1_111' title="bbox 2021 5057 3583 5134">
     <span class='ocr_line' id='line_1_112' title="bbox 2021 5057 3583 5134; baseline -0.005 -14"><span class='ocrx_word' id='word_1_815' title='bbox 2021 5064 2189 5130; x_wconf 87' lang='lat' dir='ltr'><strong>enim,</strong></span> <span class='ocrx_word' id='word_1_816' title='bbox 2222 5063 2415 5132; x_wconf 88' lang='lat' dir='ltr'><strong>inquit,</strong></span> <span class='ocrx_word' id='word_1_817' title='bbox 2447 5077 2511 5118; x_wconf 90' lang='lat' dir='ltr'><strong>ac</strong></span> <span class='ocrx_word' id='word_1_818' title='bbox 2545 5061 2702 5134; x_wconf 86' lang='lat' dir='ltr'><strong>primi</strong></span> <span class='ocrx_word' id='word_1_819' title='bbox 2734 5061 2943 5131; x_wconf 85' lang='lat' dir='ltr'><strong>expulsi</strong></span> <span class='ocrx_word' id='word_1_820' title='bbox 2975 5068 3177 5125; x_wconf 90' lang='lat' dir='ltr'><strong>essent,</strong></span> <span class='ocrx_word' id='word_1_821' title='bbox 3213 5057 3346 5113; x_wconf 89' lang='lat' dir='ltr'><strong>alios</strong></span> <span class='ocrx_word' id='word_1_822' title='bbox 3383 5058 3583 5128; x_wconf 89' lang='lat' dir='ltr'><strong>princi-</strong></span> 
     </span>
    </p>
   </div>
   <div class='ocr_carea' id='block_1_112' title="bbox 2018 5151 3582 5227">
    <p class='ocr_par' dir='ltr' id='par_1_112' title="bbox 2018 5151 3582 5227">
     <span class='ocr_line' id='line_1_113' title="bbox 2018 5151 3582 5227; baseline -0.006 -16"><span class='ocrx_word' id='word_1_823' title='bbox 2018 5171 2115 5227; x_wconf 89' lang='lat' dir='ltr'><strong>pes</strong></span> <span class='ocrx_word' id='word_1_824' title='bbox 2166 5164 2219 5210; x_wconf 91' lang='lat' dir='ltr'><strong>et</strong></span> <span class='ocrx_word' id='word_1_825' title='bbox 2267 5154 2552 5223; x_wconf 80' lang='lat' dir='ltr'><strong>episcopos</strong></span> <span class='ocrx_word' id='word_1_826' title='bbox 2598 5151 2918 5224; x_wconf 88' lang='lat' dir='ltr'><strong>p0pulorum</strong></span> <span class='ocrx_word' id='word_1_827' title='bbox 2966 5151 3168 5206; x_wconf 83' lang='lat' dir='ltr'><strong>excitat</strong></span> <span class='ocrx_word' id='word_1_828' title='bbox 3211 5151 3582 5205; x_wconf 88' lang='lat' dir='ltr'><strong>universorum</strong></span> 
     </span>
    </p>
   </div>
   <div class='ocr_carea' id='block_1_113' title="bbox 2021 5239 3580 5316">
    <p class='ocr_par' dir='ltr' id='par_1_113' title="bbox 2021 5239 3580 5316">
     <span class='ocr_line' id='line_1_114' title="bbox 2021 5239 3580 5316; baseline -0.007 -13"><span class='ocrx_word' id='word_1_829' title='bbox 2021 5248 2301 5312; x_wconf 86' lang='lat' dir='ltr'><strong>Servator,</strong></span> <span class='ocrx_word' id='word_1_830' title='bbox 2332 5259 2385 5302; x_wconf 88' lang='lat' dir='ltr'><strong>et</strong></span> <span class='ocrx_word' id='word_1_831' title='bbox 2429 5261 2559 5316; x_wconf 90' lang='lat' dir='ltr'><strong>pace</strong></span> <span class='ocrx_word' id='word_1_832' title='bbox 2605 5255 2660 5300; x_wconf 91' lang='lat' dir='ltr'><strong>et</strong></span> <span class='ocrx_word' id='word_1_833' title='bbox 2701 5244 2911 5315; x_wconf 88' lang='lat' dir='ltr'><strong>justitia</strong></span> <span class='ocrx_word' id='word_1_834' title='bbox 2956 5243 3342 5313; x_wconf 83' lang='lat' dir='ltr'><strong>praecellentes.</strong></span> <span class='ocrx_word' id='word_1_835' title='bbox 3387 5239 3580 5294; x_wconf 87' lang='lat' dir='ltr'><strong>Pacem</strong></span> 
     </span>
    </p>
   </div>
   <div class='ocr_carea' id='block_1_114' title="bbox 2017 5335 3578 5407">
    <p class='ocr_par' dir='ltr' id='par_1_114' title="bbox 2017 5335 3578 5407">
     <span class='ocr_line' id='line_1_115' title="bbox 2017 5335 3578 5407; baseline -0.008 -12"><span class='ocrx_word' id='word_1_836' title='bbox 2017 5341 2162 5396; x_wconf 91' lang='lat' dir='ltr'><strong>enim</strong></span> <span class='ocrx_word' id='word_1_837' title='bbox 2211 5339 2415 5394; x_wconf 90' lang='lat' dir='ltr'><strong>habent</strong></span> <span class='ocrx_word' id='word_1_838' title='bbox 2446 5337 2587 5407; x_wconf 88' lang='lat' dir='ltr'><strong>apud</strong></span> <span class='ocrx_word' id='word_1_839' title='bbox 2633 5335 2838 5401; x_wconf 88' lang='lat' dir='ltr'><strong>Deum,</strong></span> <span class='ocrx_word' id='word_1_840' title='bbox 2885 5335 2975 5404; x_wconf 92' lang='lat' dir='ltr'><strong>qui</strong></span> <span class='ocrx_word' id='word_1_841' title='bbox 3025 5335 3248 5390; x_wconf 90' lang='lat' dir='ltr'><strong>student</strong></span> <span class='ocrx_word' id='word_1_842' title='bbox 3291 5346 3352 5386; x_wconf 89' lang='lat' dir='ltr'><strong>ea</strong></span> <span class='ocrx_word' id='word_1_843' title='bbox 3393 5344 3578 5400; x_wconf 86' lang='lat' dir='ltr'><strong>sapere</strong></span> 
     </span>
    </p>
   </div>
   <div class='ocr_carea' id='block_1_115' title="bbox 2017 5412 3600 5504">
    <p class='ocr_par' dir='ltr' id='par_1_115' title="bbox 2017 5412 3600 5504">
     <span class='ocr_line' id='line_1_116' title="bbox 2017 5412 3600 5504; baseline -0.005 -16"><span class='ocrx_word' id='word_1_844' title='bbox 2017 5448 2134 5504; x_wconf 74' lang='lat' dir='ltr'><strong>qua:</strong></span> <span class='ocrx_word' id='word_1_845' title='bbox 2167 5433 2239 5488; x_wconf 91' lang='lat' dir='ltr'><strong>illi</strong></span> <span class='ocrx_word' id='word_1_846' title='bbox 2267 5433 2501 5503; x_wconf 88' lang='lat' dir='ltr'><strong>placent,</strong></span> <span class='ocrx_word' id='word_1_847' title='bbox 2535 5441 2588 5486; x_wconf 87' lang='lat' dir='ltr'><strong>et</strong></span> <span class='ocrx_word' id='word_1_848' title='bbox 2622 5431 2714 5500; x_wconf 90' lang='lat' dir='ltr'><strong>qui</strong></span> <span class='ocrx_word' id='word_1_849' title='bbox 2757 5428 2988 5500; x_wconf 66' lang='lat' dir='ltr'><strong>justitiaa</strong></span> <span class='ocrx_word' id='word_1_850' title='bbox 3035 5427 3370 5485; x_wconf 86' lang='lat' dir='ltr'><strong>ornamentis</strong></span> <span class='ocrx_word' id='word_1_851' title='bbox 3418 5412 3600 5480; x_wconf 48' lang='lat' dir='ltr'><strong>coro?</strong></span> 
     </span>
    </p>
   </div>
   <div class='ocr_carea' id='block_1_116' title="bbox 2018 5516 3574 5594">
    <p class='ocr_par' dir='ltr' id='par_1_116' title="bbox 2018 5516 3574 5594">
     <span class='ocr_line' id='line_1_117' title="bbox 2018 5516 3574 5594; baseline -0.008 -13"><span class='ocrx_word' id='word_1_852' title='bbox 2018 5527 2129 5581; x_wconf 88' lang='lat' dir='ltr'><strong>nati</strong></span> <span class='ocrx_word' id='word_1_853' title='bbox 2160 5532 2307 5582; x_wconf 86' lang='lat' dir='ltr'><strong>sunt.</strong></span> <span class='ocrx_word' id='word_1_854' title='bbox 2353 5523 2482 5579; x_wconf 89' lang='lat' dir='ltr'><strong>Tale</strong></span> <span class='ocrx_word' id='word_1_855' title='bbox 2519 5523 2648 5594; x_wconf 90' lang='lat' dir='ltr'><strong>quid</strong></span> <span class='ocrx_word' id='word_1_856' title='bbox 2697 5521 2823 5577; x_wconf 87' lang='lat' dir='ltr'><strong>alibi</strong></span> <span class='ocrx_word' id='word_1_857' title='bbox 2866 5535 3084 5592; x_wconf 92' lang='lat' dir='ltr'><strong>quoque</strong></span> <span class='ocrx_word' id='word_1_858' title='bbox 3129 5519 3264 5576; x_wconf 82' lang='lat' dir='ltr'><strong>dixit</strong></span> <span class='ocrx_word' id='word_1_859' title='bbox 3314 5516 3574 5587; x_wconf 78' lang='lat' dir='ltr'><strong>propheta</strong></span> 
     </span>
    </p>
   </div>
   <div class='ocr_carea' id='block_1_117' title="bbox 2016 5605 3575 5684">
    <p class='ocr_par' dir='ltr' id='par_1_117' title="bbox 2016 5605 3575 5684">
     <span class='ocr_line' id='line_1_118' title="bbox 2016 5605 3575 5684; baseline -0.006 -15"><span class='ocrx_word' id='word_1_860' title='bbox 2016 5615 2200 5683; x_wconf 84' lang='lat' dir='ltr'><strong>Isaias,</strong></span> <span class='ocrx_word' id='word_1_861' title='bbox 2233 5615 2342 5671; x_wconf 90' lang='lat' dir='ltr'><strong>imo</strong></span> <span class='ocrx_word' id='word_1_862' title='bbox 2391 5628 2485 5683; x_wconf 87' lang='lat' dir='ltr'><strong>per</strong></span> <span class='ocrx_word' id='word_1_863' title='bbox 2527 5612 2842 5684; x_wconf 85' lang='lat' dir='ltr'><strong>prophetam</strong></span> <span class='ocrx_word' id='word_1_864' title='bbox 2888 5612 3048 5677; x_wconf 87' lang='lat' dir='ltr'><strong>Deus,</strong></span> <span class='ocrx_word' id='word_1_865' title='bbox 3086 5609 3153 5664; x_wconf 86' lang='lat' dir='ltr'><strong>ad</strong></span> <span class='ocrx_word' id='word_1_866' title='bbox 3203 5615 3432 5664; x_wconf 85' lang='lat' dir='ltr'><strong>matrem</strong></span> <span class='ocrx_word' id='word_1_867' title='bbox 3479 5605 3575 5662; x_wconf 83' lang='lat' dir='ltr'><strong>Ju-</strong></span> 
     </span>
    </p>
   </div>
   <div class='ocr_carea' id='block_1_118' title="bbox 1596 5786 2022 5848">
    <p class='ocr_par' dir='ltr' id='par_1_118' title="bbox 1596 5786 2022 5848">
     <span class='ocr_line' id='line_1_119' title="bbox 1596 5786 2022 5848; baseline 0 -4"><span class='ocrx_word' id='word_1_868' title='bbox 1596 5788 1686 5844; x_wconf 83' lang='lat' dir='ltr'><strong>&quot;l</strong></span> <span class='ocrx_word' id='word_1_869' title='bbox 1729 5786 1865 5844; x_wconf 85' lang='lat' dir='ltr'><strong>Tim.</strong></span> <span class='ocrx_word' id='word_1_870' title='bbox 1905 5805 1944 5848; x_wconf 92' lang='lat' dir='ltr'><strong>t.</strong></span> <span class='ocrx_word' id='word_1_871' title='bbox 1972 5790 2022 5844; x_wconf 67' lang='grc'>4.</span> 
     </span>
    </p>
   </div>
  </div>
