4148 6514
608 395 769 463 Διδιδ

1611 391 1667 448 8.
1710 389 1987 448 ςγιιιιιι
2023 386 2495 444 ΑιΕΧΑΝοιιιΝι
2539 386 2854 442 ARCIIIEP.
2903 384 2915 393 ’

3634 392 3881 453 ⁴1544

627 509 900 569 deorum,
942 504 1065 561 dico
1108 501 1405 558 Jerusalem
1441 521 1455 557 :
1495 521 1512 554 ι
1554 503 1622 558 Ει
1665 502 1914 558 inducam
1968 517 2185 556 manum

2297 499 2440 570 αὑτῷ
2479 499 2736 552 δοκοῦντα
2782 500 2996 569 φρονεῖν
3031 500 3440 564 σπουδάζοντες,
3478 503 3569 557 καὶ
3610 507 3726 568 τοίς
3778 509 3881 576 τῆς

626 609 802 649 meam
848 608 1011 663 super
1051 603 1124 659 te,
1168 601 1223 649 et
1264 607 1564 661 excoqnam
1595 595 1662 648 ad
1689 608 1912 663 purum;
1946 591 2191 647 inﬁdeles

625 695 808 739 autem
834 685 1077 753 perdam,
1102 682 1409 737 etauferam
1428 683 1591 753 853
1613 699 1800 739 omnes
1822 685 2035 753 iniquos
2066 687 2189 749 a'te,

624 786 679 830 et
700 790 888 830 omnes
926 775 1188 844 superbos
1218 773 1517 844 deprimam
1539 816 1552 839 ,
1588 784 1641 830 et
1668 775 1958 845 praeficiam
1980 773 2192 843 judices

627 876 746 920 tuos
778 873 835 919 ut
863 866 1035 934 prius,
1074 876 1131 920 et
1162 866 1503 921 consiliarios
1533 876 1650 922 tuos
1692 875 1749 920 ut
1790 867 1857 921 ab
1903 866 2077 920 initio.
2124 864 2193 920 Et

621 957 875 1025 deinceps
904 956 1182 1011 vocaberis
1208 957 1660 1027 civitasjustitiac,
1680 957 1993 1025 metr0polis
2020 956 2194 1011 fidelis

623 1036 751 1100 Sion
787 1046 855 1099 ιδ.
897 1067 916 1100 ι
960 1049 1099 1113 Quin
1150 1058 1203 1103 et
1237 1047 1500 1104 Servator
1550 1048 1667 1117 ipse
1708 1048 2052 1116 reprehendit
2098 1046 2192 1101 Ju-

621 1138 861 1192 daeorum
906 1138 1227 1207 praefectos,
1280 1139 1509 1194 dicens:
1550 1158 1567 1190 ι
1614 1139 1822 1200 Amen.
1865 1154 2020 1192 amen
2070 1137 2191 1192 dico

623 1228 796 1291 vobis,
831 1231 1048 1285 tolletur
1084 1248 1113 1284 a
1152 1230 1309 1285 vobis
1338 1246 1558 1300 regnum
1588 1230 1869 1294 caelorum,
1895 1239 1949 1285 et
1976 1230 2191 1285 dabitur

622 1320 764 1387 genti
802 1320 956 1375 alteri
997 1320 1190 1377 ferenti
1230 1322 1437 1375 fructus
1467 1321 1583 1388 ejus
1612 1322 1673 1373 ι’.
1708 1341 1726 1372 ι

622 1411 868 1483 κληθήσῃ
948 1413 1102 1476 πόλις
1172 1413 1535 1483 δικαιοσύνης,

2287 590 2628 660 δικαιοσύνης
2655 590 2935 660 αὐχήμασι
2970 592 3409 661 στεφανούμενοι.
3448 594 3591 663 Ἔφη
3614 611 3666 647 τι
3693 595 3881 648 τοιοῦο

2287 700 2378 737 τον
2408 682 2633 754 ἑτέρωθί
2660 700 2762 735 που
2802 682 2961 735 πάλιν
2996 685 3024 735 6
3052 682 3340 753 προφήτης
3384 682 3630 749 Ἡσαΐας,
3667 685 3881 755 μᾶλλον

2289 774 2458 829 δὲδιά
2485 772 2578 827 τοῦ
2613 773 2892 844 προφήτου
2937 771 3067 835 Θεὸς
3119 774 3256 844 πρὸς
3303 773 3402 844 τὴν
3443 774 3553 828 τῶν
3601 776 3882 829 Ἰουδαίων

2293 865 2527 936 μητέρα,
2559 882 2631 935 φη
2643 866 2702 934 μὶ
2722 864 2786 935 δὴ
2812 864 2910 934 τὴν
2959 864 3336 935 Ἰερουσαλήμ⁸
3374 884 3392 917 ι
3420 866 3527 918 Kal.
3555 867 3748 930 ἐπάξω
3781 868 3883 937 τὴν

2292 958 2450 1030 χεῖρά
2477 974 2578 1026 μου
2609 958 2700 1010 ἐπὶ
2732 958 2811 1021 σὲ,
2845 958 2939 1011 καὶ
2967 960 3207 1028 πυρώσω
3236 960 3316 1021 είς
3349 959 3607 1031 καθαρὸν,
3648 962 3783 1023 τοὺς
3822 961 3881 1013 δὲ

2292 1048 2648 1112 ἀπειθοῦντας
2686 1047 2957 1112 ἀπολέσω,
3008 1049 3102 1102 καὶ
3151 1051 3336 1119 ἀφελῶ
3382 1053 3588 1116 πάντας
3636 1053 3881 1121 ἀνόμους

2290 1140 2399 1194 ἀπὸ
2444 1140 2558 1203 σοῦ,
2595 1140 2689 1193 καὶ
2737 1141 2943 1204 πάντας
2998 1140 3383 1212 ὑπερηφάνους
3420 1144 3747 1197 ταπεινώσω
3786 1141 3882 1195 καὶ

2288 1232 2567 1302 ἐπιστήσω
2614 1234 2739 1296 τοὺς
2769 1234 2961 1305 κριτάς
3007 1250 3103 1286 σου
3134 1233 3209 1297 ὡς
3239 1233 3298 1286 τὸ
3329 1235 3591 1305 πρότερον
3622 1236 3718 1288 καὶ
3752 1235 3882 1295 τοὺς

2290 1322 2623 1393 συμϐούλους
2660 1339 2750 1377 σου
2784 1324 2861 1387 ὡς
2903 1324 2964 1377 τὸ
3001 1324 3096 1377 ἀπ’
3140 1324 3334 1394 ἀρχῆς,
3374 1326 3467 1378 καὶ
3514 1324 3651 1394 μετά
3698 1323 3881 1378 ταῦτα

1620 1413 1946 1485 μητρόπολις
2004 1414 2167 1484 πιστὴ
2244 1413 2404 1468 Σιών.
2453 1433 2472 1467 ι
2522 1415 2631 1468 Ναὶ
2678 1414 2783 1486 μὴν
2828 1414 2922 1469 καὶ¹
2955 1414 3119 1478 αὑτὸς
3156 1418 3185 1468 6
3221 1414 3411 1485 Σωτὴρ
3456 1418 3565 1479 τοῖς
3609 1415 3881 1469 Ἰουδαίων

622 1498 960 1569 καθηγηταῖς
1011 1500 1244 1571 ἐπετίμα
1293 1501 1484 1569 λέγων.
1554 1520 1571 1553 ι
1607 1502 1797 1573 Ἀμὴν,
1861 1503 2008 1572 ἀμὴν
2055 1503 2196 1571 λέγω
2270 1504 2419 1574 ὑμῖν,
2460 1504 2760 1576 ἀρθήσεται
2820 1506 2916 1575 ἀφ’
2942 1505 3099 1575 ὑμῶν
3126 1507 3161 1577 ἡ
3198 1504 3443 1575 βασιλεία
3470 1505 3579 1559 τῶν
3609 1507 3877 1577 οὐρανῶν,

622 1595 714 1647 καὶ
752 1593 1035 1665 δοθήσεται
1074 1592 1216 1647 ἔθνει
1258 1594 1448 1664 ἑτέρῳ,
1512 1593 1750 1647 ποιοῦντι
1785 1596 1909 1659 τοὺς
1942 1597 2189 1667 καρποὺς
2228 1597 2417 1666 αὑτῆς.
2440 1614 2459 1648 ι

1190 1731 1428 1789 TOMUS
1490 1731 1552 1789 V.

692 1843 856 1899 Vens.
892 1844 977 1899 18.
1042 1844 1106 1898 Ει
1164 1862 1267 1900 non
1335 1847 1581 1899 audietur
1631 1847 1774 1899 ultra
1820 1847 2082 1915 iniustitia
2138 1848 2194 1902 in

617 1946 761 1989 terra
807 1947 923 2001 tua,
974 1952 1134 2007 neque
1183 1938 1454 2002 contritio,
1505 1954 1667 2006 neque
1713 1939 1925 1992 miseria
1980 1940 2036 1993 iu
2080 1940 2197 2010 ﬁni-

622 2026 716 2080 bus
757 2028 899 2092 tuis;
932 2028 1022 2081 sed
1051 2028 1374 2082 vocabuntur
1422 2028 1565 2084 salus
1620 2032 1759 2083 muri
1802 2030 1899 2096 tui,
1929 2040 1975 2084 et
2028 2040 2196 2100 portw

621 2128 725 2173 tua:
761 2121 1051 2188 sculptura.

695 2228 939 2298 Magnam
985 2231 1147 2288 habet
1219 2230 1655 2300 probabilitatem
1703 2232 1901 2290 oratio.
1932 2231 1989 2288 Si
2047 2232 2193 2287 enim

610 2321 895 2393 principes
928 2320 1044 2389 ejus
1076 2321 1126 2374 in
1181 2336 1315 2390 pace
1374 2332 1427 2376 et
1467 2322 1703 2392 episc0pi
1744 2322 1990 2378 laudibus
2029 2323 2196 2395 justi-

625 2411 713 2465 tim
759 2410 1061 2477 excellant,
1129 2413 1330 2467 valebit
1404 2414 1567 2467 etiam
1634 2428 1848 2484 semper
1907 2416 2011 2468 hoc
2058 2415 2197 2481 apud

622 2503 887 2571 subditos,
921 2514 978 2557 ut
1008 2505 1060 2558 iu
1091 2505 1239 2559 omni
1283 2504 1492 2573 iustitia
1517 2514 1572 2558 et
1632 2508 1830 2577 pietate
1890 2506 2197 2562 Christiana

622 2593 789 2646 vitam
828 2595 1196 2650 transmittere
1225 2595 1571 2651 contendant.
1622 2616 1640 2649 ι
1685 2595 1800 2651 Νοιι
1827 2598 1950 2662 erit,
2004 2598 2196 2667 inquit,

622 2684 889 2738 contritio
945 2684 995 2739 in
1053 2685 1249 2742 llnibus
1302 2688 1429 2742 tuis.
1454 2707 1472 2740 ι
1501 2687 1894 2743 Cnntritionem
1930 2689 2018 2744 bic
2045 2698 2200 2746 vocat

620 2775 730 2829 vim
772 2786 961 2831 contra
1017 2778 1315 2833 submissos
1369 2788 1423 2832 et
1449 2778 1714 2833 inﬁrmos.
1739 2778 2015 2847 Ejusmodi
2052 2781 2194 2835 enim

624 2867 872 2923 homines
926 2867 1082 2921 facile
1115 2878 1301 2937 patent
1350 2869 1776 2937 incursionibus,
1839 2878 1891 2925 et
1950 2879 2200 2941 prostant

626 2958 861 3027 diripere
889 2958 1218 3025 volentibus,
1250 2968 1501 3030 tanquam
1533 2962 1738 3029 praeda,
1771 2962 2190 3030 promptissime.

625 3047 812 3118 lnjusti
857 3058 1036 3104 autem
1111 3050 1237 3104 olim
1269 3060 1325 3106 et
1362 3029 1614 3105 iviolenti
1658 3050 1873 3105 fuerunt
1930 3029 2177 3107 lludaiczr
2222 3029 2268 3089 (ἶ

626 3138 922 3211 Synagoga:
965 3141 1128 3197 duces
1166 3158 1180 3196 :
1237 3157 1300 3196 ac
1330 3141 1539 3212 legibus
1597 3142 1795 3196 divinis
1842 3142 2192 3207 obuitentes,

625 3245 882 3300 perversa
914 3230 1158 3285 ferebant
1202 3233 1254 3286 in
1286 3246 1345 3286 re
1402 3246 1615 3301 quaque
1647 3231 1868 3301 judicia.
1896 3229 2050 3303 Saepe
2098 3232 2199 3302 igi-

628 3332 716 3374 tur
763 3334 857 3375 eos
902 3318 1125 3375 Littera:
1178 3336 1346 3375 sacra:
1402 3321 1671 3386 incusant,
1723 3331 1781 3374 ut
1826 3322 1915 3390 qui
1984 3337 2197 3376 summa

629 3412 906 3483 impietate
952 3414 1018 3466 ad
1069 3413 1212 3467 hunc
1288 3411 1516 3480 lapidem
1582 3414 1976 3482 itnpingerent,
2014 3416 2084 3467 ita
2142 3422 2199 3468 ut

628 3501 986 3557 intolerandis
1042 3502 1361 3565 criminibus
1432 3506 1874 3572 conspicerentur
1931 3504 2195 3573 impediti.

625 3591 837 3645 Alicubi
877 3593 1021 3647 enim
1077 3594 1243 3649 dicit:
1293 3592 1537 3649 Prtefecti
1594 3594 1713 3659 ejus
1760 3596 1830 3649 ob
1877 3596 2017 3650 dona
2043 3594 2195 3663 judi-

627 3684 846 3747 cabant,
877 3692 932 3736 et
964 3684 1238 3753 prophetae
1268 3684 1383 3753 ejus
1415 3694 1634 3756 pr0pter
1685 3696 1965 3755 argentum
2004 3686 2200 3741 vatici-

629 3773 897 3827 nabantur
927 3773 994 3827 ¹⁰.
1024 3772 1215 3829 Psallit
1274 3775 1435 3829 etiam
1488 3776 1703 3830 divinus
1764 3775 1961 3831 David:
2010 3793 2028 3827 ι
2060 3776 2200 3831 Con-

631 3865 779 3918 tritio
828 3873 883 3918 et
922 3865 1140 3921 miseria
1177 3866 1227 3920 iu
1260 3865 1364 3921 viis
1403 3880 1614 3933 eorum,
1654 3877 1709 3921 et
1740 3867 1879 3921 viam
1916 3868 2065 3938 pacis
2091 3884 2197 3922 non

626 3967 1019 4025 cognoverunt,
1089 3972 1193 4012 non
1252 3968 1334 4013 est
1395 3958 1556 4013 timor
1614 3958 1703 4012 Dei
1741 3966 1867 4013 ante
1894 3960 2080 4015 oculos
2106 3975 2200 4015 eo-

627 4062 747 4101 rum
778 4048 843 4101 “.
871 4066 889 4099 ι
925 4047 1377 4117 Reprehendebat
1428 4058 1482 4102 et
1520 4064 1611 4103 eos
1673 4048 1763 4118 qui
1812 4050 2201 4121 jejunaverunt

629 4140 1004 4193 universorum
1064 4140 1223 4205 Deus,
1273 4140 1353 4193 sic
1403 4139 1625 4194 dicens:
1664 4157 1683 4191 ι
1716 4141 1771 4193 In
1829 4141 2016 4195 diebus
2055 4141 2198 4195 enim

621 4224 951 4297 jejuniorum
970 4237 1300 4291 vestrorum,
1331 4228 1585 4281 invenitis
1614 4227 1919 4283 voluntates
1966 4241 2194 4296 vestras,

628 4325 685 4369 et
727 4330 916 4370 omnes
991 4316 1235 4371 subditos
1285 4314 1519 4387 alﬂigitis
1593 4316 1800 4385 judicio
1853 4330 1906 4375 et
1971 4321 2193 4391 pugnis,

2229 4359 2277 4417 D

2903 1736 3046 1788 ΤΟΜ
3054 1735 3137 1787 ΟΣ
3188 1735 3263 1788 E'.

2364 1847 2474 1902 Kal
2504 1847 2613 1900 οὐκ
2632 1845 3079 1912 ἀκουσθήσεται
3101 1847 3188 1900 ἐτι
3208 1844 3407 1899 ἀδικία
3439 1847 3506 1899 ἐν
3536 1845 3608 1913 τῇ
3634 1845 3711 1915 τῇ
3735 1863 3876 1911 σου,

2295 1937 2437 1995 οὐδὲ
2465 1939 2825 2007 σύντριμμα,
2863 1936 2962 1990 καὶ
3014 1936 3381 2005 ταλαιπωρία
3422 1937 3492 1989 ἐν
3528 1936 3655 2002 τοῖς
3697 1938 3879 2004 ὁρίοις

2294 2045 2432 2092 σου,
2472 2028 2635 2082 ἀλλὰ
2672 2027 3037 2095 κληθήσεται
3084 2025 3381 2096 σωτήριον
3413 2026 3485 2080 τὰ
3521 2028 3696 2095 τείχη
3741 2045 3876 2092 σον,

2296 2120 2396 2174 καὶ
2430 2124 2494 2173 αι
2526 2121 2713 2173 πύλαι
2748 2134 2866 2173 σου
2899 2118 3163 2189 γλύμμα.

2367 2234 2478 2287 Καὶ
2517 2231 2649 2285 πολύ
2688 2248 2752 2300 γε
2782 2230 2841 2285 τὸ
2871 2230 3017 2294 εἰκὸς
3046 2232 3075 2284 6
3102 2230 3259 2299 λόγος
3291 2228 3424 2300 ἔχει.
3469 2228 3534 2283 El
3573 2228 3684 2299 γὰρ
3709 2230 3761 2281 οἱ
3784 2230 3880 2298 ἁρ-

2298 2339 2477 2394 χοντες
2512 2322 2681 2393 αὐτῆς
2710 2322 2767 2375 ὲν
2800 2321 3015 2391 εἰρήνῃ,
3049 2320 3143 2373 καὶ
3193 2320 3587 2391 διαπρέποντες
3627 2321 3689 2371 ἐν
3717 2319 3881 2388 αὐχή-

2301 2432 2433 2486 μασι
2476 2413 2820 2484 δικαιοσύνης
2865 2414 2914 2465 οἱ
2962 2413 3274 2477 ἐπίσκοποι,
3304 2413 3591 2483 ⁸κρατήσει
3643 2412 3878 2475 πάντως,

2299 2521 2423 2566 που,
2456 2505 2551 2557 καὶ
2601 2503 2753 2572 παρά
2794 2504 2907 2564 τοῖς
2942 2501 3371 2570 ὑπεζευγμένοις
3394 2501 3457 2554 τὸ
3495 2503 3557 2554 ἐν
3584 2502 3777 2571 ἁπάσῃ
3808 2500 3883 2553 δι-

2298 2594 2578 2665 καιοσύνῃ,
2617 2593 2709 2646 καὶ
2742 2592 2995 2663 εὐσεϐείᾳ
3034 2596 3100 2663 τῇ
3132 2593 3274 2646 κατά
3302 2592 3534 2663 Χριστὸν
3568 2592 3881 2660 ἐπείγεσθαι

2297 2685 2557 2740 διαϐιοῦν.
2580 2704 2596 2735 ι
2620 2686 2733 2741 Οὐκ
2755 2684 2870 2738 ἐστι
2894 2685 2969 2750 δέ,
2995 2686 3179 2755 φησὶν,
3210 2684 3331 2739 οὐδὲ
3352 2684 3671 2755 σύντριμμα
3692 2686 3750 2738 ἐν
3774 2688 3882 2748 τοῖς

2298 2777 2466 2849 ὁρίοις
2501 2793 2613 2830 σου.
2646 2796 2664 2828 ι
2701 2774 3020 2848 Σύντριμμα
3040 2776 3099 2830 δέ
3128 2793 3261 2846 φησι
3300 2775 3398 2847 τὴν
3420 2776 3758 2843 πλεονεξίαν,
3787 2776 3882 2846 τὴν

2300 2868 2443 2922 κατά
2467 2885 2532 2936 γε
2562 2867 2669 2921 τῶν
2699 2868 2755 2919 ἐν
2787 2867 2996 2935 ὑφέσει,
3025 2868 3118 2921 καὶ
3156 2866 3433 2937 ἀσθενείᾳ.
3475 2866 3748 2937 Εὑδρομοι
3778 2866 3883 2934 γὰρ

2299 2963 2349 3014 οί
2377 2960 2592 3023 τοιοίδε,
2635 2961 2728 3012 καὶ
2758 2960 2870 3021 τοῖς
2899 2957 3222 3029 διαρπάζειν
3245 2958 3524 3011 ἐθέλουσιν
3552 2958 3878 3026 ἐτοιμοτάτη

2302 3049 2621 3121 πρόκεινται
2651 3046 2813 3117 θήρα.
2846 3045 3055 3100 Ἀδικοι
3078 3045 3135 3098 δὲ
3159 3044 3254 3097 καὶ
3279 3043 3599 3098 πλεονέκται
3628 3043 3881 3111 γεγόνασι

2300 3140 2443 3195 κατά
2471 3140 2698 3209 καιροὺς
2740 3137 2791 3190 οι
2823 3139 2921 3208 τῆς
2967 3135 3234 3189 Ἰουδαίων
3281 3135 3616 3205 Συναγωγῆς
3644 3133 3881 3204 ἡγούμε-

2300 3249 2401 3295 νοι,
2440 3234 2534 3283 καὶ
2564 3232 2678 3291 τοῖς
2708 3226 2873 3289 θείοις
2906 3226 3092 3297 νόμοις
3134 3226 3605 3295 ἀντανιστάμενοι,
3631 3224 3878 3291 διαστρό-

2301 3340 2433 3391 φους
2479 3319 2760 3373 ἐποιοῦντο
2801 3318 2899 3381 τὰς
2945 3318 3032 3385 ἐφ’
3064 3317 3280 3386 ἑκάστῳ
3324 3317 3614 3386 πράγματι
3655 3314 3877 3386 κρίσεις.

2300 3415 2550 3468 Αἰτιᾶται
2566 3410 2698 3480 γοῦν
2722 3410 2917 3473 αὐτοὺς
2936 3405 3260 3475 πλεισταχοῦ
3285 3407 3345 3459 τὸ
3368 3406 3608 3476 Γράμμα
3630 3406 3691 3457 τὸ
3724 3405 3878 3474 ἱερὸν,

2300 3508 2375 3570 ὼς
2410 3504 2757 3571 ἀνοσιότητος
2786 3503 2865 3564 είς
2900 3499 3059 3553 τοῦτο
3102 3498 3455 3560 διελάσαντας
3492 3498 3712 3568 μέτρον,
3742 3496 3875 3549 ὥστε

2302 3598 2396 3651 καὶ
2445 3596 2740 3666 ἀφορήτοις
2778 3591 3114 3665 ἐγκλήμασιν
3155 3589 3370 3658 ἐνόχους
3415 3587 3576 3651 ὄντας
3623 3587 3879 3657 όρᾶσθαι’

2302 3686 2431 3739 ποτὲ
2472 3685 2572 3757 μὲν
2626 3684 2734 3753 γάρ
2765 3698 2950 3752 φησιν,
2983 3681 3064 3733 ὅτι
3096 3681 3146 3733 οἱ
3196 3679 3489 3752 ήγούμενοι
3538 3678 3713 3750 αὑτῆς
3755 3678 3883 3747 μετά

2299 3773 2487 3845 δώρων
2517 3773 2759 3843 ἔκριναν,
2796 3770 2889 3823 καὶ
2932 3770 2981 3822 οἱ
3017 3768 3293 3839 προφῆται
3332 3768 3501 3838 αὑτῆς
3535 3767 3675 3837 μετά
3710 3768 3876 3836 ἀργυο

2304 3868 2422 3937 ρίου
2449 3863 2829 3935 ἐμαντεύοντο.
2857 3861 3070 3915 Ψάλλει
3095 3860 3152 3913 δὲ
3174 3860 3268 3913 καὶ
3291 3859 3319 3910 6
3362 3858 3673 3920 θεσπέσιος,
3705 3875 3723 3909 ι
3758 3856 3881 3909 Σύν-

2299 3973 2516 4028 τριμμα
2574 3955 2669 4008 καὶ
2708 3952 3052 4023 ταλαιπωρία
3103 3952 3161 4003 ἐν
3218 3952 3338 4012 ταῖς
3369 3948 3508 4011 ὁδοῖς
3545 3946 3751 4011 αὑτῶν,
3796 3947 3883 4000 καὶ

2300 4049 2418 4103 ὁδὸν
2446 4048 2669 4119 εἰρήνης
2694 4046 2795 4099 οὑκ
2819 4043 3189 4113 ἐγνωσαν,οὑκ
3210 4042 3326 4095 ἐστι
3348 4039 3511 4109 φόϐος
3538 4038 3679 4092 Θεοῦ
3719 4038 3880 4091 ἀπέν-

2298 4156 2422 4191 αντι
2454 4136 2562 4189 τῶν
2596 4135 2892 4205 ὀφθαλμῶν
2948 4130 3149 4185 αὑτῶν.
3187 4150 3205 4182 ι
3254 4129 3523 4198 Ἐπετίμα
3543 4128 3602 4180 δὲ
3627 4129 3721 4180 καὶ
3744 4144 3885 4195 νενη-

2303 4227 2585 4283 στευκόσιν
2607 4229 2635 4280 6
2670 4226 2778 4278 τῶν
2809 4225 2946 4277 ὅλων
2972 4222 3125 4286 Θεὸς,
3158 4220 3301 4276 οὕτω
3344 4220 3548 4288 λέγων*
3592 4239 3611 4271 ι
3668 4220 3757 4273 Ἐν
3783 4220 3885 4287 γὰρ

2301 4323 2421 4382 ταῖς
2452 4318 2688 4389 ήμέραις
2718 4315 2825 4368 τῶν
2862 4313 3126 4385 νηστειῶν
3157 4312 3334 4383 ὑμῶν,
3376 4312 3659 4383 εὑρίσκετε
3698 4310 3768 4363 τὰ
3803 4310 3883 4362 θε-

623 4406 885 4476 jejunatis
909 4416 963 4461 et
998 4406 1170 4481 854
1224 4409 1507 4478 percutitis
1554 4411 1744 4480 pugnis
1785 4412 2045 4467 humilem
2071 4414 2137 4466 ²¹.
2173 4432 2194 4467 ι

2300 4410 2521 4480 λήματα
2559 4407 2734 4477 ὑμῶν,
2765 4405 2859 4459 καὶ
2895 4404 3104 4469 πάντας
3130 4404 3255 4467 τοὺς
3286 4402 3634 4473 ὑποχειρίους
3658 4399 3885 4454 ὑπονύσο

627 4497 896 4555 Przeterea
943 4514 1073 4555 voce
1128 4499 1277 4555 Isaia:
1308 4517 1321 4553 :
1355 4520 1374 4552 ι
1408 4500 1841 4570 Concupiverunt
1913 4520 2094 4576 agros,
2147 4515 2198 4562 et

2301 4518 2422 4555 σετε
2450 4502 2529 4563 είς
2556 4499 2787 4570 κρίσεις,
2818 4496 2911 4550 καὶ
2941 4496 3140 4567 μάχας,
3168 4495 3482 4566 νηστεύετε,
3533 4496 3631 4548 καὶ
3658 4494 3884 4548 τύπτετε

628 4591 968 4658 diripuerunt
1021 4590 1323 4661 orphanos,
1360 4602 1418 4647 et
1469 4592 1656 4647 domos
1722 4607 2077 4663 occuparunt,
2148 4607 2198 4652 et

2300 4594 2547 4662 πυγμαῖς
2591 4588 2872 4644 ταπεινόν·
2910 4605 2929 4638 ι
2965 4587 3061 4639 καὶ
3113 4585 3337 4657 προσέτι
3384 4586 3597 4649 τούτοις
3656 4585 3749 4638 διὰ
3791 4584 3884 4652 τῆς

625 4681 968 4751 diripuerunt
1016 4680 1188 4739 virum
1226 4682 1540 4737 et'domum
1588 4683 1725 4753 ejus,
1753 4686 1927 4740 virum
1985 4698 2036 4741 et
2096 4689 2198 4742 ba:-

2315 4685 2535 4739 Ἠσαῒου
2571 4681 2753 4751 φωνῆς
2773 4697 2786 4711 ·
2826 4698 2845 4731 ‹
2881 4678 2992 4731 Καὶ
3018 4676 3330 4747 ἐπεθύμουν
3360 4677 3587 4745 ἀγροὺς,
3623 4677 3717 4729 καὶ
3744 4675 3887 4744 διήρο

629 4772 912 4827 reditatem
967 4772 1085 4843 ejus
1109 4773 1154 4803 ”
1185 4811 1200 4827 .
1227 4789 1248 4825 ι
1285 4773 1572 4844 Postquam
1606 4787 1731 4829 vero
1755 4776 1807 4830 hi
1856 4791 1976 4832 esse
2030 4779 2198 4833 desie-

2306 4776 2477 4840 παζον
2523 4774 2813 4845 ὀρφανοὺς,
2865 4772 2962 4823 καὶ
3015 4768 3200 4830 οἴκους
3253 4768 3751 4829 κατεδυνάστευον,
3800 4767 3887 4819 καὶ

630 4871 777 4929 runt,
808 4872 864 4918 et
894 4879 1081 4920 eorum
1123 4865 1242 4919 loco
1291 4866 1557 4921 excitatus
1585 4877 1670 4922 est
1718 4877 2023 4923 sanctorum
2072 4883 2198 4938 apo-

2310 4865 2608 4938 διήρπαζον
2646 4863 2812 4933 ἄνδρα
2852 4862 2946 4914 καὶ
2975 4859 3065 4914 τὸν
3087 4854 3235 4912 οἷκον
3266 4856 3454 4921 αὑτοῦ,
3479 4856 3653 4926 ἄνδρα
3674 4858 3773 4909 καὶ
3794 4856 3887 4924 τὴν

630 4954 888 5009 stolorum
942 4957 1141 5011 chorus
1169 4975 1183 5024 ;
1215 4967 1269 5012 et
1300 4958 1389 5027 qui
1422 4969 1557 5027 post
1582 4959 1705 5016 illos
1734 4975 1920 5014 eorum
1971 4961 2198 5030 vestigia

2310 4956 2674 5030 κληρονομίαν
2702 4954 2884 5009 αὑτοῦ.
2922 4972 2940 5004 ι
2985 4952 3202 5024 Ἐπειδὴ
3229 4952 3504 5006 πέπαυται
3530 4951 3629 5021 μὲν
3653 4950 3725 5003 τά
3755 4949 3886 5002 ἐκεί-

635 5043 792 5109 sequi
824 5046 1125 5107 studentes,
1161 5054 1307 5099 ret-te
1332 5055 1521 5101 secant
1552 5048 1792 5101 veritatis
1816 5051 2201 5116 sermonem”,

629 5134 928 5204 optimique
961 5136 1093 5189 ﬁunt
1123 5137 1377 5207 subjecta:
1421 5137 1590 5207 plebis
1625 5139 1897 5210 paedagogi
1923 5157 1936 5194 :
1958 5139 2085 5194 hinc
2107 5153 2208 5194 nec

630 5228 751 5282 sine
797 5243 964 5283 causa
1007 5228 1137 5282 dicit
1170 5245 1274 5283 non
1311 5230 1447 5283 ultra
1485 5232 1537 5285 in
1584 5240 1725 5287 terra
1756 5248 1941 5289 eorum
1965 5234 2206 5290 auditum

2309 5066 2437 5112 νων,
2466 5046 2866 5114 ἀντεγήγερται
2889 5043 2945 5095 δὲ
2968 5043 3077 5094 τῶν
3108 5041 3278 5108 ἁγίων
3304 5039 3625 5093 ἀποστόλων
3648 5041 3677 5092 6
3710 5039 3883 5108 χορὸς,

2309 5142 2404 5195 καὶ
2426 5141 2473 5192 oi
2506 5139 2623 5208 μετ’
2645 5135 2885 5197 ἐκείνους
2907 5133 2985 5186 ἔτι
3014 5135 3127 5195 τοῖς
3151 5130 3329 5184 αὐτῶν
3366 5130 3536 5200 ἴχνεσι
3560 5129 3885 5183 κατακολου·

2307 5231 2420 5285 θεῖν
2451 5227 2842 5291 σπουδάζοντες
2870 5221 3228 5293 όρθοτομοῦσι
3260 5220 3358 5291 μὲν
3383 5220 3485 5289 τῆς
3514 5219 3774 5289 ἀληθείας
3799 5220 3883 5271 τὸν

633 5320 698 5373 iri
739 5319 1085 5389 injustitiam,
1121 5321 1213 5376 sed
1244 5336 1344 5375 nec
1367 5323 1746 5379 contritionem
1774 5338 1872 5380 nec
1907 5326 2198 5389 miseriam;

2306 5321 2484 5389 λόγον,
2515 5318 2728 5388 ἄριστοι
2751 5316 2807 5368 δὲ
2840 5314 2946 5367 τῶν
2981 5312 3085 5365 ὑπὸ
3113 5314 3272 5383 χεῖρα
3309 5310 3567 5378 γεγόνασι
3616 5310 3883 5376 παιδαγω-

623 5414 725 5466 sed
760 5412 1029 5469 vocandas
1056 5428 1177 5468 esse
1229 5428 1411 5468 muros
1448 5411 1563 5480 ejus
1625 5415 1882 5479 salutare.
1922 5425 1977 5474 et
2030 5425 2198 5487 portas

2307 5411 2415 5481 γοί.
2450 5408 2739 5478 Ταύτῃτοι,
2766 5404 2862 5456 καὶ
2892 5402 3036 5472 μάλα
3067 5400 3288 5462 εἰκότως
3316 5399 3417 5451 οὑκ
3446 5398 3525 5451 ἔτι
3555 5398 3656 5467 μὲν
3677 5399 3879 5452 ἀδικίαν

636 5506 996 5573 sculptttram.
1031 5505 1234 5571 Muros,
1264 5513 1326 5561 ut
1371 5519 1472 5575 ego
1532 5506 1787 5573 arbitror,
1814 5509 1944 5565 dicit
1995 5515 2198 5564 sanctos

2312 5505 2369 5557 ἐν
2405 5504 2475 5572 τῇ
2526 5501 2597 5569 γῇ
2634 5496 2814 5550 αὑτῶν
2868 5488 3301 5562 ἀκουσθήσεσθαι
3352 5506 3537 5560 φησιν,
3600 5490 3716 5542 ἀλλ’
3766 5487 3877 5541 οὑδὲ

715 5705 882 5759 “lsa.
915 5720 954 5765 ι,
979 5703 1189 5767 25,26.
1266 5705 1308 5735 ”
1351 5702 1537 5758 Matth.
1570 5719 1682 5770 xxi,
1717 5703 1804 5763 «15.
1923 5706 1966 5739 ὀ
2005 5702 2164 5760 Mich.

2297 5741 2310 5769 ,
2370 5702 2449 5757 ll.
2576 5702 2618 5732 “
2644 5698 2782 5754 I‘sal.
2824 5711 2943 5761 xm,
2976 5694 3029 5749 3.
3103 5692 3146 5725 ”
3176 5691 3280 5746 lsa.
3313 5704 3461 5754 Lvnt,
3493 5690 3545 5755 5,
3578 5688 3629 5743 4.
3708 5690 3752 5721 ³³
3779 5687 3873 5741 iss.

643 5791 701 5841 ι,
726 5775 782 5827 2.
852 5773 896 5807 “
932 5772 973 5828 ll
998 5776 1141 5830 Tim.
1184 5789 1243 5839 Il,
1274 5774 1460 5829 18-25.

1923 5706 1966 5739 ὀ
2005 5702 2164 5760 Mich.
2218 5715 2310 5769 ιιι,
2370 5702 2449 5757 ll.
