4096 6504
206 393 355 450 1545

1323 392 1391 447 IN
1431 391 1664 449 ISAIAM
1701 390 1832 447 LIB.
1874 389 1937 445 V.
1986 389 2225 448 TOHUS
2263 393 2325 447 ν.

3309 388 3446 444 ιδιο

205 506 547 577 σύντριμμα,
571 505 664 557 καὶ
682 504 1055 573 ταλαιπωρίαν
1070 521 1083 535 ο
1112 504 1477 576 κληθήσεσθαι
1501 506 1559 560 δὲ
1582 505 1781 577 μᾶλλον

1900 507 2219 578 ιιεᾶοεοςοε,
2260 505 2356 576 qui
2390 505 2699 575 dogmatum
2740 511 2796 558 et
2824 502 3105 558 moralium
3149 515 3451 572 pracepto-

206 599 477 667 σωτήριον
507 594 576 648 τὰ
597 596 748 665 τείχη
779 595 970 665 αὐτῆς,
995 595 1224 667 γλύμμα
1248 597 1305 650 δὲ
1333 599 1428 651 καὶ
1458 596 1557 661 τὰς
1588 596 1783 659 πύλας.

203 685 364 755 τείχη
390 683 469 751 δὲ,
498 684 574 747 ὥς
600 700 664 751 γε
682 680 857 753 οἶμαι,
878 683 1013 753 φησὶ
1039 685 1165 748 τοὺς
1179 684 1370 753 ἁγίους
1385 685 1785 754 παιδαγωγοὺς,

202 776 567 845 δογματικαῖς
600 791 659 826 τε
706 774 801 827 καὶ
845 773 1063 843 ἠθικαῖς
1121 775 1468 847 εἰσηγήσεσιν
1504 775 1790 846 ἀσφαλιζοο

208 866 409 937 μένους
462 865 562 934 τὴν
603 864 947 935 Ἐκκλησίαν,
994 864 1134 919 ὥστε
1186 867 1281 919 καὶ
1329 866 1601 921 ἀνάλωτον
1648 862 1788 920 εἶναι

203 958 325 1019 τοῖς
358 954 593 1025 ἐχθροῖς,
628 954 734 1006 κᾶν
760 955 871 1007 εἴτε
910 954 1055 1017 τινὲς
1082 951 1191 1008 εἶεν
1218 957 1422 1027 όρατοὶ,
1451 957 1548 1010 εἰτ’
1573 953 1667 1011 οὖν
1696 959 1790 1010 καὶ

204 1045 455 1116 ἀόρατοι.
498 1045 559 1097 Οί
610 1042 766 1097 αὐτοὶ
798 1042 843 1096 δ’
873 1042 938 1097 ἂν
970 1038 1081 1097 εἷεν
1111 1045 1206 1098 καὶ
1253 1045 1439 1111 πύλαι,
1466 1045 1560 1099 ἁτε
1598 1045 1662 1117 δὴ
1697 1044 1791 1099 καὶ

206 1136 563 1205 είσαγωγικῷ
637 1134 909 1206 χρώμενοι
961 1135 1122 1205 λόγῳ,
1179 1136 1275 1189 καὶ
1315 1136 1659 1208 εἰσφέροντες
1704 1136 1792 1190 διὰ

208 1229 448 1291 πίστεως
475 1229 553 1289 είς
584 1226 877 1295 ἐπίγνωσιν
902 1225 1159 1297 ἀληθείας
1188 1228 1313 1292 τοὺς
1348 1227 1454 1292 ἔξω
1475 1227 1612 1292 τέως
1633 1229 1791 1292 ὄντας

206 1318 406 1388 αὐτῆς.
436 1317 668 1388 Γλύμμα
713 1317 769 1370 δὲ
810 1318 891 1369 ὃτι
925 1317 1256 1390 περικαλλὴς
1284 1314 1353 1389 ἦν
1399 1320 1540 1388 ἄγαν
1576 1324 1605 1375 6
1636 1319 1792 1389 λόγος

208 1411 419 1474 αὐτοῖς,
436 1412 530 1463 καὶ
548 1403 661 1463 οἷον
688 1411 768 1473 είς
789 1409 1046 1479 ἀλήθειαν
1067 1411 1573 1482 ὲκτετορνευμένοςο
1593 1412 1791 1483 εὐπρε-

210 1501 315 1564 πὲς
348 1500 455 1571 γὰρ
482 1499 627 1553 ἅπαν
652 1499 715 1552 τὸ
743 1497 1125 1568 γεγλυμμένον
1143 1514 1159 1530 ⁸
1184 1499 1279 1553 καὶ
1304 1501 1357 1552 oi
1384 1500 1484 1571 μὲν
1531 1501 1794 1572 Ἐϐδομή-

209 1606 381 1644 κοντα
412 1590 615 1659 ταύτην
644 1588 910 1643 δεδώκασι
943 1589 1042 1660 τὴν
1094 1590 1412 1661 ἑρμηνείαν,
1442 1592 1493 1645 oi
1523 1591 1580 1645 δὲ
1618 1592 1794 1663 ἕτεροι

210 1680 324 1732 τῶν
366 1678 737 1750 έρμηνευτῶν,
792 1679 914 1733 ἀντὶ
957 1678 1051 1731 τοῦ
1098 1677 1326 1749 γλύμμα
1379 1679 1655 1733 τεθείκασι
1701 1680 1794 1733 τὸν

226 1768 457 1839 Ἰησοῦν.
498 1770 656 1822 Ἐστι
710 1768 766 1821 δὲ
813 1769 909 1822 καὶ
952 1767 1111 1821 τοῦτο
1160 1769 1372 1839 ἀληθές.
1425 1770 1640 1841 Ὦραῖος
1686 1770 1793 1839 γὰρ

1888 614 2007 652 rum
2057 596 2323 651 doctrinis
2392 594 2691 649 Ecclesiam
2738 595 3024 658 muniunt,
3068 603 3128 648 ut
3177 594 3299 662 capi
3341 608 3446 648 non

1883 690 2055 759 possit
2100 689 2170 742 ab
2209 687 2476 751 hostibus,
2504 688 2621 742 sive
2659 686 2736 740 illi
2772 687 2883 741 sint
2911 685 3287 755 aspectabiles,
3334 685 3451 740 sive

1887 780 2318 850 inaspectahiles.
2386 779 2527 833 Idem
2560 788 2786 850 possunt
2826 780 2988 833 etiam
3030 792 3147 833 esse
3184 786 3350 847 portae
3393 788 3452 832 ut

1886 870 1974 940 qui
2026 869 2309 939 isagogicis
2348 877 2569 923 utantur
2643 868 2983 923 sermonibus
3028 882 3119 922 seu
3163 867 3454 922 institutio-

1888 962 2068 1026 nibus,
2100 971 2153 1015 et
2178 974 2276 1028 per
2305 959 2465 1013 dem
2493 959 2763 1014 adducant
2791 959 2858 1012 ad
2896 958 3223 1027 agnitionem
3254 958 3454 1012 verita-

1890 1051 1960 1105 tis
1993 1065 2089 1105 eos
2140 1050 2233 1118 qni
2270 1058 2381 1103 tum
2410 1049 2480 1103 ah
2501 1063 2567 1102 ea
2597 1047 2818 1101 fuerunt
2846 1048 3083 1102 alienati.
3112 1046 3453 1115 Sculpturam

1889 1150 2069 1195 autem
2099 1142 2240 1209 quod
2270 1138 2491 1208 pulchra
2526 1147 2582 1192 et
2614 1137 2831 1207 elegans
2873 1138 2945 1191 sit
2972 1152 3160 1192 eorum
3194 1140 3388 1200 oratio,
3402 1144 3458 1191 et

1891 1233 1957 1285 ad
2008 1231 2295 1285 veritatem
2343 1230 2501 1299 quasi
2552 1237 2785 1284 tornata.
2825 1226 3139 1297 Speciosum
3182 1235 3267 1282 est
3309 1229 3454 1282 enim
3491 1275 3495 1279 .

1891 1321 2194 1379 admodum.
2223 1321 2363 1389 quod
2394 1329 2476 1374 est
2526 1318 2775 1374 caelatum
2812 1327 2867 1371 et
2921 1316 3169 1387 politum.
3209 1316 3277 1371 Et
3322 1318 3459 1371 banc

1890 1412 2107 1479 quidem
2160 1412 2659 1479 interpretationem
2724 1413 2990 1466 dederunt
3078 1410 3455 1479 Septuaginta.

1889 1502 1992 1556 Alii
2030 1503 2356 1571 interpretes
2402 1516 2500 1570 pro
2529 1500 2758 1573 γλύμμα
2787 1509 3091 1571 posuerunt
3134 1500 3337 1555 Jesum.
3362 1499 3459 1555 Est

1894 1604 2076 1649 autem
2126 1593 2253 1648 illud
2283 1608 2500 1664 quoque
2536 1609 2746 1648 verum.
2781 1593 3070 1663 Speciosus
3105 1594 3249 1648 enim
3286 1592 3457 1647 l'orma

1891 1701 2000 1754 pra!
2047 1686 2170 1740 liliis
2201 1686 2477 1739 hominum
2509 1684 2557 1716 "
2579 1694 2634 1739 et
2677 1693 3019 1754 nuncupatur
3044 1692 3099 1738 et
3134 1692 3240 1747 est,
3282 1682 3461 1737 illum-

1892 1793 1997 1848 que
2033 1786 2292 1846 tanquam
2327 1790 2516 1831 muros
2565 1784 2621 1831 et
2671 1784 2855 1845 portas
2887 1775 3243 1845 possedimus.
3290 1772 3460 1827 Munit

214 1860 402 1913 κάλλει
434 1859 582 1930 παρά
616 1860 742 1922 τοὺς
768 1859 919 1922 υίοὺς
947 1858 1054 1911 τῶν
1093 1858 1395 1930 ἀνθρώπων
1418 1859 1791 1931 κεχρημάτικέ

1900 1866 2032 1920 enim
2063 1880 2161 1919 nos
2210 1863 2467 1919 ineﬂ'abili
2505 1866 2765 1934 potentia,
2805 1871 2860 1919 et
2896 1873 3205 1920 sanctorum
3238 1861 3459 1933 angelo-

212 1969 273 2005 τε
314 1952 409 2005 καὶ
446 1950 582 2015 ἐστι,
616 1949 767 2021 τείχη
813 1950 871 2003 δὲ
908 1950 1092 2014 αὑτὸν,
1126 1951 1222 2003 καλ⁸
1280 1948 1452 2014 πύλας
1492 1950 1793 2021 πεπλουτή-

213 2057 413 2112 καμεν.
457 2039 840 2109 ’Δσφαλίζεται
870 2039 979 2112 γὰρ
1004 2042 1151 2112 ἡμᾶς
1177 2042 1402 2113 ἀρρήτῳ
1429 2041 1676 2111 δυνάμει,
1698 2042 1796 2095 καὶ

211 2136 338 2196 ταῖς
372 2132 478 2185 τῶν
514 2132 682 2202 ἁγίων
712 2132 959 2201 ἀγγέλων
1002 2133 1344 2202 ἐπικουρίαις
1365 2146 1379 2160 ·
1410 2151 1429 2183 ι
1472 2131 1795 2184 Ἐντελεῖται

215 2224 359 2294 γὰρ,
417 2225 550 2295 φησὶ
574 2264 589 2286 ,
639 2227 751 2287 τοῖς
816 2223 1070 2292 ἀγγέλοις
1115 2222 1281 2278 αὐτοῦ
1332 2223 1464 2292 περὶ
1515 2221 1611 2274 σοῦ
1638 2263 1654 2287 ,
1699 2221 1792 2275 τοῦ

213 2314 539 2383 διαφυλάξαι
569 2331 628 2367 σε
657 2314 715 2367 ἐν
736 2313 937 2377 πάσαις
956 2316 1078 2377 ταῖς
1105 2314 1245 2376 ὁδοῖς
1272 2329 1420 2366 σου·ι
1454 2314 1549 2365 καὶ
1584 2330 1601 2361 ι
1637 2312 1788 2381 Παρ-

216 2409 449 2478 εμδαλεῖ
498 2410 728 2478 ἄγγελος
795 2409 999 2480 Κυρίου
1053 2407 1239 2477 κύκλῳ
1283 2406 1393 2459 τῶν
1446 2405 1792 2475 φοϐουμένων

216 2500 398 2564 αὑτὸν,
429 2501 521 2553 καὶ
562 2499 748 2568 ῥύεται
786 2498 1001 2561 αύτούς.
1041 2518 1059 2549 ι
1107 2497 1411 2569 Ἐρχόμεθα
1441 2497 1498 2551 δὲ
1531 2495 1598 2551 δι’
1627 2497 1791 2550 αὑτοῦ

217 2592 297 2653 είς
343 2591 635 2658 ἐπίγνωσιν
680 2588 773 2642 τοῦ
816 2588 1049 2659 Πατρὸς,
1086 2589 1180 2642 καὶ
1225 2588 1417 2657 γέγονε
1464 2588 1600 2658 πρὸς
1635 2588 1793 2640 τοῦτο

218 2683 313 2733 καὶ
337 2681 496 2751 θύρα,
528 2682 622 2735 καὶ
646 2680 809 2751 πύλη,
842 2682 937 2733 καὶ
968 2680 1108 2743 ὁδός.
1145 2680 1289 2750 Ἔφη
1321 2678 1450 2747 γοῦν
1469 2680 1551 2732 ὅτι
1586 2697 1605 2731 ι
1650 2677 1793 2747 Ἐγώ

218 2774 334 2840 ιίμι
365 2774 397 2841 ἡ
421 2772 578 2842 θύρα,
602 2774 695 2826 καὶ
722 2774 756 2842 ἡ
791 2772 927 2837 ὁδὸς,
960 2771 1055 2826 καὶ
1082 2770 1256 2834 οὐδεὶς
1288 2768 1505 2842 ἔρχεται
1537 2770 1673 2841 πρὸς
1698 2769 1791 2822 τὸν

1893 1971 2009 2010 rum
2061 1955 2415 2025 praesidiislt
2455 1952 2734 2009 Mandabit
2803 1968 3058 2024 namque,
3115 1954 3311 2023 inquit,
3360 1968 3459 2007 an-

1893 2047 2027 2116 gelis
2068 2048 2182 2101 suis
2219 2048 2288 2102 de
2320 2058 2393 2111 te,
2426 2057 2486 2101 ut
2511 2046 2821 2102 custodiant
2858 2055 2910 2101 te
2943 2047 2994 2100 in
3054 2046 3307 2102 omnibus
3352 2046 3467 2100 viis

1894 2138 2000 2191 tuis
2025 2138 2091 2190 ⁸⁸.
2118 2155 2137 2189 ι
2172 2138 2270 2193 Et:
2318 2155 2337 2189 ι
2363 2136 2552 2192 Castra
2581 2146 2745 2206 ponet
2795 2136 3023 2206 angelus
3063 2135 3274 2189 Domini
3301 2135 3446 2189 circa

1897 2227 2146 2281 timentes
2180 2242 2260 2291 se,
2298 2234 2354 2281 et
2387 2235 2543 2282 eruet
2577 2240 2672 2281 eos
2692 2226 2761 2279 ’⁷.
2797 2243 2817 2278 ι
2852 2225 2930 2280 Ac
2953 2239 3047 2293 per
3086 2224 3236 2279 illum
3270 2225 3450 2293 ingre-

1898 2319 2076 2372 dimur
2108 2318 2174 2373 ad
2211 2318 2537 2387 agnitionem
2565 2317 2769 2381 Patris,
2798 2326 2855 2373 et
2886 2316 3098 2372 exstitit
3130 2317 3197 2371 ad
3234 2316 3348 2371 haec
3368 2330 3464 2370 os-

1904 2408 2056 2472 tium,
2092 2416 2145 2461 et
2182 2415 2360 2477 porta,
2388 2406 2565 2462 etvia.
2603 2407 2748 2462 Dixit
2775 2408 3080 2476 siquidem:
3127 2424 3146 2459 ι
3176 2407 3287 2477 Ego
3343 2421 3467 2459 sum

1899 2498 2120 2562 ostium,
2165 2506 2220 2549 et
2244 2498 2352 2561 via,
2383 2506 2440 2552 et
2486 2512 2644 2552 nemo
2671 2498 2823 2552 venit
2864 2499 2929 2551 ad
2968 2495 3207 2555 Patrem.
3236 2496 3337 2550 nisi
3370 2511 3471 2567 per

1902 2601 1987 2641 me
2011 2587 2080 2641 ³³.
2116 2606 2136 2639 ι
2174 2588 2265 2643 Est
2312 2589 2478 2643 etiam
2518 2589 2797 2658 sculptura
2825 2603 2920 2643 seu
2952 2587 3124 2642 forma
3156 2596 3211 2643 et
3258 2588 3471 2657 species

1898 2678 2016 2747 ejus
2044 2679 2133 2748 qui
2170 2679 2374 2749 genuit,
2418 2689 2473 2733 et
2501 2680 2788 2734 character
2854 2679 3170 2734 substantia:
3233 2679 3375 2749 ejus,
3413 2690 3469 2734 et

1900 2769 2110 2841 imago,
2148 2779 2309 2839 atque
2342 2770 2598 2840 splendor
2626 2771 2809 2841 glorias
2831 2769 2969 2839 ejus.

219 2864 460 2933 Πατέρα,
490 2866 537 2917 εί
592 2863 666 2933 μὴ
691 2862 757 2916 δι’
788 2862 945 2933 ἐμοῦ.
981 2883 1000 2915 ι
1043 2863 1199 2918 Ἐστι
1252 2864 1309 2917 δὲ
1346 2863 1439 2917 καὶ
1482 2862 1732 2933 γλύμμα,
1798 2861 2074 2916 τουτέστιν
2110 2864 2144 2934 ἡ
2190 2862 2391 2935 μορφὴ,
2432 2863 2526 2917 καὶ
2557 2862 2618 2916 τὸ
2669 2856 2810 2927 είδος
2854 2861 2948 2916 τοῦ
2990 2862 3240 2926 τεκόντος
3281 2862 3467 2928 αὑτὸν,

220 2956 314 3007 καὶ
342 2952 625 3025 χαρακτὴρ
649 2955 748 3024 τῆς
770 2954 1119 3018 ὑποστάσεως
1141 2954 1329 3019 αὑτοῦ,
1361 2954 1455 3006 καὶ
1480 2952 1665 3015 εἰκὼν,
1698 2953 1793 3007 καὶ
1829 2952 2173 3025 ἀπαύγασμα
2199 2957 2299 3024 τῆς
2329 2952 2487 3024 δόξης
2524 2953 2709 3008 αὐτοῦ.

291 3046 401 3101 Καὶ
444 3048 554 3099 οὐκ
605 3044 777 3098 ἔσται
830 3060 929 3097 σοι
961 3048 994 3098 ό
1033 3044 1206 3112 ἥλιος
1250 3047 1337 3110 εις
1384 3043 1510 3114 ςρῶς
1550 3043 1796 3113 ἡμέρας,

1974 3046 2138 3101 Vsus.
2168 3045 2255 3109 19,
2279 3045 2368 3099 20.
2408 3046 2472 3098 Et
2508 3061 2613 3099 non
2656 3047 2755 3099 erit
2784 3045 2879 3098 tibi
2906 3046 2987 3099 sol
3029 3046 3086 3099 in
3121 3045 3290 3099 lucem
3338 3046 3467 3108 diei,

218 3137 363 3192 οὐδὲ
412 3134 676 3203 ἀνατολὴ
718 3134 987 3201 σελήνης
1032 3133 1237 3203 φωτιεῖ
1278 3149 1377 3188 σοι
1419 3133 1535 3201 τὴν
1582 3134 1794 3199 νύκτα,

215 3229 357 3284 ἀλλ’
403 3226 572 3280 ἔσται
616 3240 714 3278 σοι
756 3226 972 3292 Κύριος
995 3223 1121 3292 φῶς
1157 3224 1416 3284 αἰώνιον,
1456 3222 1554 3276 καί
1588 3226 1623 3277 ὁ
1652 3221 1796 3287 Θεὸς

215 3318 371 3381 δόξα
403 3333 540 3371 σου.
568 3318 650 3369 Οὐ
682 3316 790 3384 γὰρ
821 3316 1068 3369 δύσεται
1098 3318 1131 3369 ὁ
1158 3315 1333 3382 ἥλιός
1358 3328 1479 3378 σοι,
1507 3314 1605 3368 καί
1628 3314 1667 3383 ἡ
1695 3328 1797 3368 σε·

216 3411 380 3476 ,ιὴνη
411 3411 521 3462 οὐκ
557 3408 844 3476 ἐκλείψει.
885 3408 1097 3460 Ἔσται
1131 3405 1241 3476 γάρ
1288 3422 1388 3459 σοι
1418 3406 1632 3475 Κύριος
1669 3404 1796 3474 φῶς

218 3500 485 3555 αἰώνιον.

298 3589 585 3644 Βούλονταί
613 3606 756 3652 τινες
792 3589 881 3642 διὰ
908 3588 1008 3659 τῆς
1035 3587 1145 3641 τῶν
1188 3587 1564 3659 προκειμένων
1589 3586 1797 3651 ἑννοίας

218 3683 521 3752 ἀποφέρειν
560 3683 709 3751 ἡμᾶς
742 3682 820 3743 είς
862 3697 925 3749 γε
957 3681 1019 3733 τὸ
1065 3680 1265 3750 χρῆναί
1294 3697 1345 3732 τι
1396 3678 1637 3731 τοιοῦτον
1667 3678 1798 3731 ὑπο-

220 3778 384 3831 νοεῖν.
434 3775 524 3827 Ἐν
555 3773 802 3843 ἐσχάτοις
828 3772 936 3843 γὰρ
963 3771 1058 3825 τοῦ
1104 3771 1297 3832 αίῶνος
1329 3771 1538 3838 καιροῖς
1563 3770 1799 3838 ἐγηγερ-

225 3865 405 3936 μένων
432 3864 543 3916 τῶν
569 3865 627 3917 ὲν
659 3865 729 3934 γῇ
769 3863 1059 3933 κειμένων,
1087 3862 1182 3915 καὶ⁸
1221 3860 1719 3928 καταφοιτήσαντος
1739 3857 1799 3924 ἐξ

220 3955 455 4027 οὐρανοῦ
503 3953 597 4007 τοῦ
648 3954 863 4008 πάντων
906 3953 1061 4023 ἡμῶν
1089 3953 1339 4021 Σωτῆρος
1378 3949 1615 4021 Χριστοῦ
1661 3948 1797 4020 μετά

222 4050 337 4103 τῶν
357 4048 529 4115 ἁγίων
553 4045 798 4115 ἀγγέλων
838 4047 894 4097 ὲν
916 4047 982 4114 τῇ
1009 4044 1135 4116 δόξῃ
1154 4042 1247 4096 τοῦ
1270 4042 1502 4113 Πατρὸς,
1522 4041 1803 4112 ἀπρακτὴ-

226 4159 311 4195 σει
345 4140 446 4209 μὲν
476 4142 509 4209 ὴ
550 4138 659 4191 τῶν
706 4136 983 4207 στοιχείων
1008 4134 1347 4204 λαμπρότης,
1382 4131 1600 4196 καινοὺς
1631 4131 1688 4185 δὲ
1710 4132 1802 4184 οὐ·

226 4233 443 4305 ρανοὺς,
469 4230 564 4283 καὶ
594 4228 785 4299 καινὴν
823 4227 948 4297 γῆν,
982 4226 1077 4279 καὶ
1102 4225 1169 4278 τά
1207 4225 1598 4295 ἐπαγγέλματα
1636 4222 1800 4276 αὑτοῦ

226 4321 637 4394 προσδοκῶμεν,
660 4318 799 4373 κατά
820 4318 880 4371 τὸ
899 4316 1297 4388 γεγραμμένον.
1323 4318 1465 4387 Ἔφη
1486 4315 1544 4369 δέ
1566 4333 1618 4369 τι
1638 4314 1804 4368 τοιοῦ-

1899 3152 2063 3208 neque
2122 3136 2263 3190 lum:
2303 3146 2451 3190 ortus
2503 3134 2836 3190 collustrabit
2891 3146 2940 3189 te
2986 3145 3179 3190 noctu:
3226 3137 3316 3191 sed
3371 3138 3474 3190 erit

1899 3228 1994 3282 tibi
2040 3227 2291 3281 Dominus
2324 3226 2419 3280 lita:
2456 3236 2671 3291 (eterna,
2718 3237 2764 3280 et
2801 3227 2935 3281 Deus
2969 3227 3136 3296 gloria
3184 3238 3295 3281 tua.
3347 3227 3470 3281 Non

1900 3318 2039 3373 enim
2083 3318 2279 3372 occidet
2304 3316 2386 3371 sol
2437 3315 2557 3379 tibi,
2584 3327 2633 3370 et
2672 3316 2797 3370 luna
2828 3326 2878 3371 te
2904 3333 3006 3372 non
3054 3318 3277 3386 deﬁciet.
3325 3317 3472 3370 Nam

1900 3408 1998 3461 erit
2035 3406 2130 3459 tibi
2164 3406 2419 3460 Dominus
2464 3405 2558 3459 tua:
2582 3414 2799 3460 (eterna.

1970 3580 2137 3653 855
2160 3578 2362 3635 Volunt
2380 3578 2599 3648 quidam
2615 3594 2682 3635 ex
2696 3580 2963 3635 sententia
2977 3580 3168 3636 horum
3182 3579 3475 3634 verborum

1903 3690 2001 3731 nos
2031 3676 2317 3737 adducere,
2349 3680 2409 3727 ut
2439 3671 2544 3726 tale
2568 3672 2825 3741 quiddam
2867 3673 3250 3743 intelligamus.
3279 3672 3475 3726 Extre—

1904 3764 2007 3819 mis
2060 3764 2203 3817 enim
2236 3761 2418 3817 saeculi
2460 3764 2819 3833 temporibus,
2844 3765 3097 3817 excitatis
3151 3764 3239 3819 his
3282 3764 3374 3833 qui
3418 3765 3475 3817 in

1908 3864 2049 3910 terra
2068 3854 2275 3923 iacent,
2306 3861 2361 3908 et
2401 3853 2769 3908 descendente
2803 3854 2869 3907 de
2901 3854 3042 3908 caelo
3097 3853 3339 3908 omnium
3377 3870 3474 3907 no-

1906 3955 2079 4000 strum
2116 3945 2410 4002 Servatore
2439 3946 2694 4011 Christo,
2754 3958 2875 3998 cum
2922 3943 3125 3997 sanctis
3160 3942 3361 4010 angelis
3420 3942 3475 3997 in

1905 4037 2075 4108 gloria
2126 4036 2325 4103 Patris,
2373 4036 2560 4090 irritus
2606 4034 2705 4089 ﬁet
2757 4031 3148 4087 elementorum
3199 4030 3476 4100 Splendor,

1907 4144 2185 4200 novosque
2213 4130 2402 4194 castos,
2438 4143 2502 4184 ac
2538 4140 2733 4182 novam
2770 4135 2968 4181 terram
2995 4132 3050 4179 et
3086 4122 3476 4193 promissiones

1907 4223 2026 4291 eius
2057 4231 2464 4292 exspectamus,
2491 4221 2782 4276 secundum
2819 4218 2872 4273 id
2902 4218 3042 4286 quod
3077 4217 3338 4285 scriptum
3364 4224 3469 4271 est.

1909 4314 2040 4370 Tale
2070 4314 2197 4383 quid
2230 4313 2365 4368 dixit
2393 4313 2557 4368 etiam
2606 4310 2862 4366 Servator
2915 4317 3097 4363 noster
3127 4323 3140 4359 :
3172 4324 3190 4357 ι
3254 4303 3311 4358 in
3362 4304 3481 4359 die-

225 4429 322 4465 τον
353 4411 447 4464 καὶ⁵
479 4409 640 4472 αὐτὸς
664 4411 693 4461 ὁ
722 4406 933 4478 Σωτὴρ,
957 4408 1039 4460 ὅτι
1076 4426 1095 4457 ι
1140 4407 1228 4459 Ἐν
1251 4409 1367 4469 ταῖς
1398 4406 1633 4476 ἡμέραις
1658 4405 1798 4458 ὲκεί-

1906 4404 2006 4459 bus
2040 4402 2146 4457 illis
2175 4401 2254 4456 sol
2287 4401 2754 4467 obtenebrabitur,
2779 4408 2833 4454 et
2863 4398 2986 4451 luna
3035 4412 3140 4451 non
3184 4395 3330 4451 dabit
3385 4395 3471 4448 lu-

227 4517 347 4563 ναις
378 4502 406 4553 6
447 4500 599 4570 ἣλιος
644 4496 1075 4567 σκοτισθήσεται,
1106 4496 1199 4549 καί
1245 4497 1278 4565 ἡ
1315 4495 1511 4565 σελήνη
1546 4494 1607 4547 οὐ
1650 4494 1808 4548 δώσει

229 4591 289 4643 τὸ
325 4589 527 4658 φέγγος
556 4586 745 4657 αὐτῆς.
778 4604 796 4637 ι
838 4586 1087 4656 Ἀρκέσει
1118 4584 1226 4655 γὰρ
1247 4586 1360 4647 τοῖς
1389 4584 1568 4652 ἁγίοις
1597 4586 1676 4647 είς
1699 4600 1811 4651 φω-

229 4681 427 4751 τισμὸν
478 4679 616 4749 αὑτὴ
662 4678 757 4732 τοῦ
807 4678 1057 4749 Σωτῆρος
1103 4679 1137 4747 ἡ
1189 4676 1333 4741 δόξα.
1373 4675 1511 4728 Ἀλλ’
1547 4676 1636 4728 ἴνα
1680 4674 1811 4745 δοκῇ

231 4786 352 4830 πως
378 4766 606 4820 ἔπεσθαι
651 4768 716 4836 τῇ
761 4765 868 4820 τῶν
910 4767 1098 4819 ἀνόπιν
1142 4766 1319 4835 ἐννοίᾳ
1348 4765 1416 4818 τὰ
1457 4764 1817 4835 προκείμενα,

229 4859 331 4929 τὴν
367 4857 663 4928 ἑρμηνείαν
711 4858 1097 4919 ἐπαινέσαντες
1126 4858 1373 4927 ταυτηνὶ,
1407 4858 1503 4911 καὶ
1545 4856 1731 4927 ἕτερόν
1764 4873 1816 4908 τι

229 4950 522 5024 δηλοῦσθαί
563 4967 741 5020 φαμεν
764 4949 849 5002 διὰ
878 4950 986 5003 τῶν
1025 4950 1399 5021 προκειμένων
1424 4950 1641 5020 στίχων.
1688 4947 1807 5011 Φῶς

236 5043 336 5112 μὲν
390 5040 499 5111 γὰρ
554 5040 613 5093 τὸ
666 5040 911 5111 ἡλιακὸν,
965 5041 1059 5093 καλ⁸
1111 5040 1334 5111 προσέτι
1374 5044 1436 5093 τὸ
1481 5040 1804 5110 σεληνιαῖον,

232 5128 494 5200 χρειῶδές
544 5145 602 5181 τε
649 5132 741 5182 καὶ
778 5129 1071 5197 ἀναγκαῖόν
1119 5131 1234 5183 ἐστι
1272 5132 1387 5193 τοῖς
1426 5129 1520 5183 τοῦ
1556 5130 1805 5199 σώματος

232 5217 554 5288 ὀφθαλμοῖς.
593 5216 730 5268 Ἀλλ’
752 5218 810 5268 ὲν
847 5217 1001 5273 νυκτὶ
1036 5218 1134 5286 μὲν
1170 5217 1232 5271 τὸ
1270 5218 1493 5288 ἡλιακὸν
1525 5216 1807 5269 συστέλλει

232 5326 327 5363 ται
365 5308 503 5377 φῶς,
543 5310 601 5361 έν
649 5308 830 5379 ἡμέρᾳ
883 5308 940 5361 δὲ
982 5308 1045 5361 τὸ
1092 5309 1335 5381 σελήνης.
1367 5307 1658 5381 Παραλλὰξ
1701 5308 1809 5379 γὰρ

234 5401 490 5470 ἀλλήλοις
517 5400 906 5470 παραχωροῦσι
935 5400 999 5453 τὸ
1028 5402 1259 5469 φαίνειν.
1285 5402 1357 5455 Τὸ
1378 5402 1434 5455 δέ
1464 5417 1526 5469 γε
1554 5400 1696 5454 θεῖον
1718 5401 1812 5453 καὶ

235 5490 451 5560 νοητὸν,
487 5489 515 5541 ὃ
560 5493 680 5552 ταῖς
726 5489 832 5541 τῶν
871 5492 1274 5544 πιστευσάντων
1321 5491 1569 5562 καρδίαις
1614 5489 1809 5559 ὲνίησι,

238 5580 427 5651 φησιν,
456 5581 485 5632 6
526 5578 633 5632 τῶν
660 5579 794 5631 ὅλων
826 5579 1014 5650 Σωτὴρ
1045 5579 1133 5633 διὰ
1158 5578 1250 5632 τοῦ
1280 5580 1434 5648 ἁγίου
1477 5578 1810 5650 Πνεύματος,

1908 4508 2032 4549 men
2064 4507 2220 4548 suum
2253 4493 2319 4545 ²⁹.
2362 4510 2383 4545 ι
2406 4490 2552 4545 Satis
2589 4490 2735 4545 enim
2778 4490 2883 4544 erit
2924 4489 3129 4543 sanctis
3165 4488 3233 4541 ad
3274 4486 3473 4541 illumi-

1910 4582 2186 4636 nationem
2252 4580 2368 4649 ipsa
2400 4577 2705 4633 Servatoris
2752 4576 2945 4645 gloria.
2994 4574 3100 4630 Sed
3139 4589 3244 4644 quo
3301 4573 3479 4643 posita

1911 4673 2078 4727 verba
2106 4686 2229 4727 cum
2263 4670 2603 4739 superiorum
2644 4669 2911 4723 sententia
2975 4666 3345 4721 cohaerescere
3398 4664 3481 4718 vi-

1911 4763 2168 4828 deantur,
2199 4762 2703 4831 interpretationem
2746 4760 2885 4813 hanc
2922 4758 3202 4812 laudamus
3234 4756 3475 4826 quidem,

1915 4857 2008 4910 sed
2061 4855 2203 4908 aliud
2235 4854 2484 4922 quiddam
2516 4853 2598 4906 his
2629 4853 2872 4905 versibus
2897 4849 3195 4920 significari
3224 4850 3478 4903 dicimus.

1914 4943 2028 4999 Lux
2057 4944 2202 4997 enim
2235 4942 2428 4996 solaris
2450 4952 2504 4996 et
2530 4947 2789 5009 praeterea
2820 4939 3044 4999 lunaris,
3071 4937 3297 5005 perutile
3324 4937 3477 5005 quid-

1913 5038 2036 5091 dam
2083 5045 2166 5090 est
2221 5043 2277 5089 et
2322 5034 2684 5088 necessarium
2722 5030 2996 5100 corporeis
3032 5029 3227 5095 oculis;
3259 5029 3355 5083 sed
3382 5044 3475 5082 no-

1913 5138 2003 5182 ctu
2043 5126 2131 5179 lux
2181 5126 2311 5180 solis
2363 5125 2723 5188 contrahitur,
2754 5121 2983 5176 interdiu
3044 5120 3204 5174 lunae.
3238 5120 3479 5175 Alternis

1912 5218 2054 5271 enim
2102 5216 2312 5271 vicibus
2346 5216 2544 5269 lucent.
2584 5213 2748 5283 Atqui
2801 5212 2891 5266 lux
2950 5211 3132 5265 divina
3165 5220 3221 5265 et
3282 5210 3477 5265 intelli-

1907 5310 2085 5380 gentia
2131 5319 2406 5380 percepta,
2457 5321 2618 5376 quam
2668 5306 3002 5360 credentium
3056 5305 3309 5359 cordibus
3375 5302 3480 5355 iut-

1909 5399 2073 5457 mittit
2102 5400 2471 5452 universorum
2502 5394 2778 5460 Servator,
2818 5410 2914 5465 per
2945 5394 3201 5463 Spiritum
3235 5398 3477 5446 sanctum

1909 5499 1966 5543 et
2001 5504 2097 5559 per
2125 5503 2220 5543 eos
2266 5490 2356 5558 qui
2404 5488 2658 5557 mysteria
2705 5495 2904 5541 norunt
2940 5484 3173 5545 tradere,
3224 5480 3479 5537 inexstin-

1913 5588 1999 5634 cla
2026 5580 2150 5647 erit,
2176 5590 2227 5634 et
2257 5578 2404 5649 jugis
2431 5589 2486 5634 et
2538 5593 2753 5649 semper
2797 5577 3010 5642 lucida;
3043 5576 3177 5629 adeo
3226 5582 3284 5627 ut
3307 5570 3480 5647 cujus-

316 5754 363 5786 "
398 5751 539 5808 Psal.
580 5768 723 5820 xuv,
755 5753 812 5811 5.
886 5755 933 5787 “
971 5752 1115 5810 Psal.
1153 5770 1238 5821 xc,
1273 5756 1359 5812 il.
1437 5757 1480 5789 "’
1521 5754 1662 5812 Psal.
1696 5771 1797 5809 xxx

1942 5753 1998 5809 8.
2066 5754 2120 5840 f'
2150 5753 2309 5811 Joau.
2338 5771 2392 5824 κ,
2422 5754 2485 5822 9;
2521 5769 2631 5824 xtv,
2660 5746 2715 5809 ϐ’.
2790 5754 2835 5785 ”
2870 5750 3062 5810 Matth.
3099 5765 3247 5819 sxw,
3273 5748 3367 5819 29.
