4148 6492
639 362 772 419 1347

1621 364 1679 418 S.
1721 362 1993 418 CYRILLI
2037 363 2508 420 ALEXANDRI‘NI
2549 365 2864 421 ARCIIIEP.

3749 374 3892 429 ιω

635 499 740 552 que
771 498 922 537 ineas
957 497 1057 538 nec
1089 482 1220 537 solis
1274 496 1458 551 Opera,
1496 497 1598 537 nec
1643 483 1781 537 lunae
1836 500 1969 553 opus
2007 485 2193 538 habeat

2317 486 2408 539 καὶ
2427 485 2515 539 διά
2544 487 2648 540 τῶν
2669 483 2727 539 εὖ
2756 487 2968 539 εἰδότων
2999 488 3392 556 μυσταγωγεῖν,
3423 486 3688 540 ἄσϐεστον
3712 488 3892 549 ἔσται.

644 573 711 626 ad
761 571 1205 625 illuminationem
1249 580 1303 624 et
1347 570 1492 624 visus
1545 572 2035 639 recuperationem.
2094 571 2208 626 Non

635 662 781 714 enim
824 661 941 714 luce
975 662 1073 713 sub
1114 674 1274 713 sensu
1305 659 1534 714 cadente
1577 659 1878 712 illustratur
1901 675 2054 714 mens
2079 678 2093 726 ;
2116 661 2208 714 sed

633 751 812 819 potius
884 748 1055 801 sancti
1129 747 1361 814 Spiritus
1416 747 1774 801 illustratione
1805 757 1859 801 et
1927 747 2211 816 splendore

633 848 884 895 contenta
924 849 1008 893 est
1045 840 1110 893 ad
1156 841 1586 909 persniciendam
1619 849 1672 894 et
1705 840 2020 892 intuendam
2047 839 2208 892 Chri-

632 933 700 984 sti
742 930 990 998 gloriam,
1043 938 1208 997 ulque
1267 930 1409 983 scire
1461 929 1632 998 possit
1702 936 1959 996 quantum
2014 929 2209 981 haheat

632 1036 754 1076 cum
808 1019 966 1072 Patre
1002 1034 1098 1072 suo
1131 1019 1565 1082 similitudinem,
1627 1018 1939 1071 substantia:
2003 1018 2207 1072 scilicet

633 1113 862 1176 ratione,
915 1120 968 1165 et
1029 1112 1298 1178 quodnam
1350 1112 1422 1165 sit
1465 1111 1683 1180 Optimae
1735 1110 1857 1164 vitae
1924 1110 2028 1164 iter
2059 1121 2206 1164 certe

631 1217 979 1273 cognoscere.
1016 1201 1217 1256 Factus
1242 1211 1324 1256 est
1351 1203 1513 1271 igitur
1537 1201 1693 1256 nobis
1728 1203 1816 1255 lux
1847 1211 2049 1256 aeterna
2086 1202 2205 1256 Sal-

631 1305 805 1350 vator.
849 1295 1015 1363 quue
1061 1295 1398 1363 perspicuum
1443 1293 1592 1358 facit,
1617 1294 1836 1348 dicens:
1874 1313 1891 1345 ι
1933 1294 2042 1362 Ego
2085 1309 2202 1349 sum

632 1386 723 1439 lux
807 1386 987 1439 mundi
1049 1384 1093 1415 ³ο
1138 1425 1150 1437 .
1201 1403 1220 1434 ι
1259 1383 1325 1436 Ει
1375 1398 1597 1437 rursus:
1645 1400 1665 1433 ι
1703 1384 1835 1436 Cum
1899 1385 1950 1436 in
2003 1384 2202 1438 mundo

631 1493 771 1542 sum,
813 1479 901 1530 lux
947 1492 1064 1529 sum
1101 1475 1283 1528 mundi
1316 1475 1382 1528 “.
1413 1493 1433 1527 ι
1457 1505 1527 1515 -
1557 1496 1574 1526 ι
1605 1475 1707 1541 Qui
1768 1476 2015 1537 sequitur
2072 1491 2159 1530 me
2185 1514 2201 1540 ,

632 1587 735 1623 non
789 1569 1083 1622 ambulabit
1137 1569 1192 1622 in
1259 1569 1533 1632 tenebris,
1595 1567 1686 1621 sed
1735 1567 1956 1622 habebit
2021 1566 2192 1622 lucem

630 1665 752 1715 vitae
776 1662 841 1714 ²².
877 1681 897 1713 ι

2312 577 2407 629 καὶ
2456 579 2854 648 ἀκατάληκτον,
2911 578 3005 630 καὶ
3045 578 3318 645 ἁειφανὲς,
3361 578 3500 630 ὥστε
3554 581 3689 649 μήτε
3735 581 3892 649 ἡλίου

2315 669 2454 736 μήτε
2489 669 2718 738 σελήνης
2765 672 2821 722 ὲν
2867 669 3025 738 χρείᾳ
3075 669 3468 738 καθεστηκέναι
3509 669 3600 721 τὸν
3653 670 3893 723 ἑκάστου

2311 757 2436 809 νοῦν
2473 758 2609 828 πρὸς
2637 759 2933 828 φωτισμὸν,
2967 759 2998 828 ἢ
3030 758 3320 826 ἀνάϐλεψιν
3343 775 3356 788 ’
3393 759 3452 810 ού
3489 758 3598 827 γὰρ
3643 759 3892 829 αἰσθητῷ

2310 847 2450 916 φωτὶ
2485 849 2899 918 καταλάμπεται
2932 848 3072 912 νοῦς,
3105 849 3353 917 ἀρκεῖται
3388 847 3444 900 δὲ
3477 848 3678 917 μᾶλλον
3702 851 3771 918 τῇ
3805 848 3895 901 διὰ

2321 939 2413 991 τοῦ
2450 940 2604 1004 ἁγίου
2654 940 2967 1008 Πνεύματος
3020 938 3374 1008 φωταγωγίᾳ,
3427 939 3520 990 καὶ
3568 938 3893 1008 φαιδρότητι

2309 1028 2444 1098 πρὸς
2472 1028 2532 1081 τὸ
2573 1030 2830 1083 δύνασθαι
2880 1029 3115 1101 καθορᾷν
3146 1030 3244 1096 τὴν
3278 1028 3434 1094 δόξαν
3479 1030 3748 1099 Χριστοῦ,
3799 1031 3892 1083 καὶ

2322 1121 2446 1173 ὅσον
2478 1120 2543 1174 ἂν
2576 1120 2688 1190 ἔχοι
2710 1122 2844 1191 πρὸς
2868 1121 2958 1173 τὸν
2989 1120 3213 1171 τεκόντα
3241 1119 3401 1171 αὐτὸν
3428 1119 3524 1188 τὴν
3561 1121 3888 1189 ἐμφέρειαν,

2303 1212 2573 1274 οὐσιωδῶς
2602 1213 2658 1264 δὲ
2681 1212 2942 1281 δηλονότι,
2971 1211 3057 1263 ναὶ
3090 1211 3194 1280 μὴν
3225 1211 3316 1262 καὶ
3353 1210 3449 1278 τῆς
3478 1210 3707 1280 ἀρίστης
3743 1211 3890 1282 ζωῆς

2303 1303 2557 1366 ἀπλανῶς
2589 1305 2784 1356 εἰδέναι
2829 1304 2928 1374 τὴν
2959 1303 3094 1356 όδόν.
3140 1301 3333 1368 Γέγονε
3359 1301 3537 1353 τοίνυν
3589 1303 3707 1371 φῶς
3751 1301 3888 1354 αξώο

2303 1412 2414 1446 νιον
2447 1397 2576 1464 ἡμῖν
2618 1398 2646 1448 ὁ
2689 1396 2898 1464 Σωτὴρ,
2934 1395 3028 1446 καὶ
3071 1393 3227 1445 τοῦτο
3276 1395 3406 1463 ἡμῖν
3455 1394 3685 1464 ἐναργὲς
3746 1395 3886 1447 καθα

2306 1486 2502 1554 ίστησι,
2531 1485 2722 1553 λέγων’
2767 1505 2785 1536 ι
2835 1484 2974 1552 Ἐγώ
3003 1485 3120 1553 εἰμι
3148 1483 3207 1535 τὸ
3233 1483 3346 1551 φῶς
3377 1482 3470 1535 τοῦ
3493 1485 3761 1553 κόσμου,›
3795 1486 3888 1538 καὶ

2303 1577 2482 1629 πάλιν·
2513 1596 2530 1627 ι
2557 1576 2727 1627 ’Ὅταν
2753 1569 2796 1626 ὧ
2813 1576 2870 1627 ὲν
2892 1573 2970 1644 τῷ
2989 1573 3197 1644 κόσμῳ,
3219 1572 3332 1640 φῶς
3361 1574 3477 1641 εἰμι
3491 1571 3585 1623 τοῦ
3612 1572 3881 1640 κόσμου.»

2299 1684 2395 1714 --ι
2419 1666 2474 1716 Ὀ
2500 1663 2806 1716 ἀκολουθῶν
2831 1662 2974 1731 ἐμοὶ,
2998 1662 3056 1713 οὐ
3093 1663 3166 1731 μὴ
3190 1663 3536 1731 περιπατήσῃ
3568 1662 3626 1712 ὲν
3658 1663 3727 1730 τῇ
3756 1676 3884 1712 σκο-

2301 1756 2409 1826 τίᾳ,
2445 1755 2557 1807 ἀλλ’
2585 1755 2692 1817 ’ἐξει
2722 1755 2782 1806 τὸ
2817 1753 2928 1821 φῶς
2962 1753 3059 1821 τῆς
3086 1752 3250 1821 ζωῆς.
3287 1771 3304 1801 ι

703 1843 862 1896 Vnns.
919 1841 1010 1906 2|,
1045 1841 1134 1894 22.
1179 1839 1243 1893 Et
1295 1838 1688 1907 complebantur
1735 1837 1844 1890 dies
1885 1836 2055 1890 luctus
2098 1838 2193 1901 tui,

2372 1847 2479 1900 Kal
2508 1845 3117 1913 ἀναπληρωθήσονται
3143 1846 3202 1896 al
3235 1843 3445 1912 ἡμέραι
3472 1842 3578 1897 τοῦ
3618 1841 3885 1906 πένθους

626 1946 673 1988 et
729 1934 949 2001 populus
986 1944 1103 1986 tuus
1163 1933 1328 1986 omnis
1385 1931 1584 2000 justus,
1624 1940 1670 1983 el
1711 1930 1764 1982 in
1809 1929 2060 1984 saxulum
2097 1940 2202 1982 ter-

627 2043 702 2081 ra:
762 2027 1118 2079 limi-edituram
1188 2023 1489 2093 possidebit,
1541 2021 1836 2074 custodiens
1916 2021 2203 2086 plantatio-

627 2132 764 2180 nem,
791 2131 946 2185 opera
987 2129 1239 2167 manuum
1264 2127 1482 2166 suarum
1532 2112 1587 2163 in
1616 2110 1858 2180 gloriam.
1903 2109 2008 2173 Qui
2071 2123 2204 2175 pau-

628 2225 718 2262 cus
775 2217 870 2272 est,
942 2207 1039 2261 erit
1079 2207 1134 2259 in
1200 2205 1389 2270 millia,
1440 2214 1488 2257 et
1530 2203 1619 2272 qui
1667 2203 1936 2263 minimus,
1976 2202 2027 2252 in
2073 2216 2201 2269 gen-

629 2313 732 2352 tem
793 2314 1054 2369 magnam.
1092 2295 1202 2366 Ego
1233 2296 1485 2349 Dominus
1518 2295 1573 2348 in
1620 2303 1845 2362 tempore
1884 2298 2202 2362 congregabo

625 2409 730 2447 €08.

697 2481 800 2549 Qui
832 2490 1038 2550 tempus
1074 2476 1562 2532 consummationis
1618 2473 1888 2544 designari
1929 2472 2100 2537 aiunt,
2136 2486 2201 2524 ex

626 2590 688 2629 eo
724 2575 866 2642 quod
929 2587 1033 2624 non
1081 2571 1221 2624 ultra
1263 2567 1440 2621 lumen
1502 2565 1676 2620 solare
1707 2575 1761 2618 et
1796 2564 1964 2633 856
2018 2562 2202 2614 lunare

625 2681 760 2735 opus
803 2679 957 2719 suum
1007 2669 1250 2730 peragat,
1285 2661 1378 2713 sed
1409 2659 1782 2720 contrahatur,
1822 2665 1879 2707 ut
1923 2654 2178 2706 Dmninus

630 2765 810 2808 noster
870 2752 962 2806 ﬁat
1008 2751 1096 2803 lux
1151 2759 1372 2812 aeterna,
1425 2747 1611 2800 dicunt
1665 2744 1975 2813 lugentibus
2035 2756 2197 2806 nunc,

627 2863 763 2917 quos
811 2847 970 2899 etiam
1027 2841 1380 2897 consolandos
1439 2839 1515 2892 ait
1567 2837 1840 2900 Servator,
1895 2835 2054 2888 linem
2109 2832 2194 2886 lu-

625 2951 742 2995 ctus
774 2938 886 2992 fore
909 2936 1000 2991 illo
1053 2947 1312 3003 tempore.
1348 2933 1602 2986 Desinent
1635 2929 1778 2983 enim
1833 2927 2082 2980 laborare
2139 2937 2196 2980 et

626 3032 773 3084 curis
829 3028 1203 3089 macerari,et
1252 3034 1452 3078 mterna
1504 3029 1903 3087 consequentur
1955 3017 2191 3085 praemia.

629 3123 739 3176 lloc
784 3131 866 3175 est
892 3120 1057 3183 enim,
1095 3118 1309 3186 Opinor,
1349 3111 1720 3168 consolatione
1755 3110 2024 3179 perfundi.
2051 3109 2195 3174 Quo-

2303 1951 2439 2000 σου,
2474 1937 2572 1988 καὶ
2615 1939 2646 1988 ὀ
2677 1939 2825 2000 λαός
2859 1950 2974 1988 σου
2999 1933 3117 1999 πᾶς
3143 1934 3391 1999 δίκαιος,
3422 1934 3517 1986 καὶ
3555 1930 3884 1996 δι’,αὶῶνος

2303 2028 2829 2096 κληρονομήσουσι
2851 2028 2963 2093 τὴν
2994 2026 3129 2095 γῆν,
3159 2025 3495 2094 φυλάσσων
3519 2024 3584 2077 τὸ
3607 2025 3885 2093 φύτευμα

2302 2115 2446 2184 ἔργα
2482 2114 2693 2183 χειρῶν
2720 2115 2904 2168 αὑτοῦ
2929 2117 3016 2180 εἰς
3039 2114 3242 2178 δόξαν·-
3278 2115 3336 2166 ’0
3363 2114 3679 2182 ὀλιγοστὸς
3707 2113 3887 2168 ἔσται

2301 2209 2387 2270 εἰς
2404 2206 2698 2274 χιλιάδας,
2717 2207 2812 2259 καὶ
2837 2210 2869 2259 ὁ
2898 2205 3216 2274 ἐλάχιστος
3233 2208 3318 2270 εἰς
3334 2206 3505 2273 ἔθνος
3531 2207 3710 2276 μέγα.
3741 2206 3883 2275 Ἐγὼ

2302 2297 2515 2363 Κύριος
2539 2299 2688 2349 κατὰ
2708 2297 2950 2365 καιροὺς
2975 2296 3218 2361 συνάξω
3245 2298 3484 2362 αὐτούς.

2373 2479 2435 2530 Ol
2485 2477 2574 2530 τὸν
2602 2478 2699 2548 τῆς
2742 2477 3047 2538 συντελείας
3087 2476 3274 2546 καιρὸν
3315 2475 3748 2546 καταδηλοῦσθαι
3791 2475 3882 2529 λέο

2299 2584 2487 2635 γοντες
2506 2568 2593 2621 διὰ
2625 2569 2717 2620 τοῦ
2765 2571 2959 2640 μηκέτι
2988 2569 3046 2621 τὸ
3076 2568 3316 2639 ἡλιακὸν,
3352 2570 3468 2637 ἤτοι
3495 2567 3556 2620 τὸ
3594 2568 3878 2638 σεληναῖον

2299 2659 2591 2728 ἐνεργῆσαι
2620 2659 2754 2728 φῶς,
2789 2659 3116 2729 συσταλῆναι
3164 2659 3219 2710 δὲ
3257 2659 3477 2728 μᾶλλον,
3508 2659 3573 2711 ἵν’
3603 2662 3632 2712 6
3673 2661 3876 2729 Κύριος

2297 2749 2453 2818 ήμῶν
2479 2750 2591 2817 φῶς
2623 2750 2835 2803 αἰώνιον
2868 2751 3111 2820 γένηται,
3149 2752 3313 2816 φασὶν
3347 2751 3427 2802 ὅτι
3456 2753 3567 2813 τοῖς
3611 2751 3873 2804 πενθοῦει

2298 2837 2413 2904 νῦν,
2448 2839 2541 2903 οὓς
2583 2841 2646 2911 δὴ
2681 2841 2771 2894 καὶ
2821 2841 3339 2912 παρακληθήσεσθαί
3393 2859 3555 2912 φησιν
3588 2844 3618 2894 6
3661 2841 3872 2908 Σωτὴρ,

2296 2926 2449 2990 τέλος
2481 2929 2631 2982 ἔσται
2661 2930 2754 2982 τοῦ
2786 2930 3001 2982 πενθεῖν
3029 2931 3149 2983 κατ’
3180 2931 3353 2983 ἐκεῖνό
3381 2948 3480 2983 που
3509 2931 3601 2983 τοῦ
3638 2929 3833 3001 καιροῦ
3855 2945 3868 2958 ·

2298 3017 2664 3071 πεπαύσονται
2694 3020 2800 3090 γὰρ
2828 3020 2918 3072 τοῦ
2947 3023 3118 3072 ποιεῖν
3145 3019 3246 3084 ἔτι,
3281 3020 3372 3073 καὶ
3405 3021 3869 3091 κατατρύχεσθαι,

2296 3109 2390 3162 καὶ
2408 3109 2513 3162 τῶν
2529 3111 2605 3172 εἰς
2621 3110 2789 3164 αἰῶνα
2810 3111 3085 3176 τεύξονται
3108 3111 3303 3180 γερῶν.
3333 3111 3500 3164 Τοῦτο
3527 3111 3657 3182 γὰρ,
3692 3107 3870 3181 οἶμαι,

627 3213 770 3267 niam
810 3217 988 3263 autem
1051 3219 1234 3259 rursus
1295 3198 1632 3256 tractationis
1689 3204 1745 3252 et
1797 3196 2184 3251 theorematum

2294 3200 2348 3252 τὸ
2377 3201 2792 3272 παρακληθῆναί
2814 3204 2980 3257 ἐστιν.
3012 3202 3229 3272 Ἐπειδὴ
3258 3202 3313 3254 δὲ
3345 3203 3504 3257 πάλιν
3526 3203 3635 3255 τῶν
3664 3203 3867 3275 θεωρη-

627 3301 949 3357 sententiam
1001 3312 1066 3352 ex
1107 3293 1537 3365 praecedentibus
1597 3289 1749 3358 sequi
1793 3295 2023 3356 oportet,
2062 3285 2190 3339 illud

625 3393 876 3454 dicimus,
927 3390 1011 3442 his
1053 3387 1141 3454 qui
1199 3391 1417 3438 manent
1479 3396 1543 3435 ac
1592 3379 1774 3447 jacent
1823 3379 1875 3432 in
1923 3375 2186 3444 peccatis,

628 3482 899 3536 tristitiam
985 3477 1258 3548 propriam
1319 3488 1439 3528 esse
1494 3481 1548 3526 et
1605 3468 2186 3525 convenientissimam.

627 3579 952 3645 Exspectant
979 3573 1120 3625 enim
1153 3583 1262 3623 non
1294 3568 1528 3621 honores
1556 3572 1609 3618 et
1642 3574 1890 3624 coronas,
1925 3573 2028 3612 non
2058 3572 2191 3612 con-

625 3672 936 3727 solationem
967 3682 994 3719 a
1031 3667 1160 3728 Deo,
1189 3662 1282 3717 sed
1328 3662 1507 3730 potius
1556 3654 1897 3726 supplicium,
1927 3661 1982 3707 et
2011 3651 2187 3718 ignem

625 3771 786 3830 atque
834 3758 1099 3814 tenebras.
1129 3753 1229 3818 Oui
1284 3761 1461 3803 autem
1506 3747 1874 3808 benefaciunt,
1915 3757 2010 3812 spe
2059 3757 2190 3812 gau-

623 3850 844 3912 dent”,
867 3842 1317 3917 quemadmodum
1353 3838 1784 3908 sapientissimus
1830 3835 2026 3889 Paulus
2084 3833 2183 3887 ait.

624 3940 838 4008 Excipit
878 3936 1021 3991 enim
1077 3948 1138 3989 ac
1184 3930 1472 3985 comitatur
1519 3928 1839 3998 probitatem
1881 3940 2086 3989 eorum,
2133 3925 2186 3978 in

626 4029 834 4084 inlinita
869 4024 1087 4086 saecula,
1113 4032 1166 4078 et
1193 4020 1358 4090 gloria
1384 4057 1399 4081 ,
1425 4027 1480 4072 et
1508 4019 1768 4088 voluptas.
1801 4017 1998 4072 Verum
2021 4032 2189 4086 quan-

622 4121 689 4174 do
718 4131 1010 4172 conversus
1056 4113 1218 4167 fuerit
1250 4115 1336 4166 ad.
1366 4109 1656 4165 Dominum
1688 4109 1851 4164 etiam
1885 4107 1986 4176 qui
2021 4107 2187 4176 pluri-

624 4208 727 4261 mis
772 4205 1010 4276 peccatis
1037 4211 1332 4272 occupatus
1360 4209 1461 4264 est,
1494 4198 1688 4254 deinde
1709 4198 2037 4268 justillcatns
2064 4197 2177 4252 fue-

623 4299 694 4352 rit
745 4311 841 4366 per
900 4295 1082 4357 ﬁdem,
1125 4303 1180 4347 et
1226 4293 1594 4346 remissionem
1632 4290 1916 4343 criminum
1962 4289 2186 4357 adeptus

623 4389 804 4454 fuerit,
859 4383 1360 4455 exspectaveritque
1393 4380 1643 4450 accipere
1690 4379 1923 4433 honores
1985 4379 2188 4434 sanctis

2293 3293 2476 3362 μάτων
2519 3293 2745 3347 ἕπεσθαι
2774 3294 2878 3365 χρὴ
2923 3297 3032 3358 τοῖς
3070 3295 3282 3356 ἁνόπιν,
3323 3296 3501 3348 ἐκεῖνό
3532 3311 3732 3363 φαμεν,
3788 3296 3870 3348 ὅτι

2288 3386 2400 3446 τοῖς
2428 3385 2680 3455 μένουσιν
2710 3388 2766 3440 ὲν
2820 3386 3222 3456 πλημμελείαις
3258 3387 3318 3440 τὸ
3357 3387 3601 3457 κατηφὲς
3648 3388 3866 3449 οἰκεῖον,

2289 3478 2382 3530 καὶ
2432 3477 2856 3547 ἁρμοδιώτατον.
2919 3478 3264 3550 Προσδοκῶσι
3303 3479 3410 3552 γὰρ
3452 3480 3511 3532 οὐ
3554 3479 3722 3548 τιμὰς
3777 3481 3869 3534 καὶ

2291 3564 2604 3631 στεφάνους,
2644 3567 2704 3618 οὑ
2738 3567 3078 3638 παράκλησιν
3111 3567 3208 3637 τὴν
3252 3569 3403 3638 παρὰ
3447 3567 3605 3633 Θεοῦ,
3647 3569 3866 3622 κόλασιν

2287 3655 2342 3706 δὲ
2401 3656 2620 3725 μᾶλλον,
2658 3659 2751 3710 καὶ
2786 3657 2916 3729 πῦρ,
2961 3660 3056 3712 καὶ
3092 3660 3310 3722 σκότος’
3346 3660 3402 3713 οῖ
3444 3678 3508 3728 γε
3560 3662 3666 3733 μὴν
3714 3662 3866 3725 ὄντες

2288 3747 2345 3799 ὲν
2381 3747 2773 3819 ἀγαθουργίαις
2806 3753 2871 3820 τῇ
2911 3749 3084 3803 ἐλπίδι
3122 3751 3393 3823 χαίρουσι,
3438 3753 3582 3806 καθά
3630 3771 3796 3823 φησιν
3837 3755 3866 3805 6

2288 3839 2560 3908 πάνσοφος
2593 3841 2802 3905 Παῦλος
2822 3861 2836 3874 ·
2865 3842 3166 3913 διαδέχεται
3194 3845 3300 3918 γὰρ
3333 3845 3394 3898 τὸ
3420 3846 3660 3908 ἐπιεικὲς
3683 3845 3862 3898 αὐτῶν

2286 3932 2318 4001 ἡ
2352 3933 2431 3994 εἰς
2455 3932 2792 4003 ἀπεράντους
2822 3933 3019 3997 αἰῶνας
3046 3934 3189 3999 δόξα,
3218 3936 3312 3988 καὶ
3338 3937 3540 4006 τρυφή·
3574 3937 3714 4002 πλὴν
3737 3938 3861 3989 ὅταν

2285 4022 2587 4092 ἐπιστρέψῃ
2612 4021 2747 4092 πρὸς
2770 4021 2992 4092 Κύριον,
3024 4023 3116 4073 καὶ
3133 4023 3160 4072 6
3192 4022 3469 4084 πλείσταις
3495 4022 3652 4085 ὅσαις
3682 4023 3860 4092 ἀμαρο

2285 4111 2427 4173 τίαις
2463 4110 2840 4180 ἐνισχημένος,
2882 4105 3000 4163 εἶτα
3038 4109 3299 4180 δικαιωθῇ
3342 4109 3428 4162 διὰ
3455 4109 3554 4179 τῆς
3602 4109 3854 4172 πίστεως,

2285 4202 2380 4254 καὶ
2435 4203 2725 4271 κομίσηται
2783 4201 2880 4271 μὲν
2937 4202 3045 4254 τῶν
3099 4201 3439 4270 αἰτιαμάτων
3494 4199 3591 4270 τὴν
3647 4199 3855 4266 ἄφεσιν,

2285 4293 2646 4364 προσδοκήσει
2701 4293 2757 4345 δὲ
2795 4292 2977 4354 λαϐεῖν
3013 4291 3105 4345 καὶ
3142 4291 3241 4354 τὰς
3283 4293 3397 4354 τοῖς
3446 4291 3623 4357 ἁγίοις
3668 4291 3856 4359 ηὐτρε-

2285 4385 2552 4454 πισμένας
2576 4384 2761 4453 τιμάς.
2794 4385 2925 4436 Τότε
2957 4383 3021 4453 δὴ
3045 4381 3412 4434 πεπαύσονται
3441 4382 3538 4451 μὲν
3565 4382 3620 4434 αἱ
3656 4382 3852 4450 ἡμέρας

619 4480 940 4543 destinatos,
979 4486 1106 4529 tunc
1149 4474 1436 4529 cessabunt
1487 4472 1600 4525 dics
1632 4470 1806 4523 luctus
1847 4468 1967 4536 ejus
1995 4510 2010 4535 ,
2059 4477 2114 4524 et
2153 4483 2181 4521 a

2294 4474 2378 4528 τοῦ
2407 4473 2634 4536 πένθους
2660 4473 2845 4536 αὑτοῦ,
2877 4471 3168 4543 καταλήξει
3194 4472 3250 4524 δὲ
3292 4471 3530 4541 ἱδρῶτος,
3572 4473 3667 4523 καὶ
3694 4487 3855 4538 κατηο

619 4573 816 4627 sudore
866 4584 930 4624 ac
977 4567 1236 4623 maestitia
1259 4565 1501 4619 desistet.
1534 4561 1826 4616 Confirmat
1858 4561 2008 4630 quasi
2041 4561 2183 4616 hunc

618 4675 858 4725 sensum,
905 4659 1047 4726 quod
1096 4655 1350 4723 deinceps
1395 4656 1625 4722 positum
1656 4661 1738 4704 est
1767 4667 1782 4704 :
1813 4669 1832 4702 ι
1857 4650 1924 4704 Ει
1959 4650 2182 4719 populus

2288 4567 2466 4635 φείας,
2506 4565 2716 4635 βεϐαιοῖ
2753 4567 2810 4619 δὲ
2857 4565 3046 4637 ὥσπερ
3091 4566 3318 4634 ταυτηνὶ
3369 4564 3468 4634 τὴν
3511 4563 3752 4616 διάνοιαν
3797 4564 3854 4614 τὸ

2287 4656 2484 4726 ἑφεξῆς
2515 4655 3020 4724 κείμενονοιἝσται
3048 4654 3177 4725 γὰρ,
3202 4655 3386 4725 φησὶν,
3406 4656 3513 4717 πᾶς
3541 4655 3568 4704 6
3601 4653 3728 4717 λαός
3760 4671 3850 4706 σου

620 4763 743 4805 tuus
785 4749 963 4803 omnis
1010 4745 1209 4813 justus,
1261 4761 1278 4794 ι
1309 4743 1358 4796 id
1407 4739 1912 4808 est,justiticabitur
1961 4740 2184 4808 populus

2294 4749 2814 4815 Sixat0;,)TOU‘=é6‘tt,
2841 4747 3258 4816 δικαιωθήσεται
3289 4746 3397 4810 πᾶς
3422 4747 3451 4800 6
3478 4748 3564 4798 σοὶ
3593 4747 3850 4816 ἑπόμενος

618 4851 851 4909 quantus
880 4849 963 4894 est
993 4838 1229 4892 futurus.
1257 4833 1606 4900 Habeturque
1634 4832 1808 4885 oratio
1839 4842 2090 4899 tanquam
2113 4831 2180 4885 ad

618 4932 915 4988 Ecclesiam
945 4947 959 4982 :
985 4928 1252 4984 Justillcat
1277 4937 1452 4979 autem
1481 4922 1703 4991 impium
1742 4921 2010 4983 Christus,
2057 4937 2179 4991 gra-

619 5026 692 5079 tia
717 5032 772 5078 et
808 5019 1157 5082 humanitate,
1188 5026 1242 5071 et
1278 5015 1393 5084 ipse
1431 5015 1591 5069 solvit
1617 5013 1684 5066 ab
1740 5011 1884 5064 omni
1952 5014 2180 5066 crimine

617 5129 712 5170 eos
745 5112 837 5181 qui
899 5109 1126 5165 convicti
1157 5115 1303 5162 sunt.
1331 5104 1463 5158 Nam
1516 5104 1639 5172 quis
1701 5103 1891 5155 horum
1954 5102 2179 5171 largitor

617 5207 708 5272 sit,
738 5201 1077 5274 signiﬁcavit,
1139 5213 1259 5252 cum
1313 5195 1523 5263 inquit:
1551 5193 1865 5247 Custodiens
1890 5191 2177 5262 plantatio-

618 5311 764 5360 nem,
791 5307 956 5363 opera
992 5304 1243 5345 manuum
1303 5301 1521 5342 suarum
1555 5285 1606 5339 in
1647 5284 1892 5354 gloriam.
1957 5283 2177 5338 Planta-

615 5388 693 5443 tio
723 5387 866 5441 enim
898 5396 1083 5439 sumus
1112 5381 1412 5450 plantarum
1442 5376 1681 5432 omnium
1709 5387 1948 5428 nostrum
1982 5374 2178 5429 Serva-

617 5479 749 5534 to'ris
796 5475 1017 5540 Christi,
1044 5473 1266 5542 ejusque
1291 5485 1445 5541 opus.
1471 5468 1604 5522 Cum
1646 5479 1878 5535 namque
1933 5480 2178 5522 essemus

2281 4839 2440 4902 λαός·
2473 4839 2585 4892 ἐστι
2624 4838 2678 4890 δὲ
2706 4840 2733 4890 6
2773 4837 2929 4904 λόγος
2963 4836 3037 4899 ὼς
3067 4837 3201 4907 πρὸς
3242 4837 3342 4906 τὴν
3381 4836 3710 4904 Ἐκκλησίαν
3731 4853 3743 4864 °
3773 4837 3847 4888 δι-

2285 4933 2430 4984 καιοῖ
2469 4930 2525 4983 δὲ
2555 4929 2789 4999 Χριστὸς
2825 4928 2916 4980 τὸν
2962 4927 3135 4996 ἀσεϐῆ
3183 4927 3364 4997 χάριτι
3421 4927 3512 4979 καί⁸
3553 4927 3849 4995 φιλανθρω-

2287 5020 2406 5090 πίᾳ,
2455 5019 2547 5074 καὶ
2599 5019 2780 5088 ἀνίησι
2835 5017 3034 5080 παντὸς
3081 5017 3397 5086 αἰτιάματος
3453 5018 3579 5079 τοὺς
3629 5017 3846 5077 ἁλόντας

2285 5110 2464 5173 αὑτός.
2497 5109 2592 5171 Τίς
2620 5109 2728 5178 γάρ
2775 5108 2925 5159 ἔσται
2958 5107 3065 5159 τῶν
3105 5105 3358 5158 τοιούτων
3383 5106 3410 5157 6
3449 5106 3702 5176 χορηγὸς,
3740 5105 3846 5157 δια-

2283 5202 2616 5273 μεμήνυκεν,
2635 5198 2805 5251 εἰπών
2830 5215 2842 5229 ο
2869 5197 3163 5250 Φυλάσσων
3190 5197 3250 5248 τὸ
3270 5195 3542 5265 φύτευμα,
3570 5196 3708 5266 ἔργα
3737 5213 3842 5265 χει-

2279 5293 2388 5364 ρῶν
2415 5289 2578 5346 αὑτοῦ
2597 5292 2677 5354 εἰς
2702 5290 2883 5353 δόξαν.
2927 5288 3180 5358 Φύτευμα
3201 5287 3309 5359 γάρ
3337 5288 3502 5358 ἐσμεν
3528 5288 3634 5340 τῶν
3666 5287 3839 5356 φυτῶν

2272 5384 2367 5436 τοῦ
2401 5382 2620 5434 πάντων
2665 5380 2821 5450 ἡμῶν
2860 5379 3110 5451 Σωτῆρος
3152 5377 3413 5447 Χριστοῦ,
3444 5379 3536 5431 καὶ
3566 5378 3725 5450 ἔργον
3749 5379 3840 5434 a6-

2273 5474 2366 5527 τοῦ
2391 5491 2402 5504 ·
2441 5471 2743 5542 ἀγριέλαιοι
2771 5471 2877 5539 γὰρ
2909 5468 3060 5532 ὄντες
3098 5468 3584 5539 ὲνεκεντρίσθημεν
3611 5471 3689 5530 εἰς
3715 5467 3836 5520 κα).-

615 5571 866 5634 oleaster,
901 5567 1054 5624 oliva:
1081 5566 1316 5637 pulchra:
1362 5559 1508 5616 iusiti
1566 5572 1775 5624 sumus,
1814 5564 2017 5611 tantum
2069 5572 2175 5612 non

2294 5563 2528 5629 .télatov,
2564 5559 2964 5631 μονονουχὶκαὶ
2995 5557 3420 5629 αὐτουργοῦντος
3451 5559 3529 5622 εἰς
3562 5559 3708 5629 ἡμᾶς
3746 5555 3832 5608 τοῦ

686 5743 731 5776 ⁸⁸
759 5741 914 5800 Joan.
956 5757 1070 5805 vm,
1113 5740 1198 5794 12.
1276 5738 1317 5770 ³¹
1347 5735 1501 5790 Joan.
1536 5748 1610 5799 Ix,
1639 5730 1692 5785 5.
1771 5729 1813 5760 ³³
1841 5729 1994 5786 Joan.
2037 5745 2153 5796 vin,
2185 5733 2193 5785 ‘.

2347 5734 2391 5765 ⁸³
2427 5731 2609 5788 l'l‘itn.
2646 5748 2715 5798 vt,
2752 5732 2834 5787 18.
