  <div class='ocr_page' id='page_1' title='image "/cluster/home/n/w/nwhite01/storage/ocr_20150623/70/hvd.32044019207901/682.png"; bbox 0 0 4148 6528; ppageno 0'>
   <div class='ocr_carea' id='block_1_1' title="bbox 1269 294 1304 301">
    <p class='ocr_par' dir='ltr' id='par_1_1' title="bbox 1269 294 1304 301">
     <span class='ocr_line' id='line_1_1' title="bbox 1269 294 1304 301; baseline -0.029 0"><span class='ocrx_word' id='word_1_1' title='bbox 1269 294 1304 301; x_wconf 64' lang='grc'><strong>.-</strong></span> 
     </span>
    </p>
   </div>
   <div class='ocr_carea' id='block_1_2' title="bbox 354 410 493 464">
    <p class='ocr_par' dir='ltr' id='par_1_2' title="bbox 354 410 493 464">
     <span class='ocr_line' id='line_1_2' title="bbox 354 410 493 464; baseline 0.014 -2"><span class='ocrx_word' id='word_1_2' title='bbox 354 410 493 464; x_wconf 74' lang='grc'><strong>1549</strong></span> 
     </span>
    </p>
   </div>
   <div class='ocr_carea' id='block_1_3' title="bbox 1481 406 2467 463">
    <p class='ocr_par' dir='ltr' id='par_1_3' title="bbox 1481 406 2467 463">
     <span class='ocr_line' id='line_1_3' title="bbox 1481 406 2467 463; baseline -0.001 -3"><span class='ocrx_word' id='word_1_3' title='bbox 1481 407 1545 462; x_wconf 81' lang='lat' dir='ltr'><strong>1N</strong></span> <span class='ocrx_word' id='word_1_4' title='bbox 1584 406 1812 463; x_wconf 74' lang='lat' dir='ltr'><strong>ISAIAM</strong></span> <span class='ocrx_word' id='word_1_5' title='bbox 1855 407 1978 459; x_wconf 82' lang='lat' dir='ltr'><strong>LIB.</strong></span> <span class='ocrx_word' id='word_1_6' title='bbox 2025 407 2085 459; x_wconf 65' lang='grc' dir='ltr'><strong>ν.</strong></span> <span class='ocrx_word' id='word_1_7' title='bbox 2129 407 2363 460; x_wconf 78' lang='lat' dir='ltr'><strong>TUMUS</strong></span> <span class='ocrx_word' id='word_1_8' title='bbox 2410 408 2467 459; x_wconf 72' lang='grc' dir='ltr'><strong>ν.</strong></span> 
     </span>
    </p>
   </div>
   <div class='ocr_carea' id='block_1_4' title="bbox 351 523 1920 598">
    <p class='ocr_par' dir='ltr' id='par_1_4' title="bbox 351 524 1920 598">
     <span class='ocr_line' id='line_1_4' title="bbox 351 524 1920 598; baseline -0.003 -17"><span class='ocrx_word' id='word_1_9' title='bbox 351 524 620 598; x_wconf 71' lang='grc' dir='ltr'><strong>Χριστοῦο</strong></span> <span class='ocrx_word' id='word_1_10' title='bbox 654 526 716 579; x_wconf 78' lang='grc' dir='ltr'><strong>οὐ</strong></span> <span class='ocrx_word' id='word_1_11' title='bbox 750 524 855 595; x_wconf 78' lang='grc' dir='ltr'><strong>γάρ</strong></span> <span class='ocrx_word' id='word_1_12' title='bbox 899 524 1161 595; x_wconf 77' lang='grc' dir='ltr'><strong>πρέσδυς,</strong></span> <span class='ocrx_word' id='word_1_13' title='bbox 1197 526 1296 580; x_wconf 78' lang='grc' dir='ltr'><strong>οὐκ</strong></span> <span class='ocrx_word' id='word_1_14' title='bbox 1327 526 1573 595; x_wconf 73' lang='grc' dir='ltr'><strong>ἄγγελος,</strong></span> <span class='ocrx_word' id='word_1_15' title='bbox 1606 526 1719 580; x_wconf 86' lang='grc' dir='ltr'>ἀλλ’</span> <span class='ocrx_word' id='word_1_16' title='bbox 1771 525 1920 587; x_wconf 76' lang='grc' dir='ltr'><strong>αὐτὸς</strong></span> 
     </span>
    </p>
   </div>
   <div class='ocr_carea' id='block_1_5' title="bbox 2020 523 3592 598">
    <p class='ocr_par' dir='ltr' id='par_1_5' title="bbox 2033 523 3592 595">
     <span class='ocr_line' id='line_1_5' title="bbox 2033 523 3592 595; baseline 0.002 -18"><span class='ocrx_word' id='word_1_17' title='bbox 2033 524 2364 592; x_wconf 84' lang='lat' dir='ltr'><strong>operantein</strong></span> <span class='ocrx_word' id='word_1_18' title='bbox 2401 524 2554 579; x_wconf 90' lang='lat' dir='ltr'><strong>nobis</strong></span> <span class='ocrx_word' id='word_1_19' title='bbox 2594 523 2826 580; x_wconf 79' lang='lat' dir='ltr'><strong>Christo.</strong></span> <span class='ocrx_word' id='word_1_20' title='bbox 2861 525 2974 581; x_wconf 89' lang='lat' dir='ltr'><strong>Non</strong></span> <span class='ocrx_word' id='word_1_21' title='bbox 3027 526 3171 581; x_wconf 84' lang='lat' dir='ltr'><strong>enim</strong></span> <span class='ocrx_word' id='word_1_22' title='bbox 3216 525 3445 595; x_wconf 77' lang='lat' dir='ltr'><strong>legatus,</strong></span> <span class='ocrx_word' id='word_1_23' title='bbox 3489 543 3592 580; x_wconf 91' lang='lat' dir='ltr'><strong>non</strong></span> 
     </span>
    </p>
   </div>
   <div class='ocr_carea' id='block_1_6' title="bbox 350 613 1931 686">
    <p class='ocr_par' dir='ltr' id='par_1_6' title="bbox 350 613 1931 686">
     <span class='ocr_line' id='line_1_6' title="bbox 350 613 1931 686; baseline -0.002 -16"><span class='ocrx_word' id='word_1_24' title='bbox 350 619 381 670; x_wconf 99' lang='lat'><strong>6</strong></span> <span class='ocrx_word' id='word_1_25' title='bbox 402 614 607 686; x_wconf 83' lang='grc' dir='ltr'><strong>Κύριος</strong></span> <span class='ocrx_word' id='word_1_26' title='bbox 631 613 833 668; x_wconf 75' lang='grc' dir='ltr'><strong>ἔσωσεν</strong></span> <span class='ocrx_word' id='word_1_27' title='bbox 864 615 1030 683; x_wconf 76' lang='grc' dir='ltr'><strong>ἡμᾶς.</strong></span> <span class='ocrx_word' id='word_1_28' title='bbox 1067 615 1211 686; x_wconf 82' lang='grc' dir='ltr'><strong>’Ἔφη</strong></span> <span class='ocrx_word' id='word_1_29' title='bbox 1240 614 1370 683; x_wconf 89' lang='grc' dir='ltr'><strong>γοῦν</strong></span> <span class='ocrx_word' id='word_1_30' title='bbox 1412 617 1591 679; x_wconf 73' lang='grc' dir='ltr'><strong>αὐτός’</strong></span> <span class='ocrx_word' id='word_1_31' title='bbox 1627 635 1645 666; x_wconf 78' lang='grc' dir='ltr'><strong>ι</strong></span> <span class='ocrx_word' id='word_1_32' title='bbox 1683 616 1741 668; x_wconf 87' lang='lat'><strong>&#39;0</strong></span> <span class='ocrx_word' id='word_1_33' title='bbox 1757 614 1931 668; x_wconf 91' lang='grc' dir='ltr'>λαλῶν</span> 
     </span>
    </p>
   </div>
   <div class='ocr_carea' id='block_1_7' title="bbox 350 703 1929 776">
    <p class='ocr_par' dir='ltr' id='par_1_7' title="bbox 350 703 1929 776">
     <span class='ocr_line' id='line_1_7' title="bbox 350 703 1929 776; baseline -0.001 -16"><span class='ocrx_word' id='word_1_34' title='bbox 350 706 602 776; x_wconf 84' lang='grc' dir='ltr'><strong>πάρειμι.</strong></span> <span class='ocrx_word' id='word_1_35' title='bbox 620 722 742 757; x_wconf 76' lang='lat' dir='ltr'><strong>s—s</strong></span> <span class='ocrx_word' id='word_1_36' title='bbox 756 704 950 757; x_wconf 84' lang='grc' dir='ltr'><strong>Ἔσται</strong></span> <span class='ocrx_word' id='word_1_37' title='bbox 961 703 1038 768; x_wconf 89' lang='grc' dir='ltr'><strong>δέ,</strong></span> <span class='ocrx_word' id='word_1_38' title='bbox 1052 706 1208 774; x_wconf 77' lang='grc' dir='ltr'><strong>φησὶ,</strong></span> <span class='ocrx_word' id='word_1_39' title='bbox 1226 705 1319 759; x_wconf 77' lang='grc' dir='ltr'><strong>καὶ</strong></span> <span class='ocrx_word' id='word_1_40' title='bbox 1334 705 1646 774; x_wconf 81' lang='grc' dir='ltr'><strong>όόλιγοστὸς</strong></span> <span class='ocrx_word' id='word_1_41' title='bbox 1667 705 1929 775; x_wconf 82' lang='grc' dir='ltr'><strong>είςχιλιά-</strong></span> 
     </span>
    </p>
   </div>
   <div class='ocr_carea' id='block_1_8' title="bbox 349 796 1927 868">
    <p class='ocr_par' dir='ltr' id='par_1_8' title="bbox 349 796 1927 868">
     <span class='ocr_line' id='line_1_8' title="bbox 349 796 1927 868; baseline -0.001 -16"><span class='ocrx_word' id='word_1_42' title='bbox 349 798 468 863; x_wconf 88' lang='grc' dir='ltr'><strong>δας,</strong></span> <span class='ocrx_word' id='word_1_43' title='bbox 506 798 598 850; x_wconf 82' lang='grc' dir='ltr'><strong>καὶ</strong></span> <span class='ocrx_word' id='word_1_44' title='bbox 623 798 651 849; x_wconf 95' lang='lat'><strong>6</strong></span> <span class='ocrx_word' id='word_1_45' title='bbox 695 796 974 866; x_wconf 74' lang='grc' dir='ltr'><strong>ἐλάχιστος</strong></span> <span class='ocrx_word' id='word_1_46' title='bbox 1015 798 1093 861; x_wconf 87' lang='grc' dir='ltr'><strong>είς</strong></span> <span class='ocrx_word' id='word_1_47' title='bbox 1114 797 1263 862; x_wconf 76' lang='grc' dir='ltr'><strong>ἔθνις</strong></span> <span class='ocrx_word' id='word_1_48' title='bbox 1290 798 1450 868; x_wconf 84' lang='grc' dir='ltr'><strong>μέγα.</strong></span> <span class='ocrx_word' id='word_1_49' title='bbox 1480 818 1498 850; x_wconf 74' lang='grc' dir='ltr'><strong>ι</strong></span> <span class='ocrx_word' id='word_1_50' title='bbox 1533 797 1648 851; x_wconf 87' lang='grc' dir='ltr'><strong>Νῦν</strong></span> <span class='ocrx_word' id='word_1_51' title='bbox 1675 798 1772 867; x_wconf 82' lang='grc' dir='ltr'><strong>μὲν</strong></span> <span class='ocrx_word' id='word_1_52' title='bbox 1800 799 1927 868; x_wconf 89' lang='grc' dir='ltr'><strong>γὰρ,</strong></span> 
     </span>
    </p>
   </div>
   <div class='ocr_carea' id='block_1_9' title="bbox 349 886 1925 958">
    <p class='ocr_par' dir='ltr' id='par_1_9' title="bbox 349 886 1925 958">
     <span class='ocr_line' id='line_1_9' title="bbox 349 886 1925 958; baseline 0.001 -18"><span class='ocrx_word' id='word_1_53' title='bbox 349 889 648 950; x_wconf 73' lang='grc' dir='ltr'><strong>τουτέστιν,</strong></span> <span class='ocrx_word' id='word_1_54' title='bbox 681 889 739 940; x_wconf 88' lang='grc' dir='ltr'><strong>ἐν</strong></span> <span class='ocrx_word' id='word_1_55' title='bbox 761 886 837 956; x_wconf 83' lang='grc' dir='ltr'><strong>τῷ</strong></span> <span class='ocrx_word' id='word_1_56' title='bbox 869 887 1024 941; x_wconf 81' lang='grc' dir='ltr'><strong>αίῶνι</strong></span> <span class='ocrx_word' id='word_1_57' title='bbox 1044 887 1217 958; x_wconf 85' lang='grc' dir='ltr'><strong>τούτῳ</strong></span> <span class='ocrx_word' id='word_1_58' title='bbox 1247 888 1551 958; x_wconf 79' lang='grc' dir='ltr'><strong>κέκρυπται</strong></span> <span class='ocrx_word' id='word_1_59' title='bbox 1575 889 1681 942; x_wconf 88' lang='grc' dir='ltr'><strong>τῶν</strong></span> <span class='ocrx_word' id='word_1_60' title='bbox 1703 889 1873 957; x_wconf 80' lang='grc' dir='ltr'>ἁγίων</span> <span class='ocrx_word' id='word_1_61' title='bbox 1894 890 1925 958; x_wconf 86' lang='grc' dir='ltr'>ὴ</span> 
     </span>
    </p>
   </div>
   <div class='ocr_carea' id='block_1_10' title="bbox 349 974 1931 1051">
    <p class='ocr_par' dir='ltr' id='par_1_10' title="bbox 349 974 1931 1051">
     <span class='ocr_line' id='line_1_10' title="bbox 349 974 1931 1051; baseline 0.001 -18"><span class='ocrx_word' id='word_1_62' title='bbox 349 980 498 1046; x_wconf 79' lang='grc' dir='ltr'><strong>δόξα,</strong></span> <span class='ocrx_word' id='word_1_63' title='bbox 532 981 627 1033; x_wconf 74' lang='grc' dir='ltr'><strong>καὶ</strong></span> <span class='ocrx_word' id='word_1_64' title='bbox 663 980 723 1032; x_wconf 90' lang='grc' dir='ltr'><strong>τό</strong></span> <span class='ocrx_word' id='word_1_65' title='bbox 755 995 817 1047; x_wconf 89' lang='grc' dir='ltr'><strong>γε</strong></span> <span class='ocrx_word' id='word_1_66' title='bbox 846 974 981 1049; x_wconf 82' lang='grc' dir='ltr'><strong>ἧκον</strong></span> <span class='ocrx_word' id='word_1_67' title='bbox 1019 982 1098 1044; x_wconf 84' lang='grc' dir='ltr'><strong>είς</strong></span> <span class='ocrx_word' id='word_1_68' title='bbox 1127 981 1447 1044; x_wconf 73' lang='grc' dir='ltr'><strong>ἀλαζονείας</strong></span> <span class='ocrx_word' id='word_1_69' title='bbox 1493 981 1765 1051; x_wconf 86' lang='grc' dir='ltr'><strong>κοσμικὰς</strong></span> <span class='ocrx_word' id='word_1_70' title='bbox 1808 980 1931 1034; x_wconf 86' lang='grc' dir='ltr'><strong>ἐλά-</strong></span> 
     </span>
    </p>
   </div>
   <div class='ocr_carea' id='block_1_11' title="bbox 350 1065 1930 1141">
    <p class='ocr_par' dir='ltr' id='par_1_11' title="bbox 350 1065 1930 1141">
     <span class='ocr_line' id='line_1_11' title="bbox 350 1065 1930 1141; baseline 0.001 -20"><span class='ocrx_word' id='word_1_71' title='bbox 350 1070 525 1139; x_wconf 88' lang='grc' dir='ltr'><strong>χιστοί</strong></span> <span class='ocrx_word' id='word_1_72' title='bbox 553 1085 699 1132; x_wconf 88' lang='grc' dir='ltr'><strong>τινες</strong></span> <span class='ocrx_word' id='word_1_73' title='bbox 752 1065 893 1123; x_wconf 75' lang='grc' dir='ltr'><strong>εἶναι</strong></span> <span class='ocrx_word' id='word_1_74' title='bbox 938 1069 1187 1123; x_wconf 91' lang='grc' dir='ltr'><strong>δοκοῦσιν</strong></span> <span class='ocrx_word' id='word_1_75' title='bbox 1234 1072 1333 1122; x_wconf 82' lang='grc' dir='ltr'><strong>οὐκ</strong></span> <span class='ocrx_word' id='word_1_76' title='bbox 1375 1070 1585 1140; x_wconf 75' lang='grc' dir='ltr'><strong>ἔχοντες</strong></span> <span class='ocrx_word' id='word_1_77' title='bbox 1629 1070 1786 1137; x_wconf 81' lang='grc' dir='ltr'><strong>δόξαν</strong></span> <span class='ocrx_word' id='word_1_78' title='bbox 1832 1072 1930 1141; x_wconf 89' lang='grc' dir='ltr'><strong>ἐμ-</strong></span> 
     </span>
    </p>
   </div>
   <div class='ocr_carea' id='block_1_12' title="bbox 350 1151 1925 1233">
    <p class='ocr_par' dir='ltr' id='par_1_12' title="bbox 350 1151 1925 1233">
     <span class='ocr_line' id='line_1_12' title="bbox 350 1151 1925 1233; baseline -0.001 -18"><span class='ocrx_word' id='word_1_79' title='bbox 350 1164 517 1232; x_wconf 81' lang='grc' dir='ltr'><strong>φανῆ.</strong></span> <span class='ocrx_word' id='word_1_80' title='bbox 561 1160 999 1230; x_wconf 77' lang='grc' dir='ltr'><strong>Ἐπιλάμψαντος</strong></span> <span class='ocrx_word' id='word_1_81' title='bbox 1025 1160 1081 1214; x_wconf 86' lang='grc' dir='ltr'><strong>δὲ</strong></span> <span class='ocrx_word' id='word_1_82' title='bbox 1113 1160 1274 1215; x_wconf 87' lang='grc' dir='ltr'><strong>πάλιν</strong></span> <span class='ocrx_word' id='word_1_83' title='bbox 1300 1161 1360 1225; x_wconf 86' lang='grc' dir='ltr'><strong>ἐξ</strong></span> <span class='ocrx_word' id='word_1_84' title='bbox 1400 1161 1643 1233; x_wconf 80' lang='grc' dir='ltr'>οὐρανῶν</span> <span class='ocrx_word' id='word_1_85' title='bbox 1672 1151 1765 1214; x_wconf 78' lang='grc' dir='ltr'><strong>τοῦ</strong></span> <span class='ocrx_word' id='word_1_86' title='bbox 1793 1163 1925 1232; x_wconf 81' lang='grc' dir='ltr'><strong>Χρι-</strong></span> 
     </span>
    </p>
   </div>
   <div class='ocr_carea' id='block_1_13' title="bbox 354 1247 1925 1323">
    <p class='ocr_par' dir='ltr' id='par_1_13' title="bbox 354 1247 1925 1323">
     <span class='ocr_line' id='line_1_13' title="bbox 354 1247 1925 1323; baseline -0.002 -15"><span class='ocrx_word' id='word_1_87' title='bbox 354 1254 478 1307; x_wconf 85' lang='grc' dir='ltr'><strong>στοῦ</strong></span> <span class='ocrx_word' id='word_1_88' title='bbox 509 1254 567 1307; x_wconf 87' lang='grc' dir='ltr'><strong>τὸ</strong></span> <span class='ocrx_word' id='word_1_89' title='bbox 614 1253 888 1323; x_wconf 76' lang='grc' dir='ltr'><strong>τηνικάδε,</strong></span> <span class='ocrx_word' id='word_1_90' title='bbox 921 1252 1016 1305; x_wconf 78' lang='grc' dir='ltr'><strong>καὶ</strong></span> <span class='ocrx_word' id='word_1_91' title='bbox 1043 1254 1071 1305; x_wconf 93' lang='lat'><strong>6</strong></span> <span class='ocrx_word' id='word_1_92' title='bbox 1115 1252 1391 1323; x_wconf 77' lang='grc' dir='ltr'><strong>νομισθεὶς</strong></span> <span class='ocrx_word' id='word_1_93' title='bbox 1439 1252 1720 1323; x_wconf 73' lang='grc' dir='ltr'><strong>ἐλάχιστος</strong></span> <span class='ocrx_word' id='word_1_94' title='bbox 1764 1247 1925 1316; x_wconf 76' lang='grc' dir='ltr'><strong>εἶναι,</strong></span> 
     </span>
    </p>
   </div>
   <div class='ocr_carea' id='block_1_14' title="bbox 350 1342 1928 1413">
    <p class='ocr_par' dir='ltr' id='par_1_14' title="bbox 350 1342 1928 1413">
     <span class='ocr_line' id='line_1_14' title="bbox 350 1342 1928 1413; baseline -0.003 -13"><span class='ocrx_word' id='word_1_95' title='bbox 350 1348 447 1399; x_wconf 85' lang='grc' dir='ltr'><strong>καί</strong></span> <span class='ocrx_word' id='word_1_96' title='bbox 492 1346 768 1413; x_wconf 80' lang='grc' dir='ltr'><strong>ὀλιγοστὸς</strong></span> <span class='ocrx_word' id='word_1_97' title='bbox 817 1343 969 1398; x_wconf 79' lang='grc' dir='ltr'><strong>ἔσται</strong></span> <span class='ocrx_word' id='word_1_98' title='bbox 1017 1346 1095 1407; x_wconf 91' lang='grc' dir='ltr'><strong>είς</strong></span> <span class='ocrx_word' id='word_1_99' title='bbox 1134 1343 1284 1407; x_wconf 77' lang='grc' dir='ltr'><strong>ἔθνος</strong></span> <span class='ocrx_word' id='word_1_100' title='bbox 1331 1343 1492 1413; x_wconf 84' lang='grc' dir='ltr'><strong>μέγα.</strong></span> <span class='ocrx_word' id='word_1_101' title='bbox 1542 1342 1928 1413; x_wconf 81' lang='grc' dir='ltr'><strong>Καθηγήσεται</strong></span> 
     </span>
    </p>
   </div>
   <div class='ocr_carea' id='block_1_15' title="bbox 350 1431 1924 1506">
    <p class='ocr_par' dir='ltr' id='par_1_15' title="bbox 350 1431 1924 1506">
     <span class='ocr_line' id='line_1_15' title="bbox 350 1431 1924 1506; baseline -0.004 -17"><span class='ocrx_word' id='word_1_102' title='bbox 350 1437 462 1506; x_wconf 82' lang='grc' dir='ltr'><strong>γὰρ</strong></span> <span class='ocrx_word' id='word_1_103' title='bbox 491 1434 657 1500; x_wconf 87' lang='grc' dir='ltr'><strong>λαῶν,</strong></span> <span class='ocrx_word' id='word_1_104' title='bbox 688 1434 781 1487; x_wconf 77' lang='grc' dir='ltr'><strong>καὶ</strong></span> <span class='ocrx_word' id='word_1_105' title='bbox 819 1433 1176 1504; x_wconf 81' lang='grc' dir='ltr'><strong>ἡγεμονεύσει</strong></span> <span class='ocrx_word' id='word_1_106' title='bbox 1218 1432 1451 1495; x_wconf 83' lang='grc' dir='ltr'>πολλῶν,</span> <span class='ocrx_word' id='word_1_107' title='bbox 1483 1432 1579 1486; x_wconf 76' lang='grc' dir='ltr'><strong>ἅτε</strong></span> <span class='ocrx_word' id='word_1_108' title='bbox 1615 1431 1678 1501; x_wconf 83' lang='grc' dir='ltr'><strong>δὴ</strong></span> <span class='ocrx_word' id='word_1_109' title='bbox 1708 1431 1798 1484; x_wconf 85' lang='grc' dir='ltr'><strong>τὸν</strong></span> <span class='ocrx_word' id='word_1_110' title='bbox 1834 1431 1924 1483; x_wconf 79' lang='grc' dir='ltr'><strong>εὐ-</strong></span> 
     </span>
    </p>
   </div>
   <div class='ocr_carea' id='block_1_16' title="bbox 349 1521 1928 1597">
    <p class='ocr_par' dir='ltr' id='par_1_16' title="bbox 349 1521 1928 1597">
     <span class='ocr_line' id='line_1_16' title="bbox 349 1521 1928 1597; baseline -0.003 -17"><span class='ocrx_word' id='word_1_111' title='bbox 349 1527 574 1597; x_wconf 84' lang='grc' dir='ltr'><strong>δόκιμον</strong></span> <span class='ocrx_word' id='word_1_112' title='bbox 611 1527 669 1579; x_wconf 89' lang='grc' dir='ltr'><strong>ἐν</strong></span> <span class='ocrx_word' id='word_1_113' title='bbox 700 1525 834 1596; x_wconf 85' lang='grc' dir='ltr'><strong>τῷδε</strong></span> <span class='ocrx_word' id='word_1_114' title='bbox 874 1525 951 1595; x_wconf 80' lang='grc' dir='ltr'><strong>τῷ</strong></span> <span class='ocrx_word' id='word_1_115' title='bbox 982 1524 1082 1596; x_wconf 81' lang='grc' dir='ltr'><strong>βίῳ</strong></span> <span class='ocrx_word' id='word_1_116' title='bbox 1108 1522 1365 1586; x_wconf 85' lang='grc' dir='ltr'><strong>διανύσας</strong></span> <span class='ocrx_word' id='word_1_117' title='bbox 1396 1523 1592 1594; x_wconf 86' lang='grc' dir='ltr'><strong>δρόμον</strong></span> <span class='ocrx_word' id='word_1_118' title='bbox 1611 1539 1626 1554; x_wconf 89' lang='grc'><strong>·</strong></span> <span class='ocrx_word' id='word_1_119' title='bbox 1659 1521 1928 1575; x_wconf 74' lang='grc' dir='ltr'><strong>καὶτοῦτο</strong></span> 
     </span>
    </p>
   </div>
   <div class='ocr_carea' id='block_1_17' title="bbox 350 1612 1927 1686">
    <p class='ocr_par' dir='ltr' id='par_1_17' title="bbox 350 1612 1927 1686">
     <span class='ocr_line' id='line_1_17' title="bbox 350 1612 1927 1686; baseline -0.003 -16"><span class='ocrx_word' id='word_1_120' title='bbox 350 1618 497 1671; x_wconf 66' lang='grc' dir='ltr'><strong>ἔστιν</strong></span> <span class='ocrx_word' id='word_1_121' title='bbox 522 1617 646 1670; x_wconf 82' lang='grc' dir='ltr'><strong>ίδεῖν</strong></span> <span class='ocrx_word' id='word_1_122' title='bbox 688 1616 747 1683; x_wconf 78' lang='grc' dir='ltr'><strong>ἐξ</strong></span> <span class='ocrx_word' id='word_1_123' title='bbox 785 1612 858 1670; x_wconf 84' lang='grc' dir='ltr'><strong>ὧν</strong></span> <span class='ocrx_word' id='word_1_124' title='bbox 888 1616 991 1685; x_wconf 78' lang='grc' dir='ltr'><strong>ἔφη</strong></span> <span class='ocrx_word' id='word_1_125' title='bbox 1035 1615 1301 1684; x_wconf 77' lang='grc' dir='ltr'><strong>Χριστόςο</strong></span> <span class='ocrx_word' id='word_1_126' title='bbox 1326 1616 1437 1678; x_wconf 83' lang='grc' dir='ltr'><strong>τοῖς</strong></span> <span class='ocrx_word' id='word_1_127' title='bbox 1464 1615 1571 1686; x_wconf 86' lang='grc' dir='ltr'><strong>γὰρ</strong></span> <span class='ocrx_word' id='word_1_128' title='bbox 1612 1613 1927 1676; x_wconf 80' lang='grc' dir='ltr'><strong>ἀποστόλοις</strong></span> 
     </span>
    </p>
   </div>
   <div class='ocr_carea' id='block_1_18' title="bbox 350 1703 1921 1778">
    <p class='ocr_par' dir='ltr' id='par_1_18' title="bbox 350 1703 1921 1778">
     <span class='ocr_line' id='line_1_18' title="bbox 350 1703 1921 1778; baseline -0.004 -17"><span class='ocrx_word' id='word_1_129' title='bbox 350 1707 687 1778; x_wconf 86' lang='grc' dir='ltr'>προσλαλῶν·</span> <span class='ocrx_word' id='word_1_130' title='bbox 725 1725 743 1758; x_wconf 82' lang='grc' dir='ltr'><strong>ι</strong></span> <span class='ocrx_word' id='word_1_131' title='bbox 782 1707 949 1761; x_wconf 88' lang='grc' dir='ltr'><strong>Ὅταν</strong></span> <span class='ocrx_word' id='word_1_132' title='bbox 977 1708 1005 1760; x_wconf 89' lang='grc' dir='ltr'>ὁ</span> <span class='ocrx_word' id='word_1_133' title='bbox 1056 1706 1183 1769; x_wconf 88' lang='grc' dir='ltr'><strong>Υίὸς</strong></span> <span class='ocrx_word' id='word_1_134' title='bbox 1225 1704 1316 1759; x_wconf 92' lang='grc' dir='ltr'><strong>τοῦ</strong></span> <span class='ocrx_word' id='word_1_135' title='bbox 1367 1704 1659 1776; x_wconf 81' lang='grc' dir='ltr'><strong>ἀνθρώπου</strong></span> <span class='ocrx_word' id='word_1_136' title='bbox 1700 1703 1921 1774; x_wconf 78' lang='grc' dir='ltr'><strong>καθίσῃ,</strong></span> 
     </span>
    </p>
   </div>
   <div class='ocr_carea' id='block_1_19' title="bbox 350 1795 1926 1870">
    <p class='ocr_par' dir='ltr' id='par_1_19' title="bbox 350 1795 1926 1870">
     <span class='ocr_line' id='line_1_19' title="bbox 350 1795 1926 1870; baseline -0.004 -17"><span class='ocrx_word' id='word_1_137' title='bbox 350 1800 549 1870; x_wconf 67' lang='grc' dir='ltr'><strong>φησιν,</strong></span> <span class='ocrx_word' id='word_1_138' title='bbox 607 1798 703 1853; x_wconf 75' lang='grc' dir='ltr'><strong>ἐπὶ</strong></span> <span class='ocrx_word' id='word_1_139' title='bbox 727 1797 916 1869; x_wconf 87' lang='grc' dir='ltr'>θρόνου</span> <span class='ocrx_word' id='word_1_140' title='bbox 953 1797 1110 1867; x_wconf 84' lang='grc' dir='ltr'><strong>δόξης</strong></span> <span class='ocrx_word' id='word_1_141' title='bbox 1139 1797 1324 1862; x_wconf 80' lang='grc' dir='ltr'><strong>αὑτοῦ,</strong></span> <span class='ocrx_word' id='word_1_142' title='bbox 1364 1795 1485 1849; x_wconf 87' lang='grc' dir='ltr'><strong>τότε</strong></span> <span class='ocrx_word' id='word_1_143' title='bbox 1512 1796 1606 1848; x_wconf 77' lang='grc' dir='ltr'><strong>καὶ</strong></span> <span class='ocrx_word' id='word_1_144' title='bbox 1645 1795 1798 1865; x_wconf 80' lang='grc' dir='ltr'><strong>ὑμεῖς</strong></span> <span class='ocrx_word' id='word_1_145' title='bbox 1828 1810 1926 1846; x_wconf 78' lang='grc' dir='ltr'><strong>καο</strong></span> 
     </span>
    </p>
   </div>
   <div class='ocr_carea' id='block_1_20' title="bbox 2040 614 3595 684">
    <p class='ocr_par' dir='ltr' id='par_1_20' title="bbox 2040 614 3595 684">
     <span class='ocr_line' id='line_1_20' title="bbox 2040 614 3595 684; baseline 0.001 -17"><span class='ocrx_word' id='word_1_146' title='bbox 2040 614 2288 684; x_wconf 79' lang='lat' dir='ltr'><strong>angelns,</strong></span> <span class='ocrx_word' id='word_1_147' title='bbox 2322 616 2412 668; x_wconf 85' lang='lat' dir='ltr'><strong>sed</strong></span> <span class='ocrx_word' id='word_1_148' title='bbox 2452 616 2562 684; x_wconf 85' lang='lat' dir='ltr'><strong>ipse</strong></span> <span class='ocrx_word' id='word_1_149' title='bbox 2595 614 2851 669; x_wconf 91' lang='lat' dir='ltr'><strong>Dominus</strong></span> <span class='ocrx_word' id='word_1_150' title='bbox 2880 617 3117 671; x_wconf 73' lang='lat' dir='ltr'><strong>servavit</strong></span> <span class='ocrx_word' id='word_1_151' title='bbox 3147 632 3264 671; x_wconf 90' lang='lat' dir='ltr'><strong>nos.</strong></span> <span class='ocrx_word' id='word_1_152' title='bbox 3304 616 3446 670; x_wconf 74' lang='lat' dir='ltr'><strong>Dixit</strong></span> <span class='ocrx_word' id='word_1_153' title='bbox 3490 617 3595 669; x_wconf 77' lang='lat' dir='ltr'><strong>iia-</strong></span> 
     </span>
    </p>
   </div>
   <div class='ocr_carea' id='block_1_21' title="bbox 2032 705 3595 775">
    <p class='ocr_par' dir='ltr' id='par_1_21' title="bbox 2032 705 3595 775">
     <span class='ocr_line' id='line_1_21' title="bbox 2032 705 3595 775; baseline 0.001 -18"><span class='ocrx_word' id='word_1_154' title='bbox 2032 719 2136 774; x_wconf 85' lang='lat' dir='ltr'><strong>que</strong></span> <span class='ocrx_word' id='word_1_155' title='bbox 2158 708 2272 775; x_wconf 89' lang='lat' dir='ltr'><strong>ipse</strong></span> <span class='ocrx_word' id='word_1_156' title='bbox 2302 720 2314 756; x_wconf 91' lang='lat'>:</span> <span class='ocrx_word' id='word_1_157' title='bbox 2348 724 2367 755; x_wconf 79' lang='grc' dir='ltr'><strong>ι</strong></span> <span class='ocrx_word' id='word_1_158' title='bbox 2392 705 2491 771; x_wconf 90' lang='lat' dir='ltr'><strong>Qui</strong></span> <span class='ocrx_word' id='word_1_159' title='bbox 2527 705 2736 775; x_wconf 88' lang='lat' dir='ltr'><strong>loquor,</strong></span> <span class='ocrx_word' id='word_1_160' title='bbox 2764 706 2951 761; x_wconf 84' lang='lat' dir='ltr'><strong>adsum</strong></span> <span class='ocrx_word' id='word_1_161' title='bbox 2985 706 3051 762; x_wconf 74' lang='lat'><strong>“.</strong></span> <span class='ocrx_word' id='word_1_162' title='bbox 3091 725 3110 759; x_wconf 74' lang='grc' dir='ltr'><strong>ι</strong></span> <span class='ocrx_word' id='word_1_163' title='bbox 3139 737 3207 747; x_wconf 94' lang='lat'><strong>-—</strong></span> <span class='ocrx_word' id='word_1_164' title='bbox 3231 726 3250 759; x_wconf 76' lang='grc' dir='ltr'><strong>ι</strong></span> <span class='ocrx_word' id='word_1_165' title='bbox 3285 706 3385 774; x_wconf 92' lang='lat' dir='ltr'><strong>Qui</strong></span> <span class='ocrx_word' id='word_1_166' title='bbox 3416 718 3595 760; x_wconf 87' lang='lat' dir='ltr'><strong>autem</strong></span> 
     </span>
    </p>
   </div>
   <div class='ocr_carea' id='block_1_22' title="bbox 2032 794 3593 867">
    <p class='ocr_par' dir='ltr' id='par_1_22' title="bbox 2032 794 3593 867">
     <span class='ocr_line' id='line_1_22' title="bbox 2032 794 3593 867; baseline 0.003 -23"><span class='ocrx_word' id='word_1_167' title='bbox 2032 807 2235 859; x_wconf 88' lang='lat' dir='ltr'><strong>paucus</strong></span> <span class='ocrx_word' id='word_1_168' title='bbox 2264 802 2364 858; x_wconf 89' lang='lat' dir='ltr'><strong>est,</strong></span> <span class='ocrx_word' id='word_1_169' title='bbox 2410 794 2601 863; x_wconf 87' lang='lat' dir='ltr'><strong>inquit,</strong></span> <span class='ocrx_word' id='word_1_170' title='bbox 2633 796 2734 850; x_wconf 88' lang='lat' dir='ltr'><strong>erit</strong></span> <span class='ocrx_word' id='word_1_171' title='bbox 2765 796 2817 849; x_wconf 91' lang='lat' dir='ltr'><strong>in</strong></span> <span class='ocrx_word' id='word_1_172' title='bbox 2854 796 3043 863; x_wconf 77' lang='lat' dir='ltr'><strong>millia,</strong></span> <span class='ocrx_word' id='word_1_173' title='bbox 3096 806 3151 851; x_wconf 90' lang='lat' dir='ltr'><strong>et</strong></span> <span class='ocrx_word' id='word_1_174' title='bbox 3193 796 3283 867; x_wconf 88' lang='lat' dir='ltr'><strong>qui</strong></span> <span class='ocrx_word' id='word_1_175' title='bbox 3322 797 3593 859; x_wconf 84' lang='lat' dir='ltr'><strong>minimus,</strong></span> 
     </span>
    </p>
   </div>
   <div class='ocr_carea' id='block_1_23' title="bbox 2033 884 3597 954">
    <p class='ocr_par' dir='ltr' id='par_1_23' title="bbox 2033 884 3597 954">
     <span class='ocr_line' id='line_1_23' title="bbox 2033 884 3597 954; baseline 0.003 -18"><span class='ocrx_word' id='word_1_176' title='bbox 2033 884 2085 936; x_wconf 90' lang='lat' dir='ltr'><strong>in</strong></span> <span class='ocrx_word' id='word_1_177' title='bbox 2118 894 2327 953; x_wconf 82' lang='lat' dir='ltr'><strong>gentem</strong></span> <span class='ocrx_word' id='word_1_178' title='bbox 2364 901 2633 954; x_wconf 80' lang='lat' dir='ltr'><strong>magnam.</strong></span> <span class='ocrx_word' id='word_1_179' title='bbox 2661 909 2678 937; x_wconf 76' lang='grc' dir='ltr'><strong><em>ο</em></strong></span> <span class='ocrx_word' id='word_1_180' title='bbox 2711 885 2864 940; x_wconf 84' lang='lat' dir='ltr'><strong>Nunc</strong></span> <span class='ocrx_word' id='word_1_181' title='bbox 2918 888 3082 953; x_wconf 86' lang='lat' dir='ltr'><strong>enim,</strong></span> <span class='ocrx_word' id='word_1_182' title='bbox 3122 887 3174 942; x_wconf 88' lang='lat' dir='ltr'><strong>id</strong></span> <span class='ocrx_word' id='word_1_183' title='bbox 3227 896 3329 952; x_wconf 89' lang='lat' dir='ltr'><strong>est,</strong></span> <span class='ocrx_word' id='word_1_184' title='bbox 3376 888 3428 941; x_wconf 92' lang='lat' dir='ltr'><strong>in</strong></span> <span class='ocrx_word' id='word_1_185' title='bbox 3490 887 3597 941; x_wconf 81' lang='lat' dir='ltr'><strong>hoc</strong></span> 
     </span>
    </p>
   </div>
   <div class='ocr_carea' id='block_1_24' title="bbox 2031 976 3595 1049">
    <p class='ocr_par' dir='ltr' id='par_1_24' title="bbox 2031 976 3595 1049">
     <span class='ocr_line' id='line_1_24' title="bbox 2031 976 3595 1049; baseline 0 -18"><span class='ocrx_word' id='word_1_186' title='bbox 2031 976 2247 1037; x_wconf 85' lang='lat' dir='ltr'><strong>saeculo,</strong></span> <span class='ocrx_word' id='word_1_187' title='bbox 2280 977 2545 1032; x_wconf 81' lang='lat' dir='ltr'><strong>occultata</strong></span> <span class='ocrx_word' id='word_1_188' title='bbox 2577 988 2659 1032; x_wconf 91' lang='lat' dir='ltr'><strong>est</strong></span> <span class='ocrx_word' id='word_1_189' title='bbox 2690 979 2858 1049; x_wconf 81' lang='lat' dir='ltr'><strong>gloria</strong></span> <span class='ocrx_word' id='word_1_190' title='bbox 2878 989 3213 1044; x_wconf 86' lang='lat' dir='ltr'><strong>sanctorum,</strong></span> <span class='ocrx_word' id='word_1_191' title='bbox 3236 988 3288 1033; x_wconf 89' lang='lat' dir='ltr'><strong>et</strong></span> <span class='ocrx_word' id='word_1_192' title='bbox 3318 979 3362 1034; x_wconf 87' lang='lat' dir='ltr'><strong>si</strong></span> <span class='ocrx_word' id='word_1_193' title='bbox 3396 978 3595 1033; x_wconf 79' lang='lat' dir='ltr'><strong>fastum</strong></span> 
     </span>
    </p>
   </div>
   <div class='ocr_carea' id='block_1_25' title="bbox 2032 1067 3598 1137">
    <p class='ocr_par' dir='ltr' id='par_1_25' title="bbox 2032 1067 3598 1137">
     <span class='ocr_line' id='line_1_25' title="bbox 2032 1067 3598 1137; baseline 0.003 -19"><span class='ocrx_word' id='word_1_194' title='bbox 2032 1067 2213 1119; x_wconf 87' lang='lat' dir='ltr'><strong>mundi</strong></span> <span class='ocrx_word' id='word_1_195' title='bbox 2251 1067 2525 1136; x_wconf 87' lang='lat' dir='ltr'><strong>respicias,</strong></span> <span class='ocrx_word' id='word_1_196' title='bbox 2585 1068 2792 1120; x_wconf 86' lang='lat' dir='ltr'><strong>minimi</strong></span> <span class='ocrx_word' id='word_1_197' title='bbox 2832 1083 2952 1123; x_wconf 86' lang='lat' dir='ltr'><strong>esse</strong></span> <span class='ocrx_word' id='word_1_198' title='bbox 3014 1069 3278 1134; x_wconf 85' lang='lat' dir='ltr'><strong>videntur,</strong></span> <span class='ocrx_word' id='word_1_199' title='bbox 3309 1068 3398 1137; x_wconf 86' lang='lat' dir='ltr'><strong>qui</strong></span> <span class='ocrx_word' id='word_1_200' title='bbox 3474 1068 3598 1122; x_wconf 88' lang='lat' dir='ltr'><strong>illu-</strong></span> 
     </span>
    </p>
   </div>
   <div class='ocr_carea' id='block_1_26' title="bbox 2032 1158 3597 1228">
    <p class='ocr_par' dir='ltr' id='par_1_26' title="bbox 2032 1158 3597 1228">
     <span class='ocr_line' id='line_1_26' title="bbox 2032 1158 3597 1228; baseline 0.002 -18"><span class='ocrx_word' id='word_1_201' title='bbox 2032 1165 2197 1210; x_wconf 82' lang='lat' dir='ltr'><strong>strem</strong></span> <span class='ocrx_word' id='word_1_202' title='bbox 2240 1172 2344 1210; x_wconf 87' lang='lat' dir='ltr'><strong>non</strong></span> <span class='ocrx_word' id='word_1_203' title='bbox 2372 1158 2571 1212; x_wconf 82' lang='lat' dir='ltr'><strong>habent</strong></span> <span class='ocrx_word' id='word_1_204' title='bbox 2605 1159 2972 1228; x_wconf 81' lang='lat' dir='ltr'><strong>gloriam;sed</strong></span> <span class='ocrx_word' id='word_1_205' title='bbox 2997 1174 3182 1214; x_wconf 84' lang='lat' dir='ltr'><strong>rursus</strong></span> <span class='ocrx_word' id='word_1_206' title='bbox 3227 1160 3314 1213; x_wconf 91' lang='lat' dir='ltr'><strong>ubi</strong></span> <span class='ocrx_word' id='word_1_207' title='bbox 3364 1159 3597 1213; x_wconf 79' lang='lat' dir='ltr'><strong>illuxerit</strong></span> 
     </span>
    </p>
   </div>
   <div class='ocr_carea' id='block_1_27' title="bbox 2030 1246 3593 1318">
    <p class='ocr_par' dir='ltr' id='par_1_27' title="bbox 2030 1246 3593 1318">
     <span class='ocr_line' id='line_1_27' title="bbox 2030 1246 3593 1318; baseline 0.001 -19"><span class='ocrx_word' id='word_1_208' title='bbox 2030 1246 2094 1299; x_wconf 86' lang='lat' dir='ltr'><strong>de</strong></span> <span class='ocrx_word' id='word_1_209' title='bbox 2129 1246 2267 1300; x_wconf 69' lang='lat' dir='ltr'><strong>cmlo</strong></span> <span class='ocrx_word' id='word_1_210' title='bbox 2296 1246 2562 1313; x_wconf 83' lang='lat' dir='ltr'><strong>Christus,</strong></span> <span class='ocrx_word' id='word_1_211' title='bbox 2594 1261 2721 1303; x_wconf 91' lang='lat' dir='ltr'><strong>tunc</strong></span> <span class='ocrx_word' id='word_1_212' title='bbox 2757 1250 2917 1303; x_wconf 91' lang='lat' dir='ltr'><strong>etiam</strong></span> <span class='ocrx_word' id='word_1_213' title='bbox 2961 1250 3050 1318; x_wconf 91' lang='lat' dir='ltr'><strong>qui</strong></span> <span class='ocrx_word' id='word_1_214' title='bbox 3103 1250 3315 1303; x_wconf 84' lang='lat' dir='ltr'><strong>habitus</strong></span> <span class='ocrx_word' id='word_1_215' title='bbox 3344 1258 3447 1311; x_wconf 90' lang='lat' dir='ltr'><strong>est,</strong></span> <span class='ocrx_word' id='word_1_216' title='bbox 3492 1250 3593 1301; x_wconf 89' lang='lat' dir='ltr'><strong>mi-</strong></span> 
     </span>
    </p>
   </div>
   <div class='ocr_carea' id='block_1_28' title="bbox 2030 1335 3597 1408">
    <p class='ocr_par' dir='ltr' id='par_1_28' title="bbox 2030 1335 3597 1408">
     <span class='ocr_line' id='line_1_28' title="bbox 2030 1335 3597 1408; baseline 0.003 -23"><span class='ocrx_word' id='word_1_217' title='bbox 2030 1335 2208 1390; x_wconf 89' lang='lat' dir='ltr'><strong>nimus</strong></span> <span class='ocrx_word' id='word_1_218' title='bbox 2231 1344 2285 1389; x_wconf 92' lang='lat' dir='ltr'><strong>et</strong></span> <span class='ocrx_word' id='word_1_219' title='bbox 2313 1352 2536 1406; x_wconf 87' lang='lat' dir='ltr'><strong>paucus,</strong></span> <span class='ocrx_word' id='word_1_220' title='bbox 2563 1338 2665 1391; x_wconf 90' lang='lat' dir='ltr'><strong>erit</strong></span> <span class='ocrx_word' id='word_1_221' title='bbox 2693 1338 2745 1391; x_wconf 91' lang='lat' dir='ltr'><strong>in</strong></span> <span class='ocrx_word' id='word_1_222' title='bbox 2780 1354 3025 1408; x_wconf 80' lang='lat' dir='ltr'><strong>magnam</strong></span> <span class='ocrx_word' id='word_1_223' title='bbox 3056 1347 3290 1407; x_wconf 77' lang='lat' dir='ltr'><strong>gentem.</strong></span> <span class='ocrx_word' id='word_1_224' title='bbox 3334 1337 3597 1391; x_wconf 67' lang='lat' dir='ltr'><strong>Praelicic-</strong></span> 
     </span>
    </p>
   </div>
   <div class='ocr_carea' id='block_1_29' title="bbox 2030 1425 3593 1496">
    <p class='ocr_par' dir='ltr' id='par_1_29' title="bbox 2030 1425 3593 1496">
     <span class='ocr_line' id='line_1_29' title="bbox 2030 1425 3593 1496; baseline 0.002 -22"><span class='ocrx_word' id='word_1_225' title='bbox 2030 1431 2117 1475; x_wconf 88' lang='lat' dir='ltr'><strong>tur</strong></span> <span class='ocrx_word' id='word_1_226' title='bbox 2147 1425 2289 1478; x_wconf 89' lang='lat' dir='ltr'><strong>enim</strong></span> <span class='ocrx_word' id='word_1_227' title='bbox 2328 1426 2536 1493; x_wconf 78' lang='lat' dir='ltr'><strong>populis</strong></span> <span class='ocrx_word' id='word_1_228' title='bbox 2568 1437 2621 1480; x_wconf 89' lang='lat' dir='ltr'><strong>et</strong></span> <span class='ocrx_word' id='word_1_229' title='bbox 2671 1427 2996 1495; x_wconf 81' lang='lat' dir='ltr'><strong>imperitabit</strong></span> <span class='ocrx_word' id='word_1_230' title='bbox 3040 1426 3244 1491; x_wconf 86' lang='lat' dir='ltr'><strong>multis,</strong></span> <span class='ocrx_word' id='word_1_231' title='bbox 3299 1436 3482 1496; x_wconf 88' lang='lat' dir='ltr'><strong>utpote</strong></span> <span class='ocrx_word' id='word_1_232' title='bbox 3540 1427 3593 1478; x_wconf 90' lang='lat' dir='ltr'><strong>in</strong></span> 
     </span>
    </p>
   </div>
   <div class='ocr_carea' id='block_1_30' title="bbox 2030 1512 3589 1582">
    <p class='ocr_par' dir='ltr' id='par_1_30' title="bbox 2030 1512 3589 1582">
     <span class='ocr_line' id='line_1_30' title="bbox 2030 1512 3589 1582; baseline 0.003 -18"><span class='ocrx_word' id='word_1_233' title='bbox 2030 1512 2127 1564; x_wconf 85' lang='lat' dir='ltr'><strong>hac</strong></span> <span class='ocrx_word' id='word_1_234' title='bbox 2156 1515 2261 1566; x_wconf 87' lang='lat' dir='ltr'><strong>vita</strong></span> <span class='ocrx_word' id='word_1_235' title='bbox 2296 1516 2540 1569; x_wconf 80' lang='lat' dir='ltr'><strong>confecto</strong></span> <span class='ocrx_word' id='word_1_236' title='bbox 2567 1532 2723 1571; x_wconf 84' lang='lat' dir='ltr'><strong>cursu</strong></span> <span class='ocrx_word' id='word_1_237' title='bbox 2770 1517 3044 1574; x_wconf 80' lang='lat' dir='ltr'><strong>laudabili.</strong></span> <span class='ocrx_word' id='word_1_238' title='bbox 3088 1517 3239 1582; x_wconf 87' lang='lat' dir='ltr'><strong>Quod</strong></span> <span class='ocrx_word' id='word_1_239' title='bbox 3277 1516 3460 1571; x_wconf 84' lang='lat' dir='ltr'><strong>videre</strong></span> <span class='ocrx_word' id='word_1_240' title='bbox 3485 1528 3589 1581; x_wconf 69' lang='lat' dir='ltr'><strong>esv,</strong></span> 
     </span>
    </p>
   </div>
   <div class='ocr_carea' id='block_1_31' title="bbox 2028 1603 3592 1678">
    <p class='ocr_par' dir='ltr' id='par_1_31' title="bbox 2028 1603 3592 1678">
     <span class='ocr_line' id='line_1_31' title="bbox 2028 1603 3592 1678; baseline 0.004 -24"><span class='ocrx_word' id='word_1_241' title='bbox 2028 1618 2092 1655; x_wconf 78' lang='lat' dir='ltr'><strong>ex</strong></span> <span class='ocrx_word' id='word_1_242' title='bbox 2137 1603 2220 1659; x_wconf 93' lang='lat' dir='ltr'><strong>his</strong></span> <span class='ocrx_word' id='word_1_243' title='bbox 2253 1607 2816 1674; x_wconf 67' lang='lat' dir='ltr'><strong>qumdixitChristus.</strong></span> <span class='ocrx_word' id='word_1_244' title='bbox 2853 1608 2987 1662; x_wconf 84' lang='lat' dir='ltr'><strong>Nam</strong></span> <span class='ocrx_word' id='word_1_245' title='bbox 3047 1609 3243 1663; x_wconf 83' lang='lat' dir='ltr'><strong>aﬂ‘atus</strong></span> <span class='ocrx_word' id='word_1_246' title='bbox 3305 1607 3592 1678; x_wconf 89' lang='lat' dir='ltr'><strong>apostolos,</strong></span> 
     </span>
    </p>
   </div>
   <div class='ocr_carea' id='block_1_32' title="bbox 1980 1694 3595 1769">
    <p class='ocr_par' dir='ltr' id='par_1_32' title="bbox 1980 1694 3595 1769">
     <span class='ocr_line' id='line_1_32' title="bbox 1980 1694 3595 1769; baseline 0.004 -24"><span class='ocrx_word' id='word_1_247' title='bbox 1980 1744 1983 1745; x_wconf 30' lang='grc' dir='ltr'><strong>ν</strong></span> <span class='ocrx_word' id='word_1_248' title='bbox 2031 1694 2209 1761; x_wconf 84' lang='lat' dir='ltr'><strong>inquit</strong></span> <span class='ocrx_word' id='word_1_249' title='bbox 2234 1711 2248 1749; x_wconf 91' lang='lat'><strong>:</strong></span> <span class='ocrx_word' id='word_1_250' title='bbox 2277 1716 2295 1748; x_wconf 72' lang='grc' dir='ltr'><strong>ι</strong></span> <span class='ocrx_word' id='word_1_251' title='bbox 2331 1696 2464 1751; x_wconf 84' lang='lat' dir='ltr'><strong>Cum</strong></span> <span class='ocrx_word' id='word_1_252' title='bbox 2489 1697 2657 1754; x_wconf 85' lang='lat' dir='ltr'><strong>Filius</strong></span> <span class='ocrx_word' id='word_1_253' title='bbox 2676 1700 2906 1753; x_wconf 91' lang='lat' dir='ltr'><strong>hominis</strong></span> <span class='ocrx_word' id='word_1_254' title='bbox 2937 1700 3142 1754; x_wconf 84' lang='lat' dir='ltr'><strong>sedebit</strong></span> <span class='ocrx_word' id='word_1_255' title='bbox 3170 1698 3333 1769; x_wconf 80' lang='lat'><strong>857</strong></span> <span class='ocrx_word' id='word_1_256' title='bbox 3365 1699 3416 1751; x_wconf 89' lang='lat' dir='ltr'><strong>in</strong></span> <span class='ocrx_word' id='word_1_257' title='bbox 3445 1696 3595 1752; x_wconf 78' lang='lat' dir='ltr'><strong>thro-</strong></span> 
     </span>
    </p>
   </div>
   <div class='ocr_carea' id='block_1_33' title="bbox 2026 1785 3591 1861">
    <p class='ocr_par' dir='ltr' id='par_1_33' title="bbox 2026 1785 3591 1861">
     <span class='ocr_line' id='line_1_33' title="bbox 2026 1785 3591 1861; baseline 0.003 -25"><span class='ocrx_word' id='word_1_258' title='bbox 2026 1799 2096 1837; x_wconf 88' lang='lat' dir='ltr'><strong>no</strong></span> <span class='ocrx_word' id='word_1_259' title='bbox 2120 1785 2303 1855; x_wconf 72' lang='lat' dir='ltr'><strong>gloria:</strong></span> <span class='ocrx_word' id='word_1_260' title='bbox 2323 1802 2454 1850; x_wconf 78' lang='lat' dir='ltr'><strong>suae,</strong></span> <span class='ocrx_word' id='word_1_261' title='bbox 2482 1796 2607 1861; x_wconf 88' lang='lat' dir='ltr'><strong>tunc</strong></span> <span class='ocrx_word' id='word_1_262' title='bbox 2633 1790 2794 1843; x_wconf 90' lang='lat' dir='ltr'><strong>etiam</strong></span> <span class='ocrx_word' id='word_1_263' title='bbox 2825 1790 3079 1844; x_wconf 88' lang='lat' dir='ltr'><strong>sedebitis</strong></span> <span class='ocrx_word' id='word_1_264' title='bbox 3113 1791 3276 1844; x_wconf 87' lang='lat' dir='ltr'><strong>vosin</strong></span> <span class='ocrx_word' id='word_1_265' title='bbox 3312 1790 3591 1842; x_wconf 85' lang='lat' dir='ltr'><strong>duodecim</strong></span> 
     </span>
    </p>
   </div>
   <div class='ocr_carea' id='block_1_34' title="bbox 351 1877 1920 1959">
    <p class='ocr_par' dir='ltr' id='par_1_34' title="bbox 351 1884 1920 1959">
     <span class='ocr_line' id='line_1_34' title="bbox 351 1884 1920 1959; baseline -0.004 -15"><span class='ocrx_word' id='word_1_266' title='bbox 351 1890 567 1944; x_wconf 87' lang='grc' dir='ltr'><strong>θίσεσθε</strong></span> <span class='ocrx_word' id='word_1_267' title='bbox 623 1890 717 1943; x_wconf 57' lang='grc' dir='ltr'><strong>ἐπὶ⁸</strong></span> <span class='ocrx_word' id='word_1_268' title='bbox 755 1889 961 1943; x_wconf 84' lang='grc' dir='ltr'><strong>δώδεκα</strong></span> <span class='ocrx_word' id='word_1_269' title='bbox 1003 1888 1229 1959; x_wconf 88' lang='grc' dir='ltr'><strong>θρόνων,</strong></span> <span class='ocrx_word' id='word_1_270' title='bbox 1277 1886 1555 1959; x_wconf 80' lang='grc' dir='ltr'><strong>κρίνοντες</strong></span> <span class='ocrx_word' id='word_1_271' title='bbox 1594 1886 1690 1948; x_wconf 83' lang='grc' dir='ltr'><strong>τὰς</strong></span> <span class='ocrx_word' id='word_1_272' title='bbox 1719 1884 1920 1938; x_wconf 84' lang='grc' dir='ltr'><strong>δώδεκα</strong></span> 
     </span>
    </p>
   </div>
   <div class='ocr_carea' id='block_1_35' title="bbox 2020 1877 3590 1959">
    <p class='ocr_par' dir='ltr' id='par_1_35' title="bbox 2030 1877 3590 1946">
     <span class='ocr_line' id='line_1_35' title="bbox 2030 1877 3590 1946; baseline -0.001 -14"><span class='ocrx_word' id='word_1_273' title='bbox 2030 1877 2236 1932; x_wconf 88' lang='lat' dir='ltr'><strong>thronis</strong></span> <span class='ocrx_word' id='word_1_274' title='bbox 2270 1878 2573 1946; x_wconf 68' lang='lat' dir='ltr'><strong>indicantes</strong></span> <span class='ocrx_word' id='word_1_275' title='bbox 2611 1878 2891 1933; x_wconf 80' lang='lat' dir='ltr'><strong>duodecim</strong></span> <span class='ocrx_word' id='word_1_276' title='bbox 2922 1879 3093 1934; x_wconf 91' lang='lat' dir='ltr'><strong>tribus</strong></span> <span class='ocrx_word' id='word_1_277' title='bbox 3126 1879 3287 1934; x_wconf 86' lang='lat' dir='ltr'><strong>lsrael</strong></span> <span class='ocrx_word' id='word_1_278' title='bbox 3312 1878 3378 1931; x_wconf 84' lang='grc'><strong>³⁸.</strong></span> <span class='ocrx_word' id='word_1_279' title='bbox 3410 1898 3428 1931; x_wconf 72' lang='grc' dir='ltr'><strong>ι</strong></span> <span class='ocrx_word' id='word_1_280' title='bbox 3452 1879 3590 1944; x_wconf 85' lang='lat' dir='ltr'><strong>Quin</strong></span> 
     </span>
    </p>
   </div>
   <div class='ocr_carea' id='block_1_36' title="bbox 349 1975 1927 2053">
    <p class='ocr_par' dir='ltr' id='par_1_36' title="bbox 349 1975 1927 2053">
     <span class='ocr_line' id='line_1_36' title="bbox 349 1975 1927 2053; baseline -0.003 -18"><span class='ocrx_word' id='word_1_281' title='bbox 349 1982 521 2052; x_wconf 82' lang='grc' dir='ltr'><strong>φυλὰς</strong></span> <span class='ocrx_word' id='word_1_282' title='bbox 556 1982 650 2036; x_wconf 90' lang='grc' dir='ltr'><strong>τοῦ</strong></span> <span class='ocrx_word' id='word_1_283' title='bbox 686 1981 919 2053; x_wconf 86' lang='grc' dir='ltr'><strong>Ἰσραήλ.</strong></span> <span class='ocrx_word' id='word_1_284' title='bbox 954 2000 971 2032; x_wconf 76' lang='grc' dir='ltr'><strong>ι</strong></span> <span class='ocrx_word' id='word_1_285' title='bbox 1013 1979 1173 2033; x_wconf 74' lang='grc' dir='ltr'><strong>Ἀλλά</strong></span> <span class='ocrx_word' id='word_1_286' title='bbox 1219 1978 1328 2050; x_wconf 84' lang='grc' dir='ltr'><strong>γὰρ</strong></span> <span class='ocrx_word' id='word_1_287' title='bbox 1374 1978 1468 2032; x_wconf 77' lang='grc' dir='ltr'><strong>καὶ</strong></span> <span class='ocrx_word' id='word_1_288' title='bbox 1512 1979 1569 2031; x_wconf 90' lang='grc' dir='ltr'><strong>ἐν</strong></span> <span class='ocrx_word' id='word_1_289' title='bbox 1599 1979 1664 2047; x_wconf 84' lang='grc' dir='ltr'><strong>τῇ</strong></span> <span class='ocrx_word' id='word_1_290' title='bbox 1693 1975 1802 2029; x_wconf 90' lang='grc' dir='ltr'><strong>τῶν</strong></span> <span class='ocrx_word' id='word_1_291' title='bbox 1832 1992 1927 2030; x_wconf 88' lang='grc' dir='ltr'><strong>τα-</strong></span> 
     </span>
    </p>
   </div>
   <div class='ocr_carea' id='block_1_37' title="bbox 348 2064 1928 2143">
    <p class='ocr_par' dir='ltr' id='par_1_37' title="bbox 348 2064 1928 2143">
     <span class='ocr_line' id='line_1_37' title="bbox 348 2064 1928 2143; baseline -0.004 -18"><span class='ocrx_word' id='word_1_292' title='bbox 348 2073 557 2128; x_wconf 89' lang='grc' dir='ltr'><strong>λάντων</strong></span> <span class='ocrx_word' id='word_1_293' title='bbox 599 2072 914 2143; x_wconf 89' lang='grc' dir='ltr'><strong>διανεμήσει</strong></span> <span class='ocrx_word' id='word_1_294' title='bbox 950 2071 1263 2142; x_wconf 76' lang='grc' dir='ltr'><strong>εὑρίσκεται</strong></span> <span class='ocrx_word' id='word_1_295' title='bbox 1291 2069 1484 2138; x_wconf 87' lang='grc' dir='ltr'><strong>λέγων,</strong></span> <span class='ocrx_word' id='word_1_296' title='bbox 1519 2089 1536 2120; x_wconf 77' lang='grc' dir='ltr'><strong>ι</strong></span> <span class='ocrx_word' id='word_1_297' title='bbox 1574 2068 1705 2120; x_wconf 86' lang='grc' dir='ltr'><strong>Ἕσο</strong></span> <span class='ocrx_word' id='word_1_298' title='bbox 1744 2064 1928 2119; x_wconf 85' lang='grc' dir='ltr'><strong>ἐπάνω</strong></span> 
     </span>
    </p>
   </div>
   <div class='ocr_carea' id='block_1_38' title="bbox 347 2155 1924 2235">
    <p class='ocr_par' dir='ltr' id='par_1_38' title="bbox 347 2155 1924 2235">
     <span class='ocr_line' id='line_1_38' title="bbox 347 2155 1924 2235; baseline -0.007 -16"><span class='ocrx_word' id='word_1_299' title='bbox 347 2166 478 2219; x_wconf 84' lang='grc' dir='ltr'><strong>δέκα</strong></span> <span class='ocrx_word' id='word_1_300' title='bbox 527 2164 728 2235; x_wconf 71' lang='grc' dir='ltr'><strong>φυλῶψ</strong></span> <span class='ocrx_word' id='word_1_301' title='bbox 770 2182 788 2215; x_wconf 76' lang='grc' dir='ltr'><strong>ι</strong></span> <span class='ocrx_word' id='word_1_302' title='bbox 824 2163 1034 2234; x_wconf 80' lang='grc' dir='ltr'><strong>ἑτέροις</strong></span> <span class='ocrx_word' id='word_1_303' title='bbox 1079 2162 1136 2215; x_wconf 83' lang='grc' dir='ltr'><strong>δὲ</strong></span> <span class='ocrx_word' id='word_1_304' title='bbox 1176 2161 1275 2233; x_wconf 83' lang='grc' dir='ltr'><strong>τὴν</strong></span> <span class='ocrx_word' id='word_1_305' title='bbox 1321 2162 1459 2229; x_wconf 83' lang='grc' dir='ltr'><strong>μείω</strong></span> <span class='ocrx_word' id='word_1_306' title='bbox 1483 2158 1665 2212; x_wconf 85' lang='grc' dir='ltr'><strong>δίδωσι</strong></span> <span class='ocrx_word' id='word_1_307' title='bbox 1709 2155 1924 2228; x_wconf 75' lang='grc' dir='ltr'><strong>μοίραψ</strong></span> 
     </span>
    </p>
   </div>
   <div class='ocr_carea' id='block_1_39' title="bbox 355 2246 1927 2326">
    <p class='ocr_par' dir='ltr' id='par_1_39' title="bbox 355 2246 1927 2326">
     <span class='ocr_line' id='line_1_39' title="bbox 355 2246 1927 2326; baseline -0.006 -19"><span class='ocrx_word' id='word_1_308' title='bbox 355 2275 375 2307; x_wconf 82' lang='lat' dir='ltr'><strong>s</strong></span> <span class='ocrx_word' id='word_1_309' title='bbox 411 2255 544 2311; x_wconf 81' lang='grc' dir='ltr'><strong>Ἐσο</strong></span> <span class='ocrx_word' id='word_1_310' title='bbox 580 2254 723 2326; x_wconf 84' lang='grc' dir='ltr'><strong>γὰρ,</strong></span> <span class='ocrx_word' id='word_1_311' title='bbox 764 2253 949 2322; x_wconf 71' lang='grc' dir='ltr'><strong>φησὶν,</strong></span> <span class='ocrx_word' id='word_1_312' title='bbox 1012 2251 1195 2306; x_wconf 85' lang='grc' dir='ltr'><strong>ἐπάνω</strong></span> <span class='ocrx_word' id='word_1_313' title='bbox 1257 2249 1419 2303; x_wconf 77' lang='grc' dir='ltr'><strong>πέντε</strong></span> <span class='ocrx_word' id='word_1_314' title='bbox 1466 2248 1689 2302; x_wconf 90' lang='grc' dir='ltr'><strong>πόλεων.</strong></span> <span class='ocrx_word' id='word_1_315' title='bbox 1724 2264 1745 2300; x_wconf 78' lang='lat' dir='ltr'><strong>s</strong></span> <span class='ocrx_word' id='word_1_316' title='bbox 1794 2246 1927 2300; x_wconf 79' lang='grc' dir='ltr'><strong>Ἰσοο</strong></span> 
     </span>
    </p>
   </div>
   <div class='ocr_carea' id='block_1_40' title="bbox 350 2334 1927 2407">
    <p class='ocr_par' dir='ltr' id='par_1_40' title="bbox 350 2334 1927 2407">
     <span class='ocr_line' id='line_1_40' title="bbox 350 2334 1927 2407; baseline -0.006 -9"><span class='ocrx_word' id='word_1_317' title='bbox 350 2343 650 2398; x_wconf 89' lang='grc' dir='ltr'><strong>στατοῦσάν</strong></span> <span class='ocrx_word' id='word_1_318' title='bbox 682 2360 783 2396; x_wconf 90' lang='grc' dir='ltr'><strong>που</strong></span> <span class='ocrx_word' id='word_1_319' title='bbox 831 2343 1049 2405; x_wconf 89' lang='grc' dir='ltr'><strong>πάντως</strong></span> <span class='ocrx_word' id='word_1_320' title='bbox 1087 2344 1208 2404; x_wconf 82' lang='grc' dir='ltr'><strong>ταῖς</strong></span> <span class='ocrx_word' id='word_1_321' title='bbox 1237 2340 1561 2402; x_wconf 86' lang='grc' dir='ltr'><strong>ἐπιεικείαις</strong></span> <span class='ocrx_word' id='word_1_322' title='bbox 1606 2336 1786 2391; x_wconf 75' lang='grc' dir='ltr'><strong>αὐτῶν</strong></span> <span class='ocrx_word' id='word_1_323' title='bbox 1827 2334 1927 2407; x_wconf 79' lang='grc' dir='ltr'><strong>τὴν</strong></span> 
     </span>
    </p>
   </div>
   <div class='ocr_carea' id='block_1_41' title="bbox 346 2428 1927 2507">
    <p class='ocr_par' dir='ltr' id='par_1_41' title="bbox 346 2428 1927 2507">
     <span class='ocr_line' id='line_1_41' title="bbox 346 2428 1927 2507; baseline -0.006 -17"><span class='ocrx_word' id='word_1_324' title='bbox 346 2435 692 2507; x_wconf 80' lang='grc' dir='ltr'><strong>ἀντιμισθίαν</strong></span> <span class='ocrx_word' id='word_1_325' title='bbox 719 2435 947 2506; x_wconf 82' lang='grc' dir='ltr'><strong>ὀρέγων,</strong></span> <span class='ocrx_word' id='word_1_326' title='bbox 985 2435 1080 2487; x_wconf 76' lang='grc' dir='ltr'><strong>καὶ</strong></span> <span class='ocrx_word' id='word_1_327' title='bbox 1104 2432 1202 2503; x_wconf 83' lang='grc' dir='ltr'><strong>τὴν</strong></span> <span class='ocrx_word' id='word_1_328' title='bbox 1233 2433 1449 2501; x_wconf 80' lang='grc' dir='ltr'><strong>ἑκάστῳ</strong></span> <span class='ocrx_word' id='word_1_329' title='bbox 1491 2428 1807 2501; x_wconf 83' lang='grc' dir='ltr'><strong>πρέπουσαν</strong></span> <span class='ocrx_word' id='word_1_330' title='bbox 1831 2442 1927 2481; x_wconf 82' lang='grc' dir='ltr'><strong>τα-</strong></span> 
     </span>
    </p>
   </div>
   <div class='ocr_carea' id='block_1_42' title="bbox 345 2519 1927 2596">
    <p class='ocr_par' dir='ltr' id='par_1_42' title="bbox 345 2519 1927 2596">
     <span class='ocr_line' id='line_1_42' title="bbox 345 2519 1927 2596; baseline -0.006 -16"><span class='ocrx_word' id='word_1_331' title='bbox 345 2525 616 2580; x_wconf 86' lang='grc' dir='ltr'><strong>λαντεύων</strong></span> <span class='ocrx_word' id='word_1_332' title='bbox 636 2527 824 2596; x_wconf 82' lang='grc' dir='ltr'><strong>τιμήν.</strong></span> <span class='ocrx_word' id='word_1_333' title='bbox 871 2526 988 2578; x_wconf 76' lang='grc' dir='ltr'><strong>Ἐπ’</strong></span> <span class='ocrx_word' id='word_1_334' title='bbox 1034 2524 1184 2595; x_wconf 78' lang='grc' dir='ltr'><strong>αὑτῷ</strong></span> <span class='ocrx_word' id='word_1_335' title='bbox 1219 2522 1285 2594; x_wconf 84' lang='grc' dir='ltr'><strong>δὴ</strong></span> <span class='ocrx_word' id='word_1_336' title='bbox 1315 2519 1407 2575; x_wconf 87' lang='grc' dir='ltr'><strong>οῦν</strong></span> <span class='ocrx_word' id='word_1_337' title='bbox 1450 2520 1624 2591; x_wconf 82' lang='grc' dir='ltr'><strong>τούτῳ</strong></span> <span class='ocrx_word' id='word_1_338' title='bbox 1647 2519 1927 2591; x_wconf 87' lang='grc' dir='ltr'><strong>χαίροντες</strong></span> 
     </span>
    </p>
   </div>
   <div class='ocr_carea' id='block_1_43' title="bbox 347 2607 1927 2686">
    <p class='ocr_par' dir='ltr' id='par_1_43' title="bbox 347 2607 1927 2686">
     <span class='ocr_line' id='line_1_43' title="bbox 347 2607 1927 2686; baseline -0.005 -16"><span class='ocrx_word' id='word_1_339' title='bbox 347 2619 397 2670; x_wconf 81' lang='grc' dir='ltr'><strong>οἱ</strong></span> <span class='ocrx_word' id='word_1_340' title='bbox 434 2617 578 2685; x_wconf 77' lang='grc' dir='ltr'><strong>ἀγιοί</strong></span> <span class='ocrx_word' id='word_1_341' title='bbox 601 2634 785 2686; x_wconf 76' lang='grc' dir='ltr'><strong>φασιψ</strong></span> <span class='ocrx_word' id='word_1_342' title='bbox 820 2634 838 2667; x_wconf 78' lang='grc' dir='ltr'><strong>ι</strong></span> <span class='ocrx_word' id='word_1_343' title='bbox 883 2614 1149 2679; x_wconf 83' lang='grc' dir='ltr'><strong>’Υπέταξε</strong></span> <span class='ocrx_word' id='word_1_344' title='bbox 1178 2614 1341 2677; x_wconf 82' lang='grc' dir='ltr'><strong>λαοὺς</strong></span> <span class='ocrx_word' id='word_1_345' title='bbox 1370 2615 1523 2684; x_wconf 78' lang='grc' dir='ltr'><strong>ημῖν,</strong></span> <span class='ocrx_word' id='word_1_346' title='bbox 1548 2612 1643 2665; x_wconf 83' lang='grc' dir='ltr'><strong>καὶ</strong></span> <span class='ocrx_word' id='word_1_347' title='bbox 1668 2610 1794 2681; x_wconf 80' lang='grc' dir='ltr'><strong>ἔθνη</strong></span> <span class='ocrx_word' id='word_1_348' title='bbox 1821 2607 1927 2662; x_wconf 85' lang='grc' dir='ltr'><strong>ὑπὸ</strong></span> 
     </span>
    </p>
   </div>
   <div class='ocr_carea' id='block_1_44' title="bbox 346 2702 1925 2778">
    <p class='ocr_par' dir='ltr' id='par_1_44' title="bbox 346 2702 1925 2778">
     <span class='ocr_line' id='line_1_44' title="bbox 346 2702 1925 2778; baseline -0.006 -16"><span class='ocrx_word' id='word_1_349' title='bbox 346 2710 473 2770; x_wconf 82' lang='grc' dir='ltr'><strong>τοὺς</strong></span> <span class='ocrx_word' id='word_1_350' title='bbox 503 2707 667 2770; x_wconf 84' lang='grc' dir='ltr'><strong>πόδας</strong></span> <span class='ocrx_word' id='word_1_351' title='bbox 705 2706 881 2778; x_wconf 79' lang='grc' dir='ltr'><strong>ἡμῶν.</strong></span> <span class='ocrx_word' id='word_1_352' title='bbox 925 2726 941 2758; x_wconf 78' lang='grc' dir='ltr'><strong>ι</strong></span> <span class='ocrx_word' id='word_1_353' title='bbox 987 2705 1126 2769; x_wconf 85' lang='grc' dir='ltr'><strong>Τούς</strong></span> <span class='ocrx_word' id='word_1_354' title='bbox 1161 2722 1225 2773; x_wconf 89' lang='grc' dir='ltr'><strong>γε</strong></span> <span class='ocrx_word' id='word_1_355' title='bbox 1263 2704 1368 2774; x_wconf 86' lang='grc' dir='ltr'><strong>μὴν</strong></span> <span class='ocrx_word' id='word_1_356' title='bbox 1409 2702 1728 2773; x_wconf 75' lang='grc' dir='ltr'><strong>ἐλαχίστους</strong></span> <span class='ocrx_word' id='word_1_357' title='bbox 1768 2716 1925 2770; x_wconf 88' lang='grc' dir='ltr'><strong>νομι-</strong></span> 
     </span>
    </p>
   </div>
   <div class='ocr_carea' id='block_1_45' title="bbox 347 2790 1925 2866">
    <p class='ocr_par' dir='ltr' id='par_1_45' title="bbox 347 2790 1925 2866">
     <span class='ocr_line' id='line_1_45' title="bbox 347 2790 1925 2866; baseline -0.005 -15"><span class='ocrx_word' id='word_1_358' title='bbox 347 2798 574 2861; x_wconf 85' lang='grc' dir='ltr'><strong>σθέντας</strong></span> <span class='ocrx_word' id='word_1_359' title='bbox 600 2794 738 2851; x_wconf 77' lang='grc' dir='ltr'><strong>εἶναι</strong></span> <span class='ocrx_word' id='word_1_360' title='bbox 786 2797 927 2850; x_wconf 87' lang='grc' dir='ltr'><strong>κατά</strong></span> <span class='ocrx_word' id='word_1_361' title='bbox 966 2797 1056 2849; x_wconf 89' lang='grc' dir='ltr'><strong>τὸν</strong></span> <span class='ocrx_word' id='word_1_362' title='bbox 1094 2796 1227 2866; x_wconf 85' lang='grc' dir='ltr'><strong>βίον,</strong></span> <span class='ocrx_word' id='word_1_363' title='bbox 1259 2790 1377 2848; x_wconf 70' lang='grc' dir='ltr'><strong>εἶτα</strong></span> <span class='ocrx_word' id='word_1_364' title='bbox 1407 2793 1697 2863; x_wconf 88' lang='grc' dir='ltr'><strong>γεγονότας</strong></span> <span class='ocrx_word' id='word_1_365' title='bbox 1735 2791 1814 2853; x_wconf 86' lang='grc' dir='ltr'><strong>είς</strong></span> <span class='ocrx_word' id='word_1_366' title='bbox 1842 2807 1925 2860; x_wconf 89' lang='grc' dir='ltr'><strong>χι-</strong></span> 
     </span>
    </p>
   </div>
   <div class='ocr_carea' id='block_1_46' title="bbox 347 2880 1927 2957">
    <p class='ocr_par' dir='ltr' id='par_1_46' title="bbox 347 2880 1927 2957">
     <span class='ocr_line' id='line_1_46' title="bbox 347 2880 1927 2957; baseline -0.004 -17"><span class='ocrx_word' id='word_1_367' title='bbox 347 2889 555 2952; x_wconf 86' lang='grc' dir='ltr'><strong>λιάδας,</strong></span> <span class='ocrx_word' id='word_1_368' title='bbox 608 2888 704 2942; x_wconf 66' lang='grc' dir='ltr'><strong>καὶ</strong></span> <span class='ocrx_word' id='word_1_369' title='bbox 752 2888 831 2951; x_wconf 87' lang='grc' dir='ltr'><strong>είς</strong></span> <span class='ocrx_word' id='word_1_370' title='bbox 859 2886 1009 2951; x_wconf 76' lang='grc' dir='ltr'><strong>ἔθνος</strong></span> <span class='ocrx_word' id='word_1_371' title='bbox 1040 2886 1201 2957; x_wconf 86' lang='grc' dir='ltr'><strong>μέγα.</strong></span> <span class='ocrx_word' id='word_1_372' title='bbox 1238 2904 1256 2936; x_wconf 74' lang='grc' dir='ltr'><strong>ι</strong></span> <span class='ocrx_word' id='word_1_373' title='bbox 1312 2884 1471 2953; x_wconf 86' lang='grc' dir='ltr'><strong>Ἐγὼ,</strong></span> <span class='ocrx_word' id='word_1_374' title='bbox 1516 2883 1698 2953; x_wconf 81' lang='grc' dir='ltr'><strong>φησὶν,</strong></span> <span class='ocrx_word' id='word_1_375' title='bbox 1738 2884 1766 2934; x_wconf 89' lang='lat'><strong>6</strong></span> <span class='ocrx_word' id='word_1_376' title='bbox 1791 2880 1927 2933; x_wconf 87' lang='grc' dir='ltr'><strong>πάν-</strong></span> 
     </span>
    </p>
   </div>
   <div class='ocr_carea' id='block_1_47' title="bbox 344 2970 1925 3050">
    <p class='ocr_par' dir='ltr' id='par_1_47' title="bbox 344 2970 1925 3050">
     <span class='ocr_line' id='line_1_47' title="bbox 344 2970 1925 3050; baseline -0.005 -17"><span class='ocrx_word' id='word_1_377' title='bbox 344 2997 454 3033; x_wconf 91' lang='grc' dir='ltr'><strong>των</strong></span> <span class='ocrx_word' id='word_1_378' title='bbox 501 2979 729 3050; x_wconf 78' lang='grc' dir='ltr'><strong>Κύριος,</strong></span> <span class='ocrx_word' id='word_1_379' title='bbox 785 2978 997 3045; x_wconf 82' lang='grc' dir='ltr'><strong>συνάξω</strong></span> <span class='ocrx_word' id='word_1_380' title='bbox 1043 2977 1185 3031; x_wconf 86' lang='grc' dir='ltr'><strong>κατὰ</strong></span> <span class='ocrx_word' id='word_1_381' title='bbox 1218 2977 1442 3046; x_wconf 80' lang='grc' dir='ltr'><strong>καιροὺς</strong></span> <span class='ocrx_word' id='word_1_382' title='bbox 1485 2993 1503 3027; x_wconf 75' lang='lat' dir='ltr'><strong>s</strong></span> <span class='ocrx_word' id='word_1_383' title='bbox 1539 2974 1668 3037; x_wconf 85' lang='grc' dir='ltr'><strong>τοὺς</strong></span> <span class='ocrx_word' id='word_1_384' title='bbox 1717 2973 1815 3044; x_wconf 80' lang='grc' dir='ltr'><strong>τῆς</strong></span> <span class='ocrx_word' id='word_1_385' title='bbox 1863 2970 1925 3037; x_wconf 81' lang='grc' dir='ltr'><strong>ἐξ</strong></span> 
     </span>
    </p>
   </div>
   <div class='ocr_carea' id='block_1_48' title="bbox 344 3064 1922 3143">
    <p class='ocr_par' dir='ltr' id='par_1_48' title="bbox 344 3064 1922 3143">
     <span class='ocr_line' id='line_1_48' title="bbox 344 3064 1922 3143; baseline -0.006 -19"><span class='ocrx_word' id='word_1_386' title='bbox 344 3070 591 3143; x_wconf 79' lang='grc' dir='ltr'><strong>οὐρανῶν</strong></span> <span class='ocrx_word' id='word_1_387' title='bbox 644 3071 936 3142; x_wconf 84' lang='grc' dir='ltr'><strong>ἐπιδημίας</strong></span> <span class='ocrx_word' id='word_1_388' title='bbox 981 3069 1240 3141; x_wconf 87' lang='grc' dir='ltr'><strong>δηλονότι.</strong></span> <span class='ocrx_word' id='word_1_389' title='bbox 1294 3068 1427 3121; x_wconf 87' lang='grc' dir='ltr'><strong>Τότε</strong></span> <span class='ocrx_word' id='word_1_390' title='bbox 1459 3066 1567 3137; x_wconf 83' lang='grc' dir='ltr'><strong>γὰρ</strong></span> <span class='ocrx_word' id='word_1_391' title='bbox 1617 3065 1769 3118; x_wconf 79' lang='grc' dir='ltr'><strong>ἔσται</strong></span> <span class='ocrx_word' id='word_1_392' title='bbox 1810 3064 1922 3126; x_wconf 77' lang='grc' dir='ltr'><strong>τοῖς</strong></span> 
     </span>
    </p>
   </div>
   <div class='ocr_carea' id='block_1_49' title="bbox 345 3154 1920 3234">
    <p class='ocr_par' dir='ltr' id='par_1_49' title="bbox 345 3154 1920 3234">
     <span class='ocr_line' id='line_1_49' title="bbox 345 3154 1920 3234; baseline -0.006 -16"><span class='ocrx_word' id='word_1_393' title='bbox 345 3164 523 3233; x_wconf 79' lang='grc' dir='ltr'><strong>ἁγίοις</strong></span> <span class='ocrx_word' id='word_1_394' title='bbox 555 3166 589 3234; x_wconf 79' lang='grc' dir='ltr'>ἠ</span> <span class='ocrx_word' id='word_1_395' title='bbox 621 3162 820 3225; x_wconf 80' lang='grc' dir='ltr'><strong>παντὸς</strong></span> <span class='ocrx_word' id='word_1_396' title='bbox 846 3162 1143 3225; x_wconf 86' lang='grc' dir='ltr'><strong>ἀπόλαυσις</strong></span> <span class='ocrx_word' id='word_1_397' title='bbox 1177 3159 1408 3230; x_wconf 78' lang='grc' dir='ltr'><strong>ἀγαθοῦο</strong></span> <span class='ocrx_word' id='word_1_398' title='bbox 1431 3160 1480 3213; x_wconf 79' lang='grc' dir='ltr'><strong>οἳ</strong></span> <span class='ocrx_word' id='word_1_399' title='bbox 1505 3159 1598 3212; x_wconf 75' lang='grc' dir='ltr'><strong>καὶ</strong></span> <span class='ocrx_word' id='word_1_400' title='bbox 1635 3154 1920 3229; x_wconf 80' lang='grc' dir='ltr'><strong>ἁρπασθή-</strong></span> 
     </span>
    </p>
   </div>
   <div class='ocr_carea' id='block_1_50' title="bbox 2026 1966 3589 2024">
    <p class='ocr_par' dir='ltr' id='par_1_50' title="bbox 2026 1966 3589 2024">
     <span class='ocr_line' id='line_1_50' title="bbox 2026 1966 3589 2024; baseline -0.001 -2"><span class='ocrx_word' id='word_1_401' title='bbox 2026 1976 2081 2022; x_wconf 90' lang='lat' dir='ltr'><strong>et</strong></span> <span class='ocrx_word' id='word_1_402' title='bbox 2121 1967 2175 2021; x_wconf 84' lang='lat' dir='ltr'><strong>in</strong></span> <span class='ocrx_word' id='word_1_403' title='bbox 2219 1966 2595 2021; x_wconf 86' lang='lat' dir='ltr'><strong>distributione</strong></span> <span class='ocrx_word' id='word_1_404' title='bbox 2632 1967 2951 2023; x_wconf 87' lang='lat' dir='ltr'><strong>talentorum</strong></span> <span class='ocrx_word' id='word_1_405' title='bbox 2996 1969 3299 2024; x_wconf 89' lang='lat' dir='ltr'><strong>invenimus</strong></span> <span class='ocrx_word' id='word_1_406' title='bbox 3338 1983 3462 2022; x_wconf 89' lang='lat' dir='ltr'><strong>eum</strong></span> <span class='ocrx_word' id='word_1_407' title='bbox 3504 1970 3589 2023; x_wconf 87' lang='lat' dir='ltr'><strong>di-</strong></span> 
     </span>
    </p>
   </div>
   <div class='ocr_carea' id='block_1_51' title="bbox 2027 2058 3573 2127">
    <p class='ocr_par' dir='ltr' id='par_1_51' title="bbox 2027 2058 3573 2127">
     <span class='ocr_line' id='line_1_51' title="bbox 2027 2058 3573 2127; baseline -0.001 -14"><span class='ocrx_word' id='word_1_408' title='bbox 2027 2074 2150 2114; x_wconf 79' lang='lat' dir='ltr'><strong>cere</strong></span> <span class='ocrx_word' id='word_1_409' title='bbox 2176 2074 2190 2110; x_wconf 89' lang='lat'>:</span> <span class='ocrx_word' id='word_1_410' title='bbox 2224 2077 2241 2109; x_wconf 82' lang='grc' dir='ltr'><strong>ι</strong></span> <span class='ocrx_word' id='word_1_411' title='bbox 2266 2058 2393 2113; x_wconf 87' lang='lat' dir='ltr'><strong>Esto</strong></span> <span class='ocrx_word' id='word_1_412' title='bbox 2415 2073 2575 2127; x_wconf 81' lang='lat' dir='ltr'><strong>super</strong></span> <span class='ocrx_word' id='word_1_413' title='bbox 2592 2059 2775 2112; x_wconf 88' lang='lat' dir='ltr'><strong>decem</strong></span> <span class='ocrx_word' id='word_1_414' title='bbox 2800 2059 3000 2125; x_wconf 89' lang='lat' dir='ltr'><strong>tribus;</strong></span> <span class='ocrx_word' id='word_1_415' title='bbox 3026 2078 3044 2111; x_wconf 72' lang='grc' dir='ltr'><strong>ι</strong></span> <span class='ocrx_word' id='word_1_416' title='bbox 3069 2059 3186 2113; x_wconf 87' lang='lat' dir='ltr'><strong>aliis</strong></span> <span class='ocrx_word' id='word_1_417' title='bbox 3210 2070 3389 2113; x_wconf 89' lang='lat' dir='ltr'><strong>autem</strong></span> <span class='ocrx_word' id='word_1_418' title='bbox 3425 2058 3573 2113; x_wconf 91' lang='lat' dir='ltr'><strong>mino</strong></span> 
     </span>
    </p>
   </div>
   <div class='ocr_carea' id='block_1_52' title="bbox 2027 2147 3593 2217">
    <p class='ocr_par' dir='ltr' id='par_1_52' title="bbox 2027 2147 3593 2217">
     <span class='ocr_line' id='line_1_52' title="bbox 2027 2147 3593 2217; baseline 0 -15"><span class='ocrx_word' id='word_1_419' title='bbox 2027 2164 2139 2204; x_wconf 87' lang='lat' dir='ltr'><strong>rem</strong></span> <span class='ocrx_word' id='word_1_420' title='bbox 2169 2148 2397 2217; x_wconf 77' lang='lat' dir='ltr'><strong>largitur</strong></span> <span class='ocrx_word' id='word_1_421' title='bbox 2438 2148 2759 2215; x_wconf 88' lang='lat' dir='ltr'><strong>portionem.</strong></span> <span class='ocrx_word' id='word_1_422' title='bbox 2795 2165 2813 2198; x_wconf 76' lang='grc' dir='ltr'><strong>ι</strong></span> <span class='ocrx_word' id='word_1_423' title='bbox 2857 2147 2985 2201; x_wconf 88' lang='lat' dir='ltr'><strong>Esto</strong></span> <span class='ocrx_word' id='word_1_424' title='bbox 3012 2149 3178 2211; x_wconf 90' lang='lat' dir='ltr'><strong>enim,</strong></span> <span class='ocrx_word' id='word_1_425' title='bbox 3212 2148 3403 2215; x_wconf 89' lang='lat' dir='ltr'><strong>inquit,</strong></span> <span class='ocrx_word' id='word_1_426' title='bbox 3429 2163 3593 2216; x_wconf 85' lang='lat' dir='ltr'><strong>super</strong></span> 
     </span>
    </p>
   </div>
   <div class='ocr_carea' id='block_1_53' title="bbox 2026 2235 3589 2309">
    <p class='ocr_par' dir='ltr' id='par_1_53' title="bbox 2026 2235 3589 2309">
     <span class='ocr_line' id='line_1_53' title="bbox 2026 2235 3589 2309; baseline -0.001 -18"><span class='ocrx_word' id='word_1_427' title='bbox 2026 2239 2263 2309; x_wconf 90' lang='lat' dir='ltr'><strong>quinque</strong></span> <span class='ocrx_word' id='word_1_428' title='bbox 2290 2238 2532 2291; x_wconf 89' lang='lat' dir='ltr'><strong>civitates</strong></span> <span class='ocrx_word' id='word_1_429' title='bbox 2559 2236 2624 2300; x_wconf 86' lang='grc'><strong>³⁸,</strong></span> <span class='ocrx_word' id='word_1_430' title='bbox 2669 2254 2688 2287; x_wconf 74' lang='grc' dir='ltr'><strong>ι</strong></span> <span class='ocrx_word' id='word_1_431' title='bbox 2717 2235 2968 2304; x_wconf 84' lang='lat' dir='ltr'><strong>probitati</strong></span> <span class='ocrx_word' id='word_1_432' title='bbox 2994 2236 3232 2305; x_wconf 92' lang='lat' dir='ltr'><strong>ipsorum</strong></span> <span class='ocrx_word' id='word_1_433' title='bbox 3257 2252 3444 2305; x_wconf 83' lang='lat' dir='ltr'><strong>parent</strong></span> <span class='ocrx_word' id='word_1_434' title='bbox 3480 2238 3589 2291; x_wconf 90' lang='lat' dir='ltr'><strong>uti-</strong></span> 
     </span>
    </p>
   </div>
   <div class='ocr_carea' id='block_1_54' title="bbox 2027 2326 3588 2397">
    <p class='ocr_par' dir='ltr' id='par_1_54' title="bbox 2027 2326 3588 2397">
     <span class='ocr_line' id='line_1_54' title="bbox 2027 2326 3588 2397; baseline 0.001 -16"><span class='ocrx_word' id='word_1_435' title='bbox 2027 2344 2132 2397; x_wconf 86' lang='lat' dir='ltr'><strong>que</strong></span> <span class='ocrx_word' id='word_1_436' title='bbox 2155 2328 2457 2382; x_wconf 84' lang='lat' dir='ltr'><strong>mercedem</strong></span> <span class='ocrx_word' id='word_1_437' title='bbox 2478 2327 2740 2391; x_wconf 87' lang='lat' dir='ltr'><strong>tribuens,</strong></span> <span class='ocrx_word' id='word_1_438' title='bbox 2773 2336 2827 2379; x_wconf 92' lang='lat' dir='ltr'><strong>et</strong></span> <span class='ocrx_word' id='word_1_439' title='bbox 2850 2326 3045 2395; x_wconf 89' lang='lat' dir='ltr'><strong>cuique</strong></span> <span class='ocrx_word' id='word_1_440' title='bbox 3065 2326 3476 2381; x_wconf 82' lang='lat' dir='ltr'><strong>convenientem</strong></span> <span class='ocrx_word' id='word_1_441' title='bbox 3503 2337 3588 2382; x_wconf 87' lang='lat' dir='ltr'><strong>ta-</strong></span> 
     </span>
    </p>
   </div>
   <div class='ocr_carea' id='block_1_55' title="bbox 2025 2416 3591 2486">
    <p class='ocr_par' dir='ltr' id='par_1_55' title="bbox 2025 2416 3591 2486">
     <span class='ocr_line' id='line_1_55' title="bbox 2025 2416 3591 2486; baseline 0.001 -14"><span class='ocrx_word' id='word_1_442' title='bbox 2025 2418 2293 2473; x_wconf 89' lang='lat' dir='ltr'><strong>lentormn</strong></span> <span class='ocrx_word' id='word_1_443' title='bbox 2333 2418 2612 2473; x_wconf 87' lang='lat' dir='ltr'><strong>honorem.</strong></span> <span class='ocrx_word' id='word_1_444' title='bbox 2664 2416 2891 2486; x_wconf 89' lang='lat' dir='ltr'><strong>Ideoque</strong></span> <span class='ocrx_word' id='word_1_445' title='bbox 2938 2417 3231 2485; x_wconf 80' lang='lat' dir='ltr'><strong>gaudentes</strong></span> <span class='ocrx_word' id='word_1_446' title='bbox 3265 2419 3461 2485; x_wconf 86' lang='lat' dir='ltr'><strong>sancti,</strong></span> <span class='ocrx_word' id='word_1_447' title='bbox 3508 2420 3591 2473; x_wconf 68' lang='lat' dir='ltr'><strong>dio</strong></span> 
     </span>
    </p>
   </div>
   <div class='ocr_carea' id='block_1_56' title="bbox 2025 2507 3593 2579">
    <p class='ocr_par' dir='ltr' id='par_1_56' title="bbox 2025 2507 3593 2579">
     <span class='ocr_line' id='line_1_56' title="bbox 2025 2507 3593 2579; baseline 0 -15"><span class='ocrx_word' id='word_1_448' title='bbox 2025 2518 2155 2564; x_wconf 89' lang='lat' dir='ltr'><strong>cunt</strong></span> <span class='ocrx_word' id='word_1_449' title='bbox 2174 2527 2187 2563; x_wconf 91' lang='lat'><strong>:</strong></span> <span class='ocrx_word' id='word_1_450' title='bbox 2209 2527 2226 2560; x_wconf 81' lang='grc' dir='ltr'><strong>ι</strong></span> <span class='ocrx_word' id='word_1_451' title='bbox 2253 2508 2492 2575; x_wconf 86' lang='lat' dir='ltr'><strong>Subjecit</strong></span> <span class='ocrx_word' id='word_1_452' title='bbox 2517 2507 2740 2577; x_wconf 90' lang='lat' dir='ltr'><strong>populos</strong></span> <span class='ocrx_word' id='word_1_453' title='bbox 2770 2508 2925 2562; x_wconf 88' lang='lat' dir='ltr'><strong>nobis</strong></span> <span class='ocrx_word' id='word_1_454' title='bbox 2943 2518 3196 2578; x_wconf 79' lang='lat' dir='ltr'><strong>etgentes</strong></span> <span class='ocrx_word' id='word_1_455' title='bbox 3231 2511 3330 2563; x_wconf 91' lang='lat' dir='ltr'><strong>sub</strong></span> <span class='ocrx_word' id='word_1_456' title='bbox 3364 2511 3593 2579; x_wconf 86' lang='lat' dir='ltr'><strong>pedibus</strong></span> 
     </span>
    </p>
   </div>
   <div class='ocr_carea' id='block_1_57' title="bbox 2025 2598 3602 2665">
    <p class='ocr_par' dir='ltr' id='par_1_57' title="bbox 2025 2598 3602 2665">
     <span class='ocr_line' id='line_1_57' title="bbox 2025 2598 3602 2665; baseline -0.001 -10"><span class='ocrx_word' id='word_1_457' title='bbox 2025 2601 2225 2655; x_wconf 88' lang='lat' dir='ltr'><strong>nostris</strong></span> <span class='ocrx_word' id='word_1_458' title='bbox 2243 2598 2308 2652; x_wconf 78' lang='grc'><strong>³⁷.</strong></span> <span class='ocrx_word' id='word_1_459' title='bbox 2330 2618 2348 2651; x_wconf 72' lang='grc' dir='ltr'><strong>ι</strong></span> <span class='ocrx_word' id='word_1_460' title='bbox 2370 2599 2617 2653; x_wconf 81' lang='lat' dir='ltr'><strong>Minimos</strong></span> <span class='ocrx_word' id='word_1_461' title='bbox 2654 2606 2832 2653; x_wconf 87' lang='lat' dir='ltr'><strong>autem</strong></span> <span class='ocrx_word' id='word_1_462' title='bbox 2869 2598 2919 2652; x_wconf 91' lang='lat' dir='ltr'><strong>in</strong></span> <span class='ocrx_word' id='word_1_463' title='bbox 2945 2599 3055 2652; x_wconf 90' lang='lat' dir='ltr'><strong>vita</strong></span> <span class='ocrx_word' id='word_1_464' title='bbox 3082 2609 3378 2665; x_wconf 88' lang='lat' dir='ltr'><strong>reputalos,</strong></span> <span class='ocrx_word' id='word_1_465' title='bbox 3396 2601 3602 2655; x_wconf 82' lang='lat' dir='ltr'><strong>deinde</strong></span> 
     </span>
    </p>
   </div>
   <div class='ocr_carea' id='block_1_58' title="bbox 2024 2690 3591 2761">
    <p class='ocr_par' dir='ltr' id='par_1_58' title="bbox 2024 2690 3591 2761">
     <span class='ocr_line' id='line_1_58' title="bbox 2024 2690 3591 2761; baseline -0.001 -14"><span class='ocrx_word' id='word_1_466' title='bbox 2024 2693 2078 2748; x_wconf 88' lang='lat' dir='ltr'><strong>iu</strong></span> <span class='ocrx_word' id='word_1_467' title='bbox 2103 2691 2270 2746; x_wconf 88' lang='lat' dir='ltr'><strong>millia</strong></span> <span class='ocrx_word' id='word_1_468' title='bbox 2301 2700 2354 2745; x_wconf 91' lang='lat' dir='ltr'><strong>et</strong></span> <span class='ocrx_word' id='word_1_469' title='bbox 2386 2690 2438 2744; x_wconf 91' lang='lat' dir='ltr'><strong>in</strong></span> <span class='ocrx_word' id='word_1_470' title='bbox 2462 2699 2675 2760; x_wconf 76' lang='lat' dir='ltr'><strong>gentem</strong></span> <span class='ocrx_word' id='word_1_471' title='bbox 2702 2704 2950 2761; x_wconf 78' lang='lat' dir='ltr'><strong>magnam</strong></span> <span class='ocrx_word' id='word_1_472' title='bbox 2984 2690 3356 2759; x_wconf 78' lang='lat' dir='ltr'><strong>anipliticatos.</strong></span> <span class='ocrx_word' id='word_1_473' title='bbox 3396 2708 3416 2741; x_wconf 74' lang='grc' dir='ltr'><strong>ι</strong></span> <span class='ocrx_word' id='word_1_474' title='bbox 3453 2691 3591 2759; x_wconf 77' lang='lat' dir='ltr'><strong>Ego,</strong></span> 
     </span>
    </p>
   </div>
   <div class='ocr_carea' id='block_1_59' title="bbox 2025 2781 3586 2854">
    <p class='ocr_par' dir='ltr' id='par_1_59' title="bbox 2025 2781 3586 2854">
     <span class='ocr_line' id='line_1_59' title="bbox 2025 2781 3586 2854; baseline -0.004 -15"><span class='ocrx_word' id='word_1_475' title='bbox 2025 2785 2216 2854; x_wconf 90' lang='lat' dir='ltr'><strong>inquit,</strong></span> <span class='ocrx_word' id='word_1_476' title='bbox 2232 2783 2470 2838; x_wconf 89' lang='lat' dir='ltr'><strong>omnium</strong></span> <span class='ocrx_word' id='word_1_477' title='bbox 2493 2781 2751 2837; x_wconf 88' lang='lat' dir='ltr'><strong>Dominus</strong></span> <span class='ocrx_word' id='word_1_478' title='bbox 2783 2783 3119 2852; x_wconf 76' lang='lat' dir='ltr'><strong>congregabo</strong></span> <span class='ocrx_word' id='word_1_479' title='bbox 3152 2797 3251 2837; x_wconf 88' lang='lat' dir='ltr'><strong>suo</strong></span> <span class='ocrx_word' id='word_1_480' title='bbox 3276 2790 3539 2850; x_wconf 90' lang='lat' dir='ltr'><strong>tempore,</strong></span> <span class='ocrx_word' id='word_1_481' title='bbox 3565 2802 3586 2832; x_wconf 71' lang='grc' dir='ltr'><em>ο</em></span> 
     </span>
    </p>
   </div>
   <div class='ocr_carea' id='block_1_60' title="bbox 2023 2870 3587 2930">
    <p class='ocr_par' dir='ltr' id='par_1_60' title="bbox 2023 2870 3587 2930">
     <span class='ocr_line' id='line_1_60' title="bbox 2023 2870 3587 2930; baseline -0.004 0"><span class='ocrx_word' id='word_1_482' title='bbox 2023 2876 2284 2930; x_wconf 87' lang='lat' dir='ltr'><strong>adventus</strong></span> <span class='ocrx_word' id='word_1_483' title='bbox 2314 2871 2520 2926; x_wconf 84' lang='lat' dir='ltr'><strong>scilicet</strong></span> <span class='ocrx_word' id='word_1_484' title='bbox 2558 2871 2624 2927; x_wconf 89' lang='lat' dir='ltr'><strong>de</strong></span> <span class='ocrx_word' id='word_1_485' title='bbox 2657 2871 2814 2927; x_wconf 70' lang='lat' dir='ltr'><strong>caalo.</strong></span> <span class='ocrx_word' id='word_1_486' title='bbox 2849 2871 3001 2925; x_wconf 86' lang='lat' dir='ltr'><strong>Tunc</strong></span> <span class='ocrx_word' id='word_1_487' title='bbox 3046 2871 3188 2925; x_wconf 91' lang='lat' dir='ltr'><strong>enim</strong></span> <span class='ocrx_word' id='word_1_488' title='bbox 3231 2870 3403 2924; x_wconf 87' lang='lat' dir='ltr'><strong>sancti</strong></span> <span class='ocrx_word' id='word_1_489' title='bbox 3440 2872 3587 2924; x_wconf 66' lang='lat' dir='ltr'><strong>0mm</strong></span> 
     </span>
    </p>
   </div>
   <div class='ocr_carea' id='block_1_61' title="bbox 2023 2956 3587 3030">
    <p class='ocr_par' dir='ltr' id='par_1_61' title="bbox 2023 2956 3587 3030">
     <span class='ocr_line' id='line_1_61' title="bbox 2023 2956 3587 3030; baseline -0.005 -10"><span class='ocrx_word' id='word_1_490' title='bbox 2023 2966 2165 3020; x_wconf 91' lang='lat' dir='ltr'><strong>bono</strong></span> <span class='ocrx_word' id='word_1_491' title='bbox 2192 2962 2546 3030; x_wconf 77' lang='lat' dir='ltr'><strong>{ruenturqui</strong></span> <span class='ocrx_word' id='word_1_492' title='bbox 2571 2961 2868 3029; x_wconf 87' lang='lat' dir='ltr'><strong>rapientur,</strong></span> <span class='ocrx_word' id='word_1_493' title='bbox 2903 2971 2957 3014; x_wconf 93' lang='lat' dir='ltr'><strong>ut</strong></span> <span class='ocrx_word' id='word_1_494' title='bbox 2989 2959 3415 3029; x_wconf 84' lang='lat' dir='ltr'><strong>sapientissinms</strong></span> <span class='ocrx_word' id='word_1_495' title='bbox 3448 2956 3587 3012; x_wconf 83' lang='lat' dir='ltr'><strong>Pau-</strong></span> 
     </span>
    </p>
   </div>
   <div class='ocr_carea' id='block_1_62' title="bbox 2021 3052 3585 3125">
    <p class='ocr_par' dir='ltr' id='par_1_62' title="bbox 2021 3052 3585 3125">
     <span class='ocr_line' id='line_1_62' title="bbox 2021 3052 3585 3125; baseline -0.003 -14"><span class='ocrx_word' id='word_1_496' title='bbox 2021 3056 2106 3111; x_wconf 85' lang='lat' dir='ltr'><strong>lus</strong></span> <span class='ocrx_word' id='word_1_497' title='bbox 2138 3054 2330 3125; x_wconf 89' lang='lat' dir='ltr'><strong>inquit,</strong></span> <span class='ocrx_word' id='word_1_498' title='bbox 2374 3054 2428 3108; x_wconf 90' lang='lat' dir='ltr'><strong>in</strong></span> <span class='ocrx_word' id='word_1_499' title='bbox 2453 3053 2688 3109; x_wconf 89' lang='lat' dir='ltr'><strong>nubibus</strong></span> <span class='ocrx_word' id='word_1_500' title='bbox 2736 3053 2789 3106; x_wconf 92' lang='lat' dir='ltr'><strong>in</strong></span> <span class='ocrx_word' id='word_1_501' title='bbox 2828 3068 3107 3107; x_wconf 89' lang='lat' dir='ltr'><strong>occursum</strong></span> <span class='ocrx_word' id='word_1_502' title='bbox 3163 3052 3371 3106; x_wconf 89' lang='lat' dir='ltr'><strong>Domini</strong></span> <span class='ocrx_word' id='word_1_503' title='bbox 3414 3052 3465 3106; x_wconf 92' lang='lat' dir='ltr'><strong>in</strong></span> <span class='ocrx_word' id='word_1_504' title='bbox 3496 3066 3585 3106; x_wconf 87' lang='lat' dir='ltr'><strong>ae-</strong></span> 
     </span>
    </p>
   </div>
   <div class='ocr_carea' id='block_1_63' title="bbox 2022 3141 3594 3218">
    <p class='ocr_par' dir='ltr' id='par_1_63' title="bbox 2022 3141 3594 3218">
     <span class='ocr_line' id='line_1_63' title="bbox 2022 3141 3594 3218; baseline -0.004 -14"><span class='ocrx_word' id='word_1_505' title='bbox 2022 3165 2170 3216; x_wconf 85' lang='lat' dir='ltr'><strong>rem;</strong></span> <span class='ocrx_word' id='word_1_506' title='bbox 2223 3149 2405 3218; x_wconf 89' lang='lat' dir='ltr'><strong>itaque</strong></span> <span class='ocrx_word' id='word_1_507' title='bbox 2460 3162 2676 3217; x_wconf 86' lang='lat' dir='ltr'><strong>semper</strong></span> <span class='ocrx_word' id='word_1_508' title='bbox 2727 3162 2849 3201; x_wconf 88' lang='lat' dir='ltr'><strong>cum</strong></span> <span class='ocrx_word' id='word_1_509' title='bbox 2893 3145 3121 3200; x_wconf 91' lang='lat' dir='ltr'><strong>Domino</strong></span> <span class='ocrx_word' id='word_1_510' title='bbox 3153 3146 3359 3201; x_wconf 87' lang='lat' dir='ltr'><strong>erimus</strong></span> <span class='ocrx_word' id='word_1_511' title='bbox 3400 3144 3467 3211; x_wconf 86' lang='grc'><strong>³⁶,</strong></span> <span class='ocrx_word' id='word_1_512' title='bbox 3502 3141 3594 3200; x_wconf 77' lang='lat' dir='ltr'><strong>ve)</strong></span> 
     </span>
    </p>
   </div>
   <div class='ocr_carea' id='block_1_64' title="bbox 347 3233 1920 3327">
    <p class='ocr_par' dir='ltr' id='par_1_64' title="bbox 347 3233 1918 3327">
     <span class='ocr_line' id='line_1_64' title="bbox 347 3233 1918 3327; baseline -0.008 -15"><span class='ocrx_word' id='word_1_513' title='bbox 347 3275 550 3321; x_wconf 87' lang='grc' dir='ltr'><strong>σονται,</strong></span> <span class='ocrx_word' id='word_1_514' title='bbox 579 3233 723 3311; x_wconf 87' lang='grc' dir='ltr'><strong>καθά</strong></span> <span class='ocrx_word' id='word_1_515' title='bbox 748 3273 911 3327; x_wconf 80' lang='grc' dir='ltr'><strong>φησιν</strong></span> <span class='ocrx_word' id='word_1_516' title='bbox 935 3257 964 3309; x_wconf 91' lang='lat'><strong>6</strong></span> <span class='ocrx_word' id='word_1_517' title='bbox 994 3255 1266 3324; x_wconf 83' lang='grc' dir='ltr'><strong>πάνσοφος</strong></span> <span class='ocrx_word' id='word_1_518' title='bbox 1304 3251 1537 3315; x_wconf 81' lang='grc' dir='ltr'><strong>Παῦλος,</strong></span> <span class='ocrx_word' id='word_1_519' title='bbox 1572 3252 1630 3303; x_wconf 90' lang='grc' dir='ltr'><strong>ἐν</strong></span> <span class='ocrx_word' id='word_1_520' title='bbox 1668 3248 1918 3318; x_wconf 84' lang='grc' dir='ltr'><strong>νεφέλαις</strong></span> 
     </span>
    </p>
   </div>
   <div class='ocr_carea' id='block_1_65' title="bbox 2020 3233 3255 3327">
    <p class='ocr_par' dir='ltr' id='par_1_65' title="bbox 2022 3236 3255 3305">
     <span class='ocr_line' id='line_1_65' title="bbox 2022 3236 3255 3305; baseline -0.005 -7"><span class='ocrx_word' id='word_1_521' title='bbox 2022 3250 2204 3305; x_wconf 89' lang='lat' dir='ltr'><strong>erunt,</strong></span> <span class='ocrx_word' id='word_1_522' title='bbox 2232 3239 2450 3294; x_wconf 69' lang='lat' dir='ltr'><strong>mternis</strong></span> <span class='ocrx_word' id='word_1_523' title='bbox 2471 3238 2907 3294; x_wconf 84' lang='lat' dir='ltr'><strong>circumﬂuentes</strong></span> <span class='ocrx_word' id='word_1_524' title='bbox 2938 3236 3255 3292; x_wconf 82' lang='lat' dir='ltr'><strong>honoribus.</strong></span> 
     </span>
    </p>
   </div>
   <div class='ocr_carea' id='block_1_66' title="bbox 344 3325 3585 3419">
    <p class='ocr_par' dir='ltr' id='par_1_66' title="bbox 344 3325 3585 3419">
     <span class='ocr_line' id='line_1_66' title="bbox 344 3325 3585 3419; baseline -0.008 -15"><span class='ocrx_word' id='word_1_525' title='bbox 344 3354 425 3413; x_wconf 88' lang='grc' dir='ltr'><strong>είς</strong></span> <span class='ocrx_word' id='word_1_526' title='bbox 453 3350 752 3419; x_wconf 80' lang='grc' dir='ltr'><strong>ἀπάντησιν</strong></span> <span class='ocrx_word' id='word_1_527' title='bbox 784 3325 876 3401; x_wconf 82' lang='grc' dir='ltr'><strong>τοῦ</strong></span> <span class='ocrx_word' id='word_1_528' title='bbox 902 3346 1108 3417; x_wconf 82' lang='grc' dir='ltr'><strong>Κυρίου</strong></span> <span class='ocrx_word' id='word_1_529' title='bbox 1141 3346 1222 3409; x_wconf 86' lang='grc' dir='ltr'><strong>είς</strong></span> <span class='ocrx_word' id='word_1_530' title='bbox 1247 3343 1406 3414; x_wconf 86' lang='grc' dir='ltr'><strong>ἀέρα,</strong></span> <span class='ocrx_word' id='word_1_531' title='bbox 1432 3341 1573 3396; x_wconf 75' lang='grc' dir='ltr'><strong>οὕτω</strong></span> <span class='ocrx_word' id='word_1_532' title='bbox 1598 3356 1658 3394; x_wconf 89' lang='grc' dir='ltr'><strong>τε</strong></span> <span class='ocrx_word' id='word_1_533' title='bbox 1709 3337 1940 3393; x_wconf 79' lang='grc' dir='ltr'><strong>πάντοτε</strong></span> <span class='ocrx_word' id='word_1_534' title='bbox 1975 3332 2075 3389; x_wconf 74' lang='grc' dir='ltr'><strong>σὺν</strong></span> <span class='ocrx_word' id='word_1_535' title='bbox 2140 3328 2330 3401; x_wconf 82' lang='grc' dir='ltr'><strong>Κυρίῳ</strong></span> <span class='ocrx_word' id='word_1_536' title='bbox 2363 3326 2600 3399; x_wconf 90' lang='grc' dir='ltr'><strong>ἐσόμεθα</strong></span> <span class='ocrx_word' id='word_1_537' title='bbox 2631 3329 2753 3390; x_wconf 84' lang='grc' dir='ltr'><strong>ταῖς</strong></span> <span class='ocrx_word' id='word_1_538' title='bbox 2801 3326 3177 3397; x_wconf 82' lang='grc' dir='ltr'><strong>ἀτελευτήτοις</strong></span> <span class='ocrx_word' id='word_1_539' title='bbox 3216 3325 3585 3398; x_wconf 76' lang='grc' dir='ltr'><strong>ἐντρυφῶντες</strong></span> 
     </span>
    </p>
   </div>
   <div class='ocr_carea' id='block_1_67' title="bbox 342 3446 531 3513">
    <p class='ocr_par' dir='ltr' id='par_1_67' title="bbox 342 3446 531 3513">
     <span class='ocr_line' id='line_1_67' title="bbox 342 3446 531 3513; baseline -0.011 -15"><span class='ocrx_word' id='word_1_540' title='bbox 342 3446 531 3513; x_wconf 81' lang='grc' dir='ltr'><strong>τιμαῖς</strong></span> 
     </span>
    </p>
   </div>
   <div class='ocr_carea' id='block_1_68' title="bbox 414 3521 1909 3605">
    <p class='ocr_par' dir='ltr' id='par_1_68' title="bbox 414 3521 1909 3605">
     <span class='ocr_line' id='line_1_68' title="bbox 414 3521 1909 3605; baseline -0.004 -16"><span class='ocrx_word' id='word_1_541' title='bbox 414 3535 656 3605; x_wconf 81' lang='grc' dir='ltr'><strong>Πνεῦμα</strong></span> <span class='ocrx_word' id='word_1_542' title='bbox 684 3533 905 3600; x_wconf 83' lang='grc' dir='ltr'><strong>Κυρίου</strong></span> <span class='ocrx_word' id='word_1_543' title='bbox 933 3532 1025 3587; x_wconf 83' lang='grc' dir='ltr'><strong>ἐπ’</strong></span> <span class='ocrx_word' id='word_1_544' title='bbox 1046 3530 1169 3602; x_wconf 78' lang='grc' dir='ltr'><strong>ἐμὲ,</strong></span> <span class='ocrx_word' id='word_1_545' title='bbox 1206 3525 1278 3588; x_wconf 87' lang='grc' dir='ltr'><strong>οὗ</strong></span> <span class='ocrx_word' id='word_1_546' title='bbox 1318 3530 1549 3584; x_wconf 76' lang='grc' dir='ltr'><strong>εἵνεκεν</strong></span> <span class='ocrx_word' id='word_1_547' title='bbox 1574 3521 1778 3594; x_wconf 77' lang='grc' dir='ltr'><strong>ἔχρισέ</strong></span> <span class='ocrx_word' id='word_1_548' title='bbox 1800 3536 1909 3592; x_wconf 76' lang='grc' dir='ltr'><strong>με.</strong></span> 
     </span>
    </p>
   </div>
   <div class='ocr_carea' id='block_1_69' title="bbox 343 3615 1913 3699">
    <p class='ocr_par' dir='ltr' id='par_1_69' title="bbox 343 3615 1913 3699">
     <span class='ocr_line' id='line_1_69' title="bbox 343 3615 1913 3699; baseline -0.011 -16"><span class='ocrx_word' id='word_1_549' title='bbox 343 3630 847 3699; x_wconf 77' lang='grc' dir='ltr'><strong>εὐαγγελίσασθαι</strong></span> <span class='ocrx_word' id='word_1_550' title='bbox 868 3626 1121 3694; x_wconf 78' lang='grc' dir='ltr'><strong>πτωχοῖς</strong></span> <span class='ocrx_word' id='word_1_551' title='bbox 1145 3621 1490 3679; x_wconf 72' lang='grc' dir='ltr'><strong>ἀπέσταλκε</strong></span> <span class='ocrx_word' id='word_1_552' title='bbox 1516 3635 1613 3689; x_wconf 85' lang='grc' dir='ltr'><strong>με,</strong></span> <span class='ocrx_word' id='word_1_553' title='bbox 1633 3615 1913 3671; x_wconf 73' lang='grc' dir='ltr'><strong>ἰάσασθαι</strong></span> 
     </span>
    </p>
   </div>
   <div class='ocr_carea' id='block_1_70' title="bbox 344 3704 1912 3787">
    <p class='ocr_par' dir='ltr' id='par_1_70' title="bbox 344 3704 1912 3787">
     <span class='ocr_line' id='line_1_70' title="bbox 344 3704 1912 3787; baseline -0.007 -15"><span class='ocrx_word' id='word_1_554' title='bbox 344 3719 488 3785; x_wconf 87' lang='grc' dir='ltr'><strong>τοὺς</strong></span> <span class='ocrx_word' id='word_1_555' title='bbox 540 3718 1084 3787; x_wconf 75' lang='grc' dir='ltr'><strong>συντετριμμένους</strong></span> <span class='ocrx_word' id='word_1_556' title='bbox 1150 3715 1268 3783; x_wconf 79' lang='grc' dir='ltr'><strong>τὴν</strong></span> <span class='ocrx_word' id='word_1_557' title='bbox 1329 3712 1614 3782; x_wconf 75' lang='grc' dir='ltr'><strong>καρδίαν,</strong></span> <span class='ocrx_word' id='word_1_558' title='bbox 1667 3704 1912 3777; x_wconf 76' lang='grc' dir='ltr'><strong>κηρύξαι</strong></span> 
     </span>
    </p>
   </div>
   <div class='ocr_carea' id='block_1_71' title="bbox 342 3799 1910 3880">
    <p class='ocr_par' dir='ltr' id='par_1_71' title="bbox 342 3799 1910 3880">
     <span class='ocr_line' id='line_1_71' title="bbox 342 3799 1910 3880; baseline -0.009 -17"><span class='ocrx_word' id='word_1_559' title='bbox 342 3811 740 3880; x_wconf 71' lang='grc' dir='ltr'><strong>αἰχμαλώτοις</strong></span> <span class='ocrx_word' id='word_1_560' title='bbox 785 3810 1036 3879; x_wconf 72' lang='grc' dir='ltr'><strong>ἄφεσιν,</strong></span> <span class='ocrx_word' id='word_1_561' title='bbox 1090 3808 1190 3861; x_wconf 78' lang='grc' dir='ltr'><strong>καὶ</strong></span> <span class='ocrx_word' id='word_1_562' title='bbox 1237 3804 1488 3875; x_wconf 71' lang='grc' dir='ltr'><strong>τυφλοῖς</strong></span> <span class='ocrx_word' id='word_1_563' title='bbox 1549 3799 1910 3867; x_wconf 73' lang='grc' dir='ltr'><strong>ἀνάϐλεψιν,</strong></span> 
     </span>
    </p>
   </div>
   <div class='ocr_carea' id='block_1_72' title="bbox 343 3889 1915 3969">
    <p class='ocr_par' dir='ltr' id='par_1_72' title="bbox 343 3889 1915 3969">
     <span class='ocr_line' id='line_1_72' title="bbox 343 3889 1915 3969; baseline -0.009 -13"><span class='ocrx_word' id='word_1_564' title='bbox 343 3902 599 3957; x_wconf 77' lang='grc' dir='ltr'><strong>καλέσαι</strong></span> <span class='ocrx_word' id='word_1_565' title='bbox 630 3901 908 3956; x_wconf 84' lang='grc' dir='ltr'><strong>ἐνιαυτὸν</strong></span> <span class='ocrx_word' id='word_1_566' title='bbox 955 3903 1176 3969; x_wconf 82' lang='grc' dir='ltr'><strong>Κυρίου</strong></span> <span class='ocrx_word' id='word_1_567' title='bbox 1232 3896 1449 3951; x_wconf 84' lang='grc' dir='ltr'><strong>δεκτόν</strong></span> <span class='ocrx_word' id='word_1_568' title='bbox 1474 3936 1488 3959; x_wconf 93' lang='grc'><strong>,</strong></span> <span class='ocrx_word' id='word_1_569' title='bbox 1538 3892 1638 3947; x_wconf 76' lang='grc' dir='ltr'><strong>καὶ</strong></span> <span class='ocrx_word' id='word_1_570' title='bbox 1688 3889 1915 3959; x_wconf 78' lang='grc' dir='ltr'><strong>ἡμέραν</strong></span> 
     </span>
    </p>
   </div>
   <div class='ocr_carea' id='block_1_73' title="bbox 342 3984 1914 4060">
    <p class='ocr_par' dir='ltr' id='par_1_73' title="bbox 342 3984 1914 4060">
     <span class='ocr_line' id='line_1_73' title="bbox 342 3984 1914 4060; baseline -0.01 -11"><span class='ocrx_word' id='word_1_571' title='bbox 342 3994 827 4059; x_wconf 79' lang='grc' dir='ltr'><strong>ἀνταποδόσεως,</strong></span> <span class='ocrx_word' id='word_1_572' title='bbox 878 3990 1293 4060; x_wconf 81' lang='grc' dir='ltr'><strong>παρακαλέσαι</strong></span> <span class='ocrx_word' id='word_1_573' title='bbox 1332 3987 1562 4050; x_wconf 78' lang='grc' dir='ltr'><strong>πάντας</strong></span> <span class='ocrx_word' id='word_1_574' title='bbox 1606 3984 1747 4049; x_wconf 87' lang='grc' dir='ltr'><strong>τοὺς</strong></span> <span class='ocrx_word' id='word_1_575' title='bbox 1769 3996 1914 4035; x_wconf 81' lang='grc' dir='ltr'><strong>πεν-</strong></span> 
     </span>
    </p>
   </div>
   <div class='ocr_carea' id='block_1_74' title="bbox 344 4069 1914 4153">
    <p class='ocr_par' dir='ltr' id='par_1_74' title="bbox 344 4069 1914 4153">
     <span class='ocr_line' id='line_1_74' title="bbox 344 4069 1914 4153; baseline -0.01 -13"><span class='ocrx_word' id='word_1_576' title='bbox 344 4085 623 4152; x_wconf 83' lang='grc' dir='ltr'><strong>θοῦντας,</strong></span> <span class='ocrx_word' id='word_1_577' title='bbox 658 4084 907 4153; x_wconf 81' lang='grc' dir='ltr'><strong>δοθῆναι</strong></span> <span class='ocrx_word' id='word_1_578' title='bbox 935 4081 1060 4148; x_wconf 84' lang='grc' dir='ltr'><strong>τοῖς</strong></span> <span class='ocrx_word' id='word_1_579' title='bbox 1080 4078 1371 4134; x_wconf 86' lang='grc' dir='ltr'><strong>πενθοῦσι</strong></span> <span class='ocrx_word' id='word_1_580' title='bbox 1397 4076 1550 4131; x_wconf 87' lang='grc' dir='ltr'><strong>Σιὼν</strong></span> <span class='ocrx_word' id='word_1_581' title='bbox 1568 4074 1754 4138; x_wconf 77' lang='grc' dir='ltr'><strong>δόξαν</strong></span> <span class='ocrx_word' id='word_1_582' title='bbox 1778 4069 1914 4127; x_wconf 62' lang='grc' dir='ltr'><strong>ἀντὶ</strong></span> 
     </span>
    </p>
   </div>
   <div class='ocr_carea' id='block_1_75' title="bbox 340 4162 1915 4244">
    <p class='ocr_par' dir='ltr' id='par_1_75' title="bbox 340 4162 1915 4244">
     <span class='ocr_line' id='line_1_75' title="bbox 340 4162 1915 4244; baseline -0.009 -14"><span class='ocrx_word' id='word_1_583' title='bbox 340 4176 578 4230; x_wconf 77' lang='grc' dir='ltr'><strong>σποδοῦ</strong></span> <span class='ocrx_word' id='word_1_584' title='bbox 601 4214 615 4238; x_wconf 92' lang='grc'><strong>,</strong></span> <span class='ocrx_word' id='word_1_585' title='bbox 671 4175 930 4244; x_wconf 78' lang='grc' dir='ltr'><strong>ἄλειμμα</strong></span> <span class='ocrx_word' id='word_1_586' title='bbox 983 4170 1366 4241; x_wconf 66' lang='grc' dir='ltr'><strong>εὐφροσύνης</strong></span> <span class='ocrx_word' id='word_1_587' title='bbox 1423 4168 1547 4233; x_wconf 88' lang='grc' dir='ltr'><strong>τοῖς</strong></span> <span class='ocrx_word' id='word_1_588' title='bbox 1588 4162 1915 4230; x_wconf 81' lang='grc' dir='ltr'><strong>πενθοῦσι,</strong></span> 
     </span>
    </p>
   </div>
   <div class='ocr_carea' id='block_1_76' title="bbox 342 4255 1917 4332">
    <p class='ocr_par' dir='ltr' id='par_1_76' title="bbox 342 4255 1917 4332">
     <span class='ocr_line' id='line_1_76' title="bbox 342 4255 1917 4332; baseline -0.006 -14"><span class='ocrx_word' id='word_1_589' title='bbox 342 4266 445 4319; x_wconf 76' lang='grc' dir='ltr'><strong>καὶ</strong></span> <span class='ocrx_word' id='word_1_590' title='bbox 491 4262 877 4331; x_wconf 80' lang='grc' dir='ltr'><strong>καταστολὴν</strong></span> <span class='ocrx_word' id='word_1_591' title='bbox 937 4261 1124 4332; x_wconf 80' lang='grc' dir='ltr'><strong>δόξης</strong></span> <span class='ocrx_word' id='word_1_592' title='bbox 1181 4260 1318 4315; x_wconf 73' lang='grc' dir='ltr'><strong>ἀντὶ</strong></span> <span class='ocrx_word' id='word_1_593' title='bbox 1381 4258 1718 4327; x_wconf 80' lang='grc' dir='ltr'><strong>πνεύματος</strong></span> <span class='ocrx_word' id='word_1_594' title='bbox 1771 4255 1917 4322; x_wconf 80' lang='grc' dir='ltr'><strong>ἀκη-</strong></span> 
     </span>
    </p>
   </div>
   <div class='ocr_carea' id='block_1_77' title="bbox 343 4353 496 4417">
    <p class='ocr_par' dir='ltr' id='par_1_77' title="bbox 343 4353 496 4417">
     <span class='ocr_line' id='line_1_77' title="bbox 343 4353 496 4417; baseline 0.007 -12"><span class='ocrx_word' id='word_1_595' title='bbox 343 4353 496 4417; x_wconf 75' lang='grc' dir='ltr'><strong>δίας.</strong></span> 
     </span>
    </p>
   </div>
   <div class='ocr_carea' id='block_1_78' title="bbox 426 4434 1916 4511">
    <p class='ocr_par' dir='ltr' id='par_1_78' title="bbox 426 4434 1916 4511">
     <span class='ocr_line' id='line_1_78' title="bbox 426 4434 1916 4511; baseline -0.005 -17"><span class='ocrx_word' id='word_1_596' title='bbox 426 4442 484 4494; x_wconf 82' lang='grc'><strong>’0</strong></span> <span class='ocrx_word' id='word_1_597' title='bbox 521 4442 579 4495; x_wconf 90' lang='grc' dir='ltr'><strong>ἐν</strong></span> <span class='ocrx_word' id='word_1_598' title='bbox 601 4442 713 4504; x_wconf 83' lang='grc' dir='ltr'><strong>τοῖς</strong></span> <span class='ocrx_word' id='word_1_599' title='bbox 742 4440 934 4494; x_wconf 80' lang='grc' dir='ltr'><strong>ἁνόπιν</strong></span> <span class='ocrx_word' id='word_1_600' title='bbox 966 4438 1137 4494; x_wconf 87' lang='grc' dir='ltr'><strong>είπὼν</strong></span> <span class='ocrx_word' id='word_1_601' title='bbox 1173 4440 1302 4511; x_wconf 78' lang='grc' dir='ltr'><strong>περὶ</strong></span> <span class='ocrx_word' id='word_1_602' title='bbox 1329 4438 1436 4492; x_wconf 90' lang='grc' dir='ltr'><strong>τῶν</strong></span> <span class='ocrx_word' id='word_1_603' title='bbox 1465 4439 1524 4491; x_wconf 89' lang='grc' dir='ltr'><strong>ἐν</strong></span> <span class='ocrx_word' id='word_1_604' title='bbox 1554 4435 1736 4490; x_wconf 87' lang='grc' dir='ltr'><strong>πίστει</strong></span> <span class='ocrx_word' id='word_1_605' title='bbox 1779 4434 1916 4505; x_wconf 84' lang='grc' dir='ltr'><strong>κλη-</strong></span> 
     </span>
    </p>
   </div>
   <div class='ocr_carea' id='block_1_79' title="bbox 340 4613 1910 4691">
    <p class='ocr_par' dir='ltr' id='par_1_79' title="bbox 340 4613 1910 4691">
     <span class='ocr_line' id='line_1_79' title="bbox 340 4613 1910 4691; baseline -0.007 -15"><span class='ocrx_word' id='word_1_606' title='bbox 340 4622 557 4686; x_wconf 79' lang='grc' dir='ltr'><strong>αὺτοὸς,</strong></span> <span class='ocrx_word' id='word_1_607' title='bbox 592 4639 611 4671; x_wconf 74' lang='grc' dir='ltr'><strong>ι</strong></span> <span class='ocrx_word' id='word_1_608' title='bbox 637 4620 712 4684; x_wconf 84' lang='grc' dir='ltr'><strong>ὡς</strong></span> <span class='ocrx_word' id='word_1_609' title='bbox 761 4620 1117 4691; x_wconf 84' lang='grc' dir='ltr'><strong>ἐνεστηκότος</strong></span> <span class='ocrx_word' id='word_1_610' title='bbox 1163 4620 1267 4690; x_wconf 76' lang='grc' dir='ltr'><strong>ἠδη</strong></span> <span class='ocrx_word' id='word_1_611' title='bbox 1317 4617 1412 4671; x_wconf 91' lang='grc' dir='ltr'><strong>τοῦ</strong></span> <span class='ocrx_word' id='word_1_612' title='bbox 1446 4616 1659 4687; x_wconf 84' lang='grc' dir='ltr'><strong>καιροῦ,</strong></span> <span class='ocrx_word' id='word_1_613' title='bbox 1688 4614 1808 4668; x_wconf 88' lang='grc' dir='ltr'><strong>καθ’</strong></span> <span class='ocrx_word' id='word_1_614' title='bbox 1852 4613 1910 4666; x_wconf 82' lang='grc' dir='ltr'><strong>ὃν</strong></span> 
     </span>
    </p>
   </div>
   <div class='ocr_carea' id='block_1_80' title="bbox 338 4705 1913 4782">
    <p class='ocr_par' dir='ltr' id='par_1_80' title="bbox 338 4705 1913 4782">
     <span class='ocr_line' id='line_1_80' title="bbox 338 4705 1913 4782; baseline -0.006 -17"><span class='ocrx_word' id='word_1_615' title='bbox 338 4712 678 4782; x_wconf 77' lang='grc' dir='ltr'><strong>ἐπήγγελται</strong></span> <span class='ocrx_word' id='word_1_616' title='bbox 704 4711 1052 4782; x_wconf 87' lang='grc' dir='ltr'><strong>συναγείρειν</strong></span> <span class='ocrx_word' id='word_1_617' title='bbox 1084 4710 1302 4775; x_wconf 82' lang='grc' dir='ltr'><strong>αὐτοὺς,</strong></span> <span class='ocrx_word' id='word_1_618' title='bbox 1327 4710 1419 4762; x_wconf 81' lang='grc' dir='ltr'><strong>καὶ</strong></span> <span class='ocrx_word' id='word_1_619' title='bbox 1450 4707 1524 4770; x_wconf 84' lang='grc' dir='ltr'><strong>ὡς</strong></span> <span class='ocrx_word' id='word_1_620' title='bbox 1553 4707 1654 4777; x_wconf 70' lang='grc' dir='ltr'><strong>ήδη</strong></span> <span class='ocrx_word' id='word_1_621' title='bbox 1686 4705 1913 4775; x_wconf 88' lang='grc' dir='ltr'><strong>γενόμε-</strong></span> 
     </span>
    </p>
   </div>
   <div class='ocr_carea' id='block_1_81' title="bbox 337 4794 1909 4874">
    <p class='ocr_par' dir='ltr' id='par_1_81' title="bbox 337 4794 1909 4874">
     <span class='ocr_line' id='line_1_81' title="bbox 337 4794 1909 4874; baseline -0.004 -19"><span class='ocrx_word' id='word_1_622' title='bbox 337 4822 429 4868; x_wconf 84' lang='grc' dir='ltr'><strong>νος</strong></span> <span class='ocrx_word' id='word_1_623' title='bbox 455 4802 765 4874; x_wconf 75' lang='grc' dir='ltr'><strong>ἄνθρωπος,</strong></span> <span class='ocrx_word' id='word_1_624' title='bbox 785 4803 881 4855; x_wconf 78' lang='grc' dir='ltr'><strong>καὶ</strong></span> <span class='ocrx_word' id='word_1_625' title='bbox 907 4803 1007 4873; x_wconf 86' lang='grc' dir='ltr'><strong>τὴν</strong></span> <span class='ocrx_word' id='word_1_626' title='bbox 1034 4801 1171 4872; x_wconf 87' lang='grc' dir='ltr'><strong>πρὸς</strong></span> <span class='ocrx_word' id='word_1_627' title='bbox 1190 4802 1337 4873; x_wconf 82' lang='grc' dir='ltr'><strong>ἡμᾶς</strong></span> <span class='ocrx_word' id='word_1_628' title='bbox 1365 4798 1622 4869; x_wconf 82' lang='grc' dir='ltr'><strong>ὁμοίωσιν</strong></span> <span class='ocrx_word' id='word_1_629' title='bbox 1643 4794 1909 4861; x_wconf 83' lang='grc' dir='ltr'><strong>ὑπελθὼν,</strong></span> 
     </span>
    </p>
   </div>
   <div class='ocr_carea' id='block_1_82' title="bbox 338 4884 1909 4958">
    <p class='ocr_par' dir='ltr' id='par_1_82' title="bbox 338 4884 1909 4958">
     <span class='ocr_line' id='line_1_82' title="bbox 338 4884 1909 4958; baseline -0.006 -11"><span class='ocrx_word' id='word_1_630' title='bbox 338 4895 435 4947; x_wconf 75' lang='grc' dir='ltr'><strong>καὶ</strong></span> <span class='ocrx_word' id='word_1_631' title='bbox 464 4892 651 4955; x_wconf 79' lang='grc' dir='ltr'><strong>καθεὶς</strong></span> <span class='ocrx_word' id='word_1_632' title='bbox 685 4891 876 4946; x_wconf 89' lang='grc' dir='ltr'><strong>ἐαυτὸν</strong></span> <span class='ocrx_word' id='word_1_633' title='bbox 932 4892 1012 4954; x_wconf 72' lang='grc' dir='ltr'><strong>είς</strong></span> <span class='ocrx_word' id='word_1_634' title='bbox 1056 4890 1318 4956; x_wconf 84' lang='grc' dir='ltr'><strong>κένωσιν,</strong></span> <span class='ocrx_word' id='word_1_635' title='bbox 1355 4907 1374 4940; x_wconf 74' lang='grc' dir='ltr'><strong>ι</strong></span> <span class='ocrx_word' id='word_1_636' title='bbox 1404 4887 1629 4957; x_wconf 85' lang='grc' dir='ltr'><strong>Πνεῦμα</strong></span> <span class='ocrx_word' id='word_1_637' title='bbox 1680 4884 1909 4958; x_wconf 83' lang='grc' dir='ltr'><strong>Κυρίου,</strong></span> 
     </span>
    </p>
   </div>
   <div class='ocr_carea' id='block_1_83' title="bbox 340 4979 1912 5054">
    <p class='ocr_par' dir='ltr' id='par_1_83' title="bbox 340 4979 1912 5054">
     <span class='ocr_line' id='line_1_83' title="bbox 340 4979 1912 5054; baseline -0.003 -19"><span class='ocrx_word' id='word_1_638' title='bbox 340 4982 528 5054; x_wconf 76' lang='grc' dir='ltr'><strong>φησὶν,</strong></span> <span class='ocrx_word' id='word_1_639' title='bbox 551 4984 637 5035; x_wconf 85' lang='grc' dir='ltr'><strong>ἐπ’</strong></span> <span class='ocrx_word' id='word_1_640' title='bbox 676 4981 796 5053; x_wconf 83' lang='grc' dir='ltr'><strong>ἐμὲ,</strong></span> <span class='ocrx_word' id='word_1_641' title='bbox 826 4999 847 5032; x_wconf 71' lang='grc' dir='ltr'><strong>ι</strong></span> <span class='ocrx_word' id='word_1_642' title='bbox 877 4981 1051 5036; x_wconf 87' lang='grc' dir='ltr'><strong>καίτοι</strong></span> <span class='ocrx_word' id='word_1_643' title='bbox 1092 4980 1249 5048; x_wconf 83' lang='grc' dir='ltr'><strong>φύσει</strong></span> <span class='ocrx_word' id='word_1_644' title='bbox 1273 4980 1405 5043; x_wconf 82' lang='grc' dir='ltr'><strong>Θεὸς</strong></span> <span class='ocrx_word' id='word_1_645' title='bbox 1424 4979 1912 5051; x_wconf 83' lang='grc' dir='ltr'><strong>ὑπάρχωνόΜονο-</strong></span> 
     </span>
    </p>
   </div>
   <div class='ocr_carea' id='block_1_84' title="bbox 338 5070 1907 5145">
    <p class='ocr_par' dir='ltr' id='par_1_84' title="bbox 338 5070 1907 5145">
     <span class='ocr_line' id='line_1_84' title="bbox 338 5070 1907 5145; baseline -0.003 -18"><span class='ocrx_word' id='word_1_646' title='bbox 338 5076 503 5145; x_wconf 81' lang='grc' dir='ltr'><strong>γενὴς</strong></span> <span class='ocrx_word' id='word_1_647' title='bbox 524 5074 711 5143; x_wconf 76' lang='grc' dir='ltr'><strong>’Ἄγιος</strong></span> <span class='ocrx_word' id='word_1_648' title='bbox 741 5074 912 5143; x_wconf 81' lang='grc' dir='ltr'><strong>ἁγίων</strong></span> <span class='ocrx_word' id='word_1_649' title='bbox 958 5075 1098 5136; x_wconf 76' lang='grc' dir='ltr'><strong>ἐστὶ,</strong></span> <span class='ocrx_word' id='word_1_650' title='bbox 1145 5074 1239 5127; x_wconf 77' lang='grc' dir='ltr'><strong>καὶ</strong></span> <span class='ocrx_word' id='word_1_651' title='bbox 1286 5073 1465 5126; x_wconf 85' lang='grc' dir='ltr'><strong>πᾶσαν</strong></span> <span class='ocrx_word' id='word_1_652' title='bbox 1491 5072 1653 5135; x_wconf 81' lang='grc' dir='ltr'><strong>αὐτὸς</strong></span> <span class='ocrx_word' id='word_1_653' title='bbox 1690 5070 1907 5140; x_wconf 81' lang='grc' dir='ltr'><strong>ἁγιάζει</strong></span> 
     </span>
    </p>
   </div>
   <div class='ocr_carea' id='block_1_85' title="bbox 337 5158 1903 5236">
    <p class='ocr_par' dir='ltr' id='par_1_85' title="bbox 337 5158 1903 5236">
     <span class='ocr_line' id='line_1_85' title="bbox 337 5158 1903 5236; baseline -0.003 -19"><span class='ocrx_word' id='word_1_654' title='bbox 337 5165 437 5236; x_wconf 84' lang='grc' dir='ltr'><strong>τὴν</strong></span> <span class='ocrx_word' id='word_1_655' title='bbox 469 5162 669 5230; x_wconf 89' lang='grc' dir='ltr'><strong>κτίσιν,</strong></span> <span class='ocrx_word' id='word_1_656' title='bbox 706 5164 802 5219; x_wconf 73' lang='grc' dir='ltr'><strong>ἅτε</strong></span> <span class='ocrx_word' id='word_1_657' title='bbox 839 5164 904 5235; x_wconf 81' lang='grc' dir='ltr'><strong>δὴ</strong></span> <span class='ocrx_word' id='word_1_658' title='bbox 946 5165 1042 5217; x_wconf 75' lang='grc' dir='ltr'><strong>καὶ</strong></span> <span class='ocrx_word' id='word_1_659' title='bbox 1074 5164 1134 5229; x_wconf 83' lang='grc' dir='ltr'><strong>ἐξ</strong></span> <span class='ocrx_word' id='word_1_660' title='bbox 1163 5162 1319 5232; x_wconf 84' lang='grc' dir='ltr'><strong>ἁγίου</strong></span> <span class='ocrx_word' id='word_1_661' title='bbox 1372 5162 1586 5235; x_wconf 90' lang='grc' dir='ltr'><strong>Πατρὸς</strong></span> <span class='ocrx_word' id='word_1_662' title='bbox 1612 5158 1903 5230; x_wconf 86' lang='grc' dir='ltr'><strong>πεφυκὼς,</strong></span> 
     </span>
    </p>
   </div>
   <div class='ocr_carea' id='block_1_86' title="bbox 2093 3502 3584 3575">
    <p class='ocr_par' dir='ltr' id='par_1_86' title="bbox 2093 3502 3584 3575">
     <span class='ocr_line' id='line_1_86' title="bbox 2093 3502 3584 3575; baseline -0.002 -11"><span class='ocrx_word' id='word_1_663' title='bbox 2093 3508 2223 3564; x_wconf 79' lang='lat' dir='ltr'><strong>CAP.</strong></span> <span class='ocrx_word' id='word_1_664' title='bbox 2253 3506 2387 3561; x_wconf 79' lang='lat' dir='ltr'><strong>LXI.</strong></span> <span class='ocrx_word' id='word_1_665' title='bbox 2420 3504 2586 3559; x_wconf 72' lang='lat' dir='ltr'><strong>Vsus.</strong></span> <span class='ocrx_word' id='word_1_666' title='bbox 2620 3505 2737 3559; x_wconf 60' lang='grc' dir='ltr'><strong>ινδ.</strong></span> <span class='ocrx_word' id='word_1_667' title='bbox 2770 3502 3000 3574; x_wconf 79' lang='lat' dir='ltr'><strong>Spiritus</strong></span> <span class='ocrx_word' id='word_1_668' title='bbox 3032 3504 3242 3559; x_wconf 79' lang='lat' dir='ltr'><strong>Domini</strong></span> <span class='ocrx_word' id='word_1_669' title='bbox 3279 3521 3433 3575; x_wconf 81' lang='lat' dir='ltr'><strong>super</strong></span> <span class='ocrx_word' id='word_1_670' title='bbox 3480 3523 3584 3561; x_wconf 77' lang='lat' dir='ltr'><strong>ms-</strong></span> 
     </span>
    </p>
   </div>
   <div class='ocr_carea' id='block_1_87' title="bbox 2018 3594 3583 3671">
    <p class='ocr_par' dir='ltr' id='par_1_87' title="bbox 2018 3594 3583 3671">
     <span class='ocr_line' id='line_1_87' title="bbox 2018 3594 3583 3671; baseline -0.001 -18"><span class='ocrx_word' id='word_1_671' title='bbox 2018 3610 2228 3671; x_wconf 85' lang='lat' dir='ltr'><strong>propter</strong></span> <span class='ocrx_word' id='word_1_672' title='bbox 2244 3600 2381 3669; x_wconf 83' lang='lat' dir='ltr'><strong>quod</strong></span> <span class='ocrx_word' id='word_1_673' title='bbox 2414 3599 2563 3652; x_wconf 75' lang='lat' dir='ltr'><strong>unxit</strong></span> <span class='ocrx_word' id='word_1_674' title='bbox 2589 3613 2670 3651; x_wconf 81' lang='lat' dir='ltr'><strong>me</strong></span> <span class='ocrx_word' id='word_1_675' title='bbox 2683 3614 2701 3662; x_wconf 88' lang='lat'><strong>;</strong></span> <span class='ocrx_word' id='word_1_676' title='bbox 2734 3594 3089 3666; x_wconf 78' lang='lat' dir='ltr'><strong>euangelizarc</strong></span> <span class='ocrx_word' id='word_1_677' title='bbox 3109 3597 3424 3665; x_wconf 77' lang='lat' dir='ltr'><strong>pauperibus</strong></span> <span class='ocrx_word' id='word_1_678' title='bbox 3441 3600 3583 3652; x_wconf 84' lang='lat' dir='ltr'><strong>misit</strong></span> 
     </span>
    </p>
   </div>
   <div class='ocr_carea' id='block_1_88' title="bbox 2019 3688 3584 3757">
    <p class='ocr_par' dir='ltr' id='par_1_88' title="bbox 2019 3688 3584 3757">
     <span class='ocr_line' id='line_1_88' title="bbox 2019 3688 3584 3757; baseline -0.001 -12"><span class='ocrx_word' id='word_1_679' title='bbox 2019 3708 2123 3755; x_wconf 78' lang='lat' dir='ltr'><strong>me,</strong></span> <span class='ocrx_word' id='word_1_680' title='bbox 2165 3706 2356 3744; x_wconf 76' lang='lat' dir='ltr'><strong>sanare</strong></span> <span class='ocrx_word' id='word_1_681' title='bbox 2397 3690 2647 3742; x_wconf 84' lang='lat' dir='ltr'><strong>contritas</strong></span> <span class='ocrx_word' id='word_1_682' title='bbox 2697 3689 2873 3750; x_wconf 84' lang='lat' dir='ltr'><strong>corde,</strong></span> <span class='ocrx_word' id='word_1_683' title='bbox 2914 3688 3203 3755; x_wconf 60' lang='lat' dir='ltr'><strong>praedicare</strong></span> <span class='ocrx_word' id='word_1_684' title='bbox 3248 3689 3461 3757; x_wconf 84' lang='lat' dir='ltr'><strong>captivis</strong></span> <span class='ocrx_word' id='word_1_685' title='bbox 3506 3705 3584 3743; x_wconf 77' lang='lat' dir='ltr'><strong>rs-</strong></span> 
     </span>
    </p>
   </div>
   <div class='ocr_carea' id='block_1_89' title="bbox 2020 3778 3582 3845">
    <p class='ocr_par' dir='ltr' id='par_1_89' title="bbox 2020 3778 3582 3845">
     <span class='ocr_line' id='line_1_89' title="bbox 2020 3778 3582 3845; baseline 0 -13"><span class='ocrx_word' id='word_1_686' title='bbox 2020 3780 2337 3845; x_wconf 83' lang='lat' dir='ltr'><strong>missionem,</strong></span> <span class='ocrx_word' id='word_1_687' title='bbox 2377 3789 2423 3832; x_wconf 84' lang='lat' dir='ltr'><strong>et</strong></span> <span class='ocrx_word' id='word_1_688' title='bbox 2458 3780 2609 3832; x_wconf 63' lang='lat' dir='ltr'><strong>ca’cis</strong></span> <span class='ocrx_word' id='word_1_689' title='bbox 2655 3779 2842 3843; x_wconf 81' lang='lat' dir='ltr'><strong>visum,</strong></span> <span class='ocrx_word' id='word_1_690' title='bbox 2890 3793 3073 3830; x_wconf 82' lang='lat' dir='ltr'><strong>vocare</strong></span> <span class='ocrx_word' id='word_1_691' title='bbox 3121 3793 3317 3831; x_wconf 82' lang='lat' dir='ltr'><strong>annum</strong></span> <span class='ocrx_word' id='word_1_692' title='bbox 3369 3778 3582 3832; x_wconf 73' lang='lat' dir='ltr'><strong>Domini</strong></span> 
     </span>
    </p>
   </div>
   <div class='ocr_carea' id='block_1_90' title="bbox 2019 3868 3582 3936">
    <p class='ocr_par' dir='ltr' id='par_1_90' title="bbox 2019 3868 3582 3936">
     <span class='ocr_line' id='line_1_90' title="bbox 2019 3868 3582 3936; baseline 0 -13"><span class='ocrx_word' id='word_1_693' title='bbox 2019 3870 2407 3936; x_wconf 78' lang='lat' dir='ltr'><strong>acceptabilem,</strong></span> <span class='ocrx_word' id='word_1_694' title='bbox 2437 3878 2487 3922; x_wconf 82' lang='lat' dir='ltr'><strong>et</strong></span> <span class='ocrx_word' id='word_1_695' title='bbox 2519 3869 2655 3921; x_wconf 84' lang='lat' dir='ltr'><strong>diem</strong></span> <span class='ocrx_word' id='word_1_696' title='bbox 2686 3868 3061 3931; x_wconf 84' lang='lat' dir='ltr'><strong>retributionis,</strong></span> <span class='ocrx_word' id='word_1_697' title='bbox 3100 3868 3362 3922; x_wconf 81' lang='lat' dir='ltr'><strong>consolari</strong></span> <span class='ocrx_word' id='word_1_698' title='bbox 3403 3885 3582 3924; x_wconf 79' lang='lat' dir='ltr'><strong>omnes</strong></span> 
     </span>
    </p>
   </div>
   <div class='ocr_carea' id='block_1_91' title="bbox 2012 3956 3582 4029">
    <p class='ocr_par' dir='ltr' id='par_1_91' title="bbox 2012 3956 3582 4029">
     <span class='ocr_line' id='line_1_91' title="bbox 2012 3956 3582 4029; baseline 0.001 -16"><span class='ocrx_word' id='word_1_699' title='bbox 2012 3962 2263 4029; x_wconf 85' lang='lat' dir='ltr'><strong>lugentes,</strong></span> <span class='ocrx_word' id='word_1_700' title='bbox 2299 3970 2353 4011; x_wconf 84' lang='lat' dir='ltr'><strong>ut</strong></span> <span class='ocrx_word' id='word_1_701' title='bbox 2381 3960 2532 4011; x_wconf 81' lang='lat' dir='ltr'><strong>detur</strong></span> <span class='ocrx_word' id='word_1_702' title='bbox 2565 3956 2860 4027; x_wconf 81' lang='lat' dir='ltr'><strong>lugentibus</strong></span> <span class='ocrx_word' id='word_1_703' title='bbox 2889 3957 3020 4011; x_wconf 85' lang='lat' dir='ltr'><strong>Sion</strong></span> <span class='ocrx_word' id='word_1_704' title='bbox 3049 3957 3217 4028; x_wconf 85' lang='lat' dir='ltr'><strong>gloria</strong></span> <span class='ocrx_word' id='word_1_705' title='bbox 3244 3974 3339 4025; x_wconf 89' lang='lat' dir='ltr'><strong>pro</strong></span> <span class='ocrx_word' id='word_1_706' title='bbox 3386 3958 3582 4025; x_wconf 78' lang='lat' dir='ltr'><strong>cinere,</strong></span> 
     </span>
    </p>
   </div>
   <div class='ocr_carea' id='block_1_92' title="bbox 2014 4045 3582 4119">
    <p class='ocr_par' dir='ltr' id='par_1_92' title="bbox 2014 4045 3582 4119">
     <span class='ocr_line' id='line_1_92' title="bbox 2014 4045 3582 4119; baseline 0.001 -17"><span class='ocrx_word' id='word_1_707' title='bbox 2014 4049 2190 4103; x_wconf 82' lang='lat' dir='ltr'><strong>unctio</strong></span> <span class='ocrx_word' id='word_1_708' title='bbox 2220 4049 2415 4103; x_wconf 66' lang='lat' dir='ltr'><strong>(milia</strong></span> <span class='ocrx_word' id='word_1_709' title='bbox 2442 4045 2755 4117; x_wconf 83' lang='lat' dir='ltr'><strong>lugentibus,</strong></span> <span class='ocrx_word' id='word_1_710' title='bbox 2789 4055 2835 4099; x_wconf 86' lang='lat' dir='ltr'><strong>et</strong></span> <span class='ocrx_word' id='word_1_711' title='bbox 2863 4045 3083 4100; x_wconf 70' lang='lat' dir='ltr'><strong>amictus</strong></span> <span class='ocrx_word' id='word_1_712' title='bbox 3115 4046 3300 4115; x_wconf 66' lang='lat' dir='ltr'><strong>gloria:</strong></span> <span class='ocrx_word' id='word_1_713' title='bbox 3335 4065 3430 4118; x_wconf 87' lang='lat' dir='ltr'><strong>pro</strong></span> <span class='ocrx_word' id='word_1_714' title='bbox 3471 4050 3582 4119; x_wconf 80' lang='lat' dir='ltr'><strong>spi-</strong></span> 
     </span>
    </p>
   </div>
   <div class='ocr_carea' id='block_1_93' title="bbox 2013 4138 2402 4194">
    <p class='ocr_par' dir='ltr' id='par_1_93' title="bbox 2013 4138 2402 4194">
     <span class='ocr_line' id='line_1_93' title="bbox 2013 4138 2402 4194; baseline 0.003 -2"><span class='ocrx_word' id='word_1_715' title='bbox 2013 4140 2123 4194; x_wconf 75' lang='lat' dir='ltr'><strong>ritu</strong></span> <span class='ocrx_word' id='word_1_716' title='bbox 2151 4138 2402 4193; x_wconf 76' lang='lat' dir='ltr'><strong>maeroris.</strong></span> 
     </span>
    </p>
   </div>
   <div class='ocr_carea' id='block_1_94' title="bbox 2083 4443 3574 4515">
    <p class='ocr_par' dir='ltr' id='par_1_94' title="bbox 2083 4443 3574 4515">
     <span class='ocr_line' id='line_1_94' title="bbox 2083 4443 3574 4515; baseline 0.003 -18"><span class='ocrx_word' id='word_1_717' title='bbox 2083 4446 2186 4513; x_wconf 87' lang='lat' dir='ltr'><strong>Qui</strong></span> <span class='ocrx_word' id='word_1_718' title='bbox 2227 4449 2276 4501; x_wconf 91' lang='lat' dir='ltr'><strong>in</strong></span> <span class='ocrx_word' id='word_1_719' title='bbox 2306 4443 2675 4515; x_wconf 90' lang='lat' dir='ltr'><strong>superioribus</strong></span> <span class='ocrx_word' id='word_1_720' title='bbox 2703 4444 2837 4499; x_wconf 76' lang='lat' dir='ltr'><strong>dixit</strong></span> <span class='ocrx_word' id='word_1_721' title='bbox 2868 4444 2937 4500; x_wconf 88' lang='lat' dir='ltr'><strong>de</strong></span> <span class='ocrx_word' id='word_1_722' title='bbox 2963 4446 3215 4501; x_wconf 90' lang='lat' dir='ltr'><strong>vocandis</strong></span> <span class='ocrx_word' id='word_1_723' title='bbox 3240 4460 3336 4515; x_wconf 89' lang='lat' dir='ltr'><strong>per</strong></span> <span class='ocrx_word' id='word_1_724' title='bbox 3360 4446 3516 4500; x_wconf 82' lang='lat' dir='ltr'><strong>iidem</strong></span> <span class='ocrx_word' id='word_1_725' title='bbox 3558 4465 3574 4502; x_wconf 90' lang='lat'><strong>:</strong></span> 
     </span>
    </p>
   </div>
   <div class='ocr_carea' id='block_1_95' title="bbox 226 4522 1920 4607">
    <p class='ocr_par' dir='ltr' id='par_1_95' title="bbox 226 4522 1912 4602">
     <span class='ocr_line' id='line_1_95' title="bbox 226 4522 1912 4602; baseline -0.005 -17"><span class='ocrx_word' id='word_1_726' title='bbox 226 4540 235 4547; x_wconf 81' lang='lat'><em>’</em></span> <span class='ocrx_word' id='word_1_727' title='bbox 344 4531 687 4602; x_wconf 81' lang='grc' dir='ltr'><strong>θησομένων·</strong></span> <span class='ocrx_word' id='word_1_728' title='bbox 756 4551 777 4581; x_wconf 79' lang='lat' dir='ltr'><strong>s</strong></span> <span class='ocrx_word' id='word_1_729' title='bbox 812 4529 955 4599; x_wconf 85' lang='grc' dir='ltr'><strong>Ἐγὼ</strong></span> <span class='ocrx_word' id='word_1_730' title='bbox 996 4529 1199 4601; x_wconf 82' lang='grc' dir='ltr'><strong>Κύριος</strong></span> <span class='ocrx_word' id='word_1_731' title='bbox 1257 4530 1397 4584; x_wconf 86' lang='grc' dir='ltr'><strong>κατά</strong></span> <span class='ocrx_word' id='word_1_732' title='bbox 1449 4526 1673 4597; x_wconf 82' lang='grc' dir='ltr'><strong>καιροὺς</strong></span> <span class='ocrx_word' id='word_1_733' title='bbox 1702 4522 1912 4588; x_wconf 81' lang='grc' dir='ltr'><strong>συνάξω</strong></span> 
     </span>
    </p>
   </div>
   <div class='ocr_carea' id='block_1_96' title="bbox 2020 4522 3571 4607">
    <p class='ocr_par' dir='ltr' id='par_1_96' title="bbox 2021 4534 3571 4607">
     <span class='ocr_line' id='line_1_96' title="bbox 2021 4534 3571 4607; baseline -0.002 -17"><span class='ocrx_word' id='word_1_734' title='bbox 2021 4557 2040 4590; x_wconf 79' lang='lat'><strong>¢</strong></span> <span class='ocrx_word' id='word_1_735' title='bbox 2074 4539 2184 4607; x_wconf 83' lang='lat' dir='ltr'><strong>Ego</strong></span> <span class='ocrx_word' id='word_1_736' title='bbox 2225 4536 2497 4597; x_wconf 87' lang='lat' dir='ltr'><strong>Dominus,</strong></span> <span class='ocrx_word' id='word_1_737' title='bbox 2530 4534 2585 4587; x_wconf 90' lang='lat' dir='ltr'><strong>in</strong></span> <span class='ocrx_word' id='word_1_738' title='bbox 2631 4543 2876 4604; x_wconf 90' lang='lat' dir='ltr'><strong>tempore</strong></span> <span class='ocrx_word' id='word_1_739' title='bbox 2923 4536 3260 4605; x_wconf 82' lang='lat' dir='ltr'><strong>congregabo</strong></span> <span class='ocrx_word' id='word_1_740' title='bbox 3292 4550 3386 4590; x_wconf 89' lang='lat' dir='ltr'><strong>eos</strong></span> <span class='ocrx_word' id='word_1_741' title='bbox 3426 4536 3492 4600; x_wconf 81' lang='lat'><strong>”,</strong></span> <span class='ocrx_word' id='word_1_742' title='bbox 3551 4555 3571 4587; x_wconf 72' lang='grc' dir='ltr'><strong>ι</strong></span> 
     </span>
    </p>
   </div>
   <div class='ocr_carea' id='block_1_97' title="bbox 2014 4626 3579 4699">
    <p class='ocr_par' dir='ltr' id='par_1_97' title="bbox 2014 4626 3579 4699">
     <span class='ocr_line' id='line_1_97' title="bbox 2014 4626 3579 4699; baseline -0.001 -16"><span class='ocrx_word' id='word_1_743' title='bbox 2014 4630 2177 4685; x_wconf 90' lang='lat' dir='ltr'><strong>veluti</strong></span> <span class='ocrx_word' id='word_1_744' title='bbox 2201 4629 2313 4699; x_wconf 88' lang='lat' dir='ltr'><strong>jam</strong></span> <span class='ocrx_word' id='word_1_745' title='bbox 2362 4628 2599 4681; x_wconf 89' lang='lat' dir='ltr'><strong>instante</strong></span> <span class='ocrx_word' id='word_1_746' title='bbox 2635 4635 2896 4694; x_wconf 90' lang='lat' dir='ltr'><strong>tempore,</strong></span> <span class='ocrx_word' id='word_1_747' title='bbox 2928 4640 3035 4694; x_wconf 93' lang='lat' dir='ltr'><strong>quo</strong></span> <span class='ocrx_word' id='word_1_748' title='bbox 3082 4626 3328 4695; x_wconf 87' lang='lat' dir='ltr'><strong>promisit</strong></span> <span class='ocrx_word' id='word_1_749' title='bbox 3369 4641 3462 4680; x_wconf 90' lang='lat' dir='ltr'><strong>eos</strong></span> <span class='ocrx_word' id='word_1_750' title='bbox 3518 4641 3579 4681; x_wconf 82' lang='lat' dir='ltr'><strong>se</strong></span> 
     </span>
    </p>
   </div>
   <div class='ocr_carea' id='block_1_98' title="bbox 2013 4715 3576 4787">
    <p class='ocr_par' dir='ltr' id='par_1_98' title="bbox 2013 4715 3576 4787">
     <span class='ocr_line' id='line_1_98' title="bbox 2013 4715 3576 4787; baseline -0.004 -11"><span class='ocrx_word' id='word_1_751' title='bbox 2013 4731 2351 4782; x_wconf 88' lang='lat' dir='ltr'><strong>coacturum,</strong></span> <span class='ocrx_word' id='word_1_752' title='bbox 2387 4725 2441 4772; x_wconf 90' lang='lat' dir='ltr'><strong>et</strong></span> <span class='ocrx_word' id='word_1_753' title='bbox 2473 4716 2626 4787; x_wconf 90' lang='lat' dir='ltr'><strong>quasi</strong></span> <span class='ocrx_word' id='word_1_754' title='bbox 2656 4715 2829 4771; x_wconf 81' lang='lat' dir='ltr'><strong>factus</strong></span> <span class='ocrx_word' id='word_1_755' title='bbox 2854 4715 2966 4785; x_wconf 87' lang='lat' dir='ltr'><strong>jam</strong></span> <span class='ocrx_word' id='word_1_756' title='bbox 3002 4716 3183 4781; x_wconf 91' lang='lat' dir='ltr'><strong>homo,</strong></span> <span class='ocrx_word' id='word_1_757' title='bbox 3221 4727 3276 4770; x_wconf 89' lang='lat' dir='ltr'><strong>et</strong></span> <span class='ocrx_word' id='word_1_758' title='bbox 3322 4715 3576 4771; x_wconf 89' lang='lat' dir='ltr'><strong>similitu-</strong></span> 
     </span>
    </p>
   </div>
   <div class='ocr_carea' id='block_1_99' title="bbox 2014 4806 3573 4874">
    <p class='ocr_par' dir='ltr' id='par_1_99' title="bbox 2014 4806 3573 4874">
     <span class='ocr_line' id='line_1_99' title="bbox 2014 4806 3573 4874; baseline -0.003 -8"><span class='ocrx_word' id='word_1_759' title='bbox 2014 4814 2194 4867; x_wconf 90' lang='lat' dir='ltr'><strong>dinem</strong></span> <span class='ocrx_word' id='word_1_760' title='bbox 2245 4817 2483 4865; x_wconf 87' lang='lat' dir='ltr'><strong>nostram</strong></span> <span class='ocrx_word' id='word_1_761' title='bbox 2534 4806 2855 4874; x_wconf 90' lang='lat' dir='ltr'><strong>suscipiens,</strong></span> <span class='ocrx_word' id='word_1_762' title='bbox 2904 4815 2959 4860; x_wconf 91' lang='lat' dir='ltr'><strong>et</strong></span> <span class='ocrx_word' id='word_1_763' title='bbox 3007 4821 3065 4861; x_wconf 87' lang='lat' dir='ltr'><strong>se</strong></span> <span class='ocrx_word' id='word_1_764' title='bbox 3115 4807 3181 4859; x_wconf 83' lang='lat' dir='ltr'><strong>ad</strong></span> <span class='ocrx_word' id='word_1_765' title='bbox 3223 4806 3573 4861; x_wconf 90' lang='lat' dir='ltr'><strong>inanitionem</strong></span> 
     </span>
    </p>
   </div>
   <div class='ocr_carea' id='block_1_100' title="bbox 2013 4895 3578 4969">
    <p class='ocr_par' dir='ltr' id='par_1_100' title="bbox 2013 4895 3578 4969">
     <span class='ocr_line' id='line_1_100' title="bbox 2013 4895 3578 4969; baseline -0.001 -14"><span class='ocrx_word' id='word_1_766' title='bbox 2013 4901 2372 4965; x_wconf 89' lang='lat' dir='ltr'><strong>submittens,</strong></span> <span class='ocrx_word' id='word_1_767' title='bbox 2441 4915 2462 4951; x_wconf 77' lang='grc' dir='ltr'><strong>ι</strong></span> <span class='ocrx_word' id='word_1_768' title='bbox 2520 4897 2755 4967; x_wconf 89' lang='lat' dir='ltr'><strong>Spiritus</strong></span> <span class='ocrx_word' id='word_1_769' title='bbox 2799 4895 3035 4960; x_wconf 87' lang='lat' dir='ltr'><strong>Domini,</strong></span> <span class='ocrx_word' id='word_1_770' title='bbox 3125 4897 3315 4965; x_wconf 86' lang='lat' dir='ltr'><strong>inquit,</strong></span> <span class='ocrx_word' id='word_1_771' title='bbox 3416 4913 3578 4969; x_wconf 86' lang='lat' dir='ltr'><strong>super</strong></span> 
     </span>
    </p>
   </div>
   <div class='ocr_carea' id='block_1_101' title="bbox 2016 4986 3575 5060">
    <p class='ocr_par' dir='ltr' id='par_1_101' title="bbox 2016 4986 3575 5060">
     <span class='ocr_line' id='line_1_101' title="bbox 2016 4986 3575 5060; baseline -0.001 -14"><span class='ocrx_word' id='word_1_772' title='bbox 2016 5006 2130 5057; x_wconf 88' lang='lat' dir='ltr'><strong>me;</strong></span> <span class='ocrx_word' id='word_1_773' title='bbox 2170 5010 2190 5042; x_wconf 77' lang='grc' dir='ltr'><strong>ι</strong></span> <span class='ocrx_word' id='word_1_774' title='bbox 2222 4990 2475 5060; x_wconf 89' lang='lat' dir='ltr'><strong>quoniam</strong></span> <span class='ocrx_word' id='word_1_775' title='bbox 2506 4999 2697 5042; x_wconf 90' lang='lat' dir='ltr'><strong>natura</strong></span> <span class='ocrx_word' id='word_1_776' title='bbox 2740 4986 2883 5043; x_wconf 90' lang='lat' dir='ltr'><strong>Deus</strong></span> <span class='ocrx_word' id='word_1_777' title='bbox 2932 4987 3201 5042; x_wconf 81' lang='lat' dir='ltr'><strong>exsistens</strong></span> <span class='ocrx_word' id='word_1_778' title='bbox 3261 4987 3575 5056; x_wconf 77' lang='lat' dir='ltr'><strong>Unigenitus</strong></span> 
     </span>
    </p>
   </div>
   <div class='ocr_carea' id='block_1_102' title="bbox 2012 5074 3573 5143">
    <p class='ocr_par' dir='ltr' id='par_1_102' title="bbox 2012 5074 3573 5143">
     <span class='ocr_line' id='line_1_102' title="bbox 2012 5074 3573 5143; baseline -0.002 -9"><span class='ocrx_word' id='word_1_779' title='bbox 2012 5078 2243 5134; x_wconf 89' lang='lat' dir='ltr'><strong>Sanctus</strong></span> <span class='ocrx_word' id='word_1_780' title='bbox 2298 5077 2368 5132; x_wconf 89' lang='lat' dir='ltr'><strong>sit</strong></span> <span class='ocrx_word' id='word_1_781' title='bbox 2409 5086 2743 5141; x_wconf 90' lang='lat' dir='ltr'><strong>sanctorum,</strong></span> <span class='ocrx_word' id='word_1_782' title='bbox 2788 5082 2842 5129; x_wconf 91' lang='lat' dir='ltr'><strong>et</strong></span> <span class='ocrx_word' id='word_1_783' title='bbox 2886 5088 3102 5129; x_wconf 89' lang='lat' dir='ltr'><strong>omnem</strong></span> <span class='ocrx_word' id='word_1_784' title='bbox 3156 5074 3273 5143; x_wconf 89' lang='lat' dir='ltr'><strong>ipse</strong></span> <span class='ocrx_word' id='word_1_785' title='bbox 3328 5088 3573 5131; x_wconf 88' lang='lat' dir='ltr'><strong>naturam</strong></span> 
     </span>
    </p>
   </div>
   <div class='ocr_carea' id='block_1_103' title="bbox 2008 5165 3575 5237">
    <p class='ocr_par' dir='ltr' id='par_1_103' title="bbox 2008 5165 3575 5237">
     <span class='ocr_line' id='line_1_103' title="bbox 2008 5165 3575 5237; baseline -0.001 -13"><span class='ocrx_word' id='word_1_786' title='bbox 2008 5168 2330 5234; x_wconf 82' lang='lat' dir='ltr'><strong>sanctiﬁcet,</strong></span> <span class='ocrx_word' id='word_1_787' title='bbox 2372 5177 2557 5237; x_wconf 90' lang='lat' dir='ltr'><strong>utpote</strong></span> <span class='ocrx_word' id='word_1_788' title='bbox 2599 5181 2665 5221; x_wconf 81' lang='lat' dir='ltr'><strong>ex</strong></span> <span class='ocrx_word' id='word_1_789' title='bbox 2700 5175 2889 5221; x_wconf 88' lang='lat' dir='ltr'><strong>sancto</strong></span> <span class='ocrx_word' id='word_1_790' title='bbox 2922 5165 3080 5219; x_wconf 84' lang='lat' dir='ltr'><strong>Patre</strong></span> <span class='ocrx_word' id='word_1_791' title='bbox 3124 5174 3301 5231; x_wconf 87' lang='lat' dir='ltr'><strong>natus,</strong></span> <span class='ocrx_word' id='word_1_792' title='bbox 3347 5182 3575 5236; x_wconf 80' lang='lat' dir='ltr'><strong>cumque</strong></span> 
     </span>
    </p>
   </div>
   <div class='ocr_carea' id='block_1_104' title="bbox 339 5250 1920 5330">
    <p class='ocr_par' dir='ltr' id='par_1_104' title="bbox 339 5250 1909 5325">
     <span class='ocr_line' id='line_1_104' title="bbox 339 5250 1909 5325; baseline -0.001 -18"><span class='ocrx_word' id='word_1_793' title='bbox 339 5255 433 5308; x_wconf 78' lang='grc' dir='ltr'><strong>καὶ</strong></span> <span class='ocrx_word' id='word_1_794' title='bbox 461 5252 522 5307; x_wconf 90' lang='grc' dir='ltr'><strong>τὸ</strong></span> <span class='ocrx_word' id='word_1_795' title='bbox 544 5252 606 5318; x_wconf 80' lang='grc' dir='ltr'><strong>ἐξ</strong></span> <span class='ocrx_word' id='word_1_796' title='bbox 654 5251 821 5307; x_wconf 79' lang='grc' dir='ltr'><strong>αὑτοῦ</strong></span> <span class='ocrx_word' id='word_1_797' title='bbox 848 5254 1212 5325; x_wconf 84' lang='grc' dir='ltr'><strong>προχεόμενον</strong></span> <span class='ocrx_word' id='word_1_798' title='bbox 1245 5250 1493 5321; x_wconf 88' lang='grc' dir='ltr'><strong>Πνεῦμα,</strong></span> <span class='ocrx_word' id='word_1_799' title='bbox 1525 5250 1621 5305; x_wconf 79' lang='grc' dir='ltr'><strong>καὶ</strong></span> <span class='ocrx_word' id='word_1_800' title='bbox 1649 5252 1768 5313; x_wconf 80' lang='grc' dir='ltr'><strong>ταῖς</strong></span> <span class='ocrx_word' id='word_1_801' title='bbox 1795 5250 1909 5306; x_wconf 76' lang='grc' dir='ltr'><strong>ἀνω</strong></span> 
     </span>
    </p>
   </div>
   <div class='ocr_carea' id='block_1_105' title="bbox 2020 5250 3575 5330">
    <p class='ocr_par' dir='ltr' id='par_1_105' title="bbox 2020 5257 3575 5330">
     <span class='ocr_line' id='line_1_105' title="bbox 2020 5257 3575 5330; baseline -0.002 -14"><span class='ocrx_word' id='word_1_802' title='bbox 2020 5277 2069 5317; x_wconf 71' lang='lat' dir='ltr'><strong>ex</strong></span> <span class='ocrx_word' id='word_1_803' title='bbox 2099 5276 2157 5316; x_wconf 90' lang='lat' dir='ltr'><strong>se</strong></span> <span class='ocrx_word' id='word_1_804' title='bbox 2186 5260 2565 5330; x_wconf 87' lang='lat' dir='ltr'><strong>procedentem</strong></span> <span class='ocrx_word' id='word_1_805' title='bbox 2607 5257 2868 5327; x_wconf 90' lang='lat' dir='ltr'><strong>Spiritum</strong></span> <span class='ocrx_word' id='word_1_806' title='bbox 2909 5258 3164 5312; x_wconf 90' lang='lat' dir='ltr'><strong>immittat</strong></span> <span class='ocrx_word' id='word_1_807' title='bbox 3209 5261 3421 5327; x_wconf 88' lang='lat' dir='ltr'><strong>superis</strong></span> <span class='ocrx_word' id='word_1_808' title='bbox 3479 5275 3575 5329; x_wconf 83' lang='lat' dir='ltr'><strong>po-</strong></span> 
     </span>
    </p>
   </div>
   <div class='ocr_carea' id='block_1_106' title="bbox 337 5343 1909 5416">
    <p class='ocr_par' dir='ltr' id='par_1_106' title="bbox 337 5343 1909 5416">
     <span class='ocr_line' id='line_1_106' title="bbox 337 5343 1909 5416; baseline -0.002 -17"><span class='ocrx_word' id='word_1_809' title='bbox 337 5345 632 5416; x_wconf 86' lang='grc' dir='ltr'><strong>δυνάμεσιν</strong></span> <span class='ocrx_word' id='word_1_810' title='bbox 685 5343 851 5406; x_wconf 74' lang='grc' dir='ltr'><strong>ἐνιεὶς</strong></span> <span class='ocrx_word' id='word_1_811' title='bbox 873 5382 890 5409; x_wconf 88' lang='grc'><strong>,</strong></span> <span class='ocrx_word' id='word_1_812' title='bbox 945 5344 1023 5407; x_wconf 83' lang='grc' dir='ltr'><strong>ὡς</strong></span> <span class='ocrx_word' id='word_1_813' title='bbox 1070 5344 1289 5409; x_wconf 86' lang='grc' dir='ltr'><strong>ἐαυτοῦ,</strong></span> <span class='ocrx_word' id='word_1_814' title='bbox 1352 5345 1448 5398; x_wconf 76' lang='grc' dir='ltr'><strong>καὶ</strong></span> <span class='ocrx_word' id='word_1_815' title='bbox 1512 5344 1736 5415; x_wconf 74' lang='grc' dir='ltr'><strong>προσέτι</strong></span> <span class='ocrx_word' id='word_1_816' title='bbox 1795 5344 1909 5408; x_wconf 86' lang='grc' dir='ltr'><strong>τοῖς</strong></span> 
     </span>
    </p>
   </div>
   <div class='ocr_carea' id='block_1_107' title="bbox 338 5431 1905 5506">
    <p class='ocr_par' dir='ltr' id='par_1_107' title="bbox 338 5431 1905 5506">
     <span class='ocr_line' id='line_1_107' title="bbox 338 5431 1905 5506; baseline 0.001 -19"><span class='ocrx_word' id='word_1_817' title='bbox 338 5435 675 5505; x_wconf 84' lang='grc' dir='ltr'><strong>ἐπεγνωκόσι</strong></span> <span class='ocrx_word' id='word_1_818' title='bbox 691 5436 791 5506; x_wconf 79' lang='grc' dir='ltr'><strong>τὴν</strong></span> <span class='ocrx_word' id='word_1_819' title='bbox 810 5434 1137 5505; x_wconf 82' lang='grc' dir='ltr'><strong>ἐπιφάνειαν</strong></span> <span class='ocrx_word' id='word_1_820' title='bbox 1161 5435 1347 5490; x_wconf 80' lang='grc' dir='ltr'><strong>αὑτοῦ.</strong></span> <span class='ocrx_word' id='word_1_821' title='bbox 1370 5435 1496 5500; x_wconf 91' lang='grc' dir='ltr'><strong>Πῶς</strong></span> <span class='ocrx_word' id='word_1_822' title='bbox 1515 5431 1610 5490; x_wconf 75' lang='grc' dir='ltr'><strong>οῦν</strong></span> <span class='ocrx_word' id='word_1_823' title='bbox 1630 5431 1905 5506; x_wconf 75' lang='grc' dir='ltr'><strong>ήγιάζετος</strong></span> 
     </span>
    </p>
   </div>
   <div class='ocr_carea' id='block_1_108' title="bbox 337 5525 1909 5598">
    <p class='ocr_par' dir='ltr' id='par_1_108' title="bbox 337 5525 1909 5598">
     <span class='ocr_line' id='line_1_108' title="bbox 337 5525 1909 5598; baseline 0 -19"><span class='ocrx_word' id='word_1_824' title='bbox 337 5525 471 5590; x_wconf 85' lang='grc' dir='ltr'><strong>Θεὸς</strong></span> <span class='ocrx_word' id='word_1_825' title='bbox 505 5526 615 5598; x_wconf 84' lang='grc' dir='ltr'><strong>γὰρ</strong></span> <span class='ocrx_word' id='word_1_826' title='bbox 638 5526 898 5598; x_wconf 82' lang='grc' dir='ltr'><strong>ὑπάρχων</strong></span> <span class='ocrx_word' id='word_1_827' title='bbox 927 5526 1064 5597; x_wconf 88' lang='grc' dir='ltr'><strong>όμοῦ</strong></span> <span class='ocrx_word' id='word_1_828' title='bbox 1113 5526 1209 5580; x_wconf 75' lang='grc' dir='ltr'><strong>καὶ</strong></span> <span class='ocrx_word' id='word_1_829' title='bbox 1241 5526 1526 5598; x_wconf 76' lang='grc' dir='ltr'><strong>ἄνθρωπος</strong></span> <span class='ocrx_word' id='word_1_830' title='bbox 1551 5527 1581 5579; x_wconf 94' lang='lat'><strong>6</strong></span> <span class='ocrx_word' id='word_1_831' title='bbox 1622 5526 1806 5592; x_wconf 79' lang='grc' dir='ltr'><strong>αὐτὸς,</strong></span> <span class='ocrx_word' id='word_1_832' title='bbox 1832 5526 1909 5580; x_wconf 88' lang='grc' dir='ltr'><strong>δί-</strong></span> 
     </span>
    </p>
   </div>
   <div class='ocr_carea' id='block_1_109' title="bbox 334 5615 1911 5689">
    <p class='ocr_par' dir='ltr' id='par_1_109' title="bbox 334 5615 1911 5689">
     <span class='ocr_line' id='line_1_109' title="bbox 334 5615 1911 5689; baseline 0.001 -19"><span class='ocrx_word' id='word_1_833' title='bbox 334 5616 466 5670; x_wconf 88' lang='grc' dir='ltr'><strong>δωσι</strong></span> <span class='ocrx_word' id='word_1_834' title='bbox 494 5616 593 5689; x_wconf 76' lang='grc' dir='ltr'><strong>μὲν</strong></span> <span class='ocrx_word' id='word_1_835' title='bbox 622 5615 819 5679; x_wconf 81' lang='grc' dir='ltr'><strong>θεῖκῶς</strong></span> <span class='ocrx_word' id='word_1_836' title='bbox 845 5616 908 5671; x_wconf 84' lang='grc' dir='ltr'><strong>τὸ</strong></span> <span class='ocrx_word' id='word_1_837' title='bbox 937 5615 1150 5689; x_wconf 87' lang='grc' dir='ltr'><strong>πνεῦμα</strong></span> <span class='ocrx_word' id='word_1_838' title='bbox 1179 5619 1245 5689; x_wconf 77' lang='grc' dir='ltr'><strong>τῇ</strong></span> <span class='ocrx_word' id='word_1_839' title='bbox 1269 5618 1464 5686; x_wconf 86' lang='grc' dir='ltr'><strong>κτίσει,</strong></span> <span class='ocrx_word' id='word_1_840' title='bbox 1481 5618 1692 5689; x_wconf 86' lang='grc' dir='ltr'><strong>δέχεται</strong></span> <span class='ocrx_word' id='word_1_841' title='bbox 1720 5617 1778 5671; x_wconf 82' lang='grc' dir='ltr'><strong>δὲ</strong></span> <span class='ocrx_word' id='word_1_842' title='bbox 1813 5617 1911 5671; x_wconf 82' lang='grc' dir='ltr'><strong>αὐ·</strong></span> 
     </span>
    </p>
   </div>
   <div class='ocr_carea' id='block_1_110' title="bbox 2008 5349 3570 5419">
    <p class='ocr_par' dir='ltr' id='par_1_110' title="bbox 2008 5349 3570 5419">
     <span class='ocr_line' id='line_1_110' title="bbox 2008 5349 3570 5419; baseline -0.002 -13"><span class='ocrx_word' id='word_1_843' title='bbox 2008 5351 2287 5406; x_wconf 88' lang='lat' dir='ltr'><strong>testatibus</strong></span> <span class='ocrx_word' id='word_1_844' title='bbox 2312 5351 2446 5416; x_wconf 88' lang='lat' dir='ltr'><strong>suis,</strong></span> <span class='ocrx_word' id='word_1_845' title='bbox 2477 5360 2532 5405; x_wconf 93' lang='lat' dir='ltr'><strong>et</strong></span> <span class='ocrx_word' id='word_1_846' title='bbox 2559 5363 2720 5419; x_wconf 88' lang='lat' dir='ltr'><strong>porro</strong></span> <span class='ocrx_word' id='word_1_847' title='bbox 2776 5349 3167 5417; x_wconf 85' lang='lat' dir='ltr'><strong>apparitionem</strong></span> <span class='ocrx_word' id='word_1_848' title='bbox 3200 5349 3366 5419; x_wconf 87' lang='lat' dir='ltr'><strong>ipsius</strong></span> <span class='ocrx_word' id='word_1_849' title='bbox 3403 5365 3570 5415; x_wconf 74' lang='lat' dir='ltr'><strong>agno-</strong></span> 
     </span>
    </p>
   </div>
   <div class='ocr_carea' id='block_1_111' title="bbox 2008 5438 3572 5511">
    <p class='ocr_par' dir='ltr' id='par_1_111' title="bbox 2008 5438 3572 5511">
     <span class='ocr_line' id='line_1_111' title="bbox 2008 5438 3572 5511; baseline -0.001 -14"><span class='ocrx_word' id='word_1_850' title='bbox 2008 5442 2306 5507; x_wconf 89' lang='lat' dir='ltr'><strong>scentibus,</strong></span> <span class='ocrx_word' id='word_1_851' title='bbox 2337 5440 2604 5511; x_wconf 89' lang='lat' dir='ltr'><strong>quomodo</strong></span> <span class='ocrx_word' id='word_1_852' title='bbox 2644 5438 2806 5509; x_wconf 75' lang='lat' dir='ltr'><strong>igitur</strong></span> <span class='ocrx_word' id='word_1_853' title='bbox 2853 5441 3221 5496; x_wconf 77' lang='lat' dir='ltr'><strong>sanctiﬁcatus</strong></span> <span class='ocrx_word' id='word_1_854' title='bbox 3270 5440 3388 5494; x_wconf 89' lang='lat' dir='ltr'><strong>est?</strong></span> <span class='ocrx_word' id='word_1_855' title='bbox 3429 5438 3572 5495; x_wconf 88' lang='lat' dir='ltr'><strong>Deus</strong></span> 
     </span>
    </p>
   </div>
   <div class='ocr_carea' id='block_1_112' title="bbox 2009 5530 3571 5603">
    <p class='ocr_par' dir='ltr' id='par_1_112' title="bbox 2009 5530 3571 5603">
     <span class='ocr_line' id='line_1_112' title="bbox 2009 5530 3571 5603; baseline -0.002 -17"><span class='ocrx_word' id='word_1_856' title='bbox 2009 5546 2199 5603; x_wconf 90' lang='lat' dir='ltr'><strong>nempe</strong></span> <span class='ocrx_word' id='word_1_857' title='bbox 2230 5547 2354 5587; x_wconf 91' lang='lat' dir='ltr'><strong>cum</strong></span> <span class='ocrx_word' id='word_1_858' title='bbox 2406 5530 2479 5587; x_wconf 83' lang='lat' dir='ltr'><strong>sit</strong></span> <span class='ocrx_word' id='word_1_859' title='bbox 2518 5530 2769 5600; x_wconf 85' lang='lat' dir='ltr'><strong>idemque</strong></span> <span class='ocrx_word' id='word_1_860' title='bbox 2801 5530 2988 5597; x_wconf 89' lang='lat' dir='ltr'><strong>homo,</strong></span> <span class='ocrx_word' id='word_1_861' title='bbox 3020 5531 3113 5587; x_wconf 82' lang='lat' dir='ltr'><strong>dat</strong></span> <span class='ocrx_word' id='word_1_862' title='bbox 3139 5531 3389 5601; x_wconf 87' lang='lat' dir='ltr'><strong>spiritum</strong></span> <span class='ocrx_word' id='word_1_863' title='bbox 3417 5543 3571 5585; x_wconf 86' lang='lat' dir='ltr'><strong>erea-</strong></span> 
     </span>
    </p>
   </div>
   <div class='ocr_carea' id='block_1_113' title="bbox 2010 5619 3572 5692">
    <p class='ocr_par' dir='ltr' id='par_1_113' title="bbox 2010 5619 3572 5692">
     <span class='ocr_line' id='line_1_113' title="bbox 2010 5619 3572 5692; baseline -0.002 -15"><span class='ocrx_word' id='word_1_864' title='bbox 2010 5631 2144 5678; x_wconf 75' lang='lat' dir='ltr'><strong>turte</strong></span> <span class='ocrx_word' id='word_1_865' title='bbox 2178 5620 2402 5679; x_wconf 87' lang='lat' dir='ltr'><strong>Deitatis</strong></span> <span class='ocrx_word' id='word_1_866' title='bbox 2433 5621 2664 5687; x_wconf 87' lang='lat' dir='ltr'><strong>ratione,</strong></span> <span class='ocrx_word' id='word_1_867' title='bbox 2698 5621 2895 5692; x_wconf 84' lang='lat' dir='ltr'><strong>accipit</strong></span> <span class='ocrx_word' id='word_1_868' title='bbox 2923 5630 3104 5677; x_wconf 86' lang='lat' dir='ltr'><strong>autem</strong></span> <span class='ocrx_word' id='word_1_869' title='bbox 3142 5621 3292 5676; x_wconf 89' lang='lat' dir='ltr'><strong>illum</strong></span> <span class='ocrx_word' id='word_1_870' title='bbox 3315 5635 3345 5674; x_wconf 75' lang='grc' dir='ltr'><strong>ε</strong></span> <span class='ocrx_word' id='word_1_871' title='bbox 3368 5619 3480 5677; x_wconf 90' lang='lat' dir='ltr'><strong>Deo</strong></span> <span class='ocrx_word' id='word_1_872' title='bbox 3515 5629 3572 5674; x_wconf 90' lang='lat' dir='ltr'><strong>et</strong></span> 
     </span>
    </p>
   </div>
   <div class='ocr_carea' id='block_1_114' title="bbox 407 5729 1920 5822">
    <p class='ocr_par' dir='ltr' id='par_1_114' title="bbox 407 5729 1920 5822">
     <span class='ocr_line' id='line_1_114' title="bbox 407 5729 1920 5822; baseline 0.003 -37"><span class='ocrx_word' id='word_1_873' title='bbox 407 5730 472 5762; x_wconf 81' lang='lat'><strong>“&#39;</strong></span> <span class='ocrx_word' id='word_1_874' title='bbox 495 5729 598 5822; x_wconf 45' lang='grc' dir='ltr'><strong>ἷξε..</strong></span> <span class='ocrx_word' id='word_1_875' title='bbox 626 5746 780 5798; x_wconf 79' lang='lat' dir='ltr'><strong>um,</strong></span> <span class='ocrx_word' id='word_1_876' title='bbox 810 5730 892 5822; x_wconf 41' lang='lat'><strong>90.3</strong></span> <span class='ocrx_word' id='word_1_877' title='bbox 944 5732 989 5765; x_wconf 73' lang='lat'><strong>“</strong></span> <span class='ocrx_word' id='word_1_878' title='bbox 1023 5733 1128 5789; x_wconf 91' lang='lat' dir='ltr'><strong>lsa.</strong></span> <span class='ocrx_word' id='word_1_879' title='bbox 1163 5749 1261 5802; x_wconf 82' lang='grc' dir='ltr'><strong>ιη,</strong></span> <span class='ocrx_word' id='word_1_880' title='bbox 1293 5732 1347 5788; x_wconf 77' lang='lat'><strong>6.</strong></span> <span class='ocrx_word' id='word_1_881' title='bbox 1424 5735 1471 5768; x_wconf 82' lang='lat'><strong>&quot;</strong></span> <span class='ocrx_word' id='word_1_882' title='bbox 1499 5733 1688 5793; x_wconf 80' lang='lat' dir='ltr'><strong>Matth.</strong></span> <span class='ocrx_word' id='word_1_883' title='bbox 1723 5750 1836 5805; x_wconf 77' lang='lat' dir='ltr'><strong>six,</strong></span> <span class='ocrx_word' id='word_1_884' title='bbox 1870 5734 1920 5790; x_wconf 71' lang='lat'><strong>2!</strong></span> 
     </span>
    </p>
   </div>
   <div class='ocr_carea' id='block_1_115' title="bbox 2020 5729 3579 5822">
    <p class='ocr_par' dir='ltr' id='par_1_115' title="bbox 2037 5734 3579 5822">
     <span class='ocr_line' id='line_1_115' title="bbox 2037 5734 3579 5822; baseline -0.002 -29"><span class='ocrx_word' id='word_1_885' title='bbox 2037 5737 2081 5771; x_wconf 86' lang='grc'><strong><em>³⁸</em></strong></span> <span class='ocrx_word' id='word_1_886' title='bbox 2119 5737 2250 5796; x_wconf 86' lang='lat' dir='ltr'><strong>Luc.</strong></span> <span class='ocrx_word' id='word_1_887' title='bbox 2288 5753 2400 5805; x_wconf 78' lang='lat' dir='ltr'><strong>xu,</strong></span> <span class='ocrx_word' id='word_1_888' title='bbox 2424 5737 2511 5792; x_wconf 74' lang='grc'><strong>17.</strong></span> <span class='ocrx_word' id='word_1_889' title='bbox 2589 5736 2630 5770; x_wconf 84' lang='grc'><strong>⁸⁷</strong></span> <span class='ocrx_word' id='word_1_890' title='bbox 2662 5736 2801 5794; x_wconf 78' lang='lat' dir='ltr'><strong>Psal.</strong></span> <span class='ocrx_word' id='word_1_891' title='bbox 2829 5751 2971 5806; x_wconf 69' lang='lat' dir='ltr'><strong>sui,</strong></span> <span class='ocrx_word' id='word_1_892' title='bbox 2997 5736 3052 5793; x_wconf 74' lang='grc'><strong>4.</strong></span> <span class='ocrx_word' id='word_1_893' title='bbox 3128 5734 3217 5790; x_wconf 82' lang='grc'><strong>³⁸1</strong></span> <span class='ocrx_word' id='word_1_894' title='bbox 3256 5735 3448 5794; x_wconf 73' lang='lat' dir='ltr'><strong>Thess.</strong></span> <span class='ocrx_word' id='word_1_895' title='bbox 3490 5749 3579 5822; x_wconf 41' lang='lat' dir='ltr'><strong>tv,</strong></span> 
     </span>
    </p>
   </div>
   <div class='ocr_carea' id='block_1_116' title="bbox 340 5796 912 5868">
    <p class='ocr_par' dir='ltr' id='par_1_116' title="bbox 340 5796 912 5868">
     <span class='ocr_line' id='line_1_116' title="bbox 340 5796 912 5868; baseline 0.009 -18"><span class='ocrx_word' id='word_1_896' title='bbox 340 5796 427 5853; x_wconf 74' lang='grc' dir='ltr'><strong>ιο.</strong></span> <span class='ocrx_word' id='word_1_897' title='bbox 501 5800 545 5832; x_wconf 76' lang='grc'><strong>⁸⁸</strong></span> <span class='ocrx_word' id='word_1_898' title='bbox 568 5799 670 5856; x_wconf 88' lang='lat' dir='ltr'><strong>lsa.</strong></span> <span class='ocrx_word' id='word_1_899' title='bbox 700 5796 791 5868; x_wconf 77' lang='lat' dir='ltr'><strong>Ls,</strong></span> <span class='ocrx_word' id='word_1_900' title='bbox 822 5801 912 5855; x_wconf 72' lang='lat'><strong>22.</strong></span> 
     </span>
    </p>
   </div>
   <div class='ocr_carea' id='block_1_117' title="bbox 3459 415 3671 468">
    <p class='ocr_par' dir='ltr' id='par_1_117' title="bbox 3459 415 3671 468">
     <span class='ocr_line' id='line_1_117' title="bbox 3459 415 3671 468; baseline -0.009 0"><span class='ocrx_word' id='word_1_901' title='bbox 3459 415 3595 468; x_wconf 76' lang='grc'><strong>1530</strong></span> <span class='ocrx_word' id='word_1_902' title='bbox 3667 434 3671 439; x_wconf 70' lang='grc'><em>’</em></span> 
     </span>
    </p>
   </div>
  </div>
