4096 6518
562 393 689 449 1551

1542 388 1599 442 S.
1639 386 1914 443 CYHILLI
1955 384 2415 441 ALEXANDRINI
2456 384 2776 440 ARCHIEP.

3678 383 3822 438 1332

557 512 741 571 Patre.
776 509 985 563 ratione
1018 505 1385 561 humanitatis.
1422 504 1570 560 llanc
1597 506 1827 562 dicimus
1864 519 1987 559 esse
2030 520 2132 558 un-

2245 503 2294 556 τὸ
2316 501 2468 574 παρὰ
2502 502 2598 556 τοῦ
2627 500 2762 555 Θεοῦ
2806 502 2897 555 καὶ
2931 500 3166 571 Πατρός,
3192 500 3335 555 κατά
3354 499 3417 554 το
3442 496 3815 569 ἀνθρώπινον.

557 604 817 655 ctioucm.
861 598 1032 669 858
1084 597 1424 664 Causamque
1471 595 1824 649 humanitatis
1870 595 2128 650 declarat.

558 690 692 744 Cum
723 688 867 741 enim
895 687 1140 749 dixisset,
1184 700 1210 738 ο
1258 683 1437 749 Patre,
1475 683 1718 752 adjunxit
1766 682 2069 736 necessario
2114 699 2129 736 :

563 799 584 831 ι
620 779 696 834 Eo
724 779 864 848 quod
888 778 1045 831 unxit
1076 791 1182 842 me,
1214 775 1587 843 cvangelizare
1615 775 1939 843 pauperibus
1987 773 2135 827 misit

558 884 669 931 me,
700 881 895 922 sanare
925 868 1188 921 contritos
1217 866 1400 930 corde,
1430 880 1496 919 ac
1525 865 1818 935 praedicare
1860 863 2135 919 remissio—

557 974 678 1013 nem
712 957 963 1027 captivis,
996 965 1053 1010 et
1083 957 1239 1011 caecis
1266 957 1440 1010 visum
1491 956 1736 1020 reddere,
1775 969 1837 1008 ac
1874 963 2131 1024 praeterea

559 1066 760 1106 vocare
790 1050 930 1105 diem
961 1050 1351 1104 retributionis.
1389 1067 1408 1099 ι
1440 1048 1605 1102 Multa
1634 1047 1900 1116 siquidem
1930 1048 1980 1101 in
2015 1047 2133 1102 illos

558 1141 887 1196 exstiterunt
903 1139 1262 1193 humanitatis
1284 1138 1550 1209 Unigeniti
1568 1139 1791 1193 illustria
1815 1138 2129 1207 specimiua.

558 1232 630 1287 Ut
652 1232 797 1288 enim
825 1230 1075 1285 reﬁceret
1110 1230 1317 1295 orbem,
1351 1240 1403 1284 et
1438 1231 1702 1285 universae
1746 1239 1901 1284 terra}
1929 1229 2131 1285 incolas

559 1326 667 1377 Deo
694 1332 749 1377 et
770 1322 914 1376 Patri
940 1322 1250 1387 adduceret,
1279 1320 1532 1375 omnibus
1563 1321 1614 1374 in
1646 1321 1833 1374 melius
1858 1330 2130 1374 transmu-

560 1418 706 1480 tatis,
733 1422 787 1466 et
817 1412 954 1468 facie
982 1422 1139 1467 terra:
1168 1413 1318 1482 quasi
1340 1422 1620 1476 renovata,
1669 1412 1873 1481 accepit
1902 1410 2128 1464 formam

557 1504 699 1559 servi
731 1504 798 1568 ⁸ο,
839 1503 1205 1573 quamtumvis
1245 1512 1391 1557 esset
1435 1503 1697 1557 Dominus
1732 1503 2127 1563 universorum,

556 1606 611 1652 et
652 1597 824 1653 fausta
874 1596 1144 1651 nuntiavit
1179 1596 1529 1665 pauperibus,
1581 1603 1861 1663 propterea
1907 1593 2128 1646 missurn

557 1700 617 1741 se
641 1687 792 1742 dicit.
815 1685 1089 1756 Pauperes
1127 1701 1250 1740 esse
1279 1694 1335 1740 et
1365 1685 1582 1755 intelligi
1625 1690 1867 1752 possunt,
1891 1681 1981 1751 qui
2010 1696 2129 1735 om-

558 1774 645 1828 nis
670 1775 793 1829 boni
824 1773 1073 1829 laborant
1095 1774 1408 1843 indigentia,
1445 1789 1543 1828 nec
1577 1774 1866 1843 quidquam
1889 1771 2000 1841 spei
2031 1773 2128 1826 ha-

2234 595 2450 665 Ταύτην
2488 590 2628 647 εἷναί
2662 609 2842 664 φαμεν
2867 592 2967 662 τὴν
2986 590 3183 662 χρῆσιν
3205 589 3276 662 [ί.
3302 588 3543 661 χρίσιν].
3571 588 3821 658 Ἐναργῆ

2232 685 2287 738 δὲ
2322 684 2614 755 καθίστησι
2650 685 2748 754 τῆς
2777 682 3244 753 ὲνανθρωπήσεως
3274 681 3373 752 τὴν
3396 681 3597 733 αἰτίαν.
3630 678 3821 732 Εἰπὼν

2232 776 2340 847 γὰρ
2361 776 2443 829 ὅτι
2474 775 2625 847 παρά
2650 774 2734 828 τοῦ
2759 774 2988 846 ῐῐατρδς.
3005 774 3456 844 προσεπήνεγκεν
3471 772 3817 839 ἀναγκαίως,

2242 886 2260 917 ι
2286 860 2361 919 υῦ
2419 866 2627 919 εἵνεκεν
2682 864 2866 936 ἕχρισέ
2925 881 3015 935 με,
3076 861 3533 932 εὐαγγελίσασθαι
3576 862 3820 929 πτωχοῖς

2232 957 2547 1011 ἀπέσταλκέ
2580 973 2670 1026 με,
2710 955 2965 1010 ίάσασθαι
2992 955 3122 1018 τοὺς
3178 953 3683 1024 συντετριμμένους
3718 952 3820 1022 τὴν

2234 1046 2481 1118 καρδίαν,
2510 1047 2702 1115 ἄφεσίν
2744 1063 2805 1099 τε
2860 1045 3095 1115 κηρύξαι
3142 1047 3256 1108 τοῖς
3314 1045 3371 1097 δν
3420 1043 3816 1113 αἰχμαλωσίᾳ,

2232 1136 2562 1207 χαρίσασθαι
2593 1136 2651 1189 δὲ
2708 1136 2800 1189 καὶ
2855 1135 3074 1203 τυφλοῖς
3112 1134 3426 1203 ἀνάϐλεψιν,
3478 1133 3715 1188 καλέσαι
3758 1151 3817 1186 τε

2234 1229 2372 1298 πρὸς
2404 1227 2638 1291 τούτοις,
2663 1229 2759 1281 καὶ
2806 1227 3023 1297 ἡμέραν
3078 1226 3486 1290 ἀνταποδόσεως
3510 1241 3526 1254 ·
3568 1245 3589 1279 ι
3642 1224 3819 1278 πολλά

2234 1317 2375 1372 κατά
2405 1319 2598 1372 ταύτὸν
2627 1320 2727 1389 τῆς
2754 1319 3216 1389 ὲνανθρωπήσεως
3245 1317 3340 1372 τοῦ
3372 1318 3719 1386 Μονογενοῦς
3747 1318 3816 1371 τά

2235 1407 2508 1478 περιφανῆ
2533 1406 2953 1479 κατορθώματα.
2994 1409 3110 1462 Ἵνα
3131 1408 3240 1478 γὰρ
3266 1409 3687 1479 κατακτήσηται
3718 1407 3816 1479 τὴν

2232 1498 2323 1551 ὑπ’
2350 1497 2598 1569 οὐρανὸν,
2631 1499 2726 1552 καὶ
2752 1499 2878 1561 τοὺς
2907 1497 3014 1552 ἀνὰ
3062 1500 3244 1552 πᾶσαν
3274 1499 3435 1562 ὂντας
3472 1499 3575 1567 τὴν
3628 1501 3816 1553 οἰκου-

2237 1589 2406 1660 μένην
2433 1589 2781 1662 προσκομίσῃ
2813 1589 2889 1659 τῷ
2922 1588 3040 1659 Θεῷ
3073 1588 3168 1643 καὶ
3206 1589 3384 1660 Πατρὶ
3435 1606 3815 1661 μεταστοιχει-

2232 1677 2380 1744 ώσας
2408 1680 2478 1733 τά
2508 1681 2686 1736 πάντα
2738 1681 2877 1753 πρὸς
2906 1681 2967 1734 τὸ
3013 1682 3314 1752 ἀμεινόνως
3366 1681 3533 1752 ἔχειν,
3576 1683 3676 1736 καὶ
3704 1677 3816 1735 οἷον

2233 1773 2588 1838 ἀνακαινίσας
2620 1774 2682 1827 τὸ
2712 1774 3003 1845 πρόσωπον
3032 1775 3132 1845 τῆς
3164 1775 3290 1845 γῆς,
3341 1774 3503 1830 έλαϐι
3534 1775 3593 1828 δὲ
3625 1775 3812 1829 δούλου

556 1866 709 1930 hem,
743 1874 796 1920 et
820 1866 938 1921 sine
981 1865 1091 1920 Deo
1132 1841 1258 1921 sunt
1299 1867 1352 1920 in
1400 1841 1618 1927 nniudo,
1670 1864 1827 1918 sicuti
1868 1864 2126 1932 scriptum

2245 1862 2468 1934 μορφὴν,
2501 1864 2677 1918 καίτοι
2711 1841 2915 1934 Κύριος
2950 1841 3235 1933 ὑπάρχων-
3268 1864 3377 1917 τῶν
3422 1864 3584 1918 ὅλων.
3627 1865 3811 1933 Εῦηγ-

557 1956 734 2012 est"°‘.
776 1954 841 2010 lli
869 1966 1048 2011 autem
1074 1965 1201 2010 sunt
1232 1971 1297 2010 ex
1324 1955 1591 2026 gentibus,
1617 1954 1708 2023 qui
1740 1954 1845 2007 ﬁde
1879 1954 1930 2008 in
1957 1953 2129 2021 ipsum

556 2048 891 2118 locupletati,
922 2050 1161 2103 divinum
1194 2057 1249 2102 et
1276 2047 1555 2103 ctelestem
1583 2048 1892 2100 thesaurum
1938 2043 2130 2098 lucrati

560 2148 711 2205 sunt,
747 2139 1111 2209 evangelicam
1149 2138 1400 2192 videlicet
1442 2146 1497 2192 et
1533 2137 1824 2192 salutarem
1873 2136 2134 2204 praedicn-

561 2232 782 2295 tiouem,
819 2245 916 2300 per
943 2246 1103 2300 quam
1136 2229 1261 2284 facti
1303 2237 1428 2283 sunt
1448 2228 1687 2283 cmlestis
1735 2228 1883 2298 regni
1915 2227 2132 2297 partici-

559 2337 676 2392 pes,
704 2333 759 2377 et
788 2332 1070 2378 consortes
1099 2331 1431 2386 sanctorum,
1457 2329 1621 2388 atque
1652 2320 1895 2374 hmredes
1947 2334 2133 2374 eorum

561 2430 681 2483 quae
709 2429 813 2469 nec
848 2427 1001 2468 meus
1053 2427 1152 2468 nec
1182 2412 1358 2466 oratio
1383 2410 1664 2480 complecti
1701 2420 1894 2479 pmest.
1940 2428 1958 2461 ι
1993 2410 2134 2463 Ocu-

560 2506 644 2561 lus
700 2506 866 2569 enim,
927 2505 1142 2573 inquit,
1199 2518 1305 2556 non
1336 2502 1488 2566 vidit,
1543 2514 1598 2555 et
1630 2502 1779 2556 auris
1828 2516 1934 2555 non
1980 2501 2132 2556 audi-

563 2598 659 2662 vit,
698 2610 795 2650 nec
822 2596 873 2648 in
905 2610 998 2650 cor
1036 2594 1270 2648 hominis
1313 2593 1577 2659 ascendit,
1604 2608 1723 2662 quae
1758 2594 1966 2660 paravit
1998 2594 2136 2648 Dens

564 2688 915 2758 diligentibus
943 2701 1002 2740 se
1030 2685 1097 2744 “.
1144 2703 1164 2737 ι
1204 2683 1302 2739 Vel
1336 2684 1583 2740 fortassis
1631 2685 1805 2738 oratio
1854 2684 1939 2737 hic
1986 2685 2133 2749 dicit,

566 2779 899 2849 pauperibus
922 2778 1114 2847 spiritu
1139 2777 1392 2832 donatum
1423 2790 1541 2831 esse
1571 2774 1806 2843 locuples
1838 2775 2141 2829 charisma-

568 2878 680 2924 tum
737 2885 834 2937 per
877 2870 1151 2924 Christum
1209 2867 1593 2922 ministerium.
1645 2865 1923 2923 Contritos
1978 2866 2141 2922 corde

571 2971 734 3017 vocat
786 2962 1004 3016 inﬁrmo
1029 2970 1087 3016 et
1120 2960 1293 3015 fracto
1323 2957 1505 3013 animo
1543 2959 1811 3029 praeditos,
1838 2969 1893 3013 et
1927 2970 2140 3028 pertur-

573 3055 850 3108 bationum
916 3051 1320 3107 incursionibus
1379 3065 1484 3105 non
1546 3050 1785 3122 valentes
1838 3050 2140 3117 obsistere,

2231 1955 2486 2022 γελίσατο
2513 1956 2645 2025 γοῦν
2678 1958 2933 2026 πτωχοῖς,
2966 1956 3302 2011 ἀπεστάλθαι
3345 1956 3437 2010 διά
3464 1957 3627 2011 τοῦτό
3657 1974 3811 2028 φησι.

2234 2049 2447 2119 Πτωχοί⁵
2471 2049 2517 2103 δ’
2545 2048 2611 2103 ἂν
2642 2045 2770 2114 εἶεν,
2808 2050 2973 2121 ῆγουν
2999 2050 3261 2122 νοηθεῖεν,
3288 2050 3338 2103 οἱ
3366 2050 3575 2114 παντὸς
3606 2050 3816 2119 ἀγαθοῦ

2233 2141 2587 2212 νενοσηκότες
2614 2141 2747 2195 ποτὲ
2777 2141 2875 2213 τὴν
2904 2140 3131 2205 ἔνδειαν,
3156 2141 3347 2195 ἐλπίδα
3365 2159 3425 2195 τε
3458 2142 3534 2213 μὴ
3566 2142 3814 2212 ἔχοντες,

2235 2233 2328 2287 καὶ
2361 2232 2509 2287 ἄθεοι
2532 2235 2589 2286 ὲν
2619 2232 2700 2303 τῷ
2719 2232 2930 2304 κόσμῳ,
2959 2234 3102 2287 κατὰ
3126 2232 3187 2286 τὸ
3222 2234 3635 2304 γεγραμμένον.
3655 2230 3819 2289 Οὗτοι

2234 2324 2279 2378 δ’
2296 2323 2363 2378 ἂν
2382 2321 2491 2377 εἷεν
2515 2325 2564 2377 οί
2583 2321 2643 2388 ἐξ
2662 2322 2851 2386 ἐθνῶν,
2880 2324 2929 2375 oi
2952 2323 3051 2391 τὴν
3072 2325 3149 2388 είς
3178 2322 3340 2378 αὑτὸν
3368 2323 3553 2377 πίστιν
3581 2325 3819 2395 πλουτή-

2238 2431 2454 2481 σαντες,
2480 2414 2572 2468 τδν
2602 2414 2746 2468 θετόν
2775 2431 2833 2467 τε
2880 2415 2974 2468 καὶ
3004 2414 3251 2486 ούράνιον
3296 2415 3699 2486 κεκερδηκότες
3723 2416 3819 2487 θη·-

2239 2506 2473 2577 σαυρον,
2542 2505 2604 2559 τὸ
2655 2504 3012 2573 εύαγγελικδν
3074 2504 3349 2575 δηλονότι,
3402 2507 3500 2558 καὶ
3551 2508 3817 2576 σωτήριον

2237 2596 2521 2666 κήρυγμα,
2550 2594 2616 2648 δι’
2643 2587 2703 2647 οὗ
2732 2595 2987 2663 γεγόνασι
3011 2596 3105 2649 καὶ
3132 2596 3232 2665 τῆς
3249 2594 3357 2650 τῶν
3384 2596 3636 2667 οὐρανῶν
3665 2596 3818 2666 βασι-

2238 2686 2388 2750 λείας
2437 2688 2677 2758 μέτοχοι,
2710 2688 2804 2740 καὶ
2847 2688 3216 2758 συμμερισταὶ
3249 2687 3359 2740 τῶν
3395 2687 3593 2756 ἁγίων,
3626 2688 3820 2759 κληρο-

2239 2779 2395 2850 νόμοι
2422 2778 2529 2831 τῶν
2579 2778 2721 2849 ὑπὲρ
2760 2776 2883 2831 νοῦν
2941 2779 3033 2830 καὶ
3082 2777 3260 2845 λόγον.
3298 2797 3318 2830 ι
3360 2777 3671 2848 Ὀφθαλμδς
3714 2778 3819 2849 γὰρ

2240 2874 2342 2926 οὐκ
2370 2868 2500 2936 εἶδε,
2532 2871 2685 2940 φησὶ,
2722 2870 2817 2923 καὶ
2846 2865 2938 2933 οῦς
2962 2870 3061 2923 οὐκ
3092 2870 3314 2940 ἢκουσε,
3339 2870 3433 2923 καὶ
3463 2871 3560 2923 ἐπὶ
3592 2870 3819 2941 καρδίαν

2244 2959 2535 3031 ἀνθρώπου
2557 2959 2655 3011 ούκ
2692 2958 2883 3030 ἀνέϐη,
2923 2958 2959 3012 ἃ
2992 2960 3289 3029 ἡτοίμασεν
3310 2960 3339 3011 ό
3360 2959 3495 3023 Θεὸς
3524 2961 3644 3021 τοῖς
3681 2962 3817 3027 ἀγα-

2244 3051 2419 3106 πῶσιν
2453 3051 2635 3105 αὐτόν.
2680 3070 2698 3102 ι
2742 3052 2811 3104 Ἢ
2840 3050 2981 3121 τάχα
3016 3067 3118 3105 που
3162 3051 3257 3105 καὶ
3313 3054 3425 3114 τοῖς
3476 3055 3717 3122 πτωχοῖς
3743 3052 3821 3120 τῷ

573 3147 752 3215 itaque
778 3144 886 3199 illis
915 3145 1212 3211 subjectos,
1244 3152 1302 3197 ut
1322 3142 1522 3213 captivi
1556 3156 1678 3197 esse
1706 3140 2011 3196 videantur.
2048 3140 2142 3195 His

2245 3142 2516 3213 πνεύματι
2541 3141 2876 3214 δεδωρῆσθαι
2922 3159 3088 3213 φησιν
3118 3144 3147 3196 ὁ
3177 3141 3334 3211 λόγος
3384 3143 3443 3197 ὲν
3472 3142 3689 3206 τούτοις
3718 3143 3821 3196 τῶν

574 3238 910 3294 sanationem
949 3251 1013 3290 ac
1042 3236 1365 3291 medicinam
1418 3233 1702 3304 promittit,
1744 3248 1808 3288 ac
1845 3232 2004 3289 caecis
2054 3232 2142 3289 dat

2245 3232 2335 3287 διὰ
2380 3232 2617 3305 Χριστοῦ
2678 3233 3029 3303 χαρισμάτων
3080 3232 3179 3303 τὴν
3240 3231 3475 3301 ἄφθονον
3536 3233 3818 3305 χορηγίαν.

572 3330 771 3383 visum.
804 3326 937 3381 Nam
969 3327 1062 3395 qui
1095 3334 1400 3380 creaturam
1438 3324 1643 3388 colunt,
1676 3333 1729 3379 et
1755 3322 1899 3393 ligno
1926 3324 2142 3379 dicunt:

579 3436 598 3471 ι
641 3417 797 3472 Pater
829 3430 982 3470 meus
1012 3430 1071 3469 es
1098 3424 1184 3481 tu;
1215 3423 1271 3469 et
1303 3413 1466 3484 lapidi
1501 3432 1513 3467 :
1552 3413 1631 3467 Tu
1659 3413 1892 3484 genuisti
1937 3428 2022 3469 me
2040 3413 2140 3474 “gi

577 3509 775 3564 deinde
832 3517 1024 3561 natura
1073 3515 1127 3560 et
1182 3519 1310 3559 vere
1375 3504 1542 3559 Deum
1596 3519 1702 3558 non
1745 3512 2077 3575 agnoverunt
2130 3523 2144 3559 :

576 3598 768 3669 quidni
800 3597 925 3651 caeci
952 3597 1084 3660 sint,
1116 3604 1170 3649 et
1208 3603 1394 3664 pectus
1436 3594 1674 3649 habeant
1710 3594 1833 3649 luce
1872 3594 2053 3650 divina
2094 3604 2151 3650 et

579 3688 905 3759 intelligibili
938 3686 1179 3741 nudum?
1228 3684 1325 3740 His
1376 3685 1617 3741 immittit
1649 3684 1810 3740 Pater
1860 3701 2002 3741 vera;
2055 3686 2147 3742 Dei

578 3779 904 3850 c0gnitiouis
926 3779 1121 3833 lucem.
1160 3777 1349 3833 Vocati
1382 3785 1511 3831 sunt
1540 3776 1686 3831 enim
1722 3791 1820 3847 per
1866 3777 2048 3842 ﬁdem,
2096 3787 2149 3833 et

581 3871 731 3925 illum
760 3877 1145 3939 cognoverunt,
1172 3867 1281 3921 imo
1306 3867 1373 3921 ab
1396 3867 1511 3935 ipso
1534 3866 1731 3937 cogniti
1761 3878 1915 3932 sunt;
1951 3866 2151 3937 ﬁliique

583 3963 759 4017 noctis
786 3975 907 4014 cum
946 3969 1127 4012 essent
1181 3971 1244 4011 ac
1274 3956 1642 4021 tenebrarum,
1681 3955 1775 4009 ﬁlii
1813 3955 1947 4011 lucis
1986 3958 2152 4012 exsti-

582 4060 782 4108 terunt.
809 4050 978 4121 859
1001 4047 1342 4103 Collustravil
1372 4048 1571 4101 etenim
1605 4047 1725 4102 illos
1756 4047 1891 4111 dies,
1919 4058 1973 4103 et
2000 4060 2150 4105 ortus

581 4152 668 4199 cst
695 4143 786 4197 Sol
810 4142 1054 4210 iustitiae,
1083 4149 1139 4193 et
1176 4138 1403 4192 illustris
1441 4141 1689 4206 apparuit
1728 4138 1962 4195 Lucifer.
2005 4142 2151 4196 Nihil

586 4232 913 4290 incommodi
944 4232 1070 4292 erit,
1096 4229 1141 4283 si
1176 4243 1238 4282 ex
1267 4227 1529 4297 sanguine
1566 4228 1861 4284 Israelitico
1913 4230 2154 4287 oriundis

584 4323 767 4378 omnia
795 4322 939 4376 dicta
966 4318 1458 4374 accommodemus.
1497 4316 1630 4370 Nam
1676 4329 1834 4373 erant
1866 4335 2151 4390 pauperes,

586 4426 640 4470 ct
672 4413 891 4483 contriti
922 4411 1109 4474 corde,
1141 4423 1206 4462 ac
1235 4408 1383 4463 velut
1434 4409 1654 4478 captivi,
1697 4419 1752 4465 et
1792 4412 2152 4469 olitenebrati.

593 4526 612 4559 ι
651 4506 765 4560 Non
792 4503 939 4559 enim
981 4503 1035 4557 in
1077 4511 1218 4556 terra
1246 4510 1363 4556 erat
1396 4501 1683 4570 quisquam
1712 4502 1800 4571 qui
1834 4503 2034 4559 faceret
2060 4508 2156 4559 ho-

2244 3325 2745 3396 Συντετριμμένους
2771 3325 2829 3378 δέ
2856 3342 2990 3397 φησι
3047 3325 3145 3396 τὴν
3176 3325 3429 3396 καρδίαν,
3462 3328 3594 3389 τοὺς
3624 3325 3822 3395 ἀσθενῆ

2246 3416 2342 3470 καὶ
2369 3416 2550 3469 εύδιάθ
2561 3432 2759 3486 ρυπτον
2783 3414 3004 3483 ἔχοντας
3025 3414 3172 3479 νοῦν,
3203 3417 3297 3469 καὶ
3323 3418 3445 3478 ταῖς
3483 3417 3599 3468 τῶν
3640 3415 3821 3471 παθῶν

2248 3509 2574 3578 προσϐολαῖς
2598 3506 2983 3578 ἀντιφέρεσθαι
3015 3507 3091 3578 μὴ
3123 3508 3483 3579 δυναμένους,
3521 3509 3820 3579 ὑπενηνεγ-

2251 3602 2445 3673 μένους
2464 3601 2521 3654 δὲ
2544 3599 2714 3663 οὕτως
2734 3601 2943 3667 αὑταῖς,
2960 3601 3034 3664 ὼς
3063 3599 3443 3672 αἰχμαλώτους
3470 3596 3614 3655 εἶναι
3630 3602 3819 3655 δοκεῖν.

2248 3691 2470 3755 Τούτοις
2500 3690 2642 3743 ῐασίν
2673 3707 2733 3743 τε
2765 3691 2861 3744 καὶ
2901 3691 3095 3761 ἄφεσιν
3141 3691 3563 3760 ἐπαγγέλλεται,
3611 3693 3821 3761 τυφλοῖς

2247 3783 2305 3837 δὲ
2328 3778 2479 3837 οὖσιν
2503 3782 2685 3846 αὐτοῖς
2703 3781 2882 3835 δίδωσι
2903 3783 2997 3835 καὶ
3024 3781 3337 3851 ἀνάϐλεψιν.
3361 3783 3424 3836 Ol
3446 3784 3558 3853 γὰρ
3574 3787 3641 3853 τῇ
3659 3785 3822 3838 κτίσει

2250 3874 2633 3946 λατρεύοντες,
2664 3869 2758 3928 καὶ
2786 3874 2864 3945 τῷ
2890 3874 3032 3944 ξύλῳ
3060 3873 3329 3943 λέγοντες
3364 3892 3384 3924 ι
3418 3876 3614 3946 Πατήρ
3650 3894 3750 3945 μου
3779 3871 3823 3928 εἰ

2256 3971 2458 4032 σὺ,’καὶ
2485 3968 2563 4039 τῷ
2595 3968 2750 4037 λίθῳ,
2773 3969 2845 4021 Σὺ
2884 3968 3181 4039 ὲγέννησάς
3208 3985 3297 4038 με,
3331 3987 3348 4018 ι
3379 3962 3499 4021 εἶτα
3525 3969 3619 4021 τὸν
3651 3968 3822 4038 φύσει,

2252 4059 2348 4113 καὶ
2375 4058 2590 4129 ἀληθῶς
2617 4057 2746 4113 ὄντα
2774 4056 2905 4110 Θεὸν
2935 4057 3034 4110 οὐκ
3057 4057 3450 4123 ἐπεγνωκότες,
3482 4056 3607 4120 πῶς
3638 4058 3740 4110 οὐκ
3766 4056 3823 4110 ἂν

2254 4148 2362 4205 εῐεν
2388 4150 2600 4220 τυφλοὶ,
2638 4151 2732 4213 καί
2766 4148 2944 4219 φωτὸς
2975 4148 3069 4201 τοῦ
3097 4146 3243 4200 θείου
3272 4147 3368 4200 καὶ
3399 4146 3596 4215 νοητοῦ
3619 4146 3823 4217 γυμνὴν

2254 4242 2470 4312 ἔχοντες
2516 4241 2616 4312 τὴν
2664 4240 2911 4310 καρδίαν,
2952 4238 3161 4296 τούτοις
3199 4238 3406 4308 ἐνίησιν
3451 4238 3481 4289 ὁ
3520 4236 3713 4306 Πατὴρ
3736 4237 3825 4305 τῆς

2255 4332 2489 4403 ἀληθοῦς
2523 4332 2850 4401 θεογνωσίας
2885 4332 2945 4385 τὸ
2972 4331 3107 4400 φῶς.
3146 4328 3457 4399 Κέκληνται
3484 4328 3597 4400 γὰρ
3623 4329 3712 4381 διὰ
3741 4330 3822 4381 πί-

2258 4443 2447 4491 στεως,
2473 4427 2568 4479 καὶ
2601 4425 2845 4492 ἔγνωσαν
2901 4424 3083 4485 αὑτὸν,
3125 4422 3324 4493 μᾶλλον
3372 4421 3430 4475 δὲ
3478 4420 3824 4491 ἐγνώσθησαν

2258 4517 2349 4570 ὑπ’
2381 4516 2566 4580 αὑτοῦ,
2594 4518 2688 4569 καὶ
2711 4517 2816 4568 υἱοὶ
2839 4514 3029 4578 νυκτὸς
3054 4514 3227 4580 ὄντες,
3252 4513 3348 4567 καὶ
3378 4514 3629 4577 σκότους,
3657 4515 3825 4582 φωτὸς

589 4611 740 4659 num,
774 4609 881 4649 non
914 4600 1032 4647 erat
1059 4605 1229 4661 usque
1261 4591 1327 4644 ad
1365 4605 1551 4647 unum.
1584 4587 1785 4646 Omnes
1827 4596 2029 4662 pariter
2060 4596 2142 4651 de-

2258 4611 2513 4679 γεγόνασι
2560 4609 2743 4662 τέκναο
2779 4608 3040 4679 διηύγασε
3070 4608 3179 4678 γάρ
3208 4607 3403 4669 αὐτοὺς
3434 4607 3471 4675 ἡ
3506 4606 3711 4678 ἡμέρα,
3740 4606 3825 4657 καὶ

589 4687 949 4749 clinaverunt,
975 4682 1135 4737 simul
1169 4681 1386 4737 inutiles
1412 4681 1538 4736 facti
1569 4691 1695 4737 sunt
1722 4683 1790 4738 “.
1834 4704 1853 4738 ι
1887 4684 2046 4741 Venit
2067 4703 2157 4741 au-

592 4786 697 4830 tem
726 4774 995 4836 Christus,
1030 4781 1083 4827 et
1111 4771 1369 4826 lsraelitis
1390 4778 1515 4826 ante
1548 4772 1680 4828 alios
1724 4775 1992 4831 nuntiavit
2040 4776 2155 4833 fau-

591 4879 675 4923 sta
698 4882 761 4920 ac
792 4865 1045 4935 praeclara
1072 4864 1370 4932 praesentiae
1394 4879 1506 4919 suae
1532 4865 1769 4920 facinora
1808 4883 1824 4921 :
1871 4878 2156 4937 praeterea,

595 4968 654 5012 ut
684 4971 883 5010 annum
918 4970 1133 5025 quoque
1158 4954 1368 5009 Domini
1414 4954 1774 5025 proclamaret
1800 4970 2077 5029 acceptum
2106 4971 2162 5016 et

602 5046 742 5100 diem
775 5044 1164 5099 retributionis.
1203 5043 1471 5112 Acceptus
1510 5059 1685 5101 annus
1731 5057 1871 5114 erat,
1909 5065 2019 5121 quo
2064 5067 2161 5123 pro

599 5136 756 5192 nobis
800 5134 1089 5189 cruciﬁxus
1133 5142 1220 5188 est
1253 5134 1516 5190 Christus.
1573 5135 1707 5192 Tum
1756 5140 1900 5195 enim
1956 5146 2161 5214 accepti

601 5226 730 5281 facti
759 5238 944 5278 sumus
972 5222 1079 5276 Deo
1104 5232 1157 5275 et
1185 5222 1352 5289 Patri,
1390 5233 1446 5278 et
1471 5239 1565 5294 per
1596 5225 1770 5296 ipsum
1820 5227 2025 5285 fructus
2051 5232 2163 5287 edi-

599 5317 803 5373 dimus.
857 5312 1021 5383 quue
1062 5327 1161 5366 nos
1207 5311 1390 5367 docuit
1430 5314 1566 5385 ipse,
1618 5316 1805 5374 dicens
1846 5336 1861 5375 :
1908 5339 1927 5373 ι
1972 5326 2168 5392 Amen,

604 5422 761 5461 amen
790 5405 911 5459 dico
942 5403 1096 5457 vobis
1127 5420 1141 5456 :
1176 5400 1293 5457 Nisi
1328 5420 1554 5474 granum
1598 5407 1849 5464 frumenti
1886 5412 2085 5469 cadens
2116 5416 2169 5471 in

2259 4702 2288 4753 ό
2331 4701 2433 4770 τῆς
2471 4698 2818 4769 δικαιοσύνης
2870 4698 3096 4768 ἀνέσχεν
3154 4698 3380 4761 Ἤλιος,
3436 4697 3536 4750 καὶ
3587 4695 3824 4765 λαμπρὸς

2259 4790 2532 4845 ἀνέτειλεν
2569 4790 2897 4859 Ἑωσφόρος.
2920 4790 3098 4843 Δυπεῖ
3131 4788 3189 4841 δὲ
3221 4787 3372 4841 οὐδὲν
3391 4788 3489 4841 καὶ
3515 4789 3628 4850 τοῖς
3657 4786 3717 4851 ὲξ
3746 4785 3825 4837 αἶ-

2267 4897 2431 4952 ματος
2475 4879 2691 4950 Ἰσραὴλ
2715 4878 3023 4949 ἐφαρμόσαι
3052 4877 3230 4931 πάντα
3276 4875 3345 4929 τά
3394 4876 3679 4945 εἰρημένα.
3727 4874 3828 4927 Καὶ

2264 4969 2372 5039 γὰρ
2390 4963 2533 5038 ἦσαν
2561 4969 2791 5037 πτωχοὶ,
2820 4968 2915 5021 καὶ
2960 4964 3415 5037 συντετριμμένοι
3440 4964 3541 5035 τὴν
3575 4962 3825 5035 καρδίαν.

2266 5061 2363 5115 καὶ
2388 5054 2496 5113 οἷον
2533 5060 2885 5129 αἰχμάλωτοι,
2914 5059 3008 5113 καὶ
3036 5056 3427 5128 ὲσκοτισμένοι.
3461 5074 3480 5105 ι
3511 5056 3583 5109 οὐ
3618 5053 3726 5125 γάρ
3766 5046 3828 5121 ἦν

2269 5152 2362 5205 ἐπὶ
2379 5152 2483 5222 γῆς
2502 5153 2531 5206 ό
2557 5151 2727 5205 ποιῶν
2749 5151 3117 5222 χρηστότητα,
3147 5151 3248 5204 οὐκ
3289 5146 3358 5221 ἦν
3396 5149 3502 5211 ἕως
3542 5149 3681 5211 ἑνὸς,
3703 5146 3829 5203 ἀλλά

2270 5245 2470 5307 πάντες
2497 5242 2794 5307 ἐξέκλιναν,
2822 5244 2940 5314 ἆμα
2993 5242 3392 5313 ὴχρειώθησαν.
3428 5259 3447 5293 ι
3495 5240 3755 5311 ’Δφῆκται
3776 5237 3828 5290 δὲ

2265 5335 2294 5386 ό
2325 5332 2557 5403 Χριστὸς
2607 5331 2699 5385 καλ⁸
2744 5330 2849 5399 πρό
2893 5347 2955 5398 γε
3003 5331 3109 5383 τῶν
3160 5329 3335 5383 ἀλλων
3360 5326 3829 5396 εὐαγγελιζόμενος

2267 5422 2379 5484 τοῖς
2401 5420 2461 5486 ἐξ
2506 5419 2719 5490 Ἰσραὴλ
2759 5419 2858 5490 τῆς
2903 5420 3100 5473 ἑαυτοῦ
3134 5418 3434 5490 παρουσίας
3462 5418 3533 5470 τά
3561 5413 3827 5485 κατορθώ-

606 5507 809 5550 terram
843 5504 1112 5548 mortuum
1145 5494 1330 5561 fuerit,
1358 5495 1530 5564 ipsum
1562 5509 1741 5555 manet
1777 5502 1982 5571 solum;
2027 5520 2142 5575 quoi

2272 5528 2434 5581 ματα.
2466 5512 2577 5569 Καὶ
2606 5513 2740 5583 πρός
2770 5528 2832 5580 γε
2856 5510 2920 5582 δὴ
2952 5511 3181 5575 τούτοις,
3220 5510 3309 5563 ῐνα
3338 5510 3432 5564 καὶ
3460 5507 3700 5561 ἐνιαυτὸν
3728 5507 3831 5558 Κυι-

603 5588 650 5643 si
679 5598 948 5641 mortuum
984 5584 1167 5651 fuerit,
1204 5586 1441 5642 fructum
1478 5590 1779 5646 uberiorem
1810 5594 2010 5662 profert
2042 5597 2109 5655 “.
2148 5616 2167 5651 ι

2272 5600 2388 5672 ρίου
2419 5602 2620 5674 καλέσῃ
2650 5603 2857 5666 δεκτὸν,
2886 5603 2982 5656 καὶ
3022 5600 3238 5672 ἡμέραν
3278 5598 3701 5660 ἀνταποδόσεως.
3728 5592 3831 5648 Καὶ

615 5774 619 5778 ·
676 5762 724 5796 ⁸ο
744 5761 975 5834 Philipp.
1008 5780 1066 5831 ll,
1101 5762 1157 5819 7.
1211 5764 1281 5798 ‘°‘
1310 5765 1688 5837 Epltes.tl,12.
1719 5770 1761 5801 “
1793 5771 1962 5830 lCor.
2000 5778 2128 5842 ",9.

2265 5778 2375 5836 πυτ.
2406 5798 2465 5849 ιι,
2500 5782 2591 5837 27.
2669 5783 2714 5818 ⁸³
2755 5784 2897 5841 Psal.
2936 5798 3055 5845 xm.
3086 5784 3139 5839 5.
3219 5782 3263 5816 “
3302 5780 3459 5837 Joan.
3490 5794 3591 5845 xu,
3620 5777 3707 5845 ιι,
3736 5774 3824 5829 25δ
