4096 6518
156 413 183 469 1
193 413 303 469 353

1281 411 1347 467 ΙΝ
1380 411 1606 468 ΙΒᾹΙΔΜ
1643 410 1769 465 LIB.
1810 410 1869 466 Υ.
1915 412 2151 471 TOMUS
2187 414 2254 471 V.

3273 417 3412 474 ΚΒΝ

152 526 350 590 δεκτὸς
389 524 487 596 μὲν
516 524 778 589 ἐνιαυτὸς,
807 523 933 578 καθ’
962 525 1020 577 ὃν
1048 524 1365 596 ἐσταυρώθη
1401 525 1539 595 ὑπὲρ
1572 523 1729 595 ήμῶν

1852 522 2105 579 Ξιίιετιιιιι
2140 546 2151 580 :
2189 545 2207 577 ι
2245 528 2467 593 Quando
2497 529 2561 583 de
2600 541 2740 582 terra
2770 531 3035 584 exaltatus
3067 528 3239 593 fuero,
3289 541 3404 585 om'

156 620 419 691 Χριστός.
468 619 657 671 Δεκτοὶ
685 618 793 688 γὰρ
829 618 949 671 τότε
994 618 1297 688 γεγόναμεν
1345 616 1421 687 τῷ
1470 616 1591 685 Θεῷ
1641 616 1735 668 καί⁵

156 711 364 780 Πατρὶ,
418 710 513 762 καὶ
565 708 1074 779 καρποφορηθέντες
1102 707 1170 761 δι’
1203 706 1388 772 αὑτοῦ,
1433 709 1527 761 καὶ
1578 706 1734 759 τοῦτο

155 798 326 862 αὑτὸς
378 799 527 869 ἡμᾶς
555 797 812 862 ἐδίδαξεν,
842 796 1043 862 εἰπὼν,
1102 818 1121 848 ι
1175 796 1367 867 Ἀμὴν,
1417 797 1564 867 ἁμήν
1589 794 1735 863 λέγω

156 890 316 959 ὑμῖν,
339 889 435 943 ἐὰν
476 890 551 960 μὴ
578 892 607 943 ό
634 890 828 952 κόκκος
858 889 950 942 τοῦ
987 890 1136 942 σίτου
1188 889 1369 943 πεσὼν
1408 891 1488 951 είς
1516 890 1613 955 τὴν
1633 889 1736 958 γῆν

155 984 433 1055 ἀποθάνῃ.
456 982 618 1045 αὐτὸς
647 982 804 1051 μόνος
828 981 998 1051 μένειο
1038 980 1132 1034 έὰν
1154 980 1212 1034 δὲ
1241 979 1508 1050 ἀποθάνῃ,
1526 980 1735 1049 καρπὸν

160 1074 387 1127 πλείονα
419 1073 597 1143 φέρει.
632 1092 650 1123 ι
698 1072 806 1123 Καὶ
832 1071 1013 1135 πάλιν,
1054 1090 1072 1122 ι
1106 1072 1272 1124 Ὅταν
1301 1071 1500 1140 ὑψωθῶ
1529 1072 1592 1122 ὲκ
1636 1070 1735 1140 τῆς

158 1168 292 1237 γῆςο
349 1166 555 1230 πάντας
618 1164 829 1218 ἑλκύσω
884 1165 1022 1235 πρὸς
1087 1166 1348 1236 ἐμαυτόν.
1388 1182 1409 1218 ι
1471 1165 1580 1217 Καὶ
1606 1162 1736 1232 γοῦν

159 1259 369 1314 ἁνεὸίω
418 1259 713 1328 τριήμερος
764 1258 1006 1326 πατήσας
1024 1256 1119 1309 τοῦ
1158 1255 1387 1309 θανάτου
1418 1255 1479 1307 τὸ
1513 1254 1731 1324 κρὰτος.

161 1348 304 1406 Εἶτα
362 1352 475 1413 τοῖς
544 1350 721 1418 ἁγίοις
792 1349 1060 1419 μαθηταῖς
1124 1347 1493 1419 προσεφώνει,
1540 1346 1732 1414 λέγων·

169 1464 190 1495 ι
236 1442 421 1513 Ἐδόθη
452 1459 543 1512 μοι
587 1444 738 1494 πᾶσα
795 1441 1010 1505 ἐξουσία
1034 1442 1091 1493 ἐν
1117 1441 1330 1511 οὑρανῷ
1370 1441 1463 1493 καὶ
1492 1441 1583 1493 ἐπὶ
1610 1439 1731 1508 γῆς·

163 1534 526 1606 πορευθέντες
556 1532 927 1602 μαθητεύσατε
945 1533 1122 1586 πάντα
1138 1533 1204 1585 τὰ
1222 1532 1368 1602 ἔθνη,
1389 1532 1737 1602 βαπτίζοντες

164 1622 365 1685 αὑτοὺς
394 1624 473 1685 είς
503 1623 564 1674 τὸ
590 1622 759 1691 δνομα
784 1622 878 1674 τοῦ
906 1623 1136 1691 Πατρὸς,
1171 1622 1263 1676 καὶ
1317 1623 1409 1675 τοῦ
1436 1621 1587 1687 Υίοῠ,
1644 1622 1736 1675 καὶ

162 1714 264 1768 τοῦ
298 1714 453 1781 ἁγίου
481 1712 817 1782 Πνεὺματος.
859 1733 875 1763 ι
906 1714 1102 1775 Δεκτὸς
1124 1709 1216 1766 οὖν
1267 1713 1505 1775 ἐνιαυτὸς
1530 1712 1735 1777 ἐκεῖνός

164 1822 275 1859 που
306 1806 540 1869 πάντως,
572 1805 692 1858 καθ’
723 1805 783 1859 ὃν
830 1806 1214 1876 είσεδέχθημεν
1265 1803 1363 1875 τὴν
1414 1804 1549 1876 πρὸς
1576 1804 1736 1858 αὑτὸν

1842 629 1938 669 nes
1957 616 2165 670 traham
2193 618 2258 670 ad
2281 618 2544 687 meipsum
2571 620 2635 671 ".
2656 640 2672 670 ι
2707 619 2982 687 Siquidem
3019 621 3215 675 revixit
3246 626 3405 679 tertio

1842 705 1947 772 die,
1983 706 2191 761 calcato
2237 710 2426 763 mortis
2472 708 2715 777 imperio.
2772 707 2974 765 Deinde
3028 720 3243 765 sanctos
3298 712 3404 765 dis-

1843 796 2050 867 cipulos
2083 797 2345 854 allocutus
2391 800 2465 853 ait
2508 818 2520 854 :
2564 817 2582 850 ι
2626 799 2754 871 Data
2789 810 2870 854 est
2922 801 3050 855 Inibi
3094 803 3269 856 oumis
3320 818 3409 871 po-

1843 898 2009 943 testas
2043 890 2093 942 in
2122 891 2259 945 cmlo
2288 899 2342 945 et
2371 891 2420 945 in
2460 902 2624 946 terra.
2660 870 2756 955 Ite',
2790 896 2976 948 docete
2997 910 3181 948 manes
3198 906 3404 965 gentes,

1842 979 2176 1048 baptizantes
2203 997 2295 1037 eos
2320 982 2372 1037 in
2411 1000 2602 1037 nomen
2643 983 2837 1047 Patris,
2874 996 2927 1038 et
2960 982 3104 1049 Filii,
3141 996 3193 1039 et
3238 985 3407 1054 Spiri-

1845 1079 1931 1125 tus
1970 1074 2142 1127 sancti
2185 1072 2250 1125 ".
2289 1092 2307 1125 ι
2348 1074 2615 1142 Acceptus
2650 1088 2731 1129 est
2767 1075 2926 1144 igitur
2973 1078 3191 1130 omnino
3238 1093 3409 1133 annus

1845 1163 1953 1228 ille,
1980 1180 2088 1234 quo
2138 1165 2360 1220 admissi
2420 1181 2627 1233 sumus,
2682 1167 2856 1237 adepti
2917 1169 3227 1222 societatem
3285 1185 3405 1223 cum

1844 1254 1979 1322 ipso,
2011 1255 2191 1309 abluto
2217 1263 2562 1324 peccato-per
2596 1266 2839 1309 sanetum
2871 1256 3155 1323 baptisma,
3186 1266 3238 1309 et
3274 1260 3408 1311 divi-

1843 1362 1923 1399 na!
1953 1346 2096 1398 illius
2146 1358 2351 1401 natura:
2398 1346 2525 1401 farti
2581 1348 2872 1417 participes
2922 1348 3408 1404 communicatione

1842 1437 2011 1490 sancti
2043 1434 2295 1505 Spiritus.
2327 1438 2417 1492 Vel
2445 1455 2617 1492 annus
2649 1449 2900 1507 acceptus
2945 1436 3048 1501 cat,
3093 1456 3198 1508 quo
3246 1441 3410 1493 mani-

1844 1528 2057 1582 l‘estavit
2089 1529 2312 1597 gloriam
2348 1546 2496 1583 suam
2552 1532 2807 1585 tniraCulo
2854 1531 3129 1586 inell‘abili.
3159 1530 3412 1587 Libenter

1843 1619 1985 1673 enim
2034 1619 2360 1689 arripuimus
2413 1621 2602 1675 salutis
2641 1637 2735 1691 per
2771 1622 2942 1690 ipsum
2992 1630 3229 1691 tempus,
3269 1624 3407 1691 quod

1843 1711 2273 1778 sapientissimus
2329 1713 2654 1782 signiﬁcavit
2684 1711 2902 1777 Paulus,
2947 1715 3131 1769 dicens
3164 1731 3180 1769 :
3224 1734 3242 1766 ι
3275 1716 3408 1768 Ισῖεοο

1845 1818 1986 1873 nunc
2016 1814 2225 1873 tempus
2251 1805 2593 1873 acceptabile,
2615 1820 2740 1858 ecce
2762 1821 2904 1859 nunc
2932 1805 3047 1859 dies
3073 1805 3261 1859 salutis
3287 1806 3349 1859 ⁸⁷.
3387 1825 3405 1857 ι

164 1896 426 1966 λαχόντες
445 1897 739 1960 οἱκείωσιν,
776 1871 1166 1967 (immutati-pavet
1204 1871 1331 1968 τὴν*
1359 1871 1633 1968 ἁμαρτίαν
1655 1897 1745 1949 διὰ

1852 1871 2241 1951 Retributiuuis
2292 1893 2434 1949 diem
2492 1910 2612 1949 esse
2666 1894 2830 1950 nihilo
2893 1896 3067 1949 secius
3144 1896 3408 1962 dicimus,

165 1988 266 2042 τοῦ
294 1988 447 2057 ἁγίου
478 1987 870 2059 βαπτίσματος,
901 1988 1119 2057 καὶτῆς
1156 1988 1301 2051 Θείας
1336 1987 1499 2041 αὑτοῦ
1531 1989 1743 2056 φύσεως

167 2080 452 2150 γενόμενοι
478 2078 722 2131 κοινωνοὶ
750 2078 839 2132 διὰ
863 2080 1093 2150 μετοχῆς
1110 2079 1204 2132 τοῦ
1228 2080 1380 2147 ἁγίου
1409 2080 1741 2150 Πνεὺματος.

171 2171 384 2238 Ἤγουν
416 2169 603 2232 δεκτὸς
646 2169 910 2232 ἐνιαυτὸς,
964 2171 1086 2223 καθ’
1136 2170 1195 2223 ὃν
1254 2169 1605 2240 πεφανέρωκε
1647 2169 1745 2238 τήν

164 2263 333 2328 δόξαν
366 2262 531 2316 αὑτοῦ
560 2262 646 2317 διὰ
670 2263 771 2332 τῆς
823 2263 963 2334 ὑπὲρ
995 2263 1151 2331 λόγον
1180 2262 1523 2333 θεοσημείας·
1566 2262 1748 2327 ὲδεξὰη

173 2352 319 2425 μεθα
345 2353 453 2422 γὰρ
507 2352 759 2422 ἁσμένως
803 2352 895 2405 τὸν
932 2353 1032 2423 τῆς
1080 2354 1208 2423 παρ’
1260 2351 1423 2407 αὑτοῦ
1476 2351 1745 2424 σωτηρίας

169 2446 383 2517 καιρὸν,
411 2445 471 2498 δν
502 2444 568 2514 δὴ
597 2446 693 2499 καὶ
719 2445 749 2498 ό
777 2445 1054 2515 πάνσοφος
1082 2445 1293 2509 Παῦλος
1320 2462 1531 2516 καταμε
1542 2447 1746 2516 μήνυκε

170 2535 372 2603 λέγων·
426 2553 446 2587 ι
485 2534 617 2588 Ἰδοὺ
662 2534 757 2588 νῦν
806 2535 995 2604 καιρὸς
1046 2534 1459 2605 εὐπρόσδεκτος,
1514 2535 1620 2589 ἰδοὺ
1654 2533 1751 2588 νῦν

169 2625 359 2696 ήμέρα
405 2624 700 2696 σωτηρίας.
733 2642 753 2677 ι
801 2624 1012 2695 ἡμέραν
1067 2642 1130 2691 γε
1187 2625 1292 2696 μὴν
1345 2624 1749 2689 ἁνταποδόσεως

172 2712 318 2769 εἷναί
349 2732 527 2786 φαμεν
560 2715 713 2769 οὑδὲν
763 2710 924 2787 ἦττον
967 2714 1127 2768 αὑτὸν
1158 2714 1252 2766 τὸν
1300 2717 1401 2785 τῆς
1457 2714 1751 2785 ἐπιδημίας

172 2808 391 2880 καιρὸν,
442 2808 563 2861 καθ’
612 2808 671 2860 δν
710 2810 743 2878 ή
783 2808 1136 2871 ἁνταπόδοσις
1182 2807 1389 2861 δέδοται
1435 2810 1563 2877 παρ’
1584 2806 1749 2861 αὑτοῦ

170 2900 287 2961 τοῖς
314 2898 671 2951 πιστεύσασιν
703 2900 784 2961 είς
815 2898 979 2952 αὑτὸν
1011 2897 1101 2950 διὰ
1124 2898 1224 2967 τῆς
1254 2900 1311 2951 ὲν
1344 2898 1556 2952 ἐλπίσιν
1579 2899 1752 2967 ὲπαγ-

173 2986 387 3054 γελίας*
411 2982 519 3039 οἷον
551 2988 608 3040 δὲ
628 2987 691 3058 δή
722 3004 776 3039 τι
811 2988 972 3057 φημί·
1015 2988 1077 3039 Ἦ
1109 2988 1252 3040 κατὰ
1276 2987 1367 3041 τὸν
1395 2988 1638 3051 Μωσέως
1668 2989 1753 3040 v6-

177 3096 282 3148 μον
303 3078 540 3132 πολιτεία
564 3079 927 3148 ἐπαινουμένη
947 3078 1199 3149 πρόξενος
1220 3074 1288 3149 ἦν
1301 3080 1411 3139 τοῖς
1436 3080 1753 3149 ἀμωμήτως

1850 1988 2025 2056 ipsum
2058 1990 2322 2041 adventus
2353 1997 2579 2056 tempus.
2608 2002 2715 2055 quo
2758 1988 3041 2041 retributio
3080 1988 3198 2041 data
3232 2000 3312 2042 est
3344 1988 3411 2042 ab

1850 2079 1965 2148 ipso
1993 2079 2335 2132 credentibus
2386 2079 2435 2130 in
2485 2078 2682 2147 ipsum,
2722 2093 2787 2131 ex
2845 2079 3200 2147 promissione
3251 2094 3410 2147 quam

1847 2184 1969 2239 spes
1996 2168 2355 2239 amplectitur.
2400 2168 2551 2236 Quod
2593 2169 2733 2231 dico,
2780 2169 2853 2223 ita
2901 2185 2959 2223 se
3026 2170 3184 2223 habet
3214 2188 3226 2224 :
3256 2167 3414 2239 Legis

1848 2260 2095 2316 Mosaica:
2124 2262 2305 2329 politia
2342 2260 2578 2326 laudata,
2627 2270 2773 2315 recte
2816 2270 2869 2314 et
2917 2258 3188 2327 inculpate
3236 2258 3415 2315 facere

1848 2351 2173 2414 volentibus,
2228 2350 2498 2405 felicitatis
2550 2350 2829 2419 prassentis
2877 2348 3211 2403 conciliatrix
3260 2360 3414 2415 erat;

1849 2442 2288 2512 pollicitationem
2322 2458 2451 2495 vero
2483 2442 2746 2495 bonormn
2780 2439 3083 2493 futurorum
3111 2440 3413 2507 adjunctam

1850 2548 1955 2588 non
1991 2532 2244 2597 habebat,
2277 2534 2371 2587 sed
2416 2531 2751 2586 solummodo
2805 2531 3211 2601 prosperitatem
3257 2529 3416 2599 hujus

1848 2625 1970 2679 vitae
2010 2624 2176 2696 860
2218 2625 2570 2692 praedicabat;
2612 2622 2833 2693 jnhebat
2879 2624 3023 2677 enim
3065 2623 3336 2678 abstinere
3383 2640 3413 2677 a

1850 2716 2082 2777 delictis,
2114 2714 2419 2769 acclamans
2457 2729 2472 2766 :
2510 2732 2528 2763 ι
2564 2714 2637 2768 Ne
2670 2713 2922 2769 moriaris
2951 2714 3003 2768 in
3033 2723 3270 2781 tempore
3310 2728 3413 2766 non

1853 2817 1943 2860 tuo
1982 2806 2047 2860 δ’.
2108 2826 2125 2857 ι
2181 2803 2390 2859 Liberis
2432 2816 2610 2860 autem
2645 2805 2863 2858 ait-bat:
2902 2822 2920 2854 ι
2958 2801 3176 2857 llorrora
3208 2810 3415 2871 patrem

1851 2904 1999 2948 tuum
2027 2904 2081 2950 et
2112 2906 2337 2948 matrem
2363 2904 2528 2959 tuam,
2563 2903 2619 2947 ut
2650 2893 2782 2947 bene
2814 2893 2907 2946 tibi
2938 2893 3026 2959 sit,
3058 2903 3112 2946 et
3147 2894 3417 2961 long:evus

1852 2986 1926 3041 sis
1951 2985 2003 3039 in
2040 2995 2182 3040 terra
2208 2986 2272 3039 θ’.
2318 3006 2336 3038 ι
2392 2985 2662 3039 lntcrdmn
2704 2986 2866 3039 etiam
2914 2984 3263 3052 promittebat
3302 2982 3415 3037 fru-

1852 3091 2034 3134 ctuum
2060 3079 2378 3143 ubertatem,
2408 3090 2461 3132 et
2491 3078 2725 3146 quietem
2758 3093 2787 3130 a
2825 3075 2986 3143 bello,
3015 3091 3076 3130 ac
3111 3077 3260 3146 pacis
3304 3091 3419 3129 am-

175 3171 355 3241 αὑτὴν
385 3170 623 3223 ἐθέλουσι
651 3169 947 3239 κατορθοῦν
997 3171 1094 3239 τῆς
1124 3168 1357 3223 ἐνταῦθα
1403 3171 1709 3241 εὐπραγίας
1730 3213 1745 3236 ,

1856 3170 2194 3242 plitudlnem,
2227 3178 2281 3224 et
2316 3171 2438 3224 inde
2470 3170 2633 3223 animi
2668 3170 3131 3238 tranquillitatem.
3169 3167 3308 3221 Dixit
3354 3167 3419 3222 si-

178 3260 473 3330 ὑπόσχεσιν
508 3261 562 3313 δὲ
610 3260 786 3330 γερῶν
823 3258 931 3312 τῶν
979 3262 1059 3321 είς
1112 3260 1173 3311 τὸ
1232 3260 1423 3329 μέλλον
1464 3262 1564 3313 οὐκ
1612 3258 1744 3329 είχε.

177 3349 366 3418 Μόνης
392 3349 448 3401 δὲ
467 3350 605 3419 τάχα
631 3366 732 3401 που
759 3349 855 3417 τῆς
877 3349 1016 3402 κατὰ
1037 3349 1185 3402 τόνδε
1206 3351 1297 3403 τὸν
1320 3351 1433 3419 βίον
1452 3351 1621 3421 εὑημε
1633 3352 1752 3422 ρίας

178 3437 420 3490 ἐποιεῖτο
457 3444 696 3508 μνήμην
728 3438 943 3493 ἐκέλευε
972 3438 1069 3509 μὲν
1100 3440 1207 3511 γὰρ
1240 3441 1539 3510 ἀπέχεσθαι
1568 3442 1752 3513 πλημ-

184 3528 538 3599 μλημὰτων,
595 3530 903 3598 ὲπιφωνῶν,
960 3531 1047 3584 ἴνα
1096 3549 1113 3582 ι
1141 3532 1232 3601 Μὴ
1258 3532 1533 3605 ἀποθάνῃς
1592 3536 1649 3586 ἐν
1690 3535 1751 3587 οὑ

180 3621 363 3691 καιρῷ
394 3638 506 3675 σου.
540 3638 559 3672 ι
582 3622 877 3691 Ἐπεφώνει
908 3624 963 3676 δὲ
1016 3626 1111 3677 καὶ
1155 3625 1398 3687 τέκνοις·
1445 3642 1467 3678 ι
1491 3626 1636 3695 Τίμα
1663 3626 1754 3680 τὸν

184 3712 398 3781 πατέρα
431 3727 522 3764 σου
556 3713 647 3766 καὶ
694 3712 793 3783 τὴν
850 3714 1083 3785 μητέρα,
1142 3716 1227 3768 ἵνα
1276 3712 1335 3768 εὖ
1391 3733 1473 3769 σοι
1504 3718 1752 3787 γένηται,

182 3804 283 3856 καὶ
309 3803 411 3875 ἔστι
440 3803 832 3873 μακροχρόνιος
866 3807 960 3858 ἐπὶ
1006 3807 1103 3876 τῆς
1144 3807 1267 3876 γῆς,
1299 3827 1317 3859 ι
1362 3807 1758 3877 Ἐπηγγέλλετο

180 3894 240 3947 δὲ
282 3897 380 3947 καὶ
427 3896 653 3968 καρπῶν
703 3897 984 3965 ἀφθονίαν,
1046 3898 1159 3951 ἐσθ’
1213 3899 1323 3963 ὅτε,
1378 3902 1470 3953 καὶ
1520 3900 1755 3970 πολέμου

185 3984 424 4049 παῦλαν,
474 3987 567 4039 καὶ
621 3990 845 4058 εἰρήνης
892 3988 1112 4053 πλάτος,
1171 3990 1266 4043 καὶ
1315 3990 1414 4060 τὴν
1456 3992 1546 4044 ἐπ’
1590 3991 1759 4061 αὐτῆς

184 4078 477 4149 εὐθυμίαν.
516 4079 660 4149 Ἔφη
688 4080 817 4144 γοῦν
853 4082 943 4135 διὰ
976 4083 1158 4153 φωνῆς
1190 4083 1490 4155 Ζαχαρίουο
1536 4103 1554 4134 ι
1578 4086 1760 4139 Κατα-

186 4169 421 4238 κὰρπως
458 4169 911 4240 κατοικηθήσεται
960 4170 1311 4242 Ἰερουσαλήμ
1363 4172 1475 4227 ἁπὸ
1522 4172 1761 4243 πλήθους

187 4256 496 4328 ἀνθρώπων
550 4260 644 4313 καὶ
675 4259 891 4330 κτηνῶν
922 4259 1029 4312 τῶν
1057 4262 1115 4313 ὲν
1142 4260 1302 4332 αὑτῇ.
1330 4262 1424 4315 καὶ
1438 4261 1550 4330 ἐγὼ
1567 4261 1760 4333 ἔσομαι

188 4352 356 4421 αὑτῇ,
387 4350 535 4418 λέγει
563 4350 786 4422 Κύριος,
819 4353 995 4421 τεῖχος
1024 4350 1193 4421 πυρὸς
1230 4352 1512 4416 κυκλόθεν,
1560 4355 1655 4407 καὶ
1682 4357 1763 4418 είς

1853 3263 2068 3333 quidem
2096 3278 2226 3317 voce
2270 3262 2543 3317 Zacharia:
2579 3282 2592 3316 :
2634 3280 2652 3313 ι
2693 3261 2990 3316 Fructuose
3034 3259 3418 3315 inhabilahitur

1851 3352 2150 3408 Jerusalem
2184 3368 2213 3406 a
2252 3354 2589 3407 multitudine
2624 3353 2899 3406 ltmninum
2932 3361 2985 3405 et
3026 3352 3415 3419 iumentorum,

1854 3461 1973 3515 quae
1998 3455 2124 3499 sunt
2159 3445 2208 3499 in
2238 3460 2322 3501 ea.
2352 3445 2417 3499 Et
2438 3460 2537 3515 ego
2561 3459 2656 3499 ero
2684 3443 2779 3505 illi,
2815 3443 2945 3497 dicit
2979 3442 3254 3506 Dominus,
3299 3460 3419 3496 tun-

1854 3552 1946 3590 rus
1992 3536 2131 3606 ignis
2201 3536 2596 3601 circumcirca,
2664 3546 2717 3589 et
2764 3534 2931 3604 gloria
2996 3548 3089 3587 ero
3137 3534 3188 3587 in
3247 3533 3421 3586 medio

1854 3628 1971 3696 ejus
1996 3628 2062 3681 ”.
2098 3647 2117 3680 ι
2154 3627 2217 3682 Et
2252 3629 2444 3681 iterum
2475 3647 2487 3680 :
2523 3647 2541 3679 ι
2593 3626 2781 3680 Adhuc
2815 3626 3075 3680 sedebunt
3104 3625 3345 3679 seniores
3368 3626 3419 3677 in

1855 3720 2045 3787 plateis
2069 3717 2391 3777 Jerusalem.
2436 3720 2664 3787 quisque
2710 3719 2912 3786 virgam
2945 3734 3095 3772 suam
3130 3716 3333 3771 habens
3367 3718 3419 3771 in

1858 3826 2039 3875 manu,
2076 3825 2105 3863 a
2150 3810 2488 3864 multitudine
2545 3810 2771 3863 dierum.
2824 3807 2894 3863 Et
2945 3808 3133 3877 plateae
3186 3808 3422 3861 civitatis

1859 3903 2220 3971 huplebuntur
2246 3903 2483 3971 puerulis
2504 3909 2557 3955 et
2590 3900 2782 3970 puellis
2814 3899 3121 3953 ludentibus
3150 3899 3200 3953 in
3229 3897 3423 3968 plateis

1857 3995 1973 4061 ejus
1992 3994 2058 4049 ".
2102 4012 2119 4045 ι
2165 3993 2564 4063 Temporariam
2598 3992 2777 4061 itaque
2807 3992 3148 4061 praemiorum
3195 3990 3424 4060 perfrui-

1856 4086 2057 4141 tionem
2089 4083 2317 4138 Mosaica
2357 4083 2437 4137 lex
2472 4084 2815 4153 promittebat
2849 4082 3153 4145 veteribus;
3204 4094 3259 4136 at
3283 4082 3422 4136 divi-

1859 4192 1926 4230 na
1952 4185 2005 4230 et
2037 4175 2295 4229 salutaris
2340 4174 2668 4243 praedicatio,
2718 4172 3101 4227 retributiones
3140 4172 3193 4225 in
3245 4171 3424 4225 finium

1862 4276 2121 4337 tempore.
2159 4285 2178 4319 ι
2211 4266 2363 4321 Beati
2415 4267 2583 4330 enim,
2659 4266 2852 4333 inquit,
2898 4280 3161 4335 pauperes
3208 4264 3424 4334 spiritu,

1860 4360 1985 4428 quia
2013 4359 2249 4427 ipsorum
2284 4366 2368 4410 est
2398 4371 2618 4426 regnum
2653 4356 2916 4411 ctelorum
2945 4356 3013 4408 ".
3052 4373 3070 4406 ι
3105 4355 3193 4421 Ει,
3224 4356 3267 4409 si
3297 4369 3428 4410 con-

187 4440 349 4505 δόξαν
397 4440 588 4511 ἔσομαι
630 4443 688 4492 ὲν
732 4441 885 4511 μέσῳ
933 4441 1122 4511 αὐτῆς.
1182 4460 1201 4493 ι
1232 4443 1338 4497 Καὶ
1370 4443 1546 4499 πάλιν·
1584 4464 1601 4496 ι
1640 4445 1748 4499 Ἔτι

1862 4459 2148 4518 sequentes
2186 4448 2548 4501 beatitudines
2585 4448 2704 4515 quis
2732 4448 2985 4515 indagare
3032 4446 3156 4500 velit
3203 4444 3427 4515 diligen-

189 4530 507 4584 καθίσονται
533 4530 888 4603 πρεσδπεροι
918 4534 976 4584 ὲν
1015 4536 1134 4595 ταῖς
1176 4533 1456 4598 πλατείαις
1497 4536 1748 4604 ’ῐερουσα

1868 4548 1971 4604 ter,
2026 4537 2410 4592 retributiones
2447 4551 2567 4605 qua:
2604 4537 2881 4605 promissae
2920 4546 3063 4613 sunt,
3110 4535 3344 4588 inveniet
3397 4550 3427 4586 a

191 4620 328 4691 λήμ.
366 4621 634 4685 Ἕκαστος
661 4622 758 4693 τὴν
802 4622 994 4691 ρὰὖδον
1032 4624 1198 4677 αὑτοῦ
1238 4626 1296 4677 έν
1320 4628 1387 4696 τῇ
1445 4629 1588 4697 χειρὶ
1627 4627 1748 4697 ἔχωι

1866 4626 1996 4688 Deo,
2023 4634 2077 4680 et
2104 4624 2348 4677 illustres
2372 4634 2426 4677 et
2452 4639 2694 4694 magnas.
2721 4625 2815 4677 Sin
2845 4624 2950 4677 alio
2975 4627 3132 4677 modo
3156 4624 3325 4677 visum
3357 4622 3428 4676 sit

190 4710 307 4764 ἁπὺ
336 4710 574 4780 πλήθους
610 4712 854 4781 ἡμερῶν,
904 4714 999 4765 καὶ
1030 4715 1087 4767 αί
1115 4714 1361 4769 πλατεῖαι
1414 4718 1510 4788 τῆς
1558 4718 1748 4780 πόλεως

1864 4714 2043 4779 alicui,
2079 4713 2487 4767 retributionem
2521 4728 2549 4764 a
2595 4712 2811 4767 Christo
2843 4710 3036 4764 factam
3075 4712 3140 4765 de
3168 4711 3429 4766 adventus

192 4801 600 4871 πλησθήσονται
628 4802 927 4873 παιδαρίων
962 4806 1055 4857 καὶ
1090 4808 1358 4875 κορασίων
1380 4808 1681 4872 παιζόντων
1709 4812 1748 4862 ei

1868 4816 2110 4872 tempore
2134 4802 2509 4872 interpretari,
2540 4815 2645 4854 non
2692 4801 2966 4854 aberrabit
2999 4813 3026 4851 a
3072 4813 3253 4870 scopo.
3287 4799 3428 4855 Olim

191 4893 315 4953 ταῖς
341 4892 622 4955 πλατείαις
659 4891 851 4961 αὑτῆς.
883 4912 902 4944 ι
937 4895 1292 4965 Προσκαίρων
1322 4892 1417 4949 οὖν
1442 4895 1551 4969 ἄρα
1589 4899 1748 4969 γερῶι

1865 4896 2008 4950 ειιίιιι
2050 4893 2342 4950 insolenter
2366 4893 2527 4963 gessit
2557 4906 2615 4947 se
2645 4902 2828 4946 contra
2861 4890 3114 4945 mortales
3164 4887 3432 4959 profanis-

191 4982 496 5036 ἀπόλαυσιν
522 4984 553 5037 ὁ
579 4983 666 5038 διὰ
713 4986 953 5048 Μωσέως
982 4988 1143 5055 νόμος
1187 4986 1494 5057 ὑπισχνεῖτο
1520 4991 1632 5051 τοῖς
1661 4990 1748 5043 πά·

1871 4988 2041 5041 simus
2069 4986 2257 5051 Satan,
2284 4993 2337 5041 et
2363 4986 2547 5038 orbem
2574 4983 2873 5051 occupavit,
2892 4996 2924 5036 a
2956 4995 3082 5035 vera
3103 4982 3433 5049 cognitione,

194 5078 311 5132 λαν
350 5078 414 5129 τὸ
442 5078 499 5131 δὲ
533 5078 675 5132 θεῖον
723 5080 818 5131 καὶ
878 5081 1142 5151 σωτήριον
1172 5081 1432 5152 κήρυγμα
1460 5081 1559 5144 τὰς
1599 5085 1678 5146 εἰς
1703 5084 1763 5136 τὸ

194 5170 394 5240 μέλλον
444 5170 846 5234 ἀνταποδόσεις
888 5190 905 5222 ι
934 5172 1207 5243 Μακάριοι
1268 5176 1395 5245 γὰρ,
1455 5175 1649 5243 φησὶν,
1722 5180 1771 5231 οί

191 5262 406 5331 πτωχοί⁵
464 5262 542 5331 τῷ
588 5263 882 5333 πνεύματι,
921 5265 1003 5316 ὅτι
1040 5264 1221 5317 αὑτῶν
1251 5264 1398 5317 ἐστιν
1436 5267 1469 5336 ή
1521 5265 1765 5335 βασιλεία

191 5351 307 5404 τῶν
338 5350 605 5420 οὐρανῶνο
644 5372 663 5404 ι
714 5355 809 5406 καὶ
857 5355 982 5415 τοὺς
1032 5353 1230 5423 ἑφεξῆς
1266 5356 1549 5423 κειμένους
1596 5374 1771 5428 μακα-

196 5444 432 5513 ρισμοίης
485 5442 539 5495 εἰ
580 5461 665 5507 τις
692 5446 865 5498 ’έλοιτο
902 5446 1373 5515 πολυπραγμονεῖν
1420 5448 1769 5502 ἀνταποδόσει

196 5531 641 5601 ἐπηγγελμένας,
671 5534 927 5605 λαμπρὰς
963 5535 1056 5586 καὶ
1092 5534 1331 5604 μεγάλας
1375 5537 1597 5607 εὑρήσει
1618 5538 1769 5609 παρὰ

273 5727 322 5759 ⁵³
358 5728 517 5785 Joan.
559 5744 658 5793 xu,
693 5730 783 5782 32.

886 5730 932 5761 “
971 5730 1162 5785 Matth.
1209 5732 1514 5794 xsvm,18,
1550 5731 1637 5785 l9.
1712 5730 1753 5760 ⁸⁷
1784 5726 1826 5780 ll
1858 5728 1983 5783 Cor.
2030 5742 2106 5790 Vt.
2164 5728 2220 5782 2.
2296 5728 2341 5760 δ’
2370 5727 2545 5785 Eeele.
2598 5742 2693 5795 vn,
2727 5725 2812 5780 l8.

1876 5079 1990 5141 Dei,
2030 5078 2268 5146 inquam,
2323 5076 2581 5129 naturalis
2636 5086 2971 5143 segregatum
3021 5085 3083 5126 ac
3141 5071 3431 5138 divulsum,

1872 5181 1927 5225 et
1948 5172 2001 5224 in
2035 5177 2251 5239 puteum
2277 5166 2430 5237 quasi
2457 5165 2657 5234 peccati
2683 5164 3092 5233 pmcipitatum,
3128 5176 3191 5216 ac
3215 5162 3296 5216 sui
3324 5178 3436 5215 ma-

1870 5262 2155 5330 larumque
2179 5274 2360 5315 secum
2389 5266 2712 5326 potestatum
2751 5255 2982 5310 reddidit
3008 5255 3294 5309 cultorem.
3324 5251 3431 5306 Ita-

1870 5360 1974 5421 que
2003 5350 2141 5404 dixit.
2186 5367 2201 5403 :
2243 5368 2263 5400 ι
2299 5348 2490 5403 Totum
2539 5347 2723 5401 orbem
2768 5346 3216 5416 comprehendam
3273 5352 3430 5396 manu

1869 5455 1928 5496 ut
1954 5443 2159 5506 nidum,
2191 5450 2245 5496 et
2272 5452 2330 5495 ut
2377 5440 2631 5494 derelicta
2670 5452 2769 5494 ova
2802 5438 2983 5491 tollam
3016 5452 3031 5489 :
3067 5450 3163 5490 nec
3207 5442 3294 5489 est
3341 5433 3430 5501 qui

1868 5535 2035 5604 possit
2063 5548 2150 5589 me
2178 5532 2431 5603 effugere,
2481 5531 2561 5586 vel
2601 5532 2691 5600 qui
2734 5530 3063 5586 contradicat
3102 5526 3230 5581 mihi
3278 5521 3346 5576 "'.
3410 5540 3427 5573 ›

2930 5721 2976 5753 δ’
3003 5716 3174 5776 Exod.
3212 5730 3304 5782 xx,
3341 5711 3433 5768 12.

200 5804 248 5837 ³ο
279 5798 449 5856 Zaclt.
486 5816 548 5864 tt,
588 5801 642 5854 4.
716 5800 759 5829 ⁸¹
791 5797 954 5853 Zach.
986 5816 1100 5869 vut,
1127 5801 1181 5855 4.
1254 5803 1301 5833 ⁵⁸
1333 5802 1517 5855 Matth.
1552 5817 1600 5865 v,
1638 5799 1693 5853 '5.

1852 5798 1946 5854 Isa.
1985 5812 2040 5865 ε,
2082 5797 2170 5851 14.

444 5898 711 5951 οετειτιι..
744 5896 855 5951 GR.
903 5896 1075 5952 LXX.

2923 5885 2996 5948 43
