  <div class='ocr_page' id='page_1' title='image "/cluster/home/n/w/nwhite01/storage/ocr_20150623/70/hvd.32044019207901/686.png"; bbox 0 0 4096 6526; ppageno 0'>
   <div class='ocr_carea' id='block_1_1' title="bbox 200 417 335 471">
    <p class='ocr_par' dir='ltr' id='par_1_1' title="bbox 200 417 335 471">
     <span class='ocr_line' id='line_1_1' title="bbox 200 417 335 471; baseline -0.007 -2"><span class='ocrx_word' id='word_1_1' title='bbox 200 417 335 471; x_wconf 66' lang='grc'>1337</span> 
     </span>
    </p>
   </div>
   <div class='ocr_carea' id='block_1_2' title="bbox 1328 413 2330 480">
    <p class='ocr_par' dir='ltr' id='par_1_2' title="bbox 1328 413 2330 480">
     <span class='ocr_line' id='line_1_2' title="bbox 1328 413 2330 480; baseline 0.013 -13"><span class='ocrx_word' id='word_1_2' title='bbox 1328 415 1393 470; x_wconf 78' lang='lat' dir='ltr'>IN</span> <span class='ocrx_word' id='word_1_3' title='bbox 1437 413 1667 471; x_wconf 74' lang='lat' dir='ltr'>ISAIAM</span> <span class='ocrx_word' id='word_1_4' title='bbox 1711 417 1836 472; x_wconf 83' lang='lat' dir='ltr'><strong>LIB.</strong></span> <span class='ocrx_word' id='word_1_5' title='bbox 1883 417 1947 476; x_wconf 67' lang='grc' dir='ltr'>ν.</span> <span class='ocrx_word' id='word_1_6' title='bbox 1995 420 2230 479; x_wconf 77' lang='lat' dir='ltr'><strong>TOMUS</strong></span> <span class='ocrx_word' id='word_1_7' title='bbox 2271 425 2330 480; x_wconf 71' lang='grc' dir='ltr'><strong>γ.</strong></span> 
     </span>
    </p>
   </div>
   <div class='ocr_carea' id='block_1_3' title="bbox 3327 413 3456 484">
    <p class='ocr_par' dir='ltr' id='par_1_3' title="bbox 3327 413 3456 484">
     <span class='ocr_line' id='line_1_3' title="bbox 3327 413 3456 484; baseline -0.008 -3"><span class='ocrx_word' id='word_1_8' title='bbox 3327 413 3456 484; x_wconf 71' lang='lat' dir='ltr'><strong>135&#39;s</strong></span> 
     </span>
    </p>
   </div>
   <div class='ocr_carea' id='block_1_4' title="bbox 193 533 1781 612">
    <p class='ocr_par' dir='ltr' id='par_1_4' title="bbox 193 533 1778 604">
     <span class='ocr_line' id='line_1_4' title="bbox 193 533 1778 604; baseline 0.002 -19"><span class='ocrx_word' id='word_1_9' title='bbox 193 534 488 603; x_wconf 84' lang='grc' dir='ltr'>πρόσωπον</span> <span class='ocrx_word' id='word_1_10' title='bbox 529 551 746 587; x_wconf 85' lang='grc' dir='ltr'>παντων</span> <span class='ocrx_word' id='word_1_11' title='bbox 786 535 893 588; x_wconf 85' lang='grc' dir='ltr'>τῶν</span> <span class='ocrx_word' id='word_1_12' title='bbox 939 535 1108 597; x_wconf 82' lang='grc' dir='ltr'>λαῶν,</span> <span class='ocrx_word' id='word_1_13' title='bbox 1149 533 1268 600; x_wconf 74' lang='grc' dir='ltr'>φῶς</span> <span class='ocrx_word' id='word_1_14' title='bbox 1316 535 1395 598; x_wconf 86' lang='grc' dir='ltr'>είς</span> <span class='ocrx_word' id='word_1_15' title='bbox 1437 535 1778 604; x_wconf 60' lang='grc' dir='ltr'>ἀποκάλυψιν</span> 
     </span>
    </p>
   </div>
   <div class='ocr_carea' id='block_1_5' title="bbox 1883 533 3454 612">
    <p class='ocr_par' dir='ltr' id='par_1_5' title="bbox 1883 540 3454 612">
     <span class='ocr_line' id='line_1_5' title="bbox 1883 540 3454 612; baseline 0.005 -22"><span class='ocrx_word' id='word_1_16' title='bbox 1883 541 2270 596; x_wconf 81' lang='lat' dir='ltr'><strong>annuntiantes</strong></span> <span class='ocrx_word' id='word_1_17' title='bbox 2295 540 2665 612; x_wconf 78' lang='lat' dir='ltr'><strong>Evangelium.</strong></span> <span class='ocrx_word' id='word_1_18' title='bbox 2718 563 2736 594; x_wconf 86' lang='grc' dir='ltr'>ι</span> <span class='ocrx_word' id='word_1_19' title='bbox 2792 543 2922 597; x_wconf 89' lang='lat' dir='ltr'><strong>Data</strong></span> <span class='ocrx_word' id='word_1_20' title='bbox 2957 552 3038 598; x_wconf 88' lang='lat' dir='ltr'>est</span> <span class='ocrx_word' id='word_1_21' title='bbox 3059 540 3164 597; x_wconf 89' lang='lat' dir='ltr'><strong>illis</strong></span> <span class='ocrx_word' id='word_1_22' title='bbox 3195 556 3290 611; x_wconf 82' lang='lat' dir='ltr'>pro</span> <span class='ocrx_word' id='word_1_23' title='bbox 3312 541 3454 598; x_wconf 89' lang='lat' dir='ltr'><strong>luctu</strong></span> 
     </span>
    </p>
   </div>
   <div class='ocr_carea' id='block_1_6' title="bbox 191 623 1778 697">
    <p class='ocr_par' dir='ltr' id='par_1_6' title="bbox 191 623 1778 697">
     <span class='ocr_line' id='line_1_6' title="bbox 191 623 1778 697; baseline 0.001 -21"><span class='ocrx_word' id='word_1_24' title='bbox 191 623 390 687; x_wconf 71' lang='grc' dir='ltr'>ζίθνῶν,</span> <span class='ocrx_word' id='word_1_25' title='bbox 416 625 511 678; x_wconf 69' lang='grc' dir='ltr'>καὶ</span> <span class='ocrx_word' id='word_1_26' title='bbox 539 625 696 690; x_wconf 76' lang='grc' dir='ltr'>δόξαν</span> <span class='ocrx_word' id='word_1_27' title='bbox 750 626 880 680; x_wconf 83' lang='grc' dir='ltr'>λαοῦ</span> <span class='ocrx_word' id='word_1_28' title='bbox 925 644 1017 680; x_wconf 89' lang='grc' dir='ltr'>σου</span> <span class='ocrx_word' id='word_1_29' title='bbox 1055 625 1297 697; x_wconf 77' lang='grc' dir='ltr'>Ἰσραήλ.</span> <span class='ocrx_word' id='word_1_30' title='bbox 1328 647 1345 678; x_wconf 72' lang='grc' dir='ltr'>ι</span> <span class='ocrx_word' id='word_1_31' title='bbox 1380 626 1698 697; x_wconf 83' lang='grc' dir='ltr'>Εὑρήσομεν</span> <span class='ocrx_word' id='word_1_32' title='bbox 1723 626 1778 678; x_wconf 79' lang='grc' dir='ltr'>δὲ</span> 
     </span>
    </p>
   </div>
   <div class='ocr_carea' id='block_1_7' title="bbox 190 715 1779 788">
    <p class='ocr_par' dir='ltr' id='par_1_7' title="bbox 190 715 1779 788">
     <span class='ocr_line' id='line_1_7' title="bbox 190 715 1779 788; baseline 0.001 -21"><span class='ocrx_word' id='word_1_33' title='bbox 190 715 289 768; x_wconf 71' lang='grc' dir='ltr'>καὶ</span> <span class='ocrx_word' id='word_1_34' title='bbox 315 715 404 768; x_wconf 64' lang='grc' dir='ltr'>τὸν</span> <span class='ocrx_word' id='word_1_35' title='bbox 431 715 718 769; x_wconf 85' lang='grc' dir='ltr'>θεσπέσιον</span> <span class='ocrx_word' id='word_1_36' title='bbox 751 719 1022 788; x_wconf 86' lang='grc' dir='ltr'>Ζαχαρίαν</span> <span class='ocrx_word' id='word_1_37' title='bbox 1054 719 1146 771; x_wconf 74' lang='grc' dir='ltr'>τὸν</span> <span class='ocrx_word' id='word_1_38' title='bbox 1191 719 1433 771; x_wconf 77' lang='grc' dir='ltr'>Ἰωάννου</span> <span class='ocrx_word' id='word_1_39' title='bbox 1460 718 1672 788; x_wconf 77' lang='grc' dir='ltr'>πατέρα</span> <span class='ocrx_word' id='word_1_40' title='bbox 1690 717 1779 769; x_wconf 86' lang='grc' dir='ltr'>λέ-</span> 
     </span>
    </p>
   </div>
   <div class='ocr_carea' id='block_1_8' title="bbox 189 808 1780 883">
    <p class='ocr_par' dir='ltr' id='par_1_8' title="bbox 189 808 1780 883">
     <span class='ocr_line' id='line_1_8' title="bbox 189 808 1780 883; baseline 0.001 -22"><span class='ocrx_word' id='word_1_41' title='bbox 189 825 380 877; x_wconf 82' lang='grc' dir='ltr'>γοντα·</span> <span class='ocrx_word' id='word_1_42' title='bbox 425 828 442 859; x_wconf 84' lang='grc' dir='ltr'>ι</span> <span class='ocrx_word' id='word_1_43' title='bbox 465 808 772 879; x_wconf 75' lang='grc' dir='ltr'>Εὐλογητὸς</span> <span class='ocrx_word' id='word_1_44' title='bbox 805 809 1008 881; x_wconf 81' lang='grc' dir='ltr'>Κύριος</span> <span class='ocrx_word' id='word_1_45' title='bbox 1057 813 1086 864; x_wconf 98' lang='lat'>6</span> <span class='ocrx_word' id='word_1_46' title='bbox 1119 810 1250 873; x_wconf 80' lang='grc' dir='ltr'>Θεὸς</span> <span class='ocrx_word' id='word_1_47' title='bbox 1305 809 1398 862; x_wconf 87' lang='grc' dir='ltr'>τοῦ</span> <span class='ocrx_word' id='word_1_48' title='bbox 1436 808 1672 883; x_wconf 74' lang='grc' dir='ltr'>Ἰσραὴλ,</span> <span class='ocrx_word' id='word_1_49' title='bbox 1698 811 1780 863; x_wconf 85' lang='grc' dir='ltr'>ὃτι</span> 
     </span>
    </p>
   </div>
   <div class='ocr_carea' id='block_1_9' title="bbox 188 899 1779 973">
    <p class='ocr_par' dir='ltr' id='par_1_9' title="bbox 188 899 1779 973">
     <span class='ocr_line' id='line_1_9' title="bbox 188 899 1779 973; baseline 0.003 -23"><span class='ocrx_word' id='word_1_50' title='bbox 188 899 553 969; x_wconf 69' lang='grc' dir='ltr'>ἐπισκέψατο,</span> <span class='ocrx_word' id='word_1_51' title='bbox 595 901 690 951; x_wconf 77' lang='grc' dir='ltr'>καὶ</span> <span class='ocrx_word' id='word_1_52' title='bbox 723 901 948 971; x_wconf 78' lang='grc' dir='ltr'>ἐποίησε</span> <span class='ocrx_word' id='word_1_53' title='bbox 996 901 1266 973; x_wconf 82' lang='grc' dir='ltr'>λύτρωσιν</span> <span class='ocrx_word' id='word_1_54' title='bbox 1319 902 1398 971; x_wconf 85' lang='grc' dir='ltr'>τῷ</span> <span class='ocrx_word' id='word_1_55' title='bbox 1430 901 1545 970; x_wconf 87' lang='grc' dir='ltr'>λαῷ</span> <span class='ocrx_word' id='word_1_56' title='bbox 1582 901 1779 965; x_wconf 81' lang='grc' dir='ltr'>αὑτοῦ,</span> 
     </span>
    </p>
   </div>
   <div class='ocr_carea' id='block_1_10' title="bbox 188 991 1780 1063">
    <p class='ocr_par' dir='ltr' id='par_1_10' title="bbox 188 991 1780 1063">
     <span class='ocr_line' id='line_1_10' title="bbox 188 991 1780 1063; baseline 0.001 -19"><span class='ocrx_word' id='word_1_57' title='bbox 188 992 288 1045; x_wconf 78' lang='grc' dir='ltr'>καὶ</span> <span class='ocrx_word' id='word_1_58' title='bbox 314 991 504 1062; x_wconf 74' lang='grc' dir='ltr'>ἤγειρε</span> <span class='ocrx_word' id='word_1_59' title='bbox 533 991 703 1060; x_wconf 85' lang='grc' dir='ltr'>κέρας</span> <span class='ocrx_word' id='word_1_60' title='bbox 735 993 1007 1063; x_wconf 84' lang='grc' dir='ltr'>σωτηρίας</span> <span class='ocrx_word' id='word_1_61' title='bbox 1046 993 1198 1063; x_wconf 77' lang='grc' dir='ltr'>ἡμῖν.</span> <span class='ocrx_word' id='word_1_62' title='bbox 1230 1011 1248 1044; x_wconf 79' lang='grc' dir='ltr'>ι</span> <span class='ocrx_word' id='word_1_63' title='bbox 1294 991 1692 1060; x_wconf 81' lang='grc' dir='ltr'>Εύηγγελίζετο</span> <span class='ocrx_word' id='word_1_64' title='bbox 1724 992 1780 1045; x_wconf 80' lang='grc' dir='ltr'>δὲ</span> 
     </span>
    </p>
   </div>
   <div class='ocr_carea' id='block_1_11' title="bbox 189 1081 1779 1154">
    <p class='ocr_par' dir='ltr' id='par_1_11' title="bbox 189 1081 1779 1154">
     <span class='ocr_line' id='line_1_11' title="bbox 189 1081 1779 1154; baseline -0.001 -16"><span class='ocrx_word' id='word_1_65' title='bbox 189 1087 288 1138; x_wconf 74' lang='grc' dir='ltr'>καὶ</span> <span class='ocrx_word' id='word_1_66' title='bbox 301 1085 564 1146; x_wconf 81' lang='grc' dir='ltr'>Φίλιππος</span> <span class='ocrx_word' id='word_1_67' title='bbox 581 1082 656 1153; x_wconf 86' lang='grc' dir='ltr'>τῷ</span> <span class='ocrx_word' id='word_1_68' title='bbox 675 1081 965 1153; x_wconf 76' lang='grc' dir='ltr'>’Ναθαναὴλ</span> <span class='ocrx_word' id='word_1_69' title='bbox 983 1082 1126 1135; x_wconf 77' lang='grc' dir='ltr'>οὕτω</span> <span class='ocrx_word' id='word_1_70' title='bbox 1144 1082 1339 1150; x_wconf 78' lang='grc' dir='ltr'>λέγων’</span> <span class='ocrx_word' id='word_1_71' title='bbox 1383 1100 1401 1132; x_wconf 82' lang='grc' dir='ltr'>ι</span> <span class='ocrx_word' id='word_1_72' title='bbox 1433 1084 1530 1134; x_wconf 88' lang='grc' dir='ltr'>Ὃν</span> <span class='ocrx_word' id='word_1_73' title='bbox 1574 1081 1779 1154; x_wconf 64' lang='grc' dir='ltr'>ἔγραψε</span> 
     </span>
    </p>
   </div>
   <div class='ocr_carea' id='block_1_12' title="bbox 189 1173 1776 1246">
    <p class='ocr_par' dir='ltr' id='par_1_12' title="bbox 189 1173 1776 1246">
     <span class='ocr_line' id='line_1_12' title="bbox 189 1173 1776 1246; baseline -0.002 -17"><span class='ocrx_word' id='word_1_74' title='bbox 189 1176 403 1246; x_wconf 76' lang='grc' dir='ltr'>Μωσῆς</span> <span class='ocrx_word' id='word_1_75' title='bbox 437 1176 494 1227; x_wconf 81' lang='grc' dir='ltr'>ὲν</span> <span class='ocrx_word' id='word_1_76' title='bbox 526 1173 605 1246; x_wconf 82' lang='grc' dir='ltr'>τῷ</span> <span class='ocrx_word' id='word_1_77' title='bbox 640 1173 812 1246; x_wconf 78' lang='grc' dir='ltr'>νόμῳ,</span> <span class='ocrx_word' id='word_1_78' title='bbox 837 1177 930 1228; x_wconf 75' lang='grc' dir='ltr'>καὶ</span> <span class='ocrx_word' id='word_1_79' title='bbox 955 1175 1002 1228; x_wconf 85' lang='grc' dir='ltr'>οἱ</span> <span class='ocrx_word' id='word_1_80' title='bbox 1027 1175 1329 1246; x_wconf 83' lang='grc' dir='ltr'>προφῆται,</span> <span class='ocrx_word' id='word_1_81' title='bbox 1378 1173 1626 1245; x_wconf 81' lang='grc' dir='ltr'>ηῦραμεν</span> <span class='ocrx_word' id='word_1_82' title='bbox 1678 1174 1776 1246; x_wconf 78' lang='grc' dir='ltr'>Ἰη-</span> 
     </span>
    </p>
   </div>
   <div class='ocr_carea' id='block_1_13' title="bbox 191 1264 1779 1339">
    <p class='ocr_par' dir='ltr' id='par_1_13' title="bbox 191 1264 1779 1339">
     <span class='ocr_line' id='line_1_13' title="bbox 191 1264 1779 1339; baseline -0.002 -17"><span class='ocrx_word' id='word_1_83' title='bbox 191 1268 325 1322; x_wconf 90' lang='grc' dir='ltr'>σοῦν</span> <span class='ocrx_word' id='word_1_84' title='bbox 354 1269 444 1321; x_wconf 69' lang='grc' dir='ltr'>τὸν</span> <span class='ocrx_word' id='word_1_85' title='bbox 465 1269 580 1322; x_wconf 78' lang='grc' dir='ltr'>υίδν</span> <span class='ocrx_word' id='word_1_86' title='bbox 617 1268 816 1338; x_wconf 75' lang='grc' dir='ltr'>Ἰωσὴφ</span> <span class='ocrx_word' id='word_1_87' title='bbox 851 1269 942 1321; x_wconf 79' lang='grc' dir='ltr'>τὸν</span> <span class='ocrx_word' id='word_1_88' title='bbox 990 1267 1097 1320; x_wconf 81' lang='grc' dir='ltr'>ἀπὸ</span> <span class='ocrx_word' id='word_1_89' title='bbox 1125 1264 1400 1339; x_wconf 75' lang='grc' dir='ltr'>Ναξάρετ.</span> <span class='ocrx_word' id='word_1_90' title='bbox 1443 1286 1460 1317; x_wconf 77' lang='grc' dir='ltr'>ι</span> <span class='ocrx_word' id='word_1_91' title='bbox 1487 1266 1692 1336; x_wconf 78' lang='grc' dir='ltr'>Γράφει</span> <span class='ocrx_word' id='word_1_92' title='bbox 1723 1267 1779 1319; x_wconf 86' lang='grc' dir='ltr'>δέ</span> 
     </span>
    </p>
   </div>
   <div class='ocr_carea' id='block_1_14' title="bbox 190 1358 1781 1437">
    <p class='ocr_par' dir='ltr' id='par_1_14' title="bbox 190 1358 1781 1429">
     <span class='ocr_line' id='line_1_14' title="bbox 190 1358 1781 1429; baseline -0.001 -16"><span class='ocrx_word' id='word_1_93' title='bbox 190 1378 296 1413; x_wconf 84' lang='grc' dir='ltr'>που</span> <span class='ocrx_word' id='word_1_94' title='bbox 316 1361 409 1413; x_wconf 68' lang='grc' dir='ltr'>καὶ</span> <span class='ocrx_word' id='word_1_95' title='bbox 431 1362 460 1413; x_wconf 89' lang='lat'>6</span> <span class='ocrx_word' id='word_1_96' title='bbox 478 1359 751 1429; x_wconf 82' lang='grc' dir='ltr'>πάνσοφος</span> <span class='ocrx_word' id='word_1_97' title='bbox 773 1358 1004 1422; x_wconf 81' lang='grc' dir='ltr'>Παῦλος,</span> <span class='ocrx_word' id='word_1_98' title='bbox 1043 1359 1123 1412; x_wconf 84' lang='grc' dir='ltr'>ὃτι</span> <span class='ocrx_word' id='word_1_99' title='bbox 1152 1377 1170 1410; x_wconf 82' lang='grc' dir='ltr'>ι</span> <span class='ocrx_word' id='word_1_100' title='bbox 1208 1359 1365 1429; x_wconf 88' lang='grc' dir='ltr'>Λύπη</span> <span class='ocrx_word' id='word_1_101' title='bbox 1401 1359 1491 1429; x_wconf 85' lang='grc' dir='ltr'>μοί</span> <span class='ocrx_word' id='word_1_102' title='bbox 1520 1362 1632 1412; x_wconf 78' lang='grc' dir='ltr'>ἐστι</span> <span class='ocrx_word' id='word_1_103' title='bbox 1687 1361 1781 1412; x_wconf 74' lang='grc' dir='ltr'>καὶ</span> 
     </span>
    </p>
   </div>
   <div class='ocr_carea' id='block_1_15' title="bbox 188 1450 1778 1522">
    <p class='ocr_par' dir='ltr' id='par_1_15' title="bbox 188 1450 1778 1522">
     <span class='ocr_line' id='line_1_15' title="bbox 188 1450 1778 1522; baseline -0.003 -15"><span class='ocrx_word' id='word_1_104' title='bbox 188 1453 536 1514; x_wconf 74' lang='grc' dir='ltr'>ἀδιάλειπτος</span> <span class='ocrx_word' id='word_1_105' title='bbox 569 1451 727 1522; x_wconf 85' lang='grc' dir='ltr'>ὀδύνη</span> <span class='ocrx_word' id='word_1_106' title='bbox 753 1454 818 1522; x_wconf 77' lang='grc' dir='ltr'>τῇ</span> <span class='ocrx_word' id='word_1_107' title='bbox 849 1451 1066 1522; x_wconf 78' lang='grc' dir='ltr'>καρδίᾳ,</span> <span class='ocrx_word' id='word_1_108' title='bbox 1099 1451 1238 1522; x_wconf 81' lang='grc' dir='ltr'>ὑπὲρ</span> <span class='ocrx_word' id='word_1_109' title='bbox 1267 1450 1373 1503; x_wconf 87' lang='grc' dir='ltr'>τῶν</span> <span class='ocrx_word' id='word_1_110' title='bbox 1403 1450 1646 1518; x_wconf 69' lang='grc' dir='ltr'>ἀδελφῶν</span> <span class='ocrx_word' id='word_1_111' title='bbox 1677 1468 1778 1521; x_wconf 88' lang='grc' dir='ltr'>μου</span> 
     </span>
    </p>
   </div>
   <div class='ocr_carea' id='block_1_16' title="bbox 186 1542 1778 1615">
    <p class='ocr_par' dir='ltr' id='par_1_16' title="bbox 186 1542 1778 1615">
     <span class='ocr_line' id='line_1_16' title="bbox 186 1542 1778 1615; baseline 0 -19"><span class='ocrx_word' id='word_1_112' title='bbox 186 1544 302 1597; x_wconf 87' lang='grc' dir='ltr'>τῶν</span> <span class='ocrx_word' id='word_1_113' title='bbox 335 1543 609 1613; x_wconf 80' lang='grc' dir='ltr'>συγγενῶν</span> <span class='ocrx_word' id='word_1_114' title='bbox 645 1561 746 1615; x_wconf 82' lang='grc' dir='ltr'>μου</span> <span class='ocrx_word' id='word_1_115' title='bbox 770 1543 911 1596; x_wconf 73' lang='grc' dir='ltr'>κατὰ</span> <span class='ocrx_word' id='word_1_116' title='bbox 932 1543 1131 1615; x_wconf 86' lang='grc' dir='ltr'>σάρκα.</span> <span class='ocrx_word' id='word_1_117' title='bbox 1168 1563 1186 1595; x_wconf 72' lang='grc' dir='ltr'>ι</span> <span class='ocrx_word' id='word_1_118' title='bbox 1208 1572 1278 1583; x_wconf 90' lang='lat'><strong>—</strong></span> <span class='ocrx_word' id='word_1_119' title='bbox 1306 1563 1324 1594; x_wconf 80' lang='grc' dir='ltr'>ι</span> <span class='ocrx_word' id='word_1_120' title='bbox 1355 1543 1573 1596; x_wconf 76' lang='grc' dir='ltr'>Δέδοται</span> <span class='ocrx_word' id='word_1_121' title='bbox 1599 1542 1778 1596; x_wconf 81' lang='grc' dir='ltr'>τοίνυν</span> 
     </span>
    </p>
   </div>
   <div class='ocr_carea' id='block_1_17' title="bbox 187 1631 1779 1704">
    <p class='ocr_par' dir='ltr' id='par_1_17' title="bbox 187 1631 1779 1704">
     <span class='ocr_line' id='line_1_17' title="bbox 187 1631 1779 1704; baseline 0 -18"><span class='ocrx_word' id='word_1_122' title='bbox 187 1636 308 1697; x_wconf 85' lang='grc' dir='ltr'>τοῖς</span> <span class='ocrx_word' id='word_1_123' title='bbox 346 1633 598 1687; x_wconf 86' lang='grc' dir='ltr'>πενθοῦσι</span> <span class='ocrx_word' id='word_1_124' title='bbox 613 1633 749 1686; x_wconf 88' lang='grc' dir='ltr'>Σιὼν</span> <span class='ocrx_word' id='word_1_125' title='bbox 771 1633 1169 1704; x_wconf 79' lang='grc' dir='ltr'>παράκλησις,ι</span> <span class='ocrx_word' id='word_1_126' title='bbox 1193 1633 1330 1702; x_wconf 79' lang='grc' dir='ltr'>ἡδιά</span> <span class='ocrx_word' id='word_1_127' title='bbox 1360 1631 1620 1703; x_wconf 75' lang='grc' dir='ltr'>Χριστοῦ,</span> <span class='ocrx_word' id='word_1_128' title='bbox 1646 1653 1662 1684; x_wconf 83' lang='grc' dir='ltr'>ι</span> <span class='ocrx_word' id='word_1_129' title='bbox 1685 1633 1779 1686; x_wconf 73' lang='grc' dir='ltr'>καὶ</span> 
     </span>
    </p>
   </div>
   <div class='ocr_carea' id='block_1_18' title="bbox 190 1722 1777 1795">
    <p class='ocr_par' dir='ltr' id='par_1_18' title="bbox 190 1722 1777 1795">
     <span class='ocr_line' id='line_1_18' title="bbox 190 1722 1777 1795; baseline -0.001 -17"><span class='ocrx_word' id='word_1_130' title='bbox 190 1726 317 1779; x_wconf 75' lang='grc' dir='ltr'>ἀντὶ</span> <span class='ocrx_word' id='word_1_131' title='bbox 341 1725 537 1778; x_wconf 88' lang='grc' dir='ltr'>σποδοῦ</span> <span class='ocrx_word' id='word_1_132' title='bbox 568 1725 714 1789; x_wconf 80' lang='grc' dir='ltr'>δόξα.</span> <span class='ocrx_word' id='word_1_133' title='bbox 749 1743 767 1776; x_wconf 74' lang='grc' dir='ltr'>ι</span> <span class='ocrx_word' id='word_1_134' title='bbox 805 1724 1122 1795; x_wconf 82' lang='grc' dir='ltr'>Κατέληξαν</span> <span class='ocrx_word' id='word_1_135' title='bbox 1152 1724 1250 1793; x_wconf 84' lang='grc' dir='ltr'>μὲν</span> <span class='ocrx_word' id='word_1_136' title='bbox 1275 1722 1493 1794; x_wconf 68' lang='grc' dir='ltr'>γὰρξτοῦ</span> <span class='ocrx_word' id='word_1_137' title='bbox 1527 1723 1744 1778; x_wconf 81' lang='grc' dir='ltr'>πενθεῖν</span> <span class='ocrx_word' id='word_1_138' title='bbox 1763 1767 1777 1789; x_wconf 93' lang='grc'>,</span> 
     </span>
    </p>
   </div>
   <div class='ocr_carea' id='block_1_19' title="bbox 190 1814 1778 1888">
    <p class='ocr_par' dir='ltr' id='par_1_19' title="bbox 190 1814 1778 1888">
     <span class='ocr_line' id='line_1_19' title="bbox 190 1814 1778 1888; baseline -0.003 -16"><span class='ocrx_word' id='word_1_139' title='bbox 190 1820 292 1872; x_wconf 84' lang='grc' dir='ltr'><strong>καί</strong></span> <span class='ocrx_word' id='word_1_140' title='bbox 320 1818 525 1872; x_wconf 79' lang='grc' dir='ltr'>κλαίειν</span> <span class='ocrx_word' id='word_1_141' title='bbox 561 1817 751 1888; x_wconf 77' lang='grc' dir='ltr'>αὐτὴν,</span> <span class='ocrx_word' id='word_1_142' title='bbox 785 1816 1029 1887; x_wconf 75' lang='grc' dir='ltr'>ἐδέχοντο</span> <span class='ocrx_word' id='word_1_143' title='bbox 1055 1815 1112 1868; x_wconf 83' lang='grc' dir='ltr'>δὲ</span> <span class='ocrx_word' id='word_1_144' title='bbox 1154 1814 1253 1888; x_wconf 79' lang='grc' dir='ltr'>τὴν</span> <span class='ocrx_word' id='word_1_145' title='bbox 1299 1815 1386 1868; x_wconf 75' lang='grc' dir='ltr'>διὰ</span> <span class='ocrx_word' id='word_1_146' title='bbox 1418 1815 1652 1888; x_wconf 75' lang='grc' dir='ltr'>Χριστοῦ</span> <span class='ocrx_word' id='word_1_147' title='bbox 1681 1817 1778 1886; x_wconf 77' lang='grc' dir='ltr'>χά-</span> 
     </span>
    </p>
   </div>
   <div class='ocr_carea' id='block_1_20' title="bbox 190 1892 1849 1985">
    <p class='ocr_par' dir='ltr' id='par_1_20' title="bbox 190 1892 1849 1985">
     <span class='ocr_line' id='line_1_20' title="bbox 190 1892 1849 1985; baseline 0.002 -23"><span class='ocrx_word' id='word_1_148' title='bbox 190 1928 304 1981; x_wconf 89' lang='grc' dir='ltr'>ριν,</span> <span class='ocrx_word' id='word_1_149' title='bbox 336 1910 810 1983; x_wconf 75' lang='grc' dir='ltr'>εύαγγελιζόμενοί</span> <span class='ocrx_word' id='word_1_150' title='bbox 833 1930 890 1966; x_wconf 86' lang='grc' dir='ltr'>τε</span> <span class='ocrx_word' id='word_1_151' title='bbox 914 1915 1008 1968; x_wconf 71' lang='grc' dir='ltr'>καὶ</span> <span class='ocrx_word' id='word_1_152' title='bbox 1056 1913 1506 1984; x_wconf 78' lang='grc' dir='ltr'>ἐπαγγέλλοντες·</span> <span class='ocrx_word' id='word_1_153' title='bbox 1536 1932 1554 1966; x_wconf 86' lang='grc' dir='ltr'>ι</span> <span class='ocrx_word' id='word_1_154' title='bbox 1588 1912 1772 1985; x_wconf 85' lang='grc' dir='ltr'>Ἐδόθη</span> <span class='ocrx_word' id='word_1_155' title='bbox 1809 1892 1849 1947; x_wconf 75' lang='grc' dir='ltr'><strong>Β</strong></span> 
     </span>
    </p>
   </div>
   <div class='ocr_carea' id='block_1_21' title="bbox 188 2003 1776 2077">
    <p class='ocr_par' dir='ltr' id='par_1_21' title="bbox 188 2003 1776 2077">
     <span class='ocr_line' id='line_1_21' title="bbox 188 2003 1776 2077; baseline 0.001 -21"><span class='ocrx_word' id='word_1_156' title='bbox 188 2003 250 2056; x_wconf 79' lang='grc' dir='ltr'>δὲ</span> <span class='ocrx_word' id='word_1_157' title='bbox 301 2004 480 2068; x_wconf 78' lang='grc' dir='ltr'>αὐτοῖς</span> <span class='ocrx_word' id='word_1_158' title='bbox 531 2003 774 2075; x_wconf 81' lang='grc' dir='ltr'>ἄλειμμα</span> <span class='ocrx_word' id='word_1_159' title='bbox 821 2005 1158 2077; x_wconf 73' lang='grc' dir='ltr'>εὐφροσύνης</span> <span class='ocrx_word' id='word_1_160' title='bbox 1195 2005 1315 2058; x_wconf 72' lang='grc' dir='ltr'>ἀντὶ</span> <span class='ocrx_word' id='word_1_161' title='bbox 1365 2005 1630 2068; x_wconf 83' lang='grc' dir='ltr'>πένθους,</span> <span class='ocrx_word' id='word_1_162' title='bbox 1682 2006 1776 2058; x_wconf 79' lang='grc' dir='ltr'>καὶ</span> 
     </span>
    </p>
   </div>
   <div class='ocr_carea' id='block_1_22' title="bbox 192 2092 1785 2164">
    <p class='ocr_par' dir='ltr' id='par_1_22' title="bbox 192 2092 1785 2164">
     <span class='ocr_line' id='line_1_22' title="bbox 192 2092 1785 2164; baseline -0.001 -18"><span class='ocrx_word' id='word_1_163' title='bbox 192 2093 500 2164; x_wconf 79' lang='grc' dir='ltr'>καταστολὴ</span> <span class='ocrx_word' id='word_1_164' title='bbox 534 2093 711 2163; x_wconf 81' lang='grc' dir='ltr'>δόξης,</span> <span class='ocrx_word' id='word_1_165' title='bbox 744 2093 864 2147; x_wconf 73' lang='grc' dir='ltr'>ἀντὶ</span> <span class='ocrx_word' id='word_1_166' title='bbox 892 2092 1202 2164; x_wconf 84' lang='grc' dir='ltr'>πνεύματος</span> <span class='ocrx_word' id='word_1_167' title='bbox 1231 2093 1485 2163; x_wconf 84' lang='grc' dir='ltr'>ἀκηδίας.</span> <span class='ocrx_word' id='word_1_168' title='bbox 1517 2113 1534 2144; x_wconf 75' lang='grc' dir='ltr'>ι</span> <span class='ocrx_word' id='word_1_169' title='bbox 1560 2093 1785 2163; x_wconf 77' lang='grc' dir='ltr'>Ἀλειμ-</span> 
     </span>
    </p>
   </div>
   <div class='ocr_carea' id='block_1_23' title="bbox 195 2181 1780 2256">
    <p class='ocr_par' dir='ltr' id='par_1_23' title="bbox 195 2181 1780 2256">
     <span class='ocr_line' id='line_1_23' title="bbox 195 2181 1780 2256; baseline 0.001 -23"><span class='ocrx_word' id='word_1_170' title='bbox 195 2199 276 2251; x_wconf 87' lang='grc' dir='ltr'>μα</span> <span class='ocrx_word' id='word_1_171' title='bbox 305 2182 361 2234; x_wconf 87' lang='grc' dir='ltr'>δέ</span> <span class='ocrx_word' id='word_1_172' title='bbox 383 2199 552 2252; x_wconf 72' lang='grc' dir='ltr'>φησιν</span> <span class='ocrx_word' id='word_1_173' title='bbox 573 2184 632 2235; x_wconf 84' lang='grc' dir='ltr'>ἐν</span> <span class='ocrx_word' id='word_1_174' title='bbox 653 2181 862 2246; x_wconf 75' lang='grc' dir='ltr'>τούτοις</span> <span class='ocrx_word' id='word_1_175' title='bbox 891 2183 952 2236; x_wconf 80' lang='grc' dir='ltr'>τὸ</span> <span class='ocrx_word' id='word_1_176' title='bbox 976 2182 1179 2253; x_wconf 80' lang='grc' dir='ltr'>ἱλαρὸν,</span> <span class='ocrx_word' id='word_1_177' title='bbox 1203 2185 1318 2254; x_wconf 70' lang='grc' dir='ltr'>ἢτοι</span> <span class='ocrx_word' id='word_1_178' title='bbox 1339 2184 1440 2256; x_wconf 80' lang='grc' dir='ltr'>τὴν</span> <span class='ocrx_word' id='word_1_179' title='bbox 1472 2183 1780 2253; x_wconf 82' lang='grc' dir='ltr'>ἱλαρότητα,</span> 
     </span>
    </p>
   </div>
   <div class='ocr_carea' id='block_1_24' title="bbox 191 2273 1776 2345">
    <p class='ocr_par' dir='ltr' id='par_1_24' title="bbox 191 2273 1776 2345">
     <span class='ocr_line' id='line_1_24' title="bbox 191 2273 1776 2345; baseline 0 -19"><span class='ocrx_word' id='word_1_180' title='bbox 191 2276 292 2327; x_wconf 77' lang='grc' dir='ltr'>καὶ</span> <span class='ocrx_word' id='word_1_181' title='bbox 322 2275 419 2344; x_wconf 73' lang='grc' dir='ltr'>τὴν</span> <span class='ocrx_word' id='word_1_182' title='bbox 448 2273 812 2345; x_wconf 69' lang='grc' dir='ltr'>εὐφροσύνην,</span> <span class='ocrx_word' id='word_1_183' title='bbox 847 2275 970 2328; x_wconf 71' lang='grc' dir='ltr'>ἀντὶ</span> <span class='ocrx_word' id='word_1_184' title='bbox 1011 2273 1105 2328; x_wconf 85' lang='grc' dir='ltr'>τοῦ</span> <span class='ocrx_word' id='word_1_185' title='bbox 1137 2274 1377 2338; x_wconf 83' lang='grc' dir='ltr'>πενθεῖν,</span> <span class='ocrx_word' id='word_1_186' title='bbox 1405 2277 1499 2328; x_wconf 71' lang='grc' dir='ltr'>καὶ</span> <span class='ocrx_word' id='word_1_187' title='bbox 1534 2273 1740 2328; x_wconf 76' lang='grc' dir='ltr'>κλαίειν</span> <span class='ocrx_word' id='word_1_188' title='bbox 1761 2313 1776 2336; x_wconf 87' lang='grc'>,</span> 
     </span>
    </p>
   </div>
   <div class='ocr_carea' id='block_1_25' title="bbox 190 2365 1780 2438">
    <p class='ocr_par' dir='ltr' id='par_1_25' title="bbox 190 2365 1780 2438">
     <span class='ocr_line' id='line_1_25' title="bbox 190 2365 1780 2438; baseline -0.002 -19"><span class='ocrx_word' id='word_1_189' title='bbox 190 2367 288 2419; x_wconf 69' lang='grc' dir='ltr'>καὶ</span> <span class='ocrx_word' id='word_1_190' title='bbox 319 2365 475 2438; x_wconf 81' lang='grc' dir='ltr'>δόξης</span> <span class='ocrx_word' id='word_1_191' title='bbox 503 2365 860 2436; x_wconf 79' lang='grc' dir='ltr'>καταστολὴν,</span> <span class='ocrx_word' id='word_1_192' title='bbox 907 2367 1174 2431; x_wconf 79' lang='grc' dir='ltr'>τουτέστι,</span> <span class='ocrx_word' id='word_1_193' title='bbox 1232 2365 1546 2437; x_wconf 79' lang='grc' dir='ltr'>περίὸλημα</span> <span class='ocrx_word' id='word_1_194' title='bbox 1568 2407 1581 2429; x_wconf 97' lang='grc'>,</span> <span class='ocrx_word' id='word_1_195' title='bbox 1611 2365 1780 2436; x_wconf 66' lang='grc' dir='ltr'>ἤγουν</span> 
     </span>
    </p>
   </div>
   <div class='ocr_carea' id='block_1_26' title="bbox 1887 631 3460 704">
    <p class='ocr_par' dir='ltr' id='par_1_26' title="bbox 1887 631 3460 704">
     <span class='ocr_line' id='line_1_26' title="bbox 1887 631 3460 704; baseline 0.003 -21"><span class='ocrx_word' id='word_1_196' title='bbox 1887 631 2070 684; x_wconf 97' lang='lat' dir='ltr'><strong>unctio</strong></span> <span class='ocrx_word' id='word_1_197' title='bbox 2099 631 2316 698; x_wconf 56' lang='lat' dir='ltr'><strong>lmtitiar,</strong></span> <span class='ocrx_word' id='word_1_198' title='bbox 2351 642 2404 686; x_wconf 86' lang='lat' dir='ltr'>et</span> <span class='ocrx_word' id='word_1_199' title='bbox 2448 637 2679 690; x_wconf 89' lang='lat' dir='ltr'><strong>amictus</strong></span> <span class='ocrx_word' id='word_1_200' title='bbox 2719 633 2903 704; x_wconf 76' lang='lat' dir='ltr'><strong>gloria:</strong></span> <span class='ocrx_word' id='word_1_201' title='bbox 2949 648 3046 703; x_wconf 90' lang='lat' dir='ltr'>pro</span> <span class='ocrx_word' id='word_1_202' title='bbox 3089 633 3281 702; x_wconf 84' lang='lat' dir='ltr'><strong>spiritu</strong></span> <span class='ocrx_word' id='word_1_203' title='bbox 3327 649 3460 688; x_wconf 64' lang='lat' dir='ltr'><strong>mue-</strong></span> 
     </span>
    </p>
   </div>
   <div class='ocr_carea' id='block_1_27' title="bbox 1885 721 3460 792">
    <p class='ocr_par' dir='ltr' id='par_1_27' title="bbox 1885 721 3460 792">
     <span class='ocr_line' id='line_1_27' title="bbox 1885 721 3460 792; baseline 0.003 -18"><span class='ocrx_word' id='word_1_204' title='bbox 1885 722 2048 776; x_wconf 89' lang='lat' dir='ltr'><strong>roris.</strong></span> <span class='ocrx_word' id='word_1_205' title='bbox 2091 740 2111 774; x_wconf 73' lang='grc' dir='ltr'>ι</span> <span class='ocrx_word' id='word_1_206' title='bbox 2152 721 2468 778; x_wconf 79' lang='lat' dir='ltr'><strong>Unctionem</strong></span> <span class='ocrx_word' id='word_1_207' title='bbox 2505 735 2682 782; x_wconf 89' lang='lat' dir='ltr'><strong>autem</strong></span> <span class='ocrx_word' id='word_1_208' title='bbox 2729 727 2814 780; x_wconf 88' lang='lat' dir='ltr'>hic</span> <span class='ocrx_word' id='word_1_209' title='bbox 2857 734 3034 790; x_wconf 78' lang='lat' dir='ltr'><strong>vocat,</strong></span> <span class='ocrx_word' id='word_1_210' title='bbox 3089 725 3232 792; x_wconf 85' lang='lat' dir='ltr'><strong>quod</strong></span> <span class='ocrx_word' id='word_1_211' title='bbox 3291 724 3460 779; x_wconf 80' lang='lat' dir='ltr'>hilare</span> 
     </span>
    </p>
   </div>
   <div class='ocr_carea' id='block_1_28' title="bbox 1885 811 3455 887">
    <p class='ocr_par' dir='ltr' id='par_1_28' title="bbox 1885 811 3455 887">
     <span class='ocr_line' id='line_1_28' title="bbox 1885 811 3455 887; baseline 0.004 -24"><span class='ocrx_word' id='word_1_212' title='bbox 1885 822 1990 877; x_wconf 83' lang='lat' dir='ltr'><strong>est,</strong></span> <span class='ocrx_word' id='word_1_213' title='bbox 2031 826 2124 866; x_wconf 90' lang='lat' dir='ltr'>seu</span> <span class='ocrx_word' id='word_1_214' title='bbox 2150 811 2476 869; x_wconf 74' lang='lat' dir='ltr'>hilaritatem</span> <span class='ocrx_word' id='word_1_215' title='bbox 2511 827 2567 872; x_wconf 89' lang='lat' dir='ltr'>et</span> <span class='ocrx_word' id='word_1_216' title='bbox 2596 817 2833 871; x_wconf 56' lang='lat' dir='ltr'><strong>laetitiam</strong></span> <span class='ocrx_word' id='word_1_217' title='bbox 2875 832 2970 887; x_wconf 91' lang='lat' dir='ltr'>pro</span> <span class='ocrx_word' id='word_1_218' title='bbox 3005 816 3146 871; x_wconf 83' lang='lat' dir='ltr'><strong>luctu</strong></span> <span class='ocrx_word' id='word_1_219' title='bbox 3193 826 3247 871; x_wconf 88' lang='lat' dir='ltr'>et</span> <span class='ocrx_word' id='word_1_220' title='bbox 3282 814 3405 870; x_wconf 83' lang='lat' dir='ltr'><strong>ﬂetu</strong></span> <span class='ocrx_word' id='word_1_221' title='bbox 3441 833 3455 870; x_wconf 91' lang='lat'><strong>:</strong></span> 
     </span>
    </p>
   </div>
   <div class='ocr_carea' id='block_1_29' title="bbox 1884 904 3458 977">
    <p class='ocr_par' dir='ltr' id='par_1_29' title="bbox 1884 904 3458 977">
     <span class='ocr_line' id='line_1_29' title="bbox 1884 904 3458 977; baseline 0.003 -19"><span class='ocrx_word' id='word_1_222' title='bbox 1884 912 1937 958; x_wconf 85' lang='lat' dir='ltr'>et</span> <span class='ocrx_word' id='word_1_223' title='bbox 1963 904 2318 977; x_wconf 77' lang='grc' dir='ltr'>καταστολὴν,</span> <span class='ocrx_word' id='word_1_224' title='bbox 2349 908 2400 960; x_wconf 92' lang='lat' dir='ltr'>id</span> <span class='ocrx_word' id='word_1_225' title='bbox 2433 918 2535 972; x_wconf 88' lang='lat' dir='ltr'><strong>est,</strong></span> <span class='ocrx_word' id='word_1_226' title='bbox 2563 909 2840 973; x_wconf 84' lang='lat' dir='ltr'><strong>amictum,</strong></span> <span class='ocrx_word' id='word_1_227' title='bbox 2876 910 2988 963; x_wconf 88' lang='lat' dir='ltr'><strong>sive</strong></span> <span class='ocrx_word' id='word_1_228' title='bbox 3014 910 3228 975; x_wconf 80' lang='lat' dir='ltr'>stolam,</span> <span class='ocrx_word' id='word_1_229' title='bbox 3271 917 3326 962; x_wconf 88' lang='lat' dir='ltr'>et</span> <span class='ocrx_word' id='word_1_230' title='bbox 3365 923 3458 962; x_wconf 85' lang='lat' dir='ltr'><strong>ve-</strong></span> 
     </span>
    </p>
   </div>
   <div class='ocr_carea' id='block_1_30' title="bbox 1884 994 3456 1072">
    <p class='ocr_par' dir='ltr' id='par_1_30' title="bbox 1884 994 3456 1072">
     <span class='ocr_line' id='line_1_30' title="bbox 1884 994 3456 1072; baseline 0.002 -24"><span class='ocrx_word' id='word_1_231' title='bbox 1884 994 2195 1050; x_wconf 88' lang='lat' dir='ltr'><strong>stimentum</strong></span> <span class='ocrx_word' id='word_1_232' title='bbox 2230 1012 2328 1066; x_wconf 91' lang='lat' dir='ltr'>pro</span> <span class='ocrx_word' id='word_1_233' title='bbox 2371 999 2563 1067; x_wconf 80' lang='lat' dir='ltr'><strong>Spiritu</strong></span> <span class='ocrx_word' id='word_1_234' title='bbox 2601 999 2849 1072; x_wconf 80' lang='grc' dir='ltr'>ἁκηδίας,</span> <span class='ocrx_word' id='word_1_235' title='bbox 2897 1001 2950 1054; x_wconf 96' lang='lat' dir='ltr'>id</span> <span class='ocrx_word' id='word_1_236' title='bbox 2998 1010 3102 1063; x_wconf 89' lang='lat' dir='ltr'><strong>est,</strong></span> <span class='ocrx_word' id='word_1_237' title='bbox 3153 1015 3250 1069; x_wconf 90' lang='lat' dir='ltr'>pro</span> <span class='ocrx_word' id='word_1_238' title='bbox 3289 999 3456 1053; x_wconf 84' lang='lat' dir='ltr'><strong>veteri</strong></span> 
     </span>
    </p>
   </div>
   <div class='ocr_carea' id='block_1_31' title="bbox 1885 1086 3459 1162">
    <p class='ocr_par' dir='ltr' id='par_1_31' title="bbox 1885 1086 3459 1162">
     <span class='ocr_line' id='line_1_31' title="bbox 1885 1086 3459 1162; baseline 0.003 -22"><span class='ocrx_word' id='word_1_239' title='bbox 1885 1086 1974 1141; x_wconf 88' lang='lat' dir='ltr'><strong>illa</strong></span> <span class='ocrx_word' id='word_1_240' title='bbox 1997 1087 2162 1142; x_wconf 87' lang='lat' dir='ltr'><strong>animi</strong></span> <span class='ocrx_word' id='word_1_241' title='bbox 2190 1088 2490 1157; x_wconf 80' lang='lat' dir='ltr'><strong>dejectione</strong></span> <span class='ocrx_word' id='word_1_242' title='bbox 2523 1099 2578 1145; x_wconf 87' lang='lat' dir='ltr'>et</span> <span class='ocrx_word' id='word_1_243' title='bbox 2607 1094 2995 1146; x_wconf 86' lang='lat' dir='ltr'><strong>contractione.</strong></span> <span class='ocrx_word' id='word_1_244' title='bbox 3027 1090 3158 1145; x_wconf 84' lang='lat' dir='ltr'><strong>Nam</strong></span> <span class='ocrx_word' id='word_1_245' title='bbox 3190 1091 3459 1162; x_wconf 77' lang='lat' dir='ltr'><strong>gloriﬁca-</strong></span> 
     </span>
    </p>
   </div>
   <div class='ocr_carea' id='block_1_32' title="bbox 1885 1176 3459 1250">
    <p class='ocr_par' dir='ltr' id='par_1_32' title="bbox 1885 1176 3459 1250">
     <span class='ocr_line' id='line_1_32' title="bbox 1885 1176 3459 1250; baseline 0.001 -20"><span class='ocrx_word' id='word_1_246' title='bbox 1885 1176 1922 1230; x_wconf 91' lang='lat' dir='ltr'>ti</span> <span class='ocrx_word' id='word_1_247' title='bbox 1949 1185 2097 1242; x_wconf 90' lang='lat' dir='ltr'><strong>sunt,</strong></span> <span class='ocrx_word' id='word_1_248' title='bbox 2127 1180 2218 1246; x_wconf 90' lang='lat' dir='ltr'>qui</span> <span class='ocrx_word' id='word_1_249' title='bbox 2259 1178 2385 1233; x_wconf 91' lang='lat' dir='ltr'><strong>olim</strong></span> <span class='ocrx_word' id='word_1_250' title='bbox 2425 1179 2776 1250; x_wconf 79' lang='lat' dir='ltr'><strong>deplorabant</strong></span> <span class='ocrx_word' id='word_1_251' title='bbox 2809 1196 2952 1244; x_wconf 86' lang='lat' dir='ltr'><strong>eam,</strong></span> <span class='ocrx_word' id='word_1_252' title='bbox 2993 1189 3048 1234; x_wconf 90' lang='lat' dir='ltr'>et</span> <span class='ocrx_word' id='word_1_253' title='bbox 3086 1181 3178 1250; x_wconf 87' lang='lat' dir='ltr'>qui</span> <span class='ocrx_word' id='word_1_254' title='bbox 3224 1195 3459 1235; x_wconf 73' lang='lat' dir='ltr'><strong>mmroro</strong></span> 
     </span>
    </p>
   </div>
   <div class='ocr_carea' id='block_1_33' title="bbox 1883 1268 3457 1340">
    <p class='ocr_par' dir='ltr' id='par_1_33' title="bbox 1883 1268 3457 1340">
     <span class='ocr_line' id='line_1_33' title="bbox 1883 1268 3457 1340; baseline 0.002 -19"><span class='ocrx_word' id='word_1_255' title='bbox 1883 1283 1982 1339; x_wconf 93' lang='lat' dir='ltr'>pro</span> <span class='ocrx_word' id='word_1_256' title='bbox 2012 1284 2074 1323; x_wconf 78' lang='lat' dir='ltr'>ea</span> <span class='ocrx_word' id='word_1_257' title='bbox 2097 1268 2489 1324; x_wconf 78' lang='lat' dir='ltr'><strong>alﬁciebantnr.</strong></span> <span class='ocrx_word' id='word_1_258' title='bbox 2507 1269 2801 1326; x_wconf 78' lang='lat' dir='ltr'><strong>Clorilicati</strong></span> <span class='ocrx_word' id='word_1_259' title='bbox 2824 1286 2954 1325; x_wconf 82' lang='lat' dir='ltr'><strong>vero</strong></span> <span class='ocrx_word' id='word_1_260' title='bbox 2976 1280 3120 1337; x_wconf 90' lang='lat' dir='ltr'><strong>sunt,</strong></span> <span class='ocrx_word' id='word_1_261' title='bbox 3153 1270 3457 1340; x_wconf 81' lang='lat' dir='ltr'><strong>quomodo?</strong></span> 
     </span>
    </p>
   </div>
   <div class='ocr_carea' id='block_1_34' title="bbox 1884 1359 3453 1430">
    <p class='ocr_par' dir='ltr' id='par_1_34' title="bbox 1884 1359 3453 1430">
     <span class='ocr_line' id='line_1_34' title="bbox 1884 1359 3453 1430; baseline 0.002 -16"><span class='ocrx_word' id='word_1_262' title='bbox 1884 1361 2018 1414; x_wconf 76' lang='lat' dir='ltr'><strong>Nam</strong></span> <span class='ocrx_word' id='word_1_263' title='bbox 2056 1359 2332 1414; x_wconf 89' lang='lat' dir='ltr'><strong>constituti</strong></span> <span class='ocrx_word' id='word_1_264' title='bbox 2373 1369 2499 1415; x_wconf 85' lang='lat' dir='ltr'><strong>sunt</strong></span> <span class='ocrx_word' id='word_1_265' title='bbox 2529 1360 2645 1429; x_wconf 88' lang='lat' dir='ltr'><strong>ejus</strong></span> <span class='ocrx_word' id='word_1_266' title='bbox 2672 1372 3034 1430; x_wconf 62' lang='lat' dir='ltr'><strong>praeceptores</strong></span> <span class='ocrx_word' id='word_1_267' title='bbox 3084 1370 3138 1415; x_wconf 88' lang='lat' dir='ltr'>et</span> <span class='ocrx_word' id='word_1_268' title='bbox 3185 1364 3453 1417; x_wconf 86' lang='lat' dir='ltr'><strong>doctores.</strong></span> 
     </span>
    </p>
   </div>
   <div class='ocr_carea' id='block_1_35' title="bbox 1881 1449 3451 1522">
    <p class='ocr_par' dir='ltr' id='par_1_35' title="bbox 1881 1449 3451 1522">
     <span class='ocr_line' id='line_1_35' title="bbox 1881 1449 3451 1522; baseline -0.001 -18"><span class='ocrx_word' id='word_1_269' title='bbox 1881 1453 2059 1517; x_wconf 86' lang='lat' dir='ltr'><strong>Atque</strong></span> <span class='ocrx_word' id='word_1_270' title='bbox 2086 1449 2188 1506; x_wconf 88' lang='lat' dir='ltr'>hoc</span> <span class='ocrx_word' id='word_1_271' title='bbox 2218 1451 2475 1520; x_wconf 85' lang='lat' dir='ltr'><strong>estquod</strong></span> <span class='ocrx_word' id='word_1_272' title='bbox 2515 1450 2566 1505; x_wconf 88' lang='lat' dir='ltr'>ei</span> <span class='ocrx_word' id='word_1_273' title='bbox 2598 1450 2801 1504; x_wconf 90' lang='lat' dir='ltr'><strong>dictum</strong></span> <span class='ocrx_word' id='word_1_274' title='bbox 2838 1462 2918 1506; x_wconf 89' lang='lat' dir='ltr'>est</span> <span class='ocrx_word' id='word_1_275' title='bbox 2953 1450 3063 1522; x_wconf 86' lang='lat' dir='ltr'><strong>lyra</strong></span> <span class='ocrx_word' id='word_1_276' title='bbox 3101 1449 3390 1504; x_wconf 88' lang='lat' dir='ltr'><strong>Psallentis</strong></span> <span class='ocrx_word' id='word_1_277' title='bbox 3437 1467 3451 1502; x_wconf 90' lang='lat'><strong>:</strong></span> 
     </span>
    </p>
   </div>
   <div class='ocr_carea' id='block_1_36' title="bbox 1888 1536 3453 1607">
    <p class='ocr_par' dir='ltr' id='par_1_36' title="bbox 1888 1536 3453 1607">
     <span class='ocr_line' id='line_1_36' title="bbox 1888 1536 3453 1607; baseline 0.002 -17"><span class='ocrx_word' id='word_1_278' title='bbox 1888 1557 1905 1590; x_wconf 82' lang='grc' dir='ltr'>ι</span> <span class='ocrx_word' id='word_1_279' title='bbox 1945 1536 2050 1591; x_wconf 86' lang='lat' dir='ltr'><strong>Pro</strong></span> <span class='ocrx_word' id='word_1_280' title='bbox 2080 1538 2323 1607; x_wconf 88' lang='lat' dir='ltr'><strong>patribus</strong></span> <span class='ocrx_word' id='word_1_281' title='bbox 2351 1539 2456 1594; x_wconf 88' lang='lat' dir='ltr'><strong>tuis</strong></span> <span class='ocrx_word' id='word_1_282' title='bbox 2489 1539 2602 1593; x_wconf 89' lang='lat' dir='ltr'><strong>nati</strong></span> <span class='ocrx_word' id='word_1_283' title='bbox 2631 1549 2755 1594; x_wconf 90' lang='lat' dir='ltr'><strong>sunt</strong></span> <span class='ocrx_word' id='word_1_284' title='bbox 2781 1541 2872 1594; x_wconf 85' lang='lat' dir='ltr'><strong>tibi</strong></span> <span class='ocrx_word' id='word_1_285' title='bbox 2926 1542 3019 1594; x_wconf 90' lang='lat' dir='ltr'><strong>lilii</strong></span> <span class='ocrx_word' id='word_1_286' title='bbox 3068 1541 3134 1596; x_wconf 84' lang='lat'><strong>&quot;.</strong></span> <span class='ocrx_word' id='word_1_287' title='bbox 3194 1558 3214 1591; x_wconf 82' lang='grc'><strong><em>›</em></strong></span> <span class='ocrx_word' id='word_1_288' title='bbox 3273 1538 3453 1594; x_wconf 84' lang='lat' dir='ltr'><strong>Liberi</strong></span> 
     </span>
    </p>
   </div>
   <div class='ocr_carea' id='block_1_37' title="bbox 1881 1625 3454 1700">
    <p class='ocr_par' dir='ltr' id='par_1_37' title="bbox 1881 1625 3454 1700">
     <span class='ocr_line' id='line_1_37' title="bbox 1881 1625 3454 1700; baseline -0.003 -17"><span class='ocrx_word' id='word_1_289' title='bbox 1881 1628 2025 1683; x_wconf 91' lang='lat' dir='ltr'><strong>enim</strong></span> <span class='ocrx_word' id='word_1_290' title='bbox 2065 1625 2304 1682; x_wconf 65' lang='lat' dir='ltr'><strong>Iudaica:</strong></span> <span class='ocrx_word' id='word_1_291' title='bbox 2342 1626 2638 1700; x_wconf 70' lang='lat' dir='ltr'><strong>Synagoga:</strong></span> <span class='ocrx_word' id='word_1_292' title='bbox 2667 1643 2790 1683; x_wconf 89' lang='lat' dir='ltr'>cum</span> <span class='ocrx_word' id='word_1_293' title='bbox 2837 1639 3020 1683; x_wconf 86' lang='lat' dir='ltr'><strong>essent</strong></span> <span class='ocrx_word' id='word_1_294' title='bbox 3071 1626 3454 1698; x_wconf 76' lang='lat' dir='ltr'><strong>sapientissimi</strong></span> 
     </span>
    </p>
   </div>
   <div class='ocr_carea' id='block_1_38' title="bbox 1881 1719 3455 1791">
    <p class='ocr_par' dir='ltr' id='par_1_38' title="bbox 1881 1719 3455 1791">
     <span class='ocr_line' id='line_1_38' title="bbox 1881 1719 3455 1791; baseline -0.002 -18"><span class='ocrx_word' id='word_1_295' title='bbox 1881 1720 2151 1790; x_wconf 81' lang='lat' dir='ltr'><strong>discipuli,</strong></span> <span class='ocrx_word' id='word_1_296' title='bbox 2193 1720 2320 1776; x_wconf 84' lang='lat' dir='ltr'><strong>facti</strong></span> <span class='ocrx_word' id='word_1_297' title='bbox 2363 1729 2488 1774; x_wconf 89' lang='lat' dir='ltr'><strong>sunt</strong></span> <span class='ocrx_word' id='word_1_298' title='bbox 2536 1730 2735 1791; x_wconf 79' lang='lat' dir='ltr'><strong>patres.</strong></span> <span class='ocrx_word' id='word_1_299' title='bbox 2773 1719 2970 1775; x_wconf 87' lang='lat' dir='ltr'><strong>Scribit</strong></span> <span class='ocrx_word' id='word_1_300' title='bbox 2997 1721 3207 1775; x_wconf 84' lang='lat' dir='ltr'><strong>scilicet</strong></span> <span class='ocrx_word' id='word_1_301' title='bbox 3237 1720 3455 1788; x_wconf 84' lang='lat' dir='ltr'><strong>sapien-</strong></span> 
     </span>
    </p>
   </div>
   <div class='ocr_carea' id='block_1_39' title="bbox 1885 1808 3453 1881">
    <p class='ocr_par' dir='ltr' id='par_1_39' title="bbox 1885 1808 3453 1881">
     <span class='ocr_line' id='line_1_39' title="bbox 1885 1808 3453 1881; baseline -0.003 -13"><span class='ocrx_word' id='word_1_302' title='bbox 1885 1813 2129 1870; x_wconf 81' lang='lat' dir='ltr'><strong>tissimus</strong></span> <span class='ocrx_word' id='word_1_303' title='bbox 2162 1812 2357 1867; x_wconf 85' lang='lat' dir='ltr'><strong>Paulus</strong></span> <span class='ocrx_word' id='word_1_304' title='bbox 2386 1832 2398 1868; x_wconf 92' lang='lat'><strong>:</strong></span> <span class='ocrx_word' id='word_1_305' title='bbox 2433 1831 2451 1864; x_wconf 80' lang='grc' dir='ltr'>ι</span> <span class='ocrx_word' id='word_1_306' title='bbox 2485 1811 2540 1866; x_wconf 87' lang='lat' dir='ltr'><strong>In</strong></span> <span class='ocrx_word' id='word_1_307' title='bbox 2581 1810 2798 1866; x_wconf 81' lang='lat' dir='ltr'><strong>Christo</strong></span> <span class='ocrx_word' id='word_1_308' title='bbox 2828 1812 2970 1866; x_wconf 89' lang='lat' dir='ltr'><strong>enim</strong></span> <span class='ocrx_word' id='word_1_309' title='bbox 2996 1811 3120 1866; x_wconf 85' lang='lat' dir='ltr'><strong>Jesu</strong></span> <span class='ocrx_word' id='word_1_310' title='bbox 3153 1827 3248 1881; x_wconf 88' lang='lat' dir='ltr'>per</span> <span class='ocrx_word' id='word_1_311' title='bbox 3275 1808 3453 1865; x_wconf 85' lang='lat' dir='ltr'><strong>Evan-</strong></span> 
     </span>
    </p>
   </div>
   <div class='ocr_carea' id='block_1_40' title="bbox 1881 1903 3456 1979">
    <p class='ocr_par' dir='ltr' id='par_1_40' title="bbox 1881 1903 3456 1979">
     <span class='ocr_line' id='line_1_40' title="bbox 1881 1903 3456 1979; baseline -0.003 -17"><span class='ocrx_word' id='word_1_312' title='bbox 1881 1908 2076 1979; x_wconf 79' lang='lat' dir='ltr'><strong>gelium</strong></span> <span class='ocrx_word' id='word_1_313' title='bbox 2105 1922 2208 1976; x_wconf 75' lang='lat' dir='ltr'><strong>ego</strong></span> <span class='ocrx_word' id='word_1_314' title='bbox 2236 1921 2332 1962; x_wconf 88' lang='lat' dir='ltr'>vos</span> <span class='ocrx_word' id='word_1_315' title='bbox 2365 1905 2524 1973; x_wconf 74' lang='lat' dir='ltr'><strong>genui</strong></span> <span class='ocrx_word' id='word_1_316' title='bbox 2557 1905 2621 1959; x_wconf 82' lang='grc'>⁶³.</span> <span class='ocrx_word' id='word_1_317' title='bbox 2676 1923 2696 1956; x_wconf 73' lang='grc' dir='ltr'>ι</span> <span class='ocrx_word' id='word_1_318' title='bbox 2755 1903 3044 1960; x_wconf 87' lang='lat' dir='ltr'><strong>Constituti</strong></span> <span class='ocrx_word' id='word_1_319' title='bbox 3090 1906 3285 1974; x_wconf 85' lang='lat' dir='ltr'><strong>quippe</strong></span> <span class='ocrx_word' id='word_1_320' title='bbox 3327 1913 3456 1958; x_wconf 89' lang='lat' dir='ltr'><strong>sunt</strong></span> 
     </span>
    </p>
   </div>
   <div class='ocr_carea' id='block_1_41' title="bbox 1881 1994 3452 2070">
    <p class='ocr_par' dir='ltr' id='par_1_41' title="bbox 1881 1994 3452 2070">
     <span class='ocr_line' id='line_1_41' title="bbox 1881 1994 3452 2070; baseline -0.004 -18"><span class='ocrx_word' id='word_1_321' title='bbox 1881 2009 2096 2070; x_wconf 80' lang='lat' dir='ltr'><strong>patrum</strong></span> <span class='ocrx_word' id='word_1_322' title='bbox 2125 1999 2263 2062; x_wconf 87' lang='lat' dir='ltr'><strong>loco,</strong></span> <span class='ocrx_word' id='word_1_323' title='bbox 2297 1998 2386 2066; x_wconf 88' lang='lat' dir='ltr'>qui</span> <span class='ocrx_word' id='word_1_324' title='bbox 2421 1995 2638 2050; x_wconf 81' lang='lat' dir='ltr'><strong>fuerunt</strong></span> <span class='ocrx_word' id='word_1_325' title='bbox 2671 1995 2790 2065; x_wconf 90' lang='lat' dir='ltr'><strong>ejus</strong></span> <span class='ocrx_word' id='word_1_326' title='bbox 2822 1995 2938 2054; x_wconf 86' lang='lat' dir='ltr'><strong>lilii.</strong></span> <span class='ocrx_word' id='word_1_327' title='bbox 2977 1994 3243 2051; x_wconf 83' lang='lat' dir='ltr'><strong>Habuisse</strong></span> <span class='ocrx_word' id='word_1_328' title='bbox 3272 1995 3452 2050; x_wconf 84' lang='lat' dir='ltr'><strong>autem</strong></span> 
     </span>
    </p>
   </div>
   <div class='ocr_carea' id='block_1_42' title="bbox 1881 2085 3450 2157">
    <p class='ocr_par' dir='ltr' id='par_1_42' title="bbox 1881 2085 3450 2157">
     <span class='ocr_line' id='line_1_42' title="bbox 1881 2085 3450 2157; baseline -0.004 -13"><span class='ocrx_word' id='word_1_329' title='bbox 1881 2089 2092 2144; x_wconf 89' lang='lat' dir='ltr'><strong>divinos</strong></span> <span class='ocrx_word' id='word_1_330' title='bbox 2123 2087 2418 2157; x_wconf 88' lang='lat' dir='ltr'><strong>discipulos</strong></span> <span class='ocrx_word' id='word_1_331' title='bbox 2449 2086 2707 2140; x_wconf 89' lang='lat' dir='ltr'><strong>amictum</strong></span> <span class='ocrx_word' id='word_1_332' title='bbox 2755 2085 2938 2154; x_wconf 74' lang='lat' dir='ltr'><strong>gloriae</strong></span> <span class='ocrx_word' id='word_1_333' title='bbox 2979 2102 3010 2139; x_wconf 91' lang='lat' dir='ltr'>a</span> <span class='ocrx_word' id='word_1_334' title='bbox 3062 2085 3192 2150; x_wconf 65' lang='lat' dir='ltr'><strong>Deo,</strong></span> <span class='ocrx_word' id='word_1_335' title='bbox 3247 2085 3450 2156; x_wconf 84' lang='lat' dir='ltr'><strong>clarum</strong></span> 
     </span>
    </p>
   </div>
   <div class='ocr_carea' id='block_1_43' title="bbox 1879 2175 3454 2249">
    <p class='ocr_par' dir='ltr' id='par_1_43' title="bbox 1879 2175 3454 2249">
     <span class='ocr_line' id='line_1_43' title="bbox 1879 2175 3454 2249; baseline -0.005 -13"><span class='ocrx_word' id='word_1_336' title='bbox 1879 2195 2000 2236; x_wconf 88' lang='lat' dir='ltr'><strong>esse</strong></span> <span class='ocrx_word' id='word_1_337' title='bbox 2040 2186 2238 2249; x_wconf 90' lang='lat' dir='ltr'><strong>potest,</strong></span> <span class='ocrx_word' id='word_1_338' title='bbox 2275 2178 2486 2233; x_wconf 88' lang='lat' dir='ltr'><strong>dicente</strong></span> <span class='ocrx_word' id='word_1_339' title='bbox 2532 2177 2750 2231; x_wconf 83' lang='lat' dir='ltr'><strong>Christo</strong></span> <span class='ocrx_word' id='word_1_340' title='bbox 2801 2176 2904 2230; x_wconf 86' lang='lat' dir='ltr'><strong>illis</strong></span> <span class='ocrx_word' id='word_1_341' title='bbox 2957 2175 3200 2231; x_wconf 86' lang='lat' dir='ltr'><strong>alicubi:</strong></span> <span class='ocrx_word' id='word_1_342' title='bbox 3234 2194 3252 2228; x_wconf 83' lang='grc' dir='ltr'>ι</span> <span class='ocrx_word' id='word_1_343' title='bbox 3296 2175 3454 2229; x_wconf 82' lang='lat' dir='ltr'><strong>lnltr-</strong></span> 
     </span>
    </p>
   </div>
   <div class='ocr_carea' id='block_1_44' title="bbox 1881 2266 3451 2338">
    <p class='ocr_par' dir='ltr' id='par_1_44' title="bbox 1881 2266 3451 2338">
     <span class='ocr_line' id='line_1_44' title="bbox 1881 2266 3451 2338; baseline -0.007 -11"><span class='ocrx_word' id='word_1_344' title='bbox 1881 2287 1998 2328; x_wconf 91' lang='lat' dir='ltr'>mos</span> <span class='ocrx_word' id='word_1_345' title='bbox 2027 2280 2236 2334; x_wconf 85' lang='lat' dir='ltr'><strong>curate,</strong></span> <span class='ocrx_word' id='word_1_346' title='bbox 2269 2267 2530 2324; x_wconf 78' lang='lat' dir='ltr'><strong>daanouia</strong></span> <span class='ocrx_word' id='word_1_347' title='bbox 2556 2268 2753 2338; x_wconf 85' lang='lat' dir='ltr'><strong>ejicite,</strong></span> <span class='ocrx_word' id='word_1_348' title='bbox 2793 2278 3033 2322; x_wconf 89' lang='lat' dir='ltr'><strong>mortuos</strong></span> <span class='ocrx_word' id='word_1_349' title='bbox 3059 2268 3293 2322; x_wconf 77' lang='lat' dir='ltr'><strong>excitate</strong></span> <span class='ocrx_word' id='word_1_350' title='bbox 3321 2266 3396 2332; x_wconf 81' lang='lat'><strong>“;</strong></span> <span class='ocrx_word' id='word_1_351' title='bbox 3431 2287 3451 2316; x_wconf 69' lang='grc' dir='ltr'>ι</span> 
     </span>
    </p>
   </div>
   <div class='ocr_carea' id='block_1_45' title="bbox 1881 2358 3129 2418">
    <p class='ocr_par' dir='ltr' id='par_1_45' title="bbox 1881 2358 3129 2418">
     <span class='ocr_line' id='line_1_45' title="bbox 1881 2358 3129 2418; baseline -0.006 -1"><span class='ocrx_word' id='word_1_352' title='bbox 1881 2377 2069 2418; x_wconf 85' lang='lat' dir='ltr'><strong>rursus</strong></span> <span class='ocrx_word' id='word_1_353' title='bbox 2102 2361 2268 2416; x_wconf 87' lang='lat' dir='ltr'><strong>alibi:</strong></span> <span class='ocrx_word' id='word_1_354' title='bbox 2311 2380 2328 2411; x_wconf 84' lang='grc' dir='ltr'>ι</span> <span class='ocrx_word' id='word_1_355' title='bbox 2362 2358 2470 2414; x_wconf 82' lang='lat' dir='ltr'>Vos</span> <span class='ocrx_word' id='word_1_356' title='bbox 2499 2359 2634 2414; x_wconf 86' lang='lat' dir='ltr'><strong>estis</strong></span> <span class='ocrx_word' id='word_1_357' title='bbox 2663 2358 2752 2412; x_wconf 82' lang='lat' dir='ltr'><strong>lux</strong></span> <span class='ocrx_word' id='word_1_358' title='bbox 2787 2359 2969 2411; x_wconf 86' lang='lat' dir='ltr'><strong>mundi</strong></span> <span class='ocrx_word' id='word_1_359' title='bbox 3013 2359 3082 2413; x_wconf 78' lang='grc'>⁸⁵.</span> <span class='ocrx_word' id='word_1_360' title='bbox 3111 2377 3129 2410; x_wconf 78' lang='grc' dir='ltr'>ι</span> 
     </span>
    </p>
   </div>
   <div class='ocr_carea' id='block_1_46' title="bbox 189 2447 3454 2528">
    <p class='ocr_par' dir='ltr' id='par_1_46' title="bbox 189 2447 3454 2528">
     <span class='ocr_line' id='line_1_46' title="bbox 189 2447 3454 2528; baseline -0.002 -20"><span class='ocrx_word' id='word_1_361' title='bbox 189 2457 408 2527; x_wconf 72' lang='grc' dir='ltr'>στολὴν,</span> <span class='ocrx_word' id='word_1_362' title='bbox 442 2458 534 2510; x_wconf 76' lang='grc' dir='ltr'>καὶ</span> <span class='ocrx_word' id='word_1_363' title='bbox 560 2457 760 2528; x_wconf 73' lang='grc' dir='ltr'>ἄμφιον</span> <span class='ocrx_word' id='word_1_364' title='bbox 786 2458 906 2511; x_wconf 77' lang='grc' dir='ltr'>ἀντὶ</span> <span class='ocrx_word' id='word_1_365' title='bbox 973 2459 1285 2528; x_wconf 87' lang='grc' dir='ltr'>πνεύματος</span> <span class='ocrx_word' id='word_1_366' title='bbox 1330 2459 1583 2527; x_wconf 80' lang='grc' dir='ltr'>ἀκηδίας,</span> <span class='ocrx_word' id='word_1_367' title='bbox 1623 2455 1921 2518; x_wconf 82' lang='grc' dir='ltr'>τουτέστιν,</span> <span class='ocrx_word' id='word_1_368' title='bbox 1949 2454 2072 2509; x_wconf 72' lang='grc' dir='ltr'>ἀντὶ</span> <span class='ocrx_word' id='word_1_369' title='bbox 2131 2454 2232 2523; x_wconf 81' lang='grc' dir='ltr'>τῆς</span> <span class='ocrx_word' id='word_1_370' title='bbox 2256 2452 2425 2507; x_wconf 81' lang='grc' dir='ltr'>πάλαι</span> <span class='ocrx_word' id='word_1_371' title='bbox 2488 2451 2872 2522; x_wconf 69' lang='grc' dir='ltr'>μικροψυχίας.</span> <span class='ocrx_word' id='word_1_372' title='bbox 2909 2449 3316 2520; x_wconf 82' lang='grc' dir='ltr'>Ἐδοξάσθησαν</span> <span class='ocrx_word' id='word_1_373' title='bbox 3342 2447 3454 2520; x_wconf 83' lang='grc' dir='ltr'>γὰρ</span> 
     </span>
    </p>
   </div>
   <div class='ocr_carea' id='block_1_47' title="bbox 185 2543 3452 2624">
    <p class='ocr_par' dir='ltr' id='par_1_47' title="bbox 185 2543 3452 2624">
     <span class='ocr_line' id='line_1_47' title="bbox 185 2543 3452 2624; baseline -0.002 -20"><span class='ocrx_word' id='word_1_374' title='bbox 185 2553 239 2604; x_wconf 79' lang='grc' dir='ltr'>οξ</span> <span class='ocrx_word' id='word_1_375' title='bbox 283 2553 453 2606; x_wconf 70' lang='grc' dir='ltr'>πάλαι</span> <span class='ocrx_word' id='word_1_376' title='bbox 484 2552 808 2624; x_wconf 77' lang='grc' dir='ltr'>θρηνοῦντες</span> <span class='ocrx_word' id='word_1_377' title='bbox 840 2554 1029 2624; x_wconf 77' lang='grc' dir='ltr'>αὐτὴν·</span> <span class='ocrx_word' id='word_1_378' title='bbox 1067 2555 1160 2608; x_wconf 74' lang='grc' dir='ltr'>καὶ</span> <span class='ocrx_word' id='word_1_379' title='bbox 1199 2553 1531 2616; x_wconf 58' lang='lat' dir='ltr'><strong>amatam;</strong></span> <span class='ocrx_word' id='word_1_380' title='bbox 1567 2552 1707 2623; x_wconf 80' lang='grc' dir='ltr'>ὑπὲρ</span> <span class='ocrx_word' id='word_1_381' title='bbox 1765 2552 1957 2623; x_wconf 75' lang='grc' dir='ltr'>αὐτῆς·</span> <span class='ocrx_word' id='word_1_382' title='bbox 1989 2548 2354 2618; x_wconf 79' lang='grc' dir='ltr'>ἐδοξάσθησαν</span> <span class='ocrx_word' id='word_1_383' title='bbox 2381 2547 2440 2600; x_wconf 85' lang='grc' dir='ltr'>δὲ</span> <span class='ocrx_word' id='word_1_384' title='bbox 2473 2547 2621 2611; x_wconf 88' lang='grc' dir='ltr'>πῶς;</span> <span class='ocrx_word' id='word_1_385' title='bbox 2643 2546 2910 2599; x_wconf 81' lang='grc' dir='ltr'>τέθεινται</span> <span class='ocrx_word' id='word_1_386' title='bbox 2940 2545 3048 2616; x_wconf 80' lang='grc' dir='ltr'>γὰρ</span> <span class='ocrx_word' id='word_1_387' title='bbox 3095 2544 3268 2617; x_wconf 76' lang='grc' dir='ltr'>αὐτῆς</span> <span class='ocrx_word' id='word_1_388' title='bbox 3315 2543 3452 2597; x_wconf 78' lang='grc' dir='ltr'>καθ-</span> 
     </span>
    </p>
   </div>
   <div class='ocr_carea' id='block_1_48' title="bbox 185 2636 3453 2716">
    <p class='ocr_par' dir='ltr' id='par_1_48' title="bbox 185 2636 3453 2716">
     <span class='ocr_line' id='line_1_48' title="bbox 185 2636 3453 2716; baseline -0.002 -19"><span class='ocrx_word' id='word_1_389' title='bbox 185 2645 395 2714; x_wconf 74' lang='grc' dir='ltr'>ηγηταὶ</span> <span class='ocrx_word' id='word_1_390' title='bbox 438 2646 532 2698; x_wconf 69' lang='grc' dir='ltr'>καὶ</span> <span class='ocrx_word' id='word_1_391' title='bbox 577 2645 916 2708; x_wconf 82' lang='grc' dir='ltr'>διδάσκαλοι,</span> <span class='ocrx_word' id='word_1_392' title='bbox 952 2646 1046 2698; x_wconf 75' lang='grc' dir='ltr'>καὶ</span> <span class='ocrx_word' id='word_1_393' title='bbox 1089 2645 1246 2700; x_wconf 87' lang='grc' dir='ltr'>τοῦτο</span> <span class='ocrx_word' id='word_1_394' title='bbox 1296 2641 1364 2716; x_wconf 77' lang='grc' dir='ltr'>ἦν</span> <span class='ocrx_word' id='word_1_395' title='bbox 1391 2645 1499 2716; x_wconf 84' lang='grc' dir='ltr'>ἄρα</span> <span class='ocrx_word' id='word_1_396' title='bbox 1535 2646 1598 2698; x_wconf 79' lang='grc' dir='ltr'>τὸ</span> <span class='ocrx_word' id='word_1_397' title='bbox 1623 2645 1757 2716; x_wconf 84' lang='grc' dir='ltr'>πρὸς</span> <span class='ocrx_word' id='word_1_398' title='bbox 1796 2644 1966 2714; x_wconf 80' lang='grc' dir='ltr'>αὐτὴν</span> <span class='ocrx_word' id='word_1_399' title='bbox 2022 2642 2311 2714; x_wconf 80' lang='grc' dir='ltr'>εἰρημένον</span> <span class='ocrx_word' id='word_1_400' title='bbox 2339 2640 2427 2694; x_wconf 80' lang='grc' dir='ltr'>διὰ</span> <span class='ocrx_word' id='word_1_401' title='bbox 2455 2641 2554 2712; x_wconf 82' lang='grc' dir='ltr'>τῆς</span> <span class='ocrx_word' id='word_1_402' title='bbox 2570 2638 2663 2693; x_wconf 90' lang='grc' dir='ltr'>τοῦ</span> <span class='ocrx_word' id='word_1_403' title='bbox 2690 2637 2996 2700; x_wconf 78' lang='grc' dir='ltr'>Ψάλλοντος</span> <span class='ocrx_word' id='word_1_404' title='bbox 3035 2636 3222 2708; x_wconf 65' lang='grc' dir='ltr'>λύραςε</span> <span class='ocrx_word' id='word_1_405' title='bbox 3255 2655 3274 2688; x_wconf 80' lang='grc' dir='ltr'>ι</span> <span class='ocrx_word' id='word_1_406' title='bbox 3309 2637 3453 2691; x_wconf 81' lang='grc' dir='ltr'>Ἀντὶ</span> 
     </span>
    </p>
   </div>
   <div class='ocr_carea' id='block_1_49' title="bbox 184 2732 3456 2814">
    <p class='ocr_par' dir='ltr' id='par_1_49' title="bbox 184 2732 3456 2814">
     <span class='ocr_line' id='line_1_49' title="bbox 184 2732 3456 2814; baseline -0.004 -21"><span class='ocrx_word' id='word_1_407' title='bbox 184 2741 299 2794; x_wconf 89' lang='grc' dir='ltr'>τῶν</span> <span class='ocrx_word' id='word_1_408' title='bbox 332 2741 581 2813; x_wconf 82' lang='grc' dir='ltr'>πατέρων</span> <span class='ocrx_word' id='word_1_409' title='bbox 621 2758 737 2806; x_wconf 87' lang='grc' dir='ltr'>σου,</span> <span class='ocrx_word' id='word_1_410' title='bbox 770 2740 1103 2814; x_wconf 81' lang='grc' dir='ltr'>ἐγενήθησάν</span> <span class='ocrx_word' id='word_1_411' title='bbox 1131 2759 1212 2795; x_wconf 88' lang='grc' dir='ltr'>σοι</span> <span class='ocrx_word' id='word_1_412' title='bbox 1247 2742 1371 2795; x_wconf 83' lang='grc' dir='ltr'>υίοξ.</span> <span class='ocrx_word' id='word_1_413' title='bbox 1401 2761 1418 2791; x_wconf 76' lang='grc' dir='ltr'>ι</span> <span class='ocrx_word' id='word_1_414' title='bbox 1452 2741 1629 2795; x_wconf 82' lang='grc' dir='ltr'>Τέκνα</span> <span class='ocrx_word' id='word_1_415' title='bbox 1657 2740 1765 2812; x_wconf 87' lang='grc' dir='ltr'>γὰρ</span> <span class='ocrx_word' id='word_1_416' title='bbox 1801 2740 1952 2802; x_wconf 73' lang='grc' dir='ltr'>ὄντες</span> <span class='ocrx_word' id='word_1_417' title='bbox 2012 2741 2110 2808; x_wconf 77' lang='grc' dir='ltr'>τῆς</span> <span class='ocrx_word' id='word_1_418' title='bbox 2169 2736 2274 2790; x_wconf 85' lang='grc' dir='ltr'>τῶν</span> <span class='ocrx_word' id='word_1_419' title='bbox 2311 2735 2578 2789; x_wconf 79' lang='grc' dir='ltr'>Ἰουδαίων</span> <span class='ocrx_word' id='word_1_420' title='bbox 2609 2734 2936 2803; x_wconf 77' lang='grc' dir='ltr'>Συναγωγῆς</span> <span class='ocrx_word' id='word_1_421' title='bbox 2960 2732 3009 2783; x_wconf 89' lang='grc' dir='ltr'>οί</span> <span class='ocrx_word' id='word_1_422' title='bbox 3059 2734 3321 2798; x_wconf 80' lang='grc' dir='ltr'>πάνσοφοι</span> <span class='ocrx_word' id='word_1_423' title='bbox 3351 2746 3456 2799; x_wconf 75' lang='grc' dir='ltr'>μαο</span> 
     </span>
    </p>
   </div>
   <div class='ocr_carea' id='block_1_50' title="bbox 187 2819 3452 2904">
    <p class='ocr_par' dir='ltr' id='par_1_50' title="bbox 187 2819 3452 2904">
     <span class='ocr_line' id='line_1_50' title="bbox 187 2819 3452 2904; baseline -0.004 -20"><span class='ocrx_word' id='word_1_424' title='bbox 187 2831 372 2902; x_wconf 74' lang='grc' dir='ltr'>θηται,</span> <span class='ocrx_word' id='word_1_425' title='bbox 443 2831 701 2900; x_wconf 87' lang='grc' dir='ltr'>γεγόνασι</span> <span class='ocrx_word' id='word_1_426' title='bbox 775 2833 1030 2902; x_wconf 85' lang='grc' dir='ltr'>πατέρες.</span> <span class='ocrx_word' id='word_1_427' title='bbox 1074 2833 1278 2904; x_wconf 78' lang='grc' dir='ltr'>Γράφει</span> <span class='ocrx_word' id='word_1_428' title='bbox 1339 2832 1470 2899; x_wconf 88' lang='grc' dir='ltr'>γοῦν</span> <span class='ocrx_word' id='word_1_429' title='bbox 1501 2833 1696 2886; x_wconf 88' lang='grc' dir='ltr'>τισινὸ</span> <span class='ocrx_word' id='word_1_430' title='bbox 1767 2826 2042 2900; x_wconf 67' lang='grc' dir='ltr'>πάνσοφος</span> <span class='ocrx_word' id='word_1_431' title='bbox 2094 2829 2340 2893; x_wconf 85' lang='grc' dir='ltr'>Παῦλος,</span> <span class='ocrx_word' id='word_1_432' title='bbox 2398 2846 2417 2879; x_wconf 80' lang='grc' dir='ltr'>ι</span> <span class='ocrx_word' id='word_1_433' title='bbox 2461 2826 2552 2880; x_wconf 81' lang='grc' dir='ltr'>Ἑν</span> <span class='ocrx_word' id='word_1_434' title='bbox 2595 2828 2705 2899; x_wconf 85' lang='grc' dir='ltr'>γὰρ</span> <span class='ocrx_word' id='word_1_435' title='bbox 2751 2824 2972 2897; x_wconf 87' lang='grc' dir='ltr'>Χριστῷ</span> <span class='ocrx_word' id='word_1_436' title='bbox 3013 2823 3188 2893; x_wconf 85' lang='grc' dir='ltr'>Ἰησοῦ</span> <span class='ocrx_word' id='word_1_437' title='bbox 3227 2823 3315 2876; x_wconf 82' lang='grc' dir='ltr'>διὰ</span> <span class='ocrx_word' id='word_1_438' title='bbox 3359 2819 3452 2875; x_wconf 77' lang='grc' dir='ltr'>τοῦ</span> 
     </span>
    </p>
   </div>
   <div class='ocr_carea' id='block_1_51' title="bbox 186 2917 3451 2999">
    <p class='ocr_par' dir='ltr' id='par_1_51' title="bbox 186 2917 3451 2999">
     <span class='ocr_line' id='line_1_51' title="bbox 186 2917 3451 2999; baseline -0.004 -17"><span class='ocrx_word' id='word_1_439' title='bbox 186 2927 525 2997; x_wconf 77' lang='grc' dir='ltr'>Εὐαγγελίου</span> <span class='ocrx_word' id='word_1_440' title='bbox 571 2927 682 2996; x_wconf 78' lang='grc' dir='ltr'>ἐγὼ</span> <span class='ocrx_word' id='word_1_441' title='bbox 725 2929 869 2998; x_wconf 78' lang='grc' dir='ltr'>ὑμᾶς</span> <span class='ocrx_word' id='word_1_442' title='bbox 921 2928 1208 2999; x_wconf 74' lang='grc' dir='ltr'>ἐγέννησα.</span> <span class='ocrx_word' id='word_1_443' title='bbox 1251 2927 1530 2981; x_wconf 85' lang='grc' dir='ltr'>Τέθεινται</span> <span class='ocrx_word' id='word_1_444' title='bbox 1565 2923 1659 2982; x_wconf 81' lang='grc' dir='ltr'>οῦν</span> <span class='ocrx_word' id='word_1_445' title='bbox 1717 2926 1776 2980; x_wconf 75' lang='grc' dir='ltr'>ἐν</span> <span class='ocrx_word' id='word_1_446' title='bbox 1847 2924 2279 2996; x_wconf 80' lang='grc' dir='ltr'>τάξειπατέρων</span> <span class='ocrx_word' id='word_1_447' title='bbox 2313 2926 2362 2977; x_wconf 85' lang='grc' dir='ltr'>οἱ</span> <span class='ocrx_word' id='word_1_448' title='bbox 2408 2923 2692 2992; x_wconf 75' lang='grc' dir='ltr'>γεγονότες</span> <span class='ocrx_word' id='word_1_449' title='bbox 2752 2921 2919 2990; x_wconf 82' lang='grc' dir='ltr'>αὐτῆς</span> <span class='ocrx_word' id='word_1_450' title='bbox 2956 2919 3084 2983; x_wconf 79' lang='grc' dir='ltr'>υίοῑ,</span> <span class='ocrx_word' id='word_1_451' title='bbox 3118 2920 3201 2972; x_wconf 86' lang='grc' dir='ltr'>ὅτι</span> <span class='ocrx_word' id='word_1_452' title='bbox 3251 2917 3309 2971; x_wconf 76' lang='grc' dir='ltr'>δὲ</span> <span class='ocrx_word' id='word_1_453' title='bbox 3351 2919 3451 2986; x_wconf 78' lang='grc' dir='ltr'>τῆς</span> 
     </span>
    </p>
   </div>
   <div class='ocr_carea' id='block_1_52' title="bbox 190 3012 3454 3093">
    <p class='ocr_par' dir='ltr' id='par_1_52' title="bbox 190 3012 3454 3093">
     <span class='ocr_line' id='line_1_52' title="bbox 190 3012 3454 3093; baseline -0.003 -19"><span class='ocrx_word' id='word_1_454' title='bbox 190 3023 344 3093; x_wconf 68' lang='grc' dir='ltr'>παρὰ</span> <span class='ocrx_word' id='word_1_455' title='bbox 401 3021 537 3075; x_wconf 83' lang='grc' dir='ltr'>Θεοῦ</span> <span class='ocrx_word' id='word_1_456' title='bbox 598 3021 758 3091; x_wconf 79' lang='grc' dir='ltr'>δόξης</span> <span class='ocrx_word' id='word_1_457' title='bbox 813 3023 1112 3092; x_wconf 76' lang='grc' dir='ltr'>ἐσχήκασιν</span> <span class='ocrx_word' id='word_1_458' title='bbox 1172 3022 1272 3093; x_wconf 69' lang='grc' dir='ltr'>τὴν</span> <span class='ocrx_word' id='word_1_459' title='bbox 1339 3022 1666 3093; x_wconf 76' lang='grc' dir='ltr'>περιστολὴν</span> <span class='ocrx_word' id='word_1_460' title='bbox 1716 3025 1766 3076; x_wconf 82' lang='lat' dir='ltr'>oi</span> <span class='ocrx_word' id='word_1_461' title='bbox 1806 3022 2086 3076; x_wconf 89' lang='grc' dir='ltr'>θεσπέσιοι</span> <span class='ocrx_word' id='word_1_462' title='bbox 2145 3021 2402 3092; x_wconf 68' lang='grc' dir='ltr'>μαθηταὶ,</span> <span class='ocrx_word' id='word_1_463' title='bbox 2430 3018 2599 3086; x_wconf 78' lang='grc' dir='ltr'>σαφὲς</span> <span class='ocrx_word' id='word_1_464' title='bbox 2619 3019 2685 3071; x_wconf 76' lang='grc' dir='ltr'>ἂν</span> <span class='ocrx_word' id='word_1_465' title='bbox 2712 3018 2941 3086; x_wconf 84' lang='grc' dir='ltr'>γένοιτο,</span> <span class='ocrx_word' id='word_1_466' title='bbox 3009 3013 3246 3086; x_wconf 85' lang='grc' dir='ltr'>Χριστοῦ</span> <span class='ocrx_word' id='word_1_467' title='bbox 3269 3012 3454 3080; x_wconf 65' lang='grc' dir='ltr'>λέγονη</span> 
     </span>
    </p>
   </div>
   <div class='ocr_carea' id='block_1_53' title="bbox 189 3107 3445 3187">
    <p class='ocr_par' dir='ltr' id='par_1_53' title="bbox 189 3107 3445 3187">
     <span class='ocr_line' id='line_1_53' title="bbox 189 3107 3445 3187; baseline -0.004 -17"><span class='ocrx_word' id='word_1_468' title='bbox 189 3134 284 3180; x_wconf 87' lang='grc' dir='ltr'>τος</span> <span class='ocrx_word' id='word_1_469' title='bbox 355 3117 572 3180; x_wconf 71' lang='grc' dir='ltr'>αὐτοῖς,</span> <span class='ocrx_word' id='word_1_470' title='bbox 617 3117 748 3170; x_wconf 74' lang='grc' dir='ltr'>ποτε</span> <span class='ocrx_word' id='word_1_471' title='bbox 852 3115 988 3186; x_wconf 84' lang='grc' dir='ltr'>μὲν,</span> <span class='ocrx_word' id='word_1_472' title='bbox 1047 3117 1129 3169; x_wconf 82' lang='grc' dir='ltr'>ὅτι</span> <span class='ocrx_word' id='word_1_473' title='bbox 1193 3135 1212 3168; x_wconf 81' lang='grc' dir='ltr'>ι</span> <span class='ocrx_word' id='word_1_474' title='bbox 1259 3116 1642 3178; x_wconf 78' lang='grc' dir='ltr'>’Δσθενοῦντας</span> <span class='ocrx_word' id='word_1_475' title='bbox 1690 3116 2055 3187; x_wconf 76' lang='grc' dir='ltr'>θεραπεύετε,</span> <span class='ocrx_word' id='word_1_476' title='bbox 2142 3114 2396 3185; x_wconf 81' lang='grc' dir='ltr'>δαιμόνια</span> <span class='ocrx_word' id='word_1_477' title='bbox 2455 3111 2788 3176; x_wconf 76' lang='grc' dir='ltr'>ἐκϐάλλετε,</span> <span class='ocrx_word' id='word_1_478' title='bbox 2835 3109 3061 3180; x_wconf 78' lang='grc' dir='ltr'>νεκροὺς</span> <span class='ocrx_word' id='word_1_479' title='bbox 3119 3107 3392 3178; x_wconf 73' lang='grc' dir='ltr'>ἐγείρετε·</span> <span class='ocrx_word' id='word_1_480' title='bbox 3426 3123 3445 3156; x_wconf 79' lang='grc' dir='ltr'>ι</span> 
     </span>
    </p>
   </div>
   <div class='ocr_carea' id='block_1_54' title="bbox 188 3208 1766 3279">
    <p class='ocr_par' dir='ltr' id='par_1_54' title="bbox 188 3208 1766 3279">
     <span class='ocr_line' id='line_1_54' title="bbox 188 3208 1766 3279; baseline -0.001 -16"><span class='ocrx_word' id='word_1_481' title='bbox 188 3210 324 3263; x_wconf 74' lang='grc' dir='ltr'>ποτε</span> <span class='ocrx_word' id='word_1_482' title='bbox 355 3209 412 3262; x_wconf 80' lang='grc' dir='ltr'>δὲ</span> <span class='ocrx_word' id='word_1_483' title='bbox 439 3208 623 3260; x_wconf 69' lang='grc' dir='ltr'>πάλιν*</span> <span class='ocrx_word' id='word_1_484' title='bbox 658 3228 675 3259; x_wconf 79' lang='grc' dir='ltr'>ι</span> <span class='ocrx_word' id='word_1_485' title='bbox 718 3208 906 3278; x_wconf 83' lang='grc' dir='ltr'>Ὑμεῖς</span> <span class='ocrx_word' id='word_1_486' title='bbox 931 3208 1055 3260; x_wconf 75' lang='grc' dir='ltr'>ἐστε</span> <span class='ocrx_word' id='word_1_487' title='bbox 1107 3208 1169 3261; x_wconf 84' lang='grc' dir='ltr'>τὸ</span> <span class='ocrx_word' id='word_1_488' title='bbox 1207 3208 1322 3277; x_wconf 78' lang='grc' dir='ltr'>φῶς</span> <span class='ocrx_word' id='word_1_489' title='bbox 1355 3209 1450 3261; x_wconf 86' lang='grc' dir='ltr'>τοῦ</span> <span class='ocrx_word' id='word_1_490' title='bbox 1492 3208 1716 3279; x_wconf 90' lang='grc' dir='ltr'>κόσμου.</span> <span class='ocrx_word' id='word_1_491' title='bbox 1745 3227 1766 3261; x_wconf 73' lang='grc' dir='ltr'>ι</span> 
     </span>
    </p>
   </div>
   <div class='ocr_carea' id='block_1_55' title="bbox 266 3291 1781 3370">
    <p class='ocr_par' dir='ltr' id='par_1_55' title="bbox 266 3299 1774 3370">
     <span class='ocr_line' id='line_1_55' title="bbox 266 3299 1774 3370; baseline -0.002 -12"><span class='ocrx_word' id='word_1_492' title='bbox 266 3303 377 3358; x_wconf 79' lang='lat' dir='ltr'>Kal</span> <span class='ocrx_word' id='word_1_493' title='bbox 443 3300 852 3370; x_wconf 65' lang='grc' dir='ltr'>κληθήσονται</span> <span class='ocrx_word' id='word_1_494' title='bbox 919 3300 1116 3370; x_wconf 80' lang='grc' dir='ltr'>γενεαί</span> <span class='ocrx_word' id='word_1_495' title='bbox 1176 3299 1600 3368; x_wconf 78' lang='grc' dir='ltr'>δικαιοσύνης,</span> <span class='ocrx_word' id='word_1_496' title='bbox 1661 3302 1774 3370; x_wconf 71' lang='grc' dir='ltr'>φύ-</span> 
     </span>
    </p>
   </div>
   <div class='ocr_carea' id='block_1_56' title="bbox 1883 3291 3454 3370">
    <p class='ocr_par' dir='ltr' id='par_1_56' title="bbox 1951 3291 3454 3363">
     <span class='ocr_line' id='line_1_56' title="bbox 1951 3291 3454 3363; baseline -0.004 -11"><span class='ocrx_word' id='word_1_497' title='bbox 1951 3297 2114 3352; x_wconf 74' lang='lat' dir='ltr'><strong>Vstts.</strong></span> <span class='ocrx_word' id='word_1_498' title='bbox 2139 3297 2191 3351; x_wconf 68' lang='grc'>4.</span> <span class='ocrx_word' id='word_1_499' title='bbox 2231 3296 2296 3349; x_wconf 84' lang='lat' dir='ltr'><strong>Et</strong></span> <span class='ocrx_word' id='word_1_500' title='bbox 2327 3295 2652 3350; x_wconf 79' lang='lat' dir='ltr'><strong>vocabuntur</strong></span> <span class='ocrx_word' id='word_1_501' title='bbox 2672 3293 2942 3363; x_wconf 73' lang='lat' dir='ltr'><strong>progenies</strong></span> <span class='ocrx_word' id='word_1_502' title='bbox 2966 3291 3216 3362; x_wconf 68' lang='lat' dir='ltr'><strong>iustitia,</strong></span> <span class='ocrx_word' id='word_1_503' title='bbox 3241 3292 3454 3361; x_wconf 82' lang='lat' dir='ltr'><strong>planta-</strong></span> 
     </span>
    </p>
   </div>
   <div class='ocr_carea' id='block_1_57' title="bbox 191 3391 1774 3466">
    <p class='ocr_par' dir='ltr' id='par_1_57' title="bbox 191 3391 1774 3466">
     <span class='ocr_line' id='line_1_57' title="bbox 191 3391 1774 3466; baseline -0.003 -15"><span class='ocrx_word' id='word_1_504' title='bbox 191 3411 382 3466; x_wconf 67' lang='grc' dir='ltr'>τευιια</span> <span class='ocrx_word' id='word_1_505' title='bbox 440 3395 660 3463; x_wconf 80' lang='grc' dir='ltr'>Κυρίου</span> <span class='ocrx_word' id='word_1_506' title='bbox 727 3395 815 3458; x_wconf 81' lang='grc' dir='ltr'>είς</span> <span class='ocrx_word' id='word_1_507' title='bbox 864 3392 1073 3457; x_wconf 78' lang='grc' dir='ltr'>δόξαν.</span> <span class='ocrx_word' id='word_1_508' title='bbox 1137 3392 1250 3445; x_wconf 78' lang='lat' dir='ltr'>Kal</span> <span class='ocrx_word' id='word_1_509' title='bbox 1304 3391 1774 3461; x_wconf 73' lang='grc' dir='ltr'>οἰκοδομήσουσι</span> 
     </span>
    </p>
   </div>
   <div class='ocr_carea' id='block_1_58' title="bbox 191 3477 1775 3553">
    <p class='ocr_par' dir='ltr' id='par_1_58' title="bbox 191 3477 1775 3553">
     <span class='ocr_line' id='line_1_58' title="bbox 191 3477 1775 3553; baseline -0.006 -11"><span class='ocrx_word' id='word_1_510' title='bbox 191 3489 406 3551; x_wconf 65' lang='grc' dir='ltr'>πόλεις</span> <span class='ocrx_word' id='word_1_511' title='bbox 459 3485 720 3553; x_wconf 75' lang='grc' dir='ltr'>ἐρήμους</span> <span class='ocrx_word' id='word_1_512' title='bbox 759 3482 1022 3546; x_wconf 78' lang='grc' dir='ltr'>αἰωνίας,</span> <span class='ocrx_word' id='word_1_513' title='bbox 1069 3477 1522 3550; x_wconf 77' lang='grc' dir='ltr'>ἐξερημωμένας</span> <span class='ocrx_word' id='word_1_514' title='bbox 1565 3481 1775 3547; x_wconf 80' lang='grc' dir='ltr'>πρότε-</span> 
     </span>
    </p>
   </div>
   <div class='ocr_carea' id='block_1_59' title="bbox 183 3568 1777 3648">
    <p class='ocr_par' dir='ltr' id='par_1_59' title="bbox 183 3568 1777 3648">
     <span class='ocr_line' id='line_1_59' title="bbox 183 3568 1777 3648; baseline -0.006 -14"><span class='ocrx_word' id='word_1_515' title='bbox 183 3595 303 3648; x_wconf 76' lang='grc' dir='ltr'>ρον</span> <span class='ocrx_word' id='word_1_516' title='bbox 316 3573 830 3642; x_wconf 76' lang='grc' dir='ltr'>ἐξαναστήσουσι,</span> <span class='ocrx_word' id='word_1_517' title='bbox 855 3571 956 3627; x_wconf 75' lang='grc' dir='ltr'>καὶ</span> <span class='ocrx_word' id='word_1_518' title='bbox 972 3571 1274 3626; x_wconf 71' lang='grc' dir='ltr'>κωνιοῦσι</span> <span class='ocrx_word' id='word_1_519' title='bbox 1293 3571 1500 3636; x_wconf 73' lang='grc' dir='ltr'>πόλεις</span> <span class='ocrx_word' id='word_1_520' title='bbox 1517 3568 1777 3641; x_wconf 78' lang='grc' dir='ltr'>ἐρήμους</span> 
     </span>
    </p>
   </div>
   <div class='ocr_carea' id='block_1_60' title="bbox 189 3664 1007 3738">
    <p class='ocr_par' dir='ltr' id='par_1_60' title="bbox 189 3664 1007 3738">
     <span class='ocr_line' id='line_1_60' title="bbox 189 3664 1007 3738; baseline -0.01 -13"><span class='ocrx_word' id='word_1_521' title='bbox 189 3666 645 3738; x_wconf 76' lang='grc' dir='ltr'>ἐξερημωμένας</span> <span class='ocrx_word' id='word_1_522' title='bbox 663 3669 751 3732; x_wconf 81' lang='grc' dir='ltr'>είς</span> <span class='ocrx_word' id='word_1_523' title='bbox 779 3664 1007 3734; x_wconf 76' lang='grc' dir='ltr'>γενεάς.</span> 
     </span>
    </p>
   </div>
   <div class='ocr_carea' id='block_1_61' title="bbox 267 3751 1776 3832">
    <p class='ocr_par' dir='ltr' id='par_1_61' title="bbox 267 3751 1776 3832">
     <span class='ocr_line' id='line_1_61' title="bbox 267 3751 1776 3832; baseline -0.005 -17"><span class='ocrx_word' id='word_1_524' title='bbox 267 3758 684 3832; x_wconf 77' lang='grc' dir='ltr'>Χρηματίζουσι</span> <span class='ocrx_word' id='word_1_525' title='bbox 714 3756 822 3826; x_wconf 83' lang='grc' dir='ltr'>γὰρ</span> <span class='ocrx_word' id='word_1_526' title='bbox 855 3751 907 3808; x_wconf 73' lang='grc' dir='ltr'>οἵ</span> <span class='ocrx_word' id='word_1_527' title='bbox 927 3756 986 3808; x_wconf 82' lang='grc' dir='ltr'>ὲν</span> <span class='ocrx_word' id='word_1_528' title='bbox 1009 3753 1230 3827; x_wconf 85' lang='grc' dir='ltr'>Χριστῷ</span> <span class='ocrx_word' id='word_1_529' title='bbox 1260 3773 1278 3806; x_wconf 81' lang='grc' dir='ltr'>ι</span> <span class='ocrx_word' id='word_1_530' title='bbox 1302 3754 1342 3806; x_wconf 90' lang='grc' dir='ltr'>Γ</span> <span class='ocrx_word' id='word_1_531' title='bbox 1345 3755 1462 3812; x_wconf 84' lang='grc' dir='ltr'>ἐνος</span> <span class='ocrx_word' id='word_1_532' title='bbox 1499 3752 1776 3816; x_wconf 76' lang='grc' dir='ltr'>ἐκλεκτὸν,</span> 
     </span>
    </p>
   </div>
   <div class='ocr_carea' id='block_1_62' title="bbox 195 3843 1778 3918">
    <p class='ocr_par' dir='ltr' id='par_1_62' title="bbox 195 3843 1778 3918">
     <span class='ocr_line' id='line_1_62' title="bbox 195 3843 1778 3918; baseline -0.008 -12"><span class='ocrx_word' id='word_1_533' title='bbox 195 3855 351 3915; x_wconf 64' lang='lat' dir='ltr'><strong>{avoc</strong></span> <span class='ocrx_word' id='word_1_534' title='bbox 376 3852 552 3913; x_wconf 71' lang='grc' dir='ltr'>ἅγιον,</span> <span class='ocrx_word' id='word_1_535' title='bbox 578 3847 704 3911; x_wconf 73' lang='grc' dir='ltr'>λαὸς</span> <span class='ocrx_word' id='word_1_536' title='bbox 729 3848 811 3910; x_wconf 87' lang='grc' dir='ltr'>είς</span> <span class='ocrx_word' id='word_1_537' title='bbox 835 3845 1204 3918; x_wconf 82' lang='grc' dir='ltr'>περιποίησιν,</span> <span class='ocrx_word' id='word_1_538' title='bbox 1233 3863 1251 3895; x_wconf 75' lang='grc' dir='ltr'>ι</span> <span class='ocrx_word' id='word_1_539' title='bbox 1279 3844 1369 3896; x_wconf 89' lang='grc' dir='ltr'>διά</span> <span class='ocrx_word' id='word_1_540' title='bbox 1387 3861 1466 3896; x_wconf 87' lang='grc' dir='ltr'>τοι</span> <span class='ocrx_word' id='word_1_541' title='bbox 1495 3843 1556 3895; x_wconf 82' lang='grc' dir='ltr'>τὸ</span> <span class='ocrx_word' id='word_1_542' title='bbox 1583 3843 1778 3907; x_wconf 81' lang='grc' dir='ltr'>κάλλος</span> 
     </span>
    </p>
   </div>
   <div class='ocr_carea' id='block_1_63' title="bbox 192 3933 1777 4014">
    <p class='ocr_par' dir='ltr' id='par_1_63' title="bbox 192 3933 1777 4014">
     <span class='ocr_line' id='line_1_63' title="bbox 192 3933 1777 4014; baseline -0.008 -17"><span class='ocrx_word' id='word_1_543' title='bbox 192 3946 295 4014; x_wconf 78' lang='grc' dir='ltr'>τῆς</span> <span class='ocrx_word' id='word_1_544' title='bbox 327 3941 553 4012; x_wconf 78' lang='grc' dir='ltr'>ἐνούσης</span> <span class='ocrx_word' id='word_1_545' title='bbox 578 3940 761 4002; x_wconf 77' lang='grc' dir='ltr'>αὐτοῖς</span> <span class='ocrx_word' id='word_1_546' title='bbox 791 3938 1157 4008; x_wconf 79' lang='grc' dir='ltr'>δικαιοσύνης.</span> <span class='ocrx_word' id='word_1_547' title='bbox 1195 3934 1290 3988; x_wconf 75' lang='grc' dir='ltr'>καὶ</span> <span class='ocrx_word' id='word_1_548' title='bbox 1337 3933 1454 3988; x_wconf 78' lang='grc' dir='ltr'>οῦτι</span> <span class='ocrx_word' id='word_1_549' title='bbox 1497 3933 1601 3987; x_wconf 88' lang='grc' dir='ltr'>πού</span> <span class='ocrx_word' id='word_1_550' title='bbox 1633 3951 1777 4004; x_wconf 83' lang='grc' dir='ltr'>φημι</span> 
     </span>
    </p>
   </div>
   <div class='ocr_carea' id='block_1_64' title="bbox 193 4023 1778 4105">
    <p class='ocr_par' dir='ltr' id='par_1_64' title="bbox 193 4023 1778 4105">
     <span class='ocr_line' id='line_1_64' title="bbox 193 4023 1778 4105; baseline -0.007 -17"><span class='ocrx_word' id='word_1_551' title='bbox 193 4036 297 4105; x_wconf 74' lang='grc' dir='ltr'>τῆς</span> <span class='ocrx_word' id='word_1_552' title='bbox 327 4033 468 4087; x_wconf 71' lang='grc' dir='ltr'>κατὰ</span> <span class='ocrx_word' id='word_1_553' title='bbox 488 4033 674 4101; x_wconf 85' lang='grc' dir='ltr'>νόμον,</span> <span class='ocrx_word' id='word_1_554' title='bbox 707 4030 922 4100; x_wconf 75' lang='grc' dir='ltr'>ἐκείνης</span> <span class='ocrx_word' id='word_1_555' title='bbox 953 4028 1010 4081; x_wconf 80' lang='grc' dir='ltr'>δὲ</span> <span class='ocrx_word' id='word_1_556' title='bbox 1055 4027 1276 4098; x_wconf 80' lang='grc' dir='ltr'>μᾶλλον,</span> <span class='ocrx_word' id='word_1_557' title='bbox 1311 4026 1378 4097; x_wconf 79' lang='grc' dir='ltr'>ἢν</span> <span class='ocrx_word' id='word_1_558' title='bbox 1415 4024 1504 4078; x_wconf 79' lang='grc' dir='ltr'>διὰ</span> <span class='ocrx_word' id='word_1_559' title='bbox 1540 4023 1649 4078; x_wconf 86' lang='grc' dir='ltr'>τῶν</span> <span class='ocrx_word' id='word_1_560' title='bbox 1683 4024 1778 4078; x_wconf 86' lang='grc' dir='ltr'>τοῦ</span> 
     </span>
    </p>
   </div>
   <div class='ocr_carea' id='block_1_65' title="bbox 194 4117 1781 4196">
    <p class='ocr_par' dir='ltr' id='par_1_65' title="bbox 194 4117 1781 4196">
     <span class='ocr_line' id='line_1_65' title="bbox 194 4117 1781 4196; baseline -0.006 -16"><span class='ocrx_word' id='word_1_561' title='bbox 194 4128 450 4196; x_wconf 74' lang='grc' dir='ltr'>Σωτῆρος</span> <span class='ocrx_word' id='word_1_562' title='bbox 477 4125 742 4193; x_wconf 77' lang='grc' dir='ltr'>ἐσχήκασι</span> <span class='ocrx_word' id='word_1_563' title='bbox 763 4121 1170 4190; x_wconf 73' lang='grc' dir='ltr'>θεσπισμάτωνο</span> <span class='ocrx_word' id='word_1_564' title='bbox 1196 4117 1433 4188; x_wconf 84' lang='grc' dir='ltr'>ἀμείνων</span> <span class='ocrx_word' id='word_1_565' title='bbox 1457 4117 1781 4188; x_wconf 74' lang='grc' dir='ltr'>δ’,άσυγκρί-</span> 
     </span>
    </p>
   </div>
   <div class='ocr_carea' id='block_1_66' title="bbox 197 4206 1780 4284">
    <p class='ocr_par' dir='ltr' id='par_1_66' title="bbox 197 4206 1780 4284">
     <span class='ocr_line' id='line_1_66' title="bbox 197 4206 1780 4284; baseline -0.006 -16"><span class='ocrx_word' id='word_1_566' title='bbox 197 4233 307 4279; x_wconf 83' lang='grc' dir='ltr'>τως</span> <span class='ocrx_word' id='word_1_567' title='bbox 329 4217 366 4284; x_wconf 73' lang='grc' dir='ltr'>ἡ</span> <span class='ocrx_word' id='word_1_568' title='bbox 404 4212 494 4266; x_wconf 83' lang='grc' dir='ltr'>διὰ</span> <span class='ocrx_word' id='word_1_569' title='bbox 518 4210 756 4282; x_wconf 81' lang='grc' dir='ltr'>Χριστοῦ</span> <span class='ocrx_word' id='word_1_570' title='bbox 783 4211 884 4282; x_wconf 84' lang='grc' dir='ltr'>τῆς</span> <span class='ocrx_word' id='word_1_571' title='bbox 909 4211 972 4263; x_wconf 82' lang='grc' dir='ltr'>ὲν</span> <span class='ocrx_word' id='word_1_572' title='bbox 1015 4209 1184 4280; x_wconf 65' lang='grc' dir='ltr'>νόμῳ*</span> <span class='ocrx_word' id='word_1_573' title='bbox 1228 4210 1323 4261; x_wconf 76' lang='grc' dir='ltr'>καὶ</span> <span class='ocrx_word' id='word_1_574' title='bbox 1350 4207 1479 4276; x_wconf 90' lang='grc' dir='ltr'>γοῦν</span> <span class='ocrx_word' id='word_1_575' title='bbox 1528 4206 1633 4276; x_wconf 74' lang='grc' dir='ltr'>ἔφη</span> <span class='ocrx_word' id='word_1_576' title='bbox 1669 4209 1780 4270; x_wconf 88' lang='grc' dir='ltr'>τοίς</span> 
     </span>
    </p>
   </div>
   <div class='ocr_carea' id='block_1_67' title="bbox 195 4298 1781 4375">
    <p class='ocr_par' dir='ltr' id='par_1_67' title="bbox 195 4298 1781 4375">
     <span class='ocr_line' id='line_1_67' title="bbox 195 4298 1781 4375; baseline -0.009 -11"><span class='ocrx_word' id='word_1_577' title='bbox 195 4307 376 4375; x_wconf 78' lang='grc' dir='ltr'>ἁγίοις</span> <span class='ocrx_word' id='word_1_578' title='bbox 438 4304 775 4367; x_wconf 76' lang='grc' dir='ltr'>ἀποστόλοιςσ</span> <span class='ocrx_word' id='word_1_579' title='bbox 834 4320 854 4354; x_wconf 75' lang='grc' dir='ltr'>ι</span> <span class='ocrx_word' id='word_1_580' title='bbox 925 4302 1097 4372; x_wconf 80' lang='grc' dir='ltr'>Ἀμὴν</span> <span class='ocrx_word' id='word_1_581' title='bbox 1149 4299 1290 4369; x_wconf 85' lang='grc' dir='ltr'>λέγω</span> <span class='ocrx_word' id='word_1_582' title='bbox 1343 4301 1472 4370; x_wconf 82' lang='grc' dir='ltr'>ὑμῖν</span> <span class='ocrx_word' id='word_1_583' title='bbox 1496 4339 1512 4363; x_wconf 93' lang='grc'>,</span> <span class='ocrx_word' id='word_1_584' title='bbox 1568 4298 1663 4352; x_wconf 76' lang='grc' dir='ltr'>ἐὰν</span> <span class='ocrx_word' id='word_1_585' title='bbox 1705 4300 1781 4370; x_wconf 82' lang='grc' dir='ltr'>μὴ</span> 
     </span>
    </p>
   </div>
   <div class='ocr_carea' id='block_1_68' title="bbox 197 4391 1780 4470">
    <p class='ocr_par' dir='ltr' id='par_1_68' title="bbox 197 4391 1780 4470">
     <span class='ocr_line' id='line_1_68' title="bbox 197 4391 1780 4470; baseline -0.007 -17"><span class='ocrx_word' id='word_1_586' title='bbox 197 4397 601 4470; x_wconf 79' lang='grc' dir='ltr'>περισσεύσῃή</span> <span class='ocrx_word' id='word_1_587' title='bbox 650 4393 968 4465; x_wconf 86' lang='grc' dir='ltr'>δικαιοσύνη</span> <span class='ocrx_word' id='word_1_588' title='bbox 1018 4393 1170 4463; x_wconf 81' lang='grc' dir='ltr'>ὑμῶν</span> <span class='ocrx_word' id='word_1_589' title='bbox 1222 4393 1404 4448; x_wconf 80' lang='grc' dir='ltr'>πλεῖον</span> <span class='ocrx_word' id='word_1_590' title='bbox 1456 4391 1567 4445; x_wconf 90' lang='grc' dir='ltr'>τῶν</span> <span class='ocrx_word' id='word_1_591' title='bbox 1594 4393 1633 4444; x_wconf 85' lang='grc' dir='ltr'><strong><em>Γ</em></strong></span> <span class='ocrx_word' id='word_1_592' title='bbox 1641 4409 1780 4462; x_wconf 88' lang='grc' dir='ltr'>ραμ-</span> 
     </span>
    </p>
   </div>
   <div class='ocr_carea' id='block_1_69' title="bbox 201 4483 1778 4562">
    <p class='ocr_par' dir='ltr' id='par_1_69' title="bbox 201 4483 1778 4562">
     <span class='ocr_line' id='line_1_69' title="bbox 201 4483 1778 4562; baseline -0.006 -17"><span class='ocrx_word' id='word_1_593' title='bbox 201 4492 418 4562; x_wconf 65' lang='grc' dir='ltr'>μτὲων</span> <span class='ocrx_word' id='word_1_594' title='bbox 464 4490 559 4543; x_wconf 77' lang='grc' dir='ltr'>καὶ</span> <span class='ocrx_word' id='word_1_595' title='bbox 591 4487 922 4560; x_wconf 83' lang='grc' dir='ltr'>Φαρισαίων,</span> <span class='ocrx_word' id='word_1_596' title='bbox 952 4487 1014 4539; x_wconf 85' lang='grc' dir='ltr'>οὐ</span> <span class='ocrx_word' id='word_1_597' title='bbox 1046 4486 1120 4556; x_wconf 80' lang='grc' dir='ltr'>μὴ</span> <span class='ocrx_word' id='word_1_598' title='bbox 1153 4485 1429 4555; x_wconf 80' lang='grc' dir='ltr'>εἰσέλθητε</span> <span class='ocrx_word' id='word_1_599' title='bbox 1451 4486 1530 4547; x_wconf 84' lang='grc' dir='ltr'>εἰς</span> <span class='ocrx_word' id='word_1_600' title='bbox 1558 4483 1656 4555; x_wconf 83' lang='grc' dir='ltr'>τὴν</span> <span class='ocrx_word' id='word_1_601' title='bbox 1681 4483 1778 4554; x_wconf 83' lang='grc' dir='ltr'>βα-</span> 
     </span>
    </p>
   </div>
   <div class='ocr_carea' id='block_1_70' title="bbox 197 4575 1777 4651">
    <p class='ocr_par' dir='ltr' id='par_1_70' title="bbox 197 4575 1777 4651">
     <span class='ocr_line' id='line_1_70' title="bbox 197 4575 1777 4651; baseline -0.006 -15"><span class='ocrx_word' id='word_1_602' title='bbox 197 4581 407 4636; x_wconf 80' lang='grc' dir='ltr'>σιλείαν</span> <span class='ocrx_word' id='word_1_603' title='bbox 433 4581 541 4634; x_wconf 88' lang='grc' dir='ltr'>τῶν</span> <span class='ocrx_word' id='word_1_604' title='bbox 559 4579 822 4651; x_wconf 82' lang='grc' dir='ltr'>οὐρανῶν.</span> <span class='ocrx_word' id='word_1_605' title='bbox 838 4598 937 4632; x_wconf 74' lang='grc' dir='ltr'>ι-</span> <span class='ocrx_word' id='word_1_606' title='bbox 959 4599 977 4631; x_wconf 83' lang='grc' dir='ltr'>ι</span> <span class='ocrx_word' id='word_1_607' title='bbox 1001 4578 1369 4650; x_wconf 84' lang='grc' dir='ltr'>Κεκλήσονται</span> <span class='ocrx_word' id='word_1_608' title='bbox 1392 4576 1594 4639; x_wconf 89' lang='grc' dir='ltr'>τοίνυν,</span> <span class='ocrx_word' id='word_1_609' title='bbox 1621 4575 1777 4646; x_wconf 75' lang='grc' dir='ltr'>φησὶ,</span> 
     </span>
    </p>
   </div>
   <div class='ocr_carea' id='block_1_71' title="bbox 1879 3381 3453 3455">
    <p class='ocr_par' dir='ltr' id='par_1_71' title="bbox 1879 3381 3453 3455">
     <span class='ocr_line' id='line_1_71' title="bbox 1879 3381 3453 3455; baseline -0.007 -11"><span class='ocrx_word' id='word_1_610' title='bbox 1879 3391 1952 3444; x_wconf 79' lang='lat' dir='ltr'>tio</span> <span class='ocrx_word' id='word_1_611' title='bbox 1991 3387 2200 3442; x_wconf 82' lang='lat' dir='ltr'><strong>Domini</strong></span> <span class='ocrx_word' id='word_1_612' title='bbox 2226 3388 2281 3440; x_wconf 80' lang='lat' dir='ltr'>in</span> <span class='ocrx_word' id='word_1_613' title='bbox 2329 3386 2579 3455; x_wconf 75' lang='lat' dir='ltr'><strong>gloriam.</strong></span> <span class='ocrx_word' id='word_1_614' title='bbox 2642 3381 2708 3437; x_wconf 78' lang='lat' dir='ltr'><strong>Et</strong></span> <span class='ocrx_word' id='word_1_615' title='bbox 2757 3382 3094 3451; x_wconf 79' lang='lat' dir='ltr'><strong>a&#39;diﬁcabtmt</strong></span> <span class='ocrx_word' id='word_1_616' title='bbox 3143 3381 3453 3436; x_wconf 75' lang='lat' dir='ltr'><strong>solitudines</strong></span> 
     </span>
    </p>
   </div>
   <div class='ocr_carea' id='block_1_72' title="bbox 1877 3472 3451 3544">
    <p class='ocr_par' dir='ltr' id='par_1_72' title="bbox 1877 3472 3451 3544">
     <span class='ocr_line' id='line_1_72' title="bbox 1877 3472 3451 3544; baseline -0.006 -9"><span class='ocrx_word' id='word_1_617' title='bbox 1877 3491 2123 3543; x_wconf 68' lang='lat' dir='ltr'><strong>claritas,</strong></span> <span class='ocrx_word' id='word_1_618' title='bbox 2141 3489 2372 3532; x_wconf 77' lang='lat' dir='ltr'><strong>vastatas</strong></span> <span class='ocrx_word' id='word_1_619' title='bbox 2397 3476 2544 3544; x_wconf 73' lang='lat' dir='ltr'><strong>prius</strong></span> <span class='ocrx_word' id='word_1_620' title='bbox 2570 3474 2894 3537; x_wconf 74' lang='lat' dir='ltr'><strong>excitabant,</strong></span> <span class='ocrx_word' id='word_1_621' title='bbox 2909 3482 2959 3527; x_wconf 80' lang='lat' dir='ltr'>et</span> <span class='ocrx_word' id='word_1_622' title='bbox 2975 3472 3296 3532; x_wconf 78' lang='lat' dir='ltr'><strong>innovabnnt</strong></span> <span class='ocrx_word' id='word_1_623' title='bbox 3321 3472 3451 3527; x_wconf 75' lang='lat' dir='ltr'><strong>civi-</strong></span> 
     </span>
    </p>
   </div>
   <div class='ocr_carea' id='block_1_73' title="bbox 1877 3564 3041 3634">
    <p class='ocr_par' dir='ltr' id='par_1_73' title="bbox 1877 3564 3041 3634">
     <span class='ocr_line' id='line_1_73' title="bbox 1877 3564 3041 3634; baseline -0.007 -8"><span class='ocrx_word' id='word_1_624' title='bbox 1877 3581 2008 3626; x_wconf 83' lang='lat' dir='ltr'>tam</span> <span class='ocrx_word' id='word_1_625' title='bbox 2038 3569 2296 3633; x_wconf 73' lang='lat' dir='ltr'><strong>desertos,</strong></span> <span class='ocrx_word' id='word_1_626' title='bbox 2322 3577 2554 3621; x_wconf 69' lang='lat' dir='ltr'><strong>vastatas</strong></span> <span class='ocrx_word' id='word_1_627' title='bbox 2584 3566 2640 3618; x_wconf 87' lang='lat' dir='ltr'>in</span> <span class='ocrx_word' id='word_1_628' title='bbox 2661 3564 3041 3634; x_wconf 72' lang='lat' dir='ltr'><strong>generationes.</strong></span> 
     </span>
    </p>
   </div>
   <div class='ocr_carea' id='block_1_74' title="bbox 1950 3740 3454 3814">
    <p class='ocr_par' dir='ltr' id='par_1_74' title="bbox 1950 3740 3454 3814">
     <span class='ocr_line' id='line_1_74' title="bbox 1950 3740 3454 3814; baseline -0.006 -12"><span class='ocrx_word' id='word_1_629' title='bbox 1950 3749 2344 3814; x_wconf 83' lang='lat' dir='ltr'><strong>Nuncupantur</strong></span> <span class='ocrx_word' id='word_1_630' title='bbox 2377 3745 2526 3799; x_wconf 89' lang='lat' dir='ltr'><strong>enim</strong></span> <span class='ocrx_word' id='word_1_631' title='bbox 2573 3742 2664 3812; x_wconf 91' lang='lat' dir='ltr'>qui</span> <span class='ocrx_word' id='word_1_632' title='bbox 2705 3745 2760 3796; x_wconf 92' lang='lat' dir='ltr'>in</span> <span class='ocrx_word' id='word_1_633' title='bbox 2782 3740 3004 3796; x_wconf 80' lang='lat' dir='ltr'><strong>Christo</strong></span> <span class='ocrx_word' id='word_1_634' title='bbox 3048 3750 3178 3796; x_wconf 88' lang='lat' dir='ltr'><strong>sunt</strong></span> <span class='ocrx_word' id='word_1_635' title='bbox 3212 3758 3231 3792; x_wconf 84' lang='grc' dir='ltr'>ι</span> <span class='ocrx_word' id='word_1_636' title='bbox 3284 3755 3454 3811; x_wconf 79' lang='lat' dir='ltr'><strong>genus</strong></span> 
     </span>
    </p>
   </div>
   <div class='ocr_carea' id='block_1_75' title="bbox 1879 3827 3454 3904">
    <p class='ocr_par' dir='ltr' id='par_1_75' title="bbox 1879 3827 3454 3904">
     <span class='ocr_line' id='line_1_75' title="bbox 1879 3827 3454 3904; baseline -0.009 -10"><span class='ocrx_word' id='word_1_637' title='bbox 1879 3837 2136 3898; x_wconf 82' lang='lat' dir='ltr'><strong>electum,</strong></span> <span class='ocrx_word' id='word_1_638' title='bbox 2166 3849 2299 3904; x_wconf 73' lang='lat' dir='ltr'><strong>gens</strong></span> <span class='ocrx_word' id='word_1_639' title='bbox 2350 3843 2558 3894; x_wconf 84' lang='lat' dir='ltr'><strong>sancta,</strong></span> <span class='ocrx_word' id='word_1_640' title='bbox 2588 3830 2814 3899; x_wconf 89' lang='lat' dir='ltr'><strong>populus</strong></span> <span class='ocrx_word' id='word_1_641' title='bbox 2845 3829 3141 3898; x_wconf 86' lang='lat' dir='ltr'><strong>acquisitus</strong></span> <span class='ocrx_word' id='word_1_642' title='bbox 3179 3827 3278 3894; x_wconf 59' lang='lat'>“,3</span> <span class='ocrx_word' id='word_1_643' title='bbox 3327 3843 3454 3896; x_wconf 83' lang='lat' dir='ltr'><strong>pro-</strong></span> 
     </span>
    </p>
   </div>
   <div class='ocr_carea' id='block_1_76' title="bbox 1879 3917 3450 4001">
    <p class='ocr_par' dir='ltr' id='par_1_76' title="bbox 1879 3917 3450 4001">
     <span class='ocr_line' id='line_1_76' title="bbox 1879 3917 3450 4001; baseline -0.01 -16"><span class='ocrx_word' id='word_1_644' title='bbox 1879 3941 1998 4001; x_wconf 87' lang='lat' dir='ltr'><strong>pter</strong></span> <span class='ocrx_word' id='word_1_645' title='bbox 2016 3928 2243 3998; x_wconf 74' lang='lat' dir='ltr'><strong>justitia:</strong></span> <span class='ocrx_word' id='word_1_646' title='bbox 2259 3941 2378 3995; x_wconf 68' lang='lat' dir='ltr'><strong>quae</strong></span> <span class='ocrx_word' id='word_1_647' title='bbox 2396 3923 2498 3976; x_wconf 83' lang='lat' dir='ltr'><strong>illis</strong></span> <span class='ocrx_word' id='word_1_648' title='bbox 2521 3921 2662 3976; x_wconf 87' lang='lat' dir='ltr'><strong>inest</strong></span> <span class='ocrx_word' id='word_1_649' title='bbox 2680 3920 3158 3990; x_wconf 84' lang='lat' dir='ltr'><strong>pulchritudinem.</strong></span> <span class='ocrx_word' id='word_1_650' title='bbox 3178 3917 3450 3972; x_wconf 83' lang='lat' dir='ltr'><strong>Justitiam</strong></span> 
     </span>
    </p>
   </div>
   <div class='ocr_carea' id='block_1_77' title="bbox 1880 4010 3453 4082">
    <p class='ocr_par' dir='ltr' id='par_1_77' title="bbox 1880 4010 3453 4082">
     <span class='ocr_line' id='line_1_77' title="bbox 1880 4010 3453 4082; baseline -0.011 -5"><span class='ocrx_word' id='word_1_651' title='bbox 1880 4022 2002 4077; x_wconf 90' lang='lat' dir='ltr'><strong>dico</strong></span> <span class='ocrx_word' id='word_1_652' title='bbox 2033 4035 2137 4074; x_wconf 91' lang='lat' dir='ltr'>non</span> <span class='ocrx_word' id='word_1_653' title='bbox 2168 4017 2416 4082; x_wconf 74' lang='lat' dir='ltr'><strong>legalem,</strong></span> <span class='ocrx_word' id='word_1_654' title='bbox 2453 4013 2548 4071; x_wconf 86' lang='lat' dir='ltr'>sed</span> <span class='ocrx_word' id='word_1_655' title='bbox 2581 4014 2758 4082; x_wconf 86' lang='lat' dir='ltr'><strong>potius</strong></span> <span class='ocrx_word' id='word_1_656' title='bbox 2800 4025 2944 4075; x_wconf 89' lang='lat' dir='ltr'><strong>eam,</strong></span> <span class='ocrx_word' id='word_1_657' title='bbox 2973 4025 3136 4078; x_wconf 90' lang='lat' dir='ltr'><strong>quam</strong></span> <span class='ocrx_word' id='word_1_658' title='bbox 3162 4024 3227 4064; x_wconf 75' lang='lat' dir='ltr'><strong>ex</strong></span> <span class='ocrx_word' id='word_1_659' title='bbox 3256 4010 3453 4063; x_wconf 86' lang='lat' dir='ltr'><strong>Serva-</strong></span> 
     </span>
    </p>
   </div>
   <div class='ocr_carea' id='block_1_78' title="bbox 1883 4098 3453 4170">
    <p class='ocr_par' dir='ltr' id='par_1_78' title="bbox 1883 4098 3453 4170">
     <span class='ocr_line' id='line_1_78' title="bbox 1883 4098 3453 4170; baseline -0.01 -3"><span class='ocrx_word' id='word_1_660' title='bbox 1883 4112 2018 4167; x_wconf 89' lang='lat' dir='ltr'><strong>toris</strong></span> <span class='ocrx_word' id='word_1_661' title='bbox 2046 4108 2285 4165; x_wconf 86' lang='lat' dir='ltr'><strong>oraculis</strong></span> <span class='ocrx_word' id='word_1_662' title='bbox 2316 4107 2643 4162; x_wconf 85' lang='lat' dir='ltr'><strong>habuerunt.</strong></span> <span class='ocrx_word' id='word_1_663' title='bbox 2675 4103 2806 4168; x_wconf 62' lang='lat' dir='ltr'><strong>Quae</strong></span> <span class='ocrx_word' id='word_1_664' title='bbox 2839 4102 2893 4156; x_wconf 92' lang='lat' dir='ltr'>in</span> <span class='ocrx_word' id='word_1_665' title='bbox 2923 4100 3142 4155; x_wconf 89' lang='lat' dir='ltr'><strong>Christo</strong></span> <span class='ocrx_word' id='word_1_666' title='bbox 3163 4109 3266 4165; x_wconf 91' lang='lat' dir='ltr'><strong>est,</strong></span> <span class='ocrx_word' id='word_1_667' title='bbox 3296 4098 3453 4170; x_wconf 83' lang='lat' dir='ltr'><strong>legali</strong></span> 
     </span>
    </p>
   </div>
   <div class='ocr_carea' id='block_1_79' title="bbox 1876 4188 3455 4270">
    <p class='ocr_par' dir='ltr' id='par_1_79' title="bbox 1876 4188 3455 4270">
     <span class='ocr_line' id='line_1_79' title="bbox 1876 4188 3455 4270; baseline -0.005 -19"><span class='ocrx_word' id='word_1_668' title='bbox 1876 4199 2090 4270; x_wconf 71' lang='lat' dir='ltr'><strong>iustitia</strong></span> <span class='ocrx_word' id='word_1_669' title='bbox 2121 4196 2313 4252; x_wconf 88' lang='lat' dir='ltr'><strong>melior</strong></span> <span class='ocrx_word' id='word_1_670' title='bbox 2334 4205 2418 4250; x_wconf 86' lang='lat' dir='ltr'>est</span> <span class='ocrx_word' id='word_1_671' title='bbox 2458 4191 2976 4262; x_wconf 88' lang='lat' dir='ltr'><strong>incomparabiliter.</strong></span> <span class='ocrx_word' id='word_1_672' title='bbox 3012 4188 3292 4259; x_wconf 85' lang='lat' dir='ltr'><strong>Siquidem</strong></span> <span class='ocrx_word' id='word_1_673' title='bbox 3327 4203 3455 4243; x_wconf 85' lang='lat' dir='ltr'><strong>san-</strong></span> 
     </span>
    </p>
   </div>
   <div class='ocr_carea' id='block_1_80' title="bbox 1880 4281 3452 4356">
    <p class='ocr_par' dir='ltr' id='par_1_80' title="bbox 1880 4281 3452 4356">
     <span class='ocr_line' id='line_1_80' title="bbox 1880 4281 3452 4356; baseline -0.006 -10"><span class='ocrx_word' id='word_1_674' title='bbox 1880 4301 1996 4347; x_wconf 90' lang='lat' dir='ltr'><strong>ctos</strong></span> <span class='ocrx_word' id='word_1_675' title='bbox 2014 4289 2287 4356; x_wconf 86' lang='lat' dir='ltr'><strong>apostolos</strong></span> <span class='ocrx_word' id='word_1_676' title='bbox 2307 4287 2570 4342; x_wconf 84' lang='lat' dir='ltr'><strong>allocutus</strong></span> <span class='ocrx_word' id='word_1_677' title='bbox 2596 4291 2679 4339; x_wconf 88' lang='lat' dir='ltr'>est</span> <span class='ocrx_word' id='word_1_678' title='bbox 2702 4301 2716 4338; x_wconf 89' lang='lat'><strong>:</strong></span> <span class='ocrx_word' id='word_1_679' title='bbox 2758 4301 2776 4335; x_wconf 84' lang='grc' dir='ltr'>ι</span> <span class='ocrx_word' id='word_1_680' title='bbox 2801 4285 2972 4338; x_wconf 81' lang='lat' dir='ltr'><strong>Amen</strong></span> <span class='ocrx_word' id='word_1_681' title='bbox 2996 4283 3118 4337; x_wconf 88' lang='lat' dir='ltr'><strong>dico</strong></span> <span class='ocrx_word' id='word_1_682' title='bbox 3140 4282 3317 4347; x_wconf 84' lang='lat' dir='ltr'><strong>vobis,</strong></span> <span class='ocrx_word' id='word_1_683' title='bbox 3351 4281 3452 4336; x_wconf 90' lang='lat' dir='ltr'><strong>nisi</strong></span> 
     </span>
    </p>
   </div>
   <div class='ocr_carea' id='block_1_81' title="bbox 1881 4375 3457 4447">
    <p class='ocr_par' dir='ltr' id='par_1_81' title="bbox 1881 4375 3457 4447">
     <span class='ocr_line' id='line_1_81' title="bbox 1881 4375 3457 4447; baseline -0.005 -11"><span class='ocrx_word' id='word_1_684' title='bbox 1881 4382 2235 4436; x_wconf 78' lang='lat' dir='ltr'><strong>abundaverit</strong></span> <span class='ocrx_word' id='word_1_685' title='bbox 2261 4380 2472 4446; x_wconf 80' lang='lat' dir='ltr'><strong>iustitia</strong></span> <span class='ocrx_word' id='word_1_686' title='bbox 2507 4389 2682 4433; x_wconf 84' lang='lat' dir='ltr'><strong>vestra</strong></span> <span class='ocrx_word' id='word_1_687' title='bbox 2729 4376 3013 4447; x_wconf 86' lang='lat' dir='ltr'><strong>plusquam</strong></span> <span class='ocrx_word' id='word_1_688' title='bbox 3061 4375 3376 4431; x_wconf 86' lang='lat' dir='ltr'><strong>Scribarum</strong></span> <span class='ocrx_word' id='word_1_689' title='bbox 3400 4382 3457 4428; x_wconf 82' lang='lat' dir='ltr'>et</span> 
     </span>
    </p>
   </div>
   <div class='ocr_carea' id='block_1_82' title="bbox 1882 4468 3454 4540">
    <p class='ocr_par' dir='ltr' id='par_1_82' title="bbox 1882 4468 3454 4540">
     <span class='ocr_line' id='line_1_82' title="bbox 1882 4468 3454 4540; baseline -0.005 -12"><span class='ocrx_word' id='word_1_690' title='bbox 1882 4474 2294 4532; x_wconf 65' lang='lat' dir='ltr'><strong>Pharisaeorum,</strong></span> <span class='ocrx_word' id='word_1_691' title='bbox 2317 4488 2424 4526; x_wconf 91' lang='lat' dir='ltr'>non</span> <span class='ocrx_word' id='word_1_692' title='bbox 2489 4468 2865 4540; x_wconf 77' lang='lat' dir='ltr'><strong>ingrediemini</strong></span> <span class='ocrx_word' id='word_1_693' title='bbox 2909 4469 2963 4521; x_wconf 94' lang='lat' dir='ltr'>in</span> <span class='ocrx_word' id='word_1_694' title='bbox 3021 4482 3244 4538; x_wconf 70' lang='lat' dir='ltr'><strong>regnum</strong></span> <span class='ocrx_word' id='word_1_695' title='bbox 3288 4468 3454 4522; x_wconf 68' lang='lat' dir='ltr'><strong>caelo-</strong></span> 
     </span>
    </p>
   </div>
   <div class='ocr_carea' id='block_1_83' title="bbox 1885 4555 3452 4628">
    <p class='ocr_par' dir='ltr' id='par_1_83' title="bbox 1885 4555 3452 4628">
     <span class='ocr_line' id='line_1_83' title="bbox 1885 4555 3452 4628; baseline -0.007 -9"><span class='ocrx_word' id='word_1_696' title='bbox 1885 4581 2000 4619; x_wconf 90' lang='lat' dir='ltr'>rmn</span> <span class='ocrx_word' id='word_1_697' title='bbox 2033 4566 2100 4619; x_wconf 80' lang='lat'>&quot;’.</span> <span class='ocrx_word' id='word_1_698' title='bbox 2125 4582 2144 4616; x_wconf 76' lang='grc' dir='ltr'>ι</span> <span class='ocrx_word' id='word_1_699' title='bbox 2168 4595 2240 4604; x_wconf 88' lang='grc'><strong><em>-</em></strong></span> <span class='ocrx_word' id='word_1_700' title='bbox 2271 4581 2290 4614; x_wconf 82' lang='grc' dir='ltr'>ι</span> <span class='ocrx_word' id='word_1_701' title='bbox 2315 4562 2664 4618; x_wconf 79' lang='lat' dir='ltr'><strong>Vocabuntur</strong></span> <span class='ocrx_word' id='word_1_702' title='bbox 2698 4560 2886 4628; x_wconf 80' lang='lat' dir='ltr'><strong>igitur,</strong></span> <span class='ocrx_word' id='word_1_703' title='bbox 2923 4557 3118 4625; x_wconf 87' lang='lat' dir='ltr'><strong>inquit,</strong></span> <span class='ocrx_word' id='word_1_704' title='bbox 3161 4555 3452 4627; x_wconf 75' lang='lat' dir='ltr'><strong>progenies</strong></span> 
     </span>
    </p>
   </div>
   <div class='ocr_carea' id='block_1_84' title="bbox 199 4643 1781 4740">
    <p class='ocr_par' dir='ltr' id='par_1_84' title="bbox 199 4643 1770 4740">
     <span class='ocr_line' id='line_1_84' title="bbox 199 4643 1770 4740; baseline -0.007 -14"><span class='ocrx_word' id='word_1_705' title='bbox 199 4671 552 4740; x_wconf 73' lang='grc' dir='ltr'>δικαιοσύνης</span> <span class='ocrx_word' id='word_1_706' title='bbox 599 4643 804 4739; x_wconf 76' lang='grc' dir='ltr'>γενεαὶ,</span> <span class='ocrx_word' id='word_1_707' title='bbox 856 4670 951 4723; x_wconf 73' lang='grc' dir='ltr'>καὶ</span> <span class='ocrx_word' id='word_1_708' title='bbox 983 4643 1207 4739; x_wconf 79' lang='grc' dir='ltr'>προσέτι</span> <span class='ocrx_word' id='word_1_709' title='bbox 1240 4666 1491 4736; x_wconf 85' lang='grc' dir='ltr'>φύτευμα</span> <span class='ocrx_word' id='word_1_710' title='bbox 1512 4643 1770 4735; x_wconf 75' lang='grc' dir='ltr'>Κυρίου.»</span> 
     </span>
    </p>
   </div>
   <div class='ocr_carea' id='block_1_85' title="bbox 1883 4643 3454 4740">
    <p class='ocr_par' dir='ltr' id='par_1_85' title="bbox 1883 4643 3454 4728">
     <span class='ocr_line' id='line_1_85' title="bbox 1883 4643 3454 4728; baseline -0.012 -16"><span class='ocrx_word' id='word_1_711' title='bbox 1883 4655 2119 4728; x_wconf 63' lang='lat' dir='ltr'><strong>iustitia,</strong></span> <span class='ocrx_word' id='word_1_712' title='bbox 2158 4664 2208 4709; x_wconf 88' lang='lat' dir='ltr'>et</span> <span class='ocrx_word' id='word_1_713' title='bbox 2239 4662 2496 4722; x_wconf 68' lang='lat' dir='ltr'><strong>praetcrea</strong></span> <span class='ocrx_word' id='word_1_714' title='bbox 2525 4648 2785 4719; x_wconf 89' lang='lat' dir='ltr'><strong>plantatio</strong></span> <span class='ocrx_word' id='word_1_715' title='bbox 2812 4644 3048 4701; x_wconf 89' lang='lat' dir='ltr'><strong>Domini.</strong></span> <span class='ocrx_word' id='word_1_716' title='bbox 3083 4662 3102 4696; x_wconf 75' lang='grc' dir='ltr'>ι</span> <span class='ocrx_word' id='word_1_717' title='bbox 3131 4643 3338 4698; x_wconf 86' lang='lat' dir='ltr'><strong>Etenim</strong></span> <span class='ocrx_word' id='word_1_718' title='bbox 3362 4657 3454 4695; x_wconf 87' lang='lat' dir='ltr'><strong>sn-</strong></span> 
     </span>
    </p>
   </div>
   <div class='ocr_carea' id='block_1_86' title="bbox 204 4755 1785 4834">
    <p class='ocr_par' dir='ltr' id='par_1_86' title="bbox 204 4755 1785 4834">
     <span class='ocr_line' id='line_1_86' title="bbox 204 4755 1785 4834; baseline -0.006 -17"><span class='ocrx_word' id='word_1_719' title='bbox 204 4765 313 4818; x_wconf 74' lang='grc' dir='ltr'>Καὶ</span> <span class='ocrx_word' id='word_1_720' title='bbox 346 4763 459 4834; x_wconf 78' lang='grc' dir='ltr'>γάρ</span> <span class='ocrx_word' id='word_1_721' title='bbox 511 4764 678 4832; x_wconf 80' lang='grc' dir='ltr'>ἐσμεν</span> <span class='ocrx_word' id='word_1_722' title='bbox 734 4759 949 4830; x_wconf 80' lang='grc' dir='ltr'>ἀληθῶς</span> <span class='ocrx_word' id='word_1_723' title='bbox 1009 4757 1147 4812; x_wconf 89' lang='grc' dir='ltr'>Θεοῦ</span> <span class='ocrx_word' id='word_1_724' title='bbox 1201 4756 1489 4826; x_wconf 80' lang='grc' dir='ltr'>γεώργιον,</span> <span class='ocrx_word' id='word_1_725' title='bbox 1515 4756 1608 4809; x_wconf 81' lang='grc' dir='ltr'>καὶ</span> <span class='ocrx_word' id='word_1_726' title='bbox 1657 4755 1785 4825; x_wconf 70' lang='grc' dir='ltr'>περὶ</span> 
     </span>
    </p>
   </div>
   <div class='ocr_carea' id='block_1_87' title="bbox 203 4845 1787 4926">
    <p class='ocr_par' dir='ltr' id='par_1_87' title="bbox 203 4845 1787 4926">
     <span class='ocr_line' id='line_1_87' title="bbox 203 4845 1787 4926; baseline -0.006 -16"><span class='ocrx_word' id='word_1_727' title='bbox 203 4856 363 4926; x_wconf 74' lang='grc' dir='ltr'>ἡμῶν</span> <span class='ocrx_word' id='word_1_728' title='bbox 384 4856 414 4908; x_wconf 82' lang='grc' dir='ltr'><strong>ὁ</strong></span> <span class='ocrx_word' id='word_1_729' title='bbox 431 4855 716 4916; x_wconf 83' lang='grc' dir='ltr'>θεσπέσιος</span> <span class='ocrx_word' id='word_1_730' title='bbox 743 4853 908 4906; x_wconf 80' lang='grc' dir='ltr'>Δαὸίδ</span> <span class='ocrx_word' id='word_1_731' title='bbox 937 4868 1090 4923; x_wconf 83' lang='grc' dir='ltr'>φησι’</span> <span class='ocrx_word' id='word_1_732' title='bbox 1127 4868 1146 4902; x_wconf 80' lang='grc' dir='ltr'>ι</span> <span class='ocrx_word' id='word_1_733' title='bbox 1185 4847 1590 4919; x_wconf 78' lang='grc' dir='ltr'>Πεφυτευμένοι</span> <span class='ocrx_word' id='word_1_734' title='bbox 1626 4847 1685 4901; x_wconf 81' lang='grc' dir='ltr'>ἐν</span> <span class='ocrx_word' id='word_1_735' title='bbox 1708 4845 1787 4916; x_wconf 81' lang='grc' dir='ltr'>τῷ</span> 
     </span>
    </p>
   </div>
   <div class='ocr_carea' id='block_1_88' title="bbox 202 4937 1787 5019">
    <p class='ocr_par' dir='ltr' id='par_1_88' title="bbox 202 4937 1787 5019">
     <span class='ocr_line' id='line_1_88' title="bbox 202 4937 1787 5019; baseline -0.009 -16"><span class='ocrx_word' id='word_1_736' title='bbox 202 4950 337 5019; x_wconf 77' lang='grc' dir='ltr'>οἴκῳ</span> <span class='ocrx_word' id='word_1_737' title='bbox 364 4949 594 5019; x_wconf 76' lang='grc' dir='ltr'>Κυρίου,</span> <span class='ocrx_word' id='word_1_738' title='bbox 625 4948 684 5002; x_wconf 83' lang='grc' dir='ltr'>ὲν</span> <span class='ocrx_word' id='word_1_739' title='bbox 705 4949 825 5010; x_wconf 83' lang='grc' dir='ltr'>ταῖς</span> <span class='ocrx_word' id='word_1_740' title='bbox 855 4945 1042 5009; x_wconf 80' lang='grc' dir='ltr'>αὐλαῖς</span> <span class='ocrx_word' id='word_1_741' title='bbox 1070 4943 1165 4998; x_wconf 90' lang='grc' dir='ltr'>τοῦ</span> <span class='ocrx_word' id='word_1_742' title='bbox 1197 4941 1332 4996; x_wconf 86' lang='grc' dir='ltr'>Θεοῦ</span> <span class='ocrx_word' id='word_1_743' title='bbox 1383 4941 1538 5013; x_wconf 79' lang='grc' dir='ltr'>ἡμῶν</span> <span class='ocrx_word' id='word_1_744' title='bbox 1559 4937 1787 5008; x_wconf 77' lang='grc' dir='ltr'>ἐξανθή-</span> 
     </span>
    </p>
   </div>
   <div class='ocr_carea' id='block_1_89' title="bbox 209 5031 1789 5107">
    <p class='ocr_par' dir='ltr' id='par_1_89' title="bbox 209 5031 1789 5107">
     <span class='ocr_line' id='line_1_89' title="bbox 209 5031 1789 5107; baseline -0.009 -11"><span class='ocrx_word' id='word_1_745' title='bbox 209 5058 380 5096; x_wconf 81' lang='grc' dir='ltr'>σουσι.</span> <span class='ocrx_word' id='word_1_746' title='bbox 417 5059 436 5090; x_wconf 72' lang='grc' dir='ltr'>ι</span> <span class='ocrx_word' id='word_1_747' title='bbox 472 5039 580 5094; x_wconf 79' lang='grc' dir='ltr'>Καὶ</span> <span class='ocrx_word' id='word_1_748' title='bbox 601 5038 734 5107; x_wconf 80' lang='grc' dir='ltr'>γοῦν</span> <span class='ocrx_word' id='word_1_749' title='bbox 767 5040 796 5090; x_wconf 87' lang='lat'>6</span> <span class='ocrx_word' id='word_1_750' title='bbox 820 5037 1094 5105; x_wconf 83' lang='grc' dir='ltr'>πάνσοφος</span> <span class='ocrx_word' id='word_1_751' title='bbox 1129 5033 1340 5096; x_wconf 87' lang='grc' dir='ltr'>Παῦλος</span> <span class='ocrx_word' id='word_1_752' title='bbox 1358 5032 1493 5086; x_wconf 84' lang='grc' dir='ltr'>Θεοῦ</span> <span class='ocrx_word' id='word_1_753' title='bbox 1523 5031 1789 5100; x_wconf 81' lang='grc' dir='ltr'>γεώργιον</span> 
     </span>
    </p>
   </div>
   <div class='ocr_carea' id='block_1_90' title="bbox 203 5122 1782 5202">
    <p class='ocr_par' dir='ltr' id='par_1_90' title="bbox 203 5122 1782 5202">
     <span class='ocr_line' id='line_1_90' title="bbox 203 5122 1782 5202; baseline -0.006 -18"><span class='ocrx_word' id='word_1_754' title='bbox 203 5131 466 5202; x_wconf 80' lang='grc' dir='ltr'>ὀνομάζει</span> <span class='ocrx_word' id='word_1_755' title='bbox 485 5132 612 5194; x_wconf 76' lang='grc' dir='ltr'>τοὺς</span> <span class='ocrx_word' id='word_1_756' title='bbox 635 5128 1003 5198; x_wconf 83' lang='grc' dir='ltr'>κεκλημένους</span> <span class='ocrx_word' id='word_1_757' title='bbox 1032 5126 1121 5180; x_wconf 85' lang='grc' dir='ltr'>διὰ</span> <span class='ocrx_word' id='word_1_758' title='bbox 1147 5126 1381 5189; x_wconf 88' lang='grc' dir='ltr'>πίστεως</span> <span class='ocrx_word' id='word_1_759' title='bbox 1416 5124 1514 5194; x_wconf 83' lang='grc' dir='ltr'>τῆς</span> <span class='ocrx_word' id='word_1_760' title='bbox 1560 5125 1620 5176; x_wconf 81' lang='grc' dir='ltr'>ὲν</span> <span class='ocrx_word' id='word_1_761' title='bbox 1646 5122 1782 5192; x_wconf 84' lang='grc' dir='ltr'>Χρι-</span> 
     </span>
    </p>
   </div>
   <div class='ocr_carea' id='block_1_91' title="bbox 206 5209 1782 5293">
    <p class='ocr_par' dir='ltr' id='par_1_91' title="bbox 206 5209 1782 5293">
     <span class='ocr_line' id='line_1_91' title="bbox 206 5209 1782 5293; baseline -0.009 -17"><span class='ocrx_word' id='word_1_762' title='bbox 206 5221 339 5293; x_wconf 82' lang='grc' dir='ltr'>στῷ.</span> <span class='ocrx_word' id='word_1_763' title='bbox 365 5223 513 5290; x_wconf 83' lang='grc' dir='ltr'>Ἔφη</span> <span class='ocrx_word' id='word_1_764' title='bbox 552 5221 608 5273; x_wconf 84' lang='grc' dir='ltr'>δὲ</span> <span class='ocrx_word' id='word_1_765' title='bbox 640 5219 822 5282; x_wconf 81' lang='grc' dir='ltr'>πάλιν,</span> <span class='ocrx_word' id='word_1_766' title='bbox 851 5220 933 5274; x_wconf 83' lang='grc' dir='ltr'>ὅτι</span> <span class='ocrx_word' id='word_1_767' title='bbox 967 5237 984 5268; x_wconf 83' lang='grc' dir='ltr'>ι</span> <span class='ocrx_word' id='word_1_768' title='bbox 1029 5215 1168 5286; x_wconf 79' lang='grc' dir='ltr'>Ἐγὼ</span> <span class='ocrx_word' id='word_1_769' title='bbox 1194 5215 1484 5284; x_wconf 79' lang='grc' dir='ltr'>ἐφύτευσα,</span> <span class='ocrx_word' id='word_1_770' title='bbox 1512 5209 1782 5273; x_wconf 82' lang='grc' dir='ltr'>Ἀπολλὼς</span> 
     </span>
    </p>
   </div>
   <div class='ocr_carea' id='block_1_92' title="bbox 204 5301 1786 5379">
    <p class='ocr_par' dir='ltr' id='par_1_92' title="bbox 204 5301 1786 5379">
     <span class='ocr_line' id='line_1_92' title="bbox 204 5301 1786 5379; baseline -0.009 -12"><span class='ocrx_word' id='word_1_771' title='bbox 204 5314 478 5374; x_wconf 70' lang='grc' dir='ltr'>ἐπότισεν,</span> <span class='ocrx_word' id='word_1_772' title='bbox 507 5315 536 5364; x_wconf 88' lang='grc' dir='ltr'>ό</span> <span class='ocrx_word' id='word_1_773' title='bbox 572 5311 628 5364; x_wconf 81' lang='grc' dir='ltr'>δὲ</span> <span class='ocrx_word' id='word_1_774' title='bbox 668 5310 799 5372; x_wconf 78' lang='grc' dir='ltr'>Θεὸς</span> <span class='ocrx_word' id='word_1_775' title='bbox 823 5307 1043 5379; x_wconf 78' lang='grc' dir='ltr'>ηὔξανε.</span> <span class='ocrx_word' id='word_1_776' title='bbox 1093 5327 1110 5358; x_wconf 80' lang='grc' dir='ltr'>ι</span> <span class='ocrx_word' id='word_1_777' title='bbox 1167 5306 1408 5375; x_wconf 83' lang='grc' dir='ltr'>Γεωργεῖ</span> <span class='ocrx_word' id='word_1_778' title='bbox 1450 5302 1560 5373; x_wconf 81' lang='grc' dir='ltr'>γὰρ</span> <span class='ocrx_word' id='word_1_779' title='bbox 1585 5301 1733 5372; x_wconf 81' lang='grc' dir='ltr'>ἡμᾶς</span> <span class='ocrx_word' id='word_1_780' title='bbox 1757 5302 1786 5352; x_wconf 89' lang='grc' dir='ltr'>ὁ</span> 
     </span>
    </p>
   </div>
   <div class='ocr_carea' id='block_1_93' title="bbox 205 5391 1785 5475">
    <p class='ocr_par' dir='ltr' id='par_1_93' title="bbox 205 5391 1785 5475">
     <span class='ocr_line' id='line_1_93' title="bbox 205 5391 1785 5475; baseline -0.009 -15"><span class='ocrx_word' id='word_1_781' title='bbox 205 5405 404 5475; x_wconf 74' lang='grc' dir='ltr'>Σωτὴρ</span> <span class='ocrx_word' id='word_1_782' title='bbox 447 5402 538 5456; x_wconf 77' lang='grc' dir='ltr'>διὰ</span> <span class='ocrx_word' id='word_1_783' title='bbox 591 5401 701 5456; x_wconf 84' lang='grc' dir='ltr'>τῶν</span> <span class='ocrx_word' id='word_1_784' title='bbox 754 5401 926 5470; x_wconf 80' lang='grc' dir='ltr'>ἁγίων</span> <span class='ocrx_word' id='word_1_785' title='bbox 977 5397 1368 5468; x_wconf 77' lang='grc' dir='ltr'>μυσταγωγῶνο</span> <span class='ocrx_word' id='word_1_786' title='bbox 1401 5395 1655 5466; x_wconf 79' lang='grc' dir='ltr'>ταύτῃτοι</span> <span class='ocrx_word' id='word_1_787' title='bbox 1690 5391 1785 5446; x_wconf 76' lang='grc' dir='ltr'>καὶ</span> 
     </span>
    </p>
   </div>
   <div class='ocr_carea' id='block_1_94' title="bbox 209 5483 1786 5568">
    <p class='ocr_par' dir='ltr' id='par_1_94' title="bbox 209 5483 1786 5568">
     <span class='ocr_line' id='line_1_94' title="bbox 209 5483 1786 5568; baseline -0.01 -16"><span class='ocrx_word' id='word_1_788' title='bbox 209 5495 358 5568; x_wconf 76' lang='grc' dir='ltr'>μάλα</span> <span class='ocrx_word' id='word_1_789' title='bbox 396 5498 620 5560; x_wconf 81' lang='grc' dir='ltr'>εἰκότως</span> <span class='ocrx_word' id='word_1_790' title='bbox 669 5496 833 5566; x_wconf 66' lang='grc' dir='ltr'>φασιν</span> <span class='ocrx_word' id='word_1_791' title='bbox 897 5493 1120 5554; x_wconf 79' lang='grc' dir='ltr'>ἑαυτοὺς</span> <span class='ocrx_word' id='word_1_792' title='bbox 1182 5490 1475 5561; x_wconf 73' lang='grc' dir='ltr'>συνεργοὺς</span> <span class='ocrx_word' id='word_1_793' title='bbox 1533 5483 1786 5554; x_wconf 86' lang='grc' dir='ltr'>γενέσθαι</span> 
     </span>
    </p>
   </div>
   <div class='ocr_carea' id='block_1_95' title="bbox 207 5577 1786 5668">
    <p class='ocr_par' dir='ltr' id='par_1_95' title="bbox 207 5577 1786 5668">
     <span class='ocr_line' id='line_1_95' title="bbox 207 5577 1786 5668; baseline -0.008 -28"><span class='ocrx_word' id='word_1_794' title='bbox 207 5587 377 5667; x_wconf 49' lang='grc' dir='ltr'>Θεοῦἒ</span> <span class='ocrx_word' id='word_1_795' title='bbox 395 5587 626 5668; x_wconf 43' lang='grc' dir='ltr'>’Ψάλλει</span> <span class='ocrx_word' id='word_1_796' title='bbox 674 5588 732 5642; x_wconf 85' lang='grc' dir='ltr'>δὲ</span> <span class='ocrx_word' id='word_1_797' title='bbox 787 5586 882 5640; x_wconf 76' lang='grc' dir='ltr'>καὶ</span> <span class='ocrx_word' id='word_1_798' title='bbox 919 5587 948 5639; x_wconf 96' lang='lat'>6</span> <span class='ocrx_word' id='word_1_799' title='bbox 989 5583 1262 5650; x_wconf 79' lang='grc' dir='ltr'>πάνσοφος</span> <span class='ocrx_word' id='word_1_800' title='bbox 1295 5579 1481 5635; x_wconf 78' lang='grc' dir='ltr'>Δαϐίδ·</span> <span class='ocrx_word' id='word_1_801' title='bbox 1512 5597 1530 5630; x_wconf 82' lang='grc' dir='ltr'>ι</span> <span class='ocrx_word' id='word_1_802' title='bbox 1565 5577 1786 5638; x_wconf 83' lang='grc' dir='ltr'>Δίκαιος</span> 
     </span>
    </p>
   </div>
   <div class='ocr_carea' id='block_1_96' title="bbox 1885 4733 3456 4812">
    <p class='ocr_par' dir='ltr' id='par_1_96' title="bbox 1885 4733 3456 4812">
     <span class='ocr_line' id='line_1_96' title="bbox 1885 4733 3456 4812; baseline -0.01 -11"><span class='ocrx_word' id='word_1_803' title='bbox 1885 4737 2005 4802; x_wconf 85' lang='lat' dir='ltr'>mus</span> <span class='ocrx_word' id='word_1_804' title='bbox 2037 4760 2165 4800; x_wconf 87' lang='lat' dir='ltr'><strong>vere</strong></span> <span class='ocrx_word' id='word_1_805' title='bbox 2196 4743 2288 4798; x_wconf 87' lang='lat' dir='ltr'>Del</span> <span class='ocrx_word' id='word_1_806' title='bbox 2315 4743 2735 4812; x_wconf 82' lang='lat' dir='ltr'><strong>agricultura,et</strong></span> <span class='ocrx_word' id='word_1_807' title='bbox 2766 4739 2834 4793; x_wconf 91' lang='lat' dir='ltr'>de</span> <span class='ocrx_word' id='word_1_808' title='bbox 2865 4737 3017 4792; x_wconf 86' lang='lat' dir='ltr'><strong>nobis</strong></span> <span class='ocrx_word' id='word_1_809' title='bbox 3046 4734 3264 4790; x_wconf 80' lang='lat' dir='ltr'><strong>divinus</strong></span> <span class='ocrx_word' id='word_1_810' title='bbox 3289 4733 3456 4787; x_wconf 83' lang='lat' dir='ltr'><strong>David</strong></span> 
     </span>
    </p>
   </div>
   <div class='ocr_carea' id='block_1_97' title="bbox 1883 4823 3456 4894">
    <p class='ocr_par' dir='ltr' id='par_1_97' title="bbox 1883 4823 3456 4894">
     <span class='ocr_line' id='line_1_97' title="bbox 1883 4823 3456 4894; baseline -0.011 0"><span class='ocrx_word' id='word_1_811' title='bbox 1883 4841 1992 4894; x_wconf 86' lang='lat' dir='ltr'><strong>ait:</strong></span> <span class='ocrx_word' id='word_1_812' title='bbox 2033 4836 2310 4892; x_wconf 69' lang='lat' dir='ltr'><strong>tPlantati</strong></span> <span class='ocrx_word' id='word_1_813' title='bbox 2368 4836 2420 4889; x_wconf 93' lang='lat' dir='ltr'>in</span> <span class='ocrx_word' id='word_1_814' title='bbox 2477 4834 2637 4889; x_wconf 91' lang='lat' dir='ltr'><strong>domo</strong></span> <span class='ocrx_word' id='word_1_815' title='bbox 2697 4830 2930 4894; x_wconf 87' lang='lat' dir='ltr'><strong>Domini,</strong></span> <span class='ocrx_word' id='word_1_816' title='bbox 2981 4827 3035 4881; x_wconf 91' lang='lat' dir='ltr'>in</span> <span class='ocrx_word' id='word_1_817' title='bbox 3097 4823 3456 4880; x_wconf 79' lang='lat' dir='ltr'><strong>tabernaculis</strong></span> 
     </span>
    </p>
   </div>
   <div class='ocr_carea' id='block_1_98' title="bbox 1886 4915 3455 4992">
    <p class='ocr_par' dir='ltr' id='par_1_98' title="bbox 1886 4915 3455 4992">
     <span class='ocr_line' id='line_1_98' title="bbox 1886 4915 3455 4992; baseline -0.011 -6"><span class='ocrx_word' id='word_1_818' title='bbox 1886 4931 1979 4986; x_wconf 91' lang='lat' dir='ltr'>Dei</span> <span class='ocrx_word' id='word_1_819' title='bbox 2015 4930 2184 4986; x_wconf 90' lang='lat' dir='ltr'><strong>nostri</strong></span> <span class='ocrx_word' id='word_1_820' title='bbox 2228 4926 2494 4983; x_wconf 80' lang='lat' dir='ltr'><strong>ﬂorebunt</strong></span> <span class='ocrx_word' id='word_1_821' title='bbox 2519 4925 2588 4979; x_wconf 73' lang='grc'>⁵⁸.</span> <span class='ocrx_word' id='word_1_822' title='bbox 2622 4941 2642 4976; x_wconf 76' lang='grc' dir='ltr'>ι</span> <span class='ocrx_word' id='word_1_823' title='bbox 2673 4921 2950 4992; x_wconf 86' lang='lat' dir='ltr'><strong>Siquidem</strong></span> <span class='ocrx_word' id='word_1_824' title='bbox 2997 4917 3194 4971; x_wconf 73' lang='lat' dir='ltr'><strong>Paulus</strong></span> <span class='ocrx_word' id='word_1_825' title='bbox 3237 4915 3455 4985; x_wconf 75' lang='lat' dir='ltr'><strong>sapien-</strong></span> 
     </span>
    </p>
   </div>
   <div class='ocr_carea' id='block_1_99' title="bbox 1888 5003 3458 5087">
    <p class='ocr_par' dir='ltr' id='par_1_99' title="bbox 1888 5003 3458 5087">
     <span class='ocr_line' id='line_1_99' title="bbox 1888 5003 3458 5087; baseline -0.011 -10"><span class='ocrx_word' id='word_1_826' title='bbox 1888 5023 2129 5078; x_wconf 88' lang='lat' dir='ltr'><strong>tissimus</strong></span> <span class='ocrx_word' id='word_1_827' title='bbox 2185 5019 2276 5074; x_wconf 83' lang='lat' dir='ltr'>Dei</span> <span class='ocrx_word' id='word_1_828' title='bbox 2327 5016 2710 5086; x_wconf 76' lang='lat' dir='ltr'><strong>agriculturam</strong></span> <span class='ocrx_word' id='word_1_829' title='bbox 2771 5011 3014 5087; x_wconf 83' lang='lat' dir='ltr'><strong>nominat</strong></span> <span class='ocrx_word' id='word_1_830' title='bbox 3040 5009 3106 5072; x_wconf 73' lang='lat'><strong>&quot;,</strong></span> <span class='ocrx_word' id='word_1_831' title='bbox 3153 5005 3319 5079; x_wconf 73' lang='lat'>863</span> <span class='ocrx_word' id='word_1_832' title='bbox 3365 5003 3458 5074; x_wconf 79' lang='lat' dir='ltr'>qui</span> 
     </span>
    </p>
   </div>
   <div class='ocr_carea' id='block_1_100' title="bbox 1887 5096 3456 5184">
    <p class='ocr_par' dir='ltr' id='par_1_100' title="bbox 1887 5096 3456 5184">
     <span class='ocr_line' id='line_1_100' title="bbox 1887 5096 3456 5184; baseline -0.011 -18"><span class='ocrx_word' id='word_1_833' title='bbox 1887 5127 1982 5184; x_wconf 88' lang='lat' dir='ltr'>per</span> <span class='ocrx_word' id='word_1_834' title='bbox 2023 5110 2182 5165; x_wconf 86' lang='lat' dir='ltr'><strong>tidem</strong></span> <span class='ocrx_word' id='word_1_835' title='bbox 2245 5109 2300 5163; x_wconf 91' lang='lat' dir='ltr'>in</span> <span class='ocrx_word' id='word_1_836' title='bbox 2349 5107 2566 5162; x_wconf 86' lang='lat' dir='ltr'><strong>Christo</strong></span> <span class='ocrx_word' id='word_1_837' title='bbox 2604 5103 2775 5160; x_wconf 83' lang='lat' dir='ltr'><strong>vocati</strong></span> <span class='ocrx_word' id='word_1_838' title='bbox 2808 5109 2954 5158; x_wconf 90' lang='lat' dir='ltr'><strong>sunt.</strong></span> <span class='ocrx_word' id='word_1_839' title='bbox 3011 5099 3218 5153; x_wconf 78' lang='lat' dir='ltr'><strong>Rursus</strong></span> <span class='ocrx_word' id='word_1_840' title='bbox 3277 5096 3456 5151; x_wconf 60' lang='lat' dir='ltr'><strong>dixit:</strong></span> 
     </span>
    </p>
   </div>
   <div class='ocr_carea' id='block_1_101' title="bbox 1895 5191 3459 5271">
    <p class='ocr_par' dir='ltr' id='par_1_101' title="bbox 1895 5191 3459 5271">
     <span class='ocr_line' id='line_1_101' title="bbox 1895 5191 3459 5271; baseline -0.012 -14"><span class='ocrx_word' id='word_1_841' title='bbox 1895 5223 1913 5256; x_wconf 83' lang='grc' dir='ltr'>ι</span> <span class='ocrx_word' id='word_1_842' title='bbox 1941 5202 2051 5271; x_wconf 77' lang='grc' dir='ltr'>Εεο</span> <span class='ocrx_word' id='word_1_843' title='bbox 2078 5197 2338 5270; x_wconf 81' lang='lat' dir='ltr'><strong>plantavi,</strong></span> <span class='ocrx_word' id='word_1_844' title='bbox 2373 5195 2563 5265; x_wconf 80' lang='lat' dir='ltr'><strong>Apollo</strong></span> <span class='ocrx_word' id='word_1_845' title='bbox 2593 5193 2807 5263; x_wconf 82' lang='lat' dir='ltr'><strong>rigavit,</strong></span> <span class='ocrx_word' id='word_1_846' title='bbox 2836 5191 2929 5246; x_wconf 88' lang='lat' dir='ltr'>sed</span> <span class='ocrx_word' id='word_1_847' title='bbox 2969 5191 3108 5246; x_wconf 81' lang='lat' dir='ltr'><strong>Deus</strong></span> <span class='ocrx_word' id='word_1_848' title='bbox 3150 5191 3459 5244; x_wconf 83' lang='lat' dir='ltr'><strong>incremen-</strong></span> 
     </span>
    </p>
   </div>
   <div class='ocr_carea' id='block_1_102' title="bbox 1892 5279 3461 5352">
    <p class='ocr_par' dir='ltr' id='par_1_102' title="bbox 1892 5279 3461 5352">
     <span class='ocr_line' id='line_1_102' title="bbox 1892 5279 3461 5352; baseline -0.014 -3"><span class='ocrx_word' id='word_1_849' title='bbox 1892 5307 2007 5349; x_wconf 88' lang='lat' dir='ltr'>tum</span> <span class='ocrx_word' id='word_1_850' title='bbox 2034 5291 2180 5348; x_wconf 88' lang='lat' dir='ltr'><strong>dedit</strong></span> <span class='ocrx_word' id='word_1_851' title='bbox 2201 5291 2271 5344; x_wconf 82' lang='lat'>&#39;°.</span> <span class='ocrx_word' id='word_1_852' title='bbox 2301 5308 2320 5341; x_wconf 82' lang='grc'>›</span> <span class='ocrx_word' id='word_1_853' title='bbox 2343 5287 2485 5344; x_wconf 88' lang='lat' dir='ltr'><strong>Colit</strong></span> <span class='ocrx_word' id='word_1_854' title='bbox 2513 5287 2656 5340; x_wconf 83' lang='lat' dir='ltr'><strong>enim</strong></span> <span class='ocrx_word' id='word_1_855' title='bbox 2686 5298 2785 5338; x_wconf 92' lang='lat' dir='ltr'>nos</span> <span class='ocrx_word' id='word_1_856' title='bbox 2811 5281 2965 5352; x_wconf 86' lang='lat' dir='ltr'><strong>quasi</strong></span> <span class='ocrx_word' id='word_1_857' title='bbox 2988 5280 3244 5352; x_wconf 78' lang='lat' dir='ltr'><strong>agricola‘</strong></span> <span class='ocrx_word' id='word_1_858' title='bbox 3271 5279 3461 5332; x_wconf 77' lang='lat' dir='ltr'><strong>Serra-</strong></span> 
     </span>
    </p>
   </div>
   <div class='ocr_carea' id='block_1_103' title="bbox 1890 5364 3458 5454">
    <p class='ocr_par' dir='ltr' id='par_1_103' title="bbox 1890 5364 3458 5454">
     <span class='ocr_line' id='line_1_103' title="bbox 1890 5364 3458 5454; baseline -0.017 -14"><span class='ocrx_word' id='word_1_859' title='bbox 1890 5394 2000 5448; x_wconf 87' lang='lat' dir='ltr'><strong>tor,</strong></span> <span class='ocrx_word' id='word_1_860' title='bbox 2047 5399 2144 5454; x_wconf 84' lang='lat' dir='ltr'>per</span> <span class='ocrx_word' id='word_1_861' title='bbox 2184 5391 2400 5436; x_wconf 87' lang='lat' dir='ltr'><strong>sanctos</strong></span> <span class='ocrx_word' id='word_1_862' title='bbox 2439 5386 2800 5447; x_wconf 73' lang='lat' dir='ltr'><strong>mystagogos.</strong></span> <span class='ocrx_word' id='word_1_863' title='bbox 2841 5371 2993 5428; x_wconf 89' lang='lat' dir='ltr'><strong>Unde</strong></span> <span class='ocrx_word' id='word_1_864' title='bbox 3023 5380 3078 5424; x_wconf 90' lang='lat' dir='ltr'>et</span> <span class='ocrx_word' id='word_1_865' title='bbox 3111 5369 3326 5438; x_wconf 83' lang='lat' dir='ltr'><strong>quidem</strong></span> <span class='ocrx_word' id='word_1_866' title='bbox 3371 5364 3458 5434; x_wconf 90' lang='lat' dir='ltr'>ju-</span> 
     </span>
    </p>
   </div>
   <div class='ocr_carea' id='block_1_104' title="bbox 1893 5457 3458 5532">
    <p class='ocr_par' dir='ltr' id='par_1_104' title="bbox 1893 5457 3458 5532">
     <span class='ocr_line' id='line_1_104' title="bbox 1893 5457 3458 5532; baseline -0.018 -1"><span class='ocrx_word' id='word_1_867' title='bbox 1893 5475 2129 5531; x_wconf 90' lang='lat' dir='ltr'><strong>stissime</strong></span> <span class='ocrx_word' id='word_1_868' title='bbox 2149 5473 2335 5526; x_wconf 90' lang='lat' dir='ltr'><strong>dicunt</strong></span> <span class='ocrx_word' id='word_1_869' title='bbox 2359 5484 2418 5523; x_wconf 87' lang='lat' dir='ltr'>se</span> <span class='ocrx_word' id='word_1_870' title='bbox 2445 5467 2538 5521; x_wconf 91' lang='lat' dir='ltr'>Dei</span> <span class='ocrx_word' id='word_1_871' title='bbox 2570 5479 2690 5520; x_wconf 85' lang='lat' dir='ltr'><strong>esse</strong></span> <span class='ocrx_word' id='word_1_872' title='bbox 2713 5461 3076 5532; x_wconf 87' lang='lat' dir='ltr'><strong>cooperarios.</strong></span> <span class='ocrx_word' id='word_1_873' title='bbox 3112 5457 3300 5512; x_wconf 87' lang='lat' dir='ltr'><strong>Psallit</strong></span> <span class='ocrx_word' id='word_1_874' title='bbox 3325 5469 3458 5523; x_wconf 86' lang='lat' dir='ltr'><strong>quo-</strong></span> 
     </span>
    </p>
   </div>
   <div class='ocr_carea' id='block_1_105' title="bbox 1893 5545 3452 5638">
    <p class='ocr_par' dir='ltr' id='par_1_105' title="bbox 1893 5545 3452 5638">
     <span class='ocr_line' id='line_1_105' title="bbox 1893 5545 3452 5638; baseline -0.015 -19"><span class='ocrx_word' id='word_1_875' title='bbox 1893 5581 1998 5638; x_wconf 80' lang='lat' dir='ltr'>que</span> <span class='ocrx_word' id='word_1_876' title='bbox 2025 5564 2192 5620; x_wconf 84' lang='lat' dir='ltr'><strong>David</strong></span> <span class='ocrx_word' id='word_1_877' title='bbox 2213 5559 2673 5633; x_wconf 86' lang='lat' dir='ltr'><strong>sapientissimus:</strong></span> <span class='ocrx_word' id='word_1_878' title='bbox 2701 5575 2720 5609; x_wconf 83' lang='grc' dir='ltr'>ι</span> <span class='ocrx_word' id='word_1_879' title='bbox 2738 5554 2925 5611; x_wconf 85' lang='lat' dir='ltr'><strong>Justus</strong></span> <span class='ocrx_word' id='word_1_880' title='bbox 2948 5561 3005 5607; x_wconf 84' lang='lat' dir='ltr'>ut</span> <span class='ocrx_word' id='word_1_881' title='bbox 3029 5549 3199 5620; x_wconf 81' lang='lat' dir='ltr'><strong>palma</strong></span> <span class='ocrx_word' id='word_1_882' title='bbox 3222 5545 3452 5606; x_wconf 70' lang='lat' dir='ltr'><strong>ﬂore-bit,</strong></span> 
     </span>
    </p>
   </div>
   <div class='ocr_carea' id='block_1_106' title="bbox 281 5741 1781 5834">
    <p class='ocr_par' dir='ltr' id='par_1_106' title="bbox 281 5767 1753 5834">
     <span class='ocr_line' id='line_1_106' title="bbox 281 5767 1753 5834; baseline -0.005 -7"><span class='ocrx_word' id='word_1_883' title='bbox 281 5774 328 5806; x_wconf 70' lang='grc' dir='ltr'>θ’</span> <span class='ocrx_word' id='word_1_884' title='bbox 351 5773 497 5831; x_wconf 81' lang='lat' dir='ltr'><strong>Psal.</strong></span> <span class='ocrx_word' id='word_1_885' title='bbox 529 5789 675 5834; x_wconf 71' lang='grc' dir='ltr'>λων,</span> <span class='ocrx_word' id='word_1_886' title='bbox 709 5774 792 5828; x_wconf 82' lang='grc' dir='ltr'>Π.</span> <span class='ocrx_word' id='word_1_887' title='bbox 867 5773 912 5804; x_wconf 85' lang='grc'>⁸³</span> <span class='ocrx_word' id='word_1_888' title='bbox 945 5770 960 5823; x_wconf 89' lang='grc'><strong>1</strong></span> <span class='ocrx_word' id='word_1_889' title='bbox 988 5769 1113 5824; x_wconf 85' lang='lat' dir='ltr'><strong>Cor.</strong></span> <span class='ocrx_word' id='word_1_890' title='bbox 1146 5785 1220 5828; x_wconf 88' lang='lat' dir='ltr'>tv,</span> <span class='ocrx_word' id='word_1_891' title='bbox 1245 5767 1333 5823; x_wconf 79' lang='grc'>15.</span> <span class='ocrx_word' id='word_1_892' title='bbox 1411 5769 1456 5800; x_wconf 73' lang='grc'>⁸⁸</span> <span class='ocrx_word' id='word_1_893' title='bbox 1483 5767 1672 5821; x_wconf 79' lang='lat' dir='ltr'><strong>Matth.</strong></span> <span class='ocrx_word' id='word_1_894' title='bbox 1698 5781 1753 5832; x_wconf 68' lang='grc' dir='ltr'>Χ,</span> 
     </span>
    </p>
   </div>
   <div class='ocr_carea' id='block_1_107' title="bbox 1883 5741 3454 5834">
    <p class='ocr_par' dir='ltr' id='par_1_107' title="bbox 1919 5741 3454 5828">
     <span class='ocr_line' id='line_1_107' title="bbox 1919 5741 3454 5828; baseline -0.013 -8"><span class='ocrx_word' id='word_1_895' title='bbox 1919 5765 1964 5797; x_wconf 81' lang='grc'><strong><em>⁸⁸</em></strong></span> <span class='ocrx_word' id='word_1_896' title='bbox 2001 5763 2190 5818; x_wconf 77' lang='lat' dir='ltr'><strong>Matth.</strong></span> <span class='ocrx_word' id='word_1_897' title='bbox 2227 5777 2277 5828; x_wconf 75' lang='grc' dir='ltr'>γ,</span> <span class='ocrx_word' id='word_1_898' title='bbox 2309 5761 2393 5818; x_wconf 71' lang='grc'>14,</span> <span class='ocrx_word' id='word_1_899' title='bbox 2471 5759 2516 5793; x_wconf 84' lang='grc'><strong><em>⁶⁶</em></strong></span> <span class='ocrx_word' id='word_1_900' title='bbox 2552 5755 2729 5813; x_wconf 81' lang='lat' dir='ltr'><strong>IPetr.</strong></span> <span class='ocrx_word' id='word_1_901' title='bbox 2766 5771 2828 5821; x_wconf 90' lang='grc' dir='ltr'>ιι,</span> <span class='ocrx_word' id='word_1_902' title='bbox 2865 5753 2945 5808; x_wconf 60' lang='grc'>9..</span> <span class='ocrx_word' id='word_1_903' title='bbox 2992 5749 3036 5780; x_wconf 79' lang='grc'>⁸⁷</span> <span class='ocrx_word' id='word_1_904' title='bbox 3070 5746 3256 5802; x_wconf 78' lang='lat' dir='ltr'><strong>Matth.</strong></span> <span class='ocrx_word' id='word_1_905' title='bbox 3281 5758 3328 5807; x_wconf 89' lang='lat' dir='ltr'>v,</span> <span class='ocrx_word' id='word_1_906' title='bbox 3360 5741 3454 5800; x_wconf 66' lang='grc' dir='ltr'>ει).</span> 
     </span>
    </p>
   </div>
   <div class='ocr_carea' id='block_1_108' title="bbox 210 5837 1595 5912">
    <p class='ocr_par' dir='ltr' id='par_1_108' title="bbox 210 5837 1595 5912">
     <span class='ocr_line' id='line_1_108' title="bbox 210 5837 1595 5912; baseline -0.009 -9"><span class='ocrx_word' id='word_1_907' title='bbox 210 5845 259 5876; x_wconf 79' lang='grc'>⁸³</span> <span class='ocrx_word' id='word_1_908' title='bbox 293 5843 439 5902; x_wconf 80' lang='lat' dir='ltr'><strong>Psal.</strong></span> <span class='ocrx_word' id='word_1_909' title='bbox 467 5861 573 5912; x_wconf 71' lang='lat' dir='ltr'><strong>scr,</strong></span> <span class='ocrx_word' id='word_1_910' title='bbox 598 5844 682 5898; x_wconf 73' lang='grc'><strong>14.</strong></span> <span class='ocrx_word' id='word_1_911' title='bbox 759 5845 802 5876; x_wconf 79' lang='grc'>⁸³</span> <span class='ocrx_word' id='word_1_912' title='bbox 836 5841 1006 5897; x_wconf 87' lang='lat' dir='ltr'><strong>lCor.</strong></span> <span class='ocrx_word' id='word_1_913' title='bbox 1040 5855 1117 5904; x_wconf 88' lang='lat' dir='ltr'>nt,</span> <span class='ocrx_word' id='word_1_914' title='bbox 1150 5839 1203 5894; x_wconf 87' lang='lat'><strong>9.</strong></span> <span class='ocrx_word' id='word_1_915' title='bbox 1279 5839 1326 5870; x_wconf 85' lang='lat'><strong><em>&quot;°</em></strong></span> <span class='ocrx_word' id='word_1_916' title='bbox 1381 5837 1510 5904; x_wconf 76' lang='lat' dir='ltr'><strong>ibid.</strong></span> <span class='ocrx_word' id='word_1_917' title='bbox 1542 5839 1595 5890; x_wconf 82' lang='grc' dir='ltr'>ὓ.</span> 
     </span>
    </p>
   </div>
  </div>
