4148 6532
249 493 385 548 {30!

1385 499 1450 554 IN
1483 499 1714 556 ISAIAM
1749 499 1875 556 LIB.
1921 503 1983 557 ν.
2027 501 2261 560 TOMUS
2302 505 2344 559 ν

3383 507 3540 564 1⁸562

260 615 396 666 Ἰδοὺ
431 615 489 669 τὺ
522 616 661 683 γάλα
703 616 1183 696 κατεσθίετε.κώ
1226 618 1296 672 τά
1345 622 1592 692 πρόϐατά
1643 641 1743 694 μου
1777 621 1831 676 ού

1944 627 2448 684 conculcationibus
2481 631 2676 698 pedum
2718 635 3014 682 vestrorum
3061 627 3448 696 pascebantur,
3465 636 3520 681 et

249 703 477 772 βόσκετε
499 718 511 732 ·
551 724 568 756 ι
614 705 693 758 ἔτι
732 723 791 758 τε
834 707 971 776 πρὸς
1003 707 1246 772 τούτοιςι
1278 729 1296 761 ι
1326 711 1437 783 Τὴν
1468 713 1638 784 καλὴν
1670 713 1841 784 νομὴν

247 797 540 865 ἐνέμεσθε,
582 799 676 851 καὶ
723 799 790 852 τὰ
843 799 1110 853 ὑπόλοιπα
1143 807 1496 858 κατεπατεῖτε
1540 809 1650 870 τοῖς
1685 807 1840 859 ποσὶν

249 888 430 958 ὑμῶν,
465 890 560 943 καὶ
601 888 662 942 τὸ
691 890 1025 962 καθεστηκὸς
1060 892 1204 966 ὕδωρ
1239 895 1469 961 ἐπίνετε,
1502 898 1595 951 καὶ
1631 899 1691 951 τὸ
1721 898 1841 952 ἐπί-

247 980 440 1034 λοιπον
472 982 804 1052 ἐταράσσετε
838 987 953 1048 τοῖς
981 985 1135 1039 ποσὶν
1167 986 1342 1056 ὑμῶν,
1372 989 1466 1041 καὶ
1487 988 1554 1041 τά
1593 991 1842 1060 πρόϐατά

251 1088 358 1141 μου
383 1073 451 1126 τὰ
485 1073 786 1144 πατήματα
813 1075 922 1128 τῶν
952 1075 1127 1129 ποδῶν
1157 1077 1311 1146 ὑμῶν
1341 1077 1616 1148 ἐνέμοντο.
1653 1082 1747 1134 καὶ
1777 1081 1840 1134 τὸ

247 1163 660 1232 τεταραγμένον
696 1163 840 1237 ὕδωρ
874 1166 979 1218 ὑπὸ
1010 1165 1115 1218 τῶν
1145 1167 1323 1221 ποδῶν
1371 1168 1526 1238 ὑμῶν
1576 1171 1781 1226 ἔπινον.
1815 1192 1831 1224 ι

251 1256 438 1326 ’Ὑδωρ
478 1257 576 1326 μὲν
608 1257 718 1328 γὰρ
749 1259 1087 1329 καθεστηκὸς
1111 1261 1209 1330 τὴν
1241 1261 1328 1315 διὰ
1356 1261 1521 1333 νόμου
1558 1264 1838 1319 παίδευσιν

247 1349 531 1419 ὀνομάζει,
566 1350 659 1403 καὶ
685 1350 913 1422 ἀρίστην
940 1354 1110 1422 νομήν
1133 1369 1146 1383 ο
1182 1355 1229 1406 οἱ
1262 1355 1318 1408 δὲ
1343 1356 1521 1409 πάντα
1551 1357 1835 1428 φύροντες,

249 1443 350 1495 καὶ⁵
377 1441 800 1506 καταθολοῦντες
831 1444 1001 1514 αὐτὴν
1023 1444 1113 1498 διὰ
1142 1447 1236 1498 τοῦ
1265 1448 1338 1518 μὴ
1367 1447 1639 1503 διδάσκειν
1661 1450 1836 1522 ὀρθῶς

245 1533 378 1595 τοὺς
421 1531 526 1585 ὑπὸ
582 1535 738 1603 χεῖρα
784 1533 963 1598 λαοὺς,
993 1535 1406 1606 παρεσκεύαζον
1459 1539 1602 1610 ὕδωρ
1648 1539 1838 1611 ὥσπερ

248 1623 497 1677 ἐκπίνειν
524 1625 584 1676 ού
616 1623 881 1694 καθαρὸν,
909 1624 1030 1678 οὔτε
1068 1626 1174 1701 μὴν
1217 1629 1414 1700 ἐνανθῆ
1440 1630 1706 1700 νέμεσθαι
1747 1650 1837 1686 νο-

250 1717 380 1785 μήν.
401 1713 744 1785 Ἐξώσθησαν
787 1717 1095 1788 τοιγαροῦν,
1122 1721 1216 1772 καὶ
1266 1719 1411 1789 μάλα
1463 1722 1707 1791 εἰκότως,
1741 1723 1835 1778 τοῦ

249 1805 560 1874 ποιμαίνειν
585 1804 666 1859 ἔτι
698 1805 788 1859 τὸν
832 1807 926 1861 τοῦ
960 1807 1164 1880 Κυρίου
1197 1809 1344 1866 λαόν.
1381 1812 1694 1884 Κέκληνται
1725 1817 1834 1888 γὰρ

247 1897 388 1968 πρὸς
420 1895 580 1950 τοῦτο
624 1897 952 1966 ἀλλογενείς.
999 1901 1320 1956 Διδάσκαλοι
1360 1903 1469 1976 γὰρ
1499 1906 1834 1977 Ἐκκλησιῶν

247 1986 682 2058 χειροτονοῦνται
703 1989 854 2060 παρὰ
889 1989 1126 2060 Χριστοῦ
1159 1994 1331 2060 σοφοὶ,
1357 1995 1450 2048 καὶ
1480 1995 1713 2066 ἀγχίνοι,
1741 1999 1834 2050 καὶ

244 2077 591 2148 ὣγματικῆς
619 2078 897 2149 εὐτεχνίας
920 2080 1210 2150 ἐπίμεστον
1235 2082 1451 2152 ἔχοντες
1474 2085 1621 2149 νοῦν,
1644 2086 1836 2156 ἄνδρες

245 2168 306 2233 ἐξ
335 2167 538 2237 ἀγέλης
576 2168 880 2240 ἑλληνικῆς,
924 2171 1018 2224 καὶ
1044 2173 1144 2224 οὐκ
1188 2171 1248 2238 ἐξ
1277 2173 1507 2244 αἵματος
1533 2176 1686 2240 ὄντες
1735 2179 1836 2231 Ίσ-

249 2259 409 2328 ραὴλ,
434 2253 578 2312 οὗτοι
608 2261 863 2328 γεγόνασι
888 2262 982 2315 καὶ
1006 2261 1295 2334 ἀροτῆρες,
1315 2264 1411 2317 καὶ⁸
1438 2265 1830 2340 ἁμπελουργοί.

260 2348 480 2421 Ἐπειδὴ
516 2349 623 2422 γὰρ
657 2351 886 2421 ἐκλεκτὴ
919 2352 989 2422 γῆ
1024 2352 1319 2424 κέκληνται
1369 2355 1698 2428 πλεισταχοῦ
1733 2358 1834 2430 τῆς

247 2441 602 2495 Θεοπνεύστου
632 2441 854 2512 Γραφῆς
893 2445 941 2495 ol
972 2445 1382 2512 πιστεύσαντες,
1423 2446 1520 2500 καὶ
1546 2447 1830 2518 ἀμπελὼν,

246 2532 346 2586 καὶ
400 2533 595 2602 κῆπος·
633 2533 892 2604 ταύτῃτοί
944 2550 1109 2605 φησιν
1150 2537 1180 2588 ό
1227 2535 1404 2604 λόγος,
1432 2538 1508 2600 ὡς
1558 2539 1831 2610 ἀροτῆρας

244 2617 488 2683 ἔσεσθαι,
521 2621 615 2672 καὶ
648 2619 1086 2691 ἀμπελουργοὺς,
1119 2623 1246 2686 τοὺς
1291 2624 1450 2697 οἵπερ
1489 2627 1554 2679 ἂν
1593 2626 1835 2695 γένοιντο

244 2708 391 2762 κατὰ
418 2712 642 2779 καιροὺς
673 2712 836 2782 ἱερεῖς
864 2713 1067 2784 Κυρίου
1095 2716 1191 2768 καὶ
1216 2715 1519 2788 λειτουργοὶ
1546 2717 1706 2783 Θεοῦ,
1738 2721 1830 2772 τὶν

240 2795 348 2865 τῆς
373 2795 631 2867 ἀληθείας
658 2801 1080 2872 ὀρθοτομοῦντες
1101 2802 1277 2872 λόγον,
1303 2806 1397 2858 καὶ
1423 2807 1830 2878 ἱερουργοῦντες

240 2885 306 2938 τὸ
337 2887 670 2955 Εὑαγγέλιον
685 2890 777 2943 τοῦ
804 2892 1067 2965 Χριστοῦ,
1096 2894 1240 2948 καθά
1267 2895 1575 2967 γέγραπται
1598 2915 1610 2928 ·
1635 2898 1830 2952 οὐκοῦν

240 2976 344 3047 οὐχ
375 2979 588 3044 ἑαυτοῖς
624 2983 930 3052 ἁρπάζουσι
955 2983 1052 3054 τὴν
1070 2984 1254 3057 τιμὴν,
1292 2986 1585 3058 κέκληνται
1613 2988 1667 3041 δὲ
1702 2989 1831 3059 μᾶ.-

242 3068 337 3120 λον
366 3070 513 3140 παρᾶ
543 3071 698 3138 Θεοῦ,
732 3073 915 3136 καθὼς
940 3077 1032 3127 καὶ
1058 3076 1085 3128 ό
1111 3077 1386 3146 πάνσοφός
1430 3095 1564 3148 φησι
1596 3078 1825 3141 Παῦλος.

243 3161 439 3214 Καίτοι
469 3161 574 3233 γάρ
605 3163 776 3234 φυλῆς
815 3165 1074 3236 ὑπάρχων
1111 3166 1387 3238 Βενιαμὶν,
1423 3169 1703 3241 ίερουργὺν
1734 3172 1830 3223 αὑ-

1943 733 2136 786 aquam
2180 719 2449 774 turbatam
2491 735 2519 774 a
2569 720 2796 790 pedibus
2837 721 3036 776 vestris
3099 719 3353 775 bibebam
3399 719 3466 774 ν’.
3492 737 3512 771 ι

1941 812 2152 877 Aquam
2201 811 2344 865 enim
2395 810 2676 866 collectam
2723 823 2880 866 vocat
2929 812 3232 866 doctrinam
3284 811 3425 880 legis-
3463 820 3520 866 et

1943 914 2198 968 pascuum
2252 900 2538 968 optimum.
2595 900 2696 967 Qui
2746 913 2924 956 autem
2994 900 3423 970 corrumpebant
3463 910 3519 957 et

1941 995 2383 1050 contaminahant
2419 1011 2574 1059 eam,
2613 1012 2679 1051 co
2719 998 2863 1066 quod
2905 1012 3062 1050 suum
3103 997 3374 1066 populum.
3407 1011 3514 1050 non

1944 1093 2090 1138 recte
2138 1084 2428 1150 docerent,
2483 1100 2676 1152 aquam
2721 1100 2825 1139 non
2876 1099 3064 1151 puram
3103 1085 3168 1137 ad
3225 1084 3513 1140 bibendum

1940 1171 2322 1241 propinabant,
2348 1187 2446 1227 nec
2492 1171 2682 1225 ﬂorida
2713 1184 2908 1238 pascua
2967 1171 3283 1236 pascebant.
3314 1169 3514 1234 Dejecti

1941 1272 2066 1318 sunt
2089 1264 2269 1332 itaque
2298 1263 2364 1317 ab
2389 1261 2564 1318 oﬂleio
2594 1263 2847 1332 pascendi
2882 1264 3139 1328 deinceps
3175 1261 3385 1314 Domini
3418 1276 3515 1329 po-

1941 1355 2146 1426 pulum,
2177 1355 2338 1424 idque
2362 1354 2486 1422 jure
2511 1356 2727 1410 merito.
2762 1346 2948 1408 Vocati
2981 1363 3107 1407 sunt
3133 1350 3276 1406 enim
3320 1350 3386 1403 ad
3415 1351 3517 1406 hoc

1939 1445 2585 1516 alienigenae,quippeqtti
2601 1447 2850 1500 doctores
2872 1443 3234 1500 Ecclesiarum
3249 1455 3278 1494 a
3297 1437 3516 1496 Christo

1938 1539 2198 1608 designati
2229 1539 2669 1607 sunt,sapientcs
2689 1537 3000 1600 et-eordati,
3042 1543 3097 1590 et
3125 1547 3257 1589 sana
3289 1533 3515 1600 dogma-

1940 1640 2048 1683 tum
2079 1627 2695 1698 intelligentiacumulati
2717 1633 2771 1679 et
2793 1621 3516 1688 instructi,etviriexCraeco

1937 1735 2117 1791 grege,
2145 1733 2249 1774 non
2297 1735 2362 1774 ex
2410 1719 2671 1789 sanguine
2719 1715 3150 1781 lsrael‘oriundi,
3182 1713 3236 1768 hi
3289 1712 3516 1767 exstite-

1937 1825 2060 1868 runt
2091 1815 2252 1868 etiam
2281 1823 2524 1868 aratores
2548 1821 2602 1866 et
2629 1810 2909 1866 vinitores.
2943 1809 3078 1864 Cum
3111 1807 3258 1862 enim
3290 1805 3517 1866 creden-

1939 1915 2021 1960 tes
2046 1920 2186 1974 smpe
2213 1905 2266 1958 in
2292 1901 2858 1974 Scripturisdivinitus
2888 1900 3184 1968 lnspiratis,
3199 1897 3374 1951 vocati
3403 1896 3516 1949 sint

1936 1995 2108 2050 electa
2142 2006 2308 2060 terra,
2338 2007 2393 2049 et
2431 1997 2606 2060 vinea,
2636 2002 2700 2048 et-
2719 1993 2932 2058 hortus,
2964 1989 3166 2045 idcirco
3191 1989 3389 2043 dicitur
3411 1988 3514 2040 hac

1936 2085 2204 2144 oratione.
2274 2084 2390 2137 fore
2434 2097 2532 2138 eos
2575 2091 2821 2136 aratores
2867 2089 2922 2133 et
2965 2080 3225 2132 vinitores
3249 2075 3339 2145 qui
3384 2074 3512 2129 olim

1936 2175 2295 2230 constituendi
2324 2175 2434 2227 sint
2464 2173 2776 2228 sacerdotes
2801 2169 3013 2224 Domini
3049 2178 3102 2223 et
3126 2167 3362 2222 ministri
3393 2167 3510 2231 Dei,

1935 2269 2156 2323 verbum
2211 2265 2456 2322 veritatis
2489 2272 2643 2319 recte
2670 2269 2943 2318 sectantes
2968 2261 3036 2326 ⁷⁸,
3065 2269 3115 2315 et
3165 2258 3512 2330 Evangelium

1933 2357 2132 2412 Christi
2177 2357 2568 2419 ministrantes,
2607 2353 3082 2422 quemadmodum.
3114 2351 3375 2418 scriptam
3404 2358 3510 2404 est.

1934 2447 2116 2515 Itaque
2142 2460 2246 2499 non
2275 2445 2376 2498 sibi
2415 2453 2677 2511 usurpant
2708 2443 2993 2506 honorem,
3008 2441 3108 2494 sed
3139 2438 3315 2493 vocati
3336 2445 3460 2492 sunt
3480 2452 3512 2491 a

1934 2539 2045 2592 Deo
2079 2537 2256 2606 potius
2285 2536 2354 2600 τ’,
2382 2535 2541 2590 sicuti
2588 2533 2789 2587 Paulus
2829 2532 3287 2601 sapientissimus.
3314 2528 3415 2585 etsi
3443 2544 3509 2584 ex

1935 2627 2075 2680 tribu
2113 2624 2388 2691 Benjamin
2428 2623 2719 2687 exstiterit,
2753 2639 2812 2676 se
2843 2633 3021 2676 tamen
3059 2621 3174 2689 ipse
3201 2620 3508 2675 ministrum

1932 2727 1987 2771 et
2016 2727 2263 2769 vocatum
2316 2715 2615 2784 apostolum
2646 2712 2811 2785 365
2841 2711 2968 2766 Jesu
3006 2711 3210 2767 Christi
3241 2710 3506 2765 nominat.

1937 2827 1954 2859 ι
1985 2806 2090 2861 Vos
2118 2806 2281 2876 igitur
2308 2820 2517 2868 omnes,
2532 2807 2622 2875 qui
2666 2804 2951 2858 ministerii
2981 2804 3295 2873 dignitatem
3327 2802 3509 2858 sortiti

1931 2899 2083 2964 estis,
2120 2898 2492 2951 fortitudinem
2527 2894 2765 2965 gentium
2799 2894 3116 2959 comedetis,
3133 2900 3189 2947 et
3218 2893 3272 2946 in
3306 2890 3509 2946 divitiis

1930 3006 2118 3044 eorum
2168 2987 2516 3043 admirabiles
2563 2988 2737 3042 eritis.
2770 3005 2790 3038 ι
2828 2984 3229 3040 Fortitudinem:
3266 2982 3506 3053 gentium

1931 3083 2080 3145 dicit,
2098 3081 2180 3134 vel
2211 3080 2441 3135 honores
2471 3078 2972 3149 potentissimorum
3007 3074 3412 3143 hominumqui
3437 3088 3506 3129 ex

1930 3173 2179 3244 gentibus
2194 3171 2370 3226 vocati
2399 3180 2550 3236 sunt,
2576 3169 2657 3224 vel
2685 3170 2793 3223 alio
2815 3169 2976 3223 modo
3006 3166 3289 3236 intelliges.
3309 3163 3508 3220 «Nemo

240 3251 337 3346 ibi!
362 3250 619 3346 ὀνομάζει
646 3255 946 3324 πανταχοῦ,
979 3256 1074 3309 καὶ¹
1099 3257 1298 3329 κλητὸν
1322 3259 1619 3316 ἀπόστολον
1652 3264 1824 3332 ἰησοῦ

1933 3265 2071 3319 enim
2117 3276 2375 3328 vesnum,
2422 3261 2617 3331 inquit,
2662 3259 2880 3329 ell‘ugiet
2919 3273 3005 3322 os,
3067 3276 3086 3310 ι
3125 3255 3192 3310 id
3223 3263 3330 3322 est,
3384 3267 3506 3310 ser-

240 3339 507 3411 Χριστοῦ..
545 3361 562 3393 ι
586 3343 774 3414 Ὑμεῖς
811 3344 884 3418 δὴ
911 3340 1004 3399 οὖν
1041 3344 1281 3412 ἅπαντες
1313 3351 1363 3402 οἱ
1401 3351 1460 3403 τὸ
1491 3355 1590 3422 τῆς
1617 3353 1827 3424 ἱερουρ-

237 3431 372 3501 γίας
398 3433 650 3503 λαχόντες
672 3435 911 3506 ἀξίωμα,
947 3438 1098 3507 ίσχὺν
1127 3437 1294 3492 ἐθνῶν
1313 3441 1622 3508 κατέδεσθε,
1647 3445 1739 3497 καὶ
1769 3447 1830 3499 ἐν

239 3522 321 3593 τῷ
352 3523 567 3595 πλούτῳ
599 3525 777 3579 αὐτῶν
810 3526 1289 3601 Θαυμασοήσεσςθε.
1326 3551 1344 3583 ι
1367 3534 1542 3604 Ἰσχὺν
1573 3534 1632 3588 δέ
1663 3553 1827 3606 φησιν

239 3613 434 3671 ἐθνῶν.
470 3615 502 3686 ἢ
536 3617 634 3681 τὰς
667 3618 831 3688 τιμὰς
866 3621 964 3683 τὰς
993 3623 1056 3674 ἐκ
1094 3621 1200 3675 τῶν
1230 3622 1638 3690 δυνατωτάτων,
1669 3627 1828 3698 οἵπερ

241 3705 311 3760 ἂν
345 3703 454 3759 εἷεν
479 3707 536 3775 ἐξ
563 3709 730 3762 ἐθνῶν
763 3711 1112 3783 κεκλημένοι,
1143 3714 1177 3785 ἥ
1217 3714 1338 3768 καθ’
1361 3716 1546 3787 ἕτερον
1578 3719 1828 3788 συνήσεις

238 3798 465 3870 τρόπον.
523 3819 541 3850 r
572 3800 757 3864 Οὐδεὶς
782 3802 890 3873 γὰρ
945 3804 1118 3875 ὑμῶν,
1167 3806 1320 3877 φησὶ,
1360 3807 1706 3876 διαφεύξεται
1768 3813 1828 3864 τδ

243 3890 445 3959 στόμα,
475 3910 492 3941 ι
533 3892 780 3946 τουτέστι
813 3894 903 3946 τὸν
938 3893 1116 3962 λόγον,
1148 3897 1269 3950 ἀντὶ
1298 3895 1408 3967 γὰρ
1439 3899 1533 3952 τοῦ
1579 3900 1736 3970 λόγου
1767 3904 1828 3956 τὸ

243 3978 421 4048 στόμα
463 3977 640 4050 τίθησι
686 3983 961 4053 πανταχοῦ
1005 3985 1064 4037 τὸ
1098 3985 1337 4057 Γράμμα
1375 3987 1438 4042 τὸ
1485 3989 1648 4060 ἱερὸν,
1693 3984 1823 4054 οἷον,

248 4063 382 4122 ιὯν
428 4070 489 4122 τὸ
541 4072 714 4140 στόμα
742 4074 881 4143 ἀρᾶς
915 4077 1007 4128 καὶ
1035 4077 1259 4147 πικρίας
1285 4078 1462 4148 γέμει.
1497 4096 1616 4131 ι-ι
1645 4083 1830 4136 Κατα-

243 4159 616 4233 νεμηθήσεσθε
678 4166 999 4235 τοιγαροῦν,
1066 4169 1240 4239 φησὶ,
1326 4173 1425 4242 τὴν
1505 4172 1654 4242 ἰσχὺν
1719 4174 1826 4229 τῶν

241 4251 440 4307 ἐθνῶν.
471 4273 490 4306 ι
511 4254 706 4308 Ἐθνῶν
727 4257 782 4310 δέ
805 4257 1052 4330 δύναμιν,
1083 4261 1114 4331 ἧ
1142 4265 1264 4326 τοὺς
1292 4267 1420 4333 παρ’
1445 4266 1675 4331 ἐκείνοις
1695 4268 1830 4339 λαμ-

243 4345 440 4415 προὺς,
492 4345 657 4416 ἤγουν
701 4347 1178 4420 ἐλλογιμωτάτους,
1229 4356 1321 4407 καὶ
1370 4357 1558 4424 σοφίαν
1607 4358 1828 4429 ἔχοντας

240 4435 530 4507 κοσμικὴν,
568 4437 850 4508 ὀνομάζειν
883 4444 910 4494 ὁ
939 4441 1094 4510 λόγος
1130 4443 1304 4498 ἔοικεν
1359 4447 1416 4500 ἐν
1463 4448 1690 4513 τούτοις.
1723 4450 1826 4504 Eti-

245 4528 491 4598 ρήσομεν
519 4527 577 4582 δέ
609 4531 701 4584 καὶ
745 4531 907 4585 αὑτὸν
952 4534 1043 4588 τὸν
1087 4535 1195 4591 τῶν
1249 4537 1418 4605 ἁγίων
1451 4542 1824 4610 μυσταγωγῶν

1934 3369 2167 3409 monent.
2207 3353 2310 3408 Pro
2339 3366 2592 3408 sermone
2611 3352 2756 3406 enim
2797 3361 3172 3418 sapennmero
3201 3359 3267 3401 os
3298 3350 3509 3414 ponunt

1931 3461 2100 3502 sacra:
2130 3442 2618 3514 Litteraexempli
2643 3457 2840 3497 causa:
2866 3459 2885 3492 ι
2915 3439 3156 3506 Quorum
3187 3452 3253 3492 os
3284 3433 3510 3490 maledi—

1929 3538 2107 3591 ctinue
2123 3545 2176 3588 et
2202 3533 2552 3588 atuarulentia
2571 3532 2786 3601 plenum
2805 3530 2964 3584 est“.
2995 3547 3014 3579 ι
3029 3556 3101 3569 -
3125 3542 3147 3578 ι
3174 3519 3510 3579 Devorabitis

1930 3626 2096 3689 enim,
2127 3625 2320 3693 inquit,
2361 3624 2732 3677 fortitudinem
2775 3622 3037 3690 gentium,
3061 3640 3080 3673 ι
3117 3619 3170 3674 id
3191 3626 3296 3685 est,
3319 3617 3509 3673 Oratio

1929 3727 2108 3771 vestra
2154 3718 2330 3770 vincet
2358 3717 2594 3786 gentium
2631 3714 2945 3784 potentiam.
2981 3711 3284 3767 Potentiam
3327 3719 3506 3764 autem

1930 3808 2168 3879 gentium
2205 3807 2288 3860 vel
2324 3807 2565 3861 illustres
2592 3806 2739 3860 viros
2769 3804 2909 3873 apud
2941 3819 3053 3865 eas.
3093 3803 3178 3856 vel
3216 3799 3505 3857 disertissi-

1931 3913 2045 3953 mos
2075 3907 2128 3952 et
2174 3895 2357 3950 tnuudi
2397 3895 2679 3963 prudentia
2715 3893 2958 3947 valentes
2987 3891 3272 3946 nominare
3292 3891 3506 3943 videtur

1931 3992 2019 4045 hic
2045 3989 2240 4043 oratio.
2258 3988 2598 4042 Inveniemus
2621 3993 2799 4039 autem
2829 3991 3138 4037 sanctorum
3163 3989 3504 4050 mystagogo-

1929 4095 2046 4134 rum
2081 4081 2379 4133 orationem
2410 4075 2772 4146 prae-valuisse,
2799 4083 2856 4129 et
2893 4071 2984 4142 qui
3008 4084 3196 4124 eorum
3221 4069 3504 4124 vocatione

1929 4172 2083 4228 dilati
2119 4180 2269 4236 sunt,
2291 4169 2460 4238 gloria
2490 4176 2617 4222 sunt
2648 4163 2850 4221 allecti.
2880 4165 3024 4218 Laus
3062 4175 3295 4232 namque
3320 4162 3506 4215 docto-

1931 4281 2050 4320 rum
2082 4274 2135 4318 et
2161 4280 2358 4318 corona
2401 4272 2453 4314 et
2491 4260 2658 4328 gloria
2693 4266 2819 4313 sunt
2863 4256 2952 4326 qui
2986 4254 3200 4310 illorum
3236 4251 3506 4308 iliumina-

1929 4360 2074 4414 tione
2108 4356 2304 4411 servati
2339 4361 2482 4408 sunt.
2513 4353 2803 4420 Propterea
2827 4349 2904 4402 ait
2929 4366 2941 4402 :
2965 4367 2983 4399 ι
3009 4347 3068 4401 In
3087 4345 3503 4400 divitiisvearutn

1929 4450 2274 4506 admirabiles
2315 4447 2486 4502 eritis.
2520 4465 2541 4498 ι
2575 4443 2727 4510 Quod
2760 4450 2940 4496 autem
2969 4439 3157 4493 divina
3193 4433 3504 4508 praedicatio

1929 4543 1995 4598 ad
2029 4542 2275 4612 regiones
2302 4537 2567 4608 pertinget
2595 4545 2653 4590 et
2676 4537 2748 4588 ad
2765 4547 2987 4590 omnem
3016 4538 3329 4602 gentem,et
3359 4526 3502 4596 quod

241 4617 653 4688 κατισχύσαντα
684 4621 860 4689 λόγον,
893 4626 986 4676 καὶ
1013 4624 1110 4695 τὴν
1157 4626 1336 4680 αὐτῶν
1367 4628 1558 4698 κλῆσιν
1588 4630 1822 4703 πλουτή-

1933 4634 2174 4689 bzeredes
2206 4630 2352 4684 orbis
2385 4640 2648 4682 terrarum
2677 4624 2841 4680 futuri
2865 4633 2995 4680 sunt
3027 4622 3156 4676 olim
3186 4627 3498 4675 sanctarum

244 4726 442 4772 σαντες
467 4711 846 4785 ἐδοξάσθησαν.
879 4715 1156 4788 Καύχημα
1191 4718 1297 4790 γάρ
1323 4719 1675 4790 διδασκάλων,
1713 4727 1834 4779 στέ-

242 4801 417 4868 φανός
438 4817 495 4854 τε
526 4804 619 4856 καὶ
649 4803 792 4870 δόξα,
816 4805 865 4857 οἱ
892 4804 980 4858 διὰ
997 4806 1094 4876 τῆς
1115 4807 1294 4860 αὐτῶν
1325 4811 1657 4880 σεσωσμένοι
1689 4829 1834 4882 φωτ-

239 4893 514 4961 αγωγίας.
558 4894 658 4948 Διὰ
686 4895 851 4949 τοῦτό
875 4915 1058 4968 φησιν,
1097 4898 1176 4950 ὅτι
1220 4917 1241 4950 r
1277 4899 1363 4951 Ἐν
1390 4900 1466 4970 τῷ
1499 4902 1712 4974 πλούτῳ
1746 4906 1838 4958 αύ-

237 4983 356 5036 τῶν
389 4983 860 5059 θαυμασθήσεσθε.
891 4988 1040 5042 »Ὅτι
1078 4988 1134 5042 δὲ
1170 4989 1231 5042 τὸ
1258 4989 1542 5045 θεσπέσιον
1573 4995 1833 5067 κήρυγμα

238 5075 644 5144 καταδράξεται
695 5077 801 5130 τῶν
851 5077 1070 5148 χωρῶν,
1099 5082 1192 5132 καὶ
1241 5080 1439 5145 παντὸς
1467 5081 1692 5149 ίέθνους,
1736 5087 1830 5140 καὶ

240 5167 535 5237 μονονουχὶ
561 5168 884 5239 κληρονόμοι
927 5172 1026 5240 τῆς
1058 5171 1154 5224 ὑπ’
1178 5171 1404 5243 οὐρανὸν
1449 5172 1658 5227 ἔσονται
1688 5176 1828 5230 κατὰ

236 5260 474 5328 καιροὺς
497 5261 544 5312 οί
567 5259 676 5313 τῶν
703 5261 870 5328 ἁγίων
909 5260 1241 5333 Ἐκκλησιῶν
1271 5263 1586 5334 ἡγούμενοι,
1608 5265 1827 5337 Χριστῷ

236 5350 346 5420 τὴν
396 5349 556 5416 δόξαν
603 5351 956 5416 ἀνάπτοντες,
983 5353 1339 5424 ὑπεμφαίνει,
1367 5354 1555 5424 λέγων·
1587 5375 1606 5406 ι
1640 5355 1827 5422 Οὕτως

237 5440 310 5492 ἐκ
353 5438 611 5512 δευτέρας
645 5442 1115 5516 κληρονομήσουσι
1161 5445 1260 5515 τὴν
1309 5444 1431 5514 γῆν.
1463 5465 1480 5496 ι
1516 5445 1690 5500 Πάλαι
1732 5448 1829 5519 μὲν

236 5530 359 5600 γὰρ
401 5531 899 5604 κατεκληροδότησε
950 5537 1062 5598 τοῖς
1109 5535 1170 5600 ἐξ
1202 5537 1414 5606 Ἰσραὴλ
1449 5536 1655 5608 Ἰησοῦς
1687 5540 1713 5592 ό
1737 5537 1828 5591 τοῦ

237 5621 409 5691 Ναυῆ
452 5622 552 5687 τὰς
599 5626 712 5680 τῶν
763 5626 931 5680 ἐθνῶν
969 5627 1182 5697 χώρας
1213 5627 1402 5682 ἔλαϐον
1432 5630 1539 5701 γὰρ
1579 5631 1677 5701 τὴν
1727 5630 1828 5700 γῆν

238 5715 361 5769 τῶν
396 5718 756 5790 Ἀμορραίων,
804 5722 897 5775 καὶ
931 5721 1262 5791 Ἰδουμαίων,
1315 5723 1408 5775 καὶ
1457 5722 1693 5787 Εὐαίων,
1735 5723 1828 5775 καὶ

321 5897 369 5928 ⁷⁷
401 5899 596 5956 Ezech.
629 5915 811 5968 xxxn',
853 5902 933 5969 l8,
969 5902 1047 5958 l9.
1125 5905 1169 5935 ⁷³
1205 5901 1246 5956 ΙΙ
1275 5901 1411 5957 Tim.
1449 5919 1507 5971 ιι,
1549 5904 1631 5959 15.

1931 4725 2291 4780 Ecclesiarum
2326 4719 2699 4792 prtefecti,qui
2728 4718 2957 4773 Christo.
2973 4716 3203 4786 gloriam
3235 4712 3499 4776 tribuunt,

1929 4814 2260 4875 subindieat,
2292 4810 2474 4865 dicens
2516 4829 2528 4862 :
2558 4827 2577 4858 ε
2606 4809 2698 4862 Sic
2745 4817 2941 4860 terram
2985 4801 3222 4858 secundo
3257 4799 3498 4871 posside-

1932 4907 2118 4960 bunt.»
2145 4902 2283 4959 Olim
2310 4901 2508 4971 quippe
2533 4899 2728 4954 sortito
2755 4896 2937 4951 divisit
2965 4893 3222 4950 lsraelitis
3248 4891 3504 4954 Iesus,“-

1932 4997 2036 5052 lius
2068 4995 2236 5056 Nave.
2265 4993 2518 5063 regiones
2545 4991 2785 5062 gentium
2813 5006 2830 5054 ;
2859 4994 3188 5056 acceperunt
3216 4984 3363 5039 enim
3393 4993 3504 5038 ter-

1932 5102 2046 5141 ram
2072 5084 2536 5147 Amorrhaorum,
2561 5081 2938 5143 Idumaeorum,
2969 5075 3251 5131 Evmrum
3294 5083 3346 5130 et
3368 5072 3503 5128 alio-

1933 5191 2071 5229 rum.
2101 5173 2234 5228 Cum
2283 5181 2462 5225 autem
2499 5169 2698 5225 mundo
2743 5167 3005 5222 illuxisset
3043 5165 3314 5228 Christus,
3345 5164 3501 5233 cujus

1931 5264 2100 5335 ﬁgura
2130 5271 2249 5318 erat
2288 5262 2446 5318 Jesus
2482 5261 2572 5315 ille
2598 5257 2876 5328 antiquus,
2913 5272 3019 5312 non
3057 5257 3225 5313 solam
3260 5253 3496 5310 Judaaam

1927 5355 2040 5409 suis
2074 5353 2333 5408 ministris
2366 5349 2658 5412 distribuit,
2690 5351 2782 5402 sed
2835 5357 2892 5402 et
2927 5355 3128 5402 terram
3166 5347 3494 5399 universam.

1927 5449 1992 5501 Et
2021 5450 2134 5501 lucc
2165 5446 2400 5502 secunda
2438 5443 2538 5497 fuit
2569 5448 2688 5511 post
2729 5441 2959 5509 primam
2987 5439 3180 5494 divisio
3212 5437 3496 5493 hrcredita-

1929 5539 2017 5592 tis.
2052 5537 2329 5607 Dispartiti
2373 5544 2498 5590 sunt
2549 5534 2692 5607 enim
2733 5532 2936 5588 calculo
2975 5541 3030 5588 et
3078 5528 3284 5602 judicio
3325 5526 3496 5596 ipsius

1930 5629 2172 5696 regiones
2200 5644 2264 5682 ac
2294 5629 2543 5683 civitates
2581 5603 2876 5700 my‘stagogi
2903 5637 2957 5682 et
2993 5625 3242 5680 doctores
3265 5636 3280 5673 :
3306 5618 3494 5674 etiam-

1931 5737 2054 5774 num
2082 5723 2318 5792 gaudent
2343 5721 2394 5774 in
2421 5721 2662 5789 Christo,
2693 5733 2742 5777 et
2774 5719 2966 5792 gaudio
2997 5715 3228 5790 quodam
3265 5710 3494 5785 spiritali

1708 5906 1752 5936 7’
1781 5904 1937 5959 lium.
1970 5919 2006 5972 I,
2045 5901 2095 5956 6.
2175 5903 2218 5934 ⁸ο
2252 5901 2391 5957 Psal.
2423 5903 2612 5969 xttt,5.
