4148 6544
249 451 406 508 ίδυῒ

1389 460 1456 516 IN
1491 461 1894 519 lSAlAll'LlB.
1937 465 2000 518 ν.
2045 460 2283 523 TOMUS
2322 463 2385 518 Vt

3371 467 3391 520 1
3405 466 3507 520 560

243 566 348 640 λῆς
379 570 519 638 ἄγαν
550 571 934 644 ἀγαθουργίας,
967 575 1061 630 καὶ
1086 580 1182 650 τῆς
1209 579 1328 632 κατ’
1356 581 1634 636 εὐσέϐειαν
1665 581 1828 654 ζωῆς,

1935 587 2120 656 genios
2151 595 2460 640 sanctorum
2494 585 2617 641 facti
2669 597 2805 642 sunt
2841 586 3178 642 institutione
3235 595 3290 641 et
3343 587 3510 640 disci-

243 663 664 734 γνωριμώτατοι
696 667 860 719 πᾶσίν
891 668 1048 730 εἰσιν,
1071 669 1152 723 ὅτι
1187 671 1283 724 καὶ
1315 673 1485 740 ἁγίων
1519 672 1715 741 ἔκγονα
1739 691 1832 743 γε·

1935 678 2101 744 pliua,
2138 685 2194 729 ut
2221 677 2354 738 dixi.
2386 695 2403 726 ι
2424 687 2491 731 .et
2523 678 2647 748 quia
2675 693 2857 732 semen
2882 679 3226 734 benedictum
3259 677 3442 733 aDeo:
3483 695 3500 728 ι

247 753 441 820 γόνασι
477 756 618 809 κατὰ
656 756 976 828 μαθητείαν,
1007 759 1083 821 ώς
1111 758 1268 830 ἔφην,
1303 780 1321 812 ι
1351 763 1571 824 Καῖότι
1614 764 1832 834 σπέρμα

1934 774 2095 842 86⁸1
2123 785 2268 842 puta,
2301 784 2606 828 sanctormu
2645 776 3028 832 monachorum
3085 787 3278 844 ctetus,
3304 777 3369 832 de
3395 772 3510 846 qui-

247 847 389 899 εῖσὶν
429 847 788 918 εὐλογημένοι)
837 849 942 909 ὑπὸ
989 849 1144 913 Θεοῦ,
1175 870 1200 903 ι
1233 849 1344 906 οἷον
1394 854 1462 907 τὰ
1516 856 1624 908 τῶν
1663 856 1834 922 ἁγίων

247 940 533 1006 μοναστῶν
567 943 904 1011 συστήματα,
940 944 1066 1013 περὶ
1094 936 1168 997 ὧν
1193 963 1357 1017 φησιν
1390 948 1425 998 δ’
1449 949 1660 1012 Παῦλος
1680 966 1692 977 ν
1724 969 1740 1000 ι
1771 952 1831 1003 Οί

240 1027 298 1079 δὲ
341 1026 435 1084 τοῦ
469 1027 706 1098 Χριστοῦ
740 1029 914 1098 Ἰησοῦ
970 1029 1070 1100 τὴν
1121 1032 1297 1102 σάρκα
1339 1033 1690 1105 ἐσταύρωσαν
1737 1039 1833 1090 σὺν

239 1119 353 1180 τοῖς
388 1116 675 1188 παθήμασι
706 1120 799 1172 καὶ
850 1121 970 1184 ταῖς
995 1121 1330 1193 ἐπιθυμίαις,
1363 1143 1382 1177 ι
1420 1127 1468 1178 οί
1495 1126 1585 1179 τὸν
1616 1129 1830 1199 ὲπιεικῆ

241 1207 338 1259 καὶ
376 1208 663 1276 φιλόπονον
707 1210 998 1275 διαζῶντες
1046 1211 1178 1282 βίονο
1204 1213 1311 1267 τῶν
1356 1217 1414 1268 ἐν
1458 1216 1724 1289 παρθενίᾳ
1764 1220 1832 1272 τὰ

244 1296 434 1369 στίφη,
453 1301 546 1352 καὶ
565 1302 715 1371 χοροδ⁹
732 1301 993 1370 γέμοντες
1013 1301 1259 1372 εὐλογίας
1272 1304 1429 1371 Θεοῦ,
1449 1300 1595 1360 οῦτοι
1612 1309 1833 1380 σπέρμα

245 1389 385 1440 εἰσὶν
415 1389 776 1460 εὐλογημένον
801 1392 904 1444 ὑπὸ
938 1392 1106 1459 Θεοῦ,
1129 1387 1275 1448 οὗτοι
1315 1396 1586 1467 χαίρουσι,
1618 1401 1712 1453 καὶ
1745 1401 1832 1453 εὑ-

245 1477 566 1547 φραίνονται
595 1480 689 1533 ἐπὶ
715 1481 952 1553 Κύριον·
985 1483 1045 1535 οὐ
1077 1483 1184 1554 γὰρ
1218 1469 1502 1553 ἐφήδονται
1543 1489 1831 1560 πράγμασι

245 1572 551 1639 κοσμικοῖς,
574 1572 922 1642 ἐμπίμπλασι
948 1575 1228 1644 δὲμᾶλλον
1251 1577 1350 1640 τὰς
1371 1563 1832 1651 ἐαυτῶνικαρδίας

245 1661 470 1732 ἀγάπης
494 1664 590 1734 τῆς
619 1667 699 1727 είς
724 1665 983 1736 Χριστὸν,
1018 1670 1286 1739 σωτήριον
1305 1669 1449 1724 δὲτὸ
1475 1672 1826 1752 χρῇμάἐστι,

246 1755 342 1806 καὶ
357 1810 361 1813 _
376 1753 644 1826 θυμηδίας
676 1757 895 1826 ἁπάσης
922 1761 1297 1832 ἐμποιητικόν.

329 1847 730 1917 Ἀγασιιιιὶσθω
758 1848 797 1917 ἡ
826 1851 995 1918 ψυχή
1014 1870 1140 1921 μου
1172 1852 1276 1916 ἐπὶ
1315 1853 1396 1920 τῷ
1432 1857 1628 1924 Κυρίῳ
1657 1876 1670 1887 '
1741 1859 1832 1912 ἑν-

1936 866 2033 916 hus
2075 863 2270 917 Paulus
2309 882 2322 918 :
2362 883 2386 914 ι-
2421 863 2521 931 Qui
2555 874 2730 919 autem
2764 867 2968 922 Chrisﬁ
3023 867 3148 922 .lesu
3211 878 3356 932 sunt,
3390 882 3508 922 car-

1936 966 2057 1004 nem
2115 953 2502 1007 crucilixerunt
2568 971 2689 1008 cum
2741 956 3021 1012 all'eetihus
3091 967 3148 1011 et
3196 957 3508 1025 cupiditati-

1934 1042 2032 1095 bus
2058 1041 2125 1106 ⁸⁸,
2159 1061 2177 1094 ι
2203 1043 2294 1111 qui
2329 1045 2546 1112 probam
2572 1055 2624 1099 et
2651 1046 2974 1101 laboriosam
3012 1049 3295 1104 traducunt
3320 1050 3502 1104 vitam:

1933 1141 1986 1184 ct
2037 1133 2088 1185 in
2118 1133 2425 1202 virginitate
2457 1135 2763 1202 degentium
2794 1137 3048 1193 cohortes
3091 1148 3145 1193 ct
3200 1141 3352 1194 chori
3413 1141 3503 1210 qui

1936 1222 2028 1275 Dei
2046 1223 2417 1277 benedictione
2451 1223 2776 1278 abundant:
2823 1226 2874 1279 hi
2931 1237 3058 1280 sunt
3107 1242 3292 1281 semen
3347 1228 3508 1282 bene-

1932 1311 2135 1365 dictum
2169 1327 2197 1364 a
2237 1311 2368 1377 Deo,
2405 1312 2456 1365 hi
2485 1311 2720 1384 gaudent
2759 1321 2808 1366 et
2854 1313 3106 1368 laetantur
3146 1314 3198 1368 in
3259 1313 3505 1370 Domino.

1934 1401 2049 1457 Non
2083 1405 2228 1457 enim
2261 1405 2548 1458 mundanis
2570 1404 2879 1460 aificiuutur
2914 1405 3162 1474 negotiis,
3208 1405 3301 1458 sed
3347 1406 3506 1460 corda

1933 1511 2026 1548 sua
2058 1497 2237 1565 potius
2265 1497 2530 1550 charitate
2561 1497 2762 1552 Christi
2797 1497 3086 1566 complent.
3137 1497 3260 1551 litec
3301 1511 3387 1552 res
3419 1511 3510 1551 sa-

1934 1588 2121 1642 lutaris
2153 1595 2253 1652 est,
2283 1598 2337 1641 et
2366 1588 2542 1642 omnis
2575 1588 2862 1659 voluptatis
2891 1588 3153 1643 etfectrix.

2003 1849 2166 1902 Vens.
2212 1849 2298 1914 10,
2337 1830 2421 1904 ll.
2490 1849 2731 1906 Exsulta
2769 1853 2946 1905 anima
2991 1870 3105 1906 mea
3161 1869 3216 1907 m
3247 1852 3510 1920 Domino;

244 1932 429 1998 ἐδυσε
462 1936 573 2006 γάρ
594 1953 671 2006 με
710 1937 945 2007 ἱμάτιον
982 1943 1299 2010 σωτηρίου,
1355 1945 1454 1998 καὶ
1494 1946 1714 2014 χιτῶνα
1737 1950 1832 2002 εὑ-

1937 1941 2106 1995 iuduit
2131 1942 2266 1994 enim
2293 1957 2374 1994 me
2401 1952 2535 1994 veste
2577 1942 2762 1997 salutis
2806 1953 2852 1996 et
2902 1945 3080 1998 tunica
3112 1944 3328 2010 laztitite,
3380 1955 3495 1999 tan-

244 2031 576 2105 φροσύνηςν
603 2031 682 2097 ὡς
715 2034 1294 2102 νυμφίφπεριέθηκέ
1323 2054 1426 2104 μοι
1450 2039 1689 2106 μίτραν,
1733 2039 1833 2091 καὶ

243 2124 328 2189 ὡς,
351 2123 596 2192 νύμφην
644 2126 1065 2194 κατεκόσμησέ
1107 2143 1181 2195 με
1211 2129 1438 2196 κόσμῳ,
1474 2130 1569 2183 καὶ
1608 2131 1688 2197 ὠς
1716 2132 1834 2200 γῆν

243 2211 562 2275 αὔξουσαν
603 2211 668 2264 τὸ
727 2211 908 2279 ἄνθος
953 2213 1161 2283 αὐτῆς,
1231 2217 1329 2270 καὶ
1389 2219 1470 2284 ὠς
1516 2219 1718 2289 κῆπον
1762 2221 1834 2275 τὰ

244 2305 556 2372 σπέρματα
603 2305 810 2369 αὑτοῦ,
839 2306 1027 2372 οὕτως
1059 2305 1344 2361 ἀνίετε.ῖεῖ
1361 2309 1579 2379 Κύριος
1609 2312 1802 2367 durato
1821 2346 1833 2357 -

243 2396 466 2462 σὺνην,
520 2396 617 2450 καὶ
677 2397 1025 2467 ἀγηλιῖίαμα
1086 2399 1366 2454 ἐναντίον
1429 2403 1672 2458 πάντων
1717 2405 1835 2460 τῶν

243 2481 454 2540 ἐθνῶν.

315 2575 600 2645 Φιλότιμον
633 2576 719 2628 ἐπ’
751 2578 934 2640 αὐτοῖς
982 2578 1240 2643 ἁπλώσας
1288 2583 1388 2652 τὴν
1449 2585 1625 2654 χεῖρα,
1685 2585 1834 2639 πλεί-

245 2682 392 2730 στοις
433 2684 492 2720 τε
536 2668 681 2731 ὅσοις
712 2669 805 2722 καὶ
837 2668 1178 2741 ἁξιοκτήτοις
1218 2673 1515 2744 χαρίσμασι
1567 2677 1836 2745 στεφανώο

244 2776 362 2811 σειν
423 2757 626 2812 εἰπών’
691 2779 709 2810 ι
750 2761 868 2823 Πᾶς
922 2763 1031 2832 γὰρ
1076 2765 1104 2816 ὁ
1154 2765 1333 2835 ὁρῶν,
1381 2766 1544 2836 φησὶν
1574 2813 1586 2832 ,
1639 2769 1835 2833 αὐτοὺς

242 2849 628 2916 ἐπιγνώσεται,
663 2851 744 2904 ὅτι
767 2843 919 2905 οὗτοι
956 2854 1064 2906 stat
1087 2855 1308 2926 σπέρμα
1345 2856 1707 2928 εύλογημὲνον
1729 2859 1835 2913 ὑπὸ

240 2939 401 3003 Θεοῦ,
450 2959 469 2991 ι
517 2935 638 2995 εἶτα
679 2944 1139 3012 προσεπενεγκὼν
1191 2946 1270 2999 ὅτι
1309 2967 1327 2997 ι
1371 2948 1482 3000 Καὶ
1531 2950 1836 3022 εὐφρανθή-

242 3049 427 3086 σονται
465 3032 558 3085 ἐπὶ
601 3032 830 3105 Κύριον,
866 3053 884 3087 ι
922 3035 1136 3090 δίδωσιν
1180 3038 1340 3101 εὐθὺς
1367 3039 1464 3109 τὴν
1496 3040 1835 3112 εὐφροσύνην

241 3125 444 3187 αὐτοῖς.
468 3123 734 3196 Ταύτῃτοι
757 3125 851 3179 καὶ
890 3127 1036 3195 μάλα
1060 3127 1285 3192 εἰκότως
1307 3130 1368 3182 τὸ
1387 3129 1488 3195 τῆς
1510 3131 1834 3203 Ἐκκλησίας

240 3213 592 3284 εἰσεκομίσθη
607 3215 893 3286 πρόσωπον
907 3217 971 3267 ἐκ
984 3217 1338 3288 περιχαρείας
1351 3219 1450 3288 τῆς
1468 3220 1602 3288 ἄγαν
1617 3223 1833 3290 ἀναφω-

240 3307 390 3371 νοῦν,
414 3325 431 3356 ι
455 3306 826 3374 Ἀγαλλιὰσθω
841 3307 1032 3378 ἡψυχὴ
1054 3325 1155 3378 μου
1173 3309 1265 3361 ἐπὶ
1288 3309 1364 3379 τῷ
1384 3311 1594 3382 Κυρίῳ,
1616 3313 1831 3366 ἐνέδυσε

239 3399 350 3469 γάρ
371 3415 434 3467 με
452 3397 663 3467 ἱμάτιον
683 3398 970 3468 σωτηρίου,
990 3399 1083 3451 καὶ
1103 3400 1303 3470 χιτῶνα
1325 3401 1684 3471 εὐφροσύνης.
1713 3404 1834 3457 »Χι-

238 3489 390 3542 τῶνα
426 3489 760 3559 εὐφροσύνης
795 3489 885 3543 τὸν
913 3490 1119 3561 Κύριον
1157 3491 1313 3560 ἡμῶν
1353 3493 1564 3563 Ἰησοῦν
1596 3496 1854 3566 Χριστόν.

240 3596 397 3650 φησι.
419 3579 624 3649 Γράφει
647 3579 776 3647 γοῦν
788 3581 881 3632 καὶ
893 3581 921 3632 ὁ
938 3581 1210 3647 πάνσοφος
1225 3580 1439 3645 Παῦλος
1453 3585 1564 3646 τοῖς
1578 3601 1601 3636 ε
1612 3585 1657 3647 ίς
1670 3583 1831 3637 αὐτὸν

241 3667 598 3721 πιστεύσασιν
621 3683 636 3698 °
671 3687 689 3719 ι
714 3669 1038 3723 Ἐνδύσασθε
1070 3670 1162 3722 τὸν
1184 3671 1386 3741 Κύριον
1424 3674 1582 3744 ἡμῶν
1619 3674 1830 3744 Ἰησοῦν

238 3758 332 3814 τὸν
364 3760 409 3812 Χ
419 3760 620 3830 ριστὸν,
655 3761 750 3813 καὶ
782 3759 895 3829 τῆς»
914 3762 1115 3831 σαρκὸς
1151 3762 1416 3831 πρόνοιαν
1459 3764 1532 3834 μὴ
1589 3765 1829 3818 ποιεῖσθε

239 3852 320 3912 εἰς
349 3851 660 3920 ἐπιθυμίαν.
699 3871 718 3903 ι
757 3852 825 3905 Oi.’
858 3869 921 3921 γε
969 3851 1083 3923 μὴν
1105 3853 1312 3922 ὰμφίου
1347 3854 1504 3925 δίκην
1534 3859 1832 3928 ἐσχηκότες

240 3943 404 3995 αὑτὸν
433 3942 570 4013 πρὸς
605 3945 672 4013 τῇ
707 3944 953 4012 σωτηρίᾳ
992 3943 1336 4014 κερδαίνουσι
1400 3945 1461 3997 τὸ
1513 3948 1827 4019 εὐημερεῖν,

241 4035 335 4087 καὶ
367 4034 428 4086 τὸ
465 4037 522 4087 ἐν
552 4033 914 4105 εὐφροσύναις
944 4029 1082 4088 εἶναι
1105 4038 1366 4104 μακραῖς.
1404 4036 1546 4108 Ἔφη
1573 4038 1704 4106 γοῦν
1731 4041 1828 4091 αὑ-

238 4125 332 4189 τὸς
361 4126 390 4178 ὁ
419 4124 634 4196 Σωτήρ·
664 4145 682 4177 ι
731 4126 789 4177 '0
841 4125 1081 4196 κλέπτης
1119 4127 1220 4180 οὐκ
1265 4127 1502 4198 ἔρχεται,
1556 4130 1603 4180 εί
1639 4129 1713 4199 μὴ
1744 4129 1832 4183 ἵνα

241 4215 418 4289 κλέψῃ
451 4217 543 4270 καὶ
574 4215 734 4288 θύσῃ,
764 4217 858 4270 καὶ
887 4217 1150 4288 ἀπολέσῃ.
1205 4217 1346 4284 Ἐγὼ
1368 4213 1535 4286 ἦλθον
1571 4219 1662 4271 ἵνα
1686 4218 1830 4291 ζωὴν

241 4309 434 4382 ἔχωσι,
464 4309 557 4360 καὶ
584 4307 844 4378 περισσὸν
881 4307 1098 4377 ἔχωσιν.
1137 4327 1154 4359 ι
1195 4309 1269 4363 Οὐ
1299 4311 1409 4381 γὰρ
1457 4307 1619 4372 σώζει
1646 4309 1828 4379 μόνον,

238 4400 317 4462 ώς
371 4383 528 4470 ἔφην,
580 4398 716 4451 ἀλλὰ
752 4401 861 4468 γὰρ
913 4399 1008 4452 καὶ
1042 4398 1384 4470 ἀτελευτήτῳ
1442 4400 1830 4470 κατευφραίνει

237 4493 418 4564 χαρᾷο
460 4493 567 4548 καὶ,
600 4490 759 4545 τοῦτό
792 4494 917 4544 ἐστι
941 4491 1002 4544 τὸ
1037 4492 1292 4563 περιττὸν
1321 4492 1829 4563 προστεθησόμενον

172 4661 175 4663 γ
238 4589 274 4656 ἡ
307 4587 422 4649 τοῖς
451 4586 627 4653 ἁγίοις
650 4583 1074 4655 ζωήιΧριστὸς.
1097 4581 1212 4639 οὖν.
1237 4587 1345 4657 ἄρα
1381 4586 1444 4638 τὸ
1474 4587 1544 4653 ἐξ,
1574 4585 1826 4657 ούρανοῦ,
1859 4607 1925 4664 υ.

239 4675 335 4727 καὶ
368 4672 571 4727 ἄνωθεν
593 4673 794 4743 ἄμφιον
822 4676 851 4726 ὀ
887 4673 984 4741 τῆς
1012 4674 1321 4746 ἀφθαρσίας
1356 4674 1543 4745 χιτὼν,
1581 4676 1640 4728 ὃν
1666 4673 1720 4728 εἴ
1743 4691 1828 4737 τις

236 4767 394 4820 λάϐοι
421 4766 898 4836 στεφανωθήσεται
933 4766 1123 4836 κόσμῳ
1150 4768 1332 4830 παντὶ,
1357 4767 1533 4838 νοητῷ
1564 4766 1828 4837 δηλονότι,

237 4859 332 4911 και,
356 4860 469 4921 τοῖς
495 4856 556 4922 ἐξ
583 4856 955 4926 ἀγαθουργίας
995 4858 1329 4928 αὐχήμασιν.
1365 4858 1560 4912 ΙἸέὶσται
1607 4861 1717 4929 γὰρ
1755 4859 1832 4920 ὡς

234 4951 493 5022 νυμφίος,
524 4953 600 5014 ώς
627 4951 821 5022 μίτραν
853 4949 1236 5022 διεζωσμένος.
1279 4952 1372 5004 καὶ
1415 4951 1491 5015 ὡς
1519 4952 1704 5021 νύμφη
1743 4951 1834 5004 κόο

235 5053 365 5114 σμῳ
397 5044 558 5104 παντὶ
589 5043 986 5114 διαπρέπουσα.
1024 5043 1144 5098 Εἰσὶ
1188 5041 1317 5113 γὰρ,
1351 5044 1489 5095 εἰσιν
1517 5044 1564 5095 οἱ
1597 5044 1655 5094 ἐν
1700 5043 1835 5112 Χρι-

235 5135 352 5206 στῷ
405 5136 577 5190 δεινοὶ
625 5137 745 5208 μὲν,
784 5135 878 5189 καὶ
907 5133 1298 5205 ἀλκιμώτατοι,
1344 5135 1479 5204 πρός
1518 5151 1582 5202 γε
1623 5135 1682 5186 τὸ
1723 5134 1833 5186 δεῖν

232 5225 584 5296 ἀνδρίζεσθαι
628 5225 852 5296 νοητῶς,
907 5223 1345 5278 καταπλουτοῦσι
1399 5223 1456 5276 δὲ
1497 5223 1618 5277 λίαν
1648 5222 1832 5276 καὶτὸ

233 5317 516 5387 εὐπρεπὲς
566 5318 645 5379 είς
679 5317 842 5370 ,ἅπαν
871 5310 1010 5375 εἶδος
1049 5314 1269 5385 ἀρετῆς.
1335 5315 1579 5368 Ἐοίκασι
1629 5313 1686 5367 δὲ
1736 5313 1830 5366 καὶ

235 5409 481 5479 νύμφαις
526 5409 614 5461 διὰ
639 5409 699 5461 τὸ
732 5406 1068 5477 καρπογόνον
1111 5407 1249 5475 μετὰ
1292 5407 1385 5459 τοῦ
1415 5406 1657 5460 ποικίλον
1684 5405 1827 5475 ἔχειν

235 5500 315 5564 ὡς
363 5502 423 5552 ἐν
463 5498 675 5571 ἀρετῶν
729 5498 1044 5568 φαιδρότητι
1095 5496 1309 5560 κάλλος.
1371 5499 1513 5568 Ἔφη
1567 5496 1698 5565 γοῦν
1744 5512 1828 5558 τις

236 5590 349 5644 τῶν
390 5590 560 5658 ἁγίων
601 5589 914 5662 προφητῶν,
951 5589 1264 5658 ἐγκάρπους
1299 5589 1456 5652 ὄντας
1507 5588 1828 5650 ἀποδεικνὺς

238 5683 368 5745 eo);
396 5681 484 5734 τὸν
523 5681 694 5750 εὐαγῆ
729 5679 1126 5751 κατορθοῦντας
1161 5679 1294 5749 βίον·
1339 5697 1357 5728 ι
1407 5679 1498 5737 Διὸ
1527 5679 1616 5730 τὸν
1665 5679 1828 5747 φόϐον

314 5854 360 5888 ⁸⁸
399 5855 574 5910 Galat.
607 5871 657 5923 ν,
688 5855 775 5910 2i.
857 5857 900 5888 ⁸⁸
933 5854 1088 5915 llum.
1121 5871 1238 5922 xm,
1277 5856 1354 5911 li.
1435 5857 1480 5889 ⁸⁵
1510 5855 1663 5912 Joan.
1701 5853 1873 5922 3,.10.

1935 2047 2092 2102 quam
2123 2047 2363 2097 sponsum
2389 2033 2733 2086 circumdedit
2759 2049 2839 2088 me
2869 2037 3049 2097 mitra,
3077 2043 3124 2088 et
3149 2037 3300 2105 quasi
3354 2051 3510 2103 spon-

1936 2139 2050 2177 sam
2074 2125 2276 2177 ornavit
2298 2139 2378 2176 me
2397 2125 2591 2178 mumla
2622 2124 2864 2178 muliebri
2882 2142 2899 2188 ;
2915 2136 2972 2190 et
2996 2127 3129 2178 sicut
3153 2133 3292 2178 terra
3308 2126 3507 2195 profert

1933 2216 2125 2284 ﬂorem.
2149 2231 2321 2278 sum»,
2345 2224 2397 2267 et
2428 2223 2484 2266 ut
2509 2214 2695 2268 hortus
2745 2217 2943 2270 semina
2970 2232 3088 2280 sua,
3118 2217 3193 2270 sic
3217 2217 3508 2286 germinare

1935 2306 2093 2372 faciet
2115 2305 2368 2359 Dominus
2384 2305 2726 2376 justitiam-“
2755 2306 3159 2366 exsultationem
3194 2323 3370 2367 coram
3401 2323 3511 2361 om-

1936 2397 2090 2450 nibus
2115 2397 2378 2467 gentibus.

2008 2572 2313 2626 Muuilicam
2345 2573 2402 2626 in
2446 2572 2564 2627 illos
2597 2576 3100 2641 manumextendit,
3154 2584 3218 2629 et.
3266 2575 3509 2643 plurimis

1936 2664 2306 2734 etinsignibus
2329 2663 2481 2717 donis
2503 2673 2886 2719 coronaturqu
2914 2681 2974 2720 se
3005 2667 3126 2726 illos
3141 2665 3304 2724 dixit:
3337 2683 3356 2718 ι
3375 2664 3504 2722 0m-

1939 2759 2034 2812 nis.
2076 2757 2241 2822 extim,
2300 2755 2494 2824 inquit,
2535 2757 2625 2823 qui
2671 2757 2820 2812 videt
2867 2773 2979 2823 eos,
3034 2766 3330 2828 cognoscet
3387 2773 3510 2813 esse

1937 2848 2056 2902 illos
2083 2862 2268 2902 semen
2309 2847 2649 2900 benedictum
2687 2862 2716 2899 a
2751 2848 2879 2902 Deo.
2922 2865 2955 2900 s.
2975 2848 3263 2914 Subiunxit
3286 2848 3504 2904 deinde:

1941 2960 1964 2992 s
1991 2941 2048 2994 Et
2083 2939 2409 2994 latabuntur
2454 2942 2506 2994 in
2559 2940 2814 2995 Domino“
2845 2961 2863 2994 ι
2905 2941 3098 2996 Statim
3136 2942 3244 2997 illis
3259 2943 3352 2996 dat
3373 2941 3507 2996 lati—

1937 3035 2086 3085 tiam.
2129 3031 2264 3086 illuc
2287 3047 2392 3085 non
2445 3033 2714 3088 immerito
2749 3033 3004 3091 Ecclesia:
3047 3048 3279 3103 persona
3335 3033 3508 3090 intro-

1935 3124 2093 3176 ducta
2117 3133 2223 3186 est,
2250 3139 2359 3192 prae
2381 3125 2584 3194 insigni
2621 3127 2842 3194 gaudio-
2867 3126 2919 3178 in
2973 3127 3070 3183 has
3122 3141 3282 3181 voces
3329 3141 3510 3180 eruun-

1937 3229 2100 3282 pens:
2140 3216 2428 3270 «.Exsultet
2456 3217 2633 3270 anima
2660 3232 2783 3272 mea.
2803 3216 2863 3273 iu,
2884 3217 3144 3282 Domino;
3173 3216 3507 3272 induitenim

1936 3321 2021 3359 me
2057 3315 2204 3359 veste
2224 3307 2415 3361 salutis
2433 3315 2488 3362 ct
2523 3309 2706 3364 tunica
2732 3309 3008 3369 laetitia.)
3045 3309 3305 3363 Tunicam
3353 3317 3510 3364 vocat

1934 3393 2220 3449 Dominum
2253 3407 2494 3451 nostrum
2519 3397 2701 3453 Jesum
2725 3401 3024 3454 Christum.
3063 3400 3270 3454 Scribit
3327 3401 3509 3469 itaque

1935 3489 2374 3554 sapientissimus
2392 3489 2588 3546 l‘aulus
2620 3492 2704 3546 his
2731 3493 3101 3562 quiinipsum
3127 3494 3503 3548 crediderunt:

1937 3596 1956 3628 ι
1995 3578 2204 3635 Induite
2226 3579 2516 3635 Dominum
2571 3592 2812 3636 nostrum
2863 3583 3048 3638 Jesntn
3105 3585 3401 3650 Christum,
3453 3594 3510 3640 et

1930 3674 2124 3728 carnis,
2172 3688 2356 3726 curam
2399 3675 2666 3742 tte-gerite
2721 3675 2775 3727 iu
2823 3674 3208 3743 cupiditatibus
3246 3675 3314 3728 ⁸⁸.
3355 3693 3373 3726 ι
3405 3675 3505 3743 Qui

1932 3776 2111 3817 autem
2168 3762 2317 3816 illum
2371 3773 2626 3832 tanquam
2684 3773 2887 3818 vestem
2931 3768 3256 3831 habuerunt,
3313 3777 3510 3836 praeter

1932 3853 2160 3908 salutem
2185 3854 2466 3907 lncrantur
2490 3854 2820 3920 felicitatem;
2845 3856 3294 3926 itaquediuturno
3321 3858 3508 3913 fruun-

1936 3951 2023 3996 tur
2050 3942 2263 4012 gaudio.
2297 3942 2388 3995 Ait
2433 3942 2616 4009 itaque
2670 3943 2786 4004 ipse
2843 3944 3142 3998 Servator:
3177 3962 3196 3996 ι
3237 3943 3348 3998 Fur
3397 3960 3502 4002 non

1933 4034 2080 4088 venit
2107 4033 2206 4088 nisi
2237 4043 2292 4087 ut
2314 4033 2544 4096 furetur,
2569 4043 2622 4086 et
2651 4042 2847 4088 mactet
2868 4043 2922 4089 et
2941 4035 3160 4104 perdat;
3186 4049 3286 4105 ego
3307 4036 3427 4090 veni
3450 4045 3507 4090 ut

1933 4125 2096 4178 vitam
2129 4125 2384 4191 habeant,
2439 4134 2494 4179 et
2553 4126 2916 4180 abtuidantem
2959 4125 3196 4182 habeant
3230 4127 3298 4183 ⁸⁸.
3332 4146 3367 4184 ι..
3388 4124 3503 4184 Non

1931 4216 2132 4270 etenim
2159 4228 2340 4271 servat
2366 4218 2546 4282 modo,
2570 4227 2628 4271 ut
2657 4218 2915 4285 dixi,vsed
2932 4219 3096 4281 etiam
3131 4218 3362 4289 perenni
3382 4234 3508 4290 gau-

1931 4311 2019 4363 dio
2057 4309 2238 4363 atlicit.
2269 4311 2334 4364 Et
2376 4312 2476 4366 hoc
2500 4321 2583 4366 cst
2612 4311 2742 4365 illud
2783 4310 3067 4373 abundans
3113 4326 3222 4366 seu.
3247 4312 3503 4367 eximium

1932 4397 2075 4464 quod
2095 4397 2380 4464 adiicietur
2403 4399 2768 4455 sanctisvita.
2802 4400 3252 4471 Christusigitur
3301 4410 3386 4457 est
3417 4401 3505 4456 illa

1936 4489 2178 4546 catlestis
2204 4499 2259 4544 ct
2287 4505 2520 4559 superna
2545 4491 2825 4553 vestis,illa
2851 4491 3272 4562 incorruptionis
3304 4491 3502 4558 tunica,

1932 4595 2093 4649 quam
2123 4584 2170 4634 si
2204 4583 2327 4651 quis
2360 4582 2675 4652 sumpserit,
2709 4583 2854 4636 omni
2882 4591 3079 4637 ornatu
3139 4583 3505 4647 coronabitur,

1935 4673 2182 4727 videlicet
2207 4672 2297 4740 qui
2335 4673 2436 4728 sub
2474 4673 2884 4743 intelligentiam
2911 4672 3058 4728 cadit
3087 4681 3140 4726 ct
3167 4673 3382 4729 virtutis
3420 4688 3508 4730 or-

1932 4764 2147 4817 nabitur
2173 4763 2621 4832 insignibus.Erit
2647 4766 2790 4819 enim
2811 4775 3064 4834 tanquam
3087 4778 3317 4834 sponsus
3347 4765 3508 4820 mitra

1931 4855 2165 4920 cinctus,
2187 4863 2242 4908 et
2274 4864 2528 4924 tanquam
2559 4871 2755 4925 sponsa
2782 4857 2930 4910 omni
2979 4864 3177 4912 ornatu
3213 4855 3503 4911 excellens.

1930 4947 2100 5018 868
2147 4947 2298 5005 Sunt.
2318 4949 2486 5014 enim,
2514 4961 2642 5003 sunt
2668 4949 2964 5006 Christiani
2983 4959 3228 5018 potentes
3255 4959 3310 5004 et
3330 4947 3509 5004 fortis-

1932 5040 2076 5106 simi,
2104 5048 2158 5094 et
2190 5040 2512 5110 iutelligibili
2533 5041 2726 5096 robore
2747 5041 2980 5111 praediti,
3002 5040 3258 5110 omnique
3312 5055 3510 5112 genere

1934 5129 2145 5186 decoris
2173 5147 2235 5186 ac
2269 5132 2495 5187 virtutis.
2519 5142 2645 5187 sunt
2691 5132 3026 5202 locupletati.
3065 5131 3281 5189 Similes
3329 5140 3508 5188 autem

1933 5231 2053 5276 sunt
2079 5222 2244 5276 etiam
2282 5224 2496 5293 sponsis
2553 5233 2774 5293 propter
2823 5223 3232 5291 fecunditatem,
3255 5238 3320 5280 eo
3367 5225 3508 5294 quod

1932 5314 2408 5382 variosplondore
2463 5315 2723 5371 virtutum
2758 5316 2996 5372 decorati
3043 5316 3172 5372 sint.
3216 5316 3257 5370 Ε
3306 5318 3509 5370 sanctis

1934 5405 2097 5473 igitur
2122 5404 2400 5473 prophetis
2424 5404 2640 5474 quidam
2665 5406 2820 5473 dixit,
2851 5422 2972 5461 cum
3004 5407 3124 5462 illos
3145 5407 3234 5476 qui
3266 5413 3506 5462 sanctam

1939 5497 2103 5550 vitam
2138 5497 2427 5552 instituunt
2457 5497 2719 5556 fecundos
2749 5514 2812 5554 ac
2833 5497 3140 5554 fructuosos
3173 5513 3293 5554 esse
3321 5498 3511 5553 innue-

1938 5594 2052 5641 rct:
2113 5606 2130 5636 s
2169 5587 2456 5654 Propterea
2509 5590 2752 5643 timorem
2799 5589 2894 5648 tui.
2954 5589 3198 5651 Domine,
3258 5589 3310 5642 in
3359 5597 3511 5642 utero

1939 5679 2308 5749 concepimus,
2336 5689 2388 5734 et
2412 5680 2833 5750 parturivitnus,
2851 5689 2898 5733 et
2929 5681 3235 5752 peperimus
3262 5679 3511 5748 spiritum
