4148 6520
387 438 415 498 ἱ
425 441 532 496 569

1529 439 1597 495 ιΝ
1630 441 1861 498 ISAIAM
1901 442 2030 499 LIB.
2058 441 2123 498 V.
2165 440 2402 497 TOMUS
2438 436 2504 495 ν.

3501 405 3641 495 tam

394 567 496 620 μου
537 549 614 613 ὡς
649 549 875 620 λαμπὰς
913 549 1264 620 καυθήσεται..
1304 553 1628 625 Δικαιοσύνη
1662 572 1722 608 τε
1748 559 1839 608 καὶ
1873 573 1970 608 σω-

2078 555 2394 611 mortalibus
2418 552 2685 610 Christus.
2709 549 3133 607 Justilieatenim
3158 559 3424 618 etservat,
3441 552 3638 621 quippe

391 642 580 712 τήριον
605 644 716 705 τοῖς
739 641 831 694 ἐπὶ
857 644 955 712 τῆς
978 643 1080 713 γῆς
1103 640 1256 713 ὤφθη
1280 660 1338 696 τε
1367 644 1460 696 καὶ
1488 645 1678 713 γέγονε
1709 646 1965 715 Χριστὸς,

389 730 593 784 δικαιοῖ
622 731 751 802 γὰρ.
793 731 886 785 καὶ
916 729 1098 797 σώζει,
1133 732 1248 801 φῶς
1277 733 1536 804 ὑπάρχων
1567 734 1726 798 αὐτὸς
1751 735 1812 787 τὸ
1840 737 1972 805 ἀλη-

394 820 561 881 θινὸν,
583 821 675 873 καὶ
700 813 788 874 οἷά
817 838 900 883 τις
929 821 988 874 ὲν
1025 821 1199 892 σκότῳ
1234 821 1474 892 λαμπάς.
1524 825 1666 895 Ἔφη
1702 825 1831 893 γοῦν
1869 827 1970 878 αύ-

393 911 502 977 τὸς,
543 912 624 965 ὅτι
652 928 670 962 t
711 912 877 964 Ὅταν
909 906 953 964 ὧ
979 913 1035 964 ὲν
1062 911 1137 982 τῷ
1181 912 1390 983 κόσμῳ,
1419 914 1532 983 φῶς
1570 917 1684 986 είμι
1729 915 1824 968 τοῦ
1877 916 1969 968 κό-

397 1019 557 1073 σμου.
627 1020 646 1053 ι
706 1002 890 1071 Ἀχλύῖ
947 1004 1046 1072 μὲν
1107 1003 1214 1074 γὰρ
1278 1004 1373 1056 καὶ
1450 1006 1624 1075 σκότῳ
1672 1005 1738 1058 τὰ
1793 1007 1971 1060 πάντα

2073 648 2161 704 lu:
2187 661 2310 701 vera
2347 661 2473 701 cum
2507 646 2579 700 sit
2600 645 2734 714 ipse,
2761 653 2820 699 et
2847 658 2943 698 ceu
2968 643 3172 712 lampas
3197 641 3458 712 quaepiam
3486 642 3538 695 ia
3561 653 3640 696 te-

2073 739 2276 795 nebris.
2321 737 2595 807 Siquidem
2644 737 2758 806 ipse
2813 735 2950 790 dixit
2985 752 2999 789 :
3039 754 3065 786 ιι
3105 733 3330 802 Quando
3354 735 3408 788 in
3439 733 3640 789 mundo

2071 846 2212 897 sum,
2242 829 2330 884 lux
2353 845 2472 886 sum
2504 828 2770 884 mundi".
2815 847 2833 879 ι
2869 826 3109 896 Caiigine
3149 841 3380 897 namque
3409 835 3461 881 et
3492 835 3646 880 tene-

2071 922 2184 978 bris
2209 921 2390 977 omnia
2411 920 2800 989 comprehensa
2833 928 3010 982 erant,
3065 918 3280 972 diabolo
3328 921 3490 972 corda
3525 932 3638 972 omo

2072 1015 2220 1068 nium
2249 1011 2567 1069 otl‘uscante.
2590 1010 2758 1066 Nemo
2782 1021 2901 1066 erat
2965 1011 3054 1080 qui
3100 1010 3304 1065 faceret
3335 1010 3560 1074 bonum,
3588 1019 3646 1065 et

395 1093 746 1163 κατείληπτο,
807 1094 906 1156 τὰς
953 1094 1206 1147 ἁπάντων
1278 1095 1506 1165 καρδίας
1569 1096 1663 1149 τοῦ
1726 1096 1971 1150 διαϐόλου

2078 1103 2331 1174 iustitiam
2356 1111 2554 1166 nosset,
2583 1109 2680 1155 aut
2700 1100 2846 1154 viam
2871 1114 2990 1168 qua:
3008 1100 3156 1154 ducit
3175 1099 3242 1154 ad
3266 1099 3514 1164 salutem;
3544 1099 3647 1154 sed

396 1184 908 1253 καταμελαίνοντος,
933 1185 1026 1238 καὶ
1062 1185 1235 1247 οὐδεὶς
1255 1180 1323 1256 ἦν
1351 1187 1380 1239 ὁ
1410 1185 1579 1238 ποιῶν
1605 1187 1971 1258 χρηστότητα,

397 1272 494 1325 καὶ
551 1273 899 1344 δικαιοσύνην
951 1271 1126 1337 εἰδὼς,
1177 1275 1344 1346 ήγουν
1386 1274 1484 1344 τὴν
1517 1277 1836 1345 ἀπάγουσαν
1873 1275 1971 1348 |al.

397 1359 733 1432 ἐπάγουσαν]
762 1362 854 1416 ἐπὶ
893 1360 955 1414 τὸ
1000 1361 1265 1426 σώζεσθαι
1306 1363 1507 1434 τρίϐον.
1560 1365 1697 1418 Ἀλλ’
1749 1365 1871 1418 οὐδὲ
1905 1361 1974 1436 ἧν

396 1452 427 1503 ὁ
455 1451 570 1519 φῶς
603 1450 744 1520 ἔχων
781 1451 842 1504 τὸ
871 1451 1011 1505 θεῖον
1043 1453 1123 1516 si;
1153 1453 1296 1520 νοῦν,
1330 1455 1424 1508 καὶ
1452 1457 1564 1519 ταῖς
1607 1455 1705 1526 τῆς
1736 1456 1975 1521 διανοίας

397 1544 610 1614 ὄμμασι
638 1543 980 1616 καταθρῆσαι
1004 1545 1319 1615 δυνάμενος,
1359 1546 1443 1611 τίς
1475 1549 1505 1600 ὁ
1533 1547 1692 1616 φύσει
1728 1551 1820 1604 καὶ
1845 1549 1977 1621 ἁλη-

401 1633 511 1698 θῶς
538 1637 652 1688 ἐστι
692 1635 845 1701 Θεὸς,
873 1635 1100 1690 καὶτῶν
1125 1637 1259 1690 ὅλων
1287 1638 1686 1710 γενεσιουργὸς,
1727 1640 1823 1694 καὶ
1864 1640 1976 1694 Κύ-

401 1742 538 1795 ριοςο
566 1727 689 1780 ἐπεὶ
712 1725 866 1791 δὲὼς
891 1727 1006 1797 φῶς
1021 1729 1236 1800 ἀνέσχε,
1269 1729 1362 1783 καὶ
1393 1730 1469 1793 ὡς
1497 1730 1716 1802 λαμπὰς
1739 1732 1975 1804 ἀνέλαμ-

397 1817 498 1887 ψεν
522 1819 555 1872 ό
579 1818 789 1891 Σωτὴρ,
817 1820 1193 1890 κατεφωτίσθη
1227 1821 1410 1875 λοιπὸν
1433 1824 1468 1893 ή
1491 1823 1580 1876 ὑπ’
1599 1823 1849 1896 οὐρανὸν,
1882 1827 1977 1880 καὶ

398 1910 496 1981 τὴν
526 1909 625 1979 τῆς
661 1911 726 1964 δι’
754 1911 919 1966 αὑτοῦ
951 1913 1227 1984 σωτηρίας
1259 1914 1564 1984 τεθεάμεθα
1606 1915 1812 1986 τρίϐον.
1845 1911 1978 1969 Εἶτα
2008 1904 2049 1960 Β

401 2003 538 2072 πρὸς
569 2002 667 2073 τήν
691 2003 1014 2075 Ἐκκλησίαν
1047 2007 1180 2076 φησὶ
1218 2005 1318 2078 τὴν
1345 2007 1453 2061 ἀπό
1483 2024 1546 2074 γε
1573 2008 1671 2077 τῆς
1705 2007 1976 2061 Ἰουδαίων

399 2091 620 2164 ἀγέλης,
670 2095 759 2147 καὶ
781 2095 852 2157 ὠς
876 2094 1027 2150 οῦπω
1061 2100 1158 2168 τῆς
1187 2097 1295 2150 τῶν
1323 2097 1493 2152 ἐθνῶν
1527 2098 1767 2169 πληθύος
1811 2115 1976 2152 σεσα-

399 2187 759 2255 γηνευμένης,
792 2187 874 2238 ὅτι
895 2206 912 2237 ι
946 2189 1204 2257 Ὄψονται
1223 2187 1350 2259 ἔθνη
1366 2190 1463 2259 τὴν
1493 2188 1834 2260 δικαιοσύνην
1855 2206 1972 2253 σου,

399 2281 494 2332 καὶ
522 2280 760 2350 βασιλεῖς
780 2282 878 2354 τὴν
894 2282 1052 2348 δόξαν
1080 2301 1195 2337 σου.
1225 2302 1244 2336 ι
1271 2283 1629 2355 Δικαιοσύνην
1661 2284 1717 2336 δὲ
1736 2283 1896 2337 πάλιν
1920 2287 1976 2336 ἐν

397 2372 629 2436 τούτοις,
683 2375 778 2428 καὶ
817 2374 918 2445 μέν
948 2392 1031 2428 τοι
1077 2375 1171 2430 καὶ
1209 2375 1386 2443 δόξαν,
1430 2377 1582 2429 οὐδὲν
1615 2376 1802 2448 ἕτερον
1837 2371 1978 2430 εἷναί

403 2481 537 2533 φησι
589 2465 725 2536 πλὴν
753 2467 833 2518 ὃτι
852 2467 942 2519 τὸν
963 2466 1166 2536 Κύριον
1188 2468 1346 2539 ήμῶν
1380 2467 1586 2539 Ἰησοῦν
1608 2469 1699 2522 τὸν
1719 2469 1971 2541 Χριστόν.

399 2554 803 2624 Δεδικαιὼμεθα
829 2556 942 2626 γὰρ
972 2557 1028 2609 ἐν
1057 2556 1229 2625 αὐτῷ,
1261 2560 1356 2611 καὶ
1392 2559 1492 2630 τὴν
1523 2561 1650 2629 παρ’
1685 2559 1849 2612 αὑτοῦ
1881 2576 1979 2612 πε-

401 2646 678 2717 πλουτήκα
687 2665 785 2716 μεν
830 2647 1008 2711 δόξαν.
1033 2647 1206 2701 Αὐτοῦ
1231 2648 1340 2718 γὰρ
1369 2648 1695 2719 γεγόναμεν,
1728 2651 1822 2702 καὶ
1845 2648 1979 2718 κλῆ-

401 2755 494 2810 ρος
549 2738 710 2790 αὑτοῦ
757 2738 1187 2808 χρηματίζομεν.
1234 2739 1559 2808 Τετάγμεθα
1601 2739 1658 2793 δὲ
1731 2739 1824 2793 καὶ
1875 2741 1980 2794 ὑπὸ

399 2826 543 2896 ζυγά
577 2829 670 2880 καὶ
701 2829 972 2899 σκῆπτρα,
1007 2828 1104 2898 τὴν
1126 2827 1222 2883 τοῦ
1249 2828 1369 2882 καθ’
1404 2829 1561 2898 ήμῶν
1610 2831 1988 2901 τυραννήσαν--

397 2935 491 2981 τος
518 2918 826 2983 πλεονεξίαν
856 2918 1246 2988 ἀπονιψάμενοι
1269 2937 1283 2950 ’
1313 2919 1395 2972 ὅτι
1428 2919 1485 2972 δὲ
1510 2919 1611 2989 τῆς
1642 2920 1786 2973 κατά
1814 2921 1979 2991 νόμον

399 3008 653 3081 λατρείας
681 3010 1116 3080 ἀποφοιτήσασα,
1142 3010 1237 3063 καὶ
1282 3003 1392 3063 οἷον
1422 3009 1805 3080 μεταϐαλοῦσα
1846 3013 1980 3082 πρὸς

399 3100 692 3170 καινότητα
724 3102 870 3172 ζωῆς
911 3101 1293 3172 εὐαγγελικῆς,
1321 3103 1414 3154 καὶ
1442 3101 1539 3172 τὴν
1581 3102 1816 3174 ἀρχαίαν
1846 3103 1980 3173 κλῆ-

2073 1209 2175 1250 nec
2206 1194 2488 1264 quisquam
2527 1201 2640 1247 erat
2668 1195 2761 1260 qui
2788 1192 3027 1244 divinam
3049 1190 3225 1246 lucem
3249 1193 3306 1246 in
3339 1201 3518 1247 mente
3542 1192 3645 1246 lia.

2076 1287 2248 1350 heret,
2276 1294 2330 1339 et
2370 1283 2461 1354 qui
2491 1292 2674 1352 posset
2720 1282 2886 1336 animi
2918 1280 3090 1337 oculis
3144 1281 3347 1348 videre,
3397 1281 3651 1348 quisnam

2073 1377 2144 1431 sit
2162 1377 2249 1432 ille
2278 1386 2466 1430 natura
2496 1382 2550 1428 et
2570 1389 2692 1427 vere
2715 1373 2875 1437 Deus,
2903 1381 2956 1427 et
2976 1373 3348 1427 universorum
3390 1370 3650 1426 Conditor

2075 1476 2128 1520 et
2147 1465 2422 1519 Dominus.
2447 1463 2738 1532 Postquam
2773 1478 2902 1517 vero
2940 1461 3200 1516 Servatur
3221 1476 3319 1514 ceu
3368 1459 3455 1514 lux
3485 1475 3650 1514 exor-

2075 1567 2160 1612 tus
2179 1567 2284 1622 est,
2313 1566 2369 1610 et
2392 1571 2490 1612 ceu
2521 1555 2729 1624 lampas
2760 1553 3220 1621 illuxit,deiuceps
3250 1550 3651 1606 ilhtstratttsest

2074 1650 2224 1707 orbis
2255 1658 2544 1712 terrarum,
2565 1656 2620 1702 ct
2647 1646 2842 1701 salutis
2868 1645 3008 1698 viam
3031 1659 3128 1710 per
3155 1643 3330 1714 ipsum
3353 1642 3529 1698 intuiti
3557 1655 3653 1696 su-

2077 1757 2216 1799 mus.
2267 1740 2470 1796 Deinde
2537 1737 2826 1808 alloquitur
2881 1736 3178 1794 Ecclesiam
3220 1750 3287 1792 es
3342 1733 3654 1790 Judzeorum

2077 1848 2258 1906 grege,
2282 1831 2670 1901 perindequasi
2731 1829 2967 1885 nondum
3011 1828 3221 1882 irretita
3267 1834 3415 1884 esset
3459 1824 3648 1880 multi-

2081 1927 2206 1980 tudo
2229 1924 2490 1996 gentium.
2528 1943 2546 1975 ι
2584 1922 2847 1976 Videbunt
2882 1929 3072 1990 gentes
3107 1919 3372 1988 justitiam
3399 1925 3568 1979 tuam,
3595 1925 3654 1970 et

2080 2029 2235 2084 reges
2267 2013 2491 2082 gloriam
2517 2023 2684 2066 tuam.
2728 2029 2746 2062 ι
2773 2009 3044 2065 Justitiam
3074 2025 3260 2063 rursus
3318 2017 3375 2064 et
3421 2008 3654 2076 gloriam

2077 2105 2166 2160 hic
2195 2105 2337 2158 aliud
2368 2103 2498 2156 nihil
2523 2118 2642 2158 esse
2693 2103 2847 2168 dicit,
2923 2111 3280 2171 praeterquam
3366 2099 3651 2154 Dominum

2080 2203 2320 2248 nostrum
2347 2190 2527 2247 Jesum
2551 2192 2842 2246 Christum.
2903 2190 2960 2245 lu
3020 2193 3136 2260 ipso
3185 2190 3328 2244 enim
3371 2189 3654 2258 justiticati

2078 2298 2286 2350 sumus,
2317 2291 2370 2337 et
2391 2283 2560 2352 gloria
2590 2284 2658 2336 ab
2691 2282 2805 2352 ipso
2831 2281 2985 2337 (litati
3005 2295 3213 2336 sunms.
3235 2280 3408 2350 Ipsius
3427 2294 3660 2347 inanique

2079 2391 2287 2438 sunms,
2313 2383 2367 2429 et
2403 2388 2522 2429 sors
2546 2373 2665 2442 ejus
2693 2389 3086 2442 nuncupamur.
3107 2372 3274 2444 Ipsius
3302 2371 3432 2441 jugo
3457 2381 3513 2424 et
3535 2384 3654 2425 sce-

2079 2477 2198 2537 ptro
2227 2466 2529 2536 paruimus,
2587 2466 2839 2520 abdicato
2872 2463 3102 2519 violento
3127 2462 3246 2531 ejus
3305 2461 3531 2532 imperio
3565 2460 3656 2529 qui

2080 2559 2132 2612 in
2165 2573 2262 2612 nos
2290 2558 2625 2628 tyrannidem
2676 2557 2937 2611 exercuit.
2995 2555 3145 2622 Quod
3205 2563 3385 2609 autem
3440 2569 3470 2606 a
3521 2552 3667 2623 legis.

2078 2651 2224 2705 cultu
2249 2649 2526 2716 recedens,
2553 2657 2608 2702 et
2655 2647 2802 2702 velut
2850 2646 2916 2700 ad
2974 2646 3268 2702 novitatem
3327 2645 3500 2714 870
3525 2643 3650 2697 vita:

2080 2741 2400 2812 evangelicae
2430 2748 2812 2803 transmutata,
2837 2748 3076 2793 veterem
3105 2736 3265 2792 simul
3313 2736 3533 2803 abjiciet
3563 2749 3664 2789 vo-

2080 2837 2374 2899 cationem,
2396 2843 2450 2887 et
2474 2846 2611 2887 novo
2640 2830 2895 2900 deinceps
2935 2827 3378 2883 denominabi'tur
3421 2827 3664 2888 nomine,

2080 2928 2346 2982 arbitratu
2379 2934 2434 2981 et
2464 2924 2743 2978 voluntate
2775 2920 2868 2976 Dei
2905 2921 3149 2975 omnium
3175 2917 3435 2986 supremi,
3475 2925 3668 2971 osten—

2082 3019 2178 3082 dit,
2211 3018 2434 3072 dicens:
2475 3035 2492 3067 ι
2529 3013 2820 3070 Vocabitur
2865 3012 2959 3066 tibi
3011 3025 3201 3067 nomen
3240 3023 3457 3074 novum,
3515 3006 3667 3078 quod

2083 3110 2340 3164 Dominus
2369 3106 2683 3162 nominabit.
2743 3124 2763 3157 ι
2815 3103 2929 3158 Νοιι
2983 3103 3129 3159 enim
3175 3101 3314 3157 ultra
3378 3101 3520 3155 dicta
3567 3107 3658 3154 est

399 3205 487 3242 σιν
526 3188 909 3256 συναποϐαλεῖ,
965 3190 1491 3262 μετονομασθήσεται
1537 3192 1595 3245 δὲ
1639 3192 1827 3246 λοιπὸν
1861 3193 1978 3246 ὀνό-

2084 3203 2391 3272 Synagoga,
2416 3197 2510 3253 sed
2541 3195 2780 3252 Ecclesia
2811 3193 2907 3248 Dei
2945 3192 3201 3257 viventis,
3251 3190 3443 3246 civitas
3469 3204 3533 3243 ac
3556 3189 3658 3244 do-

402 3295 534 3348 ματι
564 3279 756 3350 καινῷ,
800 3280 942 3334 κατὰ
970 3280 1028 3334 τὸ
1063 3281 1266 3334 δοκοῦν
1319 3283 1397 3353 τῷ
1437 3283 1532 3335 ἐπὶ
1586 3284 1794 3347 πάντας
1838 3284 1978 3354 Θεῷ,

396 3371 724 3424 διαδείκνυσι
757 3373 927 3440 λέγων
948 3385 963 3401 ⁸
1009 3391 1026 3423 ί
1059 3373 1294 3426 Καλέσει
1323 3374 1384 3427 τὸ
1419 3374 1590 3444 ὄνομα
1621 3392 1712 3428 σου
1747 3376 1809 3429 τὸ
1853 3393 1979 3430 και-

397 3464 509 3526 νὸν,
531 3464 560 3516 ὃ
590 3465 619 3517 ὁ
647 3464 848 3534 Κύριος
876 3463 1131 3534 ὀνομάσει
1153 3464 1300 3517 αὑτό·
1324 3483 1343 3516 ι
1373 3464 1632 3536 κέκληται
1660 3466 1769 3538 γὰρ
1795 3466 1980 3521 οὐκέτι

400 3547 691 3626 συναγωγὴ
715 3555 935 3626 μᾶλλον,
976 3555 1089 3608 ἀλλ’
1125 3555 1420 3625 Ἐκκλησία
1463 3556 1597 3610 Θεοῦ
1636 3555 1858 3622 ζῶντος,
1893 3559 1981 3612 πόα

404 3647 487 3711 λις
512 3664 571 3700 τε
603 3647 698 3700 καὶ
737 3643 884 3711 οἶκος
907 3646 1096 3704 αὐτοῦ.
1125 3647 1503 3720 Διαμέμνηται
1530 3649 1640 3722 γὰρ
1669 3650 1840 3722 αὐτῆς
1887 3652 1982 3706 καὶ⁹

397 3741 427 3793 ὁ
456 3739 739 3803 θεσπέσιος
766 3739 945 3806 Δαϐίδ,
965 3738 1106 3792 οὕτω
1135 3740 1309 3807 λέγων
1331 3757 1344 3770 °
1385 3758 1402 3791 ι
1451 3741 1824 3812 Δεδοξασμένα
1859 3741 1982 3794 ἐλα-

397 3829 536 3903 λήθη
566 3831 696 3901 περὶ
724 3829 818 3883 σοῦ
852 3831 886 3901 ή
916 3829 1068 3894 πόλις
1100 3829 1196 3883 τοῦ
1217 3830 1373 3884 Θεοῦ.
1413 3850 1432 3882 ι
1463 3832 1656 3885 Ἔσται
1686 3831 1742 3885 δὲ
1775 3833 1860 3885 ὅτι
1888 3833 1982 3885 καὶ

397 3921 678 3993 εὐπρεπὴς
718 3922 878 3990 ἄγαν,
911 3921 1005 3976 καὶ
1041 3920 1417 3993 άπαραϐλήτῳ
1456 3922 1641 3976 κάλλει
1688 3939 1982 3996 κατεστεμσ

401 4011 542 4084 μένη
567 4053 584 4079 ,
605 4012 847 4068 διδάσκει
873 4013 1048 4082 λέγων
1067 4029 1080 4044 ·
1123 4031 1142 4064 ι
1176 4013 1313 4087 Ἔσῃ
1343 4014 1606 4084 στέφανος
1645 4015 1873 4080 κάλλους
1923 4017 1981 4070 ἐν

397 4104 543 4176 χειρὶ
571 4103 800 4175 Κυρίου,
830 4103 924 4157 καὶ
969 4103 1206 4174 διάδημα
1240 4104 1519 4174 βασιλείας
1575 4107 1634 4159 ἐν
1671 4105 1814 4177 χειρὶ
1844 4104 1978 4159 Θεοῦ

399 4211 514 4248 σου.
549 4214 566 4245 ι
609 4193 876 4265 Ἐκάστην
896 4194 1003 4268 γὰρ
1027 4194 1189 4263 ἁγίαν
1210 4194 1408 4265 ψυχὴν,
1438 4195 1531 4248 καὶ
1554 4195 1857 4267 συλλήϐδην
1883 4195 1982 4267 τήν

409 4285 754 4357 Ἐκκλησίαν,
819 4286 1082 4352 τουτέστι,
1141 4285 1210 4339 τὰ
1265 4285 1586 4355 τῶνζάγίων
1621 4287 1980 4357 συστήματα,

397 4378 649 4448 στεφάνῳ
679 4377 1172 4449 παρεικαστέονξὲκ
1206 4376 1415 4430 πολλῶν
1448 4377 1655 4430 ἀνθέων
1707 4380 1981 4432 συντεθει-

398 4469 566 4540 μένῳ,
618 4469 785 4540 ήγουν
839 4467 1126 4538 διαδήματι
1177 4467 1462 4539 βασιλικῷ,
1518 4465 1683 4532 λίθοις
1741 4469 1983 4535 Ἰνδικοῖς

2084 3307 2203 3347 mus
2229 3291 2367 3359 ejus.
2417 3285 2582 3358 Cujus
2627 3286 2872 3342 meminit
2914 3285 3076 3341 etiam
3137 3284 3351 3338 divinus
3385 3280 3556 3336 David
3605 3281 3660 3335 in

2083 3384 2221 3437 hanc
2244 3379 2570 3436 sententiam
2612 3395 2672 3432 τι
2708 3377 2950 3433 Gloriosa
2981 3377 3123 3432 dicta
3160 3384 3286 3430 sunt
3316 3375 3381 3429 dc
3416 3384 3488 3438 te,
3528 3373 3664 3427 civi-

2083 3482 2165 3528 tas
2189 3471 2278 3524 Dei
2319 3471 2386 3526 ⁰³.
2426 3488 2446 3523 ›
2474 3467 2613 3524 Fore
2643 3482 2857 3539 quoque
2894 3467 3035 3522 illam
3078 3467 3236 3521 valde
3262 3464 3565 3538 speciosam
3610 3472 3667 3517 et

2081 3561 2490 3633 incomparabili
2552 3561 2724 3632 gloria
2782 3571 3095 3616 coronatam
3154 3559 3334 3623 docet,
3361 3557 3660 3628 inquiens:

2090 3671 2108 3705 ι
2143 3654 2264 3708 Eris
2295 3669 2497 3708 corona
2557 3651 2976 3722 pulchritudinis
3027 3650 3077 3705 in
3142 3664 3303 3704 manu
3350 3646 3666 3713 Domini,et

2081 3744 2325 3798 diadema
2342 3744 2488 3814 regni
2509 3743 2560 3798 in
2583 3759 2740 3796 manu
2766 3741 2857 3796 Dei
2887 3742 3017 3796 tui.»
3049 3740 3493 3810 Unamquamque
3519 3738 3666 3792 enim

2081 3835 2318 3891 animam
2347 3843 2613 3900 sanctam,
2641 3842 2695 3887 et
2725 3833 3032 3887 universam
3092 3832 3317 3888 omnino
3345 3830 3660 3891 Ecclesiam,

2082 3925 2133 3980 id
2156 3935 2256 3990 est,
2283 3927 2592 3978 sanctorum
2616 3932 2839 3986 emtum,
2885 3937 3097 3977 coronze
3121 3937 3374 3990 compara
3386 3936 3442 3976 re
3511 3920 3662 3986 licet,

2081 4029 2147 4069 ex
2181 4012 2363 4068 multis
2382 4010 2638 4077 ﬂosculis,
2676 4011 3007 4079 compositae,
3037 4011 3122 4064 vel
3173 4011 3320 4082 regio
3367 4010 3662 4066 diademati

2082 4103 2349 4174 lapidibus
2406 4103 2604 4158 Iudicis
2684 4101 2946 4172 fulgenti,
3011 4111 3065 4158 et
3127 4103 3271 4173 quod
3316 4101 3664 4172 multiplicem

2083 4195 2242 4250 habet
2272 4202 2326 4248 et
2354 4193 2557 4247 variam
2615 4191 2963 4260 elegantiam.
3023 4191 3274 4246 Plurimae
3329 4202 3456 4248 sunt
3499 4194 3662 4247 etiam

2084 4294 2394 4341 sanctorum
2430 4283 2660 4354 egregiae
2685 4283 2938 4349 virtutes,
2968 4292 3023 4337 et
3050 4299 3155 4338 non
3194 4299 3357 4337 unum
3386 4291 3469 4338 est
3499 4297 3664 4337 orna-

2083 4386 2385 4432 mentorum
2424 4391 2616 4445 geuus,
2636 4374 2731 4430 sed
2765 4373 3044 4444 multiplex
3075 4385 3129 4429 et
3158 4376 3450 4430 diversum.
3483 4373 3665 4443 Siqui-

2082 4469 2202 4522 dem
2241 4476 2295 4522 et
2324 4469 2538 4522 divinus
2589 4465 2755 4519 David
2784 4465 3080 4520 Ecclesium
3112 4466 3310 4521 Christi
3377 4467 3433 4520 in
3464 4467 3664 4520 vestitu

395 4559 754 4630 ὲκλάμποντι,
807 4560 903 4612 καὶ
951 4557 1241 4623 πολυειδῶς
1295 4558 1471 4629 ἔχοντι
1528 4559 1590 4612 τὸ
1643 4559 1963 4632 διαπρεπές⁸

2078 4557 2743 4626 deauratojeircumdatam
2774 4572 2838 4611 ac
2865 4557 3192 4626 variegatam
3222 4556 3425 4610 inducit
3448 4554 3515 4608 ".
3546 4573 3565 4606 ι
3597 4556 3656 4609 lu

394 4650 622 4704 πλείστα
645 4650 826 4720 εὲςόσα
875 4650 970 4710 καί
1020 4649 1088 4702 τὰ
1115 4647 1225 4702 τῶν
1269 4647 1440 4716 ἁγίων
1487 4648 1976 4721 ἀνδραγαθήματα,

2086 4665 2249 4704 manu
2277 4647 2509 4714 Domini,
2543 4667 2564 4698 ι
2611 4647 2800 4717 inquit,
2838 4647 2889 4701 id
2934 4656 3036 4712 est,
3091 4647 3426 4716 protectioue
3470 4661 3669 4700 manus

394 4742 489 4799 καὶ
517 4743 616 4813 οὐχ
642 4737 722 4805 εἷς
761 4741 960 4812 μᾶλλον
997 4739 1105 4793 τῶν
1127 4738 1461 4810 αὐχημάτων
1499 4739 1529 4792 ὁ
1559 4738 1782 4811 τρόπος,
1812 4740 1978 4805 πολὺς

2085 4758 2217 4797 mea:
2247 4751 2523 4810 protegam
2551 4748 2622 4796 te.
2651 4741 2716 4795 Et
2747 4741 2858 4811 ipse
2881 4753 3098 4810 quoque
3147 4737 3397 4793 Christus
3427 4738 3495 4792 de
3549 4738 3669 4794 suis

392 4837 451 4890 δὲ
491 4835 586 4888 καὶ
627 4834 900 4904 διάφορος.
957 4832 1066 4885 Καὶ
1108 4831 1238 4899 γοῦν
1270 4832 1300 4884 ὁ
1332 4829 1620 4893 θεσπέσιος
1662 4829 1828 4883 Δαϐὶδ
1880 4829 1978 4901 τὴν

2084 4836 2274 4890 ovilms
2323 4834 2408 4888 vel
2429 4833 2495 4888 de
2549 4847 2709 4902 grege
2750 4832 3088 4886 credentium
3142 4830 3196 4885 in
3252 4830 3426 4899 ipsum
3490 4830 3664 4885 dicit:

408 4924 849 4998 Ἐκκλησίαντοῦ
875 4923 1120 4996 Χριστοῦ.
1138 4923 1196 4976 ὲν
1218 4921 1496 4993 ἱματισμῷ
1513 4921 1790 4993 διαχρύσῳ
1819 4939 1978 4994 περι-

2091 4939 2110 4974 ι
2140 4921 2310 4976 Nemo
2335 4921 2524 4991 eripiet
2545 4935 2638 4976 eas
2665 4921 2728 4975 de
2753 4935 2912 4974 manu
2956 4920 3130 4974 Patris
3159 4919 3262 4973 mei
3287 4921 3356 4972 θ’.
3397 4937 3416 4970 ι

394 5022 736 5094 ϐεϐλημένην
801 5017 1227 5090 πεποικιλμένην
1292 5016 1559 5087 εἰσφέρει,
1605 5017 1666 5070 τὸ
1714 5016 1771 5069 δὲ
1803 5037 1821 5068 ι
1877 5017 1964 5070 Ἐν
2036 5017 2181 5089 χειρὶ
2228 5015 2456 5086 Κυρίου,
2518 5037 2536 5067 ι
2575 5016 2730 5086 φησι,
2797 5014 3094 5080 τουτέστιν,
3167 5016 3272 5069 ὑπὸ
3322 5015 3532 5086 σκέπην
3568 5017 3672 5086 τῆς

393 5115 574 5190 χειρός
617 5131 719 5184 μου
770 5111 1026 5166 σκεπάσω
1058 5124 1142 5163 σε’.
1178 5109 1272 5163 καὶ
1297 5109 1458 5172 αὐτὸς
1485 5109 1544 5162 δέ
1590 5126 1700 5161 που.
1738 5109 1970 5180 Χριστὸς
2008 5110 2138 5180 περὶ
2193 5109 2303 5162 τῶν
2346 5109 2487 5162 ἰδίων
2515 5109 2866 5182 θρεμμάτων,
2924 5109 3154 5181 καὶήτοι
3181 5108 3281 5180 τῆς
3316 5107 3426 5161 τῶν
3452 5124 3668 5162 πιστευ..

396 5205 606 5265 σάντων
629 5205 708 5267 εἰς
738 5201 899 5261 αὑτὸν
930 5200 1131 5270 ἀγέλης
1163 5201 1348 5271 φησὶν,
1395 5200 1477 5253 ὅτι
1516 5216 1534 5249 t
1576 5198 1762 5262 Οὐδεὶς
1792 5199 2027 5270 ἁρπάσει
2049 5198 2188 5252 αὐτὰ
2219 5201 2282 5252 ὲκ
2314 5199 2414 5269 τῆς
2449 5195 2632 5272 χειρὸς
2669 5199 2762 5251 τοῦ
2797 5200 3007 5271 Πατρός
3035 5217 3158 5271 μου.
3185 5218 3204 5249 ι

463 5293 575 5349 Καὶ
601 5291 800 5347 οὐκέτι
829 5290 1112 5360 κληθήσῃ
1142 5289 1676 5358 καταλελειμμένην,
1704 5287 1803 5343 καὶ
1838 5288 1876 5356 ἡ
1899 5287 1975 5357 γῆ

2157 5288 2318 5344 Vens.
2345 5289 2402 5343 4.
2442 5289 2512 5343 Et
2551 5307 2880 5362 nequaquam
2925 5289 3066 5344 ultra
3090 5289 3356 5344 vocaberis
3385 5288 3668 5353 derelicta,

392 5399 511 5439 σου
557 5384 632 5438 οὐ
667 5381 1039 5450 κληθήσεται
1064 5381 1304 5451 ἕρημος·
1336 5379 1436 5435 σοὶ
1467 5380 1578 5449 γὰρ
1606 5378 1975 5449 κληθήσεται

2085 5396 2176 5434 nec
2206 5391 2346 5434 terra
2381 5393 2474 5436 tua
2527 5385 2793 5437 vocabitur
2818 5385 3041 5438 deserta.
3075 5382 3188 5438 Tibi
3223 5384 3359 5438 enim
3394 5383 3661 5437 vocabitur

395 5473 625 5544 θέλημα
660 5473 830 5542 ἐμὸν,
862 5472 961 5526 καὶ
989 5469 1064 5541 τῇ
1092 5468 1170 5542 γῇ
1203 5488 1320 5526 σου
1359 5467 1681 5540 οἰκουμένη
1711 5470 1812 5541 (l).

2081 5471 2324 5526 voluntas
2350 5488 2485 5540 mea,
2511 5482 2561 5527 et
2593 5483 2747 5530 terra:
2768 5485 2875 5531 tua:
2912 5476 3171 5531 habitata.

463 5633 510 5665 "
546 5631 704 5688 Joan.
735 5646 814 5698 ιι,
844 5631 897 5685 5.
970 5631 1018 5665 ’⁸
1040 5629 1180 5686 Psal.
1206 5644 1426 5693 Lxxxvi,
1453 5629 1507 5686 5.
1582 5627 1630 5660 θ’*
1662 5625 1807 5680 Psal.
1884 5640 1978 5680 xu

2078 5625 2149 5681 IO.
2225 5627 2272 5659 "
2307 5625 2464 5684 Joan.
2497 5642 2553 5694 π,
2587 5627 2676 5684 29.

468 5769 545 5838 (l)
578 5768 834 5838 Sequitur
861 5767 914 5820 in
938 5766 1066 5822 edit.
1101 5762 1287 5839 ⁸Ιῇῼς,
1315 5765 1396 5839 ὅτι
1423 5763 1682 5839 εὐδόκησε
1743 5762 1944 5834 Κύριος
1970 5764 1978 5815 ἐ

2078 5767 2170 5830 τοὶ,
2214 5767 2307 5820 καὶ
2363 5768 2401 5837 i1
2426 5766 2504 5839 γῆ
2529 5783 2621 5821 σου
2690 5763 3176 5836 συνοικισθήσεται,
3230 5778 3358 5832 qua:
3387 5771 3561 5819 tamen
3586 5761 3649 5817 S.

399 5834 756 5910 Hieronymus
787 5847 948 5909 negat
975 5836 1114 5907 apud
1148 5835 1290 5890 LXX
1314 5834 1519 5890 haberi.
