4096 6526
249 458 260 471 ’
296 464 440 522 15ῖᾶ

1435 454 1504 513 ΙΝ
1540 455 1776 512 ISAIAM
1815 456 1944 514 LIB.
1986 458 2051 513 ν.
2092 456 2330 513 TOMUS
2370 459 2434 512 ἲ.

3421 464 3560 522 15η

291 579 464 631 θειαψ
506 574 610 644 ἔφη
638 591 694 626 τι
734 569 976 629 τοιοῦτον
1006 569 1102 624 καὶ
1149 569 1178 621 ὁ
1221 568 1509 633 θεσπέσιος
1551 570 1714 622 Δαόὶδ
1744 571 1881 641 πρὸς

1989 571 2201 636 attinet,
2255 570 2380 624 facti
2428 578 2553 625 sunt
2590 571 2638 624 ci
2681 583 2888 641 patres,
2940 571 3261 644 initiumque
3295 589 3559 632 novarum

290 669 484 743 αὐτήν·
537 685 556 717 t
599 665 747 718 Ἀντὶ
799 664 906 717 τῶν
965 663 1218 733 πατέρων
1270 677 1364 713 σου
1411 661 1749 731 ἐγενήθησάν
1797 677 1880 714 σοι

289 761 417 816 υἱοί.
451 779 470 812 ι
505 761 567 813 Οἱ
613 758 722 829 γάρ
755 757 925 826 αὐτῆς
970 755 1121 818 ὄντες
1170 753 1276 806 υἱοὶ
1309 753 1454 806 κατὰ
1499 753 1678 824 σάρκα
1723 753 1882 822 γεγό-

287 868 447 904 νασιν
489 849 658 918 αὐτῆς
703 845 968 916 πατέρες,
1006 843 1150 916 ἀρχὴ
1197 843 1304 895 τῶν
1337 842 1471 894 νέων
1514 843 1684 912 αὐτῆς
1728 842 1882 906 ὄντες

288 945 520 1006 τέκνων,
553 941 661 994 τῶν
709 938 800 992 διά
829 938 1066 1000 πίστεως
1111 935 1348 1006 δηλονότι
1402 934 1756 1005 κεκλημένων
1802 935 1880 995 εἰς

289 1036 590 1102 ἐπίγνωσιν
637 1031 733 1084 τοῦ
793 1031 1012 1083 πάντων
1067 1027 1226 1103 ήμῶν
1292 1027 1545 1096 Σωτῆρος
1603 1014 1876 1095 Χριστοῦο

289 1128 493 1186 τούτων
530 1125 587 1178 δὲ
622 1123 796 1187 οὕτως
841 1123 1093 1192 ἐχόντων,
1135 1120 1322 1191 φησίνο
1361 1137 1384 1170 ι
1410 1117 1597 1181 Οὕτως
1640 1119 1880 1188 εὐφραν.

292 1220 520 1289 θήσεται
580 1215 786 1287 Κύριος
819 1215 913 1266 ἐπὶ
953 1212 1056 1278 σοὶ,
1087 1211 1340 1280 καθάπερ
1373 1209 1564 1281 ἀμέλει
1603 1211 1696 1265 καὶ
1753 1227 1883 1279 νυμ-

291 1309 414 1377 φίος
441 1310 535 1362 ἐπὶ
576 1307 783 1378 νύμφῃ.
813 1323 831 1357 ι
867 1303 1139 1358 Καθίκετο
1164 1301 1273 1372 γάρ
1299 1301 1366 1370 ἐξ,
1388 1299 1635 1372 οὐρανῶν
1659 1301 1693 1351 ὁ·
1724 1316 1880 1369 μονοφ

292 1401 457 1479 γενὴς
497 1397 592 1452 τοῦ
622 1398 757 1451 Θεοῦ
793 1397 995 1463 Λόγος,
1033 1395 1121 1447 ἵνα
1164 1394 1442 1463 ἔγκαρπον
1486 1392 1738 1463 ἀποφήνῃ
1781 1392 1881 1460 τὴν

305 1492 649 1562 Ἐκκλησίαν,
697 1491 764 1560 ἣν
815 1487 978 1548 αὐτὸς
1016 1484 1196 1554 ἑαυτῷ
1251 1483 1563 1555 παρέστησε
1609 1479 1880 1552 παρθένον

291 1582 487 1654 ἁγνὴν,
525 1580 599 1652 μὴ
627 1581 856 1651 ἔχουσαν
895 1577 1082 1630 σπῖλον
1111 1575 1144 1645 ἢ
1174 1574 1382 1647 ῥυτίδα,
1409 1573 1568 1641 ἁγίαν
1590 1573 1646 1627 δὲ
1680 1571 1879 1641 μᾶλλον

293 1673 672 1744 καὶάμωμον.
704 1669 984 1740 Δεξαμένη
1023 1667 1202 1720 τοίνυν
1242 1667 1371 1737 παρ’
1395 1664 1561 1718 αὑτοῦ
1597 1663 1880 1733 εὐαγγελι-

293 1765 397 1833 κῆς
440 1763 717 1826 πολιτείας
763 1762 834 1814 τὰ
885 1760 1210 1832 σπέρματα,
1262 1756 1640 1827 κεκυοφόρηκέ
1678 1773 1738 1807 τε
1789 1757 1880 1809 καὶ

292 1857 537 1918 τέτοκεν,
586 1856 686 1908 οὐκ
726 1853 805 1909 ἔτι
843 1852 941 1923 τὴν
989 1853 1054 1906 δι’
1081 1851 1327 1921 αἱμάτων
1369 1849 1464 1904 καὶ
1523 1849 1752 1901 καπνῶν,
1783 1848 1877 1904 λα-

1986 663 2150 732 872
2183 661 2298 729 eius
2335 664 2653 729 liberorum,
2704 665 2796 734 qui
2855 679 2953 734 per
3013 665 3172 719 ﬁdem
3232 666 3444 723 scilicet
3490 671 3572 726 ad.

1985 754 2318 823 agnitionem
2377 755 2619 808 omnium
2681 765 2931 810 nostrum
2995 754 3303 812 Servatoris
3359 759 3560 814 Christi

1986 846 2159 900 vocati
2205 854 2354 900 sunt.
2399 845 2495 902 llis
2529 847 2602 901 ita
2638 862 2704 902 se
2752 848 3094 912 habentibus,
3138 849 3359 918 inquit:
3398 869 3421 901 ι
3473 851 3572 907 Sic

1984 934 2256 989 la'tabitur
2294 934 2551 990 Dominus
2601 946 2823 1006 propter
2873 946 2945 1000 te,
2992 940 3446 1006 quemadmodum
3486 942 3568 995 vi-

1984 1027 2180 1082 delicet
2208 1042 2441 1097 sponsus
2475 1038 2695 1096 propter
2720 1044 3000 1098 sponsam.
3042 1049 3060 1083 ι
3101 1031 3387 1087 Descendit
3417 1037 3562 1088 enim

1985 1119 2321 1186 unigenitum
2385 1119 2477 1174 Dei
2530 1119 2804 1187 Verbum,
2857 1133 2915 1176 ut
2965 1123 3251 1178 fecundam
3313 1125 3569 1181 redderet

1983 1206 2309 1273 Ecclesiam,
2349 1223 2510 1278 quam
2561 1209 2678 1277 ipse
2722 1209 2828 1264 sibi
2874 1210 3132 1265 exhibuit
3167 1212 3428 1280 virginem
3466 1229 3571 1280 pu-

1983 1314 2122 1365 ram,
2153 1314 2260 1354 non
2303 1301 2588 1354 habentem
2623 1301 2891 1355 maculam
2928 1312 3022 1354 aut
3071 1317 3283 1369 rugam,
3321 1303 3414 1356 sed
3441 1317 3571 1372 qua:

1981 1403 2169 1446 sancta
2213 1391 2394 1461 potius
2421 1390 2568 1447 loret
2603 1403 2658 1446 et
2689 1392 3038 1447 immaculata
3053 1392 3142 1446 "'.
3178 1393 3437 1462 Acceptis
3465 1394 3574 1463 igi-

1984 1492 2071 1537 tur
2089 1483 2157 1537 ab
2175 1485 2294 1551 ipso
2315 1483 2635 1554 evangelica:
2653 1483 3084 1539 conversationis
3105 1484 3420 1548 seminibus,
3438 1500 3565 1554 gra-

1983 1571 2105 1624 vida
2141 1569 2282 1624 facta
2318 1582 2433 1633 est,
2453 1581 2509 1626 et
2539 1587 2648 1626 non
2671 1572 2785 1639 jam
2822 1573 3030 1628 cultum
3064 1575 3273 1644 peperit
3308 1590 3408 1643 per
3435 1581 3594 1629 san-‘

1982 1662 2174 1731 guines
2221 1671 2277 1718 et
2325 1661 2534 1729 fumos,
2577 1662 2670 1718 sed
2729 1662 2876 1716 illum
2939 1663 3112 1733 magis
3175 1677 3282 1731 quo
3330 1665 3577 1718 maxime

1983 1755 2229 1807 veritatis
2277 1754 2626 1823 pulchritudo
2677 1763 2998 1808 exornatur.
3052 1753 3189 1809 llinc
3239 1755 3474 1821 laetatur,
3512 1763 3570 1809 et

1982 1845 2200 1912 quidem
2237 1849 2452 1910 merito,
2477 1862 2602 1900 cum
2636 1847 2818 1901 videat
2847 1845 2980 1916 legis
3011 1855 3168 1917 typos
3201 1847 3256 1900 in
3281 1847 3572 1900 veritatem

292 1949 500 2021 τρείαν,
546 1947 762 2017 ἐκείνην
806 1944 862 1998 δὲ
904 1944 1122 2016 μᾶλλον,
1257 1941 1321 2013 δὴ
1377 1941 1624 2012 μάλιστα,
1664 1941 1725 1993 τὸ
1777 1941 1878 2009 τῆς

1989 1936 2352 2004 evangelicam
2389 1947 2646 2001 mutatos,
2680 1947 2735 1991 et
2769 1952 3024 2013 sponsam
3058 1937 3439 2005 spiritualihus
3469 1951 3572 1990 san

292 2038 554 2110 ἀληθείας
593 2037 998 2107 ὲντετόρνευται
1037 2033 1252 2098 κάλλος.
1290 2032 1560 2103 Ταύτῃτοι
1607 2033 1700 2084 καὶ
1738 2031 1881 2101 μάλα

1989 2028 2211 2082 criliciis
2238 2038 2293 2082 et
2322 2043 2451 2084 vere
2500 2030 2711 2082 sanctis
2743 2029 3037 2084 virtutibus
3073 2029 3490 2084 enitescentem.

293 2130 520 2193 εἰκότως
566 2128 922 2199 εὐφραίνεται
967 2125 1424 2197 μετατιθεμένους
1462 2124 1604 2193 ὁρῶν
1651 2126 1776 2187 τοὺς
1825 2123 1915 2176 τοῦ
1958 2123 2127 2191 νόμου,
2164 2122 2370 2184 τύπους
2433 2123 2522 2184 είς,
2560 2121 2818 2189 ἀλήθειαν
2864 2122 3249 2192 εὐαγγελικὴν,
3279 2123 3376 2175 καὶ
3409 2138 3578 2176 πνευ-

297 2223 552 2292 ματικαῖς
582 2219 814 2284 θυσίαις,
844 2220 940 2273 καὶ
970 2218 1362 2289 άγιοπρεπέσιν
1405 2217 1621 2289 άληθῶς
1667 2216 2094 2288 κατορθώμασιν
2119 2215 2225 2285 τὴν,
2249 2214 2472 2286 νύμφην
2502 2214 2914 2285 ὲκλάμπουσαν.

365 2353 472 2408 Kal
526 2352 772 2407 ἐπὶτῶν
815 2352 1059 2421 τειχέων
1103 2367 1244 2416 σου,
1283 2349 1697 2418 Ἰερουσαλὴμ,
1732 2366 1874 2404 κατ-

2047 2347 2209 2403 Van.
2240 2349 2292 2402 6.
2323 2348 2390 2403 Et
2422 2365 2579 2418 super
2603 2365 2781 2403 muros
2815 2360 2952 2413 tuos,
2975 2348 3296 2415 Jerusalem,
3318 2349 3569 2404 constitui

295 2445 529 2512 ἐστησα
558 2445 836 2513 φύλακας
881 2441 1038 2510 ὅλην
1086 2441 1200 2506 τὴν
1233 2440 1486 2510 ἡμέραν,
1557 2441 1656 2494 καὶ
1723 2439 1878 2508 ὅλην

1989 2443 2243 2505 custodes,
2277 2450 2386 2494 tota
2437 2442 2524 2494 die
2553 2453 2602 2494 et
2629 2451 2740 2494 tota
2771 2451 2944 2504 nocte,
2976 2441 3065 2510 qui
3115 2457 3383 2512 nunquam
3428 2451 3580 2494 lace-

297 2536 412 2604 τὴν
457 2539 684 2600 νύκτα,
725 2536 784 2590 οἳ
829 2535 926 2589 διὰ
965 2534 1180 2600 τέλους
1212 2535 1285 2588 οὐ
1323 2532 1741 2596 σιωπήσονται
1781 2552 1877 2604 μι-

293 2629 706 2698 μνησκόμενοι
735 2628 978 2696 Κυρίου.
1016 2629 1138 2680 Οὐκ
1182 2627 1313 2680 ἐστι
1345 2625 1455 2696 γὰρ
1480 2625 1622 2694 ὑμῖν
1654 2625 1875 2694 ὅμοιος.

383 2762 472 2826 Ὠς
505 2759 640 2834 πρὸς
676 2761 828 2814 πόλιν
871 2761 1177 2831 διαλέγεται
1210 2758 1490 2830 λαμπράν,
1523 2759 1616 2813 καὶ
1647 2776 1880 2830 συνῳκι-

305 2854 546 2926 σμένην·
578 2855 665 2908 άεὶ
687 2853 748 2906 δέ
777 2871 893 2916 πως
929 2854 1030 2918 τὰς
1073 2855 1181 2906 τῶν
1219 2853 1426 2906 πόλεων
1458 2853 1884 2924 διαφανεστέρας

305 2943 546 2996 πλεῖστοί
587 2959 647 2996 τε
680 2944 792 2996 ὅσοι
842 2943 936 2995 καὶ
982 2941 1231 3010 νηφάλιοι
1261 2943 1581 3013 περιέπουσι
1612 2943 1884 3012 φύλακες,

309 3033 384 3107 μὴ
428 3033 536 3103 ἄρα
575 3050 659 3096 τις
691 3031 968 3103 ἀδοκήτως
1003 3032 1114 3084 τῶν
1147 3031 1423 3102 πολεμίων
1469 3031 1681 3102 ἐμϐάλῃ
1701 3049 1715 3062 ·
1747 3030 1888 3085 οὕτω

1976 2535 2098 2588 bunt
2134 2534 2468 2588 recordantes
2516 2533 2747 2588 Domini.
2803 2532 2927 2587 Non
2979 2534 3119 2587 enim
3171 2543 3248 2588 est
3308 2535 3460 2590 rastri
3504 2532 3581 2587 sis

1982 2628 2146 2681 milis.

2059 2759 2371 2830 Alloquitur
2392 2758 2544 2813 velut
2569 2759 2844 2814 civitatem
2878 2759 3143 2816 illustrem
3173 2770 3227 2815 et
3252 2759 3581 2817 habitatum.

1992 2849 2221 2918 Semper
2252 2849 2397 2904 enim
2434 2851 2686 2905 civitates
2735 2851 3065 2921 insigniores
3093 2853 3307 2922 plurimi
3339 2863 3396 2908 et
3442 2853 3583 2920 vigi-

1993 2942 2070 2995 les
2114 2942 2369 2996 custodes
2423 2948 2638 3004 curant,
2693 2956 2763 2995 ne
2799 2941 2925 3010 quis
2955 2942 3130 2996 hostis
3181 2942 3252 2997 de
3278 2942 3584 3012 improviso.

1998 3033 2321 3088 adoriatur:
2355 3034 2434 3087 sic
2465 3042 2524 3086 et
2564 3033 2946 3087 universorum
2995 3031 3257 3088 Servatur
3284 3041 3339 3086 et
3394 3032 3580 3086 Domi-

306 3126 401 3178 καὶ
427 3128 455 3178 ό
483 3123 594 3177 τῶν
639 3125 774 3177 ὅλων
804 3123 994 3195 Σωτὴρ
1035 3125 1127 3178 καὶ
1184 3124 1389 3195 Κύριος
1430 3126 1695 3196 ἀφράστῳ
1733 3122 1886 3176 δυνά-

2000 3139 2123 3186 nus,
2169 3120 2430 3178 ineﬂabili
2470 3124 2708 3192 potentia
2738 3131 2796 3176 et
2819 3121 3136 3188 angelorum
3167 3124 3434 3193 pra‘sidiis
3458 3137 3583 3176 tnu-

309 3234 399 3294 μει
457 3217 552 3270 καὶ
601 3211 725 3278 ταῖς
771 3216 881 3268 τῶν
920 3215 1162 3284 ἀγγέλων
1213 3216 1553 3284 ἐπικουρίαις
1590 3213 1888 3286 πυργώσας

302 3307 403 3379 τὴν
440 3306 773 3377 Ἐκκλησίαν
822 3306 1267 3377 κεχειροτόνηκεν
1313 3307 1449 3378 αὐτῇ
1500 3305 1748 3375 φύλακας
1801 3323 1887 3359 σο-

310 3398 446 3464 φοὺς
488 3399 580 3450 καὶ
631 3398 1037 3468 ἐγρηγορότας,
1087 3399 1179 3451 καὶ
1213 3397 1616 3451 ἀκατεύναστον
1665 3397 1887 3468 ἔχοντας

306 3489 392 3548 ἐπ’
414 3489 550 3566 αὐτῇ
588 3489 686 3560 τὴν
719 3491 997 3559 φροντίδα,
1052 3491 1176 3553 τοὺς
1215 3489 1404 3556 ἁγίους
1438 3489 1680 3561 δηλονότι
1721 3507 1888 3561 μυστ-

306 3581 578 3650 αγωγοὺς,
607 3581 656 3642 οἳ
686 3582 809 3635 κατ’
833 3581 1021 3635 οὐδένα
1038 3583 1236 3653 τρόπον
1261 3582 1630 3653 καταλήγουσι
1651 3581 1746 3634 τοῦ
1776 3581 1888 3633 δια-

309 3673 616 3746 μεμνῆσθαι
639 3673 738 3744 τῆς
763 3673 922 3744 δόξης
955 3673 1142 3736 αὑτοῦ,
1170 3673 1266 3727 καὶ
1295 3674 1402 3727 τῶν
1440 3673 1758 3743 θαυμασίων
1791 3672 1888 3723 αὑ-

303 3765 421 3829 τοῦ,
449 3763 592 3818 καθά
625 3765 950 3835 γέγραπται.
984 3762 1390 3833 Κατειθίσμεθα
1434 3762 1542 3834 γὰρ
1591 3765 1648 3814 ὲν
1691 3761 1886 3832 ἐκκλη-

307 3857 452 3918 σίαις
494 3855 607 3917 τοῖς
637 3855 747 3910 ὑπὸ,
769 3869 926 3924 χειρα
966 3852 1116 3915 λαοῖς
1144 3850 1525 3923 διακηρύττειν
1553 3851 1640 3904 ἀεὶ
1667 3851 1766 3913 τὰς
1791 3850 1887 3904 τοῦ

307 3949 557 4020 Σωτῆρος
607 3945 1002 4017 μεγαλουργίας
1025 3986 1038 4007 ,
1069 3945 1164 4002 καὶ
1207 3944 1303 4013 τῆς
1341 3942 1678 4014 θεοπρεποῦς
1718 3943 1889 4014 ὑπερ-

305 4039 439 4108 axi;
477 4037 576 4108 τὴν
606 4020 960 4103 ἔνδειξιν,μῖνα
989 4034 1280 4088 κάντεῦθεν
1307 4033 1522 4104 ἀσφαλῆ
1587 4034 1680 4088 καὶ
1718 4033 1892 4104 ἀκράα

304 4129 494 4181 δαντον
525 4127 694 4196 ἔχωσι
747 4125 876 4196 περὶ
927 4123 1094 4178 αὑτοῦ
1124 4123 1224 4194 τὴν
1255 4123 1459 4177 πίστιν.
1493 4124 1567 4175 ’Ἡ
1601 4123 1745 4192 τάχα
1783 4140 1887 4176 που

309 4213 714 4286 μνησθήσεσθαί
757 4231 889 4284 φησι
932 4213 1025 4266 τοῦ
1074 4214 1281 4284 Κυρίου
1311 4215 1436 4277 τους
1471 4213 1718 4282 φύλακας
1764 4215 1887 4267 ἐπι-

306 4306 616 4376 φωνοῦντάς
673 4324 730 4360 τε
779 4308 872 4360 καὶ
927 4306 1186 4375 λέγοντας
1210 4347 1224 4370 ,
1265 4309 1346 4361 ὅτι
1380 4328 1397 4357 ι
1437 4309 1550 4361 Οὐκ
1579 4307 1726 4364 ἔστιν
1759 4309 1890 4378 ὑμῖν,

305 4399 509 4469 ὅμοιος.
540 4419 558 4451 ›
602 4399 674 4452 Οὐ
717 4398 826 4471 γάρ
852 4401 968 4452 ἐστι
1002 4400 1124 4453 καθ’
1147 4402 1316 4470 ἡμᾶς.
1358 4399 1474 4453 ἀλλ’
1503 4400 1626 4454 ὅσον
1651 4399 1891 4471 ὑπερνή..

1993 3217 2105 3269 nita
2145 3215 2413 3282 Ecclesia,
2443 3215 2649 3285 delegit
2691 3216 2741 3270 ei
2772 3216 3028 3270 custodes
3058 3215 3336 3282 sapientes
3363 3223 3418 3270 et
3451 3228 3582 3284 per-

1991 3307 2204 3376 vigiles,
2236 3315 2288 3360 et
2316 3309 2435 3375 ejus
2457 3321 2648 3360 curam
2682 3307 2984 3362 insomnem
3029 3306 3306 3367 habentes.
3349 3317 3572 3361 sanctos

1995 3398 2244 3452 videlicet
2274 3405 2644 3468 mystagogos,
2669 3396 2758 3465 qui
2797 3397 2944 3452 nullo
2977 3398 3138 3452 modo
3167 3397 3431 3452 desinunt
3463 3396 3582 3467 glo-

1992 3490 2127 3543 riam
2187 3489 2306 3559 ejus
2344 3500 2399 3544 et
2438 3489 2706 3544 mirabilia
2745 3490 2863 3558 ejus
2915 3502 3374 3555 commemorare,
3413 3488 3578 3544 siCuti

1989 3581 2252 3650 scriptum
2279 3591 2385 3638 est.
2412 3580 2808 3638 Consuevimus
2848 3583 2996 3636 enim
3039 3583 3091 3636 in
3123 3581 3353 3637 ecclesia
3407 3595 3583 3651 popu-

1991 3674 2058 3729 lis
2105 3675 2339 3730 subditis
2381 3690 2600 3744 semper
2657 3673 3118 3746 magniﬁcentiam
3174 3673 3482 3729 Servatoris
3521 3684 3580 3726 et

1989 3767 2187 3822 divinte
2237 3767 2565 3835 praestantia:
2606 3767 2932 3821 documenta
2985 3767 3308 3834 pradicare,
3346 3774 3406 3819 ut
3449 3765 3578 3820 inde

1990 3857 2270 3911 immotam
2305 3867 2359 3913 et
2409 3857 2789 3911 inconcussam
2826 3858 2894 3912 de
2919 3872 2992 3912 eo
3025 3857 3184 3911 tidem
3235 3857 3571 3923 concipiant.

1991 3946 2088 4002 Vel
2125 3947 2507 4002 recordaturos
2552 3947 2692 4008 dici
2731 3947 2986 4002 custodes
3016 3946 3228 4001 Domini
3274 3945 3446 4002 clama
3461 3956 3582 4001 .ites

1989 4053 2054 4093 ac
2095 4037 2380 4094 dicentes:
2438 4057 2457 4090 ι
2498 4038 2614 4094 Non
2668 4046 2754 4093 est
2798 4038 2961 4093 vestri
3013 4037 3232 4092 similis.
3272 4054 3290 4087 ι
3333 4034 3448 4090 Non
3481 4046 3567 4091 est

1991 4130 2134 4184 enim
2177 4129 2332 4184 nobis
2358 4129 2572 4194 similis,
2609 4132 2705 4185 sed
2743 4141 3004 4200 quantutu
3042 4130 3334 4184 humanam
3366 4137 3583 4184 sortem

1990 4233 2043 4278 et
2084 4222 2384 4278 nobilitatis
2425 4223 2737 4292 prtestantia
2781 4232 2836 4276 et
2879 4222 3181 4276 divinitatis
3249 4221 3420 4292 gloria
3483 4237 3583 4276 sne

1992 4323 2166 4384 perat,
2215 4324 2428 4368 tantum
2485 4314 2727 4370 bonitate
2786 4315 2953 4370 vincit
2998 4325 3053 4369 et
3087 4314 3443 4369 humanitate.
3509 4313 3579 4370 Ut

1991 4406 2160 4460 enim-
2198 4405 2406 4460 Psaltes
2469 4405 2544 4461 ait
2591 4421 2608 4460 :
2680 4425 2700 4458 ι
2761 4405 2879 4460 Non
2923 4406 3218 4462 secundum
3259 4406 3588 4475 iniquitates.

306 4510 464 4563 χεται
505 4491 573 4546 τά
606 4492 922 4561 ἀνθρώπινα
956 4496 1022 4564 τῇ
1051 4493 1150 4562 τῆς
1192 4492 1442 4556 εὐκλείας
1482 4494 1759 4566 ὑπεροχῇ,
1795 4494 1886 4546 καὶ

1998 4505 2214 4551 nostras
2245 4495 2374 4550 fecit
2401 4497 2582 4564 nobis,
2612 4512 2788 4567 neque
2811 4497 3112 4552 secundum
3140 4507 3361 4567 peccata
3387 4507 3572 4552 nostra

306 4588 381 4660 τῇ
414 4586 511 4654 τῆς
544 4584 796 4655 θεότητος
825 4583 971 4656 δόξῃ,
1004 4583 1227 4637 τοσοῦτο
1263 4587 1387 4654 νικᾷ
1415 4585 1510 4638 καὶ
1553 4586 1695 4639 κατά
1727 4603 1790 4654 γε
1828 4585 1889 4638 τὸ

308 4659 447 4730 εἶναι
476 4676 709 4748 χρηστὸς
759 4677 852 4730 καὶ
902 4675 1300 4748 φιλάνθρωπος.
1347 4676 1433 4739 Ὠς
1459 4676 1568 4747 γὰρ
1593 4679 1621 4729 ὁ
1655 4676 1890 4730 γάλλων

310 4768 475 4839 φησίν
495 4785 508 4798 ·
541 4787 559 4819 ι
591 4769 664 4822 Οὐ
701 4769 843 4823 κατά
872 4770 971 4831 τὰς
999 4768 1229 4838 ἀνομίας
1255 4767 1412 4838 ἡμῶν
1446 4768 1702 4838 ἐποίησεν
1731 4769 1884 4838 ἡμῖν,

307 4857 430 4911 οὐδὲ
459 4857 601 4911 κατὰ
645 4859 744 4920 τὰς
790 4857 1063 4928 ἁμαρτίας
1093 4857 1250 4927 ήμῶν
1279 4856 1660 4912 ἀνταπέδωκεν
1688 4859 1837 4929 ἡμῖν.
1860 4877 1877 4909 ι

308 4947 527 5000 Σέσωκε
561 4947 670 5016 γάρ
713 4946 873 5008 ὄντας
916 4946 1308 5018 ἁμαρτωλοὺς,
1361 4947 1454 4998 καὶ
1502 4947 1898 5017 προσηγάγετο,

311 5036 709 5111 φιλανθρώπως
736 5036 837 5090 οὐκ
871 5035 1027 5100 ὄντας
1065 5035 1247 5100 ἀξίους
1281 5034 1376 5088 τοῦ
1416 5034 1703 5092 σώζεσθαι.
1741 5037 1885 5108 Ἔφη

311 5146 366 5183 τι
395 5128 635 5181 τοιοῦτον
665 5128 758 5181 καὶ
788 5127 852 5180 δι’
874 5127 1067 5198 ἐτέρου,
1087 5127 1388 5197 προφήτου*
1419 5147 1437 5178 ι
1461 5127 1526 5179 Τί
1557 5144 1637 5180 σοι
1657 5128 1885 5199 ποιήσω,

325 5222 599 5298 Ἐφραῖμ;
654 5220 724 5274 Τί
749 5237 828 5273 σοι
859 5222 1094 5292 ποιήσοι,
1131 5218 1332 5287 Ἰούδα;
1374 5220 1449 5285 ὡς
1491 5219 1772 5290 ἀδάμαντα
1812 5219 1888 5290 (l)

314 5313 553 5385 θήσομαί
599 5329 680 5378 σε,
731 5313 824 5366 καὶ
863 5312 939 5376 ὡς
980 5312 1197 5383 Σεϐωἲμ
1229 5312 1577 5384 μετεστράφη
1621 5313 1663 5386 ή
1695 5311 1892 5389 καρδία

318 5422 423 5476 μου
461 5406 519 5458 ὲν
545 5403 623 5475 τῷ
661 5404 809 5475 αὐτῷ
835 5403 934 5475 (2),
965 5404 1023 5456 οὐ
1062 5403 1136 5474 μὴ
1166 5405 1378 5475 ποιήσω
1416 5404 1555 5457 κατὰ
1594 5403 1694 5473 τὴν
1722 5402 1892 5475 ὀργὴν

314 5496 412 5550 τοῦ
441 5496 613 5567 θυμοῦ
648 5513 780 5568 μου’
813 5496 872 5548 οὐ
912 5495 984 5566 μὴ
1026 5495 1406 5562 ὲγκαταλείπω
1445 5495 1538 5548 τοῦ
1573 5495 1894 5565 ἐξαλειφθῆ-

390 5685 457 5714 ’τ“
485 5681 680 5752 Epltes.
713 5699 764 5747 ν,
797 5682 891 5736 27.
969 5682 1015 5715 ’⁸
1045 5682 1185 5736 Psal.
1215 5700 1308 5747 cu,
1345 5684 1428 5737 l0.
1505 5687 1548 5717 ’9
1581 5684 1708 5740 Osc.
1742 5702 1816 5749 XI,
1844 5685 1900 5753 8,
1927 5684 1980 5742 9.

392 5835 756 5918 (l).!.XX,":i
800 5855 858 5918 σε
898 5837 1191 5918 διαθώμαι,
1237 5839 1503 5918 ᾚφραῖμ;
1561 5842 1883 5914 ὑπερασπιῶ

322 5907 456 5974 σου,
485 5907 728 5980 Ἱσραήλ;
764 5908 897 5981 sica
928 5907 1130 5977 διαθῶ;
1158 5907 1232 5972 ώς
1253 5907 1452 5979 ἀδάμα.

1998 4589 2252 4643 retribuit
2293 4589 2451 4644 nobis
2486 4590 2555 4642 ⁸⁸.
2610 4608 2630 4641 ι
2679 4590 2932 4645 Servavit
2981 4591 3286 4645 enimcqu
3333 4605 3586 4644 essemus

1995 4689 2340 4747 peccatores,
2375 4679 2540 4752 873
2586 4689 2643 4736 et
2697 4681 3010 4736 humaniter
3049 4695 3112 4734 ac
3149 4680 3448 4735 clementer
3495 4679 3579 4732 iu-

1998 4769 2195 4838 dignos
2239 4769 2415 4824 salute
2459 4770 2700 4825 admisit.
2746 4770 2936 4825 Simile
2969 4779 3054 4825 est
3097 4769 3241 4839 quod
3293 4770 3451 4823 dixit‘
3482 4783 3588 4837 per.

1966 4910 1972 4916 .
1995 4861 2159 4916 alium
2183 4864 2500 4932 prophetam
2521 4882 2534 4918 :
2558 4881 2576 4914 ι
2603 4862 2739 4930 Quid
2758 4862 2850 4917 tibi
2877 4863 3095 4926 iaciam,
3121 4860 3411 4930 prraim?
3435 4859 3575 4927 Quid

1995 4955 2091 5009 tibi
2133 4956 2325 5010 faciam
2351 4997 2366 5022 ,
2404 4956 2586 5011 Juda?
2632 4956 2998 5011 Sicutadama
3031 4971 3227 5024 ponam
3259 4965 3331 5022 te,
3361 4963 3416 5009 et
3435 4957 3579 5009 sicut

1996 5046 2212 5101 Seboim
2239 5061 2556 5101 conversum
2580 5055 2660 5102 cst
2683 5061 2780 5100 cor
2802 5061 2979 5102 meum
3014 5045 3068 5099 in
3087 5045 3225 5116 ipso,
3255 5059 3358 5098 non
3386 5045 3575 5098 iaciam

1998 5153 2100 5208 pro
2130 5139 2210 5193 ira
2246 5139 2444 5193 luroris
2502 5140 2629 5193 mei.
2661 5138 2778 5193 Non
2839 5137 3137 5208 relinquam
3201 5147 3261 5192 ut
3335 5136 3576 5190 deleatur

1995 5229 2282 5298 prraim.
2310 5229 2578 5297 Quoniam
2629 5230 2776 5285 Deus
2813 5244 2916 5297 ego
2955 5245 3098 5295 sum,
3147 5241 3201 5284 et
3245 5243 3350 5283 non
3391 5227 3576 5283 homo.

1996 5320 2049 5375 in
2091 5328 2140 5375 te
2185 5321 2496 5376 sanctus”.
2538 5339 2558 5373 ι
2603 5321 2738 5387 Quia
2805 5321 2976 5387 enim,
3035 5321 3230 5390 inquit,
3292 5333 3398 5372 nou
3457 5331 3581 5370 sunt

1997 5409 2181 5474 homo,
2241 5412 2337 5467 sed
2395 5411 2574 5481 potius
2611 5421 2830 5467 sanctus
2866 5412 2920 5466 in
2969 5422 3021 5467 te
3073 5411 3235 5476 Deus,
3290 5417 3577 5478 propterea

2000 5514 2106 5555 non
2150 5500 2452 5572 relinquant
2496 5513 2554 5556 ut
2602 5503 2843 5560 deleatur
2883 5502 3167 5574 prraim.

2065 5842 2141 5914 (2)
2174 5843 2315 5899 LXX
2342 5845 2566 5911 addunt,
2601 5843 2972 5915 συνεταράχθη
3010 5845 3042 5913 ἡ
3077 5837 3412 5913 μεταμέλειά
3438 5855 3566 5912 μου,
