4148 6564
528 495 595 514 ειη

494 494 588 549 ζὸἳ

1483 496 1541 548 S.
1582 493 1859 549 CYRILLI
1898 489 2366 549 ALEXANDRINI
2408 488 2729 545 ARCHIEP.

3611 487 3746 542 1376

480 631 571 671 ναι
602 616 693 670 τὸν
730 613 987 684 Ἐφραῒμ,
1030 611 1162 664 διότι
1198 609 1358 673 Θεόςῖ
1394 612 1507 682 εἰμι
1567 614 1698 681 ἐγὼ,
1764 614 1858 666 καὶ
1902 613 2003 666 οὐκ
2045 611 2367 683 ἄνθρωπος,
2415 610 2472 661 ὲν
2505 609 2594 660 σοὶ·
2660 596 2878 674 ἆγιοςζ»
2922 606 3137 676 Ἐπειδὴ
3178 605 3287 678 γὰρ
3326 606 3424 659 οὐκ
3461 604 3748 677 ἄνθρωπός

483 713 618 779 εἰμι,
665 707 846 776 φησὶν,
889 703 1039 771 ἅγιος
1067 703 1122 755 δὲ
1157 702 1354 774 μᾶλλον
1388 706 1444 755 ὲν
1467 705 1547 756 σοὶ
1570 703 1700 768 Θεὸς
1722 746 1735 768 ,
1780 704 1868 758 διὰ
1923 706 2082 758 τοῦτο
2121 706 2181 758 οὐ
2211 706 2288 777 μὴ
2319 700 2695 772 ὲγκαταλείπω
2718 697 2813 750 τοῦ
2875 696 3253 767 ἐξαλειφθῆναι
3274 697 3363 751 τὸν
3396 696 3660 771 Ἐφραῖμ.

558 797 718 850 Vens.
760 795 881 847 7-9.
924 791 983 847 Si
1029 795 1338 857 correxeris,
1388 803 1435 846 et
1477 792 1683 862 feceris,
1734 793 2053 862 Jerusalem,
2090 805 2133 857 Α

485 883 690 935 laudem
717 896 873 946 super
897 890 1113 933 terram.
1149 881 1363 935 Jurat'it
1408 880 1659 934 Dominus
1695 900 1784 950 per
1810 884 2053 952 gloriam,

485 988 656 1035 suam,
688 981 738 1026 et
774 988 865 1041 per
895 971 1256 1040 fortitudinem
1290 974 1488 1027 brachii
1518 975 1621 1037 sui,
1643 974 1703 1028 Si
1734 976 1874 1029 ultra
1903 977 2060 1029 dede-

486 1082 545 1117 ro
580 1066 812 1117 triticum
841 1075 1010 1125 tuum,
1053 1074 1101 1119 et
1144 1065 1285 1118 cibos
1335 1074 1453 1120 tuos
1500 1065 1726 1120 inimicis
1768 1068 1891 1133 tuis,
1928 1077 1972 1119 et
2014 1068 2058 1120 si

486 1158 629 1209 ultra
664 1155 885 1209 biberint
918 1157 1019 1225 ﬁlii
1068 1157 1225 1209 alieni
1263 1157 1438 1211 uiuum
1484 1170 1652 1221 tuum,
1688 1160 1742 1212 in
1777 1175 1880 1228 quo
1909 1157 2059 1211 labo—

490 1249 646 1306 rasti.
681 1249 769 1303 sed
798 1249 889 1318 qui
922 1248 1196 1314 colligunt,
1223 1248 1371 1301 edent
1407 1249 1524 1313 illa,
1549 1261 1594 1303 et
1624 1250 1915 1303 laudabunt
1952 1249 2060 1302 Do-

488 1340 710 1402 minum,
750 1348 799 1391 et
844 1338 1142 1408 colligentes
1191 1337 1362 1391 bibent
1429 1339 1521 1391 illa
1573 1339 1627 1392 iu
1674 1342 1831 1393 atriis
1868 1339 2060 1393 sanctis

487 1446 639 1484 πιριδ.

476 1608 487 1621 ’
572 1606 723 1662 Velut
768 1623 833 1661 ex
899 1606 1252 1661 similitudine
1300 1620 1482 1660 rerum
1528 1609 1643 1661 sive
1694 1608 2061 1663 calamitatum

492 1714 612 1767 quae
636 1712 779 1765 sape
805 1698 1020 1752 inﬂicta:
1049 1707 1176 1752 sunt
1212 1697 1488 1764 lsraelitis,
1515 1699 1661 1753 utilis
1678 1701 1940 1755 siluarum
1976 1716 2067 1755 no-

494 1790 578 1845 bis
619 1790 1115 1845 considerationum
1158 1791 1397 1844 contexit
1441 1794 1829 1846 narrationem.
1865 1791 2067 1847 Pecca-

494 1882 673 1937 vimus
714 1881 862 1935 enim
916 1881 1291 1945 multifariam,
1351 1882 1725 1951 relinquentes
1775 1894 1969 1937 natura
2014 1894 2068 1939 et

494 1989 621 2029 vere
680 1972 884 2036 Deum,
948 1973 1395 2041 adluerentesqne
1470 1972 1737 2027 idolorum
1811 1975 2067 2031 cultibus.

497 2066 673 2134 Opera
700 2079 935 2134 namque
982 2080 1237 2117 manuum
1282 2080 1501 2119 suarum
1542 2064 1862 2131 adorarunt,
1892 2077 1946 2120 et
1981 2085 2067 2123 re-

2243 794 2376 848 Ἐὰν
2404 792 2725 860 διορθώσῃ.
2754 787 2854 841 καὶ
2885 788 3573 857 ποίησῃ,’1εροκσαλὴμ,
3610 806 3754 857 ταυ-

2156 887 2343 954 ρίαμα
2372 883 2470 937 ἐπὶ
2510 881 2621 950 τῆς
2659 880 2793 951 γῆς,
2824 879 3021 949 ὤμοσε
3056 880 3274 945 Κύριος
3312 879 3461 933 κατὰ
3503 876 3618 947 τῆς
3656 877 3757 931 δό-

2167 978 2282 1046 ξης
2309 977 2517 1041 αὐτοῦ,
2560 973 2656 1028 καὶ
2698 973 2849 1027 κατὰ
2882 970 2991 1038 τῆς
3025 971 3240 1040 ἰσχύος
3283 970 3390 1023 τοῦ
3416 970 3758 1038 ,βραχίονος

2166 1069 2373 1131 αὐτοῦ,
2403 1071 2470 1121 El
2511 1067 2594 1120 ἔτι
2626 1063 2797 1119 δώσω
2829 1063 2937 1117 τὸν
2968 1063 3142 1117 σῖτόν
3177 1078 3314 1127 σου,
3359 1064 3459 1115 καὶ
3484 1062 3557 1115 τὰ
3589 1060 3753 1128 ,Βρὼ-

2161 1160 2322 1231 ματά
2350 1178 2465 1214 σου
2513 1158 2637 1224 τοῖς
2675 1156 2907 1229 ἐχθροῖς
2948 1171 3087 1220 σου,
3130 1154 3229 1209 καὶ
3267 1156 3319 1209 εὶ
3360 1154 3448 1208 ἔτι
3498 1154 3754 1207 arin

2168 1253 2471 1317 ἀλλότριοι
2505 1249 2611 1302 τὸν
2639 1246 2806 1302 οἷνόν
2833 1263 2971 1309 σου,
3010 1246 3101 1315 ἐφ’
3129 1238 3176 1311 ᾧ
3213 1244 3580 1314 ἐμόχθησας,
3612 1241 3754 1297 ἀλλ’

2169 1339 2207 1408 ἣ
2254 1344 2307 1393 οἱ
2345 1338 2718 1407 συνάγοντες
2752 1336 3038 1405 φάγονται
3072 1334 3242 1394 αὐτὰ,
3290 1334 3387 1387 καὶ
3430 1332 3754 1387 αὶνέσουσι

2170 1433 2409 1498 Κύριον,
2448 1428 2545 1482 καὶ
2571 1431 2623 1481 οἱ
2656 1426 3030 1496 συνάγοντες
3069 1424 3315 1477 πίωνται
3345 1422 3496 1477 αὐτὰ
3524 1424 3596 1476 ἐν
3626 1421 3759 1487 ταῖς

2170 1524 2465 1577 ἐπαύλεσι
2504 1519 2631 1585 ταῖς
2668 1520 2863 1589 ἁγίαις
2901 1535 3042 1586 μου.

2253 1618 2340 1679 Ὠς
2388 1615 2447 1680 ἐξ
2494 1614 2813 1685 ὁμοιότητος
2873 1612 3243 1684 πραγμάτων,
3292 1612 3409 1681 ῆτοι
3457 1606 3763 1678 συμφορῶν

2173 1705 2617 1777 ἐπενηνεγμένων
2668 1703 2984 1765 πλειστάκις
3028 1704 3137 1763 τοῖς
3184 1700 3243 1766 ἐξ
3277 1697 3495 1770 Ἰσραὴλ
3542 1700 3762 1766 ἐπωφεο

2173 1801 2445 1854 λεστάτων
2502 1799 2634 1869 ἡμῖν
2695 1796 3070 1868 θεωρημάτων
3135 1795 3412 1864 ὲξυφαίνει
3477 1793 3761 1863 διήγησιν.

2186 1892 2529 1963 Ἦμάρτανον
2574 1890 2671 1962 μὲν
2702 1888 2810 1961 γὰρ
2840 1888 3212 1959 πολυτρόπως,
3245 1886 3377 1940 Θεὸν
3405 1884 3639 1954 ἀφέντες
3669 1882 3782 1936 τὸν..

2176 1982 2335 2050 φύσει
2376 1982 2469 2034 καὶ
2511 1979 2746 2053 ἀληθῶς,
2783 1980 2879 2033 καὶ
2922 1982 3041 2042 ταῖς
3071 1977 3180 2031 τῶν
3212 1974 3444 2029 είδώλων
3478 1972 3764 2044 λατρείαις

2178 2073 2592 2145 προσκείμενοι·
2644 2070 3055 2144 προσεκύνησαν
3091 2069 3198 2139 γὰρ
3245 2071 3357 2130 τοῖς
3412 2067 3599 2137 ἔργοις
3651 2063 3761 2117 τῶν

498 2158 847 2213 calcitrantes
875 2157 1028 2225 quasi
1060 2165 1249 2209 contra
1284 2156 1508 2226 legalem
1539 2156 1729 2219 vitam,
1755 2157 1821 2209 ad
1855 2158 1905 2210 id
1929 2159 2068 2226 quod

2187 2163 2371 2234 (ειρῶν
2398 2162 2597 2224 αὐτῶν,
2626 2161 3091 2223 ἀπολακτίσαντες
3117 2158 3173 2212 δὲ
3202 2158 3389 2227 ὥσπερ
3419 2156 3513 2209 καὶ
3544 2154 3647 2224 τῆς
3678 2154 3766 2205 ὲν-

502 2250 604 2303 sibi
658 2249 829 2302 visum
862 2256 945 2302 est
986 2247 1352 2315 rapiebantur.
1392 2246 1503 2299 liae
1532 2248 1597 2301 de
1634 2262 1794 2301 causa
1830 2250 2069 2317 percussi

501 2350 627 2395 sunt
672 2356 700 2393 a
750 2340 856 2393 Deo
891 2338 1198 2402 sterilitate,
1260 2353 1641 2407 nonnunquam
1678 2339 1898 2394 interitu
1953 2356 2076 2394 cor-

502 2448 715 2501 porum,
747 2432 1462 2498 hostiumimpressionibus,
1500 2431 1612 2499 qui,
1649 2446 1863 2487 omnem
1888 2448 2074 2487 eorum

500 2524 776 2593 regionem
817 2521 1185 2585 devastanles,
1220 2522 1270 2575 in
1317 2521 1463 2589 agris
1503 2522 1667 2575 etiam
1710 2523 1918 2591 prmdas
1949 2539 2074 2592 ege-
2148 2517 2153 2523 ’

502 2623 649 2668 runt.
694 2613 905 2667 Dictum
958 2614 1104 2666 enim
1172 2622 1255 2667 est
1287 2612 1440 2667 illis:
1489 2632 1506 2663 ι
1557 2613 1634 2666 Tu
1676 2628 1847 2677 seres,
1888 2623 1943 2667 at
1973 2630 2077 2668 nou

503 2713 715 2770 iactes;
751 2715 806 2758 tu
857 2720 1073 2773 premes
1106 2704 1302 2768 olivas,
1344 2717 1397 2757 et
1436 2718 1541 2756 non
1585 2705 1805 2772 ungeris
1840 2704 1992 2768 oleo,
2025 2716 2080 2759 et

501 2800 687 2852 vinum
721 2812 826 2851 non
864 2796 1016 2851 bibes
1046 2798 1086 2849 ¹.
1122 2814 1141 2847 ι
1166 2827 1237 2837 --
1273 2814 1293 2846 ι
1330 2796 1386 2850 Si
1446 2796 1648 2864 itaque,
1686 2798 1881 2866 inquit,
1935 2812 1966 2849 ο
1993 2796 2081 2851 Je-

503 2888 759 2951 rusalem,
807 2886 1133 2952 correxeris,
1188 2905 1205 2937 ι
1243 2886 1292 2940 id
1326 2894 1432 2950 est,
1467 2887 1509 2940 si
1545 2887 1893 2940 transtuleris
1927 2895 1976 2938 te
2016 2886 2079 2938 ad

505 2981 708 3035 cultum
744 2980 1101 3047 spiritnalem,
1132 2979 1174 3033 si
1212 2977 1465 3049 effugeris
1503 2978 1724 3046 ﬁguras.
1759 2990 1811 3034 et
1852 2992 2081 3046 agnove-

508 3071 585 3125 ris
616 3071 683 3124 de
712 3083 797 3123 me
840 3068 1125 3137 scripsisse
1173 3069 1412 3138 Moysen,
1446 3068 1492 3124 si
1544 3066 1821 3138 acceperis
1853 3070 2080 3139 gratiam

506 3175 610 3228 per
634 3158 813 3224 (idem;
858 3175 877 3208 ‹
918 3169 975 3211 et
1007 3157 1204 3211 feceris
1234 3155 1445 3211 laudem
1484 3156 1576 3212 tibi
1606 3172 1769 3226 super
1798 3167 2022 3221 terram,
2061 3175 2078 3209 ι

509 3251 563 3305 id
586 3258 691 3314 est,
713 3249 970 3304 illustrem
997 3248 1245 3320 gloriam,
1265 3249 1321 3303 in
1350 3248 1569 3305 Christo
1596 3249 1872 3317 videlicet;
1900 3267 1919 3301 ι
1938 3251 2088 3319 jura-

508 3340 588 3394 vit
621 3338 882 3394 Dominus
920 3351 1016 3407 per
1053 3337 1277 3407 gloriam
1318 3355 1496 3403 suam,
1543 3357 1561 3390 ι
1604 3354 1702 3393 nec
1733 3339 1878 3393 enim
1912 3348 2089 3408 potest

512 3446 611 3500 per
636 3431 800 3484 alium
827 3444 1151 3500 quemquam
1181 3433 1437 3497 majorem
1461 3429 1669 3498 iurare,
1707 3448 1726 3482 ι
1763 3440 1817 3485 et
1846 3446 1940 3498 per
1961 3431 2085 3485 bra-

512 3521 696 3576 chium
743 3535 923 3586 suum,
978 3539 998 3571 ι
1038 3524 1181 3591 quod
1233 3520 1365 3575 nillil
1412 3536 1602 3574 eorum
1651 3536 1772 3590 qua:
1820 3522 1915 3575 tibi
1962 3522 2088 3575 olim
2117 3514 2159 3569 C

514 3622 737 3682 propter
759 3613 980 3666 multam
998 3611 1417 3667 iuobedientiam
1443 3612 1806 3679 contigerunt,
1830 3612 1969 3664 ultra
1989 3612 2086 3665 ob-

517 3708 721 3762 veniet.
756 3706 873 3761 Non
903 3707 1046 3762 enim
1095 3706 1353 3761 tolerabis
1384 3707 1525 3759 lmuc
1557 3702 1963 3773 agricolationis
1994 3717 2089 3756 su~

519 3806 704 3858 dorem
756 3802 873 3857 sine
912 3802 1132 3872 prmmio
1163 3800 1330 3872 874
1376 3799 1669 3870 (intelliges
1710 3806 1891 3852 autem
1930 3797 2091 3866 Spiri-

518 3895 787 3962 tualiter),
829 3895 925 3949 sed
957 3905 1015 3947 ut
1045 3894 1257 3945 divinus
1282 3891 1450 3946 David
1482 3892 1595 3946 ait:
1634 3908 1653 3942 ι
1683 3891 1914 3945 Fructus
1946 3890 2093 3945 labo-

518 4002 638 4044 rum
667 3996 884 4041 tuorum
911 3985 1255 4046 comedes',»
1286 3990 1341 4038 et
1367 3980 1647 4038 uﬂ’aulus
1678 3982 1884 4051 inquit:
1918 3999 1936 4032 ι
1965 3982 2094 4048 Qua:

520 4079 871 4135 seminaverit
917 4077 1101 4142 homo,
1152 4078 1269 4132 lucc
1308 4087 1363 4131 et
1411 4085 1595 4130 metet.
1634 4075 1697 4129 Et
1741 4075 1832 4144 qui
1876 4074 2007 4128 serit
2040 4074 2090 4126 in

519 4171 739 4239 spiritu,
775 4170 841 4224 de
880 4169 1072 4238 spiritu
1111 4175 1279 4224 metet
1317 4167 1481 4220 vitam
1516 4176 1769 4221 aeternam
1799 4167 1839 4219 ³.
1878 4185 1896 4217 ι
1934 4167 2086 4232 Quod

520 4260 683 4329 igitur
732 4259 835 4313 sibi
892 4259 1164 4313 cumulate
1220 4258 1550 4329 spiritualem
1606 4248 1934 4312 fertilitatem
2001 4274 2094 4312 co-

522 4353 819 4414 acervabit,
849 4351 997 4406 bisce
1026 4352 1205 4406 verbis
1238 4352 1559 4407 subindicat.
1594 4371 1612 4403 ι
1658 4352 1759 4418 Qui
1823 4368 1950 4405 vero
1995 4352 2097 4407 hoc

520 4441 796 4494 consecuti
837 4449 964 4495 sunt
994 4440 1244 4509 gloriose,
1280 4442 1473 4506 inquit,
1502 4441 1867 4507 {celebrabant
1915 4442 2097 4497 Domi-

522 4548 673 4595 num,
708 4543 757 4585 et
789 4531 880 4600 qui
912 4531 1194 4601 colligunt,
1225 4532 1412 4586 bibent
1435 4546 1499 4585 ea
1538 4533 1592 4586 in
1629 4532 1784 4587 atriis
1814 4533 2037 4588 sanctis.
2071 4551 2089 4585 ι

522 4622 927 4677 Deliciabuntur
946 4623 1090 4677 enim
1125 4624 1177 4678 in
1209 4639 1462 4693 supremo
1485 4623 1817 4687 habitacula.
1840 4623 1933 4694 qui
1963 4640 2099 4695 prte-

523 4716 716 4768 stantis
771 4716 892 4768 vita:
923 4715 1313 4784 d‘ecerpserunt
1354 4728 1698 4787 ornamenta,
1728 4728 1893 4775 recta:
1926 4729 1982 4774 et
2015 4718 2100 4773 in-

526 4805 755 4875 culpatae
790 4806 911 4862 ﬁdei
944 4808 1152 4863 fructus
1176 4815 1589 4878 congregantes.

2173 2256 2340 2325 νόμου
2379 2250 2522 2325 ζωῆς
2553 2252 2687 2323 πρὸς
2716 2252 2777 2304 τὸ
2804 2252 2987 2313 αὐτοῖς
3013 2247 3205 2303 δοκοῦν
3234 2245 3595 2317 ἀπεφέροντο.
3624 2242 3771 2296 Ταύ-

2174 2365 2272 2418 της
2311 2348 2473 2399 ἕνεκα
2515 2346 2612 2415 τῆς
2661 2345 2841 2407 αἰτίας
2892 2342 3220 2415 ὲπλήττοντο
3263 2339 3411 2410 παρὰ
3451 2336 3587 2391 Θεοῦ
3627 2337 3787 2403 ἀφοε

2178 2439 2321 2511 ρίαις
2368 2437 2478 2490 ἐσθ’
2504 2438 2614 2499 ὅτε,
2662 2435 2931 2504 σωμάτων
2980 2434 3339 2503 καταφοραῖς,
3374 2429 3629 2497 πολέμων
3665 2428 3775 2493 έμε-

2178 2528 2391 2593 6ολαῖς,
2433 2528 2482 2580 οἳ
2537 2529 2713 2580 πᾶσαν
2747 2524 2927 2579 αὐτῶν
2974 2522 3371 2594 καταδῃοῦντες
3430 2518 3529 2588 τὴν
3577 2514 3774 2586 χώραν

2179 2623 2452 2694 ἐληΐζοντο
2482 2622 2574 2674 καὶ
2597 2620 2663 2673 τὰ
2686 2622 2744 2673 ὲν
2774 2620 2985 2690 ἀγροῖς.
3004 2616 3236 2688 Εἴρηται
3257 2615 3364 2684 γὰρ
3390 2613 3525 2682 πρὸς
3544 2607 3773 2671 αὐτούς’

2186 2736 2202 2765 ι
2233 2716 2303 2767 Συ
2336 2714 2576 2784 σπερεῖς,
2612 2711 2706 2764 καὶ
2739 2712 2797 2762 οὐ
2830 2709 2903 2782 μὴ
2934 2710 3183 2780 ἀμήσῃς,
3216 2708 3279 2761 σὺ
3319 2706 3528 2767 πιέσεις
3558 2700 3776 2761 ἐλαίας,

2181 2807 2272 2859 καὶ
2310 2805 2368 2857 οὗ
2412 2804 2485 2875 μὴ
2519 2802 2723 2873 ἀλείφῃ
2751 2801 2947 2866 ἔλαιον,
2980 2801 3073 2853 καὶ
3110 2794 3251 2851 οἶνον
3301 2798 3361 2850 οὐ
3405 2793 3482 2866 μὴ
3528 2792 3714 2859 πίητε.
3748 2809 3768 2839 ι

2184 2928 2253 2938 -
2281 2917 2298 2947 ι
2332 2898 2430 2949 Ἂν
2467 2895 2645 2948 τοίνυν
2676 2892 2963 2965 διορθώσῃ,
3015 2892 3200 2962 φησὶν,
3244 2883 3289 2941 ὦ
3322 2883 3715 2958 Ἰερουσαλὴμ,
3748 2899 3765 2929 ι

2183 2990 2482 3052 τουτέστιν,
2524 2987 2618 3040 ἐὰν
2657 2984 2968 3056 μεταϐάλῃς
2998 2987 3075 3047 είς
3111 2981 3370 3053 λατρείαν
3400 2981 3499 3049 τὴν
3526 2992 3785 3046 πνευμα-

2184 3084 2363 3151 τικὴν,
2405 3082 2471 3134 ἂν
2517 3077 2839 3150 ὰποδράμῃς
2870 3076 2975 3129 τῶν
3020 3074 3227 3138 τύπων,
3269 3072 3362 3127 καὶ
3409 3068 3647 3139 ἐπιγνῷς
3692 3069 3783 3121 ὅτι

2188 3174 2315 3245 περὶ
2349 3171 2482 3243 ἐμοῦ
2515 3171 2791 3243 γέγραφεν
2818 3172 2846 3223 ὁ
2877 3168 3102 3237 Μωσῆς,
3133 3168 3228 3220 ἐὰν
3256 3163 3528 3234 παραδέξῃ
3559 3163 3659 3232 τὴν
3684 3160 3785 3213 διὰ

2187 3261 2426 3325 πίστεως
2457 3262 2617 3332 χάριν
2643 3302 2658 3324 ,
2694 3281 2712 3312 ι
2746 3260 2839 3313 καὶ
2882 3259 3116 3328 ποιήσῃς
3148 3256 3429 3327 γαυρίαμα
3473 3254 3645 3322 σαυτῇ
3678 3250 3784 3302 ἐπὶ

2189 3352 2323 3422 γῆς,
2353 3368 2371 3401 ι
2420 3349 2703 3415 τουτέστι,
2740 3348 3000 3419 καύχημα
3045 3345 3319 3419 λαμπρὸν,
3355 3344 3415 3397 τὸ
3448 3344 3505 3395 ὲν
3551 3338 3789 3411 Χριστῷ

2193 3445 2456 3516 δηλονότι,
2497 3464 2514 3494 ι
2539 3442 2720 3514 ὤμοσε
2768 3441 2970 3513 Κύριος
3014 3439 3154 3495 κατὰ
3195 3441 3289 3509 τῆς
3332 3437 3488 3509 δόξης
3534 3431 3726 3496 αὐτοῦ.
3757 3450 3777 3481 ι

2195 3537 2313 3590 κατ’
2356 3534 2567 3599 οὐδενὸς
2614 3535 2722 3604 γὰρ
2765 3534 2877 3604 ἔχει
2914 3532 3160 3603 μείζονος
3194 3530 3419 3600 ὀμόσαι,
3459 3546 3476 3578 ε
3507 3528 3599 3578 καὶ
3634 3524 3787 3578 κατὰ

2193 3628 2288 3682 τοῦ
2320 3628 2599 3700 βραχίονος
2628 3625 2812 3691 αὑτοῦ,
2840 3645 2858 3675 ι
2892 3624 3100 3679 ὅτιτῶν
3130 3624 3299 3676 πάλαι
3327 3639 3429 3687 σοι,
3451 3620 3537 3672 διὰ
3577 3617 3803 3682 πολλὴν

2195 3720 2476 3774 ἀπείθειαν
2507 3717 2972 3789 ἐπενηνεγμένων,
3014 3714 3167 3768 οῦδὲν
3201 3715 3279 3767 ἑτι
3316 3712 3673 3781 συμὸήσεται.
3701 3706 3787 3759 Οὔ

2197 3813 2305 3883 γὰρ
2331 3810 2555 3882 ἄμισθον
2580 3808 2720 3875 ἕξεις
2744 3810 2835 3861 τὸν
2866 3809 2962 3879 τῆς
2980 3807 3245 3878 γηπονίας
3272 3804 3489 3875 ἱδρῶταο
3532 3801 3792 3868 συνήσεις

2197 3904 2253 3956 δὲ
2297 3903 2456 3956 τοῦτο
2499 3901 2883 3973 πνευματικῶς
2908 3918 2920 3931 ·
2952 3899 3068 3953 ἀλλ’
3105 3899 3181 3961 ὣς
3232 3914 3399 3967 φησιν
3427 3894 3455 3946 ὁ
3491 3890 3791 3950 Θεσπέσιος

2199 3995 2382 4049 Δαϐίδν
2430 4014 2447 4045 ι
2478 3995 2616 4058 Τοὺς
2659 3995 2905 4063 καρποὺς
2948 3990 3054 4046 τῶν
3100 3991 3275 4043 πόνων
3327 4004 3418 4041 σου
3470 3984 3731 4054 φάγεσαι.
3763 4000 3787 4029 ι

2201 4087 2312 4139 Καὶ
2341 4086 2415 4149 ὼς
2460 4088 2487 4138 ὁ
2534 4084 2744 4146 Παῦλὸς
2792 4101 2977 4153 φησιν,
3024 4085 3107 4138 ὅτι
3165 4102 3182 4132 ι
3218 4083 3282 4133 Ὃ
3318 4079 3410 4132 ἐὰν
3447 4075 3645 4146 σπείρῃ
3684 4074 3793 4127 ἄν·

2203 4177 2442 4246 θρωπος,
2488 4173 2644 4228 τοῦτο
2690 4174 2782 4227 καὶ
2827 4174 3066 4245 θερίσει,
3118 4173 3209 4225 καὶ
3254 4172 3282 4223 ὁ
3328 4167 3564 4237 σπείρων
3610 4164 3689 4225 είς
3726 4159 3797 4213 τὸ

2204 4266 2438 4336 πνεῦμα,
2477 4264 2542 4316 ὲκ
2578 4264 2673 4317 τοῦ
2711 4262 3020 4333 πνεύματος
3054 4260 3259 4329 θερίσει
3293 4257 3435 4327 ζωὴν
3480 4253 3727 4308 αἰώνιον·
3765 4270 3787 4301 ι

2202 4358 2282 4410 ὃτι
2313 4357 2490 4409 τοίνυν
2535 4357 2702 4426 ἑαυτῇ
2744 4352 3151 4424 κατασωρεύσει
3184 4349 3451 4411 πλουσίως
3477 4346 3544 4398 τὰ
3581 4346 3645 4397 ὲκ
3684 4342 3794 4413 τῆς

2205 4445 2582 4517 πνευματικῆς
2620 4444 3054 4515 εὐκαρπίας,διὰ
3093 4442 3198 4496 τῶν
3242 4440 3617 4512 προκειμένων
3653 4439 3795 4491 ὑπο-

2204 4540 2371 4611 δηλοῖ·
2401 4557 2419 4590 t
2444 4539 2505 4591 Oi
2548 4538 2603 4590 δὲ
2637 4535 2841 4590 τούτων
2869 4539 3121 4606 τυχόντες
3149 4532 3559 4601 δοξολογήσουσι
3579 4574 3593 4595 ,
3627 4530 3794 4599 φησι,

2205 4631 2295 4684 τὸν
2342 4630 2569 4701 Κύριον,
2620 4630 2714 4682 καὶ
2764 4630 2812 4682 oi
2863 4627 3186 4694 συνάγοντες
3248 4625 3464 4677 πίονται
3525 4621 3668 4676 αὐτὰ
3728 4621 3796 4673 ὲν

2205 4724 2325 4785 ταῖς
2365 4721 2627 4776 ὲπαύλεσι
2670 4720 2790 4784 ταῖς
2832 4719 3037 4786 ἁγίαις.
3100 4737 3118 4770 ι
3184 4715 3611 4786 Ἐντρυφήσουσι
3679 4712 3801 4781 γὰρ

2211 4815 2329 4876 ταῖς
2359 4812 2471 4867 ἄνω
2523 4812 2712 4884 μοναῐς
2749 4813 2796 4863 οἱ
2835 4811 2932 4881 τῆς
2976 4807 3253 4882 ὲξαιρέτου
3289 4804 3432 4874 ζωῆς
3478 4804 3799 4874 ἁποτρυγή-

2141 4877 2185 4932 D
2216 4919 2407 4965 ταντες
2455 4877 2536 4955 τὰ.
2575 4877 2900 4972 αὐχήματα,
2948 4902 3044 4954 καὶ
3083 4877 3206 4962 τοὺς
3250 4898 3350 4968 τῆς
3385 4896 3550 4969 ὀρθῆς
3588 4912 3649 4949 τε
3697 4896 3802 4949 καὶ

606 5082 773 5137 Vens.
816 5082 903 5136 10.
944 5081 1026 5137 Ite
1055 5098 1144 5147 per
1172 5096 1352 5153 portas
1372 5103 1541 5152 meas,
1582 5097 1628 5139 et
1665 5087 1797 5141 viam
1840 5088 1999 5154 facile
2020 5105 2107 5157 po-

531 5173 656 5244 pulo
685 5189 817 5238 meo,
844 5184 891 5227 et
930 5174 1126 5242 lapides
1172 5178 1235 5230 de
1270 5178 1354 5231 via
1381 5178 1641 5247 projicite.
1685 5178 1854 5232 tollite
1899 5181 2104 5249 signum

534 5266 602 5317 ad
644 5276 838 5333 gentes.
892 5265 1023 5319 Ecce
1067 5270 1203 5320 enim
1260 5267 1516 5322 Dominus
1565 5269 1683 5336 fecit
1749 5280 1806 5321 ut
1854 5270 2109 5323 audiatur

534 5372 699 5427 usque
722 5359 788 5409 ad
814 5367 1104 5411 extremum
1139 5371 1311 5413 terra.

609 5533 759 5603 Ipsos
774 5536 884 5604 jam
910 5537 1162 5591 custodes
1197 5552 1291 5592 seu
1322 5538 1576 5595 doctores
1606 5539 1916 5609 compellat.
1949 5538 2112 5594 lubet

536 5624 683 5679 enim
711 5625 954 5692 pateﬁeri
988 5638 1191 5683 sancta:
1217 5629 1455 5684 civitatis
1493 5629 1696 5696 aditus,
1731 5640 1787 5685 et
1831 5644 2111 5685 accessum

538 5715 759 5785 planum
782 5728 838 5772 et
870 5720 1184 5787 expeditqu
1215 5721 1414 5786 facere,
1455 5721 1684 5778 remoris
1730 5722 2115 5779 etoll'ensioni-

606 5882 633 5931 ’ί
664 5898 823 5957 Μίςιι.
857 5917 931 5966 v1,
1138 5905 1157 5933 ’
1189 5903 1329 5960 Psa..
1357 5920 1559 5973 cxxvu,
1599 5906 1653 5961 ‘2.
1732 5908 1750 5938 ³
1786 5905 1959 5961 Gaiat.
1998 5921 2069 5975 vr,
2106 5907 2159 5962 8.

2208 4995 2510 5066 ἀμωμήτου
2536 4993 2769 5055 πίστεως
2799 4993 3043 5058 καρποὺς
3075 4990 3511 5060 συναγείροντες.

2279 5087 2615 5154 Πορεύεσθε
2643 5085 2741 5138 διὰ
2780 5084 2901 5137 τῶν
2943 5082 3155 5137 πυλῶν
3201 5099 3344 5151 μου,
3379 5081 3477 5133 καὶ
3518 5078 3801 5145 ὁδοποιὴ-

2212 5194 2359 5231 σατε
2400 5174 2479 5241 τῷ
2510 5176 2637 5243 λαῷ
2672 5193 2813 5244 μου,
2844 5174 2940 5228 καὶ
2974 5174 3117 5238 τοὺς
3150 5174 3360 5239 λίθους
3396 5172 3539 5239 τοὺς
3574 5172 3645 5223 ἐκ
3689 5169 3803 5237 τῆς

2213 5269 2357 5324 ὀδοῦ
2386 5267 2759 5337 διαρῤίψατε,
2787 5265 3039 5335 ἐξάρατε
3063 5267 3392 5334 σύσσημον
3417 5266 3505 5329 εὶς
3531 5265 3602 5318 τὰ
3628 5264 3798 5329 ἔθνη.

2220 5360 2367 5416 Ἰδοὺ
2403 5362 2512 5429 γὰρ
2547 5362 2763 5428 Κύριος
2797 5358 3090 5426 ἐποίησεν
3114 5357 3443 5419 ἀκουστὸν,
3478 5356 3589 5422 ἕως
3618 5355 3804 5423 ἐσχά-

2212 5468 2315 5505 του
2359 5448 2467 5518 τῆς
2508 5449 2642 5517 γῆς.

2282 5542 2474 5605 Αὑτοῖς
2505 5541 2606 5611 ’ήδη
2644 5543 2756 5604 τοῖς
2793 5539 3041 5611 φύλαξιν,
3085 5541 3256 5609 ἤγουν
3295 5539 3638 5602 διδασκάλοις
3684 5540 3803 5591 ἐπι-

2215 5631 2416 5699 φωνεῖ*
2462 5628 2801 5701 προστέταχε
2847 5628 2956 5700 γὰρ
3006 5630 3293 5698 ἀνοιγῆναι
3343 5628 3442 5697 μὲν
3488 5628 3586 5697 τῆς
3637 5626 3801 5694 ἁγίας

2215 5724 2420 5788 πόλεως
2449 5722 2546 5786 τὰς
2585 5721 2855 5788 εἰσϐολὰς,
2879 5721 3042 5794 ψιλὴν
3070 5722 3125 5776 δὲ
3174 5722 3268 5776 καὶ
3296 5722 3580 5793 εὐήλατον,
3617 5721 3709 5771 καὶ
3735 5719 3799 5788 δὴ
