  <div class='ocr_page' id='page_1' title='image "/cluster/home/n/w/nwhite01/storage/ocr_20150623/70/hvd.32044019207901/696.png"; bbox 0 0 4096 6482; ppageno 0'>
   <div class='ocr_carea' id='block_1_1' title="bbox 277 303 1878 375">
    <p class='ocr_par' dir='ltr' id='par_1_1' title="bbox 277 310 1878 375">
     <span class='ocr_line' id='line_1_1' title="bbox 277 310 1878 375; baseline -0.005 -1"><span class='ocrx_word' id='word_1_1' title='bbox 277 315 422 375; x_wconf 46' lang='grc'><strong>1⁷577</strong></span> <span class='ocrx_word' id='word_1_2' title='bbox 1408 315 1477 369; x_wconf 80' lang='grc' dir='ltr'><strong>ΙΝ</strong></span> <span class='ocrx_word' id='word_1_3' title='bbox 1518 312 1749 371; x_wconf 73' lang='lat' dir='ltr'><strong>ISAIAM</strong></span> <span class='ocrx_word' id='word_1_4' title='bbox 1790 310 1878 367; x_wconf 79' lang='lat' dir='ltr'><strong>LII</strong></span> 
     </span>
    </p>
   </div>
   <div class='ocr_carea' id='block_1_2' title="bbox 1981 303 3552 375">
    <p class='ocr_par' dir='ltr' id='par_1_2' title="bbox 1981 303 3552 368">
     <span class='ocr_line' id='line_1_2' title="bbox 1981 303 3552 368; baseline -0.006 0"><span class='ocrx_word' id='word_1_5' title='bbox 1981 312 2033 368; x_wconf 70' lang='grc' dir='ltr'>ν.</span> <span class='ocrx_word' id='word_1_6' title='bbox 2072 306 2312 365; x_wconf 78' lang='lat' dir='ltr'><strong>TOMUS</strong></span> <span class='ocrx_word' id='word_1_7' title='bbox 2354 307 2418 363; x_wconf 79' lang='grc' dir='ltr'><strong>ν.</strong></span> <span class='ocrx_word' id='word_1_8' title='bbox 3416 303 3552 360; x_wconf 75' lang='grc'><strong>1578</strong></span> 
     </span>
    </p>
   </div>
   <div class='ocr_carea' id='block_1_3' title="bbox 274 423 1878 507">
    <p class='ocr_par' dir='ltr' id='par_1_3' title="bbox 274 431 1873 507">
     <span class='ocr_line' id='line_1_3' title="bbox 274 431 1873 507; baseline -0.004 -16"><span class='ocrx_word' id='word_1_9' title='bbox 274 436 645 507; x_wconf 58' lang='grc' dir='ltr'>λπταισμάτων</span> <span class='ocrx_word' id='word_1_10' title='bbox 716 434 1007 506; x_wconf 75' lang='grc' dir='ltr'><strong>ἐλευθέραν</strong></span> <span class='ocrx_word' id='word_1_11' title='bbox 1056 435 1166 497; x_wconf 86' lang='grc' dir='ltr'>τοῖς</span> <span class='ocrx_word' id='word_1_12' title='bbox 1222 432 1524 487; x_wconf 74' lang='grc' dir='ltr'>είσόάλλειν</span> <span class='ocrx_word' id='word_1_13' title='bbox 1600 431 1873 485; x_wconf 80' lang='grc' dir='ltr'>ἐθέλουσιν</span> 
     </span>
    </p>
   </div>
   <div class='ocr_carea' id='block_1_4' title="bbox 1981 423 3551 507">
    <p class='ocr_par' dir='ltr' id='par_1_4' title="bbox 1981 423 3551 495">
     <span class='ocr_line' id='line_1_4' title="bbox 1981 423 3551 495; baseline -0.004 -14"><span class='ocrx_word' id='word_1_14' title='bbox 1981 430 2080 482; x_wconf 90' lang='lat' dir='ltr'><strong>lms</strong></span> <span class='ocrx_word' id='word_1_15' title='bbox 2129 442 2383 490; x_wconf 87' lang='lat' dir='ltr'><strong>vacuum,</strong></span> <span class='ocrx_word' id='word_1_16' title='bbox 2433 426 2519 480; x_wconf 90' lang='lat' dir='ltr'><strong>his</strong></span> <span class='ocrx_word' id='word_1_17' title='bbox 2556 425 2649 495; x_wconf 85' lang='lat' dir='ltr'><strong>qui</strong></span> <span class='ocrx_word' id='word_1_18' title='bbox 2694 425 2877 480; x_wconf 86' lang='lat' dir='ltr'><strong>velunt</strong></span> <span class='ocrx_word' id='word_1_19' title='bbox 2928 424 3174 495; x_wconf 69' lang='lat' dir='ltr'><strong>ingredi;</strong></span> <span class='ocrx_word' id='word_1_20' title='bbox 3214 438 3308 493; x_wconf 77' lang='lat' dir='ltr'><strong>per</strong></span> <span class='ocrx_word' id='word_1_21' title='bbox 3348 423 3551 488; x_wconf 84' lang='lat' dir='ltr'><strong>lapides</strong></span> 
     </span>
    </p>
   </div>
   <div class='ocr_carea' id='block_1_5' title="bbox 285 513 1878 596">
    <p class='ocr_par' dir='ltr' id='par_1_5' title="bbox 285 521 1871 596">
     <span class='ocr_line' id='line_1_5' title="bbox 285 521 1871 596; baseline -0.004 -16"><span class='ocrx_word' id='word_1_22' title='bbox 285 527 563 596; x_wconf 76' lang='grc' dir='ltr'>ἀποφῆναι</span> <span class='ocrx_word' id='word_1_23' title='bbox 596 524 694 596; x_wconf 81' lang='grc' dir='ltr'>τὴν</span> <span class='ocrx_word' id='word_1_24' title='bbox 725 524 1045 596; x_wconf 67' lang='grc' dir='ltr'>εἰσδρομὴν·</span> <span class='ocrx_word' id='word_1_25' title='bbox 1072 523 1160 576; x_wconf 85' lang='grc' dir='ltr'>διὰ</span> <span class='ocrx_word' id='word_1_26' title='bbox 1185 524 1292 593; x_wconf 81' lang='grc' dir='ltr'><strong>γάρ</strong></span> <span class='ocrx_word' id='word_1_27' title='bbox 1321 541 1401 576; x_wconf 87' lang='grc' dir='ltr'><strong>τοι</strong></span> <span class='ocrx_word' id='word_1_28' title='bbox 1418 523 1524 575; x_wconf 86' lang='grc' dir='ltr'><strong>τῶν</strong></span> <span class='ocrx_word' id='word_1_29' title='bbox 1553 522 1715 575; x_wconf 86' lang='grc' dir='ltr'>λίθων</span> <span class='ocrx_word' id='word_1_30' title='bbox 1742 521 1871 574; x_wconf 81' lang='grc' dir='ltr'>ὑπο-</span> 
     </span>
    </p>
   </div>
   <div class='ocr_carea' id='block_1_6' title="bbox 1981 513 3552 596">
    <p class='ocr_par' dir='ltr' id='par_1_6' title="bbox 1981 513 3552 585">
     <span class='ocr_line' id='line_1_6' title="bbox 1981 513 3552 585; baseline -0.005 -11"><span class='ocrx_word' id='word_1_31' title='bbox 1981 520 2122 575; x_wconf 87' lang='lat' dir='ltr'><strong>enim</strong></span> <span class='ocrx_word' id='word_1_32' title='bbox 2174 519 2457 574; x_wconf 86' lang='lat' dir='ltr'><strong>subinnuit</strong></span> <span class='ocrx_word' id='word_1_33' title='bbox 2489 516 2767 572; x_wconf 82' lang='lat' dir='ltr'><strong>scandala.</strong></span> <span class='ocrx_word' id='word_1_34' title='bbox 2830 516 2888 570; x_wconf 80' lang='lat' dir='ltr'><strong>Si</strong></span> <span class='ocrx_word' id='word_1_35' title='bbox 2949 516 3073 585; x_wconf 74' lang='lat' dir='ltr'><strong>quis</strong></span> <span class='ocrx_word' id='word_1_36' title='bbox 3123 516 3266 569; x_wconf 86' lang='lat' dir='ltr'><strong>enim</strong></span> <span class='ocrx_word' id='word_1_37' title='bbox 3317 513 3552 583; x_wconf 67' lang='lat' dir='ltr'><strong>evetttpli</strong></span> 
     </span>
    </p>
   </div>
   <div class='ocr_carea' id='block_1_7' title="bbox 284 604 1878 690">
    <p class='ocr_par' dir='ltr' id='par_1_7' title="bbox 284 612 1872 690">
     <span class='ocr_line' id='line_1_7' title="bbox 284 612 1872 690; baseline -0.006 -18"><span class='ocrx_word' id='word_1_38' title='bbox 284 621 437 690; x_wconf 80' lang='grc' dir='ltr'>δηλοῖ</span> <span class='ocrx_word' id='word_1_39' title='bbox 468 618 538 671; x_wconf 81' lang='grc' dir='ltr'><strong>τὰ</strong></span> <span class='ocrx_word' id='word_1_40' title='bbox 584 617 874 671; x_wconf 76' lang='grc' dir='ltr'>σκάνδαλα.</span> <span class='ocrx_word' id='word_1_41' title='bbox 924 615 988 669; x_wconf 77' lang='grc' dir='ltr'><strong>Εἰ</strong></span> <span class='ocrx_word' id='word_1_42' title='bbox 1042 616 1141 686; x_wconf 78' lang='grc' dir='ltr'>μὲν</span> <span class='ocrx_word' id='word_1_43' title='bbox 1190 616 1299 686; x_wconf 83' lang='grc' dir='ltr'><strong>γάρ</strong></span> <span class='ocrx_word' id='word_1_44' title='bbox 1344 633 1428 679; x_wconf 85' lang='grc' dir='ltr'><strong>τις</strong></span> <span class='ocrx_word' id='word_1_45' title='bbox 1473 615 1557 685; x_wconf 80' lang='grc' dir='ltr'><strong>εἴη</strong></span> <span class='ocrx_word' id='word_1_46' title='bbox 1604 612 1764 684; x_wconf 84' lang='grc' dir='ltr'>τυχὸν</span> <span class='ocrx_word' id='word_1_47' title='bbox 1808 613 1872 664; x_wconf 87' lang='grc' dir='ltr'><strong>ἐκ</strong></span> 
     </span>
    </p>
   </div>
   <div class='ocr_carea' id='block_1_8' title="bbox 1981 604 3554 690">
    <p class='ocr_par' dir='ltr' id='par_1_8' title="bbox 1981 604 3554 680">
     <span class='ocr_line' id='line_1_8' title="bbox 1981 604 3554 680; baseline -0.007 -11"><span class='ocrx_word' id='word_1_48' title='bbox 1981 629 2161 678; x_wconf 82' lang='lat' dir='ltr'><strong>causa,</strong></span> <span class='ocrx_word' id='word_1_49' title='bbox 2188 628 2251 666; x_wconf 77' lang='lat' dir='ltr'><strong>ex</strong></span> <span class='ocrx_word' id='word_1_50' title='bbox 2296 611 2719 680; x_wconf 68' lang='lat' dir='ltr'><strong>congregatione</strong></span> <span class='ocrx_word' id='word_1_51' title='bbox 2752 608 3059 664; x_wconf 70' lang='lat' dir='ltr'><strong>Judzeornm</strong></span> <span class='ocrx_word' id='word_1_52' title='bbox 3092 616 3314 662; x_wconf 83' lang='lat' dir='ltr'><strong>vocatus</strong></span> <span class='ocrx_word' id='word_1_53' title='bbox 3341 608 3433 670; x_wconf 90' lang='lat' dir='ltr'><strong>sit,</strong></span> <span class='ocrx_word' id='word_1_54' title='bbox 3470 604 3554 659; x_wconf 88' lang='lat' dir='ltr'><strong>of-</strong></span> 
     </span>
    </p>
   </div>
   <div class='ocr_carea' id='block_1_9' title="bbox 286 705 1873 781">
    <p class='ocr_par' dir='ltr' id='par_1_9' title="bbox 286 705 1873 781">
     <span class='ocr_line' id='line_1_9' title="bbox 286 705 1873 781; baseline -0.005 -17"><span class='ocrx_word' id='word_1_55' title='bbox 286 713 386 781; x_wconf 71' lang='grc' dir='ltr'>τῆς</span> <span class='ocrx_word' id='word_1_56' title='bbox 418 710 686 765; x_wconf 81' lang='grc' dir='ltr'>Ἰουδαίων</span> <span class='ocrx_word' id='word_1_57' title='bbox 728 709 931 779; x_wconf 80' lang='grc' dir='ltr'>ἀγέλης</span> <span class='ocrx_word' id='word_1_58' title='bbox 972 708 1332 778; x_wconf 80' lang='grc' dir='ltr'>κεκλημένος.</span> <span class='ocrx_word' id='word_1_59' title='bbox 1375 707 1701 778; x_wconf 86' lang='grc' dir='ltr'>προσπταίει</span> <span class='ocrx_word' id='word_1_60' title='bbox 1743 705 1873 757; x_wconf 86' lang='grc' dir='ltr'>πολ-</span> 
     </span>
    </p>
   </div>
   <div class='ocr_carea' id='block_1_10' title="bbox 286 798 1875 873">
    <p class='ocr_par' dir='ltr' id='par_1_10' title="bbox 286 798 1875 873">
     <span class='ocr_line' id='line_1_10' title="bbox 286 798 1875 873; baseline -0.007 -14"><span class='ocrx_word' id='word_1_61' title='bbox 286 804 446 866; x_wconf 85' lang='grc' dir='ltr'>λάκις</span> <span class='ocrx_word' id='word_1_62' title='bbox 468 805 579 867; x_wconf 81' lang='grc' dir='ltr'>τοῖς</span> <span class='ocrx_word' id='word_1_63' title='bbox 605 803 846 873; x_wconf 83' lang='grc' dir='ltr'><strong>νομικοῖς</strong></span> <span class='ocrx_word' id='word_1_64' title='bbox 870 799 1217 871; x_wconf 84' lang='grc' dir='ltr'>ἐντάλμασιν,</span> <span class='ocrx_word' id='word_1_65' title='bbox 1240 799 1610 869; x_wconf 84' lang='grc' dir='ltr'>ἐμφιλοχωρεῖ</span> <span class='ocrx_word' id='word_1_66' title='bbox 1639 798 1746 867; x_wconf 82' lang='grc' dir='ltr'>γὰρ</span> <span class='ocrx_word' id='word_1_67' title='bbox 1764 799 1875 859; x_wconf 78' lang='grc' dir='ltr'>τοῖς</span> 
     </span>
    </p>
   </div>
   <div class='ocr_carea' id='block_1_11' title="bbox 275 890 1874 964">
    <p class='ocr_par' dir='ltr' id='par_1_11' title="bbox 275 890 1874 964">
     <span class='ocr_line' id='line_1_11' title="bbox 275 890 1874 964; baseline -0.006 -13"><span class='ocrx_word' id='word_1_68' title='bbox 275 897 503 961; x_wconf 81' lang='grc' dir='ltr'>τύποις,</span> <span class='ocrx_word' id='word_1_69' title='bbox 542 896 638 950; x_wconf 81' lang='grc' dir='ltr'>καὶ</span> <span class='ocrx_word' id='word_1_70' title='bbox 662 891 774 948; x_wconf 77' lang='grc' dir='ltr'>οἷον</span> <span class='ocrx_word' id='word_1_71' title='bbox 814 893 1071 964; x_wconf 73' lang='grc' dir='ltr'>ἐνιξήσας</span> <span class='ocrx_word' id='word_1_72' title='bbox 1106 897 1227 958; x_wconf 88' lang='grc' dir='ltr'>ταῖς</span> <span class='ocrx_word' id='word_1_73' title='bbox 1274 895 1454 953; x_wconf 79' lang='grc' dir='ltr'>σκιαῖς</span> <span class='ocrx_word' id='word_1_74' title='bbox 1501 890 1874 963; x_wconf 83' lang='grc' dir='ltr'>ἀπαράδεκτον</span> 
     </span>
    </p>
   </div>
   <div class='ocr_carea' id='block_1_12' title="bbox 282 982 1875 1061">
    <p class='ocr_par' dir='ltr' id='par_1_12' title="bbox 282 982 1875 1061">
     <span class='ocr_line' id='line_1_12' title="bbox 282 982 1875 1061; baseline -0.006 -16"><span class='ocrx_word' id='word_1_75' title='bbox 282 994 528 1045; x_wconf 66' lang='grc' dir='ltr'>ποιεῖται</span> <span class='ocrx_word' id='word_1_76' title='bbox 565 990 667 1061; x_wconf 81' lang='grc' dir='ltr'><strong>τὴν</strong></span> <span class='ocrx_word' id='word_1_77' title='bbox 701 989 979 1059; x_wconf 84' lang='grc' dir='ltr'>ἀλήθειαν.</span> <span class='ocrx_word' id='word_1_78' title='bbox 1024 989 1085 1040; x_wconf 86' lang='lat' dir='ltr'><strong>El</strong></span> <span class='ocrx_word' id='word_1_79' title='bbox 1124 988 1180 1040; x_wconf 83' lang='grc' dir='ltr'>δὲ</span> <span class='ocrx_word' id='word_1_80' title='bbox 1212 988 1276 1057; x_wconf 86' lang='grc' dir='ltr'>δή</span> <span class='ocrx_word' id='word_1_81' title='bbox 1312 982 1457 1057; x_wconf 80' lang='grc' dir='ltr'>τιςῇ</span> <span class='ocrx_word' id='word_1_82' title='bbox 1500 984 1609 1039; x_wconf 82' lang='grc' dir='ltr'><strong>τῶν</strong></span> <span class='ocrx_word' id='word_1_83' title='bbox 1645 987 1708 1037; x_wconf 89' lang='grc' dir='ltr'><strong>ἐκ</strong></span> <span class='ocrx_word' id='word_1_84' title='bbox 1735 983 1875 1054; x_wconf 88' lang='grc' dir='ltr'>πλη-</span> 
     </span>
    </p>
   </div>
   <div class='ocr_carea' id='block_1_13' title="bbox 275 1073 1875 1152">
    <p class='ocr_par' dir='ltr' id='par_1_13' title="bbox 275 1073 1875 1152">
     <span class='ocr_line' id='line_1_13' title="bbox 275 1073 1875 1152; baseline -0.005 -15"><span class='ocrx_word' id='word_1_85' title='bbox 275 1083 421 1147; x_wconf 66' lang='grc' dir='ltr'><strong>ςθύος</strong></span> <span class='ocrx_word' id='word_1_86' title='bbox 481 1082 804 1152; x_wconf 84' lang='grc' dir='ltr'>ἐλληνικῆς,</span> <span class='ocrx_word' id='word_1_87' title='bbox 879 1080 1209 1152; x_wconf 83' lang='grc' dir='ltr'>προσπταίει</span> <span class='ocrx_word' id='word_1_88' title='bbox 1271 1080 1365 1133; x_wconf 68' lang='grc' dir='ltr'>καὶ</span> <span class='ocrx_word' id='word_1_89' title='bbox 1407 1073 1562 1142; x_wconf 71' lang='grc' dir='ltr'>οὗτος</span> <span class='ocrx_word' id='word_1_90' title='bbox 1619 1078 1698 1149; x_wconf 77' lang='grc' dir='ltr'>τῷ</span> <span class='ocrx_word' id='word_1_91' title='bbox 1739 1077 1875 1147; x_wconf 83' lang='grc' dir='ltr'>ξένῳ</span> 
     </span>
    </p>
   </div>
   <div class='ocr_carea' id='block_1_14' title="bbox 286 1169 1875 1246">
    <p class='ocr_par' dir='ltr' id='par_1_14' title="bbox 286 1169 1875 1246">
     <span class='ocr_line' id='line_1_14' title="bbox 286 1169 1875 1246; baseline 0.012 -23"><span class='ocrx_word' id='word_1_92' title='bbox 286 1175 393 1246; x_wconf 67' lang='grc' dir='ltr'>τῆς</span> <span class='ocrx_word' id='word_1_93' title='bbox 436 1174 803 1238; x_wconf 77' lang='grc' dir='ltr'><strong>διδασκαλίας,</strong></span> <span class='ocrx_word' id='word_1_94' title='bbox 847 1173 1069 1244; x_wconf 77' lang='grc' dir='ltr'>θορυὸεῐ</span> <span class='ocrx_word' id='word_1_95' title='bbox 1107 1186 1164 1225; x_wconf 88' lang='grc' dir='ltr'><strong>τε</strong></span> <span class='ocrx_word' id='word_1_96' title='bbox 1203 1172 1321 1226; x_wconf 89' lang='grc' dir='ltr'>λίαν</span> <span class='ocrx_word' id='word_1_97' title='bbox 1353 1171 1515 1225; x_wconf 71' lang='grc' dir='ltr'>αὐτὸν</span> <span class='ocrx_word' id='word_1_98' title='bbox 1546 1170 1609 1224; x_wconf 83' lang='grc' dir='ltr'>τὸ</span> <span class='ocrx_word' id='word_1_99' title='bbox 1645 1169 1875 1238; x_wconf 80' lang='grc' dir='ltr'>σύνηθες</span> 
     </span>
    </p>
   </div>
   <div class='ocr_carea' id='block_1_15' title="bbox 294 1260 1877 1339">
    <p class='ocr_par' dir='ltr' id='par_1_15' title="bbox 294 1260 1877 1339">
     <span class='ocr_line' id='line_1_15' title="bbox 294 1260 1877 1339; baseline 0.021 -20"><span class='ocrx_word' id='word_1_100' title='bbox 294 1268 395 1337; x_wconf 73' lang='grc' dir='ltr'><strong>τῆς</strong></span> <span class='ocrx_word' id='word_1_101' title='bbox 434 1266 706 1339; x_wconf 73' lang='grc' dir='ltr'><strong>λατρείας,</strong></span> <span class='ocrx_word' id='word_1_102' title='bbox 747 1266 779 1337; x_wconf 78' lang='grc' dir='ltr'>ἢ</span> <span class='ocrx_word' id='word_1_103' title='bbox 814 1267 954 1335; x_wconf 79' lang='grc' dir='ltr'>τάχα</span> <span class='ocrx_word' id='word_1_104' title='bbox 982 1283 1086 1319; x_wconf 82' lang='grc' dir='ltr'><strong>που</strong></span> <span class='ocrx_word' id='word_1_105' title='bbox 1117 1266 1211 1319; x_wconf 59' lang='grc' dir='ltr'><strong>καὶ</strong></span> <span class='ocrx_word' id='word_1_106' title='bbox 1246 1266 1520 1335; x_wconf 67' lang='grc' dir='ltr'><strong>μέμνηται</strong></span> <span class='ocrx_word' id='word_1_107' title='bbox 1551 1264 1746 1331; x_wconf 60' lang='grc' dir='ltr'><strong>λόγων’</strong></span> <span class='ocrx_word' id='word_1_108' title='bbox 1783 1260 1877 1325; x_wconf 61' lang='grc' dir='ltr'><strong>οὓς</strong></span> 
     </span>
    </p>
   </div>
   <div class='ocr_carea' id='block_1_16' title="bbox 295 1353 1878 1428">
    <p class='ocr_par' dir='ltr' id='par_1_16' title="bbox 295 1353 1878 1428">
     <span class='ocr_line' id='line_1_16' title="bbox 295 1353 1878 1428; baseline -0.004 -15"><span class='ocrx_word' id='word_1_109' title='bbox 295 1360 390 1413; x_wconf 83' lang='grc' dir='ltr'><strong>ἐπί</strong></span> <span class='ocrx_word' id='word_1_110' title='bbox 416 1377 479 1428; x_wconf 89' lang='grc' dir='ltr'><strong>γε</strong></span> <span class='ocrx_word' id='word_1_111' title='bbox 514 1362 627 1421; x_wconf 88' lang='grc' dir='ltr'>τοῖς</span> <span class='ocrx_word' id='word_1_112' title='bbox 655 1358 804 1426; x_wconf 82' lang='grc' dir='ltr'>σφῶν</span> <span class='ocrx_word' id='word_1_113' title='bbox 836 1357 1015 1411; x_wconf 83' lang='grc' dir='ltr'>αὐτῶν</span> <span class='ocrx_word' id='word_1_114' title='bbox 1044 1357 1323 1417; x_wconf 77' lang='grc' dir='ltr'>ποιοῦνται</span> <span class='ocrx_word' id='word_1_115' title='bbox 1360 1356 1499 1417; x_wconf 80' lang='grc' dir='ltr'>θεοῖς</span> <span class='ocrx_word' id='word_1_116' title='bbox 1529 1358 1589 1422; x_wconf 73' lang='grc' dir='ltr'>οξ,</span> <span class='ocrx_word' id='word_1_117' title='bbox 1615 1353 1746 1424; x_wconf 85' lang='grc' dir='ltr'>παρ’</span> <span class='ocrx_word' id='word_1_118' title='bbox 1782 1354 1878 1408; x_wconf 81' lang='grc' dir='ltr'>αύ-</span> 
     </span>
    </p>
   </div>
   <div class='ocr_carea' id='block_1_17' title="bbox 296 1446 1875 1520">
    <p class='ocr_par' dir='ltr' id='par_1_17' title="bbox 296 1446 1875 1520">
     <span class='ocr_line' id='line_1_17' title="bbox 296 1446 1875 1520; baseline -0.005 -15"><span class='ocrx_word' id='word_1_119' title='bbox 296 1455 410 1515; x_wconf 69' lang='grc' dir='ltr'>τοῖς</span> <span class='ocrx_word' id='word_1_120' title='bbox 445 1450 687 1519; x_wconf 83' lang='grc' dir='ltr'><strong>λογάδες.</strong></span> <span class='ocrx_word' id='word_1_121' title='bbox 726 1449 997 1511; x_wconf 84' lang='grc' dir='ltr'>Παλαιοὺς</span> <span class='ocrx_word' id='word_1_122' title='bbox 1042 1449 1152 1520; x_wconf 83' lang='grc' dir='ltr'><strong>γάρ</strong></span> <span class='ocrx_word' id='word_1_123' title='bbox 1200 1448 1293 1501; x_wconf 63' lang='grc' dir='ltr'><strong>καὶ⁵</strong></span> <span class='ocrx_word' id='word_1_124' title='bbox 1327 1446 1707 1516; x_wconf 77' lang='grc' dir='ltr'><strong>γεγηρακότας</strong></span> <span class='ocrx_word' id='word_1_125' title='bbox 1745 1461 1875 1512; x_wconf 85' lang='grc' dir='ltr'>συγ-</span> 
     </span>
    </p>
   </div>
   <div class='ocr_carea' id='block_1_18' title="bbox 299 1537 1879 1612">
    <p class='ocr_par' dir='ltr' id='par_1_18' title="bbox 299 1537 1879 1612">
     <span class='ocr_line' id='line_1_18' title="bbox 299 1537 1879 1612; baseline -0.005 -16"><span class='ocrx_word' id='word_1_126' title='bbox 299 1543 609 1612; x_wconf 77' lang='grc' dir='ltr'>γεγράφασι</span> <span class='ocrx_word' id='word_1_127' title='bbox 648 1541 850 1611; x_wconf 80' lang='grc' dir='ltr'><strong>μύθους</strong></span> <span class='ocrx_word' id='word_1_128' title='bbox 879 1540 1210 1603; x_wconf 80' lang='grc' dir='ltr'>πλανῶντες,</span> <span class='ocrx_word' id='word_1_129' title='bbox 1242 1540 1335 1593; x_wconf 78' lang='grc' dir='ltr'>καὶ</span> <span class='ocrx_word' id='word_1_130' title='bbox 1376 1537 1745 1607; x_wconf 84' lang='grc' dir='ltr'>πλανώμενοι,</span> <span class='ocrx_word' id='word_1_131' title='bbox 1786 1537 1879 1589; x_wconf 74' lang='grc' dir='ltr'>καὶ</span> 
     </span>
    </p>
   </div>
   <div class='ocr_carea' id='block_1_19' title="bbox 296 1629 1877 1704">
    <p class='ocr_par' dir='ltr' id='par_1_19' title="bbox 296 1629 1877 1704">
     <span class='ocr_line' id='line_1_19' title="bbox 296 1629 1877 1704; baseline -0.004 -16"><span class='ocrx_word' id='word_1_132' title='bbox 296 1634 606 1704; x_wconf 76' lang='grc' dir='ltr'>διαδολικῆς</span> <span class='ocrx_word' id='word_1_133' title='bbox 645 1633 843 1704; x_wconf 80' lang='grc' dir='ltr'><strong>ἀχλύος</strong></span> <span class='ocrx_word' id='word_1_134' title='bbox 873 1634 1321 1704; x_wconf 79' lang='grc' dir='ltr'>ἀναπιμπλάντες</span> <span class='ocrx_word' id='word_1_135' title='bbox 1360 1632 1458 1703; x_wconf 85' lang='grc' dir='ltr'>τὴν</span> <span class='ocrx_word' id='word_1_136' title='bbox 1491 1632 1615 1701; x_wconf 85' lang='grc' dir='ltr'>γῆν.</span> <span class='ocrx_word' id='word_1_137' title='bbox 1658 1629 1798 1682; x_wconf 81' lang='grc' dir='ltr'>Ἀλλ’</span> <span class='ocrx_word' id='word_1_138' title='bbox 1828 1631 1877 1683; x_wconf 77' lang='grc' dir='ltr'>οἱ</span> 
     </span>
    </p>
   </div>
   <div class='ocr_carea' id='block_1_20' title="bbox 298 1722 1879 1798">
    <p class='ocr_par' dir='ltr' id='par_1_20' title="bbox 298 1722 1879 1798">
     <span class='ocr_line' id='line_1_20' title="bbox 298 1722 1879 1798; baseline -0.004 -17"><span class='ocrx_word' id='word_1_139' title='bbox 298 1727 547 1798; x_wconf 82' lang='grc' dir='ltr'>νηφάλιοι</span> <span class='ocrx_word' id='word_1_140' title='bbox 576 1726 833 1795; x_wconf 81' lang='grc' dir='ltr'>φύλακες,</span> <span class='ocrx_word' id='word_1_141' title='bbox 866 1728 960 1779; x_wconf 51' lang='grc' dir='ltr'><strong>καὶ⁸</strong></span> <span class='ocrx_word' id='word_1_142' title='bbox 998 1726 1347 1796; x_wconf 78' lang='grc' dir='ltr'>μυσταγωγοὶ</span> <span class='ocrx_word' id='word_1_143' title='bbox 1376 1724 1477 1787; x_wconf 81' lang='grc' dir='ltr'><strong>τὰς</strong></span> <span class='ocrx_word' id='word_1_144' title='bbox 1507 1723 1617 1777; x_wconf 86' lang='grc' dir='ltr'><strong>τῶν</strong></span> <span class='ocrx_word' id='word_1_145' title='bbox 1651 1722 1879 1776; x_wconf 77' lang='grc' dir='ltr'>σκανδάο</span> 
     </span>
    </p>
   </div>
   <div class='ocr_carea' id='block_1_21' title="bbox 1974 701 3556 772">
    <p class='ocr_par' dir='ltr' id='par_1_21' title="bbox 1974 701 3556 772">
     <span class='ocr_line' id='line_1_21' title="bbox 1974 701 3556 772; baseline -0.006 -12"><span class='ocrx_word' id='word_1_146' title='bbox 1974 705 2145 760; x_wconf 84' lang='lat' dir='ltr'><strong>fendit</strong></span> <span class='ocrx_word' id='word_1_147' title='bbox 2191 703 2417 760; x_wconf 83' lang='lat' dir='ltr'><strong>subinde</strong></span> <span class='ocrx_word' id='word_1_148' title='bbox 2473 704 2541 757; x_wconf 89' lang='lat' dir='ltr'><strong>ad</strong></span> <span class='ocrx_word' id='word_1_149' title='bbox 2596 702 2729 772; x_wconf 70' lang='lat' dir='ltr'><strong>legis</strong></span> <span class='ocrx_word' id='word_1_150' title='bbox 2774 710 3081 771; x_wconf 67' lang='lat' dir='ltr'><strong>praecepta,</strong></span> <span class='ocrx_word' id='word_1_151' title='bbox 3127 708 3183 755; x_wconf 86' lang='lat' dir='ltr'><strong>et</strong></span> <span class='ocrx_word' id='word_1_152' title='bbox 3237 701 3556 754; x_wconf 88' lang='lat' dir='ltr'><strong>immoratur</strong></span> 
     </span>
    </p>
   </div>
   <div class='ocr_carea' id='block_1_22' title="bbox 1977 792 3553 869">
    <p class='ocr_par' dir='ltr' id='par_1_22' title="bbox 1977 792 3553 869">
     <span class='ocr_line' id='line_1_22' title="bbox 1977 792 3553 869; baseline -0.004 -18"><span class='ocrx_word' id='word_1_153' title='bbox 1977 796 2184 869; x_wconf 76' lang='lat' dir='ltr'><strong>figuris,</strong></span> <span class='ocrx_word' id='word_1_154' title='bbox 2215 811 2280 850; x_wconf 87' lang='lat' dir='ltr'><strong>ac</strong></span> <span class='ocrx_word' id='word_1_155' title='bbox 2319 794 2466 850; x_wconf 91' lang='lat' dir='ltr'><strong>velut</strong></span> <span class='ocrx_word' id='word_1_156' title='bbox 2490 794 2700 848; x_wconf 85' lang='lat' dir='ltr'><strong>umbris</strong></span> <span class='ocrx_word' id='word_1_157' title='bbox 2728 794 2998 855; x_wconf 82' lang='lat' dir='ltr'><strong>assidens,</strong></span> <span class='ocrx_word' id='word_1_158' title='bbox 3039 807 3146 847; x_wconf 88' lang='lat' dir='ltr'><strong>non</strong></span> <span class='ocrx_word' id='word_1_159' title='bbox 3190 792 3427 846; x_wconf 72' lang='lat' dir='ltr'><strong>admittit</strong></span> <span class='ocrx_word' id='word_1_160' title='bbox 3460 804 3553 845; x_wconf 62' lang='grc' dir='ltr'>νεα</span> 
     </span>
    </p>
   </div>
   <div class='ocr_carea' id='block_1_23' title="bbox 1977 878 3557 953">
    <p class='ocr_par' dir='ltr' id='par_1_23' title="bbox 1977 878 3557 953">
     <span class='ocr_line' id='line_1_23' title="bbox 1977 878 3557 953; baseline -0.008 -10"><span class='ocrx_word' id='word_1_161' title='bbox 1977 891 2223 943; x_wconf 87' lang='lat' dir='ltr'><strong>ritatetn.</strong></span> <span class='ocrx_word' id='word_1_162' title='bbox 2251 885 2346 940; x_wconf 85' lang='lat' dir='ltr'><strong>Sin</strong></span> <span class='ocrx_word' id='word_1_163' title='bbox 2376 884 2540 939; x_wconf 89' lang='lat' dir='ltr'><strong>fuerit</strong></span> <span class='ocrx_word' id='word_1_164' title='bbox 2567 884 2836 953; x_wconf 84' lang='lat' dir='ltr'><strong>quispiam</strong></span> <span class='ocrx_word' id='word_1_165' title='bbox 2864 899 2929 939; x_wconf 80' lang='lat' dir='ltr'><strong>ex</strong></span> <span class='ocrx_word' id='word_1_166' title='bbox 2968 882 3310 937; x_wconf 69' lang='lat' dir='ltr'><strong>multitudine</strong></span> <span class='ocrx_word' id='word_1_167' title='bbox 3337 878 3557 934; x_wconf 72' lang='lat' dir='ltr'><strong>Graeco-</strong></span> 
     </span>
    </p>
   </div>
   <div class='ocr_carea' id='block_1_24' title="bbox 1978 972 3553 1047">
    <p class='ocr_par' dir='ltr' id='par_1_24' title="bbox 1978 972 3553 1047">
     <span class='ocr_line' id='line_1_24' title="bbox 1978 972 3553 1047; baseline -0.006 -15"><span class='ocrx_word' id='word_1_168' title='bbox 1978 995 2119 1041; x_wconf 90' lang='lat' dir='ltr'><strong>rum,</strong></span> <span class='ocrx_word' id='word_1_169' title='bbox 2165 978 2417 1047; x_wconf 83' lang='lat' dir='ltr'><strong>impingit</strong></span> <span class='ocrx_word' id='word_1_170' title='bbox 2460 976 2623 1030; x_wconf 86' lang='lat' dir='ltr'><strong>etiam</strong></span> <span class='ocrx_word' id='word_1_171' title='bbox 2658 974 2746 1028; x_wconf 89' lang='lat' dir='ltr'><strong>hic</strong></span> <span class='ocrx_word' id='word_1_172' title='bbox 2778 975 2846 1030; x_wconf 83' lang='lat' dir='ltr'><strong>ad</strong></span> <span class='ocrx_word' id='word_1_173' title='bbox 2891 976 3151 1030; x_wconf 75' lang='lat' dir='ltr'><strong>doctrina:</strong></span> <span class='ocrx_word' id='word_1_174' title='bbox 3193 972 3553 1042; x_wconf 70' lang='lat' dir='ltr'><strong>peregrinita-</strong></span> 
     </span>
    </p>
   </div>
   <div class='ocr_carea' id='block_1_25' title="bbox 1976 1066 3558 1129">
    <p class='ocr_par' dir='ltr' id='par_1_25' title="bbox 1976 1066 3558 1129">
     <span class='ocr_line' id='line_1_25' title="bbox 1976 1066 3558 1129; baseline -0.006 -3"><span class='ocrx_word' id='word_1_175' title='bbox 1976 1083 2083 1126; x_wconf 86' lang='lat' dir='ltr'><strong>tem</strong></span> <span class='ocrx_word' id='word_1_176' title='bbox 2115 1081 2170 1126; x_wconf 90' lang='lat' dir='ltr'><strong>el</strong></span> <span class='ocrx_word' id='word_1_177' title='bbox 2203 1071 2379 1124; x_wconf 88' lang='lat' dir='ltr'><strong>cultus</strong></span> <span class='ocrx_word' id='word_1_178' title='bbox 2429 1071 2775 1123; x_wconf 80' lang='lat' dir='ltr'><strong>inconsuetus</strong></span> <span class='ocrx_word' id='word_1_179' title='bbox 2808 1069 2955 1123; x_wconf 92' lang='lat' dir='ltr'><strong>illum</strong></span> <span class='ocrx_word' id='word_1_180' title='bbox 3006 1068 3161 1121; x_wconf 91' lang='lat' dir='ltr'><strong>valde</strong></span> <span class='ocrx_word' id='word_1_181' title='bbox 3208 1066 3409 1129; x_wconf 79' lang='lat' dir='ltr'><strong>turbat,</strong></span> <span class='ocrx_word' id='word_1_182' title='bbox 3445 1078 3558 1117; x_wconf 88' lang='lat' dir='ltr'><strong>me-</strong></span> 
     </span>
    </p>
   </div>
   <div class='ocr_carea' id='block_1_26' title="bbox 1978 1154 3557 1230">
    <p class='ocr_par' dir='ltr' id='par_1_26' title="bbox 1978 1154 3557 1230">
     <span class='ocr_line' id='line_1_26' title="bbox 1978 1154 3557 1230; baseline -0.006 -15"><span class='ocrx_word' id='word_1_183' title='bbox 1978 1175 2204 1230; x_wconf 87' lang='lat' dir='ltr'><strong>morque</strong></span> <span class='ocrx_word' id='word_1_184' title='bbox 2256 1170 2339 1214; x_wconf 90' lang='lat' dir='ltr'><strong>est</strong></span> <span class='ocrx_word' id='word_1_185' title='bbox 2384 1161 2675 1213; x_wconf 79' lang='lat' dir='ltr'><strong>verborum</strong></span> <span class='ocrx_word' id='word_1_186' title='bbox 2742 1174 2862 1227; x_wconf 75' lang='lat' dir='ltr'><strong>qua:</strong></span> <span class='ocrx_word' id='word_1_187' title='bbox 2911 1158 3150 1226; x_wconf 89' lang='lat' dir='ltr'><strong>ipsorum</strong></span> <span class='ocrx_word' id='word_1_188' title='bbox 3196 1168 3450 1223; x_wconf 85' lang='lat' dir='ltr'><strong>proceres</strong></span> <span class='ocrx_word' id='word_1_189' title='bbox 3491 1154 3557 1206; x_wconf 89' lang='lat' dir='ltr'><strong>de</strong></span> 
     </span>
    </p>
   </div>
   <div class='ocr_carea' id='block_1_27' title="bbox 1977 1246 3558 1308">
    <p class='ocr_par' dir='ltr' id='par_1_27' title="bbox 1977 1246 3558 1308">
     <span class='ocr_line' id='line_1_27' title="bbox 1977 1246 3558 1308; baseline -0.007 0"><span class='ocrx_word' id='word_1_190' title='bbox 1977 1254 2091 1308; x_wconf 87' lang='lat' dir='ltr'><strong>suis</strong></span> <span class='ocrx_word' id='word_1_191' title='bbox 2116 1254 2220 1307; x_wconf 87' lang='lat' dir='ltr'><strong>diis</strong></span> <span class='ocrx_word' id='word_1_192' title='bbox 2248 1252 2473 1306; x_wconf 77' lang='lat' dir='ltr'><strong>faciunt.</strong></span> <span class='ocrx_word' id='word_1_193' title='bbox 2511 1250 2646 1304; x_wconf 74' lang='lat' dir='ltr'><strong>Nam</strong></span> <span class='ocrx_word' id='word_1_194' title='bbox 2678 1249 2805 1305; x_wconf 90' lang='lat' dir='ltr'><strong>olim</strong></span> <span class='ocrx_word' id='word_1_195' title='bbox 2837 1249 3093 1303; x_wconf 83' lang='lat' dir='ltr'><strong>fallentes</strong></span> <span class='ocrx_word' id='word_1_196' title='bbox 3115 1259 3170 1301; x_wconf 91' lang='lat' dir='ltr'><strong>et</strong></span> <span class='ocrx_word' id='word_1_197' title='bbox 3204 1246 3346 1308; x_wconf 84' lang='lat' dir='ltr'><strong>falsi,</strong></span> <span class='ocrx_word' id='word_1_198' title='bbox 3372 1261 3437 1299; x_wconf 81' lang='lat' dir='ltr'><strong>ac</strong></span> <span class='ocrx_word' id='word_1_199' title='bbox 3465 1260 3558 1298; x_wconf 50' lang='lat' dir='ltr'><strong>ca.</strong></span> 
     </span>
    </p>
   </div>
   <div class='ocr_carea' id='block_1_28' title="bbox 1978 1338 3559 1417">
    <p class='ocr_par' dir='ltr' id='par_1_28' title="bbox 1978 1338 3559 1417">
     <span class='ocr_line' id='line_1_28' title="bbox 1978 1338 3559 1417; baseline -0.008 -16"><span class='ocrx_word' id='word_1_200' title='bbox 1978 1347 2142 1417; x_wconf 69' lang='lat' dir='ltr'><strong>ligine</strong></span> <span class='ocrx_word' id='word_1_201' title='bbox 2170 1345 2434 1401; x_wconf 82' lang='lat' dir='ltr'><strong>diabolica</strong></span> <span class='ocrx_word' id='word_1_202' title='bbox 2476 1344 2744 1413; x_wconf 85' lang='lat' dir='ltr'><strong>replentes</strong></span> <span class='ocrx_word' id='word_1_203' title='bbox 2772 1353 2996 1402; x_wconf 84' lang='lat' dir='ltr'><strong>terram.</strong></span> <span class='ocrx_word' id='word_1_204' title='bbox 3032 1341 3243 1394; x_wconf 86' lang='lat' dir='ltr'><strong>fabulas</strong></span> <span class='ocrx_word' id='word_1_205' title='bbox 3271 1338 3470 1393; x_wconf 79' lang='lat' dir='ltr'><strong>seniles</strong></span> <span class='ocrx_word' id='word_1_206' title='bbox 3503 1346 3559 1389; x_wconf 85' lang='lat' dir='ltr'><strong>ct</strong></span> 
     </span>
    </p>
   </div>
   <div class='ocr_carea' id='block_1_29' title="bbox 1980 1429 3558 1504">
    <p class='ocr_par' dir='ltr' id='par_1_29' title="bbox 1980 1429 3558 1504">
     <span class='ocr_line' id='line_1_29' title="bbox 1980 1429 3558 1504; baseline -0.006 -13"><span class='ocrx_word' id='word_1_207' title='bbox 1980 1438 2151 1492; x_wconf 82' lang='lat' dir='ltr'><strong>aniles</strong></span> <span class='ocrx_word' id='word_1_208' title='bbox 2192 1436 2661 1504; x_wconf 89' lang='lat' dir='ltr'><strong>conscripserunt.</strong></span> <span class='ocrx_word' id='word_1_209' title='bbox 2721 1433 2990 1489; x_wconf 68' lang='lat' dir='ltr'><strong>Cancrum</strong></span> <span class='ocrx_word' id='word_1_210' title='bbox 3031 1434 3222 1502; x_wconf 76' lang='lat' dir='ltr'><strong>vigiles</strong></span> <span class='ocrx_word' id='word_1_211' title='bbox 3271 1440 3328 1485; x_wconf 90' lang='lat' dir='ltr'><strong>et</strong></span> <span class='ocrx_word' id='word_1_212' title='bbox 3388 1429 3558 1484; x_wconf 82' lang='lat' dir='ltr'><strong>sobrii</strong></span> 
     </span>
    </p>
   </div>
   <div class='ocr_carea' id='block_1_30' title="bbox 1980 1521 3554 1598">
    <p class='ocr_par' dir='ltr' id='par_1_30' title="bbox 1980 1521 3554 1598">
     <span class='ocr_line' id='line_1_30' title="bbox 1980 1521 3554 1598; baseline -0.008 -15"><span class='ocrx_word' id='word_1_213' title='bbox 1980 1528 2232 1583; x_wconf 80' lang='lat' dir='ltr'><strong>custodes</strong></span> <span class='ocrx_word' id='word_1_214' title='bbox 2282 1528 2605 1598; x_wconf 78' lang='lat' dir='ltr'><strong>mystagogi,</strong></span> <span class='ocrx_word' id='word_1_215' title='bbox 2653 1524 3014 1580; x_wconf 80' lang='lat' dir='ltr'><strong>oll‘ensiouum</strong></span> <span class='ocrx_word' id='word_1_216' title='bbox 3067 1532 3124 1578; x_wconf 89' lang='lat' dir='ltr'><strong>et</strong></span> <span class='ocrx_word' id='word_1_217' title='bbox 3173 1521 3554 1579; x_wconf 86' lang='lat' dir='ltr'><strong>scandalorum</strong></span> 
     </span>
    </p>
   </div>
   <div class='ocr_carea' id='block_1_31' title="bbox 1979 1614 3559 1687">
    <p class='ocr_par' dir='ltr' id='par_1_31' title="bbox 1979 1614 3559 1687">
     <span class='ocr_line' id='line_1_31' title="bbox 1979 1614 3559 1687; baseline -0.006 -13"><span class='ocrx_word' id='word_1_218' title='bbox 1979 1620 2292 1675; x_wconf 74' lang='lat' dir='ltr'><strong>occasiones</strong></span> <span class='ocrx_word' id='word_1_219' title='bbox 2319 1630 2627 1687; x_wconf 81' lang='lat' dir='ltr'><strong>amputant,</strong></span> <span class='ocrx_word' id='word_1_220' title='bbox 2660 1618 2872 1681; x_wconf 74' lang='lat' dir='ltr'><strong>singula</strong></span> <span class='ocrx_word' id='word_1_221' title='bbox 2918 1616 3216 1671; x_wconf 77' lang='lat' dir='ltr'><strong>artificiose</strong></span> <span class='ocrx_word' id='word_1_222' title='bbox 3254 1614 3559 1670; x_wconf 80' lang='lat' dir='ltr'><strong>dissolven-</strong></span> 
     </span>
    </p>
   </div>
   <div class='ocr_carea' id='block_1_32' title="bbox 1983 1703 3557 1779">
    <p class='ocr_par' dir='ltr' id='par_1_32' title="bbox 1983 1703 3557 1779">
     <span class='ocr_line' id='line_1_32' title="bbox 1983 1703 3557 1779; baseline -0.005 -15"><span class='ocrx_word' id='word_1_223' title='bbox 1983 1721 2084 1775; x_wconf 89' lang='lat' dir='ltr'><strong>tes,</strong></span> <span class='ocrx_word' id='word_1_224' title='bbox 2104 1727 2223 1779; x_wconf 78' lang='lat' dir='ltr'><strong>qua:</strong></span> <span class='ocrx_word' id='word_1_225' title='bbox 2246 1711 2518 1765; x_wconf 88' lang='lat' dir='ltr'><strong>traditioni</strong></span> <span class='ocrx_word' id='word_1_226' title='bbox 2547 1711 2667 1766; x_wconf 86' lang='lat' dir='ltr'><strong>lidei</strong></span> <span class='ocrx_word' id='word_1_227' title='bbox 2701 1711 2754 1765; x_wconf 91' lang='lat' dir='ltr'><strong>in</strong></span> <span class='ocrx_word' id='word_1_228' title='bbox 2786 1707 3072 1763; x_wconf 85' lang='lat' dir='ltr'><strong>Dominum</strong></span> <span class='ocrx_word' id='word_1_229' title='bbox 3103 1717 3349 1762; x_wconf 89' lang='lat' dir='ltr'><strong>nostrum</strong></span> <span class='ocrx_word' id='word_1_230' title='bbox 3374 1703 3557 1759; x_wconf 81' lang='lat' dir='ltr'><strong>Jesum</strong></span> 
     </span>
    </p>
   </div>
   <div class='ocr_carea' id='block_1_33' title="bbox 299 1798 1878 1890">
    <p class='ocr_par' dir='ltr' id='par_1_33' title="bbox 299 1815 1878 1890">
     <span class='ocr_line' id='line_1_33' title="bbox 299 1815 1878 1890; baseline -0.003 -19"><span class='ocrx_word' id='word_1_231' title='bbox 299 1821 406 1875; x_wconf 89' lang='grc' dir='ltr'><strong>λων</strong></span> <span class='ocrx_word' id='word_1_232' title='bbox 432 1818 857 1890; x_wconf 74' lang='grc' dir='ltr'>περικόπτουσιν</span> <span class='ocrx_word' id='word_1_233' title='bbox 881 1818 1159 1888; x_wconf 81' lang='grc' dir='ltr'>ἀφορμάς,</span> <span class='ocrx_word' id='word_1_234' title='bbox 1196 1818 1404 1871; x_wconf 75' lang='grc' dir='ltr'>ἕκαστα</span> <span class='ocrx_word' id='word_1_235' title='bbox 1435 1816 1653 1878; x_wconf 87' lang='grc' dir='ltr'>λύοντες</span> <span class='ocrx_word' id='word_1_236' title='bbox 1701 1815 1878 1885; x_wconf 77' lang='grc' dir='ltr'>εὐτέχ-</span> 
     </span>
    </p>
   </div>
   <div class='ocr_carea' id='block_1_34' title="bbox 1981 1798 3560 1890">
    <p class='ocr_par' dir='ltr' id='par_1_34' title="bbox 1990 1799 3560 1866">
     <span class='ocr_line' id='line_1_34' title="bbox 1990 1799 3560 1866; baseline -0.006 -7"><span class='ocrx_word' id='word_1_237' title='bbox 1990 1804 2265 1859; x_wconf 88' lang='lat' dir='ltr'><strong>Christutn</strong></span> <span class='ocrx_word' id='word_1_238' title='bbox 2316 1805 2566 1858; x_wconf 85' lang='lat' dir='ltr'><strong>videntur</strong></span> <span class='ocrx_word' id='word_1_239' title='bbox 2615 1805 2912 1859; x_wconf 79' lang='lat' dir='ltr'><strong>adversari.</strong></span> <span class='ocrx_word' id='word_1_240' title='bbox 2965 1801 3077 1856; x_wconf 78' lang='lat' dir='ltr'><strong>Hoc</strong></span> <span class='ocrx_word' id='word_1_241' title='bbox 3139 1799 3367 1866; x_wconf 78' lang='lat' dir='ltr'><strong>faciunt,</strong></span> <span class='ocrx_word' id='word_1_242' title='bbox 3414 1807 3560 1852; x_wconf 84' lang='lat' dir='ltr'><strong>recte</strong></span> 
     </span>
    </p>
   </div>
   <div class='ocr_carea' id='block_1_35' title="bbox 287 1907 1878 1979">
    <p class='ocr_par' dir='ltr' id='par_1_35' title="bbox 287 1907 1878 1979">
     <span class='ocr_line' id='line_1_35' title="bbox 287 1907 1878 1979; baseline -0.005 -13"><span class='ocrx_word' id='word_1_243' title='bbox 287 1930 407 1977; x_wconf 64' lang='grc' dir='ltr'><strong>Δνως</strong></span> <span class='ocrx_word' id='word_1_244' title='bbox 439 1913 507 1966; x_wconf 78' lang='grc' dir='ltr'><strong>τὰ</strong></span> <span class='ocrx_word' id='word_1_245' title='bbox 536 1911 861 1967; x_wconf 79' lang='grc' dir='ltr'>ἁνθεστᾶναι</span> <span class='ocrx_word' id='word_1_246' title='bbox 907 1910 1167 1963; x_wconf 85' lang='grc' dir='ltr'>δοκοῦντα</span> <span class='ocrx_word' id='word_1_247' title='bbox 1201 1912 1268 1979; x_wconf 78' lang='grc' dir='ltr'>τῇ</span> <span class='ocrx_word' id='word_1_248' title='bbox 1308 1907 1603 1979; x_wconf 81' lang='grc' dir='ltr'>παραδόσει</span> <span class='ocrx_word' id='word_1_249' title='bbox 1646 1908 1746 1976; x_wconf 75' lang='grc' dir='ltr'>τῆς</span> <span class='ocrx_word' id='word_1_250' title='bbox 1785 1907 1878 1959; x_wconf 84' lang='grc' dir='ltr'>πί-</span> 
     </span>
    </p>
   </div>
   <div class='ocr_carea' id='block_1_36' title="bbox 304 1997 1876 2074">
    <p class='ocr_par' dir='ltr' id='par_1_36' title="bbox 304 1997 1876 2074">
     <span class='ocr_line' id='line_1_36' title="bbox 304 1997 1876 2074; baseline -0.006 -16"><span class='ocrx_word' id='word_1_251' title='bbox 304 2022 492 2068; x_wconf 76' lang='grc' dir='ltr'>στεως,</span> <span class='ocrx_word' id='word_1_252' title='bbox 520 2004 617 2074; x_wconf 81' lang='grc' dir='ltr'>τῆς</span> <span class='ocrx_word' id='word_1_253' title='bbox 638 2004 719 2066; x_wconf 79' lang='grc' dir='ltr'>εις</span> <span class='ocrx_word' id='word_1_254' title='bbox 741 2003 833 2056; x_wconf 79' lang='grc' dir='ltr'><strong>τὸν</strong></span> <span class='ocrx_word' id='word_1_255' title='bbox 860 2000 1064 2071; x_wconf 81' lang='grc' dir='ltr'>Κύριον</span> <span class='ocrx_word' id='word_1_256' title='bbox 1089 1999 1245 2071; x_wconf 79' lang='grc' dir='ltr'>ἡμῶν</span> <span class='ocrx_word' id='word_1_257' title='bbox 1275 1998 1481 2069; x_wconf 80' lang='grc' dir='ltr'>Ἰησοῦν</span> <span class='ocrx_word' id='word_1_258' title='bbox 1502 1997 1593 2050; x_wconf 73' lang='grc' dir='ltr'>τὸν</span> <span class='ocrx_word' id='word_1_259' title='bbox 1616 1999 1657 2050; x_wconf 85' lang='lat' dir='ltr'><strong>X</strong></span> <span class='ocrx_word' id='word_1_260' title='bbox 1668 1998 1876 2068; x_wconf 84' lang='grc' dir='ltr'>ριστὸν·</span> 
     </span>
    </p>
   </div>
   <div class='ocr_carea' id='block_1_37' title="bbox 286 2087 1880 2164">
    <p class='ocr_par' dir='ltr' id='par_1_37' title="bbox 286 2087 1880 2164">
     <span class='ocr_line' id='line_1_37' title="bbox 286 2087 1880 2164; baseline -0.004 -18"><span class='ocrx_word' id='word_1_261' title='bbox 286 2093 459 2149; x_wconf 56' lang='grc' dir='ltr'>τοῦτο</span> <span class='ocrx_word' id='word_1_262' title='bbox 501 2093 699 2164; x_wconf 80' lang='grc' dir='ltr'>δρῶσιν</span> <span class='ocrx_word' id='word_1_263' title='bbox 739 2091 947 2163; x_wconf 81' lang='grc' dir='ltr'>ὀρθῶς,</span> <span class='ocrx_word' id='word_1_264' title='bbox 991 2090 1285 2157; x_wconf 84' lang='grc' dir='ltr'>λογισμοὺς</span> <span class='ocrx_word' id='word_1_265' title='bbox 1335 2087 1752 2158; x_wconf 82' lang='grc' dir='ltr'>καθαιροῦντες,</span> <span class='ocrx_word' id='word_1_266' title='bbox 1787 2087 1880 2140; x_wconf 61' lang='grc' dir='ltr'><strong>καὶ⁵</strong></span> 
     </span>
    </p>
   </div>
   <div class='ocr_carea' id='block_1_38' title="bbox 302 2177 1878 2255">
    <p class='ocr_par' dir='ltr' id='par_1_38' title="bbox 302 2177 1878 2255">
     <span class='ocr_line' id='line_1_38' title="bbox 302 2177 1878 2255; baseline -0.006 -16"><span class='ocrx_word' id='word_1_267' title='bbox 302 2187 411 2242; x_wconf 77' lang='grc' dir='ltr'>πᾶν</span> <span class='ocrx_word' id='word_1_268' title='bbox 464 2184 665 2255; x_wconf 73' lang='grc' dir='ltr'>ὕψωμα</span> <span class='ocrx_word' id='word_1_269' title='bbox 718 2182 1081 2255; x_wconf 82' lang='grc' dir='ltr'>ἐπαιρόμενον</span> <span class='ocrx_word' id='word_1_270' title='bbox 1139 2180 1281 2235; x_wconf 83' lang='grc' dir='ltr'><strong>κατά</strong></span> <span class='ocrx_word' id='word_1_271' title='bbox 1340 2179 1439 2250; x_wconf 81' lang='grc' dir='ltr'>τῆς</span> <span class='ocrx_word' id='word_1_272' title='bbox 1487 2178 1740 2247; x_wconf 78' lang='grc' dir='ltr'>γνώσεως</span> <span class='ocrx_word' id='word_1_273' title='bbox 1784 2177 1878 2231; x_wconf 87' lang='grc' dir='ltr'><strong>τοῦ</strong></span> 
     </span>
    </p>
   </div>
   <div class='ocr_carea' id='block_1_39' title="bbox 288 2271 1879 2347">
    <p class='ocr_par' dir='ltr' id='par_1_39' title="bbox 288 2271 1879 2347">
     <span class='ocr_line' id='line_1_39' title="bbox 288 2271 1879 2347; baseline -0.006 -15"><span class='ocrx_word' id='word_1_274' title='bbox 288 2278 456 2342; x_wconf 72' lang='grc' dir='ltr'>θεοῦ,</span> <span class='ocrx_word' id='word_1_275' title='bbox 499 2279 594 2332; x_wconf 72' lang='grc' dir='ltr'>καὶ</span> <span class='ocrx_word' id='word_1_276' title='bbox 622 2274 1113 2347; x_wconf 70' lang='grc' dir='ltr'>αἰχμαλωτίζοντες</span> <span class='ocrx_word' id='word_1_277' title='bbox 1146 2274 1255 2326; x_wconf 76' lang='grc' dir='ltr'>πᾶν</span> <span class='ocrx_word' id='word_1_278' title='bbox 1299 2272 1476 2341; x_wconf 85' lang='grc' dir='ltr'>νόημα</span> <span class='ocrx_word' id='word_1_279' title='bbox 1519 2273 1598 2334; x_wconf 82' lang='grc' dir='ltr'><strong>είς</strong></span> <span class='ocrx_word' id='word_1_280' title='bbox 1627 2271 1727 2341; x_wconf 82' lang='grc' dir='ltr'>τὴν</span> <span class='ocrx_word' id='word_1_281' title='bbox 1774 2271 1879 2324; x_wconf 84' lang='grc' dir='ltr'><strong>ὑπ-</strong></span> 
     </span>
    </p>
   </div>
   <div class='ocr_carea' id='block_1_40' title="bbox 290 2360 1877 2440">
    <p class='ocr_par' dir='ltr' id='par_1_40' title="bbox 290 2360 1877 2440">
     <span class='ocr_line' id='line_1_40' title="bbox 290 2360 1877 2440; baseline -0.008 -15"><span class='ocrx_word' id='word_1_282' title='bbox 290 2370 470 2440; x_wconf 84' lang='grc' dir='ltr'>ακοὴν</span> <span class='ocrx_word' id='word_1_283' title='bbox 515 2368 703 2423; x_wconf 83' lang='grc' dir='ltr'>αὐτοῦ.</span> <span class='ocrx_word' id='word_1_284' title='bbox 750 2368 1071 2438; x_wconf 62' lang='grc' dir='ltr'>Εὑρήσομεν</span> <span class='ocrx_word' id='word_1_285' title='bbox 1100 2364 1161 2417; x_wconf 76' lang='grc' dir='ltr'><strong>δέ</strong></span> <span class='ocrx_word' id='word_1_286' title='bbox 1198 2363 1288 2417; x_wconf 82' lang='grc' dir='ltr'>τὸν</span> <span class='ocrx_word' id='word_1_287' title='bbox 1321 2363 1609 2435; x_wconf 82' lang='grc' dir='ltr'>ἱερώτατον</span> <span class='ocrx_word' id='word_1_288' title='bbox 1646 2360 1877 2423; x_wconf 85' lang='grc' dir='ltr'>Παῦλον,</span> 
     </span>
    </p>
   </div>
   <div class='ocr_carea' id='block_1_41' title="bbox 312 2452 1878 2530">
    <p class='ocr_par' dir='ltr' id='par_1_41' title="bbox 312 2452 1878 2530">
     <span class='ocr_line' id='line_1_41' title="bbox 312 2452 1878 2530; baseline -0.008 -14"><span class='ocrx_word' id='word_1_289' title='bbox 312 2460 602 2523; x_wconf 81' lang='grc' dir='ltr'>Ἰουδαίους</span> <span class='ocrx_word' id='word_1_290' title='bbox 663 2460 761 2530; x_wconf 82' lang='grc' dir='ltr'>μὲν</span> <span class='ocrx_word' id='word_1_291' title='bbox 830 2454 1318 2518; x_wconf 84' lang='grc' dir='ltr'>σκανδαλισθὲντας</span> <span class='ocrx_word' id='word_1_292' title='bbox 1379 2452 1878 2525; x_wconf 80' lang='grc' dir='ltr'>ἐπανορθούμενον,</span> 
     </span>
    </p>
   </div>
   <div class='ocr_carea' id='block_1_42' title="bbox 294 2545 1881 2623">
    <p class='ocr_par' dir='ltr' id='par_1_42' title="bbox 294 2545 1881 2623">
     <span class='ocr_line' id='line_1_42' title="bbox 294 2545 1881 2623; baseline -0.008 -16"><span class='ocrx_word' id='word_1_293' title='bbox 294 2552 698 2623; x_wconf 74' lang='grc' dir='ltr'>ἱπιπλήττοντα</span> <span class='ocrx_word' id='word_1_294' title='bbox 743 2550 797 2603; x_wconf 78' lang='grc' dir='ltr'>δὲ</span> <span class='ocrx_word' id='word_1_295' title='bbox 840 2552 952 2612; x_wconf 86' lang='grc' dir='ltr'>τοῖς</span> <span class='ocrx_word' id='word_1_296' title='bbox 990 2547 1051 2612; x_wconf 79' lang='grc' dir='ltr'>ἐξ</span> <span class='ocrx_word' id='word_1_297' title='bbox 1088 2547 1258 2601; x_wconf 86' lang='grc' dir='ltr'>ἐθνῶν</span> <span class='ocrx_word' id='word_1_298' title='bbox 1297 2545 1538 2599; x_wconf 87' lang='grc' dir='ltr'>τοιοῦτόν</span> <span class='ocrx_word' id='word_1_299' title='bbox 1585 2561 1642 2597; x_wconf 91' lang='grc' dir='ltr'><strong>τι</strong></span> <span class='ocrx_word' id='word_1_300' title='bbox 1680 2560 1881 2596; x_wconf 71' lang='grc' dir='ltr'>πεπονο</span> 
     </span>
    </p>
   </div>
   <div class='ocr_carea' id='block_1_43' title="bbox 297 2634 1879 2712">
    <p class='ocr_par' dir='ltr' id='par_1_43' title="bbox 297 2634 1879 2712">
     <span class='ocr_line' id='line_1_43' title="bbox 297 2634 1879 2712; baseline -0.008 -15"><span class='ocrx_word' id='word_1_301' title='bbox 297 2645 467 2699; x_wconf 86' lang='grc' dir='ltr'>θόσιν.</span> <span class='ocrx_word' id='word_1_302' title='bbox 495 2644 640 2712; x_wconf 74' lang='grc' dir='ltr'>Ἔφη</span> <span class='ocrx_word' id='word_1_303' title='bbox 674 2642 772 2711; x_wconf 77' lang='grc' dir='ltr'>μὲν</span> <span class='ocrx_word' id='word_1_304' title='bbox 808 2640 919 2711; x_wconf 83' lang='grc' dir='ltr'><strong>γὰρ</strong></span> <span class='ocrx_word' id='word_1_305' title='bbox 948 2641 1062 2702; x_wconf 84' lang='grc' dir='ltr'>τοῖς</span> <span class='ocrx_word' id='word_1_306' title='bbox 1098 2637 1159 2703; x_wconf 80' lang='grc' dir='ltr'>ἐξ</span> <span class='ocrx_word' id='word_1_307' title='bbox 1195 2638 1425 2707; x_wconf 82' lang='grc' dir='ltr'>αἵματος</span> <span class='ocrx_word' id='word_1_308' title='bbox 1470 2634 1717 2706; x_wconf 86' lang='grc' dir='ltr'>Ἰσραήλ·</span> <span class='ocrx_word' id='word_1_309' title='bbox 1756 2651 1775 2685; x_wconf 70' lang='grc' dir='ltr'><strong>ε</strong></span> <span class='ocrx_word' id='word_1_310' title='bbox 1815 2634 1879 2686; x_wconf 87' lang='grc' dir='ltr'><strong>Ἦ</strong></span> 
     </span>
    </p>
   </div>
   <div class='ocr_carea' id='block_1_44' title="bbox 299 2727 1879 2807">
    <p class='ocr_par' dir='ltr' id='par_1_44' title="bbox 299 2727 1879 2807">
     <span class='ocr_line' id='line_1_44' title="bbox 299 2727 1879 2807; baseline -0.006 -20"><span class='ocrx_word' id='word_1_311' title='bbox 299 2734 575 2807; x_wconf 82' lang='grc' dir='ltr'>περιτομὴ</span> <span class='ocrx_word' id='word_1_312' title='bbox 603 2732 762 2787; x_wconf 77' lang='grc' dir='ltr'>οὐδέν</span> <span class='ocrx_word' id='word_1_313' title='bbox 782 2735 931 2796; x_wconf 79' lang='grc' dir='ltr'>ἐστι,</span> <span class='ocrx_word' id='word_1_314' title='bbox 962 2732 1055 2785; x_wconf 74' lang='grc' dir='ltr'>καὶ</span> <span class='ocrx_word' id='word_1_315' title='bbox 1085 2731 1119 2800; x_wconf 83' lang='grc' dir='ltr'>ἠ</span> <span class='ocrx_word' id='word_1_316' title='bbox 1153 2728 1485 2800; x_wconf 76' lang='grc' dir='ltr'>ἀκροϐυστία</span> <span class='ocrx_word' id='word_1_317' title='bbox 1524 2727 1675 2780; x_wconf 78' lang='grc' dir='ltr'>οὐδέν</span> <span class='ocrx_word' id='word_1_318' title='bbox 1709 2728 1879 2791; x_wconf 78' lang='grc' dir='ltr'>ἐστιν,</span> 
     </span>
    </p>
   </div>
   <div class='ocr_carea' id='block_1_45' title="bbox 294 2817 1881 2895">
    <p class='ocr_par' dir='ltr' id='par_1_45' title="bbox 294 2817 1881 2895">
     <span class='ocr_line' id='line_1_45' title="bbox 294 2817 1881 2895; baseline -0.004 -19"><span class='ocrx_word' id='word_1_319' title='bbox 294 2824 438 2877; x_wconf 81' lang='grc' dir='ltr'>ἀλλὰ</span> <span class='ocrx_word' id='word_1_320' title='bbox 466 2824 697 2895; x_wconf 81' lang='grc' dir='ltr'>τήρησις</span> <span class='ocrx_word' id='word_1_321' title='bbox 718 2822 947 2877; x_wconf 76' lang='grc' dir='ltr'>ἐντολῶν</span> <span class='ocrx_word' id='word_1_322' title='bbox 980 2821 1169 2875; x_wconf 76' lang='grc' dir='ltr'>Θεοῦ.»</span> <span class='ocrx_word' id='word_1_323' title='bbox 1198 2822 1309 2874; x_wconf 71' lang='grc' dir='ltr'><strong>Καὶ</strong></span> <span class='ocrx_word' id='word_1_324' title='bbox 1336 2819 1517 2874; x_wconf 78' lang='grc' dir='ltr'>πάλιν·</span> <span class='ocrx_word' id='word_1_325' title='bbox 1546 2836 1566 2870; x_wconf 74' lang='grc' dir='ltr'><strong>ι</strong></span> <span class='ocrx_word' id='word_1_326' title='bbox 1591 2817 1747 2886; x_wconf 78' lang='grc' dir='ltr'>Λέγω</span> <span class='ocrx_word' id='word_1_327' title='bbox 1774 2818 1881 2886; x_wconf 85' lang='grc' dir='ltr'><strong>γὰρ</strong></span> 
     </span>
    </p>
   </div>
   <div class='ocr_carea' id='block_1_46' title="bbox 301 2908 1882 2989">
    <p class='ocr_par' dir='ltr' id='par_1_46' title="bbox 301 2908 1882 2989">
     <span class='ocr_line' id='line_1_46' title="bbox 301 2908 1882 2989; baseline -0.005 -21"><span class='ocrx_word' id='word_1_328' title='bbox 301 2917 452 2989; x_wconf 80' lang='grc' dir='ltr'>ὑμῖν,</span> <span class='ocrx_word' id='word_1_329' title='bbox 504 2916 584 2968; x_wconf 85' lang='grc' dir='ltr'>ὃτι</span> <span class='ocrx_word' id='word_1_330' title='bbox 628 2915 723 2968; x_wconf 86' lang='grc' dir='ltr'><strong>ἐάν</strong></span> <span class='ocrx_word' id='word_1_331' title='bbox 776 2913 1213 2984; x_wconf 81' lang='grc' dir='ltr'>περιτέμνησθε,</span> <span class='ocrx_word' id='word_1_332' title='bbox 1261 2912 1495 2981; x_wconf 76' lang='grc' dir='ltr'>Χριστὸς</span> <span class='ocrx_word' id='word_1_333' title='bbox 1540 2910 1685 2978; x_wconf 78' lang='grc' dir='ltr'>ὑμᾶς</span> <span class='ocrx_word' id='word_1_334' title='bbox 1729 2908 1882 2962; x_wconf 76' lang='grc' dir='ltr'>οὐδὲν</span> 
     </span>
    </p>
   </div>
   <div class='ocr_carea' id='block_1_47' title="bbox 299 3001 1881 3080">
    <p class='ocr_par' dir='ltr' id='par_1_47' title="bbox 299 3001 1881 3080">
     <span class='ocr_line' id='line_1_47' title="bbox 299 3001 1881 3080; baseline -0.007 -18"><span class='ocrx_word' id='word_1_335' title='bbox 299 3008 600 3080; x_wconf 79' lang='grc' dir='ltr'>ὠφελήσει.</span> <span class='ocrx_word' id='word_1_336' title='bbox 653 3005 1155 3076; x_wconf 82' lang='grc' dir='ltr'>Ἀπηλλοτριώθητε</span> <span class='ocrx_word' id='word_1_337' title='bbox 1202 3004 1309 3056; x_wconf 83' lang='grc' dir='ltr'><strong>ἀπὸ</strong></span> <span class='ocrx_word' id='word_1_338' title='bbox 1355 3001 1593 3071; x_wconf 80' lang='grc' dir='ltr'>Χριστοῦ</span> <span class='ocrx_word' id='word_1_339' title='bbox 1622 3040 1637 3064; x_wconf 96' lang='grc'><strong>,</strong></span> <span class='ocrx_word' id='word_1_340' title='bbox 1687 3001 1881 3061; x_wconf 75' lang='grc' dir='ltr'>οἵτινες</span> 
     </span>
    </p>
   </div>
   <div class='ocr_carea' id='block_1_48' title="bbox 300 3093 1880 3171">
    <p class='ocr_par' dir='ltr' id='par_1_48' title="bbox 300 3093 1880 3171">
     <span class='ocr_line' id='line_1_48' title="bbox 300 3093 1880 3171; baseline -0.008 -16"><span class='ocrx_word' id='word_1_341' title='bbox 300 3101 360 3155; x_wconf 77' lang='grc' dir='ltr'><strong>ἐν</strong></span> <span class='ocrx_word' id='word_1_342' title='bbox 384 3100 532 3171; x_wconf 82' lang='grc' dir='ltr'>νόμῳ</span> <span class='ocrx_word' id='word_1_343' title='bbox 559 3096 891 3159; x_wconf 82' lang='grc' dir='ltr'>δικαιοῦσθε.</span> <span class='ocrx_word' id='word_1_344' title='bbox 916 3099 1014 3167; x_wconf 79' lang='grc' dir='ltr'>τῆς</span> <span class='ocrx_word' id='word_1_345' title='bbox 1045 3098 1267 3167; x_wconf 86' lang='grc' dir='ltr'>χάριτος</span> <span class='ocrx_word' id='word_1_346' title='bbox 1300 3095 1645 3162; x_wconf 74' lang='grc' dir='ltr'>ἐξεπέσατε.»</span> <span class='ocrx_word' id='word_1_347' title='bbox 1692 3093 1880 3163; x_wconf 81' lang='grc' dir='ltr'>Ἡμεῖς</span> 
     </span>
    </p>
   </div>
   <div class='ocr_carea' id='block_1_49' title="bbox 1980 1890 3562 1964">
    <p class='ocr_par' dir='ltr' id='par_1_49' title="bbox 1980 1890 3562 1964">
     <span class='ocr_line' id='line_1_49' title="bbox 1980 1890 3562 1964; baseline -0.006 -13"><span class='ocrx_word' id='word_1_348' title='bbox 1980 1898 2219 1953; x_wconf 84' lang='lat' dir='ltr'><strong>tollendo</strong></span> <span class='ocrx_word' id='word_1_349' title='bbox 2262 1898 2574 1964; x_wconf 86' lang='lat' dir='ltr'><strong>ratiocinia,</strong></span> <span class='ocrx_word' id='word_1_350' title='bbox 2606 1909 2662 1951; x_wconf 90' lang='lat' dir='ltr'><strong>et</strong></span> <span class='ocrx_word' id='word_1_351' title='bbox 2708 1911 2924 1952; x_wconf 90' lang='lat' dir='ltr'><strong>omnem</strong></span> <span class='ocrx_word' id='word_1_352' title='bbox 2974 1894 3347 1948; x_wconf 79' lang='lat' dir='ltr'><strong>celsitudinem</strong></span> <span class='ocrx_word' id='word_1_353' title='bbox 3390 1890 3562 1945; x_wconf 79' lang='lat' dir='ltr'><strong>extol-</strong></span> 
     </span>
    </p>
   </div>
   <div class='ocr_carea' id='block_1_50' title="bbox 1982 1985 3562 2058">
    <p class='ocr_par' dir='ltr' id='par_1_50' title="bbox 1982 1985 3562 2058">
     <span class='ocr_line' id='line_1_50' title="bbox 1982 1985 3562 2058; baseline -0.005 -15"><span class='ocrx_word' id='word_1_354' title='bbox 1982 1990 2179 2045; x_wconf 83' lang='lat' dir='ltr'><strong>lentem</strong></span> <span class='ocrx_word' id='word_1_355' title='bbox 2227 2004 2288 2043; x_wconf 84' lang='lat' dir='ltr'><strong>se</strong></span> <span class='ocrx_word' id='word_1_356' title='bbox 2333 2001 2523 2047; x_wconf 84' lang='lat' dir='ltr'><strong>contra</strong></span> <span class='ocrx_word' id='word_1_357' title='bbox 2589 1988 2956 2058; x_wconf 76' lang='lat' dir='ltr'><strong>cognitionem</strong></span> <span class='ocrx_word' id='word_1_358' title='bbox 3002 1987 3094 2040; x_wconf 88' lang='lat' dir='ltr'><strong>Dei</strong></span> <span class='ocrx_word' id='word_1_359' title='bbox 3156 1985 3473 2045; x_wconf 80' lang='lat' dir='ltr'><strong>chrteudo,</strong></span> <span class='ocrx_word' id='word_1_360' title='bbox 3505 1992 3562 2035; x_wconf 76' lang='lat' dir='ltr'><strong>et</strong></span> 
     </span>
    </p>
   </div>
   <div class='ocr_carea' id='block_1_51' title="bbox 1978 2079 3557 2149">
    <p class='ocr_par' dir='ltr' id='par_1_51' title="bbox 1978 2079 3557 2149">
     <span class='ocr_line' id='line_1_51' title="bbox 1978 2079 3557 2149; baseline -0.004 -12"><span class='ocrx_word' id='word_1_361' title='bbox 1978 2097 2193 2137; x_wconf 87' lang='lat' dir='ltr'><strong>onmem</strong></span> <span class='ocrx_word' id='word_1_362' title='bbox 2220 2082 2553 2137; x_wconf 86' lang='lat' dir='ltr'><strong>intellectqu</strong></span> <span class='ocrx_word' id='word_1_363' title='bbox 2579 2088 2646 2137; x_wconf 86' lang='lat' dir='ltr'><strong>ad</strong></span> <span class='ocrx_word' id='word_1_364' title='bbox 2675 2083 3037 2136; x_wconf 85' lang='lat' dir='ltr'><strong>obedientiam</strong></span> <span class='ocrx_word' id='word_1_365' title='bbox 3066 2080 3187 2149; x_wconf 88' lang='lat' dir='ltr'><strong>ejus</strong></span> <span class='ocrx_word' id='word_1_366' title='bbox 3208 2079 3557 2149; x_wconf 87' lang='lat' dir='ltr'><strong>captivando.</strong></span> 
     </span>
    </p>
   </div>
   <div class='ocr_carea' id='block_1_52' title="bbox 1981 2170 3561 2229">
    <p class='ocr_par' dir='ltr' id='par_1_52' title="bbox 1981 2170 3561 2229">
     <span class='ocr_line' id='line_1_52' title="bbox 1981 2170 3561 2229; baseline -0.005 0"><span class='ocrx_word' id='word_1_367' title='bbox 1981 2174 2323 2229; x_wconf 83' lang='lat' dir='ltr'><strong>Inveniemus</strong></span> <span class='ocrx_word' id='word_1_368' title='bbox 2378 2186 2559 2229; x_wconf 87' lang='lat' dir='ltr'><strong>autem</strong></span> <span class='ocrx_word' id='word_1_369' title='bbox 2622 2175 3030 2229; x_wconf 82' lang='lat' dir='ltr'><strong>sanctissimum</strong></span> <span class='ocrx_word' id='word_1_370' title='bbox 3072 2173 3295 2228; x_wconf 79' lang='lat' dir='ltr'><strong>Paulum</strong></span> <span class='ocrx_word' id='word_1_371' title='bbox 3346 2170 3561 2225; x_wconf 59' lang='lat' dir='ltr'><strong>Judmos</strong></span> 
     </span>
    </p>
   </div>
   <div class='ocr_carea' id='block_1_53' title="bbox 1980 2265 3561 2337">
    <p class='ocr_par' dir='ltr' id='par_1_53' title="bbox 1980 2265 3561 2337">
     <span class='ocr_line' id='line_1_53' title="bbox 1980 2265 3561 2337; baseline -0.003 -14"><span class='ocrx_word' id='word_1_372' title='bbox 1980 2268 2218 2323; x_wconf 76' lang='lat' dir='ltr'><strong>offensos</strong></span> <span class='ocrx_word' id='word_1_373' title='bbox 2246 2269 2633 2337; x_wconf 82' lang='lat' dir='ltr'><strong>corrigentem,</strong></span> <span class='ocrx_word' id='word_1_374' title='bbox 2661 2278 2716 2322; x_wconf 90' lang='lat' dir='ltr'><strong>et</strong></span> <span class='ocrx_word' id='word_1_375' title='bbox 2746 2278 2935 2337; x_wconf 74' lang='lat' dir='ltr'><strong>gentes</strong></span> <span class='ocrx_word' id='word_1_376' title='bbox 2965 2268 3160 2337; x_wconf 85' lang='lat' dir='ltr'><strong>quibus</strong></span> <span class='ocrx_word' id='word_1_377' title='bbox 3194 2265 3368 2321; x_wconf 87' lang='lat' dir='ltr'><strong>simile</strong></span> <span class='ocrx_word' id='word_1_378' title='bbox 3399 2265 3561 2336; x_wconf 81' lang='lat' dir='ltr'><strong>quid-</strong></span> 
     </span>
    </p>
   </div>
   <div class='ocr_carea' id='block_1_54' title="bbox 1982 2358 3561 2430">
    <p class='ocr_par' dir='ltr' id='par_1_54' title="bbox 1982 2358 3561 2430">
     <span class='ocr_line' id='line_1_54' title="bbox 1982 2358 3561 2430; baseline -0.006 -11"><span class='ocrx_word' id='word_1_379' title='bbox 1982 2365 2105 2419; x_wconf 86' lang='lat' dir='ltr'><strong>dam</strong></span> <span class='ocrx_word' id='word_1_380' title='bbox 2136 2363 2335 2417; x_wconf 90' lang='lat' dir='ltr'><strong>accidit</strong></span> <span class='ocrx_word' id='word_1_381' title='bbox 2371 2361 2880 2430; x_wconf 82' lang='lat' dir='ltr'><strong>reprehendentem.</strong></span> <span class='ocrx_word' id='word_1_382' title='bbox 2912 2361 3055 2415; x_wconf 79' lang='lat' dir='ltr'><strong>Dixit</strong></span> <span class='ocrx_word' id='word_1_383' title='bbox 3081 2361 3226 2413; x_wconf 91' lang='lat' dir='ltr'><strong>enim</strong></span> <span class='ocrx_word' id='word_1_384' title='bbox 3262 2358 3561 2413; x_wconf 85' lang='lat' dir='ltr'><strong>Israelitico</strong></span> 
     </span>
    </p>
   </div>
   <div class='ocr_carea' id='block_1_55' title="bbox 1981 2452 3555 2525">
    <p class='ocr_par' dir='ltr' id='par_1_55' title="bbox 1981 2452 3555 2525">
     <span class='ocr_line' id='line_1_55' title="bbox 1981 2452 3555 2525; baseline -0.004 -14"><span class='ocrx_word' id='word_1_385' title='bbox 1981 2455 2244 2525; x_wconf 75' lang='lat' dir='ltr'><strong>sanguine</strong></span> <span class='ocrx_word' id='word_1_386' title='bbox 2278 2454 2558 2507; x_wconf 88' lang='lat' dir='ltr'><strong>oriundis:</strong></span> <span class='ocrx_word' id='word_1_387' title='bbox 2590 2472 2608 2504; x_wconf 79' lang='grc' dir='ltr'><strong>ι</strong></span> <span class='ocrx_word' id='word_1_388' title='bbox 2648 2452 3007 2507; x_wconf 88' lang='lat' dir='ltr'><strong>Circumcisio</strong></span> <span class='ocrx_word' id='word_1_389' title='bbox 3038 2452 3171 2507; x_wconf 85' lang='lat' dir='ltr'><strong>nihil</strong></span> <span class='ocrx_word' id='word_1_390' title='bbox 3197 2464 3301 2517; x_wconf 87' lang='lat' dir='ltr'><strong>est,</strong></span> <span class='ocrx_word' id='word_1_391' title='bbox 3335 2464 3387 2504; x_wconf 91' lang='lat' dir='ltr'><strong>et</strong></span> <span class='ocrx_word' id='word_1_392' title='bbox 3419 2466 3555 2521; x_wconf 66' lang='lat' dir='ltr'><strong>prae-</strong></span> 
     </span>
    </p>
   </div>
   <div class='ocr_carea' id='block_1_56' title="bbox 1982 2542 3559 2617">
    <p class='ocr_par' dir='ltr' id='par_1_56' title="bbox 1982 2542 3559 2617">
     <span class='ocr_line' id='line_1_56' title="bbox 1982 2542 3559 2617; baseline -0.003 -18"><span class='ocrx_word' id='word_1_393' title='bbox 1982 2547 2189 2617; x_wconf 85' lang='lat' dir='ltr'><strong>putium</strong></span> <span class='ocrx_word' id='word_1_394' title='bbox 2221 2544 2351 2598; x_wconf 84' lang='lat' dir='ltr'><strong>nihil</strong></span> <span class='ocrx_word' id='word_1_395' title='bbox 2377 2554 2480 2610; x_wconf 88' lang='lat' dir='ltr'><strong>est,</strong></span> <span class='ocrx_word' id='word_1_396' title='bbox 2512 2542 2678 2614; x_wconf 74' lang='lat'><strong>875</strong></span> <span class='ocrx_word' id='word_1_397' title='bbox 2709 2545 2801 2597; x_wconf 86' lang='lat' dir='ltr'><strong>sed</strong></span> <span class='ocrx_word' id='word_1_398' title='bbox 2838 2542 3145 2599; x_wconf 78' lang='lat' dir='ltr'><strong>observatio</strong></span> <span class='ocrx_word' id='word_1_399' title='bbox 3168 2554 3559 2612; x_wconf 71' lang='lat' dir='ltr'><strong>prmreptorunt</strong></span> 
     </span>
    </p>
   </div>
   <div class='ocr_carea' id='block_1_57' title="bbox 1986 2635 3563 2700">
    <p class='ocr_par' dir='ltr' id='par_1_57' title="bbox 1986 2635 3563 2700">
     <span class='ocr_line' id='line_1_57' title="bbox 1986 2635 3563 2700; baseline -0.005 -7"><span class='ocrx_word' id='word_1_400' title='bbox 1986 2639 2075 2693; x_wconf 90' lang='lat' dir='ltr'><strong>Dei</strong></span> <span class='ocrx_word' id='word_1_401' title='bbox 2109 2638 2152 2691; x_wconf 74' lang='grc'>⁸.</span> <span class='ocrx_word' id='word_1_402' title='bbox 2190 2656 2208 2688; x_wconf 74' lang='grc' dir='ltr'><strong>ι</strong></span> <span class='ocrx_word' id='word_1_403' title='bbox 2256 2636 2320 2690; x_wconf 86' lang='lat' dir='ltr'><strong>Et</strong></span> <span class='ocrx_word' id='word_1_404' title='bbox 2354 2652 2541 2690; x_wconf 89' lang='lat' dir='ltr'><strong>rursus</strong></span> <span class='ocrx_word' id='word_1_405' title='bbox 2571 2654 2584 2688; x_wconf 94' lang='lat'><strong>:</strong></span> <span class='ocrx_word' id='word_1_406' title='bbox 2621 2655 2640 2687; x_wconf 78' lang='grc' dir='ltr'><strong>ι</strong></span> <span class='ocrx_word' id='word_1_407' title='bbox 2687 2635 2816 2689; x_wconf 90' lang='lat' dir='ltr'><strong>Dico</strong></span> <span class='ocrx_word' id='word_1_408' title='bbox 2848 2636 2992 2690; x_wconf 90' lang='lat' dir='ltr'><strong>enim</strong></span> <span class='ocrx_word' id='word_1_409' title='bbox 3033 2637 3206 2700; x_wconf 83' lang='lat' dir='ltr'><strong>vobis,</strong></span> <span class='ocrx_word' id='word_1_410' title='bbox 3255 2636 3299 2688; x_wconf 87' lang='lat' dir='ltr'><strong>si</strong></span> <span class='ocrx_word' id='word_1_411' title='bbox 3330 2637 3563 2689; x_wconf 88' lang='lat' dir='ltr'><strong>circum-</strong></span> 
     </span>
    </p>
   </div>
   <div class='ocr_carea' id='block_1_58' title="bbox 1985 2726 3561 2799">
    <p class='ocr_par' dir='ltr' id='par_1_58' title="bbox 1985 2726 3561 2799">
     <span class='ocr_line' id='line_1_58' title="bbox 1985 2726 3561 2799; baseline -0.004 -15"><span class='ocrx_word' id='word_1_412' title='bbox 1985 2730 2264 2793; x_wconf 90' lang='lat' dir='ltr'><strong>cidamini,</strong></span> <span class='ocrx_word' id='word_1_413' title='bbox 2328 2729 2579 2784; x_wconf 87' lang='lat' dir='ltr'><strong>Christus</strong></span> <span class='ocrx_word' id='word_1_414' title='bbox 2636 2728 2789 2782; x_wconf 87' lang='lat' dir='ltr'><strong>vobis</strong></span> <span class='ocrx_word' id='word_1_415' title='bbox 2834 2728 2965 2783; x_wconf 91' lang='lat' dir='ltr'><strong>nihil</strong></span> <span class='ocrx_word' id='word_1_416' title='bbox 3022 2728 3282 2799; x_wconf 87' lang='lat' dir='ltr'><strong>proderit.</strong></span> <span class='ocrx_word' id='word_1_417' title='bbox 3330 2726 3561 2781; x_wconf 81' lang='lat' dir='ltr'><strong>Alienati</strong></span> 
     </span>
    </p>
   </div>
   <div class='ocr_carea' id='block_1_59' title="bbox 1983 2818 3558 2889">
    <p class='ocr_par' dir='ltr' id='par_1_59' title="bbox 1983 2818 3558 2889">
     <span class='ocr_line' id='line_1_59' title="bbox 1983 2818 3558 2889; baseline -0.004 -14"><span class='ocrx_word' id='word_1_418' title='bbox 1983 2822 2114 2876; x_wconf 88' lang='lat' dir='ltr'><strong>estis</strong></span> <span class='ocrx_word' id='word_1_419' title='bbox 2141 2837 2170 2875; x_wconf 87' lang='lat' dir='ltr'><strong>a</strong></span> <span class='ocrx_word' id='word_1_420' title='bbox 2200 2821 2416 2876; x_wconf 86' lang='lat' dir='ltr'><strong>Christo</strong></span> <span class='ocrx_word' id='word_1_421' title='bbox 2440 2838 2454 2888; x_wconf 91' lang='lat'><strong>;</strong></span> <span class='ocrx_word' id='word_1_422' title='bbox 2482 2821 2789 2889; x_wconf 84' lang='lat' dir='ltr'><strong>quicunque</strong></span> <span class='ocrx_word' id='word_1_423' title='bbox 2821 2822 2872 2873; x_wconf 92' lang='lat' dir='ltr'><strong>in</strong></span> <span class='ocrx_word' id='word_1_424' title='bbox 2924 2820 3040 2889; x_wconf 80' lang='lat' dir='ltr'><strong>lege</strong></span> <span class='ocrx_word' id='word_1_425' title='bbox 3072 2818 3354 2887; x_wconf 85' lang='lat' dir='ltr'><strong>justillcati</strong></span> <span class='ocrx_word' id='word_1_426' title='bbox 3404 2818 3558 2879; x_wconf 70' lang='lat' dir='ltr'><strong>estis,</strong></span> 
     </span>
    </p>
   </div>
   <div class='ocr_carea' id='block_1_60' title="bbox 1984 2911 3563 2981">
    <p class='ocr_par' dir='ltr' id='par_1_60' title="bbox 1984 2911 3563 2981">
     <span class='ocr_line' id='line_1_60' title="bbox 1984 2911 3563 2981; baseline -0.005 -14"><span class='ocrx_word' id='word_1_427' title='bbox 1984 2929 2011 2967; x_wconf 89' lang='lat' dir='ltr'><strong>a</strong></span> <span class='ocrx_word' id='word_1_428' title='bbox 2045 2912 2215 2981; x_wconf 75' lang='lat' dir='ltr'><strong>gratia</strong></span> <span class='ocrx_word' id='word_1_429' title='bbox 2248 2914 2534 2967; x_wconf 76' lang='lat' dir='ltr'><strong>excidistis</strong></span> <span class='ocrx_word' id='word_1_430' title='bbox 2555 2914 2638 2965; x_wconf 71' lang='grc'><strong>³.)</strong></span> <span class='ocrx_word' id='word_1_431' title='bbox 2684 2911 2794 2967; x_wconf 84' lang='lat' dir='ltr'><strong>Nos</strong></span> <span class='ocrx_word' id='word_1_432' title='bbox 2828 2912 2970 2967; x_wconf 91' lang='lat' dir='ltr'><strong>enim</strong></span> <span class='ocrx_word' id='word_1_433' title='bbox 3000 2929 3095 2981; x_wconf 90' lang='lat' dir='ltr'><strong>per</strong></span> <span class='ocrx_word' id='word_1_434' title='bbox 3127 2913 3284 2965; x_wconf 89' lang='lat' dir='ltr'><strong>fidem</strong></span> <span class='ocrx_word' id='word_1_435' title='bbox 3309 2926 3457 2979; x_wconf 84' lang='lat' dir='ltr'><strong>spem</strong></span> <span class='ocrx_word' id='word_1_436' title='bbox 3477 2911 3563 2978; x_wconf 83' lang='lat' dir='ltr'><strong>ju-</strong></span> 
     </span>
    </p>
   </div>
   <div class='ocr_carea' id='block_1_61' title="bbox 1982 3001 3562 3072">
    <p class='ocr_par' dir='ltr' id='par_1_61' title="bbox 1982 3001 3562 3072">
     <span class='ocr_line' id='line_1_61' title="bbox 1982 3001 3562 3072; baseline -0.004 -14"><span class='ocrx_word' id='word_1_437' title='bbox 1982 3005 2144 3059; x_wconf 75' lang='lat' dir='ltr'><strong>stitize</strong></span> <span class='ocrx_word' id='word_1_438' title='bbox 2211 3005 2526 3072; x_wconf 88' lang='lat' dir='ltr'><strong>accipimus.</strong></span> <span class='ocrx_word' id='word_1_439' title='bbox 2584 3003 2898 3059; x_wconf 68' lang='lat' dir='ltr'><strong>Graecorum</strong></span> <span class='ocrx_word' id='word_1_440' title='bbox 2976 3014 3156 3057; x_wconf 87' lang='lat' dir='ltr'><strong>autem</strong></span> <span class='ocrx_word' id='word_1_441' title='bbox 3208 3001 3562 3061; x_wconf 87' lang='lat' dir='ltr'><strong>multittnlini,</strong></span> 
     </span>
    </p>
   </div>
   <div class='ocr_carea' id='block_1_62' title="bbox 1988 3097 3562 3167">
    <p class='ocr_par' dir='ltr' id='par_1_62' title="bbox 1988 3097 3562 3167">
     <span class='ocr_line' id='line_1_62' title="bbox 1988 3097 3562 3167; baseline -0.001 -18"><span class='ocrx_word' id='word_1_442' title='bbox 1988 3115 2006 3149; x_wconf 81' lang='grc' dir='ltr'><strong>ι</strong></span> <span class='ocrx_word' id='word_1_443' title='bbox 2043 3097 2190 3162; x_wconf 89' lang='lat' dir='ltr'><strong>Dies,</strong></span> <span class='ocrx_word' id='word_1_444' title='bbox 2231 3117 2249 3148; x_wconf 84' lang='grc'><strong>›</strong></span> <span class='ocrx_word' id='word_1_445' title='bbox 2283 3097 2483 3167; x_wconf 88' lang='lat' dir='ltr'><strong>inquit,</strong></span> <span class='ocrx_word' id='word_1_446' title='bbox 2518 3116 2537 3149; x_wconf 77' lang='grc' dir='ltr'><strong>ι</strong></span> <span class='ocrx_word' id='word_1_447' title='bbox 2582 3098 2884 3151; x_wconf 87' lang='lat' dir='ltr'><strong>observatis</strong></span> <span class='ocrx_word' id='word_1_448' title='bbox 2937 3107 2991 3152; x_wconf 92' lang='lat' dir='ltr'><strong>et</strong></span> <span class='ocrx_word' id='word_1_449' title='bbox 3036 3112 3267 3161; x_wconf 84' lang='lat' dir='ltr'><strong>menses,</strong></span> <span class='ocrx_word' id='word_1_450' title='bbox 3318 3108 3562 3167; x_wconf 84' lang='lat' dir='ltr'><strong>tempora</strong></span> 
     </span>
    </p>
   </div>
   <div class='ocr_carea' id='block_1_63' title="bbox 304 3179 1878 3264">
    <p class='ocr_par' dir='ltr' id='par_1_63' title="bbox 304 3183 1878 3264">
     <span class='ocr_line' id='line_1_63' title="bbox 304 3183 1878 3264; baseline -0.007 -18"><span class='ocrx_word' id='word_1_451' title='bbox 304 3194 415 3264; x_wconf 68' lang='grc' dir='ltr'><strong>γάρ</strong></span> <span class='ocrx_word' id='word_1_452' title='bbox 463 3192 553 3245; x_wconf 84' lang='grc' dir='ltr'>διὰ</span> <span class='ocrx_word' id='word_1_453' title='bbox 596 3191 694 3261; x_wconf 85' lang='grc' dir='ltr'>τῆς</span> <span class='ocrx_word' id='word_1_454' title='bbox 743 3189 978 3253; x_wconf 86' lang='grc' dir='ltr'>πίστεως</span> <span class='ocrx_word' id='word_1_455' title='bbox 1032 3188 1223 3243; x_wconf 77' lang='grc' dir='ltr'>ἐλπίδα</span> <span class='ocrx_word' id='word_1_456' title='bbox 1269 3185 1615 3253; x_wconf 83' lang='grc' dir='ltr'>δικαιοσύνης</span> <span class='ocrx_word' id='word_1_457' title='bbox 1669 3183 1878 3253; x_wconf 86' lang='grc' dir='ltr'>ἐκδεχό-</span> 
     </span>
    </p>
   </div>
   <div class='ocr_carea' id='block_1_64' title="bbox 1981 3179 3562 3264">
    <p class='ocr_par' dir='ltr' id='par_1_64' title="bbox 1986 3187 3562 3254">
     <span class='ocr_line' id='line_1_64' title="bbox 1986 3187 3562 3254; baseline -0.001 -11"><span class='ocrx_word' id='word_1_458' title='bbox 1986 3197 2042 3243; x_wconf 91' lang='lat' dir='ltr'><strong>et</strong></span> <span class='ocrx_word' id='word_1_459' title='bbox 2085 3203 2277 3243; x_wconf 89' lang='lat' dir='ltr'><strong>annos.</strong></span> <span class='ocrx_word' id='word_1_460' title='bbox 2320 3187 2499 3243; x_wconf 83' lang='lat' dir='ltr'><strong>Metuo</strong></span> <span class='ocrx_word' id='word_1_461' title='bbox 2534 3189 2710 3254; x_wconf 87' lang='lat' dir='ltr'><strong>vobis,</strong></span> <span class='ocrx_word' id='word_1_462' title='bbox 2750 3204 2817 3243; x_wconf 91' lang='lat' dir='ltr'><strong>ne</strong></span> <span class='ocrx_word' id='word_1_463' title='bbox 2864 3187 3062 3243; x_wconf 88' lang='lat' dir='ltr'><strong>frustra</strong></span> <span class='ocrx_word' id='word_1_464' title='bbox 3114 3190 3468 3245; x_wconf 87' lang='lat' dir='ltr'><strong>laboraverim</strong></span> <span class='ocrx_word' id='word_1_465' title='bbox 3510 3192 3562 3242; x_wconf 86' lang='lat' dir='ltr'><strong>in</strong></span> 
     </span>
    </p>
   </div>
   <div class='ocr_carea' id='block_1_65' title="bbox 305 3274 1879 3358">
    <p class='ocr_par' dir='ltr' id='par_1_65' title="bbox 305 3274 1879 3358">
     <span class='ocr_line' id='line_1_65' title="bbox 305 3274 1879 3358; baseline -0.008 -19"><span class='ocrx_word' id='word_1_466' title='bbox 305 3285 463 3358; x_wconf 68' lang='lat' dir='ltr'><strong>psﬁw</strong></span> <span class='ocrx_word' id='word_1_467' title='bbox 488 3284 587 3353; x_wconf 82' lang='grc' dir='ltr'>τῆς</span> <span class='ocrx_word' id='word_1_468' title='bbox 607 3280 716 3354; x_wconf 82' lang='grc' dir='ltr'>[ἵσ.</span> <span class='ocrx_word' id='word_1_469' title='bbox 743 3280 879 3351; x_wconf 84' lang='grc' dir='ltr'>τοῖς]</span> <span class='ocrx_word' id='word_1_470' title='bbox 909 3296 972 3349; x_wconf 85' lang='grc' dir='ltr'><strong>γε</strong></span> <span class='ocrx_word' id='word_1_471' title='bbox 1003 3280 1110 3351; x_wconf 83' lang='grc' dir='ltr'>μὴν</span> <span class='ocrx_word' id='word_1_472' title='bbox 1126 3282 1189 3333; x_wconf 83' lang='grc' dir='ltr'><strong>ἐκ</strong></span> <span class='ocrx_word' id='word_1_473' title='bbox 1209 3279 1309 3349; x_wconf 82' lang='grc' dir='ltr'>τῆς</span> <span class='ocrx_word' id='word_1_474' title='bbox 1336 3278 1601 3349; x_wconf 80' lang='grc' dir='ltr'>Ἑλλήνων</span> <span class='ocrx_word' id='word_1_475' title='bbox 1624 3274 1879 3346; x_wconf 74' lang='grc' dir='ltr'><strong>’πληθύος⁴</strong></span> 
     </span>
    </p>
   </div>
   <div class='ocr_carea' id='block_1_66' title="bbox 306 3368 1880 3448">
    <p class='ocr_par' dir='ltr' id='par_1_66' title="bbox 306 3368 1880 3448">
     <span class='ocr_line' id='line_1_66' title="bbox 306 3368 1880 3448; baseline -0.009 -15"><span class='ocrx_word' id='word_1_476' title='bbox 306 3397 327 3432; x_wconf 74' lang='grc' dir='ltr'><strong>ι</strong></span> <span class='ocrx_word' id='word_1_477' title='bbox 371 3376 626 3448; x_wconf 80' lang='grc' dir='ltr'>Ἡμέρας</span> <span class='ocrx_word' id='word_1_478' title='bbox 654 3372 1077 3445; x_wconf 82' lang='grc' dir='ltr'>παρατηρεῖσθε,</span> <span class='ocrx_word' id='word_1_479' title='bbox 1127 3372 1220 3424; x_wconf 75' lang='grc' dir='ltr'>καὶ</span> <span class='ocrx_word' id='word_1_480' title='bbox 1266 3370 1458 3440; x_wconf 83' lang='grc' dir='ltr'>μῆνας,</span> <span class='ocrx_word' id='word_1_481' title='bbox 1492 3368 1586 3423; x_wconf 73' lang='grc' dir='ltr'>καὶ</span> <span class='ocrx_word' id='word_1_482' title='bbox 1624 3368 1880 3437; x_wconf 74' lang='grc' dir='ltr'>καιροὺς,</span> 
     </span>
    </p>
   </div>
   <div class='ocr_carea' id='block_1_67' title="bbox 302 3460 1882 3534">
    <p class='ocr_par' dir='ltr' id='par_1_67' title="bbox 302 3460 1882 3534">
     <span class='ocr_line' id='line_1_67' title="bbox 302 3460 1882 3534; baseline -0.008 -10"><span class='ocrx_word' id='word_1_483' title='bbox 302 3470 397 3525; x_wconf 77' lang='grc' dir='ltr'>καὶ</span> <span class='ocrx_word' id='word_1_484' title='bbox 424 3467 722 3529; x_wconf 81' lang='grc' dir='ltr'>ἐνιαυτοὺς,</span> <span class='ocrx_word' id='word_1_485' title='bbox 753 3464 1024 3534; x_wconf 79' lang='grc' dir='ltr'>φοόοῦμαι</span> <span class='ocrx_word' id='word_1_486' title='bbox 1060 3464 1204 3533; x_wconf 80' lang='grc' dir='ltr'>ὑμᾶς</span> <span class='ocrx_word' id='word_1_487' title='bbox 1224 3502 1237 3526; x_wconf 90' lang='grc'><strong>,</strong></span> <span class='ocrx_word' id='word_1_488' title='bbox 1294 3463 1505 3532; x_wconf 80' lang='grc' dir='ltr'>μήποτε</span> <span class='ocrx_word' id='word_1_489' title='bbox 1538 3460 1663 3529; x_wconf 85' lang='grc' dir='ltr'>είκῆ</span> <span class='ocrx_word' id='word_1_490' title='bbox 1720 3476 1882 3512; x_wconf 76' lang='grc' dir='ltr'>κεκοο</span> 
     </span>
    </p>
   </div>
   <div class='ocr_carea' id='block_1_68' title="bbox 302 3550 1882 3629">
    <p class='ocr_par' dir='ltr' id='par_1_68' title="bbox 302 3550 1882 3629">
     <span class='ocr_line' id='line_1_68' title="bbox 302 3550 1882 3629; baseline -0.008 -14"><span class='ocrx_word' id='word_1_491' title='bbox 302 3560 477 3615; x_wconf 80' lang='grc' dir='ltr'>πίακα</span> <span class='ocrx_word' id='word_1_492' title='bbox 515 3560 594 3621; x_wconf 79' lang='grc' dir='ltr'>εἰς</span> <span class='ocrx_word' id='word_1_493' title='bbox 632 3559 800 3629; x_wconf 69' lang='grc' dir='ltr'>ὑμᾶς.</span> <span class='ocrx_word' id='word_1_494' title='bbox 829 3575 847 3607; x_wconf 71' lang='grc' dir='ltr'><strong>ι</strong></span> <span class='ocrx_word' id='word_1_495' title='bbox 885 3557 1047 3627; x_wconf 75' lang='grc' dir='ltr'>Ὁρᾷς</span> <span class='ocrx_word' id='word_1_496' title='bbox 1097 3553 1374 3625; x_wconf 85' lang='grc' dir='ltr'>πανταχοῦ</span> <span class='ocrx_word' id='word_1_497' title='bbox 1427 3550 1882 3624; x_wconf 77' lang='grc' dir='ltr'>διαρῤιπτοῦντας</span> 
     </span>
    </p>
   </div>
   <div class='ocr_carea' id='block_1_69' title="bbox 300 3645 1883 3720">
    <p class='ocr_par' dir='ltr' id='par_1_69' title="bbox 300 3645 1883 3720">
     <span class='ocr_line' id='line_1_69' title="bbox 300 3645 1883 3720; baseline -0.008 -11"><span class='ocrx_word' id='word_1_498' title='bbox 300 3656 425 3715; x_wconf 68' lang='grc' dir='ltr'>τοὺς</span> <span class='ocrx_word' id='word_1_499' title='bbox 455 3652 657 3716; x_wconf 85' lang='grc' dir='ltr'>λίθους,</span> <span class='ocrx_word' id='word_1_500' title='bbox 684 3650 779 3705; x_wconf 75' lang='grc' dir='ltr'>καὶ</span> <span class='ocrx_word' id='word_1_501' title='bbox 809 3650 876 3705; x_wconf 84' lang='grc' dir='ltr'><strong>ἐκ</strong></span> <span class='ocrx_word' id='word_1_502' title='bbox 912 3650 1079 3720; x_wconf 76' lang='grc' dir='ltr'>μέσου</span> <span class='ocrx_word' id='word_1_503' title='bbox 1107 3648 1352 3711; x_wconf 80' lang='grc' dir='ltr'>τιθέντας</span> <span class='ocrx_word' id='word_1_504' title='bbox 1381 3647 1450 3700; x_wconf 82' lang='grc' dir='ltr'><strong>τά</strong></span> <span class='ocrx_word' id='word_1_505' title='bbox 1486 3648 1689 3717; x_wconf 78' lang='grc' dir='ltr'>ἀμφοῖν</span> <span class='ocrx_word' id='word_1_506' title='bbox 1717 3645 1883 3700; x_wconf 81' lang='grc' dir='ltr'>σκάν-</span> 
     </span>
    </p>
   </div>
   <div class='ocr_carea' id='block_1_70' title="bbox 302 3732 1881 3812">
    <p class='ocr_par' dir='ltr' id='par_1_70' title="bbox 302 3732 1881 3812">
     <span class='ocr_line' id='line_1_70' title="bbox 302 3732 1881 3812; baseline -0.009 -10"><span class='ocrx_word' id='word_1_507' title='bbox 302 3746 459 3801; x_wconf 72' lang='grc' dir='ltr'>δαλα.</span> <span class='ocrx_word' id='word_1_508' title='bbox 486 3744 681 3807; x_wconf 82' lang='grc' dir='ltr'>Δίθους</span> <span class='ocrx_word' id='word_1_509' title='bbox 716 3742 773 3797; x_wconf 80' lang='grc' dir='ltr'>δὲ</span> <span class='ocrx_word' id='word_1_510' title='bbox 804 3738 942 3795; x_wconf 80' lang='grc' dir='ltr'><strong>εἷναί</strong></span> <span class='ocrx_word' id='word_1_511' title='bbox 972 3757 1152 3812; x_wconf 80' lang='grc' dir='ltr'>φαμεν</span> <span class='ocrx_word' id='word_1_512' title='bbox 1194 3740 1287 3793; x_wconf 74' lang='grc' dir='ltr'>καὶ</span> <span class='ocrx_word' id='word_1_513' title='bbox 1320 3738 1543 3809; x_wconf 79' lang='grc' dir='ltr'>ἐτέρως,</span> <span class='ocrx_word' id='word_1_514' title='bbox 1570 3732 1655 3799; x_wconf 80' lang='grc' dir='ltr'><strong>οῖς</strong></span> <span class='ocrx_word' id='word_1_515' title='bbox 1684 3738 1751 3789; x_wconf 82' lang='grc' dir='ltr'>ἂν</span> <span class='ocrx_word' id='word_1_516' title='bbox 1769 3736 1881 3789; x_wconf 71' lang='grc' dir='ltr'>ἔσθ’</span> 
     </span>
    </p>
   </div>
   <div class='ocr_carea' id='block_1_71' title="bbox 300 3826 1882 3908">
    <p class='ocr_par' dir='ltr' id='par_1_71' title="bbox 300 3826 1882 3908">
     <span class='ocr_line' id='line_1_71' title="bbox 300 3826 1882 3908; baseline -0.008 -16"><span class='ocrx_word' id='word_1_517' title='bbox 300 3839 390 3892; x_wconf 73' lang='grc' dir='ltr'>ὅτε</span> <span class='ocrx_word' id='word_1_518' title='bbox 427 3832 856 3908; x_wconf 82' lang='grc' dir='ltr'>προσπταίσειάν</span> <span class='ocrx_word' id='word_1_519' title='bbox 894 3849 1059 3895; x_wconf 86' lang='grc' dir='ltr'>τινες,</span> <span class='ocrx_word' id='word_1_520' title='bbox 1092 3831 1160 3885; x_wconf 87' lang='grc' dir='ltr'><strong>τὰ</strong></span> <span class='ocrx_word' id='word_1_521' title='bbox 1189 3831 1298 3885; x_wconf 83' lang='grc' dir='ltr'><strong>τῶν</strong></span> <span class='ocrx_word' id='word_1_522' title='bbox 1330 3830 1558 3884; x_wconf 75' lang='grc' dir='ltr'>ἀνοσίων</span> <span class='ocrx_word' id='word_1_523' title='bbox 1591 3826 1882 3895; x_wconf 85' lang='grc' dir='ltr'>αίρετικῶν</span> 
     </span>
    </p>
   </div>
   <div class='ocr_carea' id='block_1_72' title="bbox 305 3919 1881 4001">
    <p class='ocr_par' dir='ltr' id='par_1_72' title="bbox 305 3919 1881 4001">
     <span class='ocr_line' id='line_1_72' title="bbox 305 3919 1881 4001; baseline -0.007 -17"><span class='ocrx_word' id='word_1_524' title='bbox 305 3928 511 4001; x_wconf 76' lang='grc' dir='ltr'>βέϐηλά</span> <span class='ocrx_word' id='word_1_525' title='bbox 554 3946 613 3981; x_wconf 85' lang='grc' dir='ltr'><strong>τε</strong></span> <span class='ocrx_word' id='word_1_526' title='bbox 675 3927 769 3981; x_wconf 72' lang='grc' dir='ltr'>καὶ</span> <span class='ocrx_word' id='word_1_527' title='bbox 805 3925 1021 3997; x_wconf 84' lang='grc' dir='ltr'>μυσαρά</span> <span class='ocrx_word' id='word_1_528' title='bbox 1068 3924 1453 3993; x_wconf 84' lang='grc' dir='ltr'>τερετίσματα.</span> <span class='ocrx_word' id='word_1_529' title='bbox 1502 3919 1881 3989; x_wconf 77' lang='grc' dir='ltr'>Κενοφωνοῦσι</span> 
     </span>
    </p>
   </div>
   <div class='ocr_carea' id='block_1_73' title="bbox 300 4012 1877 4095">
    <p class='ocr_par' dir='ltr' id='par_1_73' title="bbox 300 4012 1877 4095">
     <span class='ocr_line' id='line_1_73' title="bbox 300 4012 1877 4095; baseline -0.008 -18"><span class='ocrx_word' id='word_1_530' title='bbox 300 4023 412 4095; x_wconf 77' lang='grc' dir='ltr'>γὰρ</span> <span class='ocrx_word' id='word_1_531' title='bbox 443 4020 762 4077; x_wconf 65' lang='grc' dir='ltr'>δι’δείλαιοι</span> <span class='ocrx_word' id='word_1_532' title='bbox 813 4021 924 4080; x_wconf 84' lang='grc' dir='ltr'>τοῖς</span> <span class='ocrx_word' id='word_1_533' title='bbox 968 4015 1351 4088; x_wconf 82' lang='grc' dir='ltr'>ὀρθοποδοῦσιν</span> <span class='ocrx_word' id='word_1_534' title='bbox 1402 4012 1877 4077; x_wconf 76' lang='grc' dir='ltr'>ἐπιϐουλεύοντες,</span> 
     </span>
    </p>
   </div>
   <div class='ocr_carea' id='block_1_74' title="bbox 301 4105 1880 4181">
    <p class='ocr_par' dir='ltr' id='par_1_74' title="bbox 301 4105 1880 4181">
     <span class='ocr_line' id='line_1_74' title="bbox 301 4105 1880 4181; baseline -0.008 -12"><span class='ocrx_word' id='word_1_535' title='bbox 301 4114 398 4169; x_wconf 78' lang='grc' dir='ltr'>καὶ</span> <span class='ocrx_word' id='word_1_536' title='bbox 429 4112 541 4167; x_wconf 86' lang='grc' dir='ltr'><strong>τῶν</strong></span> <span class='ocrx_word' id='word_1_537' title='bbox 564 4112 663 4181; x_wconf 78' lang='grc' dir='ltr'>τῆς</span> <span class='ocrx_word' id='word_1_538' title='bbox 692 4109 949 4181; x_wconf 78' lang='grc' dir='ltr'>ἀληθείας</span> <span class='ocrx_word' id='word_1_539' title='bbox 981 4108 1267 4178; x_wconf 80' lang='grc' dir='ltr'>δογμάτων</span> <span class='ocrx_word' id='word_1_540' title='bbox 1291 4105 1738 4176; x_wconf 85' lang='grc' dir='ltr'>ἀποκομίζοντες,</span> <span class='ocrx_word' id='word_1_541' title='bbox 1771 4106 1880 4158; x_wconf 86' lang='grc' dir='ltr'><strong>τῶν</strong></span> 
     </span>
    </p>
   </div>
   <div class='ocr_carea' id='block_1_75' title="bbox 299 4197 1883 4276">
    <p class='ocr_par' dir='ltr' id='par_1_75' title="bbox 299 4197 1883 4276">
     <span class='ocr_line' id='line_1_75' title="bbox 299 4197 1883 4276; baseline -0.008 -15"><span class='ocrx_word' id='word_1_542' title='bbox 299 4205 764 4276; x_wconf 76' lang='grc' dir='ltr'>εὐσυναρπάστων</span> <span class='ocrx_word' id='word_1_543' title='bbox 786 4202 938 4265; x_wconf 87' lang='grc' dir='ltr'>τινάς</span> <span class='ocrx_word' id='word_1_544' title='bbox 957 4217 971 4231; x_wconf 68' lang='grc'><strong>⁸</strong></span> <span class='ocrx_word' id='word_1_545' title='bbox 998 4200 1135 4254; x_wconf 85' lang='grc' dir='ltr'>ἀλλὰ</span> <span class='ocrx_word' id='word_1_546' title='bbox 1158 4200 1252 4253; x_wconf 79' lang='grc' dir='ltr'>καὶ</span> <span class='ocrx_word' id='word_1_547' title='bbox 1272 4198 1445 4252; x_wconf 84' lang='grc' dir='ltr'>ταῦτα</span> <span class='ocrx_word' id='word_1_548' title='bbox 1470 4197 1883 4270; x_wconf 79' lang='grc' dir='ltr'>διαρρίπτουσιν</span> 
     </span>
    </p>
   </div>
   <div class='ocr_carea' id='block_1_76' title="bbox 300 4291 1874 4369">
    <p class='ocr_par' dir='ltr' id='par_1_76' title="bbox 300 4291 1874 4369">
     <span class='ocr_line' id='line_1_76' title="bbox 300 4291 1874 4369; baseline -0.004 -16"><span class='ocrx_word' id='word_1_549' title='bbox 300 4302 368 4353; x_wconf 83' lang='grc' dir='ltr'><strong>ἐκ</strong></span> <span class='ocrx_word' id='word_1_550' title='bbox 418 4298 583 4369; x_wconf 78' lang='grc' dir='ltr'>μέσου</span> <span class='ocrx_word' id='word_1_551' title='bbox 633 4294 751 4349; x_wconf 80' lang='grc' dir='ltr'><strong>τῶν</strong></span> <span class='ocrx_word' id='word_1_552' title='bbox 782 4294 882 4364; x_wconf 84' lang='grc' dir='ltr'>τῆς</span> <span class='ocrx_word' id='word_1_553' title='bbox 918 4292 1242 4363; x_wconf 80' lang='grc' dir='ltr'>Ἐκκλησίας</span> <span class='ocrx_word' id='word_1_554' title='bbox 1285 4291 1479 4362; x_wconf 86' lang='grc' dir='ltr'>τειχῶν</span> <span class='ocrx_word' id='word_1_555' title='bbox 1520 4294 1570 4345; x_wconf 84' lang='lat' dir='ltr'><strong>oi</strong></span> <span class='ocrx_word' id='word_1_556' title='bbox 1616 4293 1874 4363; x_wconf 80' lang='grc' dir='ltr'>φύλακες.</span> 
     </span>
    </p>
   </div>
   <div class='ocr_carea' id='block_1_77' title="bbox 301 4382 1877 4459">
    <p class='ocr_par' dir='ltr' id='par_1_77' title="bbox 301 4382 1877 4459">
     <span class='ocr_line' id='line_1_77' title="bbox 301 4382 1877 4459; baseline -0.003 -16"><span class='ocrx_word' id='word_1_557' title='bbox 301 4390 467 4459; x_wconf 84' lang='grc' dir='ltr'>Τείχη</span> <span class='ocrx_word' id='word_1_558' title='bbox 503 4389 562 4442; x_wconf 86' lang='grc' dir='ltr'><strong>δέ</strong></span> <span class='ocrx_word' id='word_1_559' title='bbox 610 4388 779 4456; x_wconf 75' lang='grc' dir='ltr'>αὐτῆς</span> <span class='ocrx_word' id='word_1_560' title='bbox 809 4382 947 4440; x_wconf 79' lang='grc' dir='ltr'>εἷναί</span> <span class='ocrx_word' id='word_1_561' title='bbox 991 4401 1174 4455; x_wconf 78' lang='grc' dir='ltr'>φαμεν</span> <span class='ocrx_word' id='word_1_562' title='bbox 1218 4384 1315 4438; x_wconf 81' lang='grc' dir='ltr'><strong>καὶ</strong></span> <span class='ocrx_word' id='word_1_563' title='bbox 1346 4385 1455 4437; x_wconf 83' lang='grc' dir='ltr'><strong>τῶν</strong></span> <span class='ocrx_word' id='word_1_564' title='bbox 1488 4384 1587 4455; x_wconf 85' lang='grc' dir='ltr'>τῆς</span> <span class='ocrx_word' id='word_1_565' title='bbox 1620 4384 1877 4456; x_wconf 78' lang='grc' dir='ltr'>ἀληθείας</span> 
     </span>
    </p>
   </div>
   <div class='ocr_carea' id='block_1_78' title="bbox 1987 3280 3567 3352">
    <p class='ocr_par' dir='ltr' id='par_1_78' title="bbox 1987 3280 3567 3352">
     <span class='ocr_line' id='line_1_78' title="bbox 1987 3280 3567 3352; baseline 0.001 -19"><span class='ocrx_word' id='word_1_566' title='bbox 1987 3280 2140 3335; x_wconf 87' lang='lat' dir='ltr'><strong>vobis</strong></span> <span class='ocrx_word' id='word_1_567' title='bbox 2175 3282 2217 3335; x_wconf 78' lang='lat'><strong>‘.</strong></span> <span class='ocrx_word' id='word_1_568' title='bbox 2251 3300 2269 3333; x_wconf 76' lang='grc' dir='ltr'><strong>ι</strong></span> <span class='ocrx_word' id='word_1_569' title='bbox 2309 3280 2472 3336; x_wconf 73' lang='lat' dir='ltr'><strong>Vides</strong></span> <span class='ocrx_word' id='word_1_570' title='bbox 2517 3296 2736 3351; x_wconf 80' lang='lat' dir='ltr'><strong>semper</strong></span> <span class='ocrx_word' id='word_1_571' title='bbox 2776 3282 2897 3337; x_wconf 90' lang='lat' dir='ltr'><strong>illos</strong></span> <span class='ocrx_word' id='word_1_572' title='bbox 2935 3297 3189 3338; x_wconf 86' lang='lat' dir='ltr'><strong>amovere</strong></span> <span class='ocrx_word' id='word_1_573' title='bbox 3236 3282 3463 3352; x_wconf 85' lang='lat' dir='ltr'><strong>lapides,</strong></span> <span class='ocrx_word' id='word_1_574' title='bbox 3512 3294 3567 3335; x_wconf 85' lang='lat' dir='ltr'><strong>ct</strong></span> 
     </span>
    </p>
   </div>
   <div class='ocr_carea' id='block_1_79' title="bbox 1984 3372 3566 3445">
    <p class='ocr_par' dir='ltr' id='par_1_79' title="bbox 1984 3372 3566 3445">
     <span class='ocr_line' id='line_1_79' title="bbox 1984 3372 3566 3445; baseline 0.003 -22"><span class='ocrx_word' id='word_1_575' title='bbox 1984 3372 2267 3427; x_wconf 85' lang='lat' dir='ltr'><strong>amborum</strong></span> <span class='ocrx_word' id='word_1_576' title='bbox 2302 3373 2559 3427; x_wconf 89' lang='lat' dir='ltr'><strong>scandala</strong></span> <span class='ocrx_word' id='word_1_577' title='bbox 2593 3374 2661 3429; x_wconf 87' lang='lat' dir='ltr'><strong>de</strong></span> <span class='ocrx_word' id='word_1_578' title='bbox 2700 3375 2877 3428; x_wconf 80' lang='lat' dir='ltr'><strong>medio</strong></span> <span class='ocrx_word' id='word_1_579' title='bbox 2913 3375 3121 3429; x_wconf 82' lang='lat' dir='ltr'><strong>tollere.</strong></span> <span class='ocrx_word' id='word_1_580' title='bbox 3152 3374 3383 3445; x_wconf 84' lang='lat' dir='ltr'><strong>Lapides</strong></span> <span class='ocrx_word' id='word_1_581' title='bbox 3412 3376 3566 3429; x_wconf 79' lang='lat' dir='ltr'><strong>aliter</strong></span> 
     </span>
    </p>
   </div>
   <div class='ocr_carea' id='block_1_80' title="bbox 1984 3464 3564 3537">
    <p class='ocr_par' dir='ltr' id='par_1_80' title="bbox 1984 3464 3564 3537">
     <span class='ocr_line' id='line_1_80' title="bbox 1984 3464 3564 3537; baseline 0.004 -24"><span class='ocrx_word' id='word_1_582' title='bbox 1984 3477 2200 3532; x_wconf 85' lang='lat' dir='ltr'><strong>quoque</strong></span> <span class='ocrx_word' id='word_1_583' title='bbox 2230 3464 2482 3531; x_wconf 88' lang='lat' dir='ltr'><strong>dicimus,</strong></span> <span class='ocrx_word' id='word_1_584' title='bbox 2517 3465 2583 3518; x_wconf 82' lang='lat' dir='ltr'><strong>ad</strong></span> <span class='ocrx_word' id='word_1_585' title='bbox 2617 3480 2752 3534; x_wconf 89' lang='lat' dir='ltr'><strong>quos</strong></span> <span class='ocrx_word' id='word_1_586' title='bbox 2792 3466 3059 3521; x_wconf 88' lang='lat' dir='ltr'><strong>interdqu</strong></span> <span class='ocrx_word' id='word_1_587' title='bbox 3094 3478 3311 3536; x_wconf 88' lang='lat' dir='ltr'><strong>possent</strong></span> <span class='ocrx_word' id='word_1_588' title='bbox 3344 3468 3564 3537; x_wconf 88' lang='lat' dir='ltr'><strong>quidam</strong></span> 
     </span>
    </p>
   </div>
   <div class='ocr_carea' id='block_1_81' title="bbox 1983 3556 3567 3631">
    <p class='ocr_par' dir='ltr' id='par_1_81' title="bbox 1983 3556 3567 3631">
     <span class='ocr_line' id='line_1_81' title="bbox 1983 3556 3567 3631; baseline 0.002 -21"><span class='ocrx_word' id='word_1_589' title='bbox 1983 3556 2279 3621; x_wconf 70' lang='lat' dir='ltr'><strong>offendere,</strong></span> <span class='ocrx_word' id='word_1_590' title='bbox 2314 3558 2602 3626; x_wconf 90' lang='lat' dir='ltr'><strong>impiorum</strong></span> <span class='ocrx_word' id='word_1_591' title='bbox 2635 3558 3021 3615; x_wconf 52' lang='lat' dir='ltr'><strong>hereticorum</strong></span> <span class='ocrx_word' id='word_1_592' title='bbox 3059 3576 3213 3629; x_wconf 64' lang='lat' dir='ltr'><strong>nugae</strong></span> <span class='ocrx_word' id='word_1_593' title='bbox 3250 3570 3298 3614; x_wconf 90' lang='lat' dir='ltr'><strong>ct</strong></span> <span class='ocrx_word' id='word_1_594' title='bbox 3329 3560 3567 3631; x_wconf 71' lang='lat' dir='ltr'><strong>profanae</strong></span> 
     </span>
    </p>
   </div>
   <div class='ocr_carea' id='block_1_82' title="bbox 1983 3649 3562 3720">
    <p class='ocr_par' dir='ltr' id='par_1_82' title="bbox 1983 3649 3562 3720">
     <span class='ocr_line' id='line_1_82' title="bbox 1983 3649 3562 3720; baseline 0.002 -15"><span class='ocrx_word' id='word_1_595' title='bbox 1983 3658 2039 3705; x_wconf 84' lang='lat' dir='ltr'><strong>et</strong></span> <span class='ocrx_word' id='word_1_596' title='bbox 2088 3650 2480 3706; x_wconf 81' lang='lat' dir='ltr'><strong>exsecrabiles.</strong></span> <span class='ocrx_word' id='word_1_597' title='bbox 2537 3649 2782 3705; x_wconf 84' lang='lat' dir='ltr'><strong>lnaniter</strong></span> <span class='ocrx_word' id='word_1_598' title='bbox 2834 3653 2978 3706; x_wconf 90' lang='lat' dir='ltr'><strong>enim</strong></span> <span class='ocrx_word' id='word_1_599' title='bbox 3035 3654 3283 3720; x_wconf 81' lang='lat' dir='ltr'><strong>garriunt</strong></span> <span class='ocrx_word' id='word_1_600' title='bbox 3336 3653 3562 3716; x_wconf 90' lang='lat' dir='ltr'><strong>miseri.</strong></span> 
     </span>
    </p>
   </div>
   <div class='ocr_carea' id='block_1_83' title="bbox 1984 3741 3566 3811">
    <p class='ocr_par' dir='ltr' id='par_1_83' title="bbox 1984 3741 3566 3811">
     <span class='ocr_line' id='line_1_83' title="bbox 1984 3741 3566 3811; baseline 0.003 -16"><span class='ocrx_word' id='word_1_601' title='bbox 1984 3749 2134 3796; x_wconf 90' lang='lat' dir='ltr'><strong>recto</strong></span> <span class='ocrx_word' id='word_1_602' title='bbox 2162 3742 2297 3810; x_wconf 87' lang='lat' dir='ltr'><strong>pede</strong></span> <span class='ocrx_word' id='word_1_603' title='bbox 2357 3741 2736 3797; x_wconf 85' lang='lat' dir='ltr'><strong>incedentibus</strong></span> <span class='ocrx_word' id='word_1_604' title='bbox 2771 3754 3155 3811; x_wconf 84' lang='lat' dir='ltr'><strong>comparantes</strong></span> <span class='ocrx_word' id='word_1_605' title='bbox 3208 3743 3435 3799; x_wconf 86' lang='lat' dir='ltr'><strong>insidias</strong></span> <span class='ocrx_word' id='word_1_606' title='bbox 3459 3784 3474 3809; x_wconf 87' lang='lat'><strong>,</strong></span> <span class='ocrx_word' id='word_1_607' title='bbox 3505 3753 3566 3799; x_wconf 78' lang='lat' dir='ltr'><strong>et</strong></span> 
     </span>
    </p>
   </div>
   <div class='ocr_carea' id='block_1_84' title="bbox 1982 3831 3565 3904">
    <p class='ocr_par' dir='ltr' id='par_1_84' title="bbox 1982 3831 3565 3904">
     <span class='ocr_line' id='line_1_84' title="bbox 1982 3831 3565 3904; baseline 0.002 -16"><span class='ocrx_word' id='word_1_608' title='bbox 1982 3832 2246 3904; x_wconf 88' lang='lat' dir='ltr'><strong>quosdam</strong></span> <span class='ocrx_word' id='word_1_609' title='bbox 2285 3833 2375 3901; x_wconf 91' lang='lat' dir='ltr'><strong>qui</strong></span> <span class='ocrx_word' id='word_1_610' title='bbox 2417 3831 2577 3887; x_wconf 79' lang='lat' dir='ltr'><strong>facile</strong></span> <span class='ocrx_word' id='word_1_611' title='bbox 2628 3834 2799 3887; x_wconf 87' lang='lat' dir='ltr'><strong>averti</strong></span> <span class='ocrx_word' id='word_1_612' title='bbox 2854 3843 3083 3902; x_wconf 82' lang='lat' dir='ltr'><strong>possunt</strong></span> <span class='ocrx_word' id='word_1_613' title='bbox 3125 3850 3154 3889; x_wconf 92' lang='lat' dir='ltr'><strong>a</strong></span> <span class='ocrx_word' id='word_1_614' title='bbox 3185 3835 3431 3891; x_wconf 88' lang='lat' dir='ltr'><strong>veritatis</strong></span> <span class='ocrx_word' id='word_1_615' title='bbox 3468 3836 3565 3890; x_wconf 85' lang='lat' dir='ltr'><strong>do-</strong></span> 
     </span>
    </p>
   </div>
   <div class='ocr_carea' id='block_1_85' title="bbox 1983 3920 3565 3994">
    <p class='ocr_par' dir='ltr' id='par_1_85' title="bbox 1983 3920 3565 3994">
     <span class='ocr_line' id='line_1_85' title="bbox 1983 3920 3565 3994; baseline 0.005 -18"><span class='ocrx_word' id='word_1_616' title='bbox 1983 3922 2252 3994; x_wconf 77' lang='lat' dir='ltr'><strong>gmatibus</strong></span> <span class='ocrx_word' id='word_1_617' title='bbox 2300 3923 2595 3978; x_wconf 88' lang='lat' dir='ltr'><strong>abducunt.</strong></span> <span class='ocrx_word' id='word_1_618' title='bbox 2656 3920 2766 3978; x_wconf 87' lang='lat' dir='ltr'><strong>Sed</strong></span> <span class='ocrx_word' id='word_1_619' title='bbox 2798 3933 2852 3977; x_wconf 90' lang='lat' dir='ltr'><strong>et</strong></span> <span class='ocrx_word' id='word_1_620' title='bbox 2894 3924 3007 3979; x_wconf 75' lang='lat' dir='ltr'><strong>haec</strong></span> <span class='ocrx_word' id='word_1_621' title='bbox 3048 3925 3239 3980; x_wconf 89' lang='lat' dir='ltr'><strong>tollunt</strong></span> <span class='ocrx_word' id='word_1_622' title='bbox 3279 3929 3346 3983; x_wconf 85' lang='lat' dir='ltr'><strong>de</strong></span> <span class='ocrx_word' id='word_1_623' title='bbox 3384 3930 3565 3985; x_wconf 87' lang='lat' dir='ltr'><strong>medio</strong></span> 
     </span>
    </p>
   </div>
   <div class='ocr_carea' id='block_1_86' title="bbox 1983 4014 3563 4087">
    <p class='ocr_par' dir='ltr' id='par_1_86' title="bbox 1983 4014 3563 4087">
     <span class='ocr_line' id='line_1_86' title="bbox 1983 4014 3563 4087; baseline 0.003 -19"><span class='ocrx_word' id='word_1_624' title='bbox 1983 4029 2258 4068; x_wconf 89' lang='lat' dir='ltr'><strong>tnnrorum</strong></span> <span class='ocrx_word' id='word_1_625' title='bbox 2320 4014 2580 4068; x_wconf 75' lang='lat' dir='ltr'><strong>Ecclesia:</strong></span> <span class='ocrx_word' id='word_1_626' title='bbox 2628 4015 2903 4069; x_wconf 90' lang='lat' dir='ltr'><strong>custodes.</strong></span> <span class='ocrx_word' id='word_1_627' title='bbox 2974 4014 3156 4070; x_wconf 88' lang='lat' dir='ltr'><strong>Muros</strong></span> <span class='ocrx_word' id='word_1_628' title='bbox 3214 4027 3393 4071; x_wconf 88' lang='lat' dir='ltr'><strong>autem</strong></span> <span class='ocrx_word' id='word_1_629' title='bbox 3446 4019 3563 4087; x_wconf 81' lang='lat' dir='ltr'><strong>ejus</strong></span> 
     </span>
    </p>
   </div>
   <div class='ocr_carea' id='block_1_87' title="bbox 1982 4105 3557 4177">
    <p class='ocr_par' dir='ltr' id='par_1_87' title="bbox 1982 4105 3557 4177">
     <span class='ocr_line' id='line_1_87' title="bbox 1982 4105 3557 4177; baseline 0.004 -18"><span class='ocrx_word' id='word_1_630' title='bbox 1982 4105 2235 4169; x_wconf 89' lang='lat' dir='ltr'><strong>dicimus,</strong></span> <span class='ocrx_word' id='word_1_631' title='bbox 2297 4106 2543 4159; x_wconf 84' lang='lat' dir='ltr'><strong>veritatis</strong></span> <span class='ocrx_word' id='word_1_632' title='bbox 2594 4105 2903 4177; x_wconf 83' lang='lat' dir='ltr'><strong>dogmatum</strong></span> <span class='ocrx_word' id='word_1_633' title='bbox 2952 4108 3329 4174; x_wconf 85' lang='lat' dir='ltr'><strong>stabilitatem,</strong></span> <span class='ocrx_word' id='word_1_634' title='bbox 3366 4121 3557 4165; x_wconf 80' lang='lat' dir='ltr'><strong>contra</strong></span> 
     </span>
    </p>
   </div>
   <div class='ocr_carea' id='block_1_88' title="bbox 1981 4197 3563 4271">
    <p class='ocr_par' dir='ltr' id='par_1_88' title="bbox 1981 4197 3563 4271">
     <span class='ocr_line' id='line_1_88' title="bbox 1981 4197 3563 4271; baseline 0.005 -21"><span class='ocrx_word' id='word_1_635' title='bbox 1981 4211 2100 4261; x_wconf 76' lang='lat' dir='ltr'><strong>qua:</strong></span> <span class='ocrx_word' id='word_1_636' title='bbox 2146 4213 2246 4252; x_wconf 84' lang='lat' dir='ltr'><strong>nec</strong></span> <span class='ocrx_word' id='word_1_637' title='bbox 2293 4197 2592 4251; x_wconf 79' lang='lat' dir='ltr'><strong>inferorum</strong></span> <span class='ocrx_word' id='word_1_638' title='bbox 2640 4207 2811 4268; x_wconf 69' lang='lat' dir='ltr'><strong>porta:</strong></span> <span class='ocrx_word' id='word_1_639' title='bbox 2862 4201 3043 4256; x_wconf 83' lang='lat' dir='ltr'><strong>valere</strong></span> <span class='ocrx_word' id='word_1_640' title='bbox 3092 4213 3335 4271; x_wconf 83' lang='lat' dir='ltr'><strong>possunt.</strong></span> <span class='ocrx_word' id='word_1_641' title='bbox 3375 4223 3393 4255; x_wconf 79' lang='grc' dir='ltr'><strong>ι</strong></span> <span class='ocrx_word' id='word_1_642' title='bbox 3433 4204 3563 4258; x_wconf 82' lang='lat' dir='ltr'><strong>Tol-</strong></span> 
     </span>
    </p>
   </div>
   <div class='ocr_carea' id='block_1_89' title="bbox 1980 4288 3561 4363">
    <p class='ocr_par' dir='ltr' id='par_1_89' title="bbox 1980 4288 3561 4363">
     <span class='ocr_line' id='line_1_89' title="bbox 1980 4288 3561 4363; baseline 0.005 -21"><span class='ocrx_word' id='word_1_643' title='bbox 1980 4288 2074 4342; x_wconf 82' lang='lat' dir='ltr'><strong>lite</strong></span> <span class='ocrx_word' id='word_1_644' title='bbox 2131 4289 2296 4351; x_wconf 90' lang='lat' dir='ltr'><strong>enim,</strong></span> <span class='ocrx_word' id='word_1_645' title='bbox 2354 4290 2550 4359; x_wconf 85' lang='lat' dir='ltr'><strong>inquit,</strong></span> <span class='ocrx_word' id='word_1_646' title='bbox 2600 4291 2813 4360; x_wconf 79' lang='lat' dir='ltr'><strong>signum</strong></span> <span class='ocrx_word' id='word_1_647' title='bbox 2847 4294 2911 4346; x_wconf 89' lang='lat' dir='ltr'><strong>ad</strong></span> <span class='ocrx_word' id='word_1_648' title='bbox 2944 4305 3155 4363; x_wconf 77' lang='lat' dir='ltr'><strong>gentes.</strong></span> <span class='ocrx_word' id='word_1_649' title='bbox 3225 4295 3363 4350; x_wconf 87' lang='lat' dir='ltr'><strong>Ecce</strong></span> <span class='ocrx_word' id='word_1_650' title='bbox 3419 4298 3561 4351; x_wconf 85' lang='lat' dir='ltr'><strong>enim</strong></span> 
     </span>
    </p>
   </div>
   <div class='ocr_carea' id='block_1_90' title="bbox 1981 4378 3567 4453">
    <p class='ocr_par' dir='ltr' id='par_1_90' title="bbox 1981 4378 3567 4453">
     <span class='ocr_line' id='line_1_90' title="bbox 1981 4378 3567 4453; baseline 0.006 -22"><span class='ocrx_word' id='word_1_651' title='bbox 1981 4378 2244 4433; x_wconf 86' lang='lat' dir='ltr'><strong>Dominus</strong></span> <span class='ocrx_word' id='word_1_652' title='bbox 2270 4379 2396 4434; x_wconf 91' lang='lat' dir='ltr'><strong>fecit</strong></span> <span class='ocrx_word' id='word_1_653' title='bbox 2437 4388 2493 4433; x_wconf 90' lang='lat' dir='ltr'><strong>ttt</strong></span> <span class='ocrx_word' id='word_1_654' title='bbox 2530 4382 2786 4437; x_wconf 88' lang='lat' dir='ltr'><strong>audiatur</strong></span> <span class='ocrx_word' id='word_1_655' title='bbox 2812 4399 2983 4453; x_wconf 82' lang='lat' dir='ltr'><strong>usque</strong></span> <span class='ocrx_word' id='word_1_656' title='bbox 3012 4387 3076 4438; x_wconf 87' lang='lat' dir='ltr'><strong>ad</strong></span> <span class='ocrx_word' id='word_1_657' title='bbox 3107 4394 3385 4440; x_wconf 82' lang='lat' dir='ltr'><strong>extremos</strong></span> <span class='ocrx_word' id='word_1_658' title='bbox 3427 4387 3567 4441; x_wconf 87' lang='lat' dir='ltr'><strong>fines</strong></span> 
     </span>
    </p>
   </div>
   <div class='ocr_carea' id='block_1_91' title="bbox 297 4470 1878 4570">
    <p class='ocr_par' dir='ltr' id='par_1_91' title="bbox 297 4470 1877 4551">
     <span class='ocr_line' id='line_1_91' title="bbox 297 4470 1877 4551; baseline -0.003 -16"><span class='ocrx_word' id='word_1_659' title='bbox 297 4480 587 4551; x_wconf 82' lang='grc' dir='ltr'>δογμάτων</span> <span class='ocrx_word' id='word_1_660' title='bbox 627 4478 726 4550; x_wconf 83' lang='grc' dir='ltr'>τὴν</span> <span class='ocrx_word' id='word_1_661' title='bbox 767 4477 1113 4548; x_wconf 73' lang='grc' dir='ltr'>ἑδραιότητα,</span> <span class='ocrx_word' id='word_1_662' title='bbox 1157 4470 1232 4529; x_wconf 79' lang='grc' dir='ltr'>ὧν</span> <span class='ocrx_word' id='word_1_663' title='bbox 1264 4478 1364 4530; x_wconf 80' lang='grc' dir='ltr'>οὐκ</span> <span class='ocrx_word' id='word_1_664' title='bbox 1390 4476 1457 4530; x_wconf 79' lang='grc' dir='ltr'>ἂν</span> <span class='ocrx_word' id='word_1_665' title='bbox 1495 4477 1877 4547; x_wconf 85' lang='grc' dir='ltr'>κατισχύσαιεν</span> 
     </span>
    </p>
   </div>
   <div class='ocr_carea' id='block_1_92' title="bbox 1981 4470 3561 4570">
    <p class='ocr_par' dir='ltr' id='par_1_92' title="bbox 1984 4471 3561 4548">
     <span class='ocr_line' id='line_1_92' title="bbox 1984 4471 3561 4548; baseline 0.008 -29"><span class='ocrx_word' id='word_1_666' title='bbox 1984 4479 2163 4524; x_wconf 68' lang='lat' dir='ltr'><strong>terrae.</strong></span> <span class='ocrx_word' id='word_1_667' title='bbox 2186 4490 2204 4522; x_wconf 72' lang='grc' dir='ltr'><strong>ι</strong></span> <span class='ocrx_word' id='word_1_668' title='bbox 2226 4471 2291 4525; x_wconf 83' lang='lat' dir='ltr'><strong>Et</strong></span> <span class='ocrx_word' id='word_1_669' title='bbox 2316 4473 2574 4541; x_wconf 87' lang='lat' dir='ltr'><strong>quidnam</strong></span> <span class='ocrx_word' id='word_1_670' title='bbox 2601 4474 2702 4528; x_wconf 88' lang='lat' dir='ltr'><strong>hoc</strong></span> <span class='ocrx_word' id='word_1_671' title='bbox 2719 4475 2835 4528; x_wconf 85' lang='lat' dir='ltr'><strong>est?</strong></span> <span class='ocrx_word' id='word_1_672' title='bbox 2850 4473 2917 4529; x_wconf 89' lang='lat' dir='ltr'><strong>Ut</strong></span> <span class='ocrx_word' id='word_1_673' title='bbox 2938 4478 3189 4531; x_wconf 89' lang='lat' dir='ltr'><strong>audiatur</strong></span> <span class='ocrx_word' id='word_1_674' title='bbox 3208 4480 3308 4533; x_wconf 90' lang='lat' dir='ltr'><strong>hoc</strong></span> <span class='ocrx_word' id='word_1_675' title='bbox 3325 4478 3561 4548; x_wconf 80' lang='lat' dir='ltr'><strong>signum,</strong></span> 
     </span>
    </p>
   </div>
   <div class='ocr_carea' id='block_1_93' title="bbox 300 4562 1878 4643">
    <p class='ocr_par' dir='ltr' id='par_1_93' title="bbox 300 4566 1876 4643">
     <span class='ocr_line' id='line_1_93' title="bbox 300 4566 1876 4643; baseline -0.003 -17"><span class='ocrx_word' id='word_1_676' title='bbox 300 4573 359 4626; x_wconf 80' lang='grc' dir='ltr'>αι</span> <span class='ocrx_word' id='word_1_677' title='bbox 392 4572 519 4643; x_wconf 64' lang='grc' dir='ltr'>ᾅδου</span> <span class='ocrx_word' id='word_1_678' title='bbox 574 4569 763 4625; x_wconf 79' lang='grc' dir='ltr'>πύλαι.</span> <span class='ocrx_word' id='word_1_679' title='bbox 790 4586 809 4619; x_wconf 81' lang='grc' dir='ltr'><strong>ι</strong></span> <span class='ocrx_word' id='word_1_680' title='bbox 836 4570 1039 4639; x_wconf 74' lang='grc' dir='ltr'>Ἄρατε</span> <span class='ocrx_word' id='word_1_681' title='bbox 1076 4566 1186 4639; x_wconf 79' lang='grc' dir='ltr'><strong>γάρ</strong></span> <span class='ocrx_word' id='word_1_682' title='bbox 1235 4568 1534 4639; x_wconf 82' lang='grc' dir='ltr'>σύσσημον,</span> <span class='ocrx_word' id='word_1_683' title='bbox 1567 4570 1752 4640; x_wconf 76' lang='grc' dir='ltr'>φησὶν,</span> <span class='ocrx_word' id='word_1_684' title='bbox 1795 4571 1876 4633; x_wconf 88' lang='grc' dir='ltr'><strong>είς</strong></span> 
     </span>
    </p>
   </div>
   <div class='ocr_carea' id='block_1_94' title="bbox 1981 4562 3563 4643">
    <p class='ocr_par' dir='ltr' id='par_1_94' title="bbox 1985 4562 3563 4635">
     <span class='ocr_line' id='line_1_94' title="bbox 1985 4562 3563 4635; baseline 0.009 -23"><span class='ocrx_word' id='word_1_685' title='bbox 1985 4562 2125 4631; x_wconf 79' lang='lat' dir='ltr'><strong>quod</strong></span> <span class='ocrx_word' id='word_1_686' title='bbox 2155 4563 2221 4615; x_wconf 91' lang='lat' dir='ltr'><strong>ad</strong></span> <span class='ocrx_word' id='word_1_687' title='bbox 2252 4572 2439 4632; x_wconf 81' lang='lat' dir='ltr'><strong>gentes</strong></span> <span class='ocrx_word' id='word_1_688' title='bbox 2479 4573 2534 4619; x_wconf 92' lang='lat' dir='ltr'><strong>et</strong></span> <span class='ocrx_word' id='word_1_689' title='bbox 2561 4566 2628 4618; x_wconf 91' lang='lat' dir='ltr'><strong>ad</strong></span> <span class='ocrx_word' id='word_1_690' title='bbox 2656 4577 2899 4620; x_wconf 80' lang='lat' dir='ltr'><strong>extrema</strong></span> <span class='ocrx_word' id='word_1_691' title='bbox 2941 4576 3099 4623; x_wconf 63' lang='lat' dir='ltr'><strong>terra:</strong></span> <span class='ocrx_word' id='word_1_692' title='bbox 3127 4569 3420 4624; x_wconf 89' lang='lat' dir='ltr'><strong>tollendmn</strong></span> <span class='ocrx_word' id='word_1_693' title='bbox 3458 4572 3563 4635; x_wconf 77' lang='lat' dir='ltr'><strong>ait,</strong></span> 
     </span>
    </p>
   </div>
   <div class='ocr_carea' id='block_1_95' title="bbox 295 4658 1875 4734">
    <p class='ocr_par' dir='ltr' id='par_1_95' title="bbox 295 4658 1875 4734">
     <span class='ocr_line' id='line_1_95' title="bbox 295 4658 1875 4734; baseline -0.004 -17"><span class='ocrx_word' id='word_1_694' title='bbox 295 4662 370 4718; x_wconf 78' lang='grc' dir='ltr'>τὰ</span> <span class='ocrx_word' id='word_1_695' title='bbox 394 4662 544 4734; x_wconf 65' lang='grc' dir='ltr'>ἔθνη.</span> <span class='ocrx_word' id='word_1_696' title='bbox 591 4661 725 4715; x_wconf 80' lang='grc' dir='ltr'>Ἰδοὺ</span> <span class='ocrx_word' id='word_1_697' title='bbox 757 4658 867 4731; x_wconf 82' lang='grc' dir='ltr'>γὰρ</span> <span class='ocrx_word' id='word_1_698' title='bbox 916 4658 1123 4728; x_wconf 80' lang='grc' dir='ltr'>Κύριος</span> <span class='ocrx_word' id='word_1_699' title='bbox 1159 4659 1423 4712; x_wconf 76' lang='grc' dir='ltr'>ἀκουστὸν</span> <span class='ocrx_word' id='word_1_700' title='bbox 1467 4660 1723 4729; x_wconf 84' lang='grc' dir='ltr'>ἐποίησεν</span> <span class='ocrx_word' id='word_1_701' title='bbox 1771 4660 1875 4723; x_wconf 73' lang='grc' dir='ltr'>ἕως</span> 
     </span>
    </p>
   </div>
   <div class='ocr_carea' id='block_1_96' title="bbox 296 4743 1877 4822">
    <p class='ocr_par' dir='ltr' id='par_1_96' title="bbox 296 4743 1877 4822">
     <span class='ocr_line' id='line_1_96' title="bbox 296 4743 1877 4822; baseline -0.004 -17"><span class='ocrx_word' id='word_1_702' title='bbox 296 4752 530 4822; x_wconf 80' lang='grc' dir='ltr'>ἐσχάτου</span> <span class='ocrx_word' id='word_1_703' title='bbox 592 4749 693 4818; x_wconf 81' lang='grc' dir='ltr'>τῆς</span> <span class='ocrx_word' id='word_1_704' title='bbox 746 4748 868 4819; x_wconf 82' lang='grc' dir='ltr'>γῆς.</span> <span class='ocrx_word' id='word_1_705' title='bbox 898 4765 917 4799; x_wconf 75' lang='grc' dir='ltr'><strong>ι</strong></span> <span class='ocrx_word' id='word_1_706' title='bbox 960 4746 1070 4801; x_wconf 77' lang='grc' dir='ltr'><strong>Καὶ</strong></span> <span class='ocrx_word' id='word_1_707' title='bbox 1114 4747 1266 4798; x_wconf 82' lang='grc' dir='ltr'>ποῖον</span> <span class='ocrx_word' id='word_1_708' title='bbox 1311 4745 1419 4815; x_wconf 82' lang='grc' dir='ltr'><strong>ἀρα</strong></span> <span class='ocrx_word' id='word_1_709' title='bbox 1458 4743 1604 4797; x_wconf 83' lang='grc' dir='ltr'>τοῦτ’</span> <span class='ocrx_word' id='word_1_710' title='bbox 1650 4745 1764 4798; x_wconf 70' lang='grc' dir='ltr'>ἐστι</span> <span class='ocrx_word' id='word_1_711' title='bbox 1814 4745 1877 4799; x_wconf 82' lang='grc' dir='ltr'>τὸ</span> 
     </span>
    </p>
   </div>
   <div class='ocr_carea' id='block_1_97' title="bbox 295 4836 1877 4911">
    <p class='ocr_par' dir='ltr' id='par_1_97' title="bbox 295 4836 1877 4911">
     <span class='ocr_line' id='line_1_97' title="bbox 295 4836 1877 4911; baseline -0.003 -14"><span class='ocrx_word' id='word_1_712' title='bbox 295 4842 562 4897; x_wconf 83' lang='grc' dir='ltr'>ἀκουστὸν</span> <span class='ocrx_word' id='word_1_713' title='bbox 600 4840 901 4911; x_wconf 85' lang='grc' dir='ltr'>σύσσημον,</span> <span class='ocrx_word' id='word_1_714' title='bbox 926 4839 954 4892; x_wconf 84' lang='grc' dir='ltr'><strong>δ</strong></span> <span class='ocrx_word' id='word_1_715' title='bbox 983 4838 1081 4892; x_wconf 73' lang='grc' dir='ltr'><strong>καὶ</strong></span> <span class='ocrx_word' id='word_1_716' title='bbox 1101 4840 1215 4900; x_wconf 85' lang='grc' dir='ltr'>τοῖς</span> <span class='ocrx_word' id='word_1_717' title='bbox 1242 4836 1442 4900; x_wconf 67' lang='grc' dir='ltr'>ἔθνεσι,</span> <span class='ocrx_word' id='word_1_718' title='bbox 1472 4838 1567 4891; x_wconf 75' lang='grc' dir='ltr'>καὶ</span> <span class='ocrx_word' id='word_1_719' title='bbox 1590 4838 1694 4903; x_wconf 78' lang='grc' dir='ltr'>ἕως</span> <span class='ocrx_word' id='word_1_720' title='bbox 1719 4840 1877 4908; x_wconf 86' lang='grc' dir='ltr'>ἐσχά-</span> 
     </span>
    </p>
   </div>
   <div class='ocr_carea' id='block_1_98' title="bbox 295 4928 1877 5003">
    <p class='ocr_par' dir='ltr' id='par_1_98' title="bbox 295 4928 1877 5003">
     <span class='ocr_line' id='line_1_98' title="bbox 295 4928 1877 5003; baseline -0.001 -18"><span class='ocrx_word' id='word_1_721' title='bbox 295 4950 394 4988; x_wconf 86' lang='grc' dir='ltr'><strong>του</strong></span> <span class='ocrx_word' id='word_1_722' title='bbox 421 4934 520 5003; x_wconf 80' lang='grc' dir='ltr'>τῆς</span> <span class='ocrx_word' id='word_1_723' title='bbox 552 4933 655 5002; x_wconf 81' lang='grc' dir='ltr'>γῆς</span> <span class='ocrx_word' id='word_1_724' title='bbox 684 4931 920 5002; x_wconf 85' lang='grc' dir='ltr'>ἀρθῆναι</span> <span class='ocrx_word' id='word_1_725' title='bbox 949 4929 1059 4982; x_wconf 77' lang='grc' dir='ltr'>δεῖν</span> <span class='ocrx_word' id='word_1_726' title='bbox 1083 4928 1209 4997; x_wconf 79' lang='grc' dir='ltr'>ἔφη,</span> <span class='ocrx_word' id='word_1_727' title='bbox 1241 4928 1540 4991; x_wconf 87' lang='grc' dir='ltr'>τουτέστιν,</span> <span class='ocrx_word' id='word_1_728' title='bbox 1571 4929 1877 5000; x_wconf 81' lang='grc' dir='ltr'>ἐπαρθῆναί</span> 
     </span>
    </p>
   </div>
   <div class='ocr_carea' id='block_1_99' title="bbox 295 5020 1875 5092">
    <p class='ocr_par' dir='ltr' id='par_1_99' title="bbox 295 5020 1875 5092">
     <span class='ocr_line' id='line_1_99' title="bbox 295 5020 1875 5092; baseline 0.006 -15"><span class='ocrx_word' id='word_1_729' title='bbox 295 5042 357 5077; x_wconf 88' lang='grc' dir='ltr'><strong>τε</strong></span> <span class='ocrx_word' id='word_1_730' title='bbox 380 5025 476 5078; x_wconf 74' lang='grc' dir='ltr'>καὶ</span> <span class='ocrx_word' id='word_1_731' title='bbox 500 5024 755 5092; x_wconf 81' lang='grc' dir='ltr'>γενέσθαι</span> <span class='ocrx_word' id='word_1_732' title='bbox 781 5020 1207 5092; x_wconf 79' lang='grc' dir='ltr'>γνωριμώτατον</span> <span class='ocrx_word' id='word_1_733' title='bbox 1227 5020 1287 5072; x_wconf 83' lang='grc' dir='ltr'>τὸ</span> <span class='ocrx_word' id='word_1_734' title='bbox 1318 5020 1471 5091; x_wconf 78' lang='grc' dir='ltr'>ῥῆμα</span> <span class='ocrx_word' id='word_1_735' title='bbox 1493 5020 1593 5089; x_wconf 77' lang='grc' dir='ltr'><strong>τῆς</strong></span> <span class='ocrx_word' id='word_1_736' title='bbox 1618 5020 1875 5087; x_wconf 79' lang='grc' dir='ltr'>πίστεως,</span> 
     </span>
    </p>
   </div>
   <div class='ocr_carea' id='block_1_100' title="bbox 294 5109 1879 5183">
    <p class='ocr_par' dir='ltr' id='par_1_100' title="bbox 294 5109 1879 5183">
     <span class='ocr_line' id='line_1_100' title="bbox 294 5109 1879 5183; baseline -0.003 -16"><span class='ocrx_word' id='word_1_737' title='bbox 294 5115 324 5166; x_wconf 85' lang='grc' dir='ltr'>ὃ</span> <span class='ocrx_word' id='word_1_738' title='bbox 356 5112 729 5183; x_wconf 86' lang='grc' dir='ltr'>κηρύσσομεν,</span> <span class='ocrx_word' id='word_1_739' title='bbox 759 5111 795 5182; x_wconf 78' lang='grc' dir='ltr'>ἢ</span> <span class='ocrx_word' id='word_1_740' title='bbox 829 5112 973 5181; x_wconf 89' lang='grc' dir='ltr'>τάχα</span> <span class='ocrx_word' id='word_1_741' title='bbox 1002 5126 1104 5164; x_wconf 81' lang='grc' dir='ltr'><strong>που</strong></span> <span class='ocrx_word' id='word_1_742' title='bbox 1128 5112 1222 5167; x_wconf 76' lang='grc' dir='ltr'>καὶ</span> <span class='ocrx_word' id='word_1_743' title='bbox 1251 5109 1347 5162; x_wconf 89' lang='grc' dir='ltr'><strong>τοῦ</strong></span> <span class='ocrx_word' id='word_1_744' title='bbox 1379 5110 1647 5181; x_wconf 87' lang='grc' dir='ltr'>σωτηρίου</span> <span class='ocrx_word' id='word_1_745' title='bbox 1672 5111 1879 5173; x_wconf 78' lang='grc' dir='ltr'>πάθους</span> 
     </span>
    </p>
   </div>
   <div class='ocr_carea' id='block_1_101' title="bbox 294 5202 1875 5277">
    <p class='ocr_par' dir='ltr' id='par_1_101' title="bbox 294 5202 1875 5277">
     <span class='ocr_line' id='line_1_101' title="bbox 294 5202 1875 5277; baseline -0.001 -20"><span class='ocrx_word' id='word_1_746' title='bbox 294 5206 357 5260; x_wconf 81' lang='grc' dir='ltr'>τὸ</span> <span class='ocrx_word' id='word_1_747' title='bbox 392 5204 682 5277; x_wconf 78' lang='grc' dir='ltr'>σύμὸολον.</span> <span class='ocrx_word' id='word_1_748' title='bbox 713 5204 871 5257; x_wconf 81' lang='grc' dir='ltr'>Ἐστι</span> <span class='ocrx_word' id='word_1_749' title='bbox 892 5203 949 5257; x_wconf 82' lang='grc' dir='ltr'>δὲ</span> <span class='ocrx_word' id='word_1_750' title='bbox 979 5204 1077 5257; x_wconf 72' lang='grc' dir='ltr'>καὶ</span> <span class='ocrx_word' id='word_1_751' title='bbox 1107 5202 1264 5256; x_wconf 86' lang='grc' dir='ltr'>τοῦτο</span> <span class='ocrx_word' id='word_1_752' title='bbox 1287 5204 1387 5273; x_wconf 85' lang='grc' dir='ltr'>τῆς</span> <span class='ocrx_word' id='word_1_753' title='bbox 1420 5204 1656 5265; x_wconf 87' lang='grc' dir='ltr'>πίστεως</span> <span class='ocrx_word' id='word_1_754' title='bbox 1683 5203 1875 5273; x_wconf 84' lang='grc' dir='ltr'>ὁμολο-</span> 
     </span>
    </p>
   </div>
   <div class='ocr_carea' id='block_1_102' title="bbox 296 5293 1886 5365">
    <p class='ocr_par' dir='ltr' id='par_1_102' title="bbox 296 5293 1886 5365">
     <span class='ocr_line' id='line_1_102' title="bbox 296 5293 1886 5365; baseline -0.002 -15"><span class='ocrx_word' id='word_1_755' title='bbox 296 5296 411 5365; x_wconf 90' lang='grc' dir='ltr'>γία.</span> <span class='ocrx_word' id='word_1_756' title='bbox 455 5297 549 5349; x_wconf 84' lang='grc' dir='ltr'>Δεῖ</span> <span class='ocrx_word' id='word_1_757' title='bbox 579 5296 689 5365; x_wconf 84' lang='grc' dir='ltr'><strong>γὰρ</strong></span> <span class='ocrx_word' id='word_1_758' title='bbox 723 5296 917 5359; x_wconf 76' lang='grc' dir='ltr'>εἰπεῖν,</span> <span class='ocrx_word' id='word_1_759' title='bbox 953 5295 1036 5348; x_wconf 84' lang='grc' dir='ltr'>ὅτι</span> <span class='ocrx_word' id='word_1_760' title='bbox 1069 5293 1270 5365; x_wconf 80' lang='grc' dir='ltr'>Κύριος</span> <span class='ocrx_word' id='word_1_761' title='bbox 1309 5293 1547 5365; x_wconf 80' lang='grc' dir='ltr'>Ἰησοῦς,</span> <span class='ocrx_word' id='word_1_762' title='bbox 1596 5295 1886 5349; x_wconf 83' lang='grc' dir='ltr'>πιστεῦσαί</span> 
     </span>
    </p>
   </div>
   <div class='ocr_carea' id='block_1_103' title="bbox 294 5386 1885 5457">
    <p class='ocr_par' dir='ltr' id='par_1_103' title="bbox 294 5386 1885 5457">
     <span class='ocr_line' id='line_1_103' title="bbox 294 5386 1885 5457; baseline 0 -16"><span class='ocrx_word' id='word_1_763' title='bbox 294 5406 379 5453; x_wconf 83' lang='grc' dir='ltr'><strong>τε,</strong></span> <span class='ocrx_word' id='word_1_764' title='bbox 423 5389 506 5441; x_wconf 81' lang='grc' dir='ltr'>ὄτι</span> <span class='ocrx_word' id='word_1_765' title='bbox 545 5389 575 5440; x_wconf 83' lang='grc' dir='ltr'><strong>ὁ</strong></span> <span class='ocrx_word' id='word_1_766' title='bbox 610 5387 749 5449; x_wconf 81' lang='grc' dir='ltr'>Θεὸς</span> <span class='ocrx_word' id='word_1_767' title='bbox 789 5387 951 5441; x_wconf 82' lang='grc' dir='ltr'>αὑτὸν</span> <span class='ocrx_word' id='word_1_768' title='bbox 990 5386 1211 5455; x_wconf 74' lang='grc' dir='ltr'>ἡγειρεν</span> <span class='ocrx_word' id='word_1_769' title='bbox 1256 5387 1319 5439; x_wconf 88' lang='grc' dir='ltr'><strong>ἐκ</strong></span> <span class='ocrx_word' id='word_1_770' title='bbox 1364 5387 1594 5457; x_wconf 86' lang='grc' dir='ltr'>νεκρῶν.</span> <span class='ocrx_word' id='word_1_771' title='bbox 1629 5386 1797 5452; x_wconf 79' lang='grc' dir='ltr'>Σιῦζει</span> <span class='ocrx_word' id='word_1_772' title='bbox 1830 5387 1885 5441; x_wconf 83' lang='grc' dir='ltr'>δὲ</span> 
     </span>
    </p>
   </div>
   <div class='ocr_carea' id='block_1_104' title="bbox 296 5477 1885 5548">
    <p class='ocr_par' dir='ltr' id='par_1_104' title="bbox 296 5477 1885 5548">
     <span class='ocr_line' id='line_1_104' title="bbox 296 5477 1885 5548; baseline -0.003 -15"><span class='ocrx_word' id='word_1_773' title='bbox 296 5480 454 5535; x_wconf 76' lang='grc' dir='ltr'>τοῦτο</span> <span class='ocrx_word' id='word_1_774' title='bbox 483 5480 576 5533; x_wconf 56' lang='grc' dir='ltr'><strong>καὶ⁵</strong></span> <span class='ocrx_word' id='word_1_775' title='bbox 600 5481 664 5532; x_wconf 88' lang='grc' dir='ltr'><strong>ἐκ</strong></span> <span class='ocrx_word' id='word_1_776' title='bbox 687 5478 942 5543; x_wconf 87' lang='grc' dir='ltr'>θανάτου,</span> <span class='ocrx_word' id='word_1_777' title='bbox 970 5479 1065 5530; x_wconf 78' lang='grc' dir='ltr'><strong>καὶ</strong></span> <span class='ocrx_word' id='word_1_778' title='bbox 1094 5478 1385 5548; x_wconf 80' lang='grc' dir='ltr'>ἁμαρτίας.</span> <span class='ocrx_word' id='word_1_779' title='bbox 1416 5477 1625 5530; x_wconf 79' lang='grc' dir='ltr'>Οὐκοῦν</span> <span class='ocrx_word' id='word_1_780' title='bbox 1659 5479 1719 5530; x_wconf 81' lang='grc' dir='ltr'>οὐ</span> <span class='ocrx_word' id='word_1_781' title='bbox 1754 5480 1885 5532; x_wconf 84' lang='grc' dir='ltr'>Ἰου-</span> 
     </span>
    </p>
   </div>
   <div class='ocr_carea' id='block_1_105' title="bbox 293 5562 1882 5637">
    <p class='ocr_par' dir='ltr' id='par_1_105' title="bbox 293 5562 1882 5637">
     <span class='ocr_line' id='line_1_105' title="bbox 293 5562 1882 5637; baseline 0.002 -20"><span class='ocrx_word' id='word_1_782' title='bbox 293 5564 462 5617; x_wconf 77' lang='grc' dir='ltr'>δαίων</span> <span class='ocrx_word' id='word_1_783' title='bbox 497 5565 678 5635; x_wconf 77' lang='grc' dir='ltr'>μόνον,</span> <span class='ocrx_word' id='word_1_784' title='bbox 708 5564 844 5618; x_wconf 83' lang='grc' dir='ltr'>ἀλλὰ</span> <span class='ocrx_word' id='word_1_785' title='bbox 887 5564 980 5619; x_wconf 73' lang='grc' dir='ltr'><strong>καὶ</strong></span> <span class='ocrx_word' id='word_1_786' title='bbox 1013 5562 1202 5618; x_wconf 79' lang='grc' dir='ltr'>ἐθνῶν.</span> <span class='ocrx_word' id='word_1_787' title='bbox 1244 5565 1472 5635; x_wconf 79' lang='grc' dir='ltr'>Λῖρεται</span> <span class='ocrx_word' id='word_1_788' title='bbox 1507 5567 1615 5637; x_wconf 73' lang='grc' dir='ltr'>γὰρ</span> <span class='ocrx_word' id='word_1_789' title='bbox 1647 5567 1706 5619; x_wconf 75' lang='grc' dir='ltr'><strong>τδ</strong></span> <span class='ocrx_word' id='word_1_790' title='bbox 1754 5567 1882 5620; x_wconf 87' lang='grc' dir='ltr'>σύσ-</span> 
     </span>
    </p>
   </div>
   <div class='ocr_carea' id='block_1_106' title="bbox 367 5743 1896 5826">
    <p class='ocr_par' dir='ltr' id='par_1_106' title="bbox 367 5743 1896 5826">
     <span class='ocr_line' id='line_1_106' title="bbox 367 5743 1896 5826; baseline 0.003 -29"><span class='ocrx_word' id='word_1_791' title='bbox 367 5745 391 5777; x_wconf 68' lang='grc' dir='ltr'>δ</span> <span class='ocrx_word' id='word_1_792' title='bbox 426 5743 601 5798; x_wconf 82' lang='lat' dir='ltr'><strong>Calat.</strong></span> <span class='ocrx_word' id='word_1_793' title='bbox 634 5758 686 5812; x_wconf 79' lang='grc' dir='ltr'><strong>ν,</strong></span> <span class='ocrx_word' id='word_1_794' title='bbox 721 5744 811 5799; x_wconf 74' lang='lat' dir='ltr'><strong>ll;</strong></span> <span class='ocrx_word' id='word_1_795' title='bbox 886 5746 906 5778; x_wconf 85' lang='lat'>&#39;</span> <span class='ocrx_word' id='word_1_796' title='bbox 942 5744 1156 5810; x_wconf 74' lang='lat' dir='ltr'><strong>ibid.,2</strong></span> <span class='ocrx_word' id='word_1_797' title='bbox 1185 5744 1237 5799; x_wconf 66' lang='grc'>4.</span> <span class='ocrx_word' id='word_1_798' title='bbox 1302 5746 1337 5826; x_wconf 45' lang='grc'>,⁸</span> <span class='ocrx_word' id='word_1_799' title='bbox 1371 5744 1546 5801; x_wconf 86' lang='lat' dir='ltr'><strong>Galat.</strong></span> <span class='ocrx_word' id='word_1_800' title='bbox 1580 5761 1653 5814; x_wconf 85' lang='lat' dir='ltr'><strong>tv,</strong></span> <span class='ocrx_word' id='word_1_801' title='bbox 1688 5746 1896 5811; x_wconf 63' lang='lat'><strong>10,5”.</strong></span> 
     </span>
    </p>
   </div>
   <div class='ocr_carea' id='block_1_107' title="bbox 1986 4654 3572 4729">
    <p class='ocr_par' dir='ltr' id='par_1_107' title="bbox 1986 4654 3572 4729">
     <span class='ocr_line' id='line_1_107' title="bbox 1986 4654 3572 4729; baseline 0.007 -22"><span class='ocrx_word' id='word_1_802' title='bbox 1986 4654 2038 4708; x_wconf 91' lang='lat' dir='ltr'><strong>id</strong></span> <span class='ocrx_word' id='word_1_803' title='bbox 2089 4663 2177 4709; x_wconf 90' lang='lat' dir='ltr'><strong>est</strong></span> <span class='ocrx_word' id='word_1_804' title='bbox 2234 4656 2625 4721; x_wconf 77' lang='lat' dir='ltr'><strong>extollendum,</strong></span> <span class='ocrx_word' id='word_1_805' title='bbox 2679 4665 2734 4711; x_wconf 87' lang='lat' dir='ltr'><strong>et</strong></span> <span class='ocrx_word' id='word_1_806' title='bbox 2780 4660 2982 4727; x_wconf 88' lang='lat' dir='ltr'><strong>passim</strong></span> <span class='ocrx_word' id='word_1_807' title='bbox 3030 4660 3414 4729; x_wconf 76' lang='lat' dir='ltr'><strong>divulgandum</strong></span> <span class='ocrx_word' id='word_1_808' title='bbox 3457 4663 3572 4718; x_wconf 72' lang='lat' dir='ltr'><strong>hor:</strong></span> 
     </span>
    </p>
   </div>
   <div class='ocr_carea' id='block_1_108' title="bbox 1986 4745 3573 4822">
    <p class='ocr_par' dir='ltr' id='par_1_108' title="bbox 1986 4745 3573 4822">
     <span class='ocr_line' id='line_1_108' title="bbox 1986 4745 3573 4822; baseline 0.008 -23"><span class='ocrx_word' id='word_1_809' title='bbox 1986 4745 2211 4801; x_wconf 82' lang='lat' dir='ltr'><strong>verbum</strong></span> <span class='ocrx_word' id='word_1_810' title='bbox 2247 4747 2393 4813; x_wconf 79' lang='lat' dir='ltr'><strong>ﬁdei,</strong></span> <span class='ocrx_word' id='word_1_811' title='bbox 2418 4748 2563 4817; x_wconf 86' lang='lat' dir='ltr'><strong>quod</strong></span> <span class='ocrx_word' id='word_1_812' title='bbox 2597 4752 2978 4819; x_wconf 68' lang='lat' dir='ltr'><strong>praedicamus,</strong></span> <span class='ocrx_word' id='word_1_813' title='bbox 3012 4767 3104 4806; x_wconf 88' lang='lat' dir='ltr'><strong>seu</strong></span> <span class='ocrx_word' id='word_1_814' title='bbox 3132 4753 3270 4807; x_wconf 89' lang='lat' dir='ltr'><strong>forte</strong></span> <span class='ocrx_word' id='word_1_815' title='bbox 3294 4755 3573 4822; x_wconf 24' lang='lat' dir='ltr'><strong>passionis,</strong></span> 
     </span>
    </p>
   </div>
   <div class='ocr_carea' id='block_1_109' title="bbox 1983 4840 3562 4913">
    <p class='ocr_par' dir='ltr' id='par_1_109' title="bbox 1983 4840 3562 4913">
     <span class='ocr_line' id='line_1_109' title="bbox 1983 4840 3562 4913; baseline 0.005 -18"><span class='ocrx_word' id='word_1_816' title='bbox 1983 4840 2238 4896; x_wconf 84' lang='lat' dir='ltr'><strong>salutaris</strong></span> <span class='ocrx_word' id='word_1_817' title='bbox 2285 4842 2611 4911; x_wconf 84' lang='lat' dir='ltr'><strong>symbolum,</strong></span> <span class='ocrx_word' id='word_1_818' title='bbox 2657 4856 2820 4913; x_wconf 88' lang='lat' dir='ltr'><strong>atque</strong></span> <span class='ocrx_word' id='word_1_819' title='bbox 2884 4845 2934 4899; x_wconf 90' lang='lat' dir='ltr'><strong>id</strong></span> <span class='ocrx_word' id='word_1_820' title='bbox 2982 4853 3065 4901; x_wconf 87' lang='lat' dir='ltr'><strong>est</strong></span> <span class='ocrx_word' id='word_1_821' title='bbox 3102 4845 3223 4900; x_wconf 75' lang='lat' dir='ltr'><strong>fidei</strong></span> <span class='ocrx_word' id='word_1_822' title='bbox 3267 4847 3562 4903; x_wconf 86' lang='lat' dir='ltr'><strong>confessio.</strong></span> 
     </span>
    </p>
   </div>
   <div class='ocr_carea' id='block_1_110' title="bbox 1988 4932 3562 5006">
    <p class='ocr_par' dir='ltr' id='par_1_110' title="bbox 1988 4932 3562 5006">
     <span class='ocr_line' id='line_1_110' title="bbox 1988 4932 3562 5006; baseline 0.005 -18"><span class='ocrx_word' id='word_1_823' title='bbox 1988 4932 2215 5002; x_wconf 85' lang='lat' dir='ltr'><strong>Oportet</strong></span> <span class='ocrx_word' id='word_1_824' title='bbox 2268 4935 2411 4988; x_wconf 85' lang='lat' dir='ltr'><strong>enim</strong></span> <span class='ocrx_word' id='word_1_825' title='bbox 2481 4935 2661 4989; x_wconf 90' lang='lat' dir='ltr'><strong>dicere</strong></span> <span class='ocrx_word' id='word_1_826' title='bbox 2726 4937 3010 4991; x_wconf 89' lang='lat' dir='ltr'><strong>Dominum</strong></span> <span class='ocrx_word' id='word_1_827' title='bbox 3061 4953 3182 4992; x_wconf 88' lang='lat' dir='ltr'><strong>esse</strong></span> <span class='ocrx_word' id='word_1_828' title='bbox 3234 4938 3455 5006; x_wconf 86' lang='lat' dir='ltr'><strong>Jesum,</strong></span> <span class='ocrx_word' id='word_1_829' title='bbox 3496 4958 3562 4996; x_wconf 89' lang='lat' dir='ltr'><strong>ac</strong></span> 
     </span>
    </p>
   </div>
   <div class='ocr_carea' id='block_1_111' title="bbox 1980 5024 3567 5099">
    <p class='ocr_par' dir='ltr' id='par_1_111' title="bbox 1980 5024 3567 5099">
     <span class='ocr_line' id='line_1_111' title="bbox 1980 5024 3567 5099; baseline 0.006 -21"><span class='ocrx_word' id='word_1_830' title='bbox 1980 5027 2207 5079; x_wconf 89' lang='lat' dir='ltr'><strong>credere</strong></span> <span class='ocrx_word' id='word_1_831' title='bbox 2247 5024 2413 5080; x_wconf 86' lang='lat' dir='ltr'><strong>Deum</strong></span> <span class='ocrx_word' id='word_1_832' title='bbox 2453 5028 2723 5083; x_wconf 78' lang='lat' dir='ltr'><strong>excitasse</strong></span> <span class='ocrx_word' id='word_1_833' title='bbox 2768 5029 2940 5099; x_wconf 90' lang='lat' dir='ltr'><strong>ipsum</strong></span> <span class='ocrx_word' id='word_1_834' title='bbox 2975 5045 3006 5084; x_wconf 89' lang='lat' dir='ltr'><strong>e</strong></span> <span class='ocrx_word' id='word_1_835' title='bbox 3051 5033 3300 5087; x_wconf 88' lang='lat' dir='ltr'><strong>mortuis.</strong></span> <span class='ocrx_word' id='word_1_836' title='bbox 3366 5033 3567 5089; x_wconf 77' lang='lat' dir='ltr'><strong>Servat</strong></span> 
     </span>
    </p>
   </div>
   <div class='ocr_carea' id='block_1_112' title="bbox 1981 5118 3559 5192">
    <p class='ocr_par' dir='ltr' id='par_1_112' title="bbox 1981 5118 3559 5192">
     <span class='ocr_line' id='line_1_112' title="bbox 1981 5118 3559 5192; baseline 0.007 -24"><span class='ocrx_word' id='word_1_837' title='bbox 1981 5125 2159 5169; x_wconf 89' lang='lat' dir='ltr'><strong>autem</strong></span> <span class='ocrx_word' id='word_1_838' title='bbox 2191 5118 2292 5170; x_wconf 87' lang='lat' dir='ltr'><strong>hoc</strong></span> <span class='ocrx_word' id='word_1_839' title='bbox 2318 5133 2345 5169; x_wconf 90' lang='lat' dir='ltr'><strong>a</strong></span> <span class='ocrx_word' id='word_1_840' title='bbox 2376 5129 2551 5173; x_wconf 91' lang='lat' dir='ltr'><strong>morte</strong></span> <span class='ocrx_word' id='word_1_841' title='bbox 2578 5127 2631 5174; x_wconf 90' lang='lat' dir='ltr'><strong>et</strong></span> <span class='ocrx_word' id='word_1_842' title='bbox 2658 5133 2897 5188; x_wconf 83' lang='lat' dir='ltr'><strong>peccato.</strong></span> <span class='ocrx_word' id='word_1_843' title='bbox 2923 5122 3088 5192; x_wconf 86' lang='lat' dir='ltr'><strong>Igitur</strong></span> <span class='ocrx_word' id='word_1_844' title='bbox 3123 5141 3227 5179; x_wconf 92' lang='lat' dir='ltr'><strong>non</strong></span> <span class='ocrx_word' id='word_1_845' title='bbox 3252 5124 3559 5181; x_wconf 75' lang='lat' dir='ltr'><strong>Judzeorum</strong></span> 
     </span>
    </p>
   </div>
   <div class='ocr_carea' id='block_1_113' title="bbox 1984 5209 3561 5287">
    <p class='ocr_par' dir='ltr' id='par_1_113' title="bbox 1984 5209 3561 5287">
     <span class='ocr_line' id='line_1_113' title="bbox 1984 5209 3561 5287; baseline 0.006 -26"><span class='ocrx_word' id='word_1_846' title='bbox 1984 5209 2165 5273; x_wconf 89' lang='lat' dir='ltr'><strong>modo,</strong></span> <span class='ocrx_word' id='word_1_847' title='bbox 2193 5210 2287 5265; x_wconf 90' lang='lat' dir='ltr'><strong>sed</strong></span> <span class='ocrx_word' id='word_1_848' title='bbox 2319 5220 2371 5264; x_wconf 92' lang='lat' dir='ltr'><strong>et</strong></span> <span class='ocrx_word' id='word_1_849' title='bbox 2394 5214 2655 5280; x_wconf 80' lang='lat' dir='ltr'><strong>gentium.</strong></span> <span class='ocrx_word' id='word_1_850' title='bbox 2679 5212 2912 5269; x_wconf 82' lang='lat' dir='ltr'><strong>Tollitur</strong></span> <span class='ocrx_word' id='word_1_851' title='bbox 2936 5217 3076 5270; x_wconf 90' lang='lat' dir='ltr'><strong>enim</strong></span> <span class='ocrx_word' id='word_1_852' title='bbox 3100 5218 3334 5287; x_wconf 77' lang='lat' dir='ltr'><strong>signum.</strong></span> <span class='ocrx_word' id='word_1_853' title='bbox 3364 5221 3561 5272; x_wconf 86' lang='lat' dir='ltr'><strong>nonad</strong></span> 
     </span>
    </p>
   </div>
   <div class='ocr_carea' id='block_1_114' title="bbox 1983 5297 3565 5374">
    <p class='ocr_par' dir='ltr' id='par_1_114' title="bbox 1983 5297 3565 5374">
     <span class='ocr_line' id='line_1_114' title="bbox 1983 5297 3565 5374; baseline 0.008 -24"><span class='ocrx_word' id='word_1_854' title='bbox 1983 5297 2159 5352; x_wconf 91' lang='lat' dir='ltr'><strong>solum</strong></span> <span class='ocrx_word' id='word_1_855' title='bbox 2192 5301 2475 5356; x_wconf 86' lang='lat' dir='ltr'><strong>credentes</strong></span> <span class='ocrx_word' id='word_1_856' title='bbox 2505 5318 2571 5356; x_wconf 80' lang='lat' dir='ltr'><strong>ex</strong></span> <span class='ocrx_word' id='word_1_857' title='bbox 2613 5306 2876 5374; x_wconf 84' lang='lat' dir='ltr'><strong>sanguine</strong></span> <span class='ocrx_word' id='word_1_858' title='bbox 2901 5303 3089 5372; x_wconf 83' lang='lat' dir='ltr'><strong>Israel,</strong></span> <span class='ocrx_word' id='word_1_859' title='bbox 3117 5308 3210 5363; x_wconf 88' lang='lat' dir='ltr'><strong>sed</strong></span> <span class='ocrx_word' id='word_1_860' title='bbox 3255 5311 3322 5363; x_wconf 91' lang='lat' dir='ltr'><strong>ad</strong></span> <span class='ocrx_word' id='word_1_861' title='bbox 3368 5325 3565 5363; x_wconf 67' lang='lat' dir='ltr'><strong>omnes</strong></span> 
     </span>
    </p>
   </div>
   <div class='ocr_carea' id='block_1_115' title="bbox 1984 5389 3557 5468">
    <p class='ocr_par' dir='ltr' id='par_1_115' title="bbox 1984 5389 3557 5468">
     <span class='ocr_line' id='line_1_115' title="bbox 1984 5389 3557 5468; baseline 0.006 -25"><span class='ocrx_word' id='word_1_862' title='bbox 1984 5389 2184 5459; x_wconf 88' lang='lat' dir='ltr'><strong>ubique</strong></span> <span class='ocrx_word' id='word_1_863' title='bbox 2217 5393 2481 5460; x_wconf 84' lang='lat' dir='ltr'><strong>gentium.</strong></span> <span class='ocrx_word' id='word_1_864' title='bbox 2509 5393 2670 5449; x_wconf 86' lang='lat' dir='ltr'><strong>Orbis</strong></span> <span class='ocrx_word' id='word_1_865' title='bbox 2703 5412 2935 5468; x_wconf 86' lang='lat' dir='ltr'><strong>namque</strong></span> <span class='ocrx_word' id='word_1_866' title='bbox 2964 5408 3106 5452; x_wconf 88' lang='lat' dir='ltr'><strong>totus</strong></span> <span class='ocrx_word' id='word_1_867' title='bbox 3137 5400 3237 5453; x_wconf 88' lang='lat' dir='ltr'><strong>sub</strong></span> <span class='ocrx_word' id='word_1_868' title='bbox 3256 5400 3378 5454; x_wconf 71' lang='grc' dir='ltr'><strong>(εωΙὶ</strong></span> <span class='ocrx_word' id='word_1_869' title='bbox 3403 5416 3557 5456; x_wconf 91' lang='lat' dir='ltr'><strong>com-</strong></span> 
     </span>
    </p>
   </div>
   <div class='ocr_carea' id='block_1_116' title="bbox 1982 5479 3557 5564">
    <p class='ocr_par' dir='ltr' id='par_1_116' title="bbox 1982 5479 3557 5564">
     <span class='ocr_line' id='line_1_116' title="bbox 1982 5479 3557 5564; baseline 0.011 -34"><span class='ocrx_word' id='word_1_870' title='bbox 1982 5479 2138 5549; x_wconf 82' lang='lat' dir='ltr'><strong>plexu</strong></span> <span class='ocrx_word' id='word_1_871' title='bbox 2165 5486 2472 5556; x_wconf 78' lang='lat' dir='ltr'><strong>evangelica</strong></span> <span class='ocrx_word' id='word_1_872' title='bbox 2492 5489 2897 5557; x_wconf 75' lang='lat' dir='ltr'><strong>przedicatione,</strong></span> <span class='ocrx_word' id='word_1_873' title='bbox 2928 5501 3184 5559; x_wconf 84' lang='lat' dir='ltr'><strong>tanquam</strong></span> <span class='ocrx_word' id='word_1_874' title='bbox 3214 5493 3333 5557; x_wconf 90' lang='lat' dir='ltr'><strong>reti,</strong></span> <span class='ocrx_word' id='word_1_875' title='bbox 3361 5500 3557 5564; x_wconf 84' lang='lat' dir='ltr'><strong>captus</strong></span> 
     </span>
    </p>
   </div>
   <div class='ocr_carea' id='block_1_117' title="bbox 1980 5583 2081 5627">
    <p class='ocr_par' dir='ltr' id='par_1_117' title="bbox 1980 5583 2081 5627">
     <span class='ocr_line' id='line_1_117' title="bbox 1980 5583 2081 5627; baseline 0 0"><span class='ocrx_word' id='word_1_876' title='bbox 1980 5583 2081 5627; x_wconf 75' lang='lat' dir='ltr'><strong>(:Sl.</strong></span> 
     </span>
    </p>
   </div>
  </div>
