4148 6550
538 358 672 413 ista
1518 351 1573 401 s.
1616 342 1890 402 evntLLI
1933 342 2401 401 ALEXANDRINI
2444 340 2763 402 AnCmEP.
3648 343 3793 398 εςδεο

539 496 714 550 σημον
752 479 872 547 οὐχὶ
914 478 1093 547 μόνοις
1122 475 1232 536 τοῖς
1297 471 1650 524 πιστεύσασιν
1689 471 1747 535 ἐξ
1784 471 2015 540 αἵματος
2062 470 2299 541 Ἰσραὴλ,
2342 468 2478 523 ἀλλὰ
2544 469 2653 540 γάρ
2698 467 2791 520 καὶ
2824 469 2934 530 τοῖς
2974 466 3317 536 ἁπανταχόσε
3383 464 3521 535 γῆς’
3557 465 3796 534 σεσαγή-

537 588 724 627 νευται
757 570 865 640 γάρ
893 567 981 622 διά
1018 567 1127 619 τῶν
1156 561 1528 631 εὐαγγελικῶν
1555 561 1929 631 κηρυγμάτων
1961 562 1996 629 ἡ
2022 560 2114 613 ὑπ’
2152 562 2399 631 οὐρανόν.

618 662 780 715 \‘eas.
824 658 909 720 ll,
946 657 1029 710 l2.
1064 655 1235 709 Dicite
1275 654 1404 721 filim
1437 650 1565 705 Sion
1593 649 1769 705 :Ecre
1796 652 1888 703 tibi
1920 648 2107 705 Servu-

2274 652 2499 704 Εἴπατε
2548 649 2624 718 τῇ
2669 650 2911 719 θυγατρὶ
2965 648 3136 701 Σιών·
3178 647 3325 701 Ἰδού
3372 663 3469 701 σοι
3516 649 3549 700 ό
3591 643 3797 711 Σωτὴρ

542 766 626 809 tor
679 753 845 814 vertit,
892 749 1087 800 habens
1132 760 1284 798 suum
1336 746 1657 805 mercedem,
1725 750 1775 794 et
1835 757 1962 809 opus
1995 754 2115 794 ante

2226 739 2624 809 παραγέγονεν
2667 740 2823 807 ἔχων
2876 738 2983 791 τὸν
3037 737 3253 790 ἑαυτοῦ
3296 736 3537 806 μισθὸν,
3579 735 3681 787 καί
3733 732 3800 787 τὸ

545 845 731 913 {aciem
778 856 949 894 sitam.
1008 836 1075 890 Et
1109 835 1309 890 vocabit
1360 850 1478 887 eum
1530 834 1779 898 point/um
1822 842 2111 898 sanctum,

2226 831 2393 899 ἔργον
2432 830 2547 897 πρὸ
2587 829 2913 898 προσώπου
2949 826 3155 882 αὐτοῦ·
3193 828 3291 881 καί
3326 827 3573 881 καλέσει
3612 826 3801 879 αὑτὸν

544 938 862 1003 redemptum
892 948 924 983 α
956 929 1203 982 Domino.
1263 926 1342 979 Tu
1380 936 1553 979 autem
1572 925 1832 979 vocaberis
1869 925 2115 987 requisita

2226 920 2369 972 λαὸν
2421 919 2615 987 ἅγιον,
2658 919 3117 989 λελυτρωιμένον
3154 919 3271 971 ὑπὸ
3322 919 3564 986 Κυρίου·
3606 918 3692 971 σὺ
3733 917 3801 969 δὲ

544 1030 771 1092 civitas,
792 1036 848 1079 et
873 1039 976 1078 non
1010 1019 1283 1076 derelicta.

2226 1012 2500 1081 κληθήσῃ
2529 1012 2951 1081 ἐπιζητουμένη
2982 1014 3177 1077 πόλις,
3212 1011 3310 1063 καὶ
3339 1014 3449 1064 οὐκ
3475 1010 3799 1080 ἐγκαταλε-

941 1118 951 1123 “
996 1121 999 1123 ’
2216 1104 2525 1175 λειμμένη.

2288 1196 2731 1267 Προύπαγορεύει
2753 1194 2809 1248 δὲ
2844 1194 2936 1248 τοῦ
2966 1195 3216 1264 Σωτῆρος
3238 1194 3337 1265 τὴν
3365 1194 3567 1262 ἄφιξιν,
3601 1194 3703 1246 ὅσα
3739 1210 3799 1246 τε

2217 1291 2283 1343 δι’
2312 1291 2480 1360 αὐτῆς
2512 1289 2946 1360 κεκερδήκαμεν,
2971 1289 3172 1341 καὶτὸν
3199 1287 3559 1357 δοθησόμενον
3585 1289 3699 1349 τοῖς
3722 1288 3800 1350 εἰς

2218 1381 2381 1435 αὐτὸν
2403 1380 2717 1440 πιστεύουσι
2747 1380 2995 1433 πλοῦτον.
3023 1379 3307 1449 Θυγατέρα
3330 1395 3392 1446 γε
3418 1378 3523 1449 μὴν
3541 1376 3799 1447 ὀνομάζει

620 1198 954 1254 Ρτιειιιιιιιίειι
999 1184 1291 1249 adventum
1323 1190 1653 1253 Servatoris,
1688 1202 1744 1245 et
1766 1204 2117 1260 quacunque

547 1294 674 1346 inde
727 1290 919 1343 lucrati
963 1302 1188 1351 sumus,
1224 1300 1289 1339 ac
1333 1284 1553 1338 divitias
1600 1282 1805 1337 dandas
1846 1284 1897 1335 in
1932 1282 2107 1350 ipsum

547 1382 913 1437 credentibus.
953 1380 1142 1434 Filiam
1180 1376 1424 1430 nominat
1460 1376 1613 1429 Sion.
1659 1374 1787 1427 Sive
1818 1384 1997 1427 autem
2027 1388 2119 1427 ve-

551 1476 611 1527 lit
636 1474 760 1543 quis
792 1474 1070 1540 antiquam
1098 1470 1243 1522 illam
1272 1476 1459 1535 utpote
1475 1466 1589 1535 jam
1620 1466 1873 1532 adeptam
1898 1466 2119 1519 miseri-

551 1566 823 1627 cordiam,
875 1572 929 1616 et
955 1562 1058 1615 [ide
1087 1560 1460 1630 justilicatam,
1492 1558 1607 1610 sive
1661 1571 1882 1622 novam,
1932 1557 1987 1609 id
2032 1567 2119 1611 est

550 1657 850 1711 Ecclesium
881 1695 896 1717 ,
938 1654 1238 1720 intelligere
1272 1669 1285 1704 :
1321 1667 1425 1705 non
1464 1648 1697 1703 absurde
1729 1650 1949 1711 dixerit,
1974 1650 2118 1716 quod

553 1750 668 1803 haec
709 1748 780 1800 sit
832 1747 976 1800 illius
1008 1744 1189 1797 Sionis
1250 1742 1379 1796 lilia.
1435 1741 1603 1810 876
1661 1739 1826 1792 l’rimi
1861 1738 2005 1791 enim
2051 1752 2119 1790 ex

550 1839 811 1908 sanguine
846 1835 1062 1890 lsraelis
1091 1833 1306 1890 oriundi
1340 1835 1687 1885 crediderunt
1731 1847 1745 1882 :
1783 1839 1837 1882 et
1876 1830 2116 1897 gentium

547 1931 792 1986 Ecclesia
830 1930 976 1982 velut
1033 1928 1141 1981 lilia
1172 1927 1417 1995 quaedam
1445 1925 1588 1978 dicta
1616 1934 1701 1977 est
1733 1920 1851 1989 ejus
1887 1936 2004 1988 qua:
2052 1921 2119 1973 ab

544 2023 707 2075 initio
736 2020 934 2074 abillis
960 2018 1251 2073 constituta
1281 2026 1385 2069 est.
1425 2017 1492 2067 At
1540 2015 1737 2084 quibus
1770 2013 2023 2076 mandat,
2064 2022 2120 2064 ut

548 2112 902 2183 Evangelium
931 2092 1252 2165 annuntith
1274 2108 1427 2162 Sioni
1453 2107 1475 2160 ?
1530 2107 1719 2160 Annon
1746 2105 1965 2159 omnino
1991 2120 2119 2158 san-

544 2204 658 2259 ctis
679 2203 1007 2274 mystagogis
1026 2202 1119 2271 qui
1144 2198 1473 2267 praefuerunt
1499 2196 1778 2259 Eeclesiis,
1801 2212 1936 2265 quos
1957 2199 2118 2250 etiam

549 2292 712 2363 jussit
747 2294 959 2362 aperire
988 2303 1193 2360 portas,
1228 2301 1282 2345 et
1309 2291 1514 2359 lapides
1548 2289 1835 2358 diligenter
1860 2304 1890 2343 e
1946 2290 2121 2342 medio

551 2385 747 2440 tollere
764 2385 792 2435 7?
818 2384 955 2450 Quid
977 2393 1059 2437 est
1087 2383 1248 2450 igitur
1291 2384 1433 2450 quod
1471 2382 1842 2449 praedicatur?
1902 2399 1922 2430 ι
1982 2380 2121 2433 Ecce

558 2475 655 2529 tibi
690 2474 947 2529 Servatur
980 2470 1202 2524 advenit
1264 2468 1471 2522 habens
1509 2468 1807 2523 mercedem
1858 2482 2033 2527 suam,
2069 2474 2122 2516 et

554 2584 691 2637 opus
726 2574 853 2620 ante
883 2564 1076 2618 faciem
1106 2578 1280 2616 suam.
1322 2580 1339 2612 ι
1384 2559 1496 2613 Duo
1524 2559 1684 2613 simul
1725 2558 1897 2626 ponit,
1942 2556 2121 2609 divina

556 2668 613 2712 et
654 2656 879 2719 eximia,
912 2655 1054 2708 unde
1104 2650 1391 2706 manifesta
1445 2650 1538 2704 liat
1580 2648 1886 2703 Servatoris
1927 2647 2121 2717 gloria.

559 2750 733 2803 Divini
763 2748 907 2801 enim
956 2746 1233 2815 prophetae
1264 2742 1701 2796 exhortabantur
1730 2757 1848 2792 eam
1885 2741 1953 2792 ad
1999 2737 2122 2793 vita:

2217 1469 2317 1537 τὴν
2340 1468 2497 1521 Σιών.
2514 1470 2624 1521 Καὶ
2649 1471 2696 1521 εἰ
2734 1469 2829 1538 μὲν
2862 1468 3102 1538 βούλοιτό
3130 1486 3213 1531 τις
3232 1467 3330 1537 τὴν
3355 1467 3587 1538 ἀρχαίαν
3611 1468 3799 1519 ιοείτω

2208 1560 2293 1624 ηὼς
2342 1560 2650 1631 ἠλεημένην
2698 1561 2833 1629 ῆδη,
2870 1561 2967 1613 καὶ
3016 1559 3439 1629 δεδικαιωμένην
3488 1559 3546 1610 ἐν
3596 1558 3796 1611 πίστει.

2214 1650 2283 1703 Εἰ
2313 1652 2370 1703 δὲ
2397 1651 2460 1720 δὴ
2497 1652 2598 1722 τὴν
2635 1652 2781 1715 νέαν,
2805 1650 3051 1703 τουτέστι
3078 1649 3175 1720 τὴν
3207 1649 3554 1718 Ἐκκλησίαν,
3590 1648 3802 1715 λέγοιτο

2220 1743 2285 1796 ἂν
2308 1745 2407 1797 οὑκ
2432 1744 2737 1807 ἀπεικότως
2760 1744 2855 1797 καὶ
2887 1743 3028 1813 αὕτη
3059 1742 3306 1811 θυγάτηρ
3340 1737 3481 1795 εἶναι
3504 1741 3612 1810 τῆς
3640 1740 3799 1792 Σιών.

2220 1834 2436 1906 Πρῶτοι
2456 1835 2564 1903 γάρ
2588 1836 2637 1885 οἱ
2668 1835 2725 1900 ἐξ
2756 1834 2988 1903 αἵματος
3021 1831 3235 1903 Ἰσραὴλ
3259 1831 3683 1893 πεπιστεύκασι,
3709 1832 3805 1884 καὶ

2219 1922 2336 1981 οἷόν
2368 1944 2452 1989 τις
2476 1925 2717 1997 Θυγάτηρ
2750 1926 2849 1995 τῆς
2878 1925 2972 1978 ἀπ’
2993 1924 3175 1978 αὐτῶν
3205 1922 3478 1991 συστάσης
3506 1924 3562 1974 ὲν
3604 1923 3804 1992 ἀρχαῖς

2232 2021 2556 2091 Ἐκκλησίας
2588 2020 2621 2089 ἡ
2668 2018 2725 2083 ἐξ
2752 2016 2921 2069 ἐθνῶν
2963 2015 3309 2086 ὀνομάζεται.
3346 2016 3469 2067 Τίσι
3503 2013 3559 2067 δὲ
3591 2014 3806 2066 κελεύει

2220 2114 2281 2165 τὸ
2302 2110 2759 2180 εὐαγγελίσασθαι
2782 2112 2847 2178 τῇ
2872 2106 3038 2171 Σιὼνς
3068 2106 3100 2177 ἢ
3126 2107 3343 2169 πάντως
3366 2123 3470 2159 που
3494 2109 3609 2168 τοῖς
3630 2105 3807 2173 ἁγίοις

2226 2205 2604 2273 μυσταγωγοίς
2637 2204 2749 2263 τοῖς
2776 2198 3135 2269 καθηγεῖσθαι
3162 2196 3414 2268 λαχοῦσιν
3443 2197 3805 2267 Ἐκκλησιῶν,

2218 2288 2302 2357 οἷς
2326 2294 2420 2347 καὶ
2448 2292 2755 2361 ἀνοιγνύναι
2783 2290 2881 2354 τὰς
2909 2289 3100 2352 πύλας,
3125 2291 3219 2342 καὶ
3246 2291 3371 2352 τοὺς
3398 2289 3579 2352 λίθους
3608 2290 3673 2342 ὲκ
3711 2289 3808 2358 μέ-

2225 2404 2319 2439 σου
2350 2384 2692 2455 διαρῤίπτειν
2713 2379 2771 2436 εὖ
2801 2382 2946 2453 μάλα
2975 2380 3369 2450 παρεκελεύετο
3396 2398 3409 2445 ;
3435 2382 3500 2433 Τί
3526 2381 3581 2433 δὲ
3605 2381 3669 2451 δὴ
3696 2382 3810 2450 ἄρα

2222 2480 2283 2532 τὸ
2318 2478 2756 2549 κηρυττόμενον;
2784 2495 2802 2527 ι
2841 2475 2969 2529 Ἰδού
3008 2491 3087 2527 σοι
3120 2476 3149 2527 ὀ
3195 2474 3387 2545 Σωτὴρ
3420 2476 3810 2546 παραγέγονεν

2223 2568 2362 2639 ἔχων
2391 2569 2482 2621 τὸν
2515 2565 2708 2620 ἑαυτοῦ
2739 2565 2950 2636 μισθὸν.
2978 2566 3073 2618 καὶ
3091 2566 3152 2618 τὸ
3176 2565 3337 2636 ἔργον
3507 2552 3810 2634 προσώπου

2223 2658 2411 2713 αὑτοῦ.
2438 2677 2457 2709 ι
2478 2659 2581 2711 Δύο
2614 2658 2825 2727 τίθησιν
2854 2656 2989 2727 ὁμοῦ
3019 2657 3298 2726 θεοπρεπῆ
3324 2672 3384 2708 τε
3407 2657 3503 2709 καὶ
3526 2656 3810 2727 ἐξαίρετα,

2222 2752 2289 2805 δι’
2316 2745 2389 2803 ὧν
2424 2750 2489 2803 ἂν
2523 2749 2731 2818 γένοιτο
2764 2749 3079 2819 καταφανὴς
3106 2748 3202 2800 τοῦ
3230 2748 3480 2817 Σωτῆρος
3498 2749 3531 2817 ἠ
3566 2746 3715 2811 δόξα.
3744 2749 3811 2800 Oi

559 2840 903 2910 probitatem,
932 2846 987 2890 et
1018 2839 1084 2889 ad
1106 2833 1573 2889 conversationem
1606 2831 1708 2899 legi
1734 2839 2121 2901 congruentem

2229 2844 2325 2914 μὲν
2347 2843 2456 2913 γάρ
2482 2842 2760 2895 θεσπέσιοι
2787 2840 3061 2911 προφῆται
3089 2837 3432 2910 παρεκάλουν
3460 2840 3540 2901 εἰς
3570 2839 3813 2901 εύζωῖαν

555 2942 612 2985 «ιι
667 2934 971 2985 honestam.
1052 2927 1256 2980 Deinde
1336 2926 1700 2979 meminerant
1781 2922 2122 2991 prtemiorum

2226 2934 2414 3005 αὐτὴν,
2446 2935 2539 2987 καὶ
2570 2936 2646 2996 είς
2670 2933 2897 3002 ἐννομόν
2931 2949 2990 2984 τε
3025 2933 3119 2983 καὶ
3159 2932 3473 3001 εὐσχήμονα
3506 2931 3810 2985 πολιτείαν.

558 3040 677 3093 quae
702 3021 972 3092 accepturi
1009 3027 1163 3073 erant
1192 3017 1320 3071 olim
1354 3033 1383 3069 a
1419 3015 1549 3079 Deo,
1602 3014 1802 3084 quibus
1837 3028 1982 3066 cura:
2005 3022 2125 3066 erat

2227 3022 2379 3080 Εἶτα
2395 3026 2752 3095 διεμέμνηντο
2776 3023 2882 3075 τῶν
2913 3022 3112 3092 γερῶν,
3139 3024 3174 3077 ά
3205 3024 3356 3093 παρὰ
3385 3022 3521 3075 Θεοῦ
3546 3023 3815 3093 λήψονται

559 3127 706 3171 recte
736 3115 1006 3167 factorum
1031 3109 1237 3179 gloria;
1293 3108 1386 3161 sed
1418 3122 1524 3160 non
1574 3114 1731 3160 erant
1777 3104 1876 3174 ipsi
1912 3106 2126 3158 datores

2226 3118 2372 3173 κατὰ
2404 3118 2650 3188 καιροὺς,
2681 3110 2762 3179 οἷς
2800 3116 2865 3169 ἂν
2892 3115 3105 3183 γένοιτο
3137 3114 3197 3166 τὸ
3223 3115 3532 3183 εὐδοκιμεῖν
3556 3116 3614 3166 ὲν
3639 3114 3811 3183 λόγῳ,

556 3205 920 3277 spiritualium
938 3203 1353 3264 charismatum,
1384 3198 1476 3252 sed
1498 3197 1886 3266 prazdicebant,
1909 3195 2123 3261 ut.dixi,

2229 3210 2341 3264 ἀλλ’
2368 3210 2467 3262 οὐκ
2497 3210 2649 3261 αὐτοὶ
2690 3205 3049 3277 χαρισμάτων
3072 3205 3295 3275 δοτῆρες
3326 3201 3466 3275 ἦσαν
3493 3206 3600 3258 τῶν
3640 3222 3815 3257 πνευ-

559 3298 951 3371 promissiones
1002 3293 1118 3348 Dei.
1183 3291 1572 3347 Universorum
1611 3300 1791 3344 autem
1845 3288 2122 3351 Servatur,

2233 3300 2497 3371 ματικῶν.
2554 3299 2931 3369 Προηγόρευον
2982 3298 3075 3361 δὲ,
3128 3298 3203 3361 ὡς
3248 3298 3421 3368 ἔφην,
3484 3298 3816 3366 ὑποσχέσεις

560 3402 749 3461 utpote
785 3391 946 3451 Deus,
975 3387 1143 3441 habet
1172 3394 1492 3455 potestatem
1532 3383 1693 3436 dandi
1729 3382 2053 3445 mercedem,
2076 3389 2129 3434 et

2232 3394 2389 3446 Θεοῦ.
2433 3394 2491 3445 '0
2523 3393 2584 3445 δέ
2618 3410 2678 3459 γε
2720 3392 2831 3445 τῶν
2874 3392 3010 3445 ὅλων
3041 3391 3250 3464 Σωτὴρ,
3287 3393 3383 3445 ἆτε
3420 3391 3486 3463 δὴ
3534 3392 3667 3455 Θεὸς
3706 3394 3816 3445 ύπ-

558 3493 823 3554 prmterea
874 3478 1191 3546 dispiciendi
1223 3514 1239 3539 ,
1286 3475 1377 3542 qui
1425 3474 1615 3527 modus
1644 3474 1841 3541 cuique
1895 3473 2129 3538 etquod

557 3590 695 3645 opus
736 3572 1075 3625 tribuendum
1108 3569 1197 3621 sit.
1232 3567 1327 3621 Est
1352 3568 1494 3620 enim
1523 3566 1623 3619 hoc
1660 3566 1901 3617 divinum
1929 3602 1943 3616 .
1977 3563 2126 3616 Scri-

555 3676 711 3736 ptum
737 3676 968 3729 namque
989 3669 1070 3713 est
1103 3675 1116 3711 :
1146 3676 1163 3709 ι
1190 3657 1383 3711 Coram
1408 3658 1579 3710 oculis
1608 3656 1697 3709 Dei
1732 3663 1855 3709 sunt
1885 3654 1983 3707 via:
2006 3653 2127 3717 viri,

558 3769 858 3823 clunesque
901 3754 1123 3807 semitas
1161 3750 1276 3819 ejus
1309 3750 1621 3805 considerat
1648 3749 1691 3801 ⁷.
1734 3766 1753 3800 ι
1779 3777 1850 3786 -
1880 3764 1899 3798 ι
1944 3747 2130 3802 Veniet

561 3849 745 3919 igitur,
786 3864 805 3897 ι
850 3844 1059 3915 inquit,
1089 3861 1108 3894 ι
1144 3842 1348 3896 habens
1366 3854 1519 3894 suam
1556 3840 1880 3903 mercedem,
1912 3858 1929 3889 ι
1956 3840 2124 3905 idest,

557 3938 780 4008 premia
818 3938 950 3989 dans
988 3935 1072 3988 his
1127 3949 1263 4002 quos
1297 3947 1395 4000 par
1420 3942 1507 3986 est
1544 3929 1811 3999 accipere.
1850 3930 2127 4000 Siquidem

553 4012 743 4082 divino
772 4027 931 4080 l’etro
979 4035 1124 4079 recte
1172 4024 1330 4078 Iidem
1380 4021 1687 4087 conﬁtenti,
1720 4040 1737 4072 ι
1784 4022 1949 4085 Dabo,
1986 4039 2005 4073 ι
2044 4022 2129 4076 in-

565 4118 710 4185 quit,
752 4136 770 4169 ι
813 4117 905 4171 tibi
952 4116 1133 4171 claves
1157 4115 1305 4185 regni
1350 4114 1634 4168 cmlorum.
1685 4111 1749 4167 Et
1798 4128 2130 4182 quaecunque

558 4209 816 4280 ligaveris
843 4223 1007 4277 super
1060 4218 1259 4261 terram
1294 4244 1309 4268 ,
1360 4215 1521 4258 erunt
1564 4204 1728 4273 ligata
1772 4205 1825 4258 in
1861 4204 2034 4259 caelis.
2064 4204 2131 4259 Et

558 4314 895 4372 qna-cunque
928 4297 1157 4352 solveris
1209 4310 1371 4363 super
1406 4304 1628 4359 terram,
1678 4306 1838 4349 erunt
1862 4294 2038 4350 soluta
2072 4296 2127 4350 in

557 4392 715 4449 cadis
743 4392 787 4447 ⁸.
823 4409 842 4443 ι
883 4390 1039 4443 Dedit
1068 4397 1246 4439 autem
1276 4386 1329 4440 in
1372 4386 1684 4440 universum
1715 4388 1966 4440 omnibus
1999 4403 2133 4442 sal-

558 4486 664 4539 ctis
698 4482 955 4554 apostolis
992 4488 1313 4549 potestatem
1364 4489 1553 4532 contra
1602 4478 1909 4533 immundos
1961 4479 2127 4548 spiri-

559 4586 667 4639 tus,
704 4586 755 4627 et
788 4583 843 4627 ut
869 4579 1088 4642 possent
1112 4584 1303 4624 curare
1320 4585 1536 4624 onmem
1555 4572 1799 4625 morbum
1827 4581 1880 4626 et
1908 4587 2126 4626 omnem

558 4667 932 4722 inﬁrmitatem
969 4666 1019 4716 in
1049 4664 1251 4733 populo
1278 4664 1321 4716 ⁹.
1355 4664 1516 4718 Certe
1548 4672 1601 4717 et
1632 4664 1825 4718 latroni
1874 4663 2125 4733 pendenti

2230 3486 2439 3553 ἅρχων,
2470 3483 2582 3553 ἔχει
2612 3483 2674 3535 τὸ
2701 3482 2961 3537 δύνασθαι
2999 3484 3197 3537 διδόναι
3229 3483 3453 3553 μισθοὺς
3472 3524 3486 3547 ,
3523 3484 3617 3537 καὶ
3639 3500 3818 3554 προσ-

2230 3576 2498 3645 επιτούτῳ
2535 3574 2597 3627 τὸ
2644 3576 2846 3646 ὲφορᾷν
2885 3576 3098 3645 ἑκάστῳ
3148 3575 3240 3627 τὸν
3288 3575 3519 3645 τρόπον,
3570 3575 3689 3645 ἦτοι
3748 3575 3818 3627 τὸ

2229 3666 2389 3737 ἔργον
2411 3683 2423 3694 °
2449 3666 2747 3739 θεοπρεπὲς
2770 3668 2879 3739 γάρ
2902 3668 2996 3720 καὶ
3024 3666 3199 3719 τοῦτο.
3224 3667 3539 3738 Γέγραπται
3566 3667 3694 3737 γὰρ,
3725 3668 3818 3720 ὅτι

2236 3776 2253 3808 ι
2294 3758 2553 3810 Ἐνὼπιόν
2584 3760 2690 3811 εἰσι
2712 3758 2820 3811 τῶν
2844 3758 2939 3811 τοῦ
2960 3758 3096 3812 Θεοῦ
3119 3757 3417 3829 ὀφθαλμῶν
3447 3758 3555 3811 ὁδοὶ
3589 3759 3813 3828 ἀνδρὸς,

2229 3852 2308 3913 είς
2332 3850 2389 3903 δὲ
2417 3851 2595 3915 πάσας
2630 3852 2728 3913 τὰς
2751 3853 2974 3923 τροχιὰς
3001 3851 3167 3904 αὐτοῦ
3188 3852 3465 3906 σκοπεύει.
3498 3869 3620 3903 ι-‹
3645 3851 3817 3914 Ἥξει

2227 3942 2427 4005 τοίνυν,
2460 3962 2478 3993 ι
2522 3945 2706 4013 φησὶν,
2754 3963 2771 3995 ι
2808 3944 2946 4013 ἔχων
2989 3942 3078 3995 τὸν
3108 3942 3302 3995 ἑαυτοῦ
3344 3943 3556 4014 μισθὸν,
3587 3962 3605 3995 ι
3649 3959 3817 3995 τουτ-

2229 4030 2400 4092 έστιν,
2431 4031 2594 4094 αὐτὸς
2622 4031 2690 4083 τά
2716 4030 2855 4102 γέρα
2880 4031 3074 4095 διδοὺς,
3093 4026 3174 4095 οἷς
3200 4032 3269 4085 ἂν
3284 4033 3486 4102 πρέποι
3513 4033 3573 4085 τὸ
3596 4032 3813 4087 λαϐεῖν.

2228 4124 2337 4176 Καὶ
2376 4122 2507 4192 γοῦν
2548 4123 2941 4194 ὁμολογήσαντι
2995 4124 3094 4193 μὲν
3134 4125 3235 4193 τὴν
3274 4125 3454 4177 πίστιν
3504 4124 3678 4194 ὀρθῶς
3727 4125 3818 4194 τῷ

2229 4215 2498 4285 θεσπεσίῳ
2541 4216 2751 4287 Πέτρῳ,
2789 4234 2809 4266 ι
2834 4214 3000 4269 Δώσω
3038 4232 3141 4279 σοι,
3168 4235 3186 4267 ι
3222 4217 3374 4286 φησὶ,
3415 4236 3434 4267 ‹
3456 4216 3557 4279 τὰς
3589 4216 3817 4279 κλεῖδας

2227 4308 2327 4373 τῆς
2344 4305 2621 4373 βασιλείας
2635 4305 2741 4357 τῶν
2756 4305 3023 4377 οὐρανῶν,
3053 4306 3149 4358 καὶ
3162 4307 3263 4359 ὅσα
3278 4306 3374 4359 ἐὰν
3391 4307 3562 4379 δήσῃς
3588 4308 3681 4359 ἐπὶ
3703 4308 3818 4377 τῆς

2227 4396 2352 4465 γῆς,
2386 4396 2537 4449 ἔσται
2574 4396 2835 4466 δεδεμένα
2881 4399 2940 4450 ὲν
2965 4400 3077 4461 τοῖς
3120 4398 3387 4469 ούρανοῖς,
3432 4401 3525 4451 καὶ
3566 4399 3669 4453 ὅσα
3708 4400 3816 4452 ἐὰν

2228 4488 2396 4558 λύσῃς
2423 4488 2515 4540 ἐπὶ
2542 4491 2641 4557 τῆς
2670 4489 2793 4559 γῆς,
2811 4488 2965 4543 ἔσται
2986 4490 3254 4561 λελυμένα
3274 4494 3334 4544 ὲν
3358 4494 3470 4554 τοῖς
3496 4492 3769 4562 οὐρανοῖς.
3787 4511 3809 4543 ι

2241 4578 2559 4649 Ἑχαρίζετο
2586 4578 2642 4630 δὲ.
2677 4579 2772 4631 καὶ
2803 4579 3100 4652 συλλήϐδην
3123 4581 3295 4635 ἅπασι
3323 4585 3437 4645 τοῖς
3466 4582 3643 4651 ἁγίοις
3669 4584 3813 4635 ἀπο-

2232 4668 2437 4732 στόλοις
2474 4667 2612 4720 κατὰ
2660 4670 2987 4740 πνευμάτων
3032 4671 3359 4743 ἀκαθάρτων
3391 4672 3669 4737 ἐξουσίαν,
3710 4676 3813 4728 καὶ

558 4776 663 4814 una
701 4774 823 4812 cum
857 4756 973 4825 ipso
1006 4755 1143 4809 dixit
1169 4754 1327 4809 (idem
1372 4771 1479 4809 non
1520 4759 1812 4810 carituram
1842 4770 1941 4810 suo
1986 4769 2124 4823 prte-

2230 4760 2291 4811 τὸ
2317 4760 2639 4830 θεραπεύειν
2670 4760 2927 4814 δύνασθαι
2958 4764 3137 4816 πᾶσαν
3163 4766 3335 4827 νόσον,
3372 4766 3465 4818 καὶ
3491 4767 3672 4819 πᾶσαν
3700 4782 3813 4835 μα-

560 4853 711 4904 mio:
755 4866 773 4899 ι
814 4848 984 4900 Amen
1029 4846 1149 4900 dico
1177 4846 1292 4910 tibi,
1348 4846 1506 4900 hodie
1540 4862 1749 4901 mecum
1790 4847 1899 4901 eris
1934 4846 1985 4900 in
2031 4863 2125 4916 pa-

560 4940 741 4994 radiso
769 4938 838 4991 ¹⁹.
876 4956 895 4987 ι
925 4936 1057 4990 Cum
1093 4951 1223 5005 ergo
1247 4938 1495 5003 venerit,
1530 4955 1550 4987 ι
1585 4936 1759 5004 inquit
1782 4973 1796 5000 ,
1842 4953 1860 4987 ι
1898 4952 1993 4990 eos
2032 4938 2123 5005 qui

559 5030 790 5084 credunt
849 5028 902 5080 in
938 5027 1133 5093 ipsum,
1166 5045 1184 5077 ι
1220 5027 1432 5080 vocabit
1487 5024 1737 5095 populum
1778 5036 2023 5080 sanctum
2072 5037 2126 5081 et

562 5120 893 5188 redemptum
920 5133 949 5170 a
988 5116 1234 5173 Domine.
1274 5137 1293 5169 ι
1327 5116 1439 5171 Νοιι
1468 5117 1611 5170 enim
1631 5115 1857 5187 legatus,
1890 5133 1994 5171 non
2030 5134 2129 5172 an-

558 5212 729 5281 gelus,
766 5210 858 5263 sed
891 5211 1003 5278 ipse
1036 5208 1299 5265 Dominus
1341 5210 1582 5263 servavit
1631 5226 1747 5275 nos,
1795 5208 1952 5264 sicuti
1989 5212 2125 5265 scri-

557 5311 706 5371 ptum
731 5298 908 5353 est”.
931 5318 949 5351 ι
978 5299 1057 5353 Tu
1074 5309 1274 5365 autem,
1297 5314 1329 5353 ο
1353 5299 1502 5363 Sion,
1530 5316 1548 5348 ι
1572 5300 1684 5354 sive
1707 5299 1966 5361 Ecclesia,
1988 5319 2005 5351 ι
2034 5316 2125 5354 vo-

559 5390 774 5445 caberis
815 5391 1074 5459 requisita
1106 5390 1299 5444 civitas
1328 5400 1381 5444 et
1418 5406 1521 5442 non
1551 5389 1830 5443 derelicta.
1879 5409 1895 5440 ι
1927 5389 2128 5458 Requi-

561 5484 718 5540 sitam
777 5481 936 5548 dicit,
989 5492 1044 5536 et
1081 5482 1340 5535 memoria
1387 5483 1620 5550 dignam.
1691 5481 1925 5536 Tenetur
1983 5485 2125 5536 enim

562 5574 822 5629 memoria
845 5575 987 5644 quod
1036 5575 1313 5643 qutcritur.
1368 5571 1433 5625 Et
1478 5588 1581 5626 non
1609 5573 1883 5636 derelicta,
1927 5582 1983 5626 ut
2017 5575 2127 5641 pri—

636 5744 658 5777 "
694 5744 853 5800 Prov.
883 5761 932 5813 v,
968 5746 1057 5799 9.1.
1133 5747 1154 5777 ⁸
1196 5746 1384 5803 Matth.
1418 5763 1525 5815 xvi,
1564 5748 1642 5801 l9.
1721 5751 1755 5816 ν,
1779 5747 1967 5801 Matth.
2004 5764 2079 5815 tv,
2113 5750 2204 5805 ‘25.

2232 4848 2425 4901 λακίαν
2459 4850 2517 4900 ὲν
2546 4849 2622 4919 τῷ
2665 4849 2797 4920 λαῷ.
2836 4851 2947 4905 Ναὶ
2991 4852 3095 4923 μὴν
3132 4852 3332 4923 καὶτῷ
3365 4856 3814 4927 συγκρεμαμένῳ

2232 4938 2401 5009 λῃστῇ
2450 4938 2549 5009 τὴν
2610 4940 2790 4992 πίστιν
2839 4942 2939 4994 οὐκ
2997 4942 3228 5012 ἄμισθον
3259 4943 3430 4996 εἰπὼν
3480 4945 3809 5016 ἀπέφηνενο

2239 5047 2256 5079 ι
2296 5028 2466 5099 Ἀμὴν
2509 5029 2653 5097 λέγω
2700 5046 2801 5095 σοι,
2855 5033 3094 5102 σήμερον
3128 5033 3247 5103 μετ’
3285 5034 3422 5103 ἐμοῦ
3455 5035 3554 5107 ἔσῃ
3611 5039 3671 5090 ἐν
3724 5038 3812 5109 τῷ

2236 5120 2565 5191 παραδείσῳ.
2592 5141 2609 5171 ι
2644 5122 2965 5193 ’Δφιγμένος
2992 5124 3056 5195 δὴ
3090 5121 3203 5192 οὖν,
3242 5128 3395 5195 φησὶ,
3426 5129 3551 5191 τοὺς
3593 5128 3693 5197 μὲν
3723 5132 3812 5193 εις

2239 5212 2399 5264 αύτὸν
2441 5212 2793 5277 πιστεύοντας
2830 5233 2850 5264 ι
2880 5216 3096 5268 καλέσει
3143 5216 3271 5271 λαὸν
3298 5217 3473 5286 ἅγιον,
3518 5222 3613 5273 καὶ
3650 5221 3809 5273 λελυ-

2229 5303 2507 5371 τρωμένον
2532 5303 2644 5356 ἀπὸ
2677 5304 2902 5375 Κυρίου.
2933 5324 2952 5356 ι
2979 5306 3052 5359 Ού
3082 5307 3189 5378 γάρ
3219 5309 3481 5378 πρέσϐυς,
3509 5312 3610 5364 ούκ
3638 5311 3807 5379 ἄγγε-

2228 5389 2339 5452 λος,
2372 5389 2487 5442 ἀλλ’
2522 5392 2682 5454 αὐτὸς
2710 5394 2738 5443 ὀ
2764 5393 2967 5463 Κύριος
2996 5394 3200 5449 ἔσωσεν
3227 5399 3397 5467 ἡμᾶς,
3422 5399 3565 5453 καθά
3596 5402 3808 5473 γέγρα-

2231 5496 2393 5535 πται⁶
2421 5502 2438 5533 ι
2468 5483 2541 5535 Συ
2573 5484 2651 5547 δὲ,
2689 5483 2848 5549 Σιὼν,
2885 5506 2903 5536 i
2937 5487 3105 5557 ῆγουν
3141 5488 3457 5559 Ἐκκλησία,
3494 5511 3512 5544 ι
3554 5492 3802 5565 κληθήσῃ

2230 5570 2626 5645 ἐπιζητουμένη
2676 5575 2863 5640 πόλις,
2897 5577 2992 5629 καὶ
3033 5578 3133 5632 οὐκ
3179 5568 3744 5657 ἐγκαταλελειμμένηέ
3776 5608 3797 5639 ι

2284 5753 2324 5782 ¹⁰
2354 5750 2486 5805 Luc.
2524 5770 2674 5821 χχιιι,
2711 5754 2798 5810 45.
2896 5757 3085 5830 '°‘_lsa.
3122 5774 3278 5828 um,
3313 5764 3345 5816 9
