4096 6520
534 349 676 407 δὶὸὃδ

1521 347 1579 402 S.
1616 346 1890 403 CYRILLI
1931 346 2400 403 ALEXANDle
2440 348 2760 407 ARCHLEP.

3659 356 3797 409 1385

542 463 690 516 victo
733 461 1039 530 prmditum.
1109 459 1221 513 lloc
1283 474 1518 529 namque
1567 463 1731 517 credo
1776 462 2096 516 subindicar:

2219 462 2375 531 δόξης
2414 461 2642 532 ἔμπλεοι
2691 468 3027 521 κατεθεῶντο
3078 468 3347 540 Χριστὸν,
3398 471 3447 521 εἰ
3492 470 3584 522 καὶ
3620 464 3692 539 ἦν
3738 473 3799 523 ὲν

539 556 933 621 spectaculum.
987 550 1452 621 Interrogantibus
1511 554 1690 621 itaque
1743 553 1968 624 angelis,
2028 552 2110 608 vel

534 648 678 703 inter
710 661 830 699 sese
868 644 1269 711 quaerentibus:
1301 662 1321 695 ι
1358 642 1492 711 Quis
1524 656 1608 698 est
1636 645 1766 698 hic?
1810 665 1827 695 ο
1867 658 2097 714 respon-

533 741 627 795 det
658 747 712 792 et
749 735 924 805 inquit
963 752 976 788 :
1029 753 1049 786 ι
1084 734 1197 804 Ego
1221 735 1414 804 loquor
1437 736 1700 804 justitiam
1740 744 1796 789 et
1840 736 2108 805 judicium

534 832 744 887 salutis.
789 848 809 881 ι
846 828 1122 884 Justitiam
1156 839 1333 893 vocat,
1365 829 1447 883 vel
1488 829 1856 895 evangelicam
1888 839 1944 884 et
1973 831 2109 884 divi-

536 939 660 977 nam
722 920 1191 991 prmdicationem,
1251 921 1329 976 vel
1385 923 1528 991 quod
1580 925 1756 977 omnis
1802 924 1893 977 Del
1934 924 2111 977 oratio

528 1012 673 1081 justa
707 1013 794 1065 sit.
832 1010 1032 1065 Salutis
1058 1012 1323 1080 judicium
1369 1013 1624 1082 appellat,
1663 1016 1804 1083 quod
1841 1015 1910 1069 de
1955 1017 2110 1071 nobis

532 1112 620 1157 est
664 1102 949 1172 judicium.
988 1102 1250 1156 lndicavit
1306 1104 1452 1157 enim
1502 1105 1689 1158 orbem
1745 1116 1798 1159 et
1848 1107 2105 1160 Satanam

531 1197 621 1263 qui
654 1211 776 1250 eum
815 1194 1008 1262 injuria
1036 1205 1401 1264 oppresserat,
1438 1198 1782 1267 servavitque
1842 1200 2108 1254 intolera-

534 1287 624 1339 bili
659 1287 940 1356 tyrannide
966 1296 1244 1353 gravatos,
1282 1294 1337 1339 et
1366 1287 1593 1354 imperio
1625 1287 1675 1339 in
1713 1288 1829 1342 illos
1882 1303 1980 1343 suo
2015 1292 2107 1343 de-

527 1376 659 1445 jecit
691 1386 991 1445 apostatam
1030 1389 1084 1430 et
1116 1378 1378 1431 alienum.
1430 1376 1619 1446 Itaque
1659 1381 1791 1433 dixit
1827 1398 1841 1436 :
1884 1400 1902 1432 ι
1948 1380 2103 1436 Judi-

532 1470 673 1524 cium
716 1484 857 1523 mruc
888 1478 969 1522 est
998 1469 1155 1534 hujus
1190 1472 1399 1522 mundi.
1441 1468 1593 1523 Nunc
1636 1473 1888 1541 princeps
1920 1474 2105 1526 mundi

531 1561 691 1629 hujus
723 1558 974 1627 ejicietur
998 1559 1162 1615 foras.
1215 1560 1278 1613 Et
1318 1575 1416 1628 ego
1453 1562 1496 1615 si
1530 1562 1808 1615 exaltatus
1855 1561 2009 1615 fuero
2038 1562 2107 1616 de

532 1660 698 1715 terra,
734 1665 922 1705 omnes
959 1653 1171 1704 traham
1196 1653 1261 1704 ad
1292 1653 1554 1721 meipsum
1590 1654 1655 1706 η.
1702 1673 1719 1704 ι
1770 1654 1897 1709 llaec
1926 1655 2107 1723 itaque

527 1742 745 1796 Christo
795 1742 1028 1807 dicente,
1073 1758 1262 1797 rursus
1302 1757 1750 1812 percunctantur,
1801 1754 1853 1799 et
1895 1747 2047 1800 aiunt
2085 1761 2099 1797 :

528 1836 774 1905 «.Qnare
802 1836 963 1888 rubra
1004 1843 1131 1889 sunt
1167 1838 1494 1891 vestimenta
1537 1848 1624 1890 tua
1676 1849 1729 1891 et
1783 1838 2099 1893 indumenta
2135 1815 2176 1873 Β

528 1933 656 1992 tua,
693 1928 836 1980 velut
881 1942 945 1980 ex
1000 1927 1255 1980 toreulari
1295 1928 1453 1996 pleno
1484 1928 1742 1982 calcato?
1784 1948 1800 1980 ι
1839 1928 1933 1983 Hic
1970 1929 2100 1982 mihi

527 2026 713 2084 repete
781 2017 1039 2070 tuctnoria
1088 2017 1232 2084 quod
1285 2018 1591 2085 patriarcha
1639 2016 1874 2072 Jacobus
1923 2019 2098 2073 dixit:

524 2125 552 2157 v
585 2107 813 2161 Lavabit
846 2108 896 2161 in
935 2108 1061 2161 vino
1092 2109 1291 2163 stolam
1329 2125 1507 2172 suam,
1530 2119 1584 2162 et
1617 2110 1669 2161 in
1699 2111 1957 2178 sanguine
1988 2125 2102 2163 uva:

522 2197 782 2250 amictum
831 2213 985 2250 suum
1016 2198 1081 2252 υ.
1142 2218 1161 2250 ›
1208 2198 1400 2253 Tincta
1431 2200 1576 2254 enim
1632 2201 1894 2269 sanguine
1947 2200 2102 2253 indu-

524 2298 709 2342 menta
740 2289 1101 2359 apparebant,
1134 2299 1190 2344 et
1227 2300 1478 2359 tauquam
1511 2301 1688 2345 musto
1736 2291 1976 2345 colorata
2008 2308 2100 2346 ru-

520 2381 679 2434 bore.
718 2380 923 2435 Deinde
975 2381 1169 2434 iterum
1204 2381 1473 2437 Servatur
1508 2400 1522 2436 :
1582 2400 1601 2433 ι
1632 2381 1701 2436 Ει
1745 2398 1811 2437 ex
1848 2383 2098 2452 gentibus

522 2488 683 2527 nemo
710 2471 811 2526 fuit
839 2487 1071 2527 mecum.
1123 2493 1142 2526 ι
1176 2474 1465 2530 Colimreut
1512 2490 1635 2529 cum
1686 2476 1931 2529 oratione
1961 2475 2095 2540 haec,

520 2576 579 2621 et
604 2576 998 2621 connectuntur
1043 2581 1165 2620 cum
1223 2566 1617 2634 superioribus.
1693 2585 1711 2617 ‹
1776 2566 1885 2637 Ego
1916 2568 2096 2631 enim,

522 2656 719 2726 inquit,
754 2656 946 2725 loquor
976 2657 1244 2725 justitiam
1269 2657 1605 2725 etjudicium
1641 2658 1917 2726 salutaris,
1950 2668 2006 2714 et
2031 2674 2097 2713 ex

523 2750 779 2819 gentibus
820 2764 928 2803 non
962 2756 1047 2803 est
1078 2749 1163 2802 vir
1197 2764 1430 2804 mecum.
1479 2767 1498 2799 ι
1541 2747 1729 2817 Nemo,
1760 2750 1958 2820 inquit,
1996 2765 2093 2818 pa-

524 2840 677 2893 tienti
725 2839 856 2893 mihi
900 2839 1095 2894 adfuit.
1140 2839 1313 2894 Nemo
1351 2855 1415 2893 ex
1455 2840 1559 2894 ulla
1607 2852 1766 2910 gente
1794 2842 2094 2897 condoluit.

520 2928 588 2983 Et
616 2940 875 2999 quantum
904 2932 969 2985 ad
1001 2932 1247 2987 homines
1274 2933 1490 2995 attinet,
1512 2934 1658 2986 omni
1688 2949 1911 3002 prorsus
1936 2938 2094 2988 auxi-

522 3023 597 3076 lio
624 3024 918 3077 destitutus
950 3023 1073 3088 fuit,
1107 3023 1330 3078 cohorte
1364 3025 1595 3078 militum
1647 3036 1703 3081 et
1752 3027 2095 3084 humanitate

524 3112 890 3166 ministrorum
938 3114 1230 3167 insultante
1271 3132 1285 3167 :

521 3201 646 3255 lista
676 3213 880 3267 narrat,
912 3203 1059 3277 illum
1098 3204 1163 3255 ad
1203 3203 1461 3272 Caipham
1500 3206 1857 3259 adduxerunt.
1896 3224 1915 3256 ι
1960 3205 2095 3260 Tum

521 3308 714 3348 omnes
770 3294 1041 3363 discipuli,
1078 3295 1273 3363 inquit,
1308 3310 1374 3349 eo
1426 3294 1632 3362 relicto,
1673 3295 1928 3367 fugerunt
1966 3298 2028 3352 ¹⁸.
2072 3317 2093 3352 υ

522 3382 720 3436 Verum
749 3383 879 3436 illud
916 3386 1079 3437 etiam
1109 3385 1359 3453 praedixit
1386 3382 1671 3439 Christus:
1697 3404 1715 3435 ‹
1749 3388 1885 3441 Ecce
1928 3391 2095 3451 cnim,

521 3474 741 3543 inquit,
814 3475 959 3527 venit
1012 3476 1141 3529 hora
1186 3486 1241 3528 et
1289 3477 1462 3538 adest,
1514 3487 1570 3528 ut
1633 3477 1861 3545 quisque
1895 3478 2099 3546 disper-

519 3566 723 3635 gamini
757 3566 824 3619 ad
870 3580 965 3619 sua
992 3604 1008 3629 ,
1059 3574 1112 3619 et
1149 3581 1235 3619 me
1275 3566 1451 3620 solum
1490 3566 1831 3634 relinquatis.
1879 3567 1944 3620 Et
1992 3584 2095 3622 non

520 3674 639 3712 sum
675 3658 844 3723 solus,
876 3660 1000 3727 quia
1034 3658 1199 3714 Pater
1231 3674 1442 3713 mecum
1467 3669 1551 3714 est
1574 3660 1641 3712 '°.
1677 3678 1696 3711 ι
1750 3660 1897 3713 Dixit
1927 3660 2093 3714 etiam

519 3749 634 3823 lyra
664 3748 948 3804 Psalleutis
987 3765 1002 3801 :
1054 3767 1073 3801 ι
1116 3750 1511 3820 Improperium
1552 3750 1886 3820 exspectavit
1916 3752 2092 3805 anima

518 3857 660 3907 mea,
715 3850 769 3897 et
806 3841 1120 3905 miseriam;
1156 3851 1212 3896 et
1246 3842 1558 3911 exspectavi
1613 3843 1705 3911 qui
1756 3842 1916 3895 simul
1962 3857 2094 3896 con-

519 3932 853 3999 tristaretur,
887 3941 943 3988 et
962 3948 1068 3988 non
1093 3932 1215 3997 iuit,
1246 3944 1304 3987 et
1331 3935 1422 4002 qui
1447 3934 1846 3998 consolaretur,
1905 3944 2090 3989 etnon

518 4024 722 4080 inveni.
760 4024 1031 4079 Dederunt
1070 4024 1122 4077 in
1149 4038 1333 4078 escam
1361 4040 1534 4079 meam
1570 4026 1662 4090 fel,
1692 4035 1747 4080 et
1774 4026 1825 4079 in
1856 4026 1945 4080 siti
1975 4041 2092 4080 mea

519 4123 843 4183 putaverunt
880 4130 965 4167 tne
1003 4113 1171 4183 879
1224 4125 1377 4169 aceto
1409 4115 1471 4169 ¹⁷.
1511 4134 1529 4166 ι
1584 4114 1769 4183 Itaque
1815 4132 1835 4166 ι
1883 4115 2089 4181 Nemo,

520 4205 716 4273 inquit,
749 4219 956 4258 mecum
986 4213 1106 4257 erat
1138 4218 1203 4257 ex
1252 4204 1505 4258 omnibus
1520 4205 1787 4274 gentibus.
1827 4224 1847 4257 ι
1878 4206 1961 4259 An
1994 4207 2092 4276 igi-

519 4310 630 4357 tur,
663 4310 784 4348 cum
816 4295 966 4349 solus
994 4309 1144 4349 esses
1195 4305 1250 4348 et
1304 4293 1645 4363 adiutoribus
1693 4297 2089 4363 destituereris,

518 4401 679 4440 manu
712 4386 891 4440 hostili
919 4385 1091 4440 victus
1111 4385 1205 4440 es?
1231 4385 1369 4441 Num
1394 4396 1740 4456 superarunt,
1762 4396 1817 4442 et
1847 4388 1953 4444 tuis
1982 4390 2092 4444 vir-

2216 553 2401 623 σαρκὶ,
2430 555 2517 607 ναὶ
2562 557 2669 626 μὴν
2702 558 2798 610 καὶ⁹
2831 558 3013 628 ἰσχύος
3043 559 3173 613 ὄντα
3205 562 3401 630 μεστὸν
3427 559 3525 628 τῆς
3556 561 3805 630 ἀμάχου,

2211 643 2369 696 τοῦτο
2397 645 2527 715 γὰρ,
2554 641 2727 716 οἶμαι,
2756 649 2855 719 τὴν
2886 648 3037 703 θείαν
3063 650 3138 721 (l)
3169 650 3453 721 ὖπεδήλου.
3490 651 3798 721 Ἐρομέιων

2210 735 2274 804 δὴ
2300 732 2394 788 οὖν
2426 737 2534 789 τῶν
2565 738 2832 806 ἀγγέλων,
2865 740 2898 812 ἦ
2927 742 3069 811 τάχα
3098 759 3203 794 που
3237 743 3332 795 καὶ
3368 741 3505 811 πρὸς
3530 741 3799 812 ἀλλήλους

2211 824 2272 877 τὸ
2296 844 2315 876 ι
2336 825 2431 889 Τίς
2458 821 2611 890 οὗτος
2636 846 2650 894 ;
2676 847 2692 879 ι
2719 829 3150 900 διηγορευκότων
3171 832 3544 903 ἀποκρίνεται,
3565 832 3660 883 καί
3693 849 3797 900 φη-

2214 933 2299 969 σιν
2323 933 2338 948 ο
2376 936 2394 966 ι
2433 916 2576 986 Ἐγὼ
2608 919 2928 990 διαλέγομαι
2959 920 3326 991 δικαιοσύνην,
3357 922 3451 974 καὶ
3485 921 3663 990 κρίσιν
3691 939 3797 974 σω-

2208 1007 2432 1078 τηρίου·
2472 1028 2490 1059 ι
2537 1008 2882 1082 δικαιοσύνην
2928 1011 2985 1064 δέ
3018 1028 3205 1080 φησιν,
3256 1012 3289 1081 ἧ
3333 1011 3394 1063 τὸ
3436 1011 3795 1079 εύαγγελικὸν

2210 1101 2305 1154 καὶ
2338 1099 2626 1155 Θεσπέσιον
2661 1105 2944 1174 κήρυγμα,
2987 1104 3155 1172 ἤγουν
3196 1104 3278 1189 ὃει
3310 1102 3445 1155 Θεοῦ
3494 1105 3601 1165 πᾶς
3636 1104 3795 1169 λόγος

2207 1192 2449 1255 δίκαιος⁹
2485 1193 2752 1263 σωτηρίου
2799 1194 2855 1246 δὲ
2887 1195 3069 1264 κρίσιν
3110 1195 3252 1263 τάχα
3292 1211 3394 1246 που
3444 1194 3503 1245 τὸ
3540 1193 3626 1261 ἐφ’
3660 1196 3793 1263 ἡμῖν

2207 1283 2465 1353 ὀνομάζει
2497 1289 2692 1356 κρῖμα,
2736 1285 2983 1339 ὄεδίκακε
3013 1287 3119 1356 γάρ
3152 1288 3250 1356 τὴν
3281 1286 3372 1338 ὑπ’
3402 1286 3657 1355 οὐρανὸν,
3698 1286 3792 1337 καὶ

2206 1372 2285 1444 τῷ
2310 1375 2514 1446 ταύτην
2549 1377 2862 1444 ἀδικήσαντι
2898 1378 3131 1447 Σατανᾷ,
3157 1377 3251 1429 καὶ
3279 1378 3407 1439 τοὺς
3439 1379 3561 1438 ταῖς
3585 1378 3789 1445 ἀφορή-

2206 1481 2320 1527 τοις
2340 1464 2673 1530 πλεονεξίαις
2699 1467 3166 1537 κατηχθισμένους
3196 1467 3459 1520 σέσωκεν
3486 1466 3789 1534 ὲκὸἐὸληκε

2204 1553 2260 1607 δὲ
2298 1555 2396 1623 τῆς
2429 1556 2547 1608 κατ’
2579 1554 2756 1607 αὐτῶν
2802 1556 2979 1625 ἀρχῆς
3014 1556 3104 1608 τὸν
3141 1556 3474 1624 ἀποστάτην,
3510 1556 3607 1608 καὶ
3633 1554 3791 1607 ἀλλο⁶

2204 1662 2385 1715 τριον’
2418 1646 2521 1715 ἔφη
2552 1646 2684 1715 γοῦν
2715 1645 2809 1699 νῦν
2858 1646 2940 1700 ὃτι
2978 1664 2998 1697 ‹
3041 1646 3241 1717 Κρίσις
3288 1645 3405 1697 ἐστὶ
3448 1642 3545 1696 τοῦ
3581 1644 3790 1712 κόσμου

2204 1737 2414 1790 τούτου.
2462 1737 2578 1791 Νῦν
2610 1739 2639 1790 ὀ
2682 1738 2866 1809 ἄρχων
2899 1737 2994 1790 τοῦ
3034 1738 3242 1807 κόσμου
3282 1736 3474 1788 τούτου
3512 1734 3789 1804 ἐκϐληθή-

2206 1845 2359 1882 σεται
2411 1828 2533 1895 ξξω,
2570 1829 2727 1898 κάγὼ
2771 1830 2865 1883 ἐὰν
2903 1828 3102 1899 ὑψωθῶ
3134 1832 3198 1882 ἐκ
3250 1829 3346 1899 τῆς
3402 1828 3539 1897 γῆς,
3578 1830 3791 1891 πάντας

2204 1921 2415 1974 ἑλκύσω
2443 1922 2578 1992 πρὸς
2618 1922 2874 1991 ἐμαυτόν.
2908 1940 2927 1974 ι
2967 1920 3150 1975 Ταῦτα
3177 1922 3234 1974 δὲ
3264 1923 3506 1983 εἰπόντος
3535 1920 3629 1973 τοῦ
3655 1922 3791 1990 Χρι-

2204 2014 2361 2078 στοῦ,
2398 2013 2559 2066 πάλιν
2592 2013 3074 2076 ἀναπυνθάνονται,
3108 2014 3205 2066 καί
3246 2029 3398 2083 φασι·
3432 2031 3451 2064 ι
3493 2014 3650 2065 Διατὶ
3692 2029 3788 2064 σου

2203 2106 2408 2177 ἐρυθρά
2439 2107 2507 2159 τὰ
2536 2107 2754 2178 ίμάτια,
2775 2109 2873 2161 καὶ
2900 2108 2968 2161 τά
3005 2107 3277 2178 ἐνδύματά
3320 2124 3409 2160 σου
3444 2108 3521 2169 ὡς
3546 2109 3655 2160 ἀπὸ
3686 2124 3788 2159 πα-

2200 2196 2364 2267 τητοῦ
2388 2195 2550 2267 ληνοῦ
2581 2197 2825 2269 πλήρους
2856 2199 3423 2269 καταπεπατημένηςε
3458 2217 3477 2249 ι
3519 2197 3790 2250 Ἐνταῦθα

2203 2306 2294 2358 μοι
2344 2290 2596 2361 μέμνησο
2642 2290 2736 2343 τοῦ
2782 2292 3123 2361 πατριάρχου
3162 2289 3413 2357 λέγοντος
3453 2288 3652 2341 Ἰακὼϐ
3690 2290 3785 2341 τό·

2206 2402 2225 2434 ι
2251 2384 2445 2437 Πλυνεῖ
2469 2383 2526 2435 ἐν
2539 2383 2665 2454 οἴνῳ
2685 2383 2785 2454 τὴν
2811 2382 3003 2452 στολὴν
3034 2380 3221 2444 αὐτοῦ,
3243 2380 3338 2433 καὶ
3363 2383 3419 2433 ὲν
3449 2381 3645 2449 αἵματι
3660 2396 3787 2432 στα-

2200 2474 2373 2546 φυλῆς
2405 2474 2503 2545 τὴν
2532 2473 2822 2546 περιϐολὴν
2849 2472 3033 2527 αὑτοῦ.
3076 2491 3097 2525 ι
3126 2473 3526 2543 Πεφοινιγμένα
3558 2473 3668 2543 γὰρ
3706 2470 3784 2542 τῷ

2199 2565 2389 2635 αἵματι
2433 2569 2500 2619 τὰ
2533 2565 2804 2635 ἐνδύματα
2833 2565 3210 2633 κατεφαίνετο,
3265 2564 3361 2617 καὶ
3398 2581 3512 2617 οιον
3539 2564 3601 2629 ἐξ
3624 2565 3783 2616 ὀἴνου

2199 2658 2660 2729 κατακεχωσμένα
2693 2658 2828 2728 πρὸς
2854 2657 2915 2709 τὸ
2944 2657 3194 2728 ἐρυθρόν.
3218 2653 3349 2710 Εἶτα
3372 2656 3537 2710 πάλιν
3568 2656 3731 2719 εὐθὺς
3752 2658 3781 2709 6

2199 2749 2411 2819 Σωτήρ·
2447 2767 2465 2798 ι
2491 2748 2601 2803 Καὶ
2628 2749 2735 2802 τῶν
2766 2748 2935 2802 ἐθνῶν
2965 2749 3064 2801 οὐκ
3086 2748 3230 2802 ἔστιν
3257 2749 3399 2818 ἀνὴρ
3433 2748 3554 2816 μετ’
3590 2748 3775 2818 ἐμοῦ»

2199 2839 2379 2909 ἔχεται
2417 2838 2511 2893 τοῦ
2557 2839 2738 2907 λόγου,
2787 2841 2877 2892 καὶ
2912 2839 3170 2893 συνάπτει
3204 2840 3433 2891 κατόπιν
3462 2841 3559 2892 καὶ
3584 2839 3777 2892 ταῦτα’

2206 2951 2223 2981 ι
2259 2929 2398 2998 Ἐγὼ
2437 2930 2568 3001 γὰρ,
2597 2930 2725 2999 ἔφη,
2765 2929 3085 2999 διαλέγομαι
3134 2929 3501 2999 δικαιοσύνην,
3544 2931 3638 2982 καὶ
3663 2932 3781 2998 κρί-

2203 3039 2288 3074 σιν
2320 3022 2611 3091 σωτηρίου,
2655 3021 2749 3074 καὶ
2791 3021 2901 3074 τῶν
2942 3019 3113 3072 ὲθνῶν
3142 3022 3240 3073 οὐκ
3285 3020 3433 3073 ἔστιν
3472 3022 3615 3091 ἀνὴρ
3662 3023 3777 3090 μετ’

1345 3115 1434 3184 qui
1489 3117 1689 3180 etiam,
1749 3127 1808 3171 ut
1862 3134 2096 3187 evange-

2201 3111 2355 3181 ὲμοῦ.
2390 3132 2407 3162 ο
2435 3112 2623 3174 Οὐδείς
2655 3112 2765 3182 γάρ
2792 3129 2879 3181 μοι
2920 3112 3180 3181 πάσχοντι
3215 3114 3479 3183 παρίστη,
3504 3115 3689 3183 φησὶν,
3720 3115 3778 3178 ἐξ

2198 3198 2410 3263 οὐδενὸς
2444 3195 2513 3271 ἦν
2554 3200 2790 3263 ἔθνουςὸ
2836 3200 3138 3269 συναλγῶν,
3183 3203 3277 3255 καὶ
3303 3204 3364 3255 τό
3412 3220 3477 3271 γε
3528 3200 3665 3275 ἧκον
3699 3208 3778 3268 εἰς

2197 3294 2536 3366 ἀνθρώπους,
2560 3296 2992 3368 ἀνεπικούρητος
3009 3293 3077 3368 ἦν
3098 3298 3396 3363 παντελῶς,
3424 3300 3778 3370 ὲπιπηδάπης

2198 3386 2344 3457 αὐτῷ
2371 3390 2469 3457 τῆς
2507 3404 2565 3439 τε
2598 3388 2829 3458 σπείρας
2860 3388 2970 3441 τῶν
3008 3390 3374 3459 στρατιωτῶν,
3411 3394 3508 3443 καὶ
3537 3392 3639 3460 τῆς
3666 3392 3776 3443 τῶν

2196 3476 2484 3545 ὑπηρετῶν
2510 3477 2851 3548 ἀγριότητος,
2888 3498 2905 3530 ι
2931 3480 2981 3532 οἳ
3012 3480 3106 3531 καὶ
3135 3481 3424 3550 ἀπήγαγον
3454 3482 3623 3534 αὐτὸν
3644 3484 3775 3553 πρὸς

2196 3566 2469 3634 Καϊάφαν,
2505 3567 2648 3620 καθά
2676 3585 2841 3638 φησιν
2887 3570 2916 3620 ὁ
2955 3571 3365 3641 εὐαγγελιστὴς,
3409 3573 3537 3625 τότε
3577 3574 3773 3635 πάντες

2195 3656 2424 3724 ἀφέντες
2452 3659 2616 3711 αὐτὸν
2638 3660 2689 3711 οἱ
2733 3660 2976 3730 μαθηταὶ
3004 3661 3224 3731 ἔφυγον,
3259 3682 3277 3713 ι
3323 3663 3464 3733 πλὴν
3490 3666 3589 3718 καὶ
3616 3666 3773 3718 τοῦτο

2195 3749 2599 3819 προηγόρευσεν
2643 3751 2671 3803 ὁ
2702 3751 2966 3822 Χριστός·
2998 3752 3103 3823 ἔφη
3142 3754 3251 3825 γάρ
3273 3769 3290 3784 ⁸
3323 3773 3342 3806 ι
3374 3756 3507 3809 Ἰδοι
3554 3757 3772 3827 ἔρχεται

2194 3835 2335 3906 ὥρα,
2369 3838 2461 3890 καλ⁸
2490 3837 2766 3907 ἐλήλυθεν,
2806 3840 2891 3894 ἴνα
2923 3842 3154 3907 ἕκαστος
3186 3844 3555 3915 σκορπισθῆτε
3591 3849 3675 3910 είς
3703 3846 3773 3901 τά

2194 3926 2324 3992 ἴδια,
2363 3929 2509 3998 κάμὲ
2550 3930 2711 4000 μόνον
2749 3932 2945 4001 ἀφῆτε,
2975 3935 3068 3986 καὶ
3116 3935 3215 3988 οὒκ
3249 3936 3368 4006 είμὶ
3412 3938 3595 4007 μόνος,
3622 3941 3704 3991 ὅτι
3741 3941 3771 3992 ὁ

2192 4016 2383 4087 Πατὴρ
2430 4019 2545 4086 μετ’
2589 4017 2721 4088 ἐμοῦ
2754 4020 2919 4071 ἐστιν.
2956 4036 2977 4071 ι
3010 4019 3155 4091 Ἔφη
3193 4021 3250 4075 δὲ
3283 4022 3377 4074 καὶ
3409 4021 3498 4074 διὰ
3531 4024 3635 4094 τῆς
3674 4021 3770 4077 τοῦ

2192 4109 2501 4171 ιΡάλλοντος
2528 4109 2719 4180 λύρας*
2746 4129 2765 4162 ι
2789 4112 3120 4183 Ὀνειδισμὸν
3141 4113 3543 4184 προσεδόκησεν
3564 4118 3599 4186 ἡ
3623 4116 3766 4186 ψυχή

2195 4216 2320 4269 μου,
2340 4200 2435 4253 καὶ
2464 4199 2859 4273 ταλαιπωρίαν,
2878 4203 2974 4255 καὶ
3007 4202 3275 4270 ὑπέμεινα
3303 4203 3764 4274 συλλυπούμενον,

2192 4290 2287 4343 καὶ
2315 4291 2413 4361 οὐχ
2458 4290 2690 4361 ὑπῆρξε,
2720 4293 2816 4345 καὶ¹
2843 4293 3263 4363 παρακαλοῦντα
3312 4294 3409 4349 καὶ
3455 4296 3556 4367 οὐχ
3588 4292 3765 4371 εὖρον,

2190 4379 2286 4433 καὶ
2331 4380 2538 4435 ἔδωκαν
2576 4384 2656 4444 εἰς
2688 4383 2749 4436 τὸ
2802 4382 2998 4453 βρῶμά
3048 4402 3151 4454 μου
3190 4386 3372 4456 χολὴν,
3410 4388 3506 4439 καὶ
3552 4390 3634 4451 είς
3668 4390 3768 4455 τὴν

521 4478 730 4532 tatibus
791 4478 1118 4547 expugnatis
1168 4485 1426 4548 tanquam
1474 4478 1697 4534 victoria
1747 4480 1901 4548 potiti
1960 4496 2089 4550 gau-

2198 4469 2349 4540 Βίψαν
2382 4486 2484 4541 μου
2516 4470 2772 4524 ὲπὸτισάν
2820 4488 2889 4541 με
2935 4471 3076 4536 ὅξος.
3104 4491 3124 4524 ι
3166 4472 3373 4526 οὐκοῦν
3416 4491 3436 4524 ι
3465 4474 3659 4537 οὐδεὶς
3697 4469 3767 4545 ἦν

516 4567 695 4623 dent?
734 4565 1112 4637 Nequaquam,
1176 4568 1373 4637 inquit.
1451 4567 1564 4622 Etsi
1618 4570 1765 4624 enim
1809 4571 2079 4625 neminem

514 4661 774 4716 haberem
835 4674 1171 4715 assessorem
1222 4670 1277 4715 et
1309 4660 1726 4730 opitulatorem,
1768 4663 2081 4718 conculcavi

519 4760 696 4803 tamen
726 4749 865 4813 illos,
900 4765 962 4804 ac
995 4760 1053 4803 ut
1096 4760 1299 4804 terram
1324 4750 1591 4820 confregi,
1617 4753 1921 4822 dethuique
1952 4768 2079 4807 san-

517 4838 734 4905 guinem
762 4853 950 4893 eorum
979 4839 1030 4893 in
1049 4849 1271 4895 terram.
1306 4839 1432 4894 Post
1463 4841 1691 4894 reditum
1716 4843 1858 4895 enim
1879 4841 2084 4897 Christi

518 4929 570 4981 in
606 4930 807 4993 caelos,
857 4944 1017 4983 omne
1060 4945 1230 5000 genus
1262 4931 1611 4985 intoleranda:
1656 4932 1980 4987 calamitatis
2016 4948 2080 4987 ex

516 5018 696 5070 divina
729 5019 807 5072 ira
829 5016 1059 5075 Judaico
1085 5021 1280 5089 pupulo
1305 5020 1569 5077 inllictum
1596 5029 1699 5077 est.
1730 5042 1748 5075 ι
1792 5023 1916 5078 Dies
1940 5023 2085 5079 enim

516 5110 928 5175 retributionis,
1007 5112 1227 5180 inquit,
1275 5114 1493 5168 advenit
1549 5114 1674 5167 illis.
1715 5133 1732 5165 ι
1770 5113 1902 5168 Nam
1958 5116 2084 5184 qui-

515 5202 616 5255 bus
649 5201 799 5256 licuit
852 5203 1008 5257 lldem
1042 5205 1300 5272 arripere,
1329 5214 1382 5258 et
1424 5220 1520 5274 per
1568 5220 1688 5258 eam
1768 5204 2082 5274 locupletari

514 5294 710 5359 gratia,
745 5309 865 5345 cum
908 5304 1084 5347 tamen
1112 5294 1236 5347 iacti
1270 5306 1450 5349 essent
1488 5295 1648 5364 pigri,
1676 5295 1785 5350 imo
1822 5312 2082 5365 arrogan-

514 5394 595 5438 tes
627 5395 676 5438 et
710 5385 1030 5451 insolentes,
1087 5396 1142 5441 et
1170 5400 1335 5456 prope
1368 5380 1475 5440 Deo
1501 5387 1698 5441 bellum
1732 5386 2033 5441 indicerent
2065 5402 2078 5437 :

580 5561 801 5617 “Joan.
833 5579 929 5630 xu,
956 5565 1043 5629 5|,
1076 5564 1166 5618 5'2.
1244 5564 1287 5594 “
1319 5562 1452 5617 Gen.
1486 5578 1631 5625 χιιι,
1669 5562 1757 5615 ll.

2191 4561 2306 4632 μετ’
2333 4560 2488 4631 ἐμοῦ,
2524 4563 2709 4632 φησὶν,
2743 4565 2807 4615 ὲκ
2837 4564 3057 4617 πάντων
3078 4562 3188 4617 τῶν
3218 4563 3409 4616 ἐθνῶν.
3442 4584 3461 4615 ι
3481 4560 3608 4635 'Ap‘
3648 4560 3759 4629 οὖν,

2189 4650 2313 4705 ἐπεὶ
2355 4651 2517 4720 μόνος
2558 4648 2741 4722 ἦσθα,
2790 4653 3024 4706 καὶτῶν
3068 4653 3471 4708 συναθλοῦντων
3520 4654 3764 4725 ἔρημος,

2187 4744 2363 4813 ἥττων
2392 4743 2621 4813 γέγονας
2663 4745 2761 4815 τῆς
2805 4746 2915 4798 τῶν
2943 4745 3324 4815 πολεμούντων
3359 4747 3580 4819 χειρός;
3615 4743 3763 4819 τΔρει

2188 4833 2585 4901 κεκρατήκασι,
2604 4834 2697 4886 καὶ
2719 4833 2817 4905 τῆς
2842 4835 2942 4903 σῆς
2961 4835 3140 4906 ἰσχύος
3166 4839 3760 4908 κατευμετεθήσαντες,

2191 4923 2439 4992 χαίρουσί
2465 4941 2524 4977 τε
2550 4925 2756 4989 λοιπὸν,
2791 4925 2866 4988 ὡς
2890 4928 3271 4997 νενικηκότες;
3295 4928 3583 4999 Οὐδαμῶς,
3606 4931 3759 5001 φησί.

2183 5015 2375 5069 Καίτοι
2407 5015 2518 5085 γὰρ
2559 5016 2697 5087 ἔχων
2729 5016 2919 5071 οὐδένα
2971 5017 3063 5072 τὸν
3108 5020 3488 5090 παραστάτην,
3524 5023 3762 5075 κατεπά-

2181 5121 2324 5176 τησα
2380 5107 2577 5169 αὐτοὺς
2609 5111 2667 5163 ὲν
2722 5107 2882 5179 θυμῷ
2904 5147 2923 5173 ,
2956 5110 3051 5162 καὶ
3089 5110 3401 5164 κατέθλασα
3433 5113 3633 5176 αὐτοὺς
3688 5112 3761 5175 ὥς

2180 5203 2307 5271 γῆν,
2336 5203 2651 5271 κατήγαγον
2673 5202 2734 5254 τὸ
2758 5197 2897 5271 αἷμα
2925 5201 3104 5258 αὐτῶν
3132 5205 3212 5267 είς
3233 5205 3336 5273 γῆν
3352 5223 3364 5235 ·
3389 5206 3530 5275 μετὰ
3556 5206 3665 5276 γάρ
3680 5224 3760 5259 τοι

2180 5293 2277 5362 τὴν
2304 5295 2381 5355 είς
2417 5293 2679 5363 οὐρανοὺς
2704 5293 3057 5363 ἅναφοίτησιν
3079 5293 3173 5346 τοῦ
3193 5294 3455 5366 Χριστοῦ,
3486 5297 3595 5348 πᾶν
3622 5291 3758 5356 εἶδος

2180 5384 2453 5455 ἀφορήτου
2503 5386 2787 5454 συμφορᾶς
2814 5388 2927 5449 τοῖς
2980 5385 3254 5438 Ἰουδαίων
3282 5386 3475 5456 δήμοις
3503 5388 3569 5438 ὲκ
3612 5385 3759 5447 θείας

1834 5562 1877 5592 ¹⁵
1906 5560 2090 5614 Mattn.
2130 5577 2271 5625 xxvi,
2301 5561 2388 5625 56,
2416 5562 2506 5615 57.
2583 5562 2628 5594 ¹⁶
2647 5561 2801 5618 Joan.
2830 5580 2942 5634 xvi,
2967 5565 3057 5621 52.
3090 5567 3155 5619 ".
3187 5564 3325 5621 Psal.
3353 5562 3630 5629 ικινιιι,2ἱ,
3663 5561 3752 5617 '22.

474 5758 475 5761 η
579 5736 655 5807 (l)
687 5736 948 5797 llunfred.
981 5739 1176 5810 legisse
1199 5740 1412 5798 videtur
1437 5739 1584 5808 θέαν,
1613 5749 1664 5795 ct
1694 5739 1832 5795 infra
1858 5739 2073 5808 lin."_l?,

2205 5739 2355 5812 θριον
2387 5753 2483 5810 pro
2515 5737 2815 5809 ἀλλότριον.

986 5905 1019 5937 ο
