4148 6492
284 453 425 509 I335

1394 455 1463 511 IN
1504 456 1740 512 ISAIAM
1786 457 1911 512 LIB.
1958 458 2020 514 ν.
2066 456 2307 513 'I'OMUS
2349 455 2412 509 V'.

3413 459 3552 518 1586

279 570 453 642 ἀργῆς
497 571 854 643 ἐπενήνεκται
880 610 894 625 .
924 590 941 623 t
965 570 1175 644 Ἧμέρα
1224 573 1334 646 γὰρ
1379 575 1810 640 ἀνταποδόσεως,
1851 597 1864 629 l

1980 577 2166 646 quidni
2199 577 2250 630 in
2288 589 2449 630 omne
2471 589 2642 644 genus
2669 574 2933 630 malorum
2957 573 3274 630 devenireut
3299 575 3321 629 ?
3350 577 3549 632 Verum

277 661 470 730 φησιν,
496 679 512 712 ι
533 661 768 731 ἐπῆλθεν
797 663 1000 727 αὐτοῖς.
1029 681 1048 715 ›
1077 658 1173 728 Οἷς
1197 665 1308 737 γὰρ
1337 665 1458 732 ἐξὸν
1495 668 1739 738 ἁρπάσαι
1769 667 1868 738 τὴν

283 751 488 815 πίστιν,
525 753 619 804 καὶ
639 753 738 825 τὴν
760 753 829 806 δι’
859 755 1032 825 αὐτῆς
1061 756 1507 827 καταπλουτῆσαι
1535 761 1716 830 χάριν,
1751 755 1867 812 εἶτα

283 844 519 916 ῥᾴθυμοί
552 845 869 913 γεγονότες,
915 846 1116 917 μᾶλλον
1149 847 1205 900 δέ
1254 847 1514 914 ἀλαζόνες
1533 889 1548 914 ,
1591 851 1684 904 καὶ
1717 850 1870 923 ὑϐρι-

284 935 430 996 σταὶ,
464 935 558 988 καὶ
599 935 762 1007 μέχρι
815 937 1018 1000 παντὸς
1053 936 1349 1008 θεομάχοι,
1384 938 1504 1003 πῶς
1551 939 1613 992 οὐ
1666 941 1871 1012 σφόδρα

282 1025 512 1088 είκότως
545 1026 745 1089 παντὸς
791 1027 923 1081 εἵσω
965 1028 1223 1097 γεγόνασι
1271 1029 1482 1094 κακοῦ;
1519 1031 1668 1101 Πλὴν
1715 1033 1743 1084 6
1770 1032 1870 1101 τῆς

281 1116 491 1170 ἐκείνου
540 1117 950 1182 ἀνταποδόσεως
1001 1119 1231 1190 καιρὸς,
1279 1120 1603 1193 λυτρώσεως
1651 1117 1721 1193 ἦν
1757 1125 1872 1187 τοῖς

281 1208 623 1276 ἐπεγνωκόσι
655 1209 755 1279 τὴν
787 1211 1111 1278 ἐπιφάνειαν
1147 1212 1330 1266 αὑτοῦ.
1373 1214 1460 1268 Ἐν
1483 1214 1667 1286 ταυτῷ
1705 1215 1813 1289 γὰρ
1841 1218 1871 1270 6

283 1299 386 1371 μὲν
414 1299 624 1372 ἐξήνιος
650 1301 962 1367 ἐκολάζετο,
990 1304 1018 1357 6
1050 1303 1109 1357 δέ
1143 1304 1402 1377 εὐπειθὴς
1449 1308 1542 1360 καὶ
1578 1307 1872 1379 ὑφειμένος

280 1392 561 1464 ἐλυτρὼθη
606 1394 758 1465 παρά
805 1394 1070 1465 Χριστοῦ.
1101 1413 1120 1447 r
1158 1395 1463 1467 Ἐπέϐλεψα
1489 1398 1620 1471 γὰρ,
1660 1418 1678 1452 ι
1714 1400 1868 1471 φησὶ,

286 1503 307 1536 t
339 1485 434 1539 καὶ
463 1486 564 1539 οὐκ
591 1481 660 1558 ἦν
695 1489 723 1540 6
755 1486 952 1558 βοηθός
972 1503 986 1516 ·
1019 1488 1386 1561 προσενόησα,
1417 1492 1513 1544 καὶ
1542 1491 1716 1554 οὐδεὶς
1746 1492 1872 1545 ἀντ-

281 1577 506 1632 ελάϐετο
528 1595 542 1609 ·
573 1598 592 1630 ι
628 1579 722 1632 καὶ
751 1579 1021 1652 ἐρρύσατο
1049 1580 1249 1645 αὐτοὺς
1277 1584 1306 1635 6
1336 1582 1575 1654 βραχίων
1621 1602 1742 1654 μου,
1777 1585 1870 1639 καὶ

280 1665 310 1716 6
341 1665 511 1738 θυμός
552 1685 656 1738 μου
693 1669 918 1740 ἐπέστη.
959 1687 978 1720 r
1012 1671 1121 1722 Καὶ
1150 1672 1512 1743 κατεπάτησα
1556 1675 1754 1739 αὐτοὺς
1801 1678 1868 1746 τῇ

279 1759 419 1829 ὀργῇ
455 1776 578 1828 μου.
607 1778 624 1811 ι
652 1759 869 1814 Ἔοικεν
894 1761 952 1814 ἐν
976 1760 1186 1824 τούτοις
1212 1761 1314 1832 τῆς
1346 1762 1454 1816 τῶν
1490 1765 1870 1836 Γραμματέων

281 1851 378 1904 καί
408 1851 720 1922 Φαρισαίων
761 1851 1039 1923 ῥᾳθυμίας
1070 1853 1339 1908 ποιεῖσθαι
1374 1856 1670 1928 καταϐοὴν,
1709 1857 1758 1910 οἳ
1790 1875 1874 1911 τε·

1974 667 2346 722 retributionis
2400 676 2614 736 tempus
2672 666 2800 733 illis,
2840 675 2960 721 erat
3012 667 3402 737 redemptionis
3438 670 3554 725 dies

1973 759 2059 814 his
2123 759 2212 828 qui
2251 758 2368 827 ejus
2399 760 2792 828 apparitionem
2826 769 3184 828 agnoverunt.
3214 759 3384 815 Simul
3406 762 3552 816 enim

1970 859 2026 906 et
2060 850 2149 905 hic
2175 849 2394 904 eﬂ‘renis
2425 851 2648 919 punitus
2681 859 2802 915 est,
2847 859 2902 905 et
2929 851 3017 905 ille
3045 851 3305 907 obediens
3329 869 3393 908 ac
3424 855 3554 908 sub-

1972 944 2170 999 missus
2194 957 2222 996 a
2247 942 2464 1000 Christo
2499 943 2810 1012 redemptus
2837 953 2943 997 est.
2982 963 3001 995 ι
3036 943 3271 1013 Respexi
3319 946 3485 1008 enim,
3529 963 3549 997 ι

1973 1033 2165 1103 inquit,
2195 1051 2215 1085 ι
2244 1043 2298 1088 et
2335 1049 2439 1089 non
2474 1041 2594 1087 eral.
2615 1033 2824 1099 adjutor
2851 1048 2865 1098 ;
2894 1035 3257 1099 consideravi,
3291 1044 3346 1090 et
3393 1049 3552 1090 nemo

1971 1136 2097 1182 erat
2130 1126 2222 1196 qui
2255 1124 2528 1195 prmberet
2556 1123 2835 1177 auxilium.
2874 1142 2894 1174 ι
2944 1124 3008 1178 Ει
3035 1125 3400 1180 Iiberaviteus
3428 1125 3555 1180 brat-

1973 1217 2154 1273 chium
2212 1232 2410 1282 meum,
2449 1224 2505 1270 et
2529 1214 2683 1270 furor
2710 1230 2861 1270 meus
2888 1215 3089 1270 invasit
3117 1232 3232 1271 eos.
3269 1235 3287 1267 ι
3327 1217 3397 1271 At
3422 1233 3554 1273 con-

1973 1309 2180 1366 culcavi
2207 1309 2327 1365 illos
2368 1310 2447 1364 ira
2503 1323 2641 1364 mea.
2680 1327 2700 1360 ι
2758 1307 2982 1363 Videtur
3020 1308 3104 1363 his
3141 1308 3322 1362 verbis
3361 1319 3554 1364 contra

1973 1405 2276 1460 socordiam
2297 1402 2611 1459 Scribarum
2629 1413 2684 1459 et
2705 1401 3098 1459 Pharisaeorum
3123 1401 3358 1457 vocifcra
3369 1402 3436 1466 ri,
3462 1401 3554 1469 qui

1972 1497 2252 1553 constituti
2281 1506 2408 1553 sunt
2441 1505 2500 1552 ut
2530 1504 2830 1567 praeessent
2855 1495 3076 1566 populo,
3103 1504 3158 1548 et
3189 1494 3255 1548 ad
3273 1491 3545 1561 justitiam

1973 1587 2294 1658 dirigerent,
2325 1597 2378 1643 et
2410 1587 2477 1642 ad
2509 1585 2606 1642 Dei
2641 1587 2899 1657 placitum
2969 1585 3139 1657 probe
3181 1584 3554 1639 instituerent.

1975 1679 2083 1734 Sed
2105 1678 2241 1734 adeo
2271 1677 2531 1734 socordes
2557 1686 2712 1732 erant
2731 1692 2796 1733 ac
2826 1677 3062 1740 desides,
3114 1683 3173 1730 ut
3200 1675 3283 1730 his
3306 1674 3396 1743 qui
3423 1673 3559 1728 sub.

1974 1769 2068 1825 diti
2093 1769 2222 1840 jugo
2247 1769 2466 1824 fuerunt
2496 1769 2697 1822 nullam
2723 1783 2881 1839 opem
2912 1767 3194 1832 aﬂerrent,
3242 1766 3405 1820 nullis
3439 1781 3556 1818 ιιιο-

1974 1860 2103 1913 nitis
2129 1860 2464 1928 corrigerent
2493 1876 2508 1911 :
2538 1858 2630 1913 sed
2662 1873 2693 1914 e
2716 1858 3012 1923 contrario,
3037 1859 3201 1913 etiam
3225 1858 3292 1911 ad
3318 1855 3554 1910 inﬁdeli-

279 1944 517 2015 τάχαντο
543 1944 642 2016 μὲν
667 1945 745 2007 είς
768 1944 828 1997 τὸ
853 1945 1210 2016 καθηγεῖσθαι
1234 1945 1400 2010 λαῶν,
1425 1947 1520 2000 καὶ
1545 1947 1864 2004 ἀπευθύνειν

1976 1958 2137 2004 tatem
2166 1948 2670 2005 abducerent.Ausi
2693 1952 2982 2005 suntenim
3012 1950 3194 2006 dicere
3227 1949 3292 2004 de
3311 1948 3552 2003 omnium

280 2036 483 2100 αὐτοὺς
521 2036 602 2099 είς
648 2035 1030 2106 δικαιοσύνην,
1065 2036 1159 2088 καὶ
1207 2035 1576 2105 παιδαγωγεῖν
1621 2033 1680 2092 εὖ
1720 2039 1865 2110 μάλα

280 2125 422 2198 πρὸς
467 2125 528 2180 τὸ
574 2126 694 2197 Θεῷ
717 2126 928 2180 δοκοῦν.
977 2127 1244 2198 Ῥᾴθυμοι
1283 2125 1339 2181 δέ
1381 2125 1522 2198 ἦσαν
1562 2128 1726 2193 οὕτω,
1772 2130 1865 2184 καὶ

279 2217 757 2282 ἀναπεπτωκότες,
797 2216 869 2280 ὼς
901 2217 1216 2287 ἐπικουρεῖν
1263 2217 1362 2288 μὲν
1395 2219 1569 2273 οὐδενὶ
1611 2221 1720 2273 τῶν
1758 2221 1863 2273 ὐπ-

279 2309 647 2380 εζευγμένων,
681 2309 776 2363 καὶ
803 2311 923 2372 ταῖς
967 2309 1273 2374 νουθεσίαις
1315 2311 1668 2382 ἐπανορθοῦν,
1712 2314 1776 2366 ἐκ
1809 2313 1866 2368 δέ

276 2401 389 2455 τῶν
422 2401 682 2456 ἐναντίων
716 2402 808 2456 καὶ
847 2401 1208 2473 ἀποκομίζειν
1240 2403 1319 2467 είς
1356 2405 1632 2458 ἀπιστίαν.
1667 2405 1866 2459 Τετολ-

282 2494 493 2565 μήκασι
525 2495 635 2567 γὰρ
668 2495 842 2551 εἰπεῖν
879 2497 1008 2568 περὶ
1041 2497 1136 2551 τοῦ
1178 2499 1396 2552 πάντων
1427 2500 1585 2571 ήμῶν
1617 2502 1870 2573 Σωτῆρος

277 2584 518 2658 Χριστοῦ
543 2603 556 2618 ·
593 2604 612 2638 t
649 2586 843 2652 Ἡμεῖς
891 2588 1116 2658 οἴδαμεν
1161 2588 1243 2642 ὅτι
1276 2591 1466 2643 Μωσεῖ
1509 2591 1806 2660 λελάληκεν
1843 2595 1874 2648 6

276 2674 433 2738 Θεὸς,
446 2673 636 2728 τοῦτον
656 2676 713 2730 δὲ
750 2677 852 2730 οὐκ
883 2677 1106 2748 οἴδαμεν
1128 2677 1294 2732 πόθεν
1320 2679 1488 2732 ἐστί.»
1526 2681 1636 2734 Καὶ
1668 2682 1832 2736 πάλιν
1853 2699 1868 2714 ο

283 2783 306 2816 ι
331 2767 616 2836 Δαιμόνιον
660 2767 774 2838 ἔχει
818 2769 912 2822 καὶ
948 2769 1224 2837 μαίνεται,
1255 2769 1308 2823 τί
1356 2771 1522 2825 αὑτοῦ
1555 2774 1782 2828 ἀκούετε
1805 2793 1819 2843 ;
1845 2793 1865 2828 ι

276 2857 492 2911 Οὐκοῦν
540 2859 838 2930 ἐπειδήπερ
872 2861 1048 2924 οὐδεὶς
1086 2857 1190 2933 ἦν,
1229 2863 1430 2934 φησὶν,
1483 2867 1512 2918 6
1559 2864 1804 2936 βοηθῶν,
1835 2867 1870 2938 ἢ

1975 2051 2217 2095 nostrum
2241 2042 2531 2096 Servatore
2561 2039 2781 2096 Christo
2806 2057 2820 2093 :
2853 2059 2871 2091 ι
2902 2037 3013 2094 Nos
3055 2041 3271 2110 quidem
3297 2040 3549 2095 novimus

1973 2131 2139 2204 Moysi
2164 2132 2399 2186 locutum
2424 2145 2545 2186 esse
2567 2131 2764 2198 Deum;
2785 2131 2928 2186 hunc
2941 2141 3120 2184 autem
3139 2129 3280 2184 haud
3309 2129 3558 2184 novimus

1975 2223 2116 2278 unde
2139 2222 2210 2277 sit
2237 2222 2300 2276 ⁸⁸.
2345 2241 2364 2273 ι
2399 2221 2467 2276 Ει
2506 2222 2742 2276 iterum:
2778 2239 2796 2273 t
2836 2221 3172 2275 Dactuouittm
3207 2220 3371 2275 habet
3390 2229 3444 2274 et
3475 2220 3558 2273 in-

1975 2314 2140 2378 sanit,
2171 2315 2296 2382 quid
2331 2313 2479 2368 illum
2521 2314 2721 2367 auditis
2751 2313 2791 2345 ¹⁹
2826 2315 2850 2367 ?
2888 2332 2908 2364 ι
2969 2312 3156 2382 Itaque
3189 2312 3316 2382 quia
3370 2327 3553 2375 nemo,

1974 2407 2170 2476 inquit,
2193 2417 2310 2461 erat
2331 2407 2420 2475 qui
2453 2416 2818 2470 succutret‘et,
2849 2405 2928 2460 vel
2953 2404 3214 2458 auxilium
3253 2403 3538 2473 praebere',

1971 2501 2212 2555 servavit
2237 2515 2330 2554 eos
2349 2499 2629 2553 brachium
2659 2512 2862 2560 meum,
2887 2499 2938 2552 itl
2977 2505 3082 2563 est,
3104 2497 3366 2565 potentia.
3393 2494 3554 2549 COm-

1971 2593 2153 2662 plures
2203 2594 2371 2656 enim,
2401 2602 2458 2645 ut
2506 2592 2642 2655 dixi,
2678 2606 2744 2644 ex
2785 2589 2986 2644 Iudaeis
3044 2587 3415 2642 crediderunt.
3451 2584 3551 2650 Qui

1969 2699 2099 2740 vero
2129 2683 2385 2739 nolebant
2415 2697 2738 2738 succurrere
2767 2697 2884 2748 eos,
2945 2681 3099 2734 furor
3129 2694 3282 2732 meus
3334 2678 3552 2740 invasit,

1970 2774 2206 2846 factique
2236 2783 2364 2830 sunt
2387 2775 2729 2831 coucuIcatio
2760 2776 2876 2829 irae.
2923 2773 3047 2828 Mali
3077 2773 3220 2826 enim
3248 2771 3388 2824 male
3423 2784 3555 2839 per-

1970 2868 2167 2930 ierunt,
2201 2877 2256 2922 et
2283 2868 2474 2937 dignas
2496 2866 2795 2922 sceleribus
2828 2879 3018 2933 pmnas
3051 2863 3340 2918 dederunt.

276 2947 836 3020 ἀντιλαμϐανόμενος,
873 2951 1079 3005 σέσωκε
1117 2953 1216 3022 μὲν
1246 2953 1489 3016 ἐκείνους
1518 2957 1547 3008 6
1573 2956 1704 3025 ἐμὸς
1731 2957 1992 3029 βραχίων,
2043 2957 2315 3023 τουτέστι,
2373 2956 2624 3027 δύναμις,
2699 2955 2943 3008 πλεῖστοι
3010 2952 3140 3024 γάρ,
3186 2951 3261 3015 ὡς
3297 2951 3457 3021 ἔφην,
3495 2953 3554 3020 ἐξ

289 3041 560 3094 Ἰουδαίων
589 3042 1014 3099 πεπιστεύκασι.
1042 3045 1167 3108 Τοῖς
1201 3063 1265 3113 γε
1308 3045 1414 3118 μὴν
1445 3049 1546 3101 οὐκ
1575 3049 1865 3121 ὲθελήσασι
1905 3051 2120 3122 βοηθεῖν
2149 3053 2178 3104 6
2208 3050 2380 3121 θυμός
2425 3067 2525 3120 μου
2573 3050 2800 3121 ἐπέστη,
2865 3047 3124 3116 γεγόνασι
3166 3045 3550 3117 καταπάτημα

273 3131 376 3202 τῆς
415 3131 596 3204 ²ιργῆς.
623 3135 801 3187 Κακοὶ
827 3134 938 3206 γὰρ
964 3135 1154 3198 κακῶς
1193 3136 1502 3200 διολώλασι,
1531 3141 1624 3192 καὶ
1654 3141 1976 3213 ίσορῤόπους
2010 3144 2125 3205 τοῖς
2156 3141 2478 3211 αἰτιάμασιν
2506 3139 2794 3210 ἐξῄτηνται
2824 3139 3001 3202 δίκας.

354 3224 470 3278 Τὸν
508 3225 687 3278 ἔλεον
718 3228 940 3294 Κυρίου
979 3225 1312 3294 ἐμνήσθην,
1355 3227 1462 3294 τὰς
1492 3230 1706 3298 ἀρετὰς
1747 3236 1858 3286 Κυ-

2038 3231 2199 3286 Vens.
2236 3231 2291 3284 7.
2356 3230 2738 3284 Misericordiae
2794 3229 3008 3282 Domini
3061 3227 3367 3282 recordatus
3411 3242 3551 3287 sum,

269 3315 410 3385 plov
438 3316 508 3369 ἑν
541 3315 750 3382 πᾶσιν,
785 3311 876 3382 οἷς
915 3319 948 3370 ὁ
978 3319 1192 3386 Κύριος
1223 3319 1366 3388 ἡμῖν
1396 3321 1861 3379 ἀνταποδίδωσι.

275 3406 497 3474 Κύριος
540 3406 748 3475 κριτὴς
789 3407 1011 3475 ἀγαθὸς
1050 3407 1130 3474 τῷ
1171 3411 1315 3476 οἴκῳ
1357 3412 1622 3482 Ἰσραὴλ,
1657 3414 1864 3485 ἐπάγει

274 3497 426 3566 ἡμῖν
456 3496 726 3552 καὶκατὰ
748 3498 1015 3565 τὸ³ἕλεος
1043 3501 1252 3565 αὐτοῦ,
1283 3503 1381 3556 καὶ
1421 3504 1572 3560 κατὰ
1603 3506 1668 3558 τὸ
1707 3503 1864 3574 πλῆ-

273 3593 383 3656 θος
406 3589 516 3658 τῆς
544 3590 936 3657 δικαιοσύνης
955 3590 1162 3646 αὑτοῦ.

347 3679 484 3734 Θεοῦ
526 3680 781 3748 λέγοντος
820 3679 896 3743 ὼς
927 3679 1128 3750 ἐπέστη
1174 3682 1274 3752 μὲν
1303 3686 1416 3748 τοῖς
1445 3685 1806 3756 ἀπειθήσασιν
1834 3686 1865 3737 6

275 3773 471 3844 θυμὸς,
514 3773 863 3843 κατεπάτησε
906 3771 964 3825 δέ
1015 3773 1216 3838 αὐτοὺς
1243 3776 1275 3846 ὴ
1301 3775 1460 3847 ὀργὴ,
1493 3778 1586 3830 καὶ
1614 3778 1694 3830 ὅτι
1727 3793 1862 3830 κατ-

273 3863 544 3935 εκομίσθη
575 3864 637 3917 τὸ
662 3859 800 3934 αἷμα
833 3864 1009 3918 αὐτῶν
1036 3867 1117 3929 είς
1144 3866 1265 3937 γῆν,
1294 3867 1382 3921 διὰ
1419 3869 1584 3939 μέσου
1613 3868 1860 3939 κεχώρη-

275 3975 376 4012 κεν
407 3960 436 4013 6
463 3959 775 4030 προφήτης,
799 3959 893 4011 καὶ
923 3959 1326 4027 ἀπογινώσκειν
1353 3961 1453 4014 οὐκ
1485 3963 1550 4032 ἐᾷ
1578 3963 1703 4024 τοὺς
1737 3961 1860 4015 καθ’

272 4046 353 4104 ὧν
381 4051 431 4104 oi
461 4049 629 4118 λόγοι,
666 4050 878 4119 μέτεισι
902 4049 960 4102 δέ
987 4050 1048 4104 τὸ
1069 4051 1279 4123 χρῆμα,
1305 4051 1400 4105 καὶ
1431 4052 1552 4105 λίαν
1571 4052 1857 4124 εὐτέχνως.

287 4140 600 4212 Ἑμνήσθην
651 4141 783 4211 γάρ,
814 4141 968 4212 φησὶ,
997 4143 1117 4195 κατ’
1171 4143 1427 4212 ἐμαυτὸν,
1477 4143 1550 4206 ὡς
1583 4143 1729 4196 ἐστιν
1761 4143 1862 4198 οὐκ

269 4231 491 4303 ἀπηνὴς
514 4229 670 4285 ότῶν
701 4231 838 4284 ὅλων
886 4231 1101 4302 κριτής.
1138 4227 1269 4285 Οἶδα
1311 4232 1420 4304 γὰρ
1451 4233 1544 4286 τὸν
1583 4233 1730 4287 ἔλεον
1769 4235 1862 4288 καὶ

272 4323 375 4386 τὰς
399 4323 599 4394 ἀρετὰς
613 4322 805 4388 αὐτοῦ,
827 4323 1100 4387 τουτέστι,
1126 4323 1226 4388 τὰς
1248 4325 1566 4389 δυναστείας
1591 4328 1648 4380 ἐν
1675 4328 1857 4392 πᾶσιν,

271 4410 357 4477 οἷς
405 4414 830 4468 ἀνταποδίδωσιν
868 4417 1019 4488 ἡμῖν.
1064 4417 1128 4470 El
1167 4417 1276 4488 γὰρ
1323 4419 1417 4472 καὶ
1454 4419 1856 4491 ἀπέστραπται,

273 4505 433 4576 φησὶ,
472 4506 914 4577 πεπαρῳνηκότα
935 4507 1024 4560 τὸν
1065 4507 1301 4579 Ἰσραὴλ,
1342 4509 1435 4561 καὶ
1461 4509 1704 4563 ἀπειθεῖν
1729 4513 1860 4582 ᾑρη-

1969 3325 2215 3376 uirtutum
2257 3320 2501 3384 Domini,
2544 3321 2601 3374 in
2645 3320 2883 3373 omnibus
2930 3335 3048 3388 qua:
3099 3319 3245 3373 nobis
3289 3318 3551 3372 retribuit.

1973 3413 2226 3466 Dominus
2285 3412 2456 3480 judea:
2510 3410 2672 3465 bonus
2706 3411 2887 3462 domui
2929 3409 3103 3464 Israel
3161 3411 3376 3463 adducit
3406 3409 3552 3464 nobis

1964 3507 2253 3559 secundum
2308 3503 2725 3558 misericordiam
2794 3503 2964 3572 880
2989 3519 3164 3570 suam,
3189 3514 3238 3556 et
3266 3502 3550 3556 secundum

1965 3594 2353 3646 multitudinem
2379 3592 2608 3661 justitiw
2637 3606 2767 3644 suae.

2039 3683 2148 3738 Deo
2195 3684 2409 3738 dicente
2463 3683 2749 3736 advenisse
2828 3679 3124 3734 incredulis
3174 3678 3447 3744 furorem,
3497 3688 3552 3733 et

1966 3774 2087 3829 illos
2125 3774 2206 3828 ira
2252 3773 2630 3834 conculcatos,
2670 3773 3103 3840 sanguinemque
3143 3785 3329 3824 eorum
3375 3773 3550 3824 dedu-

1964 3875 2111 3919 ctum
2146 3865 2200 3919 in
2234 3873 2466 3926 terram,
2502 3863 2792 3917 intervenit
2827 3862 3086 3931 propheta
3107 3899 3124 3925 ,
3159 3876 3258 3917 nec
3290 3861 3422 3916 sinit
3455 3877 3548 3916 eos

1963 3953 2203 4008 animum
2243 3954 2596 4022 despondere.
2633 3961 2821 4007 contra
2861 3967 2999 4021 quos
3042 3951 3158 4006 haec
3195 3953 3358 4007 verba
3402 3953 3545 4008 dicta

1964 4057 2113 4104 sunt.
2151 4045 2367 4116 Resque
2403 4047 2520 4101 haec
2553 4045 2711 4100 valde
2749 4043 3044 4099 artiﬁciose
3085 4044 3405 4114 interposita
3443 4055 3544 4100 est.

1964 4140 2299 4196 Recordatus
2341 4154 2459 4196 sum
2502 4138 2671 4205 enim,
2709 4137 2903 4208 inquit,
2939 4139 3082 4207 apud
3127 4151 3238 4200 me,
3275 4153 3381 4192 non
3424 4152 3549 4193 esse

1965 4231 2345 4288 inclementem
2389 4232 2765 4287 universorum
2804 4229 3070 4286 Iudicem.
3105 4227 3242 4284 Novi
3276 4229 3541 4298 siquidem

1965 4325 2398 4381 misericordiam
2437 4334 2494 4380 et
2530 4324 2760 4379 virtutes
2801 4323 2944 4392 ejus,
2983 4322 3036 4377 id
3081 4331 3184 4385 est,
3223 4322 3542 4391 potentiam,

1966 4418 2018 4472 in
2053 4416 2304 4473 omnibus
2336 4431 2457 4487 quae
2490 4417 2647 4472 nobis
2680 4417 2949 4473 retribuit.
2987 4415 3097 4470 Etsi
3141 4413 3308 4480 enim,
3345 4415 3542 4483 inquit,

1965 4506 2218 4562 Israelem
2269 4507 2658 4562 debacchatum
2706 4516 2759 4562 et
2811 4505 3213 4562 inobedientent
3262 4515 3543 4559 aversatus

276 4595 458 4666 μένον,
493 4597 586 4649 καὶ
630 4591 743 4649 οἷον
783 4598 1206 4652 ἀνταποδίδωσιν
1245 4601 1376 4670 ἡμῖν
1428 4600 1498 4654 τὰ
1547 4600 1606 4667 ἐξ
1667 4603 1858 4675 ὀργῆς.

1968 4600 2057 4663 sit,
2085 4607 2138 4651 et
2165 4597 2308 4653 velut
2340 4597 2588 4653 retribuit
2619 4597 2774 4652 nobis
2805 4596 2963 4661 iram,
2994 4610 3098 4649 non
3127 4595 3346 4664 quidem
3375 4593 3546 4664 impo-

270 4687 375 4738 οὐκ
408 4687 649 4757 ἀκράτου
681 4687 901 4758 μᾶλλον,
943 4689 1058 4743 ἀλλ’
1086 4691 1390 4762 ήμερότητι
1421 4693 1858 4765 κεκρατημένης,

272 4780 391 4834 ἀλλ’
425 4777 519 4835 οὖν
563 4778 623 4836 εὖ
663 4783 958 4854 ἐπίσταμαι
997 4783 1097 4847 τάς
1130 4785 1330 4855 ἀρετάς
1367 4785 1554 4850 αὑτοῦ,
1593 4787 1859 4854 τουτέστι,

269 4876 373 4940 τὰς
417 4873 734 4937 δυναστείας
779 4874 1151 4945 γεγενημένας
1215 4874 1358 4928 κατὰ
1397 4877 1622 4947 καιροὺς
1663 4879 1756 4931 επὶ
1792 4883 1858 4952 τῇ

269 4966 542 5039 λυτρὼσει
608 4965 702 5020 τοῦ
778 4967 1014 5038 Ἰσραήλ.
1085 4984 1103 5017 t
1133 4967 1325 5021 Ἔσται
1363 4966 1605 5033 τοίνυν,›
1673 4971 1858 5038 φησιν,

277 5081 296 5111 ι
324 5063 354 5114 6
401 5059 608 5132 Κύριος
658 5059 854 5131 κριτὴς
890 5059 1094 5127 ἀγαθὸς
1119 5057 1196 5130 τῷ
1243 5058 1378 5129 οίκῳ
1417 5060 1653 5132 Ἰσραὴλ,
1684 5080 1703 5113 ι
1757 5063 1859 5115 οὐκ

271 5151 508 5224 ἀκριϐὴς
540 5151 758 5223 μᾶλλον,
799 5150 939 5206 ἀλλά
958 5150 1211 5223 χρηστὸς,
1245 5153 1412 5222 ἤγουν
1435 5151 1658 5219 ἀγαθός.
1700 5154 1864 5206 Δικα-

273 5241 404 5296 στοῦ
455 5243 555 5314 μὲν
595 5241 706 5313 γὰρ
743 5241 1005 5313 ἀκριὸοῦς
1040 5240 1201 5314 ἔργον
1233 5242 1299 5295 ἂν
1324 5242 1552 5311 γένοιτο,
1591 5242 1651 5296 τὸ
1705 5243 1862 5308 δίκας

270 5341 446 5393 αἰτεῖν
509 5339 637 5401 τοὺς
689 5336 1080 5409 ἡμαρτηκότας
1125 5336 1402 5405 ἀναλόγως
1454 5336 1686 5406 ἐχούσας
1747 5340 1862 5402 τοῖς

271 5430 616 5502 αἰτιάμασιν·
641 5428 845 5498 ἀγαθοῦ
863 5444 928 5496 γε
961 5427 1090 5498 μὴν,
1111 5427 1173 5480 τὸ
1191 5427 1360 5481 ἐλεεῖν
1381 5428 1457 5492 ὡς
1471 5428 1860 5498 ἠσθενηκότας.

269 5520 486 5575 Οὐκοῦν
523 5519 821 5593 ἐπειδήπερ
841 5519 1038 5590 κριτὴς
1071 5518 1295 5586 ἀγαθὸς,
1331 5521 1524 5588 ἐπάγει
1561 5523 1695 5592 ἡμῖν
1721 5522 1863 5577 κατά

269 5612 334 5664 τὸ
362 5611 511 5675 ἐλεος
534 5611 725 5677 αὐτοῦ,
757 5611 1026 5674 τουτέστι,
1061 5611 1438 5680 συμμετρήσει
1476 5610 1546 5664 τά
1575 5611 1634 5676 ἐξ
1669 5612 1860 5684 ὀργῆς,

272 5703 371 5758 καὶ
419 5703 623 5775 ἀναμὶξ
657 5703 791 5774 ἐλέῳ
822 5702 1039 5774 ποιήσει
1076 5701 1176 5771 τὴν
1205 5701 1596 5774 ἀγανάκτησιν.
1648 5704 1862 5776 Πλῆθος

349 5875 396 5912 ³³
431 5876 586 5933 Joan.
617 5893 696 5940 Ix,
729 5877 820 5932 29.
899 5877 941 5908 ¹⁹
971 5875 1127 5930 Juan.
1166 5893 1220 5943 ι,
1246 5877 1338 5934 20.

548 5971 819 6033 Ρλνιοιωι.
866 5970 986 6032 Gn.
1030 5970 1203 6030 LXX.

1965 4698 2164 4745 tentem
2190 4699 2245 4745 et
2271 4690 2702 4754 immoderatam,
2729 4689 2822 4744 sed
2848 4687 3133 4744 clementia
3163 4693 3542 4756 temperatam,

1964 4785 2080 4839 scio
2124 4793 2303 4839 tamen
2345 4783 2571 4837 virtutes
2612 4781 2753 4850 ejus,
2797 4781 2849 4835 id
2892 4788 2996 4846 est,
3042 4778 3340 4848 potentiam
3374 4777 3544 4831 variis

1964 4876 2300 4947 temporibus
2337 4877 2388 4930 in
2425 4873 2743 4930 liberatione
2772 4873 2986 4929 Israclis
3015 4871 3334 4928 exhibitam.
3373 4887 3393 4923 t
3431 4870 3545 4927 Erit

1965 4967 2172 5037 itaque,
2210 4985 2230 5020 ι
2266 4968 2463 5038 inquit,
2501 4986 2520 5018 ι
2560 4966 3012 5034 Domiuusjudex
3049 4965 3226 5019 bonus
3254 4962 3436 5018 domui
3467 4961 3547 5016 Is-

1965 5060 2098 5125 rael,
2142 5079 2160 5113 ι
2199 5075 2308 5114 non
2344 5073 2591 5124 severus,
2630 5069 2685 5112 at
2719 5058 2985 5126 benignus
3019 5067 3073 5112 et
3107 5057 3298 5110 bonus.
3337 5053 3545 5110 ludit-is

1963 5151 2109 5206 enim
2151 5151 2328 5207 severi
2369 5149 2604 5206 oIIicium
2648 5159 2734 5204 est
2794 5162 2953 5217 paena
3000 5145 3299 5202 sceleribus
3343 5160 3541 5199 conve-

1963 5243 2148 5298 niente
2183 5241 2399 5298 adicere
2440 5252 2727 5312 peccantes
2766 5281 2782 5306 ,
2820 5239 2946 5295 boui
2987 5248 3189 5301 autem,
3229 5237 3542 5292 misericor-

1961 5334 2105 5389 diam
2123 5349 2340 5405 capere,
2362 5346 2420 5388 ut
2439 5333 2794 5388 inﬁrmorum.
2817 5332 3006 5400 Itaque
3030 5330 3202 5386 bonus
3222 5329 3389 5399 judex
3417 5341 3539 5380 cum

1957 5426 2059 5493 sit,
2084 5426 2294 5482 inducit
2319 5426 2478 5481 nobis
2504 5440 2601 5496 pro
2627 5425 2996 5480 mlsericordia
3023 5437 3153 5489 sua,
3179 5420 3231 5475 id
3263 5427 3374 5482 est,
3402 5418 3540 5472 iram

1959 5519 2352 5584 moderabitur,
2405 5526 2461 5574 et
2513 5516 2938 5588 indignationem
2993 5529 3116 5570 cum
3169 5511 3543 5566 misericordia

1957 5611 2304 5681 temperabit.
2332 5609 2479 5666 Inest
2508 5609 2652 5664 enim
2683 5607 2732 5662 ei
2765 5606 3052 5662 multitudo
3079 5599 3325 5674 iustitiae,
3353 5601 3405 5656 id
3434 5610 3539 5665 est,

1957 5702 2025 5758 ad
2039 5717 2310 5761 summam
2335 5703 2514 5760 omnis
2535 5700 2762 5772 iustitia:
2787 5708 2986 5756 sortem
3007 5695 3277 5768 pervenit.
3303 5693 3466 5762 Illuc,
3488 5697 3544 5748 et

3140 5965 3218 6029 M
