  <div class='ocr_page' id='page_1' title='image "/cluster/home/n/w/nwhite01/storage/ocr_20150623/70/hvd.32044019207901/701.png"; bbox 0 0 4096 6504; ppageno 0'>
   <div class='ocr_carea' id='block_1_1' title="bbox 611 457 750 515">
    <p class='ocr_par' dir='ltr' id='par_1_1' title="bbox 611 457 750 515">
     <span class='ocr_line' id='line_1_1' title="bbox 611 457 750 515; baseline -0.05 0"><span class='ocrx_word' id='word_1_1' title='bbox 611 457 750 515; x_wconf 72' lang='lat' dir='ltr'><strong>i337</strong></span> 
     </span>
    </p>
   </div>
   <div class='ocr_carea' id='block_1_2' title="bbox 1606 438 2848 497">
    <p class='ocr_par' dir='ltr' id='par_1_2' title="bbox 1606 438 2848 497">
     <span class='ocr_line' id='line_1_2' title="bbox 1606 438 2848 497; baseline -0.003 0"><span class='ocrx_word' id='word_1_2' title='bbox 1606 443 1660 497; x_wconf 92' lang='lat' dir='ltr'><strong><em>S.</em></strong></span> <span class='ocrx_word' id='word_1_3' title='bbox 1703 440 1972 497; x_wconf 72' lang='lat' dir='ltr'><strong><em>CYRILLI</em></strong></span> <span class='ocrx_word' id='word_1_4' title='bbox 2014 440 2484 497; x_wconf 69' lang='lat' dir='ltr'><strong><em>ALEXANDRINI</em></strong></span> <span class='ocrx_word' id='word_1_5' title='bbox 2527 438 2848 497; x_wconf 77' lang='lat' dir='ltr'><strong><em>ARCHIEP.</em></strong></span> 
     </span>
    </p>
   </div>
   <div class='ocr_carea' id='block_1_3' title="bbox 3752 437 3880 494">
    <p class='ocr_par' dir='ltr' id='par_1_3' title="bbox 3752 437 3880 494">
     <span class='ocr_line' id='line_1_3' title="bbox 3752 437 3880 494; baseline 0.008 -1"><span class='ocrx_word' id='word_1_6' title='bbox 3752 437 3880 494; x_wconf 73' lang='grc'><strong><em>1388</em></strong></span> 
     </span>
    </p>
   </div>
   <div class='ocr_carea' id='block_1_4' title="bbox 610 554 2184 645">
    <p class='ocr_par' dir='ltr' id='par_1_4' title="bbox 610 561 2184 645">
     <span class='ocr_line' id='line_1_4' title="bbox 610 561 2184 645; baseline -0.008 -20"><span class='ocrx_word' id='word_1_7' title='bbox 610 573 827 645; x_wconf 84' lang='lat' dir='ltr'><strong><em>quidem</em></strong></span> <span class='ocrx_word' id='word_1_8' title='bbox 861 583 964 624; x_wconf 88' lang='lat' dir='ltr'><strong><em>non</em></strong></span> <span class='ocrx_word' id='word_1_9' title='bbox 996 566 1293 631; x_wconf 88' lang='lat' dir='ltr'><strong><em>immerito,</em></strong></span> <span class='ocrx_word' id='word_1_10' title='bbox 1342 577 1451 617; x_wconf 89' lang='lat' dir='ltr'><strong><em>non</em></strong></span> <span class='ocrx_word' id='word_1_11' title='bbox 1487 563 1713 615; x_wconf 82' lang='lat' dir='ltr'><strong><em>omnino</em></strong></span> <span class='ocrx_word' id='word_1_12' title='bbox 1747 562 2070 631; x_wconf 88' lang='lat' dir='ltr'><strong><em>impunitum</em></strong></span> <span class='ocrx_word' id='word_1_13' title='bbox 2111 561 2184 613; x_wconf 86' lang='lat' dir='ltr'><strong><em>di-</em></strong></span> 
     </span>
    </p>
   </div>
   <div class='ocr_carea' id='block_1_5' title="bbox 2286 554 3883 645">
    <p class='ocr_par' dir='ltr' id='par_1_5' title="bbox 2297 554 3883 630">
     <span class='ocr_line' id='line_1_5' title="bbox 2297 554 3883 630; baseline -0.004 -17"><span class='ocrx_word' id='word_1_14' title='bbox 2297 560 2406 630; x_wconf 77' lang='grc' dir='ltr'><strong><em>γάρ</em></strong></span> <span class='ocrx_word' id='word_1_15' title='bbox 2444 560 2652 614; x_wconf 75' lang='grc' dir='ltr'><em>ἔνεστιν</em></span> <span class='ocrx_word' id='word_1_16' title='bbox 2686 557 2838 629; x_wconf 82' lang='grc' dir='ltr'><strong><em>αὺτῷ</em></strong></span> <span class='ocrx_word' id='word_1_17' title='bbox 2865 555 3235 627; x_wconf 83' lang='grc' dir='ltr'><em>δικαιοσύνης,</em></span> <span class='ocrx_word' id='word_1_18' title='bbox 3266 556 3566 621; x_wconf 80' lang='grc' dir='ltr'><strong><em>τουτέστιν,</em></strong></span> <span class='ocrx_word' id='word_1_19' title='bbox 3603 570 3688 618; x_wconf 90' lang='grc' dir='ltr'><strong><em>εις</em></strong></span> <span class='ocrx_word' id='word_1_20' title='bbox 3734 554 3883 626; x_wconf 70' lang='grc' dir='ltr'><em>λῆξιν</em></span> 
     </span>
    </p>
   </div>
   <div class='ocr_carea' id='block_1_6' title="bbox 612 652 2188 722">
    <p class='ocr_par' dir='ltr' id='par_1_6' title="bbox 612 652 2188 722">
     <span class='ocr_line' id='line_1_6' title="bbox 612 652 2188 722; baseline -0.009 -4"><span class='ocrx_word' id='word_1_21' title='bbox 612 665 790 718; x_wconf 86' lang='lat' dir='ltr'><strong><em>mittet</em></strong></span> <span class='ocrx_word' id='word_1_22' title='bbox 831 659 1127 722; x_wconf 73' lang='lat' dir='ltr'><strong><em>lsraelem,</em></strong></span> <span class='ocrx_word' id='word_1_23' title='bbox 1176 656 1271 711; x_wconf 87' lang='lat' dir='ltr'><strong><em>scd</em></strong></span> <span class='ocrx_word' id='word_1_24' title='bbox 1322 653 1603 708; x_wconf 83' lang='lat' dir='ltr'><strong><em>clementia</em></strong></span> <span class='ocrx_word' id='word_1_25' title='bbox 1654 652 1871 721; x_wconf 92' lang='lat' dir='ltr'><strong><em>potius,</em></strong></span> <span class='ocrx_word' id='word_1_26' title='bbox 1931 653 2007 705; x_wconf 93' lang='lat' dir='ltr'><strong><em>uti</em></strong></span> <span class='ocrx_word' id='word_1_27' title='bbox 2054 652 2188 716; x_wconf 78' lang='lat' dir='ltr'><strong><em>dixi,</em></strong></span> 
     </span>
    </p>
   </div>
   <div class='ocr_carea' id='block_1_7' title="bbox 622 743 2034 820">
    <p class='ocr_par' dir='ltr' id='par_1_7' title="bbox 622 743 2034 820">
     <span class='ocr_line' id='line_1_7' title="bbox 622 743 2034 820; baseline -0.006 -14"><span class='ocrx_word' id='word_1_28' title='bbox 622 756 756 808; x_wconf 83' lang='lat' dir='ltr'><strong><em>iram</em></strong></span> <span class='ocrx_word' id='word_1_29' title='bbox 793 748 1138 820; x_wconf 85' lang='lat' dir='ltr'><strong><em>temperabit.</em></strong></span> <span class='ocrx_word' id='word_1_30' title='bbox 1165 746 1406 802; x_wconf 64' lang='lat' dir='ltr'><strong><em>Servata:</em></strong></span> <span class='ocrx_word' id='word_1_31' title='bbox 1439 754 1564 799; x_wconf 89' lang='lat' dir='ltr'><strong><em>sunt</em></strong></span> <span class='ocrx_word' id='word_1_32' title='bbox 1596 744 1738 798; x_wconf 90' lang='lat' dir='ltr'><strong><em>enim</em></strong></span> <span class='ocrx_word' id='word_1_33' title='bbox 1774 743 2034 813; x_wconf 58' lang='lat' dir='ltr'><strong><em>reliquiae.</em></strong></span> 
     </span>
    </p>
   </div>
   <div class='ocr_carea' id='block_1_8' title="bbox 685 1032 2191 1101">
    <p class='ocr_par' dir='ltr' id='par_1_8' title="bbox 685 1032 2191 1101">
     <span class='ocr_line' id='line_1_8' title="bbox 685 1032 2191 1101; baseline -0.006 -8"><span class='ocrx_word' id='word_1_34' title='bbox 685 1037 1080 1093; x_wconf 69' lang='lat' dir='ltr'><strong><em>Vens.8-l0.Et</em></strong></span> <span class='ocrx_word' id='word_1_35' title='bbox 1108 1038 1239 1090; x_wconf 72' lang='lat' dir='ltr'><strong>dixit</strong></span> <span class='ocrx_word' id='word_1_36' title='bbox 1274 1036 1561 1088; x_wconf 74' lang='lat' dir='ltr'><strong><em>Dominus:</em></strong></span> <span class='ocrx_word' id='word_1_37' title='bbox 1588 1032 1775 1086; x_wconf 82' lang='lat' dir='ltr'><strong><em>Nonne</em></strong></span> <span class='ocrx_word' id='word_1_38' title='bbox 1803 1032 2022 1101; x_wconf 80' lang='lat' dir='ltr'><strong><em>populus</em></strong></span> <span class='ocrx_word' id='word_1_39' title='bbox 2048 1049 2191 1085; x_wconf 82' lang='lat' dir='ltr'><strong><em>meus</em></strong></span> 
     </span>
    </p>
   </div>
   <div class='ocr_carea' id='block_1_9' title="bbox 610 1123 2192 1201">
    <p class='ocr_par' dir='ltr' id='par_1_9' title="bbox 610 1123 2192 1201">
     <span class='ocr_line' id='line_1_9' title="bbox 610 1123 2192 1201; baseline -0.008 -13"><span class='ocrx_word' id='word_1_40' title='bbox 610 1136 729 1189; x_wconf 80' lang='lat' dir='ltr'><strong><em>est?</em></strong></span> <span class='ocrx_word' id='word_1_41' title='bbox 798 1132 899 1201; x_wconf 80' lang='lat' dir='ltr'><strong>ﬁlii</strong></span> <span class='ocrx_word' id='word_1_42' title='bbox 974 1131 1074 1185; x_wconf 84' lang='lat' dir='ltr'><strong><em>mei</em></strong></span> <span class='ocrx_word' id='word_1_43' title='bbox 1114 1146 1216 1183; x_wconf 85' lang='lat' dir='ltr'><strong><em>non</em></strong></span> <span class='ocrx_word' id='word_1_44' title='bbox 1256 1129 1626 1195; x_wconf 78' lang='lat' dir='ltr'><strong><em>reprobabunt.</em></strong></span> <span class='ocrx_word' id='word_1_45' title='bbox 1664 1123 1727 1176; x_wconf 80' lang='lat' dir='ltr'><strong><em>Et</em></strong></span> <span class='ocrx_word' id='word_1_46' title='bbox 1767 1126 1875 1191; x_wconf 77' lang='lat' dir='ltr'><strong><em>ipse</em></strong></span> <span class='ocrx_word' id='word_1_47' title='bbox 1910 1123 2081 1193; x_wconf 77' lang='lat' dir='ltr'><strong><em>factus</em></strong></span> <span class='ocrx_word' id='word_1_48' title='bbox 2117 1132 2192 1176; x_wconf 77' lang='lat' dir='ltr'><strong><em>est</em></strong></span> 
     </span>
    </p>
   </div>
   <div class='ocr_carea' id='block_1_10' title="bbox 608 1211 2188 1286">
    <p class='ocr_par' dir='ltr' id='par_1_10' title="bbox 608 1211 2188 1286">
     <span class='ocr_line' id='line_1_10' title="bbox 608 1211 2188 1286; baseline -0.008 -9"><span class='ocrx_word' id='word_1_49' title='bbox 608 1227 682 1279; x_wconf 83' lang='lat' dir='ltr'><strong><em>eis</em></strong></span> <span class='ocrx_word' id='word_1_50' title='bbox 749 1223 932 1285; x_wconf 78' lang='lat' dir='ltr'><strong><em>saluti,</em></strong></span> <span class='ocrx_word' id='word_1_51' title='bbox 998 1236 1062 1274; x_wconf 78' lang='lat' dir='ltr'><strong><em>ex</em></strong></span> <span class='ocrx_word' id='word_1_52' title='bbox 1088 1220 1227 1272; x_wconf 83' lang='lat' dir='ltr'><strong><em>omni</em></strong></span> <span class='ocrx_word' id='word_1_53' title='bbox 1260 1217 1549 1286; x_wconf 73' lang='lat' dir='ltr'><strong><em>afﬂictione</em></strong></span> <span class='ocrx_word' id='word_1_54' title='bbox 1581 1230 1782 1268; x_wconf 89' lang='lat' dir='ltr'><strong><em>eorum.</em></strong></span> <span class='ocrx_word' id='word_1_55' title='bbox 1817 1211 1936 1265; x_wconf 86' lang='lat' dir='ltr'><strong><em>Non</em></strong></span> <span class='ocrx_word' id='word_1_56' title='bbox 1968 1213 2188 1282; x_wconf 76' lang='lat' dir='ltr'><strong><em>legatus,</em></strong></span> 
     </span>
    </p>
   </div>
   <div class='ocr_carea' id='block_1_11' title="bbox 609 1306 2191 1382">
    <p class='ocr_par' dir='ltr' id='par_1_11' title="bbox 609 1306 2191 1382">
     <span class='ocr_line' id='line_1_11' title="bbox 609 1306 2191 1382; baseline -0.007 -15"><span class='ocrx_word' id='word_1_57' title='bbox 609 1330 713 1367; x_wconf 88' lang='lat' dir='ltr'><strong><em>non</em></strong></span> <span class='ocrx_word' id='word_1_58' title='bbox 770 1312 1007 1382; x_wconf 76' lang='lat' dir='ltr'><strong><em>angelus,</em></strong></span> <span class='ocrx_word' id='word_1_59' title='bbox 1068 1313 1159 1364; x_wconf 69' lang='lat' dir='ltr'><strong><em>sed</em></strong></span> <span class='ocrx_word' id='word_1_60' title='bbox 1187 1311 1292 1376; x_wconf 78' lang='lat' dir='ltr'><strong><em>ipse</em></strong></span> <span class='ocrx_word' id='word_1_61' title='bbox 1320 1308 1571 1361; x_wconf 77' lang='lat' dir='ltr'><strong><em>Dominus</em></strong></span> <span class='ocrx_word' id='word_1_62' title='bbox 1596 1307 1814 1359; x_wconf 73' lang='lat' dir='ltr'><strong><em>servavit</em></strong></span> <span class='ocrx_word' id='word_1_63' title='bbox 1838 1321 1945 1371; x_wconf 78' lang='lat' dir='ltr'><strong><em>eos,</em></strong></span> <span class='ocrx_word' id='word_1_64' title='bbox 1970 1320 2028 1359; x_wconf 85' lang='lat' dir='ltr'><strong><em>eo</em></strong></span> <span class='ocrx_word' id='word_1_65' title='bbox 2053 1306 2191 1374; x_wconf 84' lang='lat' dir='ltr'><strong><em>quod</em></strong></span> 
     </span>
    </p>
   </div>
   <div class='ocr_carea' id='block_1_12' title="bbox 609 1394 2191 1473">
    <p class='ocr_par' dir='ltr' id='par_1_12' title="bbox 609 1394 2191 1473">
     <span class='ocr_line' id='line_1_12' title="bbox 609 1394 2191 1473; baseline -0.007 -15"><span class='ocrx_word' id='word_1_66' title='bbox 609 1406 849 1473; x_wconf 81' lang='lat' dir='ltr'><strong><em>diligeret</em></strong></span> <span class='ocrx_word' id='word_1_67' title='bbox 914 1418 1021 1462; x_wconf 85' lang='lat' dir='ltr'><strong><em>eos,</em></strong></span> <span class='ocrx_word' id='word_1_68' title='bbox 1046 1411 1093 1454; x_wconf 86' lang='lat' dir='ltr'><strong><em>et</em></strong></span> <span class='ocrx_word' id='word_1_69' title='bbox 1163 1409 1393 1467; x_wconf 78' lang='lat' dir='ltr'><strong><em>parceret</em></strong></span> <span class='ocrx_word' id='word_1_70' title='bbox 1422 1400 1519 1451; x_wconf 77' lang='lat' dir='ltr'><strong><em>eis.</em></strong></span> <span class='ocrx_word' id='word_1_71' title='bbox 1546 1394 1668 1465; x_wconf 78' lang='lat' dir='ltr'><strong><em>Ipse</em></strong></span> <span class='ocrx_word' id='word_1_72' title='bbox 1702 1396 1912 1449; x_wconf 80' lang='lat' dir='ltr'><strong><em>redemit</em></strong></span> <span class='ocrx_word' id='word_1_73' title='bbox 1942 1412 2052 1459; x_wconf 79' lang='lat' dir='ltr'><strong><em>eos,</em></strong></span> <span class='ocrx_word' id='word_1_74' title='bbox 2074 1410 2191 1448; x_wconf 80' lang='lat' dir='ltr'><strong><em>sus-</em></strong></span> 
     </span>
    </p>
   </div>
   <div class='ocr_carea' id='block_1_13' title="bbox 609 1486 2192 1564">
    <p class='ocr_par' dir='ltr' id='par_1_13' title="bbox 609 1486 2192 1564">
     <span class='ocr_line' id='line_1_13' title="bbox 609 1486 2192 1564; baseline -0.006 -16"><span class='ocrx_word' id='word_1_75' title='bbox 609 1487 775 1564; x_wconf 67' lang='lat' dir='ltr'><strong><em>cepit,</em></strong></span> <span class='ocrx_word' id='word_1_76' title='bbox 858 1496 1018 1548; x_wconf 76' lang='lat' dir='ltr'><strong><em>evexit</em></strong></span> <span class='ocrx_word' id='word_1_77' title='bbox 1104 1491 1341 1545; x_wconf 84' lang='lat' dir='ltr'><strong><em>omnibus</em></strong></span> <span class='ocrx_word' id='word_1_78' title='bbox 1387 1490 1568 1543; x_wconf 78' lang='lat' dir='ltr'><strong><em>diebus</em></strong></span> <span class='ocrx_word' id='word_1_79' title='bbox 1612 1488 1814 1541; x_wconf 75' lang='lat' dir='ltr'><strong><em>sa&#39;culi.</em></strong></span> <span class='ocrx_word' id='word_1_80' title='bbox 1861 1486 1928 1541; x_wconf 75' lang='lat' dir='ltr'><strong><em>At</em></strong></span> <span class='ocrx_word' id='word_1_81' title='bbox 1966 1486 2044 1540; x_wconf 89' lang='lat' dir='ltr'><strong>illi</strong></span> <span class='ocrx_word' id='word_1_82' title='bbox 2088 1503 2192 1539; x_wconf 85' lang='lat' dir='ltr'><strong><em>non</em></strong></span> 
     </span>
    </p>
   </div>
   <div class='ocr_carea' id='block_1_14' title="bbox 600 1580 2189 1650">
    <p class='ocr_par' dir='ltr' id='par_1_14' title="bbox 600 1580 2189 1650">
     <span class='ocr_line' id='line_1_14' title="bbox 600 1580 2189 1650; baseline -0.007 -8"><span class='ocrx_word' id='word_1_83' title='bbox 600 1589 957 1650; x_wconf 71' lang='lat' dir='ltr'><strong><em>crediderunt,</em></strong></span> <span class='ocrx_word' id='word_1_84' title='bbox 1034 1595 1081 1639; x_wconf 84' lang='lat' dir='ltr'><strong><em>et</em></strong></span> <span class='ocrx_word' id='word_1_85' title='bbox 1163 1584 1602 1638; x_wconf 75' lang='lat' dir='ltr'><strong><em>exacerbaverunt</em></strong></span> <span class='ocrx_word' id='word_1_86' title='bbox 1647 1580 1906 1649; x_wconf 86' lang='lat' dir='ltr'><strong><em>Spiritum</em></strong></span> <span class='ocrx_word' id='word_1_87' title='bbox 1949 1589 2189 1633; x_wconf 80' lang='lat' dir='ltr'><strong><em>sanctum</em></strong></span> 
     </span>
    </p>
   </div>
   <div class='ocr_carea' id='block_1_15' title="bbox 606 1670 2190 1749">
    <p class='ocr_par' dir='ltr' id='par_1_15' title="bbox 606 1670 2190 1749">
     <span class='ocr_line' id='line_1_15' title="bbox 606 1670 2190 1749; baseline -0.006 -15"><span class='ocrx_word' id='word_1_88' title='bbox 606 1681 750 1749; x_wconf 79' lang='lat' dir='ltr'><strong><em>ejus;</em></strong></span> <span class='ocrx_word' id='word_1_89' title='bbox 810 1687 857 1733; x_wconf 82' lang='lat' dir='ltr'><strong><em>et</em></strong></span> <span class='ocrx_word' id='word_1_90' title='bbox 924 1692 1199 1730; x_wconf 76' lang='lat' dir='ltr'><strong><em>conversus</em></strong></span> <span class='ocrx_word' id='word_1_91' title='bbox 1242 1685 1316 1729; x_wconf 74' lang='lat' dir='ltr'><strong><em>est</em></strong></span> <span class='ocrx_word' id='word_1_92' title='bbox 1354 1675 1427 1729; x_wconf 80' lang='lat' dir='ltr'><strong><em>eis</em></strong></span> <span class='ocrx_word' id='word_1_93' title='bbox 1463 1675 1517 1727; x_wconf 86' lang='lat' dir='ltr'><strong>in</strong></span> <span class='ocrx_word' id='word_1_94' title='bbox 1549 1673 1904 1737; x_wconf 81' lang='lat' dir='ltr'><strong>inimicitiam,</strong></span> <span class='ocrx_word' id='word_1_95' title='bbox 1937 1670 2190 1726; x_wconf 77' lang='lat' dir='ltr'><strong><em>Dominus</em></strong></span> 
     </span>
    </p>
   </div>
   <div class='ocr_carea' id='block_1_16' title="bbox 609 1768 1201 1840">
    <p class='ocr_par' dir='ltr' id='par_1_16' title="bbox 609 1768 1201 1840">
     <span class='ocr_line' id='line_1_16' title="bbox 609 1768 1201 1840; baseline -0.007 -16"><span class='ocrx_word' id='word_1_96' title='bbox 609 1774 719 1840; x_wconf 81' lang='lat' dir='ltr'><strong><em>ipse</em></strong></span> <span class='ocrx_word' id='word_1_97' title='bbox 750 1768 1061 1840; x_wconf 83' lang='lat' dir='ltr'><strong><em>oppugnavit</em></strong></span> <span class='ocrx_word' id='word_1_98' title='bbox 1094 1782 1201 1821; x_wconf 77' lang='lat' dir='ltr'><strong><em>eos.</em></strong></span> 
     </span>
    </p>
   </div>
   <div class='ocr_carea' id='block_1_17' title="bbox 681 1929 2264 2017">
    <p class='ocr_par' dir='ltr' id='par_1_17' title="bbox 681 1929 2264 2017">
     <span class='ocr_line' id='line_1_17' title="bbox 681 1929 2264 2017; baseline -0.005 -14"><span class='ocrx_word' id='word_1_99' title='bbox 681 1949 888 2003; x_wconf 77' lang='lat' dir='ltr'><strong><em>Rursus</em></strong></span> <span class='ocrx_word' id='word_1_100' title='bbox 927 1947 1056 2002; x_wconf 90' lang='lat' dir='ltr'><strong><em>mihi</em></strong></span> <span class='ocrx_word' id='word_1_101' title='bbox 1100 1954 1284 2017; x_wconf 88' lang='lat' dir='ltr'><strong><em>specta</em></strong></span> <span class='ocrx_word' id='word_1_102' title='bbox 1327 1945 1419 2001; x_wconf 86' lang='lat' dir='ltr'><strong><em>Dei</em></strong></span> <span class='ocrx_word' id='word_1_103' title='bbox 1461 1958 1751 2015; x_wconf 83' lang='lat' dir='ltr'><strong><em>personam</em></strong></span> <span class='ocrx_word' id='word_1_104' title='bbox 1791 1941 1974 1999; x_wconf 85' lang='lat' dir='ltr'><strong>statim</strong></span> <span class='ocrx_word' id='word_1_105' title='bbox 2018 1941 2191 1996; x_wconf 85' lang='lat' dir='ltr'><strong><em>intro-</em></strong></span> <span class='ocrx_word' id='word_1_106' title='bbox 2221 1929 2264 1983; x_wconf 77' lang='grc' dir='ltr'><strong>Β</strong></span> 
     </span>
    </p>
   </div>
   <div class='ocr_carea' id='block_1_18' title="bbox 607 2034 2187 2106">
    <p class='ocr_par' dir='ltr' id='par_1_18' title="bbox 607 2034 2187 2106">
     <span class='ocr_line' id='line_1_18' title="bbox 607 2034 2187 2106; baseline -0.004 -14"><span class='ocrx_word' id='word_1_107' title='bbox 607 2042 858 2106; x_wconf 82' lang='lat' dir='ltr'><strong><em>ductam,</em></strong></span> <span class='ocrx_word' id='word_1_108' title='bbox 896 2047 1099 2092; x_wconf 81' lang='lat' dir='ltr'><strong><em>tantum</em></strong></span> <span class='ocrx_word' id='word_1_109' title='bbox 1138 2053 1243 2092; x_wconf 89' lang='lat' dir='ltr'><strong><em>non</em></strong></span> <span class='ocrx_word' id='word_1_110' title='bbox 1280 2034 1613 2091; x_wconf 89' lang='lat' dir='ltr'><strong><em>clamantem</em></strong></span> <span class='ocrx_word' id='word_1_111' title='bbox 1644 2043 1833 2090; x_wconf 89' lang='lat' dir='ltr'><strong><em>contra</em></strong></span> <span class='ocrx_word' id='word_1_112' title='bbox 1872 2034 2187 2089; x_wconf 71' lang='lat' dir='ltr'><strong><em>inobedieu-</em></strong></span> 
     </span>
    </p>
   </div>
   <div class='ocr_carea' id='block_1_19' title="bbox 611 2124 2186 2194">
    <p class='ocr_par' dir='ltr' id='par_1_19' title="bbox 611 2124 2186 2194">
     <span class='ocr_line' id='line_1_19' title="bbox 611 2124 2186 2194; baseline -0.004 -11"><span class='ocrx_word' id='word_1_113' title='bbox 611 2134 737 2185; x_wconf 82' lang='lat' dir='ltr'><strong><em>tium</em></strong></span> <span class='ocrx_word' id='word_1_114' title='bbox 773 2128 1003 2183; x_wconf 76' lang='lat' dir='ltr'><strong><em>lst&#39;uelis.</em></strong></span> <span class='ocrx_word' id='word_1_115' title='bbox 1038 2127 1182 2181; x_wconf 78' lang='lat' dir='ltr'><strong><em>Dixit</em></strong></span> <span class='ocrx_word' id='word_1_116' title='bbox 1213 2127 1357 2181; x_wconf 90' lang='lat' dir='ltr'><strong><em>enim</em></strong></span> <span class='ocrx_word' id='word_1_117' title='bbox 1378 2164 1391 2189; x_wconf 92' lang='lat'><strong><em>,</em></strong></span> <span class='ocrx_word' id='word_1_118' title='bbox 1426 2126 1632 2194; x_wconf 83' lang='lat' dir='ltr'><strong><em>inquit,</em></strong></span> <span class='ocrx_word' id='word_1_119' title='bbox 1666 2124 1955 2189; x_wconf 84' lang='lat' dir='ltr'><strong><em>Dominus,</em></strong></span> <span class='ocrx_word' id='word_1_120' title='bbox 1987 2125 2040 2179; x_wconf 88' lang='lat' dir='ltr'><strong>id</strong></span> <span class='ocrx_word' id='word_1_121' title='bbox 2070 2131 2186 2191; x_wconf 87' lang='lat' dir='ltr'><strong><em>est,</em></strong></span> 
     </span>
    </p>
   </div>
   <div class='ocr_carea' id='block_1_20' title="bbox 609 2214 2189 2288">
    <p class='ocr_par' dir='ltr' id='par_1_20' title="bbox 609 2214 2189 2288">
     <span class='ocr_line' id='line_1_20' title="bbox 609 2214 2189 2288; baseline -0.002 -15"><span class='ocrx_word' id='word_1_122' title='bbox 609 2222 725 2288; x_wconf 85' lang='lat' dir='ltr'><strong><em>ipse</em></strong></span> <span class='ocrx_word' id='word_1_123' title='bbox 760 2220 1132 2273; x_wconf 88' lang='lat' dir='ltr'><strong><em>universorum</em></strong></span> <span class='ocrx_word' id='word_1_124' title='bbox 1168 2216 1308 2271; x_wconf 89' lang='lat' dir='ltr'><strong><em>Deus</em></strong></span> <span class='ocrx_word' id='word_1_125' title='bbox 1338 2234 1353 2271; x_wconf 92' lang='lat'><strong>:</strong></span> <span class='ocrx_word' id='word_1_126' title='bbox 1386 2214 1573 2269; x_wconf 84' lang='lat' dir='ltr'><strong><em>Nonne</em></strong></span> <span class='ocrx_word' id='word_1_127' title='bbox 1607 2230 1705 2284; x_wconf 90' lang='lat' dir='ltr'><strong><em>pro</em></strong></span> <span class='ocrx_word' id='word_1_128' title='bbox 1740 2214 1862 2269; x_wconf 78' lang='lat' dir='ltr'><strong><em>ﬁliis</em></strong></span> <span class='ocrx_word' id='word_1_129' title='bbox 1899 2215 2057 2270; x_wconf 87' lang='lat' dir='ltr'><strong><em>habui</em></strong></span> <span class='ocrx_word' id='word_1_130' title='bbox 2095 2230 2189 2283; x_wconf 85' lang='lat' dir='ltr'><strong><em>po-</em></strong></span> 
     </span>
    </p>
   </div>
   <div class='ocr_carea' id='block_1_21' title="bbox 611 2305 2189 2382">
    <p class='ocr_par' dir='ltr' id='par_1_21' title="bbox 611 2305 2189 2382">
     <span class='ocr_line' id='line_1_21' title="bbox 611 2305 2189 2382; baseline -0.003 -18"><span class='ocrx_word' id='word_1_131' title='bbox 611 2311 824 2382; x_wconf 83' lang='lat' dir='ltr'><strong><em>pulum?</em></strong></span> <span class='ocrx_word' id='word_1_132' title='bbox 853 2312 985 2365; x_wconf 81' lang='lat' dir='ltr'><strong><em>Cum</em></strong></span> <span class='ocrx_word' id='word_1_133' title='bbox 1025 2317 1203 2363; x_wconf 88' lang='lat' dir='ltr'><strong><em>autem</em></strong></span> <span class='ocrx_word' id='word_1_134' title='bbox 1235 2308 1337 2361; x_wconf 89' lang='lat' dir='ltr'><strong><em>hoc</em></strong></span> <span class='ocrx_word' id='word_1_135' title='bbox 1362 2321 1549 2361; x_wconf 89' lang='lat' dir='ltr'><strong><em>verum</em></strong></span> <span class='ocrx_word' id='word_1_136' title='bbox 1583 2308 1652 2360; x_wconf 85' lang='lat' dir='ltr'><strong><em>sit</em></strong></span> <span class='ocrx_word' id='word_1_137' title='bbox 1676 2324 1688 2359; x_wconf 86' lang='lat'><strong>:</strong></span> <span class='ocrx_word' id='word_1_138' title='bbox 1712 2306 1846 2361; x_wconf 77' lang='lat' dir='ltr'><strong><em>dixit</em></strong></span> <span class='ocrx_word' id='word_1_139' title='bbox 1875 2305 2020 2360; x_wconf 88' lang='lat' dir='ltr'><strong><em>enim</em></strong></span> <span class='ocrx_word' id='word_1_140' title='bbox 2054 2321 2069 2360; x_wconf 92' lang='lat'><strong>:</strong></span> <span class='ocrx_word' id='word_1_141' title='bbox 2100 2305 2189 2360; x_wconf 86' lang='lat' dir='ltr'><strong><em>Fi-</em></strong></span> 
     </span>
    </p>
   </div>
   <div class='ocr_carea' id='block_1_22' title="bbox 610 2396 2188 2472">
    <p class='ocr_par' dir='ltr' id='par_1_22' title="bbox 610 2396 2188 2472">
     <span class='ocr_line' id='line_1_22' title="bbox 610 2396 2188 2472; baseline -0.003 -16"><span class='ocrx_word' id='word_1_142' title='bbox 610 2404 713 2458; x_wconf 92' lang='lat' dir='ltr'><strong><em>lius</em></strong></span> <span class='ocrx_word' id='word_1_143' title='bbox 733 2401 1120 2472; x_wconf 82' lang='lat' dir='ltr'><strong><em>primogenitus</em></strong></span> <span class='ocrx_word' id='word_1_144' title='bbox 1143 2413 1292 2453; x_wconf 91' lang='lat' dir='ltr'><strong><em>meus</em></strong></span> <span class='ocrx_word' id='word_1_145' title='bbox 1314 2396 1480 2453; x_wconf 90' lang='lat' dir='ltr'><strong><em>Israel</em></strong></span> <span class='ocrx_word' id='word_1_146' title='bbox 1502 2416 1514 2452; x_wconf 93' lang='lat'>:</span> <span class='ocrx_word' id='word_1_147' title='bbox 1549 2412 1704 2452; x_wconf 87' lang='lat' dir='ltr'><strong><em>nemo</em></strong></span> <span class='ocrx_word' id='word_1_148' title='bbox 1726 2397 1923 2466; x_wconf 88' lang='lat' dir='ltr'><strong><em>poterit</em></strong></span> <span class='ocrx_word' id='word_1_149' title='bbox 1943 2398 2188 2452; x_wconf 88' lang='lat' dir='ltr'><strong><em>dubitare</em></strong></span> 
     </span>
    </p>
   </div>
   <div class='ocr_carea' id='block_1_23' title="bbox 610 2488 2185 2564">
    <p class='ocr_par' dir='ltr' id='par_1_23' title="bbox 610 2488 2185 2564">
     <span class='ocr_line' id='line_1_23' title="bbox 610 2488 2185 2564; baseline -0.003 -17"><span class='ocrx_word' id='word_1_150' title='bbox 610 2497 737 2564; x_wconf 83' lang='lat' dir='ltr'><strong><em>quin</em></strong></span> <span class='ocrx_word' id='word_1_151' title='bbox 766 2494 935 2548; x_wconf 90' lang='lat' dir='ltr'><strong><em>durus</em></strong></span> <span class='ocrx_word' id='word_1_152' title='bbox 968 2492 1127 2545; x_wconf 82' lang='lat' dir='ltr'><strong><em>fuerit</em></strong></span> <span class='ocrx_word' id='word_1_153' title='bbox 1155 2499 1209 2545; x_wconf 85' lang='lat' dir='ltr'><strong><em>et</em></strong></span> <span class='ocrx_word' id='word_1_154' title='bbox 1239 2490 1639 2559; x_wconf 84' lang='lat' dir='ltr'><strong><em>immorigerus.</em></strong></span> <span class='ocrx_word' id='word_1_155' title='bbox 1667 2489 1831 2560; x_wconf 79' lang='lat'><strong><em>881</em></strong></span> <span class='ocrx_word' id='word_1_156' title='bbox 1865 2488 1971 2544; x_wconf 85' lang='lat' dir='ltr'><strong><em>Sed</em></strong></span> <span class='ocrx_word' id='word_1_157' title='bbox 2005 2498 2185 2545; x_wconf 86' lang='lat' dir='ltr'><strong><em>tamen</em></strong></span> 
     </span>
    </p>
   </div>
   <div class='ocr_carea' id='block_1_24' title="bbox 611 2581 2185 2654">
    <p class='ocr_par' dir='ltr' id='par_1_24' title="bbox 611 2581 2185 2654">
     <span class='ocr_line' id='line_1_24' title="bbox 611 2581 2185 2654; baseline -0.006 -12"><span class='ocrx_word' id='word_1_158' title='bbox 611 2588 776 2643; x_wconf 79' lang='lat' dir='ltr'><strong><em>lilium</em></strong></span> <span class='ocrx_word' id='word_1_159' title='bbox 816 2584 1118 2654; x_wconf 85' lang='lat' dir='ltr'><strong><em>ablegatum</em></strong></span> <span class='ocrx_word' id='word_1_160' title='bbox 1173 2582 1416 2651; x_wconf 79' lang='lat' dir='ltr'><strong><em>recipiet.</em></strong></span> <span class='ocrx_word' id='word_1_161' title='bbox 1451 2581 1558 2635; x_wconf 86' lang='lat' dir='ltr'><strong><em>Sed</em></strong></span> <span class='ocrx_word' id='word_1_162' title='bbox 1603 2596 1784 2635; x_wconf 87' lang='lat' dir='ltr'><strong><em>nonne</em></strong></span> <span class='ocrx_word' id='word_1_163' title='bbox 1826 2584 1927 2636; x_wconf 92' lang='lat' dir='ltr'><strong><em>hoc</em></strong></span> <span class='ocrx_word' id='word_1_164' title='bbox 1970 2582 2185 2635; x_wconf 91' lang='lat' dir='ltr'><strong><em>tandem</em></strong></span> 
     </span>
    </p>
   </div>
   <div class='ocr_carea' id='block_1_25' title="bbox 609 2671 2187 2742">
    <p class='ocr_par' dir='ltr' id='par_1_25' title="bbox 609 2671 2187 2742">
     <span class='ocr_line' id='line_1_25' title="bbox 609 2671 2187 2742; baseline -0.004 -10"><span class='ocrx_word' id='word_1_165' title='bbox 609 2679 812 2740; x_wconf 90' lang='lat' dir='ltr'><strong><em>evenit,</em></strong></span> <span class='ocrx_word' id='word_1_166' title='bbox 832 2690 930 2729; x_wconf 89' lang='lat' dir='ltr'><strong><em>nec</em></strong></span> <span class='ocrx_word' id='word_1_167' title='bbox 948 2675 1237 2728; x_wconf 79' lang='lat' dir='ltr'><strong><em>frustratus</em></strong></span> <span class='ocrx_word' id='word_1_168' title='bbox 1254 2681 1335 2727; x_wconf 91' lang='lat' dir='ltr'><strong><em>est</em></strong></span> <span class='ocrx_word' id='word_1_169' title='bbox 1353 2685 1446 2742; x_wconf 79' lang='lat' dir='ltr'><strong><em>Spe</em></strong></span> <span class='ocrx_word' id='word_1_170' title='bbox 1460 2671 1551 2741; x_wconf 91' lang='lat' dir='ltr'><strong><em>qui</em></strong></span> <span class='ocrx_word' id='word_1_171' title='bbox 1570 2672 1748 2725; x_wconf 84' lang='lat' dir='ltr'><strong><em>omnia</em></strong></span> <span class='ocrx_word' id='word_1_172' title='bbox 1769 2671 1953 2725; x_wconf 87' lang='lat' dir='ltr'><strong><em>novit?</em></strong></span> <span class='ocrx_word' id='word_1_173' title='bbox 1970 2671 2187 2726; x_wconf 86' lang='lat' dir='ltr'><strong><em>Sciebat</em></strong></span> 
     </span>
    </p>
   </div>
   <div class='ocr_carea' id='block_1_26' title="bbox 608 2760 2187 2833">
    <p class='ocr_par' dir='ltr' id='par_1_26' title="bbox 608 2760 2187 2833">
     <span class='ocr_line' id='line_1_26' title="bbox 608 2760 2187 2833; baseline -0.006 -10"><span class='ocrx_word' id='word_1_174' title='bbox 608 2770 753 2824; x_wconf 92' lang='lat' dir='ltr'><strong><em>enim</em></strong></span> <span class='ocrx_word' id='word_1_175' title='bbox 783 2766 982 2829; x_wconf 80' lang='lat' dir='ltr'><strong><em>futura,</em></strong></span> <span class='ocrx_word' id='word_1_176' title='bbox 1013 2764 1253 2833; x_wconf 85' lang='lat' dir='ltr'><strong><em>nihilque</em></strong></span> <span class='ocrx_word' id='word_1_177' title='bbox 1284 2778 1405 2818; x_wconf 90' lang='lat' dir='ltr'><strong><em>eum</em></strong></span> <span class='ocrx_word' id='word_1_178' title='bbox 1435 2776 1657 2832; x_wconf 81' lang='lat' dir='ltr'><strong><em>prorsus</em></strong></span> <span class='ocrx_word' id='word_1_179' title='bbox 1688 2761 1836 2817; x_wconf 85' lang='lat' dir='ltr'><strong><em>latet.</em></strong></span> <span class='ocrx_word' id='word_1_180' title='bbox 1862 2760 2057 2815; x_wconf 85' lang='lat' dir='ltr'><strong><em>Verum</em></strong></span> <span class='ocrx_word' id='word_1_181' title='bbox 2088 2762 2187 2815; x_wconf 85' lang='lat' dir='ltr'><strong><em>lut-</em></strong></span> 
     </span>
    </p>
   </div>
   <div class='ocr_carea' id='block_1_27' title="bbox 609 2853 2186 2916">
    <p class='ocr_par' dir='ltr' id='par_1_27' title="bbox 609 2853 2186 2916">
     <span class='ocr_line' id='line_1_27' title="bbox 609 2853 2186 2916; baseline -0.003 -2"><span class='ocrx_word' id='word_1_182' title='bbox 609 2876 771 2916; x_wconf 86' lang='lat' dir='ltr'><strong><em>mano</em></strong></span> <span class='ocrx_word' id='word_1_183' title='bbox 817 2872 967 2913; x_wconf 76' lang='lat' dir='ltr'><strong><em>more</em></strong></span> <span class='ocrx_word' id='word_1_184' title='bbox 1013 2857 1278 2911; x_wconf 79' lang='lat' dir='ltr'><strong><em>formatur</em></strong></span> <span class='ocrx_word' id='word_1_185' title='bbox 1320 2854 1583 2911; x_wconf 85' lang='lat' dir='ltr'><strong><em>orationis</em></strong></span> <span class='ocrx_word' id='word_1_186' title='bbox 1628 2854 1865 2909; x_wconf 88' lang='lat' dir='ltr'><strong><em>habitus.</em></strong></span> <span class='ocrx_word' id='word_1_187' title='bbox 1907 2853 2033 2909; x_wconf 66' lang='lat' dir='ltr'><strong><em>Haec</em></strong></span> <span class='ocrx_word' id='word_1_188' title='bbox 2076 2853 2186 2909; x_wconf 83' lang='lat' dir='ltr'><strong><em>Deo</em></strong></span> 
     </span>
    </p>
   </div>
   <div class='ocr_carea' id='block_1_28' title="bbox 610 2944 2187 3014">
    <p class='ocr_par' dir='ltr' id='par_1_28' title="bbox 610 2944 2187 3014">
     <span class='ocr_line' id='line_1_28' title="bbox 610 2944 2187 3014; baseline -0.003 -11"><span class='ocrx_word' id='word_1_189' title='bbox 610 2952 841 3011; x_wconf 87' lang='lat' dir='ltr'><strong><em>dicente,</em></strong></span> <span class='ocrx_word' id='word_1_190' title='bbox 875 2955 1102 3014; x_wconf 83' lang='lat' dir='ltr'><strong><em>oceupat</em></strong></span> <span class='ocrx_word' id='word_1_191' title='bbox 1142 2946 1426 3014; x_wconf 82' lang='lat' dir='ltr'><strong><em>propheta,</em></strong></span> <span class='ocrx_word' id='word_1_192' title='bbox 1460 2953 1515 2997; x_wconf 90' lang='lat' dir='ltr'><strong><em>et</em></strong></span> <span class='ocrx_word' id='word_1_193' title='bbox 1557 2944 1890 3012; x_wconf 85' lang='lat' dir='ltr'><strong><em>stupiditatis</em></strong></span> <span class='ocrx_word' id='word_1_194' title='bbox 1929 2944 2089 2999; x_wconf 89' lang='lat' dir='ltr'><strong><em>simul</em></strong></span> <span class='ocrx_word' id='word_1_195' title='bbox 2131 2956 2187 3000; x_wconf 88' lang='lat' dir='ltr'><strong><em>et</em></strong></span> 
     </span>
    </p>
   </div>
   <div class='ocr_carea' id='block_1_29' title="bbox 610 3033 2183 3112">
    <p class='ocr_par' dir='ltr' id='par_1_29' title="bbox 610 3033 2183 3112">
     <span class='ocr_line' id='line_1_29' title="bbox 610 3033 2183 3112; baseline -0.001 -18"><span class='ocrx_word' id='word_1_196' title='bbox 610 3039 1013 3112; x_wconf 85' lang='lat' dir='ltr'><strong><em>iugratitudiuis</em></strong></span> <span class='ocrx_word' id='word_1_197' title='bbox 1059 3046 1280 3092; x_wconf 85' lang='lat' dir='ltr'><strong><em>accusat</em></strong></span> <span class='ocrx_word' id='word_1_198' title='bbox 1322 3035 1594 3101; x_wconf 87' lang='lat' dir='ltr'><strong><em>lsraelem,</em></strong></span> <span class='ocrx_word' id='word_1_199' title='bbox 1646 3033 1989 3108; x_wconf 80' lang='lat' dir='ltr'><strong><em>ostenditque</em></strong></span> <span class='ocrx_word' id='word_1_200' title='bbox 2035 3039 2183 3093; x_wconf 85' lang='lat' dir='ltr'><strong><em>illum</em></strong></span> 
     </span>
    </p>
   </div>
   <div class='ocr_carea' id='block_1_30' title="bbox 610 3126 2185 3192">
    <p class='ocr_par' dir='ltr' id='par_1_30' title="bbox 610 3126 2185 3192">
     <span class='ocr_line' id='line_1_30' title="bbox 610 3126 2185 3192; baseline -0.003 -5"><span class='ocrx_word' id='word_1_201' title='bbox 610 3134 873 3187; x_wconf 87' lang='lat' dir='ltr'><strong><em>honorum</em></strong></span> <span class='ocrx_word' id='word_1_202' title='bbox 916 3129 1018 3184; x_wconf 88' lang='lat' dir='ltr'><strong><em>sibi</em></strong></span> <span class='ocrx_word' id='word_1_203' title='bbox 1062 3128 1380 3182; x_wconf 81' lang='lat' dir='ltr'><strong><em>collaturum</em></strong></span> <span class='ocrx_word' id='word_1_204' title='bbox 1430 3141 1649 3192; x_wconf 82' lang='lat' dir='ltr'><strong><em>prorsus</em></strong></span> <span class='ocrx_word' id='word_1_205' title='bbox 1692 3126 1859 3182; x_wconf 81' lang='lat' dir='ltr'><strong><em>fuisse</em></strong></span> <span class='ocrx_word' id='word_1_206' title='bbox 1902 3128 2185 3184; x_wconf 77' lang='lat' dir='ltr'><strong><em>immemo-</em></strong></span> 
     </span>
    </p>
   </div>
   <div class='ocr_carea' id='block_1_31' title="bbox 610 3219 2185 3285">
    <p class='ocr_par' dir='ltr' id='par_1_31' title="bbox 610 3219 2185 3285">
     <span class='ocr_line' id='line_1_31' title="bbox 610 3219 2185 3285; baseline -0.003 -5"><span class='ocrx_word' id='word_1_207' title='bbox 610 3240 747 3281; x_wconf 85' lang='lat' dir='ltr'><strong><em>rem.</em></strong></span> <span class='ocrx_word' id='word_1_208' title='bbox 785 3242 804 3275; x_wconf 81' lang='grc' dir='ltr'><strong><em>ι</em></strong></span> <span class='ocrx_word' id='word_1_209' title='bbox 844 3223 1036 3277; x_wconf 79' lang='lat' dir='ltr'><strong><em>Factus</em></strong></span> <span class='ocrx_word' id='word_1_210' title='bbox 1066 3231 1150 3275; x_wconf 91' lang='lat' dir='ltr'><strong><em>est</em></strong></span> <span class='ocrx_word' id='word_1_211' title='bbox 1179 3220 1354 3283; x_wconf 90' lang='lat' dir='ltr'><strong><em>enim,</em></strong></span> <span class='ocrx_word' id='word_1_212' title='bbox 1394 3238 1412 3271; x_wconf 73' lang='grc' dir='ltr'><strong><em>ι</em></strong></span> <span class='ocrx_word' id='word_1_213' title='bbox 1452 3219 1656 3285; x_wconf 81' lang='lat' dir='ltr'><strong><em>inquit,</em></strong></span> <span class='ocrx_word' id='word_1_214' title='bbox 1697 3239 1715 3270; x_wconf 83' lang='grc' dir='ltr'><strong><em>ι</em></strong></span> <span class='ocrx_word' id='word_1_215' title='bbox 1753 3220 1861 3273; x_wconf 92' lang='lat' dir='ltr'><strong><em>illis</em></strong></span> <span class='ocrx_word' id='word_1_216' title='bbox 1896 3221 2085 3284; x_wconf 88' lang='lat' dir='ltr'><strong><em>saluti,</em></strong></span> <span class='ocrx_word' id='word_1_217' title='bbox 2116 3236 2185 3276; x_wconf 79' lang='lat' dir='ltr'><strong><em>ex</em></strong></span> 
     </span>
    </p>
   </div>
   <div class='ocr_carea' id='block_1_32' title="bbox 608 3312 2189 3382">
    <p class='ocr_par' dir='ltr' id='par_1_32' title="bbox 608 3312 2189 3382">
     <span class='ocr_line' id='line_1_32' title="bbox 608 3312 2189 3382; baseline -0.003 -11"><span class='ocrx_word' id='word_1_218' title='bbox 608 3320 756 3373; x_wconf 83' lang='lat' dir='ltr'><strong><em>muni</em></strong></span> <span class='ocrx_word' id='word_1_219' title='bbox 809 3316 1098 3371; x_wconf 82' lang='lat' dir='ltr'><strong><em>aﬂlictioue</em></strong></span> <span class='ocrx_word' id='word_1_220' title='bbox 1143 3329 1350 3368; x_wconf 83' lang='lat' dir='ltr'><strong><em>eorum.</em></strong></span> <span class='ocrx_word' id='word_1_221' title='bbox 1407 3331 1425 3364; x_wconf 75' lang='grc' dir='ltr'><strong><em>ι</em></strong></span> <span class='ocrx_word' id='word_1_222' title='bbox 1471 3312 1749 3381; x_wconf 85' lang='lat' dir='ltr'><strong><em>Nemoque</em></strong></span> <span class='ocrx_word' id='word_1_223' title='bbox 1796 3323 2051 3382; x_wconf 65' lang='lat' dir='ltr'><strong><em>praeterea</em></strong></span> <span class='ocrx_word' id='word_1_224' title='bbox 2096 3328 2189 3367; x_wconf 88' lang='lat' dir='ltr'><strong><em>eos</em></strong></span> 
     </span>
    </p>
   </div>
   <div class='ocr_carea' id='block_1_33' title="bbox 611 3402 2189 3474">
    <p class='ocr_par' dir='ltr' id='par_1_33' title="bbox 611 3402 2189 3474">
     <span class='ocr_line' id='line_1_33' title="bbox 611 3402 2189 3474; baseline -0.004 -11"><span class='ocrx_word' id='word_1_225' title='bbox 611 3408 868 3473; x_wconf 82' lang='lat' dir='ltr'><strong><em>servavit,</em></strong></span> <span class='ocrx_word' id='word_1_226' title='bbox 896 3422 1001 3461; x_wconf 86' lang='lat' dir='ltr'><strong><em>non</em></strong></span> <span class='ocrx_word' id='word_1_227' title='bbox 1027 3405 1253 3474; x_wconf 80' lang='lat' dir='ltr'><strong><em>legatus,</em></strong></span> <span class='ocrx_word' id='word_1_228' title='bbox 1280 3420 1383 3458; x_wconf 88' lang='lat' dir='ltr'><strong><em>non</em></strong></span> <span class='ocrx_word' id='word_1_229' title='bbox 1409 3404 1653 3473; x_wconf 88' lang='lat' dir='ltr'><strong><em>angelus,</em></strong></span> <span class='ocrx_word' id='word_1_230' title='bbox 1678 3402 1771 3457; x_wconf 89' lang='lat' dir='ltr'><strong><em>sed</em></strong></span> <span class='ocrx_word' id='word_1_231' title='bbox 1798 3403 1910 3470; x_wconf 89' lang='lat' dir='ltr'><strong><em>ipse</em></strong></span> <span class='ocrx_word' id='word_1_232' title='bbox 1936 3403 2189 3457; x_wconf 88' lang='lat' dir='ltr'><strong><em>Dominus</em></strong></span> 
     </span>
    </p>
   </div>
   <div class='ocr_carea' id='block_1_34' title="bbox 612 3492 2186 3574">
    <p class='ocr_par' dir='ltr' id='par_1_34' title="bbox 612 3492 2186 3574">
     <span class='ocr_line' id='line_1_34' title="bbox 612 3492 2186 3574; baseline -0.003 -22"><span class='ocrx_word' id='word_1_233' title='bbox 612 3516 706 3569; x_wconf 89' lang='lat' dir='ltr'><strong><em>per</em></strong></span> <span class='ocrx_word' id='word_1_234' title='bbox 726 3500 983 3574; x_wconf 87' lang='lat' dir='ltr'><strong><em>seipsum.</em></strong></span> <span class='ocrx_word' id='word_1_235' title='bbox 1009 3494 1265 3549; x_wconf 72' lang='lat' dir='ltr'><strong><em>bliracula</em></strong></span> <span class='ocrx_word' id='word_1_236' title='bbox 1290 3493 1435 3547; x_wconf 90' lang='lat' dir='ltr'><strong><em>enim</em></strong></span> <span class='ocrx_word' id='word_1_237' title='bbox 1460 3500 1717 3561; x_wconf 86' lang='lat' dir='ltr'><strong><em>operatus</em></strong></span> <span class='ocrx_word' id='word_1_238' title='bbox 1740 3503 1826 3548; x_wconf 89' lang='lat' dir='ltr'><strong><em>est</em></strong></span> <span class='ocrx_word' id='word_1_239' title='bbox 1852 3496 1906 3546; x_wconf 91' lang='lat' dir='ltr'><strong><em>in</em></strong></span> <span class='ocrx_word' id='word_1_240' title='bbox 1933 3492 2186 3564; x_wconf 66' lang='lat' dir='ltr'><strong><em>Egypto,</em></strong></span> 
     </span>
    </p>
   </div>
   <div class='ocr_carea' id='block_1_35' title="bbox 609 3585 2187 3660">
    <p class='ocr_par' dir='ltr' id='par_1_35' title="bbox 609 3585 2187 3660">
     <span class='ocr_line' id='line_1_35' title="bbox 609 3585 2187 3660; baseline -0.003 -16"><span class='ocrx_word' id='word_1_241' title='bbox 609 3598 890 3660; x_wconf 77' lang='lat' dir='ltr'><strong><em>sequestra</em></strong></span> <span class='ocrx_word' id='word_1_242' title='bbox 912 3587 1132 3656; x_wconf 87' lang='lat' dir='ltr'><strong><em>quidem</em></strong></span> <span class='ocrx_word' id='word_1_243' title='bbox 1159 3585 1366 3654; x_wconf 82' lang='lat' dir='ltr'><strong><em>Moyse,</em></strong></span> <span class='ocrx_word' id='word_1_244' title='bbox 1392 3594 1764 3639; x_wconf 81' lang='lat' dir='ltr'><strong><em>verumtamen</em></strong></span> <span class='ocrx_word' id='word_1_245' title='bbox 1792 3585 1907 3655; x_wconf 90' lang='lat' dir='ltr'><strong><em>ipse</em></strong></span> <span class='ocrx_word' id='word_1_246' title='bbox 1931 3595 2069 3648; x_wconf 82' lang='lat' dir='ltr'><strong><em>erat,</em></strong></span> <span class='ocrx_word' id='word_1_247' title='bbox 2097 3585 2187 3653; x_wconf 89' lang='lat' dir='ltr'><strong><em>qui</em></strong></span> 
     </span>
    </p>
   </div>
   <div class='ocr_carea' id='block_1_36' title="bbox 608 3678 2184 3752">
    <p class='ocr_par' dir='ltr' id='par_1_36' title="bbox 608 3678 2184 3752">
     <span class='ocr_line' id='line_1_36' title="bbox 608 3678 2184 3752; baseline -0.004 -17"><span class='ocrx_word' id='word_1_248' title='bbox 608 3682 696 3736; x_wconf 89' lang='lat' dir='ltr'><strong><em>illa</em></strong></span> <span class='ocrx_word' id='word_1_249' title='bbox 737 3681 1043 3752; x_wconf 80' lang='lat' dir='ltr'><strong><em>Opinionem</em></strong></span> <span class='ocrx_word' id='word_1_250' title='bbox 1086 3686 1431 3747; x_wconf 88' lang='lat' dir='ltr'><strong><em>mentemque</em></strong></span> <span class='ocrx_word' id='word_1_251' title='bbox 1472 3678 1791 3733; x_wconf 80' lang='lat' dir='ltr'><strong><em>excedentia</em></strong></span> <span class='ocrx_word' id='word_1_252' title='bbox 1833 3679 2184 3747; x_wconf 88' lang='lat' dir='ltr'><strong><em>operabatur.</em></strong></span> 
     </span>
    </p>
   </div>
   <div class='ocr_carea' id='block_1_37' title="bbox 614 3768 2188 3840">
    <p class='ocr_par' dir='ltr' id='par_1_37' title="bbox 614 3768 2188 3840">
     <span class='ocr_line' id='line_1_37' title="bbox 614 3768 2188 3840; baseline -0.002 -13"><span class='ocrx_word' id='word_1_253' title='bbox 614 3774 763 3827; x_wconf 86' lang='lat' dir='ltr'><strong><em>Unde</em></strong></span> <span class='ocrx_word' id='word_1_254' title='bbox 805 3787 927 3825; x_wconf 90' lang='lat' dir='ltr'><strong><em>cum</em></strong></span> <span class='ocrx_word' id='word_1_255' title='bbox 972 3770 1198 3824; x_wconf 89' lang='lat' dir='ltr'><strong><em>vitulum</em></strong></span> <span class='ocrx_word' id='word_1_256' title='bbox 1245 3768 1568 3823; x_wconf 81' lang='lat' dir='ltr'><strong><em>fabricasset</em></strong></span> <span class='ocrx_word' id='word_1_257' title='bbox 1613 3768 1801 3833; x_wconf 88' lang='lat' dir='ltr'><strong><em>Israel,</em></strong></span> <span class='ocrx_word' id='word_1_258' title='bbox 1844 3768 2188 3840; x_wconf 74' lang='lat' dir='ltr'><strong><em>olfensusque</em></strong></span> 
     </span>
    </p>
   </div>
   <div class='ocr_carea' id='block_1_38' title="bbox 607 3862 2189 3932">
    <p class='ocr_par' dir='ltr' id='par_1_38' title="bbox 607 3862 2189 3932">
     <span class='ocr_line' id='line_1_38' title="bbox 607 3862 2189 3932; baseline 0 -14"><span class='ocrx_word' id='word_1_259' title='bbox 607 3874 751 3920; x_wconf 84' lang='lat' dir='ltr'><strong><em>esset</em></strong></span> <span class='ocrx_word' id='word_1_260' title='bbox 787 3864 952 3929; x_wconf 88' lang='lat' dir='ltr'><strong><em>Deus,</em></strong></span> <span class='ocrx_word' id='word_1_261' title='bbox 987 3877 1052 3917; x_wconf 85' lang='lat' dir='ltr'><strong><em>ac</em></strong></span> <span class='ocrx_word' id='word_1_262' title='bbox 1094 3862 1463 3916; x_wconf 88' lang='lat' dir='ltr'><strong><em>denuntiasset</em></strong></span> <span class='ocrx_word' id='word_1_263' title='bbox 1502 3876 1562 3916; x_wconf 91' lang='lat' dir='ltr'><strong><em>se</em></strong></span> <span class='ocrx_word' id='word_1_264' title='bbox 1601 3862 1850 3930; x_wconf 82' lang='lat' dir='ltr'><strong><em>angelum</em></strong></span> <span class='ocrx_word' id='word_1_265' title='bbox 1892 3877 2012 3916; x_wconf 91' lang='lat' dir='ltr'><strong><em>cum</em></strong></span> <span class='ocrx_word' id='word_1_266' title='bbox 2059 3862 2189 3932; x_wconf 86' lang='lat' dir='ltr'><strong><em>ipsis</em></strong></span> 
     </span>
    </p>
   </div>
   <div class='ocr_carea' id='block_1_39' title="bbox 608 3949 2186 4022">
    <p class='ocr_par' dir='ltr' id='par_1_39' title="bbox 608 3949 2186 4022">
     <span class='ocr_line' id='line_1_39' title="bbox 608 3949 2186 4022; baseline -0.003 -13"><span class='ocrx_word' id='word_1_267' title='bbox 608 3955 932 4017; x_wconf 88' lang='lat' dir='ltr'><strong><em>missurum,</em></strong></span> <span class='ocrx_word' id='word_1_268' title='bbox 972 3952 1195 4005; x_wconf 88' lang='lat' dir='ltr'><strong><em>moleste</em></strong></span> <span class='ocrx_word' id='word_1_269' title='bbox 1228 3950 1349 4004; x_wconf 91' lang='lat' dir='ltr'><strong>tulit</strong></span> <span class='ocrx_word' id='word_1_270' title='bbox 1380 3949 1619 4022; x_wconf 78' lang='lat' dir='ltr'><strong><em>Moyses,</em></strong></span> <span class='ocrx_word' id='word_1_271' title='bbox 1655 3952 1841 4005; x_wconf 89' lang='lat' dir='ltr'><strong><em>dicens</em></strong></span> <span class='ocrx_word' id='word_1_272' title='bbox 1872 3968 1885 4004; x_wconf 90' lang='lat'><strong>:</strong></span> <span class='ocrx_word' id='word_1_273' title='bbox 1925 3970 1944 4003; x_wconf 86' lang='grc' dir='ltr'><strong><em>ι</em></strong></span> <span class='ocrx_word' id='word_1_274' title='bbox 1983 3950 2094 4006; x_wconf 86' lang='lat' dir='ltr'><strong><em>Nisi</em></strong></span> <span class='ocrx_word' id='word_1_275' title='bbox 2132 3964 2186 4005; x_wconf 92' lang='lat' dir='ltr'><strong><em>tu</em></strong></span> 
     </span>
    </p>
   </div>
   <div class='ocr_carea' id='block_1_40' title="bbox 606 4041 2181 4115">
    <p class='ocr_par' dir='ltr' id='par_1_40' title="bbox 606 4041 2181 4115">
     <span class='ocr_line' id='line_1_40' title="bbox 606 4041 2181 4115; baseline -0.004 -15"><span class='ocrx_word' id='word_1_276' title='bbox 606 4049 721 4115; x_wconf 88' lang='lat' dir='ltr'><strong><em>ipse</em></strong></span> <span class='ocrx_word' id='word_1_277' title='bbox 751 4058 957 4113; x_wconf 66' lang='lat' dir='ltr'><strong><em>praess</em></strong></span> <span class='ocrx_word' id='word_1_278' title='bbox 989 4043 1142 4106; x_wconf 90' lang='lat' dir='ltr'><strong><em>mihi,</em></strong></span> <span class='ocrx_word' id='word_1_279' title='bbox 1175 4056 1241 4096; x_wconf 92' lang='lat' dir='ltr'><strong><em>ne</em></strong></span> <span class='ocrx_word' id='word_1_280' title='bbox 1273 4043 1471 4096; x_wconf 86' lang='lat' dir='ltr'><strong><em>educas</em></strong></span> <span class='ocrx_word' id='word_1_281' title='bbox 1502 4056 1589 4095; x_wconf 90' lang='lat' dir='ltr'><strong><em>me</em></strong></span> <span class='ocrx_word' id='word_1_282' title='bbox 1619 4041 1745 4096; x_wconf 86' lang='lat' dir='ltr'><strong><em>hinc</em></strong></span> <span class='ocrx_word' id='word_1_283' title='bbox 1771 4042 1837 4095; x_wconf 81' lang='lat'><strong><em>‘°.</em></strong></span> <span class='ocrx_word' id='word_1_284' title='bbox 1875 4059 1893 4093; x_wconf 78' lang='grc' dir='ltr'><strong><em>ι</em></strong></span> <span class='ocrx_word' id='word_1_285' title='bbox 1930 4042 2049 4109; x_wconf 85' lang='lat' dir='ltr'><strong><em>lpse</em></strong></span> <span class='ocrx_word' id='word_1_286' title='bbox 2085 4042 2181 4095; x_wconf 84' lang='lat' dir='ltr'><strong><em>ita-</em></strong></span> 
     </span>
    </p>
   </div>
   <div class='ocr_carea' id='block_1_41' title="bbox 603 4129 2187 4205">
    <p class='ocr_par' dir='ltr' id='par_1_41' title="bbox 603 4129 2187 4205">
     <span class='ocr_line' id='line_1_41' title="bbox 603 4129 2187 4205; baseline -0.003 -17"><span class='ocrx_word' id='word_1_287' title='bbox 603 4151 710 4205; x_wconf 88' lang='lat' dir='ltr'><strong><em>que</em></strong></span> <span class='ocrx_word' id='word_1_288' title='bbox 738 4148 833 4204; x_wconf 89' lang='lat' dir='ltr'><strong><em>per</em></strong></span> <span class='ocrx_word' id='word_1_289' title='bbox 856 4133 1092 4200; x_wconf 84' lang='lat' dir='ltr'><strong><em>seipsqu</em></strong></span> <span class='ocrx_word' id='word_1_290' title='bbox 1120 4130 1354 4185; x_wconf 83' lang='lat' dir='ltr'><strong><em>servavit</em></strong></span> <span class='ocrx_word' id='word_1_291' title='bbox 1380 4144 1495 4193; x_wconf 81' lang='lat' dir='ltr'><strong><em>eos,</em></strong></span> <span class='ocrx_word' id='word_1_292' title='bbox 1528 4144 1632 4183; x_wconf 89' lang='lat' dir='ltr'><strong><em>non</em></strong></span> <span class='ocrx_word' id='word_1_293' title='bbox 1665 4130 1787 4198; x_wconf 83' lang='lat' dir='ltr'><strong><em>quia</em></strong></span> <span class='ocrx_word' id='word_1_294' title='bbox 1818 4129 1870 4183; x_wconf 92' lang='lat' dir='ltr'><strong><em>in</em></strong></span> <span class='ocrx_word' id='word_1_295' title='bbox 1900 4130 2003 4184; x_wconf 90' lang='lat' dir='ltr'><strong><em>illis</em></strong></span> <span class='ocrx_word' id='word_1_296' title='bbox 2033 4130 2187 4197; x_wconf 90' lang='lat' dir='ltr'><strong><em>quid-</em></strong></span> 
     </span>
    </p>
   </div>
   <div class='ocr_carea' id='block_1_42' title="bbox 603 4214 2186 4295">
    <p class='ocr_par' dir='ltr' id='par_1_42' title="bbox 603 4214 2186 4295">
     <span class='ocr_line' id='line_1_42' title="bbox 603 4214 2186 4295; baseline -0.003 -16"><span class='ocrx_word' id='word_1_297' title='bbox 603 4241 764 4295; x_wconf 87' lang='lat' dir='ltr'><strong><em>quam</em></strong></span> <span class='ocrx_word' id='word_1_298' title='bbox 798 4223 1083 4288; x_wconf 85' lang='lat' dir='ltr'><strong><em>inveniret,</em></strong></span> <span class='ocrx_word' id='word_1_299' title='bbox 1112 4222 1206 4276; x_wconf 90' lang='lat' dir='ltr'><strong><em>sed</em></strong></span> <span class='ocrx_word' id='word_1_300' title='bbox 1239 4219 1609 4273; x_wconf 89' lang='lat' dir='ltr'><strong><em>tantummodo</em></strong></span> <span class='ocrx_word' id='word_1_301' title='bbox 1636 4214 1783 4287; x_wconf 86' lang='lat' dir='ltr'><strong><em>quod</em></strong></span> <span class='ocrx_word' id='word_1_302' title='bbox 1815 4220 2066 4288; x_wconf 76' lang='lat' dir='ltr'><strong><em>diligeret</em></strong></span> <span class='ocrx_word' id='word_1_303' title='bbox 2090 4234 2186 4274; x_wconf 89' lang='lat' dir='ltr'><strong><em>eos</em></strong></span> 
     </span>
    </p>
   </div>
   <div class='ocr_carea' id='block_1_43' title="bbox 609 4308 2184 4384">
    <p class='ocr_par' dir='ltr' id='par_1_43' title="bbox 609 4308 2184 4384">
     <span class='ocr_line' id='line_1_43' title="bbox 609 4308 2184 4384; baseline -0.005 -13"><span class='ocrx_word' id='word_1_304' title='bbox 609 4330 907 4384; x_wconf 88' lang='lat' dir='ltr'><strong><em>curamque</em></strong></span> <span class='ocrx_word' id='word_1_305' title='bbox 940 4327 1128 4367; x_wconf 88' lang='lat' dir='ltr'><strong><em>eorum</em></strong></span> <span class='ocrx_word' id='word_1_306' title='bbox 1174 4310 1416 4365; x_wconf 86' lang='lat' dir='ltr'><strong><em>haberet.</em></strong></span> <span class='ocrx_word' id='word_1_307' title='bbox 1453 4308 1604 4375; x_wconf 87' lang='lat' dir='ltr'><strong><em>Quod</em></strong></span> <span class='ocrx_word' id='word_1_308' title='bbox 1644 4311 1861 4365; x_wconf 87' lang='lat' dir='ltr'><strong><em>evidens</em></strong></span> <span class='ocrx_word' id='word_1_309' title='bbox 1898 4324 2184 4380; x_wconf 88' lang='lat' dir='ltr'><strong><em>argumen-</em></strong></span> 
     </span>
    </p>
   </div>
   <div class='ocr_carea' id='block_1_44' title="bbox 608 4399 2184 4472">
    <p class='ocr_par' dir='ltr' id='par_1_44' title="bbox 608 4399 2184 4472">
     <span class='ocr_line' id='line_1_44' title="bbox 608 4399 2184 4472; baseline -0.004 -11"><span class='ocrx_word' id='word_1_310' title='bbox 608 4419 718 4462; x_wconf 93' lang='lat' dir='ltr'><strong><em>tum</em></strong></span> <span class='ocrx_word' id='word_1_311' title='bbox 745 4417 827 4461; x_wconf 88' lang='lat' dir='ltr'><strong><em>est</em></strong></span> <span class='ocrx_word' id='word_1_312' title='bbox 860 4401 1296 4472; x_wconf 87' lang='lat' dir='ltr'><strong><em>incomparabilis</em></strong></span> <span class='ocrx_word' id='word_1_313' title='bbox 1325 4399 1698 4465; x_wconf 88' lang='lat' dir='ltr'><strong><em>humanitatis,</em></strong></span> <span class='ocrx_word' id='word_1_314' title='bbox 1725 4409 1779 4453; x_wconf 90' lang='lat' dir='ltr'><strong><em>et</em></strong></span> <span class='ocrx_word' id='word_1_315' title='bbox 1806 4400 2184 4468; x_wconf 88' lang='lat' dir='ltr'><strong><em>placabilitatis</em></strong></span> 
     </span>
    </p>
   </div>
   <div class='ocr_carea' id='block_1_45' title="bbox 602 4492 2183 4562">
    <p class='ocr_par' dir='ltr' id='par_1_45' title="bbox 602 4492 2183 4562">
     <span class='ocr_line' id='line_1_45' title="bbox 602 4492 2183 4562; baseline -0.003 -11"><span class='ocrx_word' id='word_1_316' title='bbox 602 4498 818 4552; x_wconf 67' lang='lat' dir='ltr'><strong><em>divinae.</em></strong></span> <span class='ocrx_word' id='word_1_317' title='bbox 855 4494 1128 4550; x_wconf 84' lang='lat' dir='ltr'><strong><em>Liberavit</em></strong></span> <span class='ocrx_word' id='word_1_318' title='bbox 1162 4507 1291 4562; x_wconf 90' lang='lat' dir='ltr'><strong><em>ergo</em></strong></span> <span class='ocrx_word' id='word_1_319' title='bbox 1327 4492 1446 4546; x_wconf 89' lang='lat' dir='ltr'><strong><em>illos</em></strong></span> <span class='ocrx_word' id='word_1_320' title='bbox 1482 4506 1511 4547; x_wconf 91' lang='lat' dir='ltr'><strong><em>e</em></strong></span> <span class='ocrx_word' id='word_1_321' title='bbox 1542 4492 1702 4547; x_wconf 90' lang='lat' dir='ltr'><strong><em>domo</em></strong></span> <span class='ocrx_word' id='word_1_322' title='bbox 1732 4492 2034 4556; x_wconf 88' lang='lat' dir='ltr'><strong><em>servitutis,</em></strong></span> <span class='ocrx_word' id='word_1_323' title='bbox 2064 4508 2183 4548; x_wconf 81' lang='lat' dir='ltr'><strong><em>sus-</em></strong></span> 
     </span>
    </p>
   </div>
   <div class='ocr_carea' id='block_1_46' title="bbox 2296 645 3885 721">
    <p class='ocr_par' dir='ltr' id='par_1_46' title="bbox 2296 645 3885 721">
     <span class='ocr_line' id='line_1_46' title="bbox 2296 645 3885 721; baseline -0.002 -17"><span class='ocrx_word' id='word_1_324' title='bbox 2296 652 2514 721; x_wconf 84' lang='grc' dir='ltr'><em>ἀπάσης</em></span> <span class='ocrx_word' id='word_1_325' title='bbox 2546 649 2831 721; x_wconf 86' lang='grc' dir='ltr'><em>διελήλακε</em></span> <span class='ocrx_word' id='word_1_326' title='bbox 2859 648 3227 719; x_wconf 82' lang='grc' dir='ltr'><strong><em>δικαιοσύνης.</em></strong></span> <span class='ocrx_word' id='word_1_327' title='bbox 3267 647 3561 717; x_wconf 77' lang='grc' dir='ltr'><em>Ταύτῃτοι,</em></span> <span class='ocrx_word' id='word_1_328' title='bbox 3605 645 3709 699; x_wconf 78' lang='grc' dir='ltr'><em>καὶ</em></span> <span class='ocrx_word' id='word_1_329' title='bbox 3747 647 3885 716; x_wconf 73' lang='grc' dir='ltr'><em>μάλα</em></span> 
     </span>
    </p>
   </div>
   <div class='ocr_carea' id='block_1_47' title="bbox 2293 738 3881 811">
    <p class='ocr_par' dir='ltr' id='par_1_47' title="bbox 2293 738 3881 811">
     <span class='ocr_line' id='line_1_47' title="bbox 2293 738 3881 811; baseline -0.004 -16"><span class='ocrx_word' id='word_1_330' title='bbox 2293 743 2542 807; x_wconf 80' lang='grc' dir='ltr'><strong><em>εἰκότως,</em></strong></span> <span class='ocrx_word' id='word_1_331' title='bbox 2578 744 2677 795; x_wconf 79' lang='grc' dir='ltr'><em>οὐκ</em></span> <span class='ocrx_word' id='word_1_332' title='bbox 2745 741 2921 795; x_wconf 90' lang='grc' dir='ltr'><em>ἀθῶον</em></span> <span class='ocrx_word' id='word_1_333' title='bbox 2966 741 3200 795; x_wconf 81' lang='grc' dir='ltr'><em>είσάπαν</em></span> <span class='ocrx_word' id='word_1_334' title='bbox 3255 741 3455 811; x_wconf 77' lang='grc' dir='ltr'><strong><em>ἀφήσει</em></strong></span> <span class='ocrx_word' id='word_1_335' title='bbox 3498 739 3592 791; x_wconf 83' lang='grc' dir='ltr'><em>τὸν</em></span> <span class='ocrx_word' id='word_1_336' title='bbox 3647 738 3881 807; x_wconf 72' lang='grc' dir='ltr'><em>Ἰσραὴλ,</em></span> 
     </span>
    </p>
   </div>
   <div class='ocr_carea' id='block_1_48' title="bbox 2293 831 3881 906">
    <p class='ocr_par' dir='ltr' id='par_1_48' title="bbox 2293 831 3881 906">
     <span class='ocr_line' id='line_1_48' title="bbox 2293 831 3881 906; baseline -0.003 -19"><span class='ocrx_word' id='word_1_337' title='bbox 2293 835 2590 906; x_wconf 83' lang='grc' dir='ltr'><em>ήμερότητι</em></span> <span class='ocrx_word' id='word_1_338' title='bbox 2631 834 2687 886; x_wconf 80' lang='grc' dir='ltr'><em>δὲ</em></span> <span class='ocrx_word' id='word_1_339' title='bbox 2722 832 2942 904; x_wconf 80' lang='grc' dir='ltr'><em>μᾶλλον,</em></span> <span class='ocrx_word' id='word_1_340' title='bbox 2969 832 3043 897; x_wconf 80' lang='grc' dir='ltr'><em>ὡς</em></span> <span class='ocrx_word' id='word_1_341' title='bbox 3070 833 3228 904; x_wconf 78' lang='grc' dir='ltr'><em>ἔφην,</em></span> <span class='ocrx_word' id='word_1_342' title='bbox 3261 834 3484 902; x_wconf 90' lang='grc' dir='ltr'><em>κεράσει</em></span> <span class='ocrx_word' id='word_1_343' title='bbox 3511 831 3580 885; x_wconf 86' lang='grc' dir='ltr'><strong><em>τά</em></strong></span> <span class='ocrx_word' id='word_1_344' title='bbox 3614 831 3676 898; x_wconf 77' lang='grc' dir='ltr'><em>ἐξ</em></span> <span class='ocrx_word' id='word_1_345' title='bbox 3698 831 3881 901; x_wconf 70' lang='grc' dir='ltr'><em>ὀργῆς.</em></span> 
     </span>
    </p>
   </div>
   <div class='ocr_carea' id='block_1_49' title="bbox 2292 924 3211 997">
    <p class='ocr_par' dir='ltr' id='par_1_49' title="bbox 2292 924 3211 997">
     <span class='ocr_line' id='line_1_49' title="bbox 2292 924 3211 997; baseline -0.003 -18"><span class='ocrx_word' id='word_1_346' title='bbox 2292 927 2569 980; x_wconf 78' lang='grc' dir='ltr'><em>Σέσωσται</em></span> <span class='ocrx_word' id='word_1_347' title='bbox 2608 925 2715 997; x_wconf 79' lang='grc' dir='ltr'><strong><em>γάρ</em></strong></span> <span class='ocrx_word' id='word_1_348' title='bbox 2746 927 2806 979; x_wconf 85' lang='grc' dir='ltr'><em>τὸ</em></span> <span class='ocrx_word' id='word_1_349' title='bbox 2839 924 3211 995; x_wconf 84' lang='grc' dir='ltr'><em>κατάλειμμα.</em></span> 
     </span>
    </p>
   </div>
   <div class='ocr_carea' id='block_1_50' title="bbox 2364 1016 3883 1087">
    <p class='ocr_par' dir='ltr' id='par_1_50' title="bbox 2364 1016 3883 1087">
     <span class='ocr_line' id='line_1_50' title="bbox 2364 1016 3883 1087; baseline -0.003 -14"><span class='ocrx_word' id='word_1_350' title='bbox 2364 1020 2472 1073; x_wconf 88' lang='lat' dir='ltr'><strong><em>Kal</em></strong></span> <span class='ocrx_word' id='word_1_351' title='bbox 2507 1016 2638 1072; x_wconf 80' lang='grc' dir='ltr'><em>εἷπε</em></span> <span class='ocrx_word' id='word_1_352' title='bbox 2677 1020 2916 1087; x_wconf 82' lang='grc' dir='ltr'><em>Κύριος.</em></span> <span class='ocrx_word' id='word_1_353' title='bbox 2954 1020 3077 1085; x_wconf 80' lang='grc' dir='ltr'><strong><em>Οὐχ</em></strong></span> <span class='ocrx_word' id='word_1_354' title='bbox 3117 1020 3149 1070; x_wconf 91' lang='grc' dir='ltr'><strong><em>ό</em></strong></span> <span class='ocrx_word' id='word_1_355' title='bbox 3181 1018 3333 1083; x_wconf 77' lang='grc' dir='ltr'><em>λαός</em></span> <span class='ocrx_word' id='word_1_356' title='bbox 3358 1033 3507 1086; x_wconf 58' lang='grc' dir='ltr'><em>μου,</em></span> <span class='ocrx_word' id='word_1_357' title='bbox 3551 1016 3747 1070; x_wconf 79' lang='grc' dir='ltr'><em>τέκνα</em></span> <span class='ocrx_word' id='word_1_358' title='bbox 3772 1033 3883 1085; x_wconf 68' lang='grc' dir='ltr'><em>μοι*</em></span> 
     </span>
    </p>
   </div>
   <div class='ocr_carea' id='block_1_51' title="bbox 2296 1108 3886 1181">
    <p class='ocr_par' dir='ltr' id='par_1_51' title="bbox 2296 1108 3886 1181">
     <span class='ocr_line' id='line_1_51' title="bbox 2296 1108 3886 1181; baseline -0.004 -16"><span class='ocrx_word' id='word_1_359' title='bbox 2296 1113 2365 1165; x_wconf 89' lang='grc' dir='ltr'><em>οὺ</em></span> <span class='ocrx_word' id='word_1_360' title='bbox 2386 1111 2472 1181; x_wconf 80' lang='grc' dir='ltr'><strong><em>μὴ</em></strong></span> <span class='ocrx_word' id='word_1_361' title='bbox 2494 1110 2883 1177; x_wconf 78' lang='grc' dir='ltr'><em>ἁθετήσουσι.</em></span> <span class='ocrx_word' id='word_1_362' title='bbox 2916 1110 3024 1164; x_wconf 84' lang='lat' dir='ltr'><strong><em>Kal</em></strong></span> <span class='ocrx_word' id='word_1_363' title='bbox 3059 1110 3299 1178; x_wconf 79' lang='grc' dir='ltr'><em>ἐγένετο</em></span> <span class='ocrx_word' id='word_1_364' title='bbox 3329 1108 3535 1174; x_wconf 76' lang='grc' dir='ltr'><em>αὐτοῖς</em></span> <span class='ocrx_word' id='word_1_365' title='bbox 3572 1110 3665 1173; x_wconf 83' lang='grc' dir='ltr'><em>εις</em></span> <span class='ocrx_word' id='word_1_366' title='bbox 3702 1122 3886 1173; x_wconf 78' lang='grc' dir='ltr'><em>σωτη-</em></span> 
     </span>
    </p>
   </div>
   <div class='ocr_carea' id='block_1_52' title="bbox 2286 1198 3887 1271">
    <p class='ocr_par' dir='ltr' id='par_1_52' title="bbox 2286 1198 3887 1271">
     <span class='ocr_line' id='line_1_52' title="bbox 2286 1198 3887 1271; baseline -0.004 -16"><span class='ocrx_word' id='word_1_367' title='bbox 2286 1203 2429 1271; x_wconf 83' lang='grc' dir='ltr'><strong><em>ρίαν</em></strong></span> <span class='ocrx_word' id='word_1_368' title='bbox 2460 1203 2528 1255; x_wconf 81' lang='grc' dir='ltr'><strong><em>ἐκ</em></strong></span> <span class='ocrx_word' id='word_1_369' title='bbox 2555 1201 2760 1268; x_wconf 80' lang='grc' dir='ltr'><strong><em>πάσης</em></strong></span> <span class='ocrx_word' id='word_1_370' title='bbox 2776 1202 3039 1269; x_wconf 71' lang='grc' dir='ltr'><em>θλίψεως</em></span> <span class='ocrx_word' id='word_1_371' title='bbox 3065 1200 3264 1254; x_wconf 80' lang='grc' dir='ltr'><em>αὐτῶν</em></span> <span class='ocrx_word' id='word_1_372' title='bbox 3288 1216 3301 1229; x_wconf 78' lang='grc' dir='ltr'><strong><em>ο</em></strong></span> <span class='ocrx_word' id='word_1_373' title='bbox 3342 1200 3414 1252; x_wconf 86' lang='grc' dir='ltr'><em>οὐ</em></span> <span class='ocrx_word' id='word_1_374' title='bbox 3448 1198 3749 1265; x_wconf 73' lang='grc' dir='ltr'><em>πρέσϐυς,</em></span> <span class='ocrx_word' id='word_1_375' title='bbox 3782 1199 3887 1249; x_wconf 74' lang='grc' dir='ltr'><em>οὐκ</em></span> 
     </span>
    </p>
   </div>
   <div class='ocr_carea' id='block_1_53' title="bbox 2293 1288 3883 1363">
    <p class='ocr_par' dir='ltr' id='par_1_53' title="bbox 2293 1288 3883 1363">
     <span class='ocr_line' id='line_1_53' title="bbox 2293 1288 3883 1363; baseline -0.003 -18"><span class='ocrx_word' id='word_1_376' title='bbox 2293 1293 2565 1363; x_wconf 76' lang='grc' dir='ltr'><em>ἅγγελος,</em></span> <span class='ocrx_word' id='word_1_377' title='bbox 2618 1293 2754 1347; x_wconf 70' lang='grc' dir='ltr'><em>ἀλλ’</em></span> <span class='ocrx_word' id='word_1_378' title='bbox 2796 1293 2980 1357; x_wconf 85' lang='grc' dir='ltr'><em>αὐτὸς</em></span> <span class='ocrx_word' id='word_1_379' title='bbox 3013 1294 3046 1345; x_wconf 83' lang='grc' dir='ltr'><em>ὁ</em></span> <span class='ocrx_word' id='word_1_380' title='bbox 3081 1295 3295 1358; x_wconf 82' lang='grc' dir='ltr'><em>Κύριος</em></span> <span class='ocrx_word' id='word_1_381' title='bbox 3344 1290 3586 1341; x_wconf 76' lang='grc' dir='ltr'><em>ἔσωσεν</em></span> <span class='ocrx_word' id='word_1_382' title='bbox 3639 1288 3883 1352; x_wconf 77' lang='grc' dir='ltr'><em>αὐτοὺς,</em></span> 
     </span>
    </p>
   </div>
   <div class='ocr_carea' id='block_1_54' title="bbox 2295 1379 3882 1454">
    <p class='ocr_par' dir='ltr' id='par_1_54' title="bbox 2295 1379 3882 1454">
     <span class='ocr_line' id='line_1_54' title="bbox 2295 1379 3882 1454; baseline -0.005 -15"><span class='ocrx_word' id='word_1_383' title='bbox 2295 1386 2394 1439; x_wconf 85' lang='grc' dir='ltr'><em>διὰ</em></span> <span class='ocrx_word' id='word_1_384' title='bbox 2445 1385 2511 1439; x_wconf 79' lang='grc' dir='ltr'><em>τὸ</em></span> <span class='ocrx_word' id='word_1_385' title='bbox 2565 1384 2806 1454; x_wconf 79' lang='grc' dir='ltr'><strong><em>ἀγαπᾷν</em></strong></span> <span class='ocrx_word' id='word_1_386' title='bbox 2842 1384 3091 1449; x_wconf 83' lang='grc' dir='ltr'><em>αὐτοὺς,</em></span> <span class='ocrx_word' id='word_1_387' title='bbox 3147 1383 3245 1436; x_wconf 78' lang='grc' dir='ltr'><em>καὶ</em></span> <span class='ocrx_word' id='word_1_388' title='bbox 3286 1381 3599 1451; x_wconf 65' lang='grc' dir='ltr'><em>φείδεσθαι</em></span> <span class='ocrx_word' id='word_1_389' title='bbox 3647 1379 3882 1433; x_wconf 56' lang='grc' dir='ltr'><em>αὐτῶν</em></span> 
     </span>
    </p>
   </div>
   <div class='ocr_carea' id='block_1_55' title="bbox 2292 1471 3883 1544">
    <p class='ocr_par' dir='ltr' id='par_1_55' title="bbox 2292 1471 3883 1544">
     <span class='ocr_line' id='line_1_55' title="bbox 2292 1471 3883 1544; baseline -0.003 -14"><span class='ocrx_word' id='word_1_390' title='bbox 2292 1476 2476 1543; x_wconf 84' lang='grc' dir='ltr'><em>αὐτὸς</em></span> <span class='ocrx_word' id='word_1_391' title='bbox 2509 1475 2890 1544; x_wconf 79' lang='grc' dir='ltr'><em>ἐλυτρώσατο</em></span> <span class='ocrx_word' id='word_1_392' title='bbox 2917 1474 3161 1539; x_wconf 81' lang='grc' dir='ltr'><em>αὐτοὺς,</em></span> <span class='ocrx_word' id='word_1_393' title='bbox 3185 1474 3283 1526; x_wconf 82' lang='grc' dir='ltr'><em>καὶ</em></span> <span class='ocrx_word' id='word_1_394' title='bbox 3311 1471 3609 1526; x_wconf 68' lang='grc' dir='ltr'><em>ἀνέλαϐεν</em></span> <span class='ocrx_word' id='word_1_395' title='bbox 3639 1473 3883 1535; x_wconf 77' lang='grc' dir='ltr'><em>αὐτοὺς.</em></span> 
     </span>
    </p>
   </div>
   <div class='ocr_carea' id='block_1_56' title="bbox 2292 1563 3884 1637">
    <p class='ocr_par' dir='ltr' id='par_1_56' title="bbox 2292 1563 3884 1637">
     <span class='ocr_line' id='line_1_56' title="bbox 2292 1563 3884 1637; baseline -0.004 -15"><span class='ocrx_word' id='word_1_396' title='bbox 2292 1569 2395 1623; x_wconf 79' lang='grc' dir='ltr'><em>καὶ</em></span> <span class='ocrx_word' id='word_1_397' title='bbox 2450 1568 2703 1637; x_wconf 70' lang='grc' dir='ltr'><em>ὕψωσεν</em></span> <span class='ocrx_word' id='word_1_398' title='bbox 2767 1566 2993 1632; x_wconf 80' lang='grc' dir='ltr'><em>αὐτοὺς</em></span> <span class='ocrx_word' id='word_1_399' title='bbox 3056 1566 3260 1631; x_wconf 78' lang='grc' dir='ltr'><em>,πάσας</em></span> <span class='ocrx_word' id='word_1_400' title='bbox 3328 1564 3437 1629; x_wconf 79' lang='grc' dir='ltr'><strong><em>τὰς</em></strong></span> <span class='ocrx_word' id='word_1_401' title='bbox 3498 1563 3738 1631; x_wconf 77' lang='grc' dir='ltr'><em>ἡμέρας</em></span> <span class='ocrx_word' id='word_1_402' title='bbox 3788 1564 3884 1616; x_wconf 78' lang='grc' dir='ltr'><strong><em>τοῦ</em></strong></span> 
     </span>
    </p>
   </div>
   <div class='ocr_carea' id='block_1_57' title="bbox 2291 1656 3881 1725">
    <p class='ocr_par' dir='ltr' id='par_1_57' title="bbox 2291 1656 3881 1725">
     <span class='ocr_line' id='line_1_57' title="bbox 2291 1656 3881 1725; baseline -0.004 -11"><span class='ocrx_word' id='word_1_403' title='bbox 2291 1659 2525 1725; x_wconf 69' lang='grc' dir='ltr'><em>αἰῶνος.</em></span> <span class='ocrx_word' id='word_1_404' title='bbox 2562 1657 2742 1713; x_wconf 78' lang='grc' dir='ltr'><em>Αὐτοὶ</em></span> <span class='ocrx_word' id='word_1_405' title='bbox 2781 1657 2849 1711; x_wconf 81' lang='grc' dir='ltr'><em>δὲ</em></span> <span class='ocrx_word' id='word_1_406' title='bbox 2882 1657 3245 1725; x_wconf 75' lang='grc' dir='ltr'><em>ἠπείθησαν,</em></span> <span class='ocrx_word' id='word_1_407' title='bbox 3286 1656 3384 1711; x_wconf 73' lang='grc' dir='ltr'><em>καὶ</em></span> <span class='ocrx_word' id='word_1_408' title='bbox 3418 1656 3796 1725; x_wconf 70' lang='grc' dir='ltr'><em>παρώξυναν</em></span> <span class='ocrx_word' id='word_1_409' title='bbox 3825 1657 3881 1708; x_wconf 76' lang='grc' dir='ltr'><em>τὸ</em></span> 
     </span>
    </p>
   </div>
   <div class='ocr_carea' id='block_1_58' title="bbox 2294 1748 3885 1821">
    <p class='ocr_par' dir='ltr' id='par_1_58' title="bbox 2294 1748 3885 1821">
     <span class='ocr_line' id='line_1_58' title="bbox 2294 1748 3885 1821; baseline -0.003 -14"><span class='ocrx_word' id='word_1_410' title='bbox 2294 1752 2538 1821; x_wconf 79' lang='grc' dir='ltr'><em>Πνεῦμα</em></span> <span class='ocrx_word' id='word_1_411' title='bbox 2574 1751 2641 1805; x_wconf 85' lang='grc' dir='ltr'><em>τὸ</em></span> <span class='ocrx_word' id='word_1_412' title='bbox 2666 1750 2843 1821; x_wconf 79' lang='grc' dir='ltr'><em>ἅγιον</em></span> <span class='ocrx_word' id='word_1_413' title='bbox 2876 1749 3062 1804; x_wconf 83' lang='grc' dir='ltr'><em>αὑτοῦ</em></span> <span class='ocrx_word' id='word_1_414' title='bbox 3083 1766 3097 1781; x_wconf 90' lang='grc'><strong>·</strong></span> <span class='ocrx_word' id='word_1_415' title='bbox 3144 1750 3244 1803; x_wconf 75' lang='grc' dir='ltr'><em>καὶ</em></span> <span class='ocrx_word' id='word_1_416' title='bbox 3274 1748 3542 1819; x_wconf 63' lang='grc' dir='ltr'><em>ἐστράφη</em></span> <span class='ocrx_word' id='word_1_417' title='bbox 3575 1749 3789 1816; x_wconf 81' lang='grc' dir='ltr'><em>αὐτοῖς</em></span> <span class='ocrx_word' id='word_1_418' title='bbox 3807 1752 3885 1814; x_wconf 76' lang='grc' dir='ltr'><strong><em>εις</em></strong></span> 
     </span>
    </p>
   </div>
   <div class='ocr_carea' id='block_1_59' title="bbox 2293 1842 3671 1914">
    <p class='ocr_par' dir='ltr' id='par_1_59' title="bbox 2293 1842 3671 1914">
     <span class='ocr_line' id='line_1_59' title="bbox 2293 1842 3671 1914; baseline -0.002 -16"><span class='ocrx_word' id='word_1_419' title='bbox 2293 1845 2537 1914; x_wconf 77' lang='grc' dir='ltr'><em>ἔχθραν,</em></span> <span class='ocrx_word' id='word_1_420' title='bbox 2573 1844 2789 1911; x_wconf 80' lang='grc' dir='ltr'><em>Κύριος</em></span> <span class='ocrx_word' id='word_1_421' title='bbox 2814 1842 2995 1908; x_wconf 87' lang='grc' dir='ltr'><em>αὐτὸς</em></span> <span class='ocrx_word' id='word_1_422' title='bbox 3018 1842 3399 1911; x_wconf 74' lang='grc' dir='ltr'><em>ἐπολέμησεν</em></span> <span class='ocrx_word' id='word_1_423' title='bbox 3425 1842 3671 1908; x_wconf 81' lang='grc' dir='ltr'><em>αὐτούς.</em></span> 
     </span>
    </p>
   </div>
   <div class='ocr_carea' id='block_1_60' title="bbox 2368 1933 3886 2008">
    <p class='ocr_par' dir='ltr' id='par_1_60' title="bbox 2368 1933 3886 2008">
     <span class='ocr_line' id='line_1_60' title="bbox 2368 1933 3886 2008; baseline -0.001 -18"><span class='ocrx_word' id='word_1_424' title='bbox 2368 1937 2559 2008; x_wconf 79' lang='grc' dir='ltr'><em>Ἀθρει</em></span> <span class='ocrx_word' id='word_1_425' title='bbox 2588 1936 2652 2008; x_wconf 83' lang='grc' dir='ltr'><em>δή</em></span> <span class='ocrx_word' id='word_1_426' title='bbox 2692 1953 2781 2005; x_wconf 91' lang='grc' dir='ltr'><em>μοι</em></span> <span class='ocrx_word' id='word_1_427' title='bbox 2813 1934 2976 1988; x_wconf 89' lang='grc' dir='ltr'><em>πάλιν</em></span> <span class='ocrx_word' id='word_1_428' title='bbox 3002 1934 3064 1987; x_wconf 80' lang='grc' dir='ltr'><em>τὸ</em></span> <span class='ocrx_word' id='word_1_429' title='bbox 3096 1934 3189 1987; x_wconf 87' lang='grc' dir='ltr'><strong><em>τοῦ</em></strong></span> <span class='ocrx_word' id='word_1_430' title='bbox 3212 1933 3346 1987; x_wconf 92' lang='grc' dir='ltr'><em>Θεοῦ</em></span> <span class='ocrx_word' id='word_1_431' title='bbox 3378 1934 3679 2005; x_wconf 75' lang='grc' dir='ltr'><em>πρόσωπον</em></span> <span class='ocrx_word' id='word_1_432' title='bbox 3714 1936 3886 1988; x_wconf 77' lang='grc' dir='ltr'><em>εἶσκε-</em></span> 
     </span>
    </p>
   </div>
   <div class='ocr_carea' id='block_1_61' title="bbox 2291 2022 3885 2099">
    <p class='ocr_par' dir='ltr' id='par_1_61' title="bbox 2291 2022 3885 2099">
     <span class='ocr_line' id='line_1_61' title="bbox 2291 2022 3885 2099; baseline -0.004 -18"><span class='ocrx_word' id='word_1_433' title='bbox 2291 2025 2628 2099; x_wconf 85' lang='grc' dir='ltr'><em>κομισμένον</em></span> <span class='ocrx_word' id='word_1_434' title='bbox 2656 2026 2836 2090; x_wconf 81' lang='grc' dir='ltr'><em>εὐθὺς,</em></span> <span class='ocrx_word' id='word_1_435' title='bbox 2862 2022 3149 2096; x_wconf 78' lang='grc' dir='ltr'><strong><em>μονονουχὶ</em></strong></span> <span class='ocrx_word' id='word_1_436' title='bbox 3192 2022 3616 2093; x_wconf 81' lang='grc' dir='ltr'><em>κατακεκραγὸς</em></span> <span class='ocrx_word' id='word_1_437' title='bbox 3660 2022 3765 2092; x_wconf 83' lang='grc' dir='ltr'><em>τῆς</em></span> <span class='ocrx_word' id='word_1_438' title='bbox 3798 2022 3885 2075; x_wconf 81' lang='grc' dir='ltr'><strong><em>τοῦ</em></strong></span> 
     </span>
    </p>
   </div>
   <div class='ocr_carea' id='block_1_62' title="bbox 2303 2109 3887 2188">
    <p class='ocr_par' dir='ltr' id='par_1_62' title="bbox 2303 2109 3887 2188">
     <span class='ocr_line' id='line_1_62' title="bbox 2303 2109 3887 2188; baseline -0.003 -18"><span class='ocrx_word' id='word_1_439' title='bbox 2303 2115 2519 2188; x_wconf 82' lang='grc' dir='ltr'><em>Ἰσραὴλ</em></span> <span class='ocrx_word' id='word_1_440' title='bbox 2574 2114 2879 2178; x_wconf 89' lang='grc' dir='ltr'><em>ἀπειθείας.</em></span> <span class='ocrx_word' id='word_1_441' title='bbox 2934 2109 3070 2167; x_wconf 67' lang='lat' dir='ltr'><strong><em>Eine</em></strong></span> <span class='ocrx_word' id='word_1_442' title='bbox 3099 2113 3230 2184; x_wconf 74' lang='grc' dir='ltr'><em>γάρ,</em></span> <span class='ocrx_word' id='word_1_443' title='bbox 3285 2114 3440 2185; x_wconf 76' lang='grc' dir='ltr'><em>φησὶ,</em></span> <span class='ocrx_word' id='word_1_444' title='bbox 3474 2112 3707 2183; x_wconf 77' lang='grc' dir='ltr'><em>Κύριος,</em></span> <span class='ocrx_word' id='word_1_445' title='bbox 3740 2130 3887 2165; x_wconf 77' lang='grc' dir='ltr'><em>τουτ-</em></span> 
     </span>
    </p>
   </div>
   <div class='ocr_carea' id='block_1_63' title="bbox 2290 2203 3886 2273">
    <p class='ocr_par' dir='ltr' id='par_1_63' title="bbox 2290 2203 3886 2273">
     <span class='ocr_line' id='line_1_63' title="bbox 2290 2203 3886 2273; baseline -0.004 -11"><span class='ocrx_word' id='word_1_446' title='bbox 2290 2209 2461 2273; x_wconf 83' lang='grc' dir='ltr'><em>έστιν,</em></span> <span class='ocrx_word' id='word_1_447' title='bbox 2496 2207 2658 2271; x_wconf 83' lang='grc' dir='ltr'><em>αὐτὸς</em></span> <span class='ocrx_word' id='word_1_448' title='bbox 2693 2208 2721 2259; x_wconf 93' lang='lat'><strong><em>6</em></strong></span> <span class='ocrx_word' id='word_1_449' title='bbox 2754 2206 2863 2260; x_wconf 85' lang='grc' dir='ltr'><strong><em>τῶν</em></strong></span> <span class='ocrx_word' id='word_1_450' title='bbox 2896 2205 3034 2260; x_wconf 84' lang='grc' dir='ltr'><em>ὅλων</em></span> <span class='ocrx_word' id='word_1_451' title='bbox 3071 2206 3226 2269; x_wconf 77' lang='grc' dir='ltr'><em>Θεόςο</em></span> <span class='ocrx_word' id='word_1_452' title='bbox 3257 2206 3370 2259; x_wconf 83' lang='grc' dir='ltr'><strong><em>Οὐκ</em></strong></span> <span class='ocrx_word' id='word_1_453' title='bbox 3392 2207 3449 2259; x_wconf 80' lang='grc' dir='ltr'><strong><em>ἐν</em></strong></span> <span class='ocrx_word' id='word_1_454' title='bbox 3483 2203 3642 2269; x_wconf 80' lang='grc' dir='ltr'><strong><em>τάξει</em></strong></span> <span class='ocrx_word' id='word_1_455' title='bbox 3684 2205 3886 2257; x_wconf 84' lang='grc' dir='ltr'><em>τέκνων</em></span> 
     </span>
    </p>
   </div>
   <div class='ocr_carea' id='block_1_64' title="bbox 2290 2294 3887 2373">
    <p class='ocr_par' dir='ltr' id='par_1_64' title="bbox 2290 2294 3887 2373">
     <span class='ocr_line' id='line_1_64' title="bbox 2290 2294 3887 2373; baseline -0.006 -17"><span class='ocrx_word' id='word_1_456' title='bbox 2290 2302 2731 2373; x_wconf 85' lang='grc' dir='ltr'><em>κατελογισάμην</em></span> <span class='ocrx_word' id='word_1_457' title='bbox 2781 2300 2871 2354; x_wconf 78' lang='grc' dir='ltr'><em>τὸν</em></span> <span class='ocrx_word' id='word_1_458' title='bbox 2927 2294 3094 2364; x_wconf 84' lang='grc' dir='ltr'><em>λαὸν;</em></span> <span class='ocrx_word' id='word_1_459' title='bbox 3154 2297 3377 2369; x_wconf 82' lang='grc' dir='ltr'><strong><em>Ἐπειδὴ</em></strong></span> <span class='ocrx_word' id='word_1_460' title='bbox 3432 2297 3492 2350; x_wconf 82' lang='grc' dir='ltr'><em>δὲ</em></span> <span class='ocrx_word' id='word_1_461' title='bbox 3538 2296 3705 2351; x_wconf 88' lang='grc' dir='ltr'><em>τοῦτο</em></span> <span class='ocrx_word' id='word_1_462' title='bbox 3744 2297 3887 2350; x_wconf 73' lang='grc' dir='ltr'><em>ἐστὶν</em></span> 
     </span>
    </p>
   </div>
   <div class='ocr_carea' id='block_1_65' title="bbox 2288 2390 3886 2465">
    <p class='ocr_par' dir='ltr' id='par_1_65' title="bbox 2288 2390 3886 2465">
     <span class='ocr_line' id='line_1_65' title="bbox 2288 2390 3886 2465; baseline -0.004 -18"><span class='ocrx_word' id='word_1_463' title='bbox 2288 2393 2505 2464; x_wconf 84' lang='grc' dir='ltr'><em>ἀληθές·</em></span> <span class='ocrx_word' id='word_1_464' title='bbox 2532 2393 2637 2463; x_wconf 79' lang='grc' dir='ltr'><em>ἔφη</em></span> <span class='ocrx_word' id='word_1_465' title='bbox 2655 2393 2781 2465; x_wconf 81' lang='grc' dir='ltr'><em>γὰρ,</em></span> <span class='ocrx_word' id='word_1_466' title='bbox 2797 2394 2878 2446; x_wconf 89' lang='grc' dir='ltr'><em>ὃτι</em></span> <span class='ocrx_word' id='word_1_467' title='bbox 2901 2391 3029 2455; x_wconf 68' lang='lat' dir='ltr'><strong><em>Tib;</em></strong></span> <span class='ocrx_word' id='word_1_468' title='bbox 3052 2390 3392 2463; x_wconf 79' lang='grc' dir='ltr'><em>πρωτότοκος</em></span> <span class='ocrx_word' id='word_1_469' title='bbox 3412 2407 3514 2461; x_wconf 84' lang='grc' dir='ltr'><em>μου</em></span> <span class='ocrx_word' id='word_1_470' title='bbox 3531 2390 3776 2460; x_wconf 85' lang='grc' dir='ltr'><em>Ἰσραήλ·</em></span> <span class='ocrx_word' id='word_1_471' title='bbox 3793 2390 3886 2442; x_wconf 78' lang='grc' dir='ltr'><em>οὐκ</em></span> 
     </span>
    </p>
   </div>
   <div class='ocr_carea' id='block_1_66' title="bbox 2287 2480 3882 2554">
    <p class='ocr_par' dir='ltr' id='par_1_66' title="bbox 2287 2480 3882 2554">
     <span class='ocr_line' id='line_1_66' title="bbox 2287 2480 3882 2554; baseline -0.004 -15"><span class='ocrx_word' id='word_1_472' title='bbox 2287 2485 2353 2539; x_wconf 84' lang='grc' dir='ltr'><em>ἂν</em></span> <span class='ocrx_word' id='word_1_473' title='bbox 2376 2484 2666 2539; x_wconf 81' lang='grc' dir='ltr'><em>ἐνδοιάσειέ</em></span> <span class='ocrx_word' id='word_1_474' title='bbox 2688 2501 2796 2548; x_wconf 90' lang='grc' dir='ltr'><em>τις,</em></span> <span class='ocrx_word' id='word_1_475' title='bbox 2816 2484 2889 2547; x_wconf 73' lang='grc' dir='ltr'><strong><em>ὡς,</em></strong></span> <span class='ocrx_word' id='word_1_476' title='bbox 2912 2483 3013 2537; x_wconf 83' lang='grc' dir='ltr'><em>οὑκ</em></span> <span class='ocrx_word' id='word_1_477' title='bbox 3042 2482 3196 2536; x_wconf 74' lang='grc' dir='ltr'><em>ἔσται</em></span> <span class='ocrx_word' id='word_1_478' title='bbox 3227 2482 3485 2554; x_wconf 75' lang='grc' dir='ltr'><em>σκληρὸς,</em></span> <span class='ocrx_word' id='word_1_479' title='bbox 3505 2483 3605 2536; x_wconf 77' lang='grc' dir='ltr'><em>καὶ</em></span> <span class='ocrx_word' id='word_1_480' title='bbox 3632 2480 3882 2551; x_wconf 46' lang='lat' dir='ltr'><strong><em>emam.</em></strong></span> 
     </span>
    </p>
   </div>
   <div class='ocr_carea' id='block_1_67' title="bbox 2290 2562 3888 2647">
    <p class='ocr_par' dir='ltr' id='par_1_67' title="bbox 2290 2562 3888 2647">
     <span class='ocr_line' id='line_1_67' title="bbox 2290 2562 3888 2647; baseline -0.006 -18"><span class='ocrx_word' id='word_1_481' title='bbox 2290 2576 2649 2647; x_wconf 82' lang='grc' dir='ltr'><em>Προσδέξεται</em></span> <span class='ocrx_word' id='word_1_482' title='bbox 2680 2576 2736 2629; x_wconf 84' lang='grc' dir='ltr'><em>δὲ</em></span> <span class='ocrx_word' id='word_1_483' title='bbox 2769 2574 2969 2645; x_wconf 75' lang='grc' dir='ltr'><em>μᾶλλον</em></span> <span class='ocrx_word' id='word_1_484' title='bbox 2994 2574 3374 2629; x_wconf 78' lang='grc' dir='ltr'><em>ἀποσταλέντα</em></span> <span class='ocrx_word' id='word_1_485' title='bbox 3406 2575 3500 2628; x_wconf 79' lang='grc' dir='ltr'><em>τὸν</em></span> <span class='ocrx_word' id='word_1_486' title='bbox 3534 2575 3689 2627; x_wconf 85' lang='grc' dir='ltr'><em>Υίόν.</em></span> <span class='ocrx_word' id='word_1_487' title='bbox 3749 2562 3888 2626; x_wconf 76' lang='grc' dir='ltr'><em>Ἀλλ’</em></span> 
     </span>
    </p>
   </div>
   <div class='ocr_carea' id='block_1_68' title="bbox 2287 2667 3888 2739">
    <p class='ocr_par' dir='ltr' id='par_1_68' title="bbox 2287 2667 3888 2739">
     <span class='ocr_line' id='line_1_68' title="bbox 2287 2667 3888 2739; baseline -0.001 -18"><span class='ocrx_word' id='word_1_488' title='bbox 2287 2669 2386 2722; x_wconf 76' lang='grc' dir='ltr'><em>οὐκ</em></span> <span class='ocrx_word' id='word_1_489' title='bbox 2430 2668 2699 2739; x_wconf 73' lang='grc' dir='ltr'><em>ἐκὸέόηκε</em></span> <span class='ocrx_word' id='word_1_490' title='bbox 2742 2668 2899 2722; x_wconf 90' lang='grc' dir='ltr'><em>τοῦτο</em></span> <span class='ocrx_word' id='word_1_491' title='bbox 2946 2669 3083 2738; x_wconf 78' lang='grc' dir='ltr'><em>πρὸς</em></span> <span class='ocrx_word' id='word_1_492' title='bbox 3124 2667 3318 2737; x_wconf 84' lang='grc' dir='ltr'><em>πέρας,</em></span> <span class='ocrx_word' id='word_1_493' title='bbox 3368 2670 3465 2720; x_wconf 82' lang='grc' dir='ltr'><em>καὶ</em></span> <span class='ocrx_word' id='word_1_494' title='bbox 3496 2668 3599 2738; x_wconf 79' lang='grc' dir='ltr'><em>οὐχ</em></span> <span class='ocrx_word' id='word_1_495' title='bbox 3641 2669 3888 2739; x_wconf 73' lang='grc' dir='ltr'><em>ἥμαρτεν</em></span> 
     </span>
    </p>
   </div>
   <div class='ocr_carea' id='block_1_69' title="bbox 2287 2758 3885 2830">
    <p class='ocr_par' dir='ltr' id='par_1_69' title="bbox 2287 2758 3885 2830">
     <span class='ocr_line' id='line_1_69' title="bbox 2287 2758 3885 2830; baseline 0 -20"><span class='ocrx_word' id='word_1_496' title='bbox 2287 2758 2503 2822; x_wconf 84' lang='grc' dir='ltr'><strong><em>ἐλπίδος</em></strong></span> <span class='ocrx_word' id='word_1_497' title='bbox 2533 2759 2563 2810; x_wconf 92' lang='lat'><strong><em>6</em></strong></span> <span class='ocrx_word' id='word_1_498' title='bbox 2597 2760 2775 2812; x_wconf 83' lang='grc' dir='ltr'><em>πάντα</em></span> <span class='ocrx_word' id='word_1_499' title='bbox 2820 2759 2975 2823; x_wconf 85' lang='grc' dir='ltr'><em>είδὼς</em></span> <span class='ocrx_word' id='word_1_500' title='bbox 3002 2776 3016 2791; x_wconf 89' lang='grc'><strong>·</strong></span> <span class='ocrx_word' id='word_1_501' title='bbox 3070 2759 3344 2829; x_wconf 69' lang='grc' dir='ltr'><em>ἠπίστατο</em></span> <span class='ocrx_word' id='word_1_502' title='bbox 3378 2759 3491 2830; x_wconf 83' lang='grc' dir='ltr'><em>γὰρ</em></span> <span class='ocrx_word' id='word_1_503' title='bbox 3522 2760 3594 2812; x_wconf 88' lang='grc' dir='ltr'><strong><em>τά</em></strong></span> <span class='ocrx_word' id='word_1_504' title='bbox 3632 2759 3885 2829; x_wconf 81' lang='grc' dir='ltr'><em>ἐσόμενα.</em></span> 
     </span>
    </p>
   </div>
   <div class='ocr_carea' id='block_1_70' title="bbox 2288 2851 3886 2916">
    <p class='ocr_par' dir='ltr' id='par_1_70' title="bbox 2288 2851 3886 2916">
     <span class='ocr_line' id='line_1_70' title="bbox 2288 2851 3886 2916; baseline -0.001 -12"><span class='ocrx_word' id='word_1_505' title='bbox 2288 2851 2553 2906; x_wconf 87' lang='grc' dir='ltr'><em>Λανθάνει</em></span> <span class='ocrx_word' id='word_1_506' title='bbox 2598 2853 2654 2906; x_wconf 82' lang='grc' dir='ltr'><em>δὲ</em></span> <span class='ocrx_word' id='word_1_507' title='bbox 2695 2853 2857 2906; x_wconf 83' lang='grc' dir='ltr'><em>αὑτὸν</em></span> <span class='ocrx_word' id='word_1_508' title='bbox 2900 2853 3182 2916; x_wconf 80' lang='grc' dir='ltr'><strong><em>παντελῶς</em></strong></span> <span class='ocrx_word' id='word_1_509' title='bbox 3224 2852 3401 2906; x_wconf 78' lang='grc' dir='ltr'><em>οὐδέν.</em></span> <span class='ocrx_word' id='word_1_510' title='bbox 3461 2852 3785 2905; x_wconf 86' lang='grc' dir='ltr'><em>Πέπλασται</em></span> <span class='ocrx_word' id='word_1_511' title='bbox 3832 2852 3886 2903; x_wconf 77' lang='grc' dir='ltr'><em>δὲ</em></span> 
     </span>
    </p>
   </div>
   <div class='ocr_carea' id='block_1_71' title="bbox 2287 2941 3883 3015">
    <p class='ocr_par' dir='ltr' id='par_1_71' title="bbox 2287 2941 3883 3015">
     <span class='ocr_line' id='line_1_71' title="bbox 2287 2941 3883 3015; baseline 0 -20"><span class='ocrx_word' id='word_1_512' title='bbox 2287 2942 2641 3012; x_wconf 80' lang='grc' dir='ltr'><strong><em>ἀνθρωπίνως</em></strong></span> <span class='ocrx_word' id='word_1_513' title='bbox 2662 2943 2757 2996; x_wconf 91' lang='grc' dir='ltr'><strong><em>τοῦ</em></strong></span> <span class='ocrx_word' id='word_1_514' title='bbox 2786 2942 2946 3012; x_wconf 82' lang='grc' dir='ltr'>λόγου</span> <span class='ocrx_word' id='word_1_515' title='bbox 2978 2943 3039 2997; x_wconf 84' lang='grc' dir='ltr'><em>τὸ</em></span> <span class='ocrx_word' id='word_1_516' title='bbox 3063 2946 3268 3015; x_wconf 74' lang='grc' dir='ltr'><em>σχῆμα.</em></span> <span class='ocrx_word' id='word_1_517' title='bbox 3304 2942 3491 2996; x_wconf 85' lang='grc' dir='ltr'><em>Ταῦτα</em></span> <span class='ocrx_word' id='word_1_518' title='bbox 3514 2941 3655 2996; x_wconf 85' lang='grc' dir='ltr'><em>Θεοῦ</em></span> <span class='ocrx_word' id='word_1_519' title='bbox 3697 2943 3883 3010; x_wconf 77' lang='grc' dir='ltr'><em>λέγον·</em></span> 
     </span>
    </p>
   </div>
   <div class='ocr_carea' id='block_1_72' title="bbox 2288 3033 3889 3106">
    <p class='ocr_par' dir='ltr' id='par_1_72' title="bbox 2288 3033 3889 3106">
     <span class='ocr_line' id='line_1_72' title="bbox 2288 3033 3889 3106; baseline -0.001 -19"><span class='ocrx_word' id='word_1_520' title='bbox 2288 3051 2380 3098; x_wconf 86' lang='grc' dir='ltr'><strong><em>τος</em></strong></span> <span class='ocrx_word' id='word_1_521' title='bbox 2420 3033 2688 3088; x_wconf 76' lang='grc' dir='ltr'><em>διαλαϐὼν</em></span> <span class='ocrx_word' id='word_1_522' title='bbox 2716 3036 2744 3088; x_wconf 91' lang='lat'><strong><em>6</em></strong></span> <span class='ocrx_word' id='word_1_523' title='bbox 2790 3036 3077 3106; x_wconf 74' lang='grc' dir='ltr'><em>προφήτης</em></span> <span class='ocrx_word' id='word_1_524' title='bbox 3112 3034 3471 3105; x_wconf 79' lang='grc' dir='ltr'><em>ἀναισθησίας</em></span> <span class='ocrx_word' id='word_1_525' title='bbox 3503 3050 3565 3086; x_wconf 88' lang='grc' dir='ltr'><strong><em>τε</em></strong></span> <span class='ocrx_word' id='word_1_526' title='bbox 3615 3033 3751 3104; x_wconf 77' lang='grc' dir='ltr'><em>ὁμοῦ</em></span> <span class='ocrx_word' id='word_1_527' title='bbox 3795 3034 3889 3086; x_wconf 69' lang='grc' dir='ltr'><em>καὶ</em></span> 
     </span>
    </p>
   </div>
   <div class='ocr_carea' id='block_1_73' title="bbox 2285 3126 3886 3200">
    <p class='ocr_par' dir='ltr' id='par_1_73' title="bbox 2285 3126 3886 3200">
     <span class='ocr_line' id='line_1_73' title="bbox 2285 3126 3886 3200; baseline -0.002 -19"><span class='ocrx_word' id='word_1_528' title='bbox 2285 3127 2605 3199; x_wconf 77' lang='grc' dir='ltr'><strong><em>ἀχαριστίας</em></strong></span> <span class='ocrx_word' id='word_1_529' title='bbox 2645 3128 2913 3197; x_wconf 78' lang='grc' dir='ltr'><strong><em>γράφεται</em></strong></span> <span class='ocrx_word' id='word_1_530' title='bbox 2950 3128 3041 3182; x_wconf 87' lang='grc' dir='ltr'><em>τὸν</em></span> <span class='ocrx_word' id='word_1_531' title='bbox 3088 3127 3324 3200; x_wconf 82' lang='grc' dir='ltr'><em>Ἰσραὴλ,</em></span> <span class='ocrx_word' id='word_1_532' title='bbox 3362 3127 3660 3195; x_wconf 77' lang='grc' dir='ltr'><em>ἀποφαίνει</em></span> <span class='ocrx_word' id='word_1_533' title='bbox 3698 3127 3755 3179; x_wconf 84' lang='grc' dir='ltr'><em>δὲ</em></span> <span class='ocrx_word' id='word_1_534' title='bbox 3794 3126 3886 3179; x_wconf 86' lang='grc' dir='ltr'><em>καὶ</em></span> 
     </span>
    </p>
   </div>
   <div class='ocr_carea' id='block_1_74' title="bbox 2290 3221 3887 3293">
    <p class='ocr_par' dir='ltr' id='par_1_74' title="bbox 2290 3221 3887 3293">
     <span class='ocr_line' id='line_1_74' title="bbox 2290 3221 3887 3293; baseline 0 -19"><span class='ocrx_word' id='word_1_535' title='bbox 2290 3221 2755 3293; x_wconf 77' lang='grc' dir='ltr'><em>ἀμνημονήσαντα</em></span> <span class='ocrx_word' id='word_1_536' title='bbox 2788 3221 3066 3285; x_wconf 85' lang='grc' dir='ltr'><em>παντελῶς</em></span> <span class='ocrx_word' id='word_1_537' title='bbox 3110 3221 3219 3274; x_wconf 89' lang='grc' dir='ltr'><strong><em>τῶν</em></strong></span> <span class='ocrx_word' id='word_1_538' title='bbox 3259 3221 3658 3291; x_wconf 85' lang='grc' dir='ltr'><em>ὑπαρχθέντων</em></span> <span class='ocrx_word' id='word_1_539' title='bbox 3703 3222 3887 3284; x_wconf 78' lang='grc' dir='ltr'><em>αὐτοῖς</em></span> 
     </span>
    </p>
   </div>
   <div class='ocr_carea' id='block_1_75' title="bbox 2291 3312 3886 3386">
    <p class='ocr_par' dir='ltr' id='par_1_75' title="bbox 2291 3312 3886 3386">
     <span class='ocr_line' id='line_1_75' title="bbox 2291 3312 3886 3386; baseline 0 -20"><span class='ocrx_word' id='word_1_540' title='bbox 2291 3312 2531 3380; x_wconf 83' lang='grc' dir='ltr'><em>ἀγαθῶν.</em></span> <span class='ocrx_word' id='word_1_541' title='bbox 2568 3331 2585 3363; x_wconf 83' lang='grc' dir='ltr'><strong><em>ι</em></strong></span> <span class='ocrx_word' id='word_1_542' title='bbox 2618 3313 2867 3382; x_wconf 84' lang='grc' dir='ltr'><em>Ἐγένετο</em></span> <span class='ocrx_word' id='word_1_543' title='bbox 2894 3312 3002 3386; x_wconf 88' lang='grc' dir='ltr'><strong><em>γάρ</em></strong></span> <span class='ocrx_word' id='word_1_544' title='bbox 3035 3312 3239 3377; x_wconf 84' lang='grc' dir='ltr'><em>αὐτοῖς,</em></span> <span class='ocrx_word' id='word_1_545' title='bbox 3270 3331 3289 3365; x_wconf 80' lang='grc' dir='ltr'><strong><em>ι</em></strong></span> <span class='ocrx_word' id='word_1_546' title='bbox 3324 3312 3514 3383; x_wconf 77' lang='grc' dir='ltr'><em>φησὶν,</em></span> <span class='ocrx_word' id='word_1_547' title='bbox 3550 3332 3569 3364; x_wconf 79' lang='grc' dir='ltr'><strong><em>ι</em></strong></span> <span class='ocrx_word' id='word_1_548' title='bbox 3601 3313 3683 3376; x_wconf 80' lang='grc' dir='ltr'><strong><em>είς</em></strong></span> <span class='ocrx_word' id='word_1_549' title='bbox 3711 3330 3886 3383; x_wconf 81' lang='grc' dir='ltr'><em>σωτη-</em></span> 
     </span>
    </p>
   </div>
   <div class='ocr_carea' id='block_1_76' title="bbox 2293 3403 3883 3475">
    <p class='ocr_par' dir='ltr' id='par_1_76' title="bbox 2293 3403 3883 3475">
     <span class='ocr_line' id='line_1_76' title="bbox 2293 3403 3883 3475; baseline 0.003 -21"><span class='ocrx_word' id='word_1_550' title='bbox 2293 3403 2413 3474; x_wconf 88' lang='grc' dir='ltr'><em>ρίαν</em></span> <span class='ocrx_word' id='word_1_551' title='bbox 2466 3406 2530 3457; x_wconf 89' lang='grc' dir='ltr'><strong><em>ἐκ</em></strong></span> <span class='ocrx_word' id='word_1_552' title='bbox 2594 3404 2774 3475; x_wconf 84' lang='grc' dir='ltr'><em>πάσης</em></span> <span class='ocrx_word' id='word_1_553' title='bbox 2834 3404 3069 3474; x_wconf 81' lang='grc' dir='ltr'><em>θλίψεως</em></span> <span class='ocrx_word' id='word_1_554' title='bbox 3132 3403 3347 3458; x_wconf 77' lang='grc' dir='ltr'><em>αὐτῶν·</em></span> <span class='ocrx_word' id='word_1_555' title='bbox 3383 3424 3401 3456; x_wconf 75' lang='grc' dir='ltr'><strong><em>ι</em></strong></span> <span class='ocrx_word' id='word_1_556' title='bbox 3443 3403 3636 3475; x_wconf 73' lang='grc' dir='ltr'><em>ἕτερος</em></span> <span class='ocrx_word' id='word_1_557' title='bbox 3666 3405 3723 3458; x_wconf 78' lang='grc' dir='ltr'><em>δὲ</em></span> <span class='ocrx_word' id='word_1_558' title='bbox 3754 3404 3883 3475; x_wconf 79' lang='grc' dir='ltr'><em>παρ’</em></span> 
     </span>
    </p>
   </div>
   <div class='ocr_carea' id='block_1_77' title="bbox 2290 3494 3884 3566">
    <p class='ocr_par' dir='ltr' id='par_1_77' title="bbox 2290 3494 3884 3566">
     <span class='ocr_line' id='line_1_77' title="bbox 2290 3494 3884 3566; baseline 0.002 -20"><span class='ocrx_word' id='word_1_559' title='bbox 2290 3494 2450 3547; x_wconf 78' lang='grc' dir='ltr'><em>αὑτὸν</em></span> <span class='ocrx_word' id='word_1_560' title='bbox 2474 3494 2646 3559; x_wconf 74' lang='grc' dir='ltr'><em>οὐδεὶς</em></span> <span class='ocrx_word' id='word_1_561' title='bbox 2670 3494 2906 3549; x_wconf 87' lang='grc' dir='ltr'><em>σέσωκεν</em></span> <span class='ocrx_word' id='word_1_562' title='bbox 2938 3495 3157 3560; x_wconf 79' lang='grc' dir='ltr'><em>αὐτοὺς,</em></span> <span class='ocrx_word' id='word_1_563' title='bbox 3191 3495 3252 3548; x_wconf 81' lang='grc' dir='ltr'><em>οὑ</em></span> <span class='ocrx_word' id='word_1_564' title='bbox 3285 3494 3552 3566; x_wconf 80' lang='grc' dir='ltr'><em>πρέσόυς,</em></span> <span class='ocrx_word' id='word_1_565' title='bbox 3581 3496 3683 3549; x_wconf 76' lang='grc' dir='ltr'><em>οὐκ</em></span> <span class='ocrx_word' id='word_1_566' title='bbox 3719 3496 3884 3564; x_wconf 79' lang='grc' dir='ltr'><em>ἀγγε-</em></span> 
     </span>
    </p>
   </div>
   <div class='ocr_carea' id='block_1_78' title="bbox 2290 3586 3882 3659">
    <p class='ocr_par' dir='ltr' id='par_1_78' title="bbox 2290 3586 3882 3659">
     <span class='ocr_line' id='line_1_78' title="bbox 2290 3586 3882 3659; baseline 0.002 -22"><span class='ocrx_word' id='word_1_567' title='bbox 2290 3586 2397 3649; x_wconf 90' lang='grc' dir='ltr'><em>λος,</em></span> <span class='ocrx_word' id='word_1_568' title='bbox 2434 3586 2547 3639; x_wconf 78' lang='grc' dir='ltr'><em>ἀλλ’</em></span> <span class='ocrx_word' id='word_1_569' title='bbox 2586 3587 2746 3650; x_wconf 82' lang='grc' dir='ltr'><em>αὐτὸς</em></span> <span class='ocrx_word' id='word_1_570' title='bbox 2769 3588 2971 3659; x_wconf 81' lang='grc' dir='ltr'><em>Κύριος</em></span> <span class='ocrx_word' id='word_1_571' title='bbox 2994 3589 3059 3642; x_wconf 80' lang='grc' dir='ltr'><em>δι’</em></span> <span class='ocrx_word' id='word_1_572' title='bbox 3091 3587 3305 3642; x_wconf 87' lang='grc' dir='ltr'><em>ἐαυτοῦ.</em></span> <span class='ocrx_word' id='word_1_573' title='bbox 3339 3587 3882 3659; x_wconf 79' lang='grc' dir='ltr'><em>Τεθαυματοὺργηκε</em></span> 
     </span>
    </p>
   </div>
   <div class='ocr_carea' id='block_1_79' title="bbox 2289 3677 3877 3749">
    <p class='ocr_par' dir='ltr' id='par_1_79' title="bbox 2289 3677 3877 3749">
     <span class='ocr_line' id='line_1_79' title="bbox 2289 3677 3877 3749; baseline 0 -17"><span class='ocrx_word' id='word_1_574' title='bbox 2289 3680 2399 3749; x_wconf 81' lang='grc' dir='ltr'><em>γὰρ</em></span> <span class='ocrx_word' id='word_1_575' title='bbox 2443 3680 2500 3732; x_wconf 91' lang='grc' dir='ltr'><strong><em>ἐν</em></strong></span> <span class='ocrx_word' id='word_1_576' title='bbox 2552 3677 2816 3748; x_wconf 75' lang='grc' dir='ltr'><em>Αἰγύπτῳ</em></span> <span class='ocrx_word' id='word_1_577' title='bbox 2868 3677 3293 3749; x_wconf 78' lang='grc' dir='ltr'><em>μεσολαϐοῦντος</em></span> <span class='ocrx_word' id='word_1_578' title='bbox 3328 3678 3427 3749; x_wconf 86' lang='grc' dir='ltr'><strong><em>μὲν</em></strong></span> <span class='ocrx_word' id='word_1_579' title='bbox 3470 3678 3570 3733; x_wconf 88' lang='grc' dir='ltr'><strong><em>τοῦ</em></strong></span> <span class='ocrx_word' id='word_1_580' title='bbox 3615 3679 3877 3742; x_wconf 80' lang='grc' dir='ltr'><em>Μωσέως,</em></span> 
     </span>
    </p>
   </div>
   <div class='ocr_carea' id='block_1_80' title="bbox 2290 3770 3883 3841">
    <p class='ocr_par' dir='ltr' id='par_1_80' title="bbox 2290 3770 3883 3841">
     <span class='ocr_line' id='line_1_80' title="bbox 2290 3770 3883 3841; baseline 0.001 -18"><span class='ocrx_word' id='word_1_581' title='bbox 2290 3770 2430 3841; x_wconf 85' lang='grc' dir='ltr'><em>πλὴν</em></span> <span class='ocrx_word' id='word_1_582' title='bbox 2468 3770 2708 3841; x_wconf 79' lang='grc' dir='ltr'><em>ἐνεργῶν</em></span> <span class='ocrx_word' id='word_1_583' title='bbox 2731 3770 2890 3834; x_wconf 83' lang='grc' dir='ltr'><em>αὐτὸς</em></span> <span class='ocrx_word' id='word_1_584' title='bbox 2918 3771 2986 3824; x_wconf 83' lang='grc' dir='ltr'><em>τὰ</em></span> <span class='ocrx_word' id='word_1_585' title='bbox 3022 3771 3319 3841; x_wconf 84' lang='grc' dir='ltr'><em>παράδοξα.</em></span> <span class='ocrx_word' id='word_1_586' title='bbox 3366 3771 3479 3825; x_wconf 74' lang='grc' dir='ltr'><strong><em>Καὶ</em></strong></span> <span class='ocrx_word' id='word_1_587' title='bbox 3500 3770 3637 3839; x_wconf 89' lang='grc' dir='ltr'><em>γοῦν</em></span> <span class='ocrx_word' id='word_1_588' title='bbox 3664 3773 3752 3825; x_wconf 82' lang='grc' dir='ltr'><em>ὅτε</em></span> <span class='ocrx_word' id='word_1_589' title='bbox 3786 3788 3883 3841; x_wconf 82' lang='grc' dir='ltr'><strong><em>με·-</em></strong></span> 
     </span>
    </p>
   </div>
   <div class='ocr_carea' id='block_1_81' title="bbox 2292 3856 3881 3932">
    <p class='ocr_par' dir='ltr' id='par_1_81' title="bbox 2292 3856 3881 3932">
     <span class='ocr_line' id='line_1_81' title="bbox 2292 3856 3881 3932; baseline 0.002 -20"><span class='ocrx_word' id='word_1_590' title='bbox 2292 3861 2689 3930; x_wconf 82' lang='grc' dir='ltr'><em>μοσχοποίηκεν</em></span> <span class='ocrx_word' id='word_1_591' title='bbox 2715 3862 2743 3912; x_wconf 98' lang='lat'><strong><em>6</em></strong></span> <span class='ocrx_word' id='word_1_592' title='bbox 2785 3861 3021 3930; x_wconf 83' lang='grc' dir='ltr'><em>Ἰσραὴλ,</em></span> <span class='ocrx_word' id='word_1_593' title='bbox 3072 3856 3190 3916; x_wconf 82' lang='grc' dir='ltr'><em>εἶτα</em></span> <span class='ocrx_word' id='word_1_594' title='bbox 3226 3862 3364 3932; x_wconf 80' lang='grc' dir='ltr'><em>πρὸς</em></span> <span class='ocrx_word' id='word_1_595' title='bbox 3392 3862 3554 3917; x_wconf 88' lang='grc' dir='ltr'><em>τοῦτο</em></span> <span class='ocrx_word' id='word_1_596' title='bbox 3580 3862 3881 3931; x_wconf 80' lang='grc' dir='ltr'><em>λελύπηται</em></span> 
     </span>
    </p>
   </div>
   <div class='ocr_carea' id='block_1_82' title="bbox 2287 3952 3878 4026">
    <p class='ocr_par' dir='ltr' id='par_1_82' title="bbox 2287 3952 3878 4026">
     <span class='ocr_line' id='line_1_82' title="bbox 2287 3952 3878 4026; baseline 0.002 -22"><span class='ocrx_word' id='word_1_597' title='bbox 2287 3952 2438 4015; x_wconf 86' lang='grc' dir='ltr'><em>Θεὸς,</em></span> <span class='ocrx_word' id='word_1_598' title='bbox 2474 3954 2567 4006; x_wconf 76' lang='grc' dir='ltr'><em>καὶ</em></span> <span class='ocrx_word' id='word_1_599' title='bbox 2591 3954 2992 4021; x_wconf 80' lang='grc' dir='ltr'><em>συνεκπέμψειν</em></span> <span class='ocrx_word' id='word_1_600' title='bbox 3019 3953 3200 4015; x_wconf 79' lang='grc' dir='ltr'><em>αὐτοῖς</em></span> <span class='ocrx_word' id='word_1_601' title='bbox 3230 3953 3461 4023; x_wconf 76' lang='grc' dir='ltr'><em>ἄγγελον</em></span> <span class='ocrx_word' id='word_1_602' title='bbox 3486 3955 3878 4026; x_wconf 77' lang='grc' dir='ltr'><em>ἐπηγγέλλετο,</em></span> 
     </span>
    </p>
   </div>
   <div class='ocr_carea' id='block_1_83' title="bbox 2286 4041 3878 4116">
    <p class='ocr_par' dir='ltr' id='par_1_83' title="bbox 2286 4041 3878 4116">
     <span class='ocr_line' id='line_1_83' title="bbox 2286 4041 3878 4116; baseline 0.003 -23"><span class='ocrx_word' id='word_1_603' title='bbox 2286 4041 2689 4112; x_wconf 86' lang='grc' dir='ltr'><em>δεδυσφόρηκεν</em></span> <span class='ocrx_word' id='word_1_604' title='bbox 2723 4043 2753 4094; x_wconf 86' lang='lat'><strong><em>6</em></strong></span> <span class='ocrx_word' id='word_1_605' title='bbox 2802 4042 3009 4112; x_wconf 81' lang='grc' dir='ltr'><em>Μωσῆς</em></span> <span class='ocrx_word' id='word_1_606' title='bbox 3055 4043 3229 4112; x_wconf 79' lang='grc' dir='ltr'><em>λέγων</em></span> <span class='ocrx_word' id='word_1_607' title='bbox 3258 4061 3272 4076; x_wconf 80' lang='grc' dir='ltr'><strong>ο</strong></span> <span class='ocrx_word' id='word_1_608' title='bbox 3306 4062 3325 4094; x_wconf 82' lang='grc' dir='ltr'><strong><em>ι</em></strong></span> <span class='ocrx_word' id='word_1_609' title='bbox 3356 4045 3420 4097; x_wconf 79' lang='lat' dir='ltr'><strong>El</strong></span> <span class='ocrx_word' id='word_1_610' title='bbox 3473 4044 3552 4116; x_wconf 77' lang='grc' dir='ltr'><strong><em>μὴ</em></strong></span> <span class='ocrx_word' id='word_1_611' title='bbox 3601 4048 3668 4099; x_wconf 81' lang='grc' dir='ltr'><em>σὺ</em></span> <span class='ocrx_word' id='word_1_612' title='bbox 3715 4046 3878 4107; x_wconf 80' lang='grc' dir='ltr'><em>αὐτὸς</em></span> 
     </span>
    </p>
   </div>
   <div class='ocr_carea' id='block_1_84' title="bbox 2288 4133 3871 4209">
    <p class='ocr_par' dir='ltr' id='par_1_84' title="bbox 2288 4133 3871 4209">
     <span class='ocr_line' id='line_1_84' title="bbox 2288 4133 3871 4209; baseline 0.002 -23"><span class='ocrx_word' id='word_1_613' title='bbox 2288 4133 2533 4207; x_wconf 82' lang='grc' dir='ltr'><em>πορεύσῃ</em></span> <span class='ocrx_word' id='word_1_614' title='bbox 2575 4134 2691 4203; x_wconf 80' lang='grc' dir='ltr'><em>μετ’</em></span> <span class='ocrx_word' id='word_1_615' title='bbox 2746 4134 2904 4205; x_wconf 85' lang='grc' dir='ltr'><em>ἐμοῦ,</em></span> <span class='ocrx_word' id='word_1_616' title='bbox 2965 4136 3039 4205; x_wconf 88' lang='grc' dir='ltr'><strong><em>μή</em></strong></span> <span class='ocrx_word' id='word_1_617' title='bbox 3091 4152 3159 4205; x_wconf 85' lang='grc' dir='ltr'><em>με</em></span> <span class='ocrx_word' id='word_1_618' title='bbox 3210 4136 3495 4209; x_wconf 78' lang='grc' dir='ltr'><em>ἀναγάγῃς</em></span> <span class='ocrx_word' id='word_1_619' title='bbox 3542 4138 3820 4191; x_wconf 79' lang='grc' dir='ltr'><em>ἐντεῦθεν.</em></span> <span class='ocrx_word' id='word_1_620' title='bbox 3851 4156 3871 4189; x_wconf 73' lang='grc' dir='ltr'><strong><em>ι</em></strong></span> 
     </span>
    </p>
   </div>
   <div class='ocr_carea' id='block_1_85' title="bbox 2286 4222 3878 4301">
    <p class='ocr_par' dir='ltr' id='par_1_85' title="bbox 2286 4222 3878 4301">
     <span class='ocr_line' id='line_1_85' title="bbox 2286 4222 3878 4301; baseline 0.003 -24"><span class='ocrx_word' id='word_1_621' title='bbox 2286 4226 2455 4288; x_wconf 79' lang='grc' dir='ltr'><em>Αὐτὸς</em></span> <span class='ocrx_word' id='word_1_622' title='bbox 2490 4222 2580 4280; x_wconf 80' lang='grc' dir='ltr'><em>οὖν</em></span> <span class='ocrx_word' id='word_1_623' title='bbox 2615 4226 2724 4298; x_wconf 82' lang='grc' dir='ltr'><em>ἄρα</em></span> <span class='ocrx_word' id='word_1_624' title='bbox 2755 4227 2820 4279; x_wconf 86' lang='grc' dir='ltr'><em>δι’</em></span> <span class='ocrx_word' id='word_1_625' title='bbox 2846 4226 3039 4281; x_wconf 76' lang='grc' dir='ltr'><em>ἑαυτοῦ</em></span> <span class='ocrx_word' id='word_1_626' title='bbox 3092 4228 3328 4280; x_wconf 83' lang='grc' dir='ltr'><em>σέσωκεν</em></span> <span class='ocrx_word' id='word_1_627' title='bbox 3358 4229 3582 4293; x_wconf 78' lang='grc' dir='ltr'><em>αὐτοὺς,</em></span> <span class='ocrx_word' id='word_1_628' title='bbox 3624 4229 3878 4301; x_wconf 81' lang='grc' dir='ltr'><em>ἐσχηκὼς</em></span> 
     </span>
    </p>
   </div>
   <div class='ocr_carea' id='block_1_86' title="bbox 2288 4318 3877 4390">
    <p class='ocr_par' dir='ltr' id='par_1_86' title="bbox 2288 4318 3877 4390">
     <span class='ocr_line' id='line_1_86' title="bbox 2288 4318 3877 4390; baseline 0.004 -21"><span class='ocrx_word' id='word_1_629' title='bbox 2288 4318 2384 4387; x_wconf 86' lang='grc' dir='ltr'><strong><em>μὲν</em></strong></span> <span class='ocrx_word' id='word_1_630' title='bbox 2432 4319 2560 4389; x_wconf 82' lang='grc' dir='ltr'><em>παρ’</em></span> <span class='ocrx_word' id='word_1_631' title='bbox 2591 4318 2771 4372; x_wconf 81' lang='grc' dir='ltr'><em>αὐτῶν</em></span> <span class='ocrx_word' id='word_1_632' title='bbox 2816 4318 2877 4371; x_wconf 82' lang='grc' dir='ltr'><em>τὸ</em></span> <span class='ocrx_word' id='word_1_633' title='bbox 2907 4318 3130 4389; x_wconf 77' lang='grc' dir='ltr'><em>σύμπαν</em></span> <span class='ocrx_word' id='word_1_634' title='bbox 3181 4318 3355 4383; x_wconf 81' lang='grc' dir='ltr'><em>οὐδὲν,</em></span> <span class='ocrx_word' id='word_1_635' title='bbox 3398 4320 3559 4390; x_wconf 80' lang='grc' dir='ltr'><em>μόνον</em></span> <span class='ocrx_word' id='word_1_636' title='bbox 3597 4320 3656 4374; x_wconf 65' lang='grc' dir='ltr'><em>δὲ</em></span> <span class='ocrx_word' id='word_1_637' title='bbox 3694 4322 3781 4375; x_wconf 81' lang='grc' dir='ltr'><strong><em>διά</em></strong></span> <span class='ocrx_word' id='word_1_638' title='bbox 3815 4322 3877 4374; x_wconf 74' lang='grc' dir='ltr'><em>τὸ</em></span> 
     </span>
    </p>
   </div>
   <div class='ocr_carea' id='block_1_87' title="bbox 2284 4408 3875 4480">
    <p class='ocr_par' dir='ltr' id='par_1_87' title="bbox 2284 4408 3875 4480">
     <span class='ocr_line' id='line_1_87' title="bbox 2284 4408 3875 4480; baseline 0.003 -19"><span class='ocrx_word' id='word_1_639' title='bbox 2284 4409 2504 4478; x_wconf 77' lang='grc' dir='ltr'><em>ἀγαπᾷν</em></span> <span class='ocrx_word' id='word_1_640' title='bbox 2542 4408 2757 4473; x_wconf 79' lang='grc' dir='ltr'><em>αὐτοὺς,</em></span> <span class='ocrx_word' id='word_1_641' title='bbox 2798 4409 2893 4463; x_wconf 81' lang='grc' dir='ltr'><em>καὶ</em></span> <span class='ocrx_word' id='word_1_642' title='bbox 2927 4408 3186 4480; x_wconf 80' lang='grc' dir='ltr'><em>κήδεσθαι</em></span> <span class='ocrx_word' id='word_1_643' title='bbox 3215 4410 3415 4465; x_wconf 75' lang='grc' dir='ltr'><em>αὐτῶν.</em></span> <span class='ocrx_word' id='word_1_644' title='bbox 3440 4411 3614 4466; x_wconf 88' lang='grc' dir='ltr'><em>Τοῦτο</em></span> <span class='ocrx_word' id='word_1_645' title='bbox 3643 4413 3700 4467; x_wconf 73' lang='grc' dir='ltr'><strong><em>δέ</em></strong></span> <span class='ocrx_word' id='word_1_646' title='bbox 3725 4416 3875 4468; x_wconf 73' lang='grc' dir='ltr'><em>ἐστιν</em></span> 
     </span>
    </p>
   </div>
   <div class='ocr_carea' id='block_1_88' title="bbox 2284 4496 3871 4575">
    <p class='ocr_par' dir='ltr' id='par_1_88' title="bbox 2284 4496 3871 4575">
     <span class='ocr_line' id='line_1_88' title="bbox 2284 4496 3871 4575; baseline 0.005 -24"><span class='ocrx_word' id='word_1_647' title='bbox 2284 4496 2561 4563; x_wconf 81' lang='grc' dir='ltr'><em>ἀπόδειξις</em></span> <span class='ocrx_word' id='word_1_648' title='bbox 2588 4499 2822 4571; x_wconf 82' lang='grc' dir='ltr'><em>ἐναργὴς</em></span> <span class='ocrx_word' id='word_1_649' title='bbox 2860 4503 2957 4571; x_wconf 80' lang='grc' dir='ltr'><em>τῆς</em></span> <span class='ocrx_word' id='word_1_650' title='bbox 3004 4501 3393 4573; x_wconf 74' lang='grc' dir='ltr'><em>ἀπαραελήτου</em></span> <span class='ocrx_word' id='word_1_651' title='bbox 3435 4502 3871 4575; x_wconf 77' lang='grc' dir='ltr'><em>φιλανθρωπίας.</em></span> 
     </span>
    </p>
   </div>
   <div class='ocr_carea' id='block_1_89' title="bbox 601 4586 2184 4665">
    <p class='ocr_par' dir='ltr' id='par_1_89' title="bbox 601 4586 2181 4665">
     <span class='ocr_line' id='line_1_89' title="bbox 601 4586 2181 4665; baseline -0.006 -16"><span class='ocrx_word' id='word_1_652' title='bbox 601 4595 773 4665; x_wconf 80' lang='lat' dir='ltr'><strong><em>cepit,</em></strong></span> <span class='ocrx_word' id='word_1_653' title='bbox 820 4591 1019 4647; x_wconf 78' lang='lat' dir='ltr'><strong><em>evexit.</em></strong></span> <span class='ocrx_word' id='word_1_654' title='bbox 1063 4589 1260 4657; x_wconf 88' lang='lat' dir='ltr'><strong><em>quue,</em></strong></span> <span class='ocrx_word' id='word_1_655' title='bbox 1306 4587 1519 4656; x_wconf 82' lang='lat' dir='ltr'><strong><em>opinor,</em></strong></span> <span class='ocrx_word' id='word_1_656' title='bbox 1569 4595 1681 4649; x_wconf 90' lang='lat' dir='ltr'><strong><em>est,</em></strong></span> <span class='ocrx_word' id='word_1_657' title='bbox 1733 4587 1874 4654; x_wconf 90' lang='lat' dir='ltr'><strong><em>quod</em></strong></span> <span class='ocrx_word' id='word_1_658' title='bbox 1920 4586 2181 4656; x_wconf 90' lang='lat' dir='ltr'><strong><em>principio</em></strong></span> 
     </span>
    </p>
   </div>
   <div class='ocr_carea' id='block_1_90' title="bbox 2286 4586 3873 4665">
    <p class='ocr_par' dir='ltr' id='par_1_90' title="bbox 2286 4591 3873 4665">
     <span class='ocr_line' id='line_1_90' title="bbox 2286 4591 3873 4665; baseline 0.003 -20"><span class='ocrx_word' id='word_1_659' title='bbox 2286 4592 2380 4645; x_wconf 70' lang='grc' dir='ltr'><em>καὶ</em></span> <span class='ocrx_word' id='word_1_660' title='bbox 2406 4591 2767 4662; x_wconf 85' lang='grc' dir='ltr'><em>γαληνότητος</em></span> <span class='ocrx_word' id='word_1_661' title='bbox 2797 4591 2894 4661; x_wconf 84' lang='grc' dir='ltr'><em>τῆς</em></span> <span class='ocrx_word' id='word_1_662' title='bbox 2921 4592 3257 4662; x_wconf 76' lang='grc' dir='ltr'><em>θεοπρεποῦς</em></span> <span class='ocrx_word' id='word_1_663' title='bbox 3276 4611 3288 4623; x_wconf 90' lang='grc'><strong>·</strong></span> <span class='ocrx_word' id='word_1_664' title='bbox 3327 4593 3675 4665; x_wconf 82' lang='grc' dir='ltr'><em>ἐλυτρώσατο</em></span> <span class='ocrx_word' id='word_1_665' title='bbox 3692 4598 3873 4651; x_wconf 77' lang='grc' dir='ltr'><em>τοίνυν</em></span> 
     </span>
    </p>
   </div>
   <div class='ocr_carea' id='block_1_91' title="bbox 597 4676 2177 4750">
    <p class='ocr_par' dir='ltr' id='par_1_91' title="bbox 597 4676 2177 4750">
     <span class='ocr_line' id='line_1_91' title="bbox 597 4676 2177 4750; baseline -0.007 -10"><span class='ocrx_word' id='word_1_666' title='bbox 597 4687 737 4740; x_wconf 82' lang='lat' dir='ltr'><strong><em>dixit</em></strong></span> <span class='ocrx_word' id='word_1_667' title='bbox 772 4702 786 4739; x_wconf 87' lang='lat'><strong>:</strong></span> <span class='ocrx_word' id='word_1_668' title='bbox 830 4702 848 4735; x_wconf 81' lang='grc' dir='ltr'><strong><em>ι</em></strong></span> <span class='ocrx_word' id='word_1_669' title='bbox 890 4682 1056 4737; x_wconf 89' lang='lat' dir='ltr'><strong><em>Filios</em></strong></span> <span class='ocrx_word' id='word_1_670' title='bbox 1098 4678 1258 4750; x_wconf 89' lang='lat' dir='ltr'><strong><em>genui</em></strong></span> <span class='ocrx_word' id='word_1_671' title='bbox 1320 4688 1375 4731; x_wconf 88' lang='lat' dir='ltr'><strong><em>et</em></strong></span> <span class='ocrx_word' id='word_1_672' title='bbox 1417 4678 1594 4741; x_wconf 79' lang='lat' dir='ltr'><strong><em>evexi,</em></strong></span> <span class='ocrx_word' id='word_1_673' title='bbox 1637 4695 1657 4729; x_wconf 74' lang='grc' dir='ltr'><strong><em>ι</em></strong></span> <span class='ocrx_word' id='word_1_674' title='bbox 1698 4676 1749 4730; x_wconf 86' lang='lat' dir='ltr'><strong><em>id</em></strong></span> <span class='ocrx_word' id='word_1_675' title='bbox 1792 4686 1897 4742; x_wconf 90' lang='lat' dir='ltr'><strong><em>est,</em></strong></span> <span class='ocrx_word' id='word_1_676' title='bbox 1934 4677 2177 4740; x_wconf 88' lang='lat' dir='ltr'><strong><em>educavi,</em></strong></span> 
     </span>
    </p>
   </div>
   <div class='ocr_carea' id='block_1_92' title="bbox 598 4768 2171 4842">
    <p class='ocr_par' dir='ltr' id='par_1_92' title="bbox 598 4768 2171 4842">
     <span class='ocr_line' id='line_1_92' title="bbox 598 4768 2171 4842; baseline -0.006 -13"><span class='ocrx_word' id='word_1_677' title='bbox 598 4776 683 4829; x_wconf 88' lang='lat' dir='ltr'><strong><em>vel</em></strong></span> <span class='ocrx_word' id='word_1_678' title='bbox 714 4775 951 4842; x_wconf 85' lang='lat' dir='ltr'><strong><em>insignes</em></strong></span> <span class='ocrx_word' id='word_1_679' title='bbox 981 4772 1187 4826; x_wconf 90' lang='lat' dir='ltr'><strong><em>reddidi</em></strong></span> <span class='ocrx_word' id='word_1_680' title='bbox 1214 4788 1226 4824; x_wconf 92' lang='lat'>:</span> <span class='ocrx_word' id='word_1_681' title='bbox 1264 4786 1283 4820; x_wconf 84' lang='grc' dir='ltr'><strong><em>ι</em></strong></span> <span class='ocrx_word' id='word_1_682' title='bbox 1327 4768 1421 4824; x_wconf 87' lang='lat' dir='ltr'><strong><em>sed</em></strong></span> <span class='ocrx_word' id='word_1_683' title='bbox 1453 4768 1526 4822; x_wconf 93' lang='lat' dir='ltr'><strong><em>illi</em></strong></span> <span class='ocrx_word' id='word_1_684' title='bbox 1562 4782 1647 4821; x_wconf 92' lang='lat' dir='ltr'><strong><em>me</em></strong></span> <span class='ocrx_word' id='word_1_685' title='bbox 1677 4769 2022 4836; x_wconf 87' lang='lat' dir='ltr'><strong><em>repudiarunt</em></strong></span> <span class='ocrx_word' id='word_1_686' title='bbox 2053 4769 2115 4822; x_wconf 79' lang='lat'><strong><em>&quot;.</em></strong></span> <span class='ocrx_word' id='word_1_687' title='bbox 2154 4789 2171 4820; x_wconf 79' lang='grc' dir='ltr'><strong><em>ι</em></strong></span> 
     </span>
    </p>
   </div>
   <div class='ocr_carea' id='block_1_93' title="bbox 597 4860 2177 4930">
    <p class='ocr_par' dir='ltr' id='par_1_93' title="bbox 597 4860 2177 4930">
     <span class='ocr_line' id='line_1_93' title="bbox 597 4860 2177 4930; baseline -0.004 -11"><span class='ocrx_word' id='word_1_688' title='bbox 597 4867 753 4930; x_wconf 86' lang='lat' dir='ltr'><strong><em>Illud,</em></strong></span> <span class='ocrx_word' id='word_1_689' title='bbox 784 4865 1037 4920; x_wconf 91' lang='lat' dir='ltr'><strong><em>omnibus</em></strong></span> <span class='ocrx_word' id='word_1_690' title='bbox 1065 4862 1255 4917; x_wconf 90' lang='lat' dir='ltr'><strong><em>diebus</em></strong></span> <span class='ocrx_word' id='word_1_691' title='bbox 1285 4860 1488 4923; x_wconf 64' lang='lat' dir='ltr'><strong><em>saeculi,</em></strong></span> <span class='ocrx_word' id='word_1_692' title='bbox 1526 4860 1835 4928; x_wconf 82' lang='lat' dir='ltr'><strong><em>signiﬁcare</em></strong></span> <span class='ocrx_word' id='word_1_693' title='bbox 1864 4868 2061 4928; x_wconf 91' lang='lat' dir='ltr'><strong><em>potest,</em></strong></span> <span class='ocrx_word' id='word_1_694' title='bbox 2092 4860 2177 4928; x_wconf 88' lang='lat' dir='ltr'><strong><em>ju-</em></strong></span> 
     </span>
    </p>
   </div>
   <div class='ocr_carea' id='block_1_94' title="bbox 600 4951 2175 5026">
    <p class='ocr_par' dir='ltr' id='par_1_94' title="bbox 600 4951 2175 5026">
     <span class='ocr_line' id='line_1_94' title="bbox 600 4951 2175 5026; baseline -0.001 -17"><span class='ocrx_word' id='word_1_695' title='bbox 600 4959 739 5026; x_wconf 84' lang='lat' dir='ltr'><strong><em>giter</em></strong></span> <span class='ocrx_word' id='word_1_696' title='bbox 765 4969 819 5012; x_wconf 91' lang='lat' dir='ltr'><strong><em>et</em></strong></span> <span class='ocrx_word' id='word_1_697' title='bbox 843 4966 1122 5025; x_wconf 89' lang='lat' dir='ltr'><strong><em>perpetuo.</em></strong></span> <span class='ocrx_word' id='word_1_698' title='bbox 1154 4955 1302 5008; x_wconf 87' lang='lat' dir='ltr'><strong><em>Adeo</em></strong></span> <span class='ocrx_word' id='word_1_699' title='bbox 1334 4954 1507 5007; x_wconf 90' lang='lat' dir='ltr'><strong><em>bonus</em></strong></span> <span class='ocrx_word' id='word_1_700' title='bbox 1538 4952 1589 5005; x_wconf 92' lang='lat' dir='ltr'><strong><em>in</em></strong></span> <span class='ocrx_word' id='word_1_701' title='bbox 1618 4951 1741 5006; x_wconf 91' lang='lat' dir='ltr'><strong><em>illos</em></strong></span> <span class='ocrx_word' id='word_1_702' title='bbox 1770 4951 1871 5005; x_wconf 82' lang='lat' dir='ltr'><strong>fuit</strong></span> <span class='ocrx_word' id='word_1_703' title='bbox 1896 4952 2175 5007; x_wconf 84' lang='lat' dir='ltr'><strong><em>universo-</em></strong></span> 
     </span>
    </p>
   </div>
   <div class='ocr_carea' id='block_1_95' title="bbox 600 5043 2176 5109">
    <p class='ocr_par' dir='ltr' id='par_1_95' title="bbox 600 5043 2176 5109">
     <span class='ocr_line' id='line_1_95' title="bbox 600 5043 2176 5109; baseline -0.003 -7"><span class='ocrx_word' id='word_1_704' title='bbox 600 5065 720 5102; x_wconf 88' lang='lat' dir='ltr'><strong><em>rum</em></strong></span> <span class='ocrx_word' id='word_1_705' title='bbox 752 5048 891 5100; x_wconf 89' lang='lat' dir='ltr'><strong><em>Deus</em></strong></span> <span class='ocrx_word' id='word_1_706' title='bbox 919 5065 932 5100; x_wconf 92' lang='lat'><strong>:</strong></span> <span class='ocrx_word' id='word_1_707' title='bbox 961 5047 1053 5101; x_wconf 88' lang='lat' dir='ltr'><strong><em>sed</em></strong></span> <span class='ocrx_word' id='word_1_708' title='bbox 1086 5045 1158 5099; x_wconf 92' lang='lat' dir='ltr'><strong>illi</strong></span> <span class='ocrx_word' id='word_1_709' title='bbox 1190 5044 1567 5099; x_wconf 85' lang='lat' dir='ltr'><strong><em>inobedieutes</em></strong></span> <span class='ocrx_word' id='word_1_710' title='bbox 1592 5043 1945 5109; x_wconf 72' lang='lat' dir='ltr'><strong><em>exstiterunt,</em></strong></span> <span class='ocrx_word' id='word_1_711' title='bbox 1969 5055 2023 5097; x_wconf 90' lang='lat' dir='ltr'><strong><em>et</em></strong></span> <span class='ocrx_word' id='word_1_712' title='bbox 2047 5060 2176 5098; x_wconf 86' lang='lat' dir='ltr'><strong><em>san-</em></strong></span> 
     </span>
    </p>
   </div>
   <div class='ocr_carea' id='block_1_96' title="bbox 599 5134 2169 5206">
    <p class='ocr_par' dir='ltr' id='par_1_96' title="bbox 599 5134 2169 5206">
     <span class='ocr_line' id='line_1_96' title="bbox 599 5134 2169 5206; baseline -0.004 -10"><span class='ocrx_word' id='word_1_713' title='bbox 599 5150 747 5196; x_wconf 90' lang='lat' dir='ltr'><strong><em>ctum</em></strong></span> <span class='ocrx_word' id='word_1_714' title='bbox 787 5137 903 5205; x_wconf 85' lang='lat' dir='ltr'><strong><em>ejus</em></strong></span> <span class='ocrx_word' id='word_1_715' title='bbox 938 5138 1203 5206; x_wconf 89' lang='lat' dir='ltr'><strong><em>Spiritum</em></strong></span> <span class='ocrx_word' id='word_1_716' title='bbox 1242 5137 1461 5190; x_wconf 88' lang='lat' dir='ltr'><strong><em>irritare</em></strong></span> <span class='ocrx_word' id='word_1_717' title='bbox 1496 5148 1603 5189; x_wconf 91' lang='lat' dir='ltr'><strong><em>non</em></strong></span> <span class='ocrx_word' id='word_1_718' title='bbox 1640 5134 1981 5189; x_wconf 88' lang='lat' dir='ltr'><strong><em>destiterunt.</em></strong></span> <span class='ocrx_word' id='word_1_719' title='bbox 2018 5134 2169 5201; x_wconf 86' lang='lat' dir='ltr'><strong><em>Quod</em></strong></span> 
     </span>
    </p>
   </div>
   <div class='ocr_carea' id='block_1_97' title="bbox 598 5225 2170 5294">
    <p class='ocr_par' dir='ltr' id='par_1_97' title="bbox 598 5225 2170 5294">
     <span class='ocr_line' id='line_1_97' title="bbox 598 5225 2170 5294; baseline -0.006 -9"><span class='ocrx_word' id='word_1_720' title='bbox 598 5234 756 5285; x_wconf 88' lang='lat' dir='ltr'><strong><em>docet</em></strong></span> <span class='ocrx_word' id='word_1_721' title='bbox 785 5228 996 5283; x_wconf 83' lang='lat' dir='ltr'><strong><em>divinus</em></strong></span> <span class='ocrx_word' id='word_1_722' title='bbox 1028 5227 1211 5288; x_wconf 82' lang='lat' dir='ltr'><strong><em>David,</em></strong></span> <span class='ocrx_word' id='word_1_723' title='bbox 1241 5226 1491 5294; x_wconf 88' lang='lat' dir='ltr'><strong><em>inquiens</em></strong></span> <span class='ocrx_word' id='word_1_724' title='bbox 1519 5242 1532 5278; x_wconf 86' lang='lat'><strong>:</strong></span> <span class='ocrx_word' id='word_1_725' title='bbox 1571 5242 1589 5275; x_wconf 85' lang='grc' dir='ltr'><strong><em>ι</em></strong></span> <span class='ocrx_word' id='word_1_726' title='bbox 1629 5225 1850 5290; x_wconf 84' lang='lat' dir='ltr'><strong><em>Quoties</em></strong></span> <span class='ocrx_word' id='word_1_727' title='bbox 1877 5225 2170 5280; x_wconf 75' lang='lat' dir='ltr'><strong><em>exacerba-</em></strong></span> 
     </span>
    </p>
   </div>
   <div class='ocr_carea' id='block_1_98' title="bbox 598 5316 2167 5379">
    <p class='ocr_par' dir='ltr' id='par_1_98' title="bbox 598 5316 2167 5379">
     <span class='ocr_line' id='line_1_98' title="bbox 598 5316 2167 5379; baseline -0.005 -1"><span class='ocrx_word' id='word_1_728' title='bbox 598 5332 723 5379; x_wconf 91' lang='lat' dir='ltr'><strong><em>runt</em></strong></span> <span class='ocrx_word' id='word_1_729' title='bbox 754 5335 876 5377; x_wconf 89' lang='lat' dir='ltr'><strong><em>eum</em></strong></span> <span class='ocrx_word' id='word_1_730' title='bbox 917 5317 973 5372; x_wconf 91' lang='lat' dir='ltr'><strong><em>in</em></strong></span> <span class='ocrx_word' id='word_1_731' title='bbox 1010 5316 1259 5371; x_wconf 81' lang='lat' dir='ltr'><strong><em>deserto?</em></strong></span> <span class='ocrx_word' id='word_1_732' title='bbox 1295 5316 1361 5368; x_wconf 88' lang='lat' dir='ltr'><strong><em>ad</em></strong></span> <span class='ocrx_word' id='word_1_733' title='bbox 1400 5316 1536 5368; x_wconf 81' lang='lat' dir='ltr'><strong><em>iram</em></strong></span> <span class='ocrx_word' id='word_1_734' title='bbox 1577 5316 1915 5370; x_wconf 87' lang='lat' dir='ltr'><strong><em>concitarunt</em></strong></span> <span class='ocrx_word' id='word_1_735' title='bbox 1957 5332 2077 5370; x_wconf 92' lang='lat' dir='ltr'><strong><em>eum</em></strong></span> <span class='ocrx_word' id='word_1_736' title='bbox 2115 5318 2167 5370; x_wconf 91' lang='lat' dir='ltr'><strong><em>in</em></strong></span> 
     </span>
    </p>
   </div>
   <div class='ocr_carea' id='block_1_99' title="bbox 593 5402 2162 5474">
    <p class='ocr_par' dir='ltr' id='par_1_99' title="bbox 593 5402 2162 5474">
     <span class='ocr_line' id='line_1_99' title="bbox 593 5402 2162 5474; baseline -0.005 -5"><span class='ocrx_word' id='word_1_737' title='bbox 593 5425 738 5469; x_wconf 87' lang='lat' dir='ltr'><strong><em>terra</em></strong></span> <span class='ocrx_word' id='word_1_738' title='bbox 776 5408 1050 5467; x_wconf 86' lang='lat' dir='ltr'><strong><em>siticulosa</em></strong></span> <span class='ocrx_word' id='word_1_739' title='bbox 1076 5406 1162 5458; x_wconf 75' lang='lat' dir='ltr'><strong><em>&quot;‘i</em></strong></span> <span class='ocrx_word' id='word_1_740' title='bbox 1211 5423 1230 5457; x_wconf 74' lang='grc' dir='ltr'><strong><em>ι</em></strong></span> <span class='ocrx_word' id='word_1_741' title='bbox 1274 5402 1370 5458; x_wconf 81' lang='lat' dir='ltr'><strong><em>Vel</em></strong></span> <span class='ocrx_word' id='word_1_742' title='bbox 1414 5404 1877 5459; x_wconf 81' lang='lat' dir='ltr'><strong><em>exacerbavcruut</em></strong></span> <span class='ocrx_word' id='word_1_743' title='bbox 1904 5404 2162 5474; x_wconf 90' lang='lat' dir='ltr'><strong><em>Spiritum</em></strong></span> 
     </span>
    </p>
   </div>
   <div class='ocr_carea' id='block_1_100' title="bbox 592 5492 2159 5568">
    <p class='ocr_par' dir='ltr' id='par_1_100' title="bbox 592 5492 2159 5568">
     <span class='ocr_line' id='line_1_100' title="bbox 592 5492 2159 5568; baseline -0.004 -9"><span class='ocrx_word' id='word_1_744' title='bbox 592 5504 817 5568; x_wconf 79' lang='lat' dir='ltr'><strong><em>Christi,</em></strong></span> <span class='ocrx_word' id='word_1_745' title='bbox 849 5499 968 5557; x_wconf 87' lang='lat' dir='ltr'><strong><em>duri</em></strong></span> <span class='ocrx_word' id='word_1_746' title='bbox 1014 5506 1069 5553; x_wconf 91' lang='lat' dir='ltr'><strong><em>et</em></strong></span> <span class='ocrx_word' id='word_1_747' title='bbox 1108 5495 1366 5560; x_wconf 86' lang='lat' dir='ltr'><strong><em>immites,</em></strong></span> <span class='ocrx_word' id='word_1_748' title='bbox 1403 5492 1636 5549; x_wconf 78' lang='lat' dir='ltr'><strong><em>eﬂ&#39;renes</em></strong></span> <span class='ocrx_word' id='word_1_749' title='bbox 1674 5504 1731 5550; x_wconf 90' lang='lat' dir='ltr'><strong><em>et</em></strong></span> <span class='ocrx_word' id='word_1_750' title='bbox 1773 5496 2159 5552; x_wconf 89' lang='lat' dir='ltr'><strong><em>inobedieutes.</em></strong></span> 
     </span>
    </p>
   </div>
   <div class='ocr_carea' id='block_1_101' title="bbox 595 5582 2163 5646">
    <p class='ocr_par' dir='ltr' id='par_1_101' title="bbox 595 5582 2163 5646">
     <span class='ocr_line' id='line_1_101' title="bbox 595 5582 2163 5646; baseline -0.003 0"><span class='ocrx_word' id='word_1_751' title='bbox 595 5593 709 5646; x_wconf 83' lang='lat' dir='ltr'><strong><em>Non</em></strong></span> <span class='ocrx_word' id='word_1_752' title='bbox 738 5591 882 5646; x_wconf 86' lang='lat' dir='ltr'><strong><em>enim</em></strong></span> <span class='ocrx_word' id='word_1_753' title='bbox 910 5587 1235 5644; x_wconf 81' lang='lat' dir='ltr'><strong><em>obedierunt</em></strong></span> <span class='ocrx_word' id='word_1_754' title='bbox 1263 5584 1335 5638; x_wconf 92' lang='lat' dir='ltr'><strong>illi</strong></span> <span class='ocrx_word' id='word_1_755' title='bbox 1365 5583 1431 5636; x_wconf 84' lang='lat' dir='ltr'><strong><em>ad</em></strong></span> <span class='ocrx_word' id='word_1_756' title='bbox 1459 5582 1686 5638; x_wconf 90' lang='lat' dir='ltr'><strong><em>salutem</em></strong></span> <span class='ocrx_word' id='word_1_757' title='bbox 1716 5587 1946 5641; x_wconf 87' lang='lat' dir='ltr'><strong><em>vocanti.</em></strong></span> <span class='ocrx_word' id='word_1_758' title='bbox 1980 5604 1998 5638; x_wconf 82' lang='grc' dir='ltr'><strong><em>ι</em></strong></span> <span class='ocrx_word' id='word_1_759' title='bbox 2038 5588 2163 5641; x_wconf 80' lang='lat' dir='ltr'><strong><em>Ver-</em></strong></span> 
     </span>
    </p>
   </div>
   <div class='ocr_carea' id='block_1_102' title="bbox 591 5674 2165 5750">
    <p class='ocr_par' dir='ltr' id='par_1_102' title="bbox 591 5674 2165 5750">
     <span class='ocr_line' id='line_1_102' title="bbox 591 5674 2165 5750; baseline -0.006 -10"><span class='ocrx_word' id='word_1_760' title='bbox 591 5700 682 5742; x_wconf 84' lang='lat' dir='ltr'><strong><em>sus</em></strong></span> <span class='ocrx_word' id='word_1_761' title='bbox 718 5694 803 5739; x_wconf 90' lang='lat' dir='ltr'><strong><em>est</em></strong></span> <span class='ocrx_word' id='word_1_762' title='bbox 849 5701 867 5733; x_wconf 77' lang='grc' dir='ltr'><strong><em>ι</em></strong></span> <span class='ocrx_word' id='word_1_763' title='bbox 915 5681 1078 5750; x_wconf 84' lang='lat' dir='ltr'><strong><em>igitur</em></strong></span> <span class='ocrx_word' id='word_1_764' title='bbox 1116 5697 1135 5731; x_wconf 81' lang='grc' dir='ltr'><strong><em>ι</em></strong></span> <span class='ocrx_word' id='word_1_765' title='bbox 1182 5676 1285 5733; x_wconf 80' lang='lat' dir='ltr'><strong><em>illis</em></strong></span> <span class='ocrx_word' id='word_1_766' title='bbox 1326 5675 1378 5731; x_wconf 93' lang='lat' dir='ltr'><strong>in</strong></span> <span class='ocrx_word' id='word_1_767' title='bbox 1420 5674 1782 5743; x_wconf 87' lang='lat' dir='ltr'><strong><em>inimicitiam,</em></strong></span> <span class='ocrx_word' id='word_1_768' title='bbox 1819 5685 1873 5731; x_wconf 90' lang='lat' dir='ltr'><strong><em>et</em></strong></span> <span class='ocrx_word' id='word_1_769' title='bbox 1907 5678 2165 5747; x_wconf 82' lang='lat' dir='ltr'><strong><em>pugnavit</em></strong></span> 
     </span>
    </p>
   </div>
   <div class='ocr_carea' id='block_1_103' title="bbox 658 5859 1249 5925">
    <p class='ocr_par' dir='ltr' id='par_1_103' title="bbox 658 5859 1249 5925">
     <span class='ocr_line' id='line_1_103' title="bbox 658 5859 1249 5925; baseline 0.003 -12"><span class='ocrx_word' id='word_1_770' title='bbox 658 5862 706 5899; x_wconf 73' lang='grc' dir='ltr'><em>ευ</em></span> <span class='ocrx_word' id='word_1_771' title='bbox 733 5859 900 5917; x_wconf 79' lang='lat' dir='ltr'><strong><em>Exod.</em></strong></span> <span class='ocrx_word' id='word_1_772' title='bbox 941 5876 1130 5925; x_wconf 63' lang='grc' dir='ltr'><em>χχχιιι,</em></span> <span class='ocrx_word' id='word_1_773' title='bbox 1162 5860 1249 5915; x_wconf 76' lang='grc'><strong><em>15.</em></strong></span> 
     </span>
    </p>
   </div>
   <div class='ocr_carea' id='block_1_104' title="bbox 2277 4682 3871 4756">
    <p class='ocr_par' dir='ltr' id='par_1_104' title="bbox 2277 4682 3871 4756">
     <span class='ocr_line' id='line_1_104' title="bbox 2277 4682 3871 4756; baseline 0.003 -21"><span class='ocrx_word' id='word_1_774' title='bbox 2277 4684 2473 4746; x_wconf 78' lang='grc' dir='ltr'><em>αὐτοὺς</em></span> <span class='ocrx_word' id='word_1_775' title='bbox 2518 4682 2578 4747; x_wconf 83' lang='grc' dir='ltr'><em>ἐξ</em></span> <span class='ocrx_word' id='word_1_776' title='bbox 2627 4682 2778 4736; x_wconf 85' lang='grc' dir='ltr'><em>οῐκου</em></span> <span class='ocrx_word' id='word_1_777' title='bbox 2836 4684 3099 4749; x_wconf 82' lang='grc' dir='ltr'><em>δουλείας,</em></span> <span class='ocrx_word' id='word_1_778' title='bbox 3153 4684 3432 4751; x_wconf 79' lang='grc' dir='ltr'><em>ἀνέλαϐεν,</em></span> <span class='ocrx_word' id='word_1_779' title='bbox 3482 4685 3706 4756; x_wconf 72' lang='grc' dir='ltr'><em>ὔψωσε-</em></span> <span class='ocrx_word' id='word_1_780' title='bbox 3773 4689 3871 4742; x_wconf 66' lang='grc' dir='ltr'><em>καὶ</em></span> 
     </span>
    </p>
   </div>
   <div class='ocr_carea' id='block_1_105' title="bbox 2278 4770 3871 4846">
    <p class='ocr_par' dir='ltr' id='par_1_105' title="bbox 2278 4770 3871 4846">
     <span class='ocr_line' id='line_1_105' title="bbox 2278 4770 3871 4846; baseline 0.001 -20"><span class='ocrx_word' id='word_1_781' title='bbox 2278 4774 2455 4839; x_wconf 89' lang='grc' dir='ltr'><em>τοῦτο,</em></span> <span class='ocrx_word' id='word_1_782' title='bbox 2479 4770 2653 4843; x_wconf 70' lang='grc' dir='ltr'><em>οἶμαι,</em></span> <span class='ocrx_word' id='word_1_783' title='bbox 2679 4774 2827 4827; x_wconf 71' lang='grc' dir='ltr'><em>ἐστὶν</em></span> <span class='ocrx_word' id='word_1_784' title='bbox 2866 4776 3004 4845; x_wconf 81' lang='grc' dir='ltr'><em>ὅπερ</em></span> <span class='ocrx_word' id='word_1_785' title='bbox 3030 4778 3088 4828; x_wconf 84' lang='grc' dir='ltr'><strong><em>ἐν</em></strong></span> <span class='ocrx_word' id='word_1_786' title='bbox 3106 4777 3302 4846; x_wconf 86' lang='grc' dir='ltr'><em>ἀρχαῖς</em></span> <span class='ocrx_word' id='word_1_787' title='bbox 3332 4775 3458 4845; x_wconf 75' lang='grc' dir='ltr'><em>ἔφη,</em></span> <span class='ocrx_word' id='word_1_788' title='bbox 3490 4796 3510 4827; x_wconf 83' lang='grc' dir='ltr'><strong><em>ι</em></strong></span> <span class='ocrx_word' id='word_1_789' title='bbox 3532 4776 3695 4839; x_wconf 74' lang='grc' dir='ltr'><em>Υἱοὺς</em></span> <span class='ocrx_word' id='word_1_790' title='bbox 3717 4777 3871 4845; x_wconf 72' lang='grc' dir='ltr'><em>ἐγένο</em></span> 
     </span>
    </p>
   </div>
   <div class='ocr_carea' id='block_1_106' title="bbox 2274 4863 3869 4937">
    <p class='ocr_par' dir='ltr' id='par_1_106' title="bbox 2274 4863 3869 4937">
     <span class='ocr_line' id='line_1_106' title="bbox 2274 4863 3869 4937; baseline 0.001 -20"><span class='ocrx_word' id='word_1_791' title='bbox 2274 4882 2432 4935; x_wconf 84' lang='grc' dir='ltr'><em>νησα,</em></span> <span class='ocrx_word' id='word_1_792' title='bbox 2476 4865 2570 4917; x_wconf 67' lang='grc' dir='ltr'><strong><em>καλ⁸</em></strong></span> <span class='ocrx_word' id='word_1_793' title='bbox 2601 4863 2813 4933; x_wconf 75' lang='grc' dir='ltr'><em>ὖψωσα,</em></span> <span class='ocrx_word' id='word_1_794' title='bbox 2842 4884 2860 4917; x_wconf 74' lang='grc' dir='ltr'><strong><em>ι</em></strong></span> <span class='ocrx_word' id='word_1_795' title='bbox 2894 4865 3193 4932; x_wconf 82' lang='grc' dir='ltr'><em>τουτέστιν,</em></span> <span class='ocrx_word' id='word_1_796' title='bbox 3226 4866 3509 4935; x_wconf 76' lang='grc' dir='ltr'><em>ἐξέθρεψα,</em></span> <span class='ocrx_word' id='word_1_797' title='bbox 3542 4868 3711 4937; x_wconf 68' lang='grc' dir='ltr'><em>ἤγουν</em></span> <span class='ocrx_word' id='word_1_798' title='bbox 3747 4870 3869 4920; x_wconf 74' lang='grc' dir='ltr'><em>ἐπι-</em></span> 
     </span>
    </p>
   </div>
   <div class='ocr_carea' id='block_1_107' title="bbox 2274 4957 3868 5028">
    <p class='ocr_par' dir='ltr' id='par_1_107' title="bbox 2274 4957 3868 5028">
     <span class='ocr_line' id='line_1_107' title="bbox 2274 4957 3868 5028; baseline 0.003 -20"><span class='ocrx_word' id='word_1_799' title='bbox 2274 4957 2338 5026; x_wconf 85' lang='grc' dir='ltr'><em>σή</em></span> <span class='ocrx_word' id='word_1_800' title='bbox 2349 4974 2479 5027; x_wconf 83' lang='grc' dir='ltr'><em>μους</em></span> <span class='ocrx_word' id='word_1_801' title='bbox 2497 4957 2769 5026; x_wconf 81' lang='grc' dir='ltr'><em>ἀπέφηνα,</em></span> <span class='ocrx_word' id='word_1_802' title='bbox 2794 4975 2812 5007; x_wconf 86' lang='grc' dir='ltr'><strong><em>ι</em></strong></span> <span class='ocrx_word' id='word_1_803' title='bbox 2839 4959 2991 5011; x_wconf 79' lang='grc' dir='ltr'><em>αὐτοὶ</em></span> <span class='ocrx_word' id='word_1_804' title='bbox 3008 4958 3065 5011; x_wconf 87' lang='grc' dir='ltr'><strong><em>δέ</em></strong></span> <span class='ocrx_word' id='word_1_805' title='bbox 3084 4974 3152 5027; x_wconf 88' lang='grc' dir='ltr'><em>με</em></span> <span class='ocrx_word' id='word_1_806' title='bbox 3173 4958 3461 5028; x_wconf 70' lang='grc' dir='ltr'><em>ἠθέτησαν.</em></span> <span class='ocrx_word' id='word_1_807' title='bbox 3488 4979 3507 5011; x_wconf 77' lang='grc' dir='ltr'><strong><em>ι</em></strong></span> <span class='ocrx_word' id='word_1_808' title='bbox 3532 4959 3606 5013; x_wconf 85' lang='grc' dir='ltr'>Τὸ</span> <span class='ocrx_word' id='word_1_809' title='bbox 3622 4960 3868 5023; x_wconf 80' lang='grc' dir='ltr'><em>δὲπάσας</em></span> 
     </span>
    </p>
   </div>
   <div class='ocr_carea' id='block_1_108' title="bbox 2269 5048 3866 5121">
    <p class='ocr_par' dir='ltr' id='par_1_108' title="bbox 2269 5048 3866 5121">
     <span class='ocr_line' id='line_1_108' title="bbox 2269 5048 3866 5121; baseline 0.001 -20"><span class='ocrx_word' id='word_1_810' title='bbox 2269 5049 2368 5112; x_wconf 77' lang='grc' dir='ltr'><em>τὰς</em></span> <span class='ocrx_word' id='word_1_811' title='bbox 2404 5048 2619 5119; x_wconf 83' lang='grc' dir='ltr'><em>ἡμέρας</em></span> <span class='ocrx_word' id='word_1_812' title='bbox 2653 5048 2749 5102; x_wconf 85' lang='grc' dir='ltr'><strong><em>τοῦ</em></strong></span> <span class='ocrx_word' id='word_1_813' title='bbox 2790 5049 2987 5113; x_wconf 77' lang='grc' dir='ltr'><em>αἰῶνος</em></span> <span class='ocrx_word' id='word_1_814' title='bbox 3014 5052 3454 5121; x_wconf 81' lang='grc' dir='ltr'><em>κατασημήνειεν</em></span> <span class='ocrx_word' id='word_1_815' title='bbox 3494 5052 3584 5118; x_wconf 83' lang='grc' dir='ltr'><strong><em>ἀν,</em></strong></span> <span class='ocrx_word' id='word_1_816' title='bbox 3618 5052 3701 5114; x_wconf 83' lang='grc' dir='ltr'><em>τὸ,</em></span> <span class='ocrx_word' id='word_1_817' title='bbox 3728 5054 3866 5104; x_wconf 80' lang='grc' dir='ltr'><em>ἀκα-</em></span> 
     </span>
    </p>
   </div>
   <div class='ocr_carea' id='block_1_109' title="bbox 2276 5137 3867 5213">
    <p class='ocr_par' dir='ltr' id='par_1_109' title="bbox 2276 5137 3867 5213">
     <span class='ocr_line' id='line_1_109' title="bbox 2276 5137 3867 5213; baseline 0.002 -21"><span class='ocrx_word' id='word_1_818' title='bbox 2276 5140 2579 5211; x_wconf 81' lang='grc' dir='ltr'><em>ταλήκτως,</em></span> <span class='ocrx_word' id='word_1_819' title='bbox 2635 5141 2727 5194; x_wconf 80' lang='grc' dir='ltr'><em>καὶ</em></span> <span class='ocrx_word' id='word_1_820' title='bbox 2780 5140 3064 5212; x_wconf 86' lang='grc' dir='ltr'><em>διηνεκῶς,</em></span> <span class='ocrx_word' id='word_1_821' title='bbox 3115 5141 3231 5195; x_wconf 86' lang='grc' dir='ltr'><em>ἀλλ’</em></span> <span class='ocrx_word' id='word_1_822' title='bbox 3280 5137 3348 5211; x_wconf 82' lang='grc' dir='ltr'><em>ἦν</em></span> <span class='ocrx_word' id='word_1_823' title='bbox 3395 5143 3495 5212; x_wconf 80' lang='grc' dir='ltr'><strong><em>μὲν</em></strong></span> <span class='ocrx_word' id='word_1_824' title='bbox 3540 5143 3682 5196; x_wconf 73' lang='grc' dir='ltr'><em>οὕτω</em></span> <span class='ocrx_word' id='word_1_825' title='bbox 3736 5145 3867 5213; x_wconf 71' lang='grc' dir='ltr'><em>περὶ</em></span> 
     </span>
    </p>
   </div>
   <div class='ocr_carea' id='block_1_110' title="bbox 2275 5232 3867 5303">
    <p class='ocr_par' dir='ltr' id='par_1_110' title="bbox 2275 5232 3867 5303">
     <span class='ocr_line' id='line_1_110' title="bbox 2275 5232 3867 5303; baseline 0 -18"><span class='ocrx_word' id='word_1_826' title='bbox 2275 5232 2473 5295; x_wconf 79' lang='grc' dir='ltr'><em>αὐτοὺς</em></span> <span class='ocrx_word' id='word_1_827' title='bbox 2507 5232 2709 5301; x_wconf 79' lang='grc' dir='ltr'><em>ἀγαθὸς</em></span> <span class='ocrx_word' id='word_1_828' title='bbox 2745 5233 2775 5284; x_wconf 89' lang='lat'><strong><em>6</em></strong></span> <span class='ocrx_word' id='word_1_829' title='bbox 2804 5232 2911 5285; x_wconf 90' lang='grc' dir='ltr'><strong><em>τῶν</em></strong></span> <span class='ocrx_word' id='word_1_830' title='bbox 2940 5232 3075 5286; x_wconf 86' lang='grc' dir='ltr'><em>ὅλων</em></span> <span class='ocrx_word' id='word_1_831' title='bbox 3110 5233 3261 5297; x_wconf 79' lang='grc' dir='ltr'><em>Θεὸς,</em></span> <span class='ocrx_word' id='word_1_832' title='bbox 3302 5235 3457 5287; x_wconf 76' lang='grc' dir='ltr'><em>αὐτοὶ</em></span> <span class='ocrx_word' id='word_1_833' title='bbox 3482 5234 3539 5287; x_wconf 64' lang='grc' dir='ltr'><em>δὲ</em></span> <span class='ocrx_word' id='word_1_834' title='bbox 3572 5236 3867 5303; x_wconf 85' lang='grc' dir='ltr'><em>γεγόνασιν</em></span> 
     </span>
    </p>
   </div>
   <div class='ocr_carea' id='block_1_111' title="bbox 2274 5322 3868 5396">
    <p class='ocr_par' dir='ltr' id='par_1_111' title="bbox 2274 5322 3868 5396">
     <span class='ocr_line' id='line_1_111' title="bbox 2274 5322 3868 5396; baseline 0.004 -21"><span class='ocrx_word' id='word_1_835' title='bbox 2274 5322 2520 5386; x_wconf 86' lang='grc' dir='ltr'><em>ἀπειθεῖς</em></span> <span class='ocrx_word' id='word_1_836' title='bbox 2604 5325 2697 5377; x_wconf 76' lang='grc' dir='ltr'><em>καὶ</em></span> <span class='ocrx_word' id='word_1_837' title='bbox 2758 5325 3189 5396; x_wconf 85' lang='grc' dir='ltr'><em>παροτρύνοντες</em></span> <span class='ocrx_word' id='word_1_838' title='bbox 3251 5328 3313 5379; x_wconf 83' lang='grc' dir='ltr'><em>οὐ</em></span> <span class='ocrx_word' id='word_1_839' title='bbox 3366 5327 3737 5382; x_wconf 82' lang='grc' dir='ltr'><em>διαλελοίπασι</em></span> <span class='ocrx_word' id='word_1_840' title='bbox 3804 5330 3868 5383; x_wconf 73' lang='grc' dir='ltr'><em>τὸ</em></span> 
     </span>
    </p>
   </div>
   <div class='ocr_carea' id='block_1_112' title="bbox 2277 5411 3867 5486">
    <p class='ocr_par' dir='ltr' id='par_1_112' title="bbox 2277 5411 3867 5486">
     <span class='ocr_line' id='line_1_112' title="bbox 2277 5411 3867 5486; baseline 0.006 -23"><span class='ocrx_word' id='word_1_841' title='bbox 2277 5411 2501 5481; x_wconf 79' lang='grc' dir='ltr'><em>Πνεῦμα</em></span> <span class='ocrx_word' id='word_1_842' title='bbox 2538 5413 2598 5466; x_wconf 86' lang='grc' dir='ltr'><em>τὸ</em></span> <span class='ocrx_word' id='word_1_843' title='bbox 2628 5415 2781 5482; x_wconf 78' lang='grc' dir='ltr'><em>ἅγιον</em></span> <span class='ocrx_word' id='word_1_844' title='bbox 2816 5415 3003 5468; x_wconf 83' lang='grc' dir='ltr'><em>αὐτοῦ.</em></span> <span class='ocrx_word' id='word_1_845' title='bbox 3036 5417 3148 5469; x_wconf 81' lang='grc' dir='ltr'><strong><em>Καὶ</em></strong></span> <span class='ocrx_word' id='word_1_846' title='bbox 3178 5416 3335 5471; x_wconf 88' lang='grc' dir='ltr'><em>τοῦτο</em></span> <span class='ocrx_word' id='word_1_847' title='bbox 3375 5417 3577 5482; x_wconf 81' lang='grc' dir='ltr'><em>διδάξει</em></span> <span class='ocrx_word' id='word_1_848' title='bbox 3621 5419 3800 5486; x_wconf 80' lang='grc' dir='ltr'><em>λέγων</em></span> <span class='ocrx_word' id='word_1_849' title='bbox 3838 5424 3867 5473; x_wconf 89' lang='lat'><strong><em>6</em></strong></span> 
     </span>
    </p>
   </div>
   <div class='ocr_carea' id='block_1_113' title="bbox 2272 5502 3869 5579">
    <p class='ocr_par' dir='ltr' id='par_1_113' title="bbox 2272 5502 3869 5579">
     <span class='ocr_line' id='line_1_113' title="bbox 2272 5502 3869 5579; baseline 0.006 -24"><span class='ocrx_word' id='word_1_850' title='bbox 2272 5502 2562 5565; x_wconf 80' lang='grc' dir='ltr'><em>θεσπέσιος</em></span> <span class='ocrx_word' id='word_1_851' title='bbox 2600 5502 2764 5557; x_wconf 83' lang='grc' dir='ltr'><em>Δαϐίδ</em></span> <span class='ocrx_word' id='word_1_852' title='bbox 2786 5520 2798 5533; x_wconf 91' lang='grc'><strong>·</strong></span> <span class='ocrx_word' id='word_1_853' title='bbox 2840 5523 2859 5555; x_wconf 84' lang='grc' dir='ltr'><strong><em>ι</em></strong></span> <span class='ocrx_word' id='word_1_854' title='bbox 2891 5506 3130 5570; x_wconf 83' lang='grc' dir='ltr'><em>Ποσάκις</em></span> <span class='ocrx_word' id='word_1_855' title='bbox 3157 5508 3577 5579; x_wconf 87' lang='grc' dir='ltr'><em>παρεπίκραναν</em></span> <span class='ocrx_word' id='word_1_856' title='bbox 3611 5511 3779 5563; x_wconf 70' lang='grc' dir='ltr'><em>αὐτὸν</em></span> <span class='ocrx_word' id='word_1_857' title='bbox 3808 5512 3869 5565; x_wconf 67' lang='grc' dir='ltr'><strong><em>ἐν</em></strong></span> 
     </span>
    </p>
   </div>
   <div class='ocr_carea' id='block_1_114' title="bbox 2268 5592 3866 5669">
    <p class='ocr_par' dir='ltr' id='par_1_114' title="bbox 2268 5592 3866 5669">
     <span class='ocr_line' id='line_1_114' title="bbox 2268 5592 3866 5669; baseline 0.006 -24"><span class='ocrx_word' id='word_1_858' title='bbox 2268 5595 2336 5663; x_wconf 77' lang='grc' dir='ltr'><em>τῇ</em></span> <span class='ocrx_word' id='word_1_859' title='bbox 2372 5594 2586 5663; x_wconf 82' lang='grc' dir='ltr'><em>ἐρήμῳ,</em></span> <span class='ocrx_word' id='word_1_860' title='bbox 2630 5592 2989 5666; x_wconf 86' lang='grc' dir='ltr'><em>παρὼργισαν</em></span> <span class='ocrx_word' id='word_1_861' title='bbox 3032 5597 3194 5652; x_wconf 82' lang='grc' dir='ltr'><em>αὑτὸν</em></span> <span class='ocrx_word' id='word_1_862' title='bbox 3234 5599 3292 5652; x_wconf 85' lang='grc' dir='ltr'><strong><em>ἐν</em></strong></span> <span class='ocrx_word' id='word_1_863' title='bbox 3336 5601 3407 5669; x_wconf 76' lang='grc' dir='ltr'><em>γῇ</em></span> <span class='ocrx_word' id='word_1_864' title='bbox 3447 5598 3733 5669; x_wconf 75' lang='grc' dir='ltr'><em>ἀνύδρῳς»</em></span> <span class='ocrx_word' id='word_1_865' title='bbox 3793 5603 3866 5655; x_wconf 77' lang='grc' dir='ltr'>ὐ</span> 
     </span>
    </p>
   </div>
   <div class='ocr_carea' id='block_1_115' title="bbox 2270 5683 3863 5762">
    <p class='ocr_par' dir='ltr' id='par_1_115' title="bbox 2270 5683 3863 5762">
     <span class='ocr_line' id='line_1_115' title="bbox 2270 5683 3863 5762; baseline 0.006 -26"><span class='ocrx_word' id='word_1_866' title='bbox 2270 5684 2409 5753; x_wconf 88' lang='grc' dir='ltr'><em>τάχα</em></span> <span class='ocrx_word' id='word_1_867' title='bbox 2438 5683 2764 5757; x_wconf 78' lang='grc' dir='ltr'><em>παρώξυναν</em></span> <span class='ocrx_word' id='word_1_868' title='bbox 2795 5686 2856 5740; x_wconf 81' lang='grc' dir='ltr'><em>τὸ</em></span> <span class='ocrx_word' id='word_1_869' title='bbox 2894 5687 3119 5762; x_wconf 78' lang='grc' dir='ltr'><em>Πνεῦμα</em></span> <span class='ocrx_word' id='word_1_870' title='bbox 3166 5689 3427 5760; x_wconf 79' lang='grc' dir='ltr'><em>Χριστοῦ,</em></span> <span class='ocrx_word' id='word_1_871' title='bbox 3470 5689 3701 5761; x_wconf 75' lang='grc' dir='ltr'><em>σκληροὶ</em></span> <span class='ocrx_word' id='word_1_872' title='bbox 3764 5691 3863 5745; x_wconf 71' lang='grc' dir='ltr'><em>καὶ</em></span> 
     </span>
    </p>
   </div>
   <div class='ocr_carea' id='block_1_116' title="bbox 1328 5854 2300 5924">
    <p class='ocr_par' dir='ltr' id='par_1_116' title="bbox 1328 5854 2300 5924">
     <span class='ocr_line' id='line_1_116' title="bbox 1328 5854 2300 5924; baseline -0.003 -11"><span class='ocrx_word' id='word_1_873' title='bbox 1328 5859 1370 5890; x_wconf 78' lang='grc'><strong><em>’⁸</em></strong></span> <span class='ocrx_word' id='word_1_874' title='bbox 1403 5858 1506 5913; x_wconf 83' lang='lat' dir='ltr'><strong><em>lsa.</em></strong></span> <span class='ocrx_word' id='word_1_875' title='bbox 1541 5874 1574 5924; x_wconf 88' lang='grc' dir='ltr'><strong><em>ι,</em></strong></span> <span class='ocrx_word' id='word_1_876' title='bbox 1605 5858 1657 5911; x_wconf 69' lang='lat'><strong><em>2.</em></strong></span> <span class='ocrx_word' id='word_1_877' title='bbox 1737 5857 1779 5887; x_wconf 86' lang='grc'>¹¹</span> <span class='ocrx_word' id='word_1_878' title='bbox 1806 5854 1947 5911; x_wconf 83' lang='lat' dir='ltr'><strong><em>Psal.</em></strong></span> <span class='ocrx_word' id='word_1_879' title='bbox 1980 5871 2181 5922; x_wconf 67' lang='lat' dir='ltr'><strong><em>cum,</em></strong></span> <span class='ocrx_word' id='word_1_880' title='bbox 2211 5855 2300 5910; x_wconf 64' lang='grc' dir='ltr'><strong><em>ἆυ.</em></strong></span> 
     </span>
    </p>
   </div>
  </div>
