4148 6484
317 460 452 516 1589
1462 459 1503 513 Ν
1546 460 1776 515 ISAIAM
1818 461 1944 516 LIB.
1990 461 2052 516 V.
2100 459 2336 518 TOMUS
2381 460 2441 519 V.
3424 466 3566 523 1590

311 573 616 645 ἀμείλικτοι
659 573 961 643 γεγονότες,
1006 574 1208 646 ὲξήνιοί
1249 592 1306 628 τε
1372 575 1466 629 καὶ
1502 575 1780 639 άπειθεῖς;
1818 577 1886 630 Οὐ

1998 585 2183 631 contra
2209 591 2322 632 eos.
2349 594 2366 626 ι
2396 574 2824 644 Oportnitenim,
2855 578 3089 647 oportuit
3115 591 3227 643 eos,
3257 577 3346 648 qui
3374 577 3567 634 horum

310 667 421 736 γάιρ
456 667 730 735 ὑπήκουον
765 665 927 735 αὐτῷ,
953 665 1204 720 καλοῦντι
1231 666 1365 738 πρὸς
1392 666 1683 737 σωτηρίαν.
1727 686 1745 718 ι
1783 668 1886 720 Ἐσ·

1997 665 2323 720 mirabilium
2369 665 2666 720 facinorum
2717 667 3064 723 immemores
3104 678 3278 735 erant,
3327 667 3568 738 nihilque

311 758 493 827 τράφη
522 776 541 808 ι
573 756 752 810 τοίνυν
798 777 816 807 ι
835 759 1018 820 αὐτοῖς
1043 759 1123 822 είς
1146 758 1364 828 ἔχθραν,
1393 758 1486 811 καὶ
1519 758 1886 830 πεπολέμηκει

1996 757 2248 812 utilitatis
2272 771 2337 812 ex
2367 757 2433 812 iis
2460 767 2734 826 ceperant,
2765 774 2862 828 per
2885 774 3006 828 qua:
3031 759 3097 814 ad
3123 775 3312 815 omnes
3343 760 3567 832 virtutes

311 848 565 911 αὐτούς’»
593 849 701 902 ἔδει
733 848 984 919 γάρ,ἐδει
1011 851 1137 912 τοὺς
1168 851 1274 903 τῶν
1301 850 1616 920 παραδόξων
1649 851 1886 920 ἀμνήμο-

1993 864 2087 904 eos
2116 849 2336 919 perduci
2361 863 2572 918 aequum
2600 849 2730 914 fuit,
2754 864 2783 902 a
2812 850 3181 907 misericordia
3205 860 3260 906 et
3283 849 3569 905 dilectione

309 957 431 1004 vu;,
471 942 563 994 nui
592 943 712 994 κατ’
739 941 927 996 οὐδένα
956 943 1158 1012 τρόπον
1188 942 1596 1012 ὠφελημένους.
1626 943 1693 995 δι’
1719 936 1795 996 ὧν
1828 937 1886 1013 ἦν

1992 941 2112 1010 ejus
2176 941 2266 1010 qui
2301 955 2524 997 servare
2553 940 2695 1004 vult,
2729 941 3005 1008 excidere,
3042 956 3274 1011 eumque
3310 941 3416 996 illis
3452 953 3571 994 tan-

311 1032 459 1096 εἰκὸς
496 1035 576 1096 είς
619 1033 726 1086 πᾶν
767 1033 945 1086 ὁτιοῦν
983 1033 1174 1086 ἐλάσαι
1216 1033 1326 1086 τῶν
1363 1033 1890 1104 ἀνδραγαθημάτων,

1992 1049 2151 1103 quam
2185 1033 2429 1088 hostibus
2459 1032 2713 1100 deinceps
2745 1032 3021 1087 resistere.

310 1131 407 1182 καὶ
432 1127 670 1196 φειδοῦς,
703 1129 798 1181 καὶ
837 1129 1058 1199 ἀγάπης
1101 1128 1412 1182 ἀπολισθεῖν
1458 1128 1559 1198 τῆς
1599 1129 1751 1197 παρὰ
1791 1128 1886 1183 τοῦ
1926 1127 2120 1192 σώζειν
2189 1127 2482 1193 ἐθέλοντος,
2513 1126 2654 1180 ὥστε
2683 1126 2776 1180 καὶ
2800 1129 2858 1180 ἐν
2915 1125 3063 1192 τάξει
3095 1127 3349 1199 πολεμίου
3385 1128 3568 1181 λοιπὸν

309 1221 490 1274 δοκεῖν
524 1221 710 1284 αὐτοῖς
742 1222 1184 1276 ἀντανίστασθαι.

395 1317 702 1384 Ἐμνήσθη
735 1317 971 1384 ἡμερῶν
995 1319 1268 1372 αἰωνίων.
1309 1318 1432 1373 Ποῦ
1462 1321 1495 1372 ό
1522 1319 1891 1386 ἀναϐιϐάσας

308 1405 379 1458 ἐκ
407 1405 510 1474 τῆς
546 1406 658 1477 γῆς
693 1407 767 1476 (1)
811 1408 914 1460 τὸν
950 1407 1203 1477 ποιμένα
1237 1405 1354 1462 τῶν
1393 1412 1735 1476 προϐάτων;
1773 1410 1890 1464 ποῦ

309 1498 484 1551 ἐστιν
513 1502 546 1551 ό
585 1499 708 1566 θείς
749 1501 819 1554 ἐν
856 1502 1057 1567 αὐτοῖς
1101 1501 1167 1554 τὸ
1210 1503 1450 1571 Πνεῦμα
1493 1503 1560 1556 τὸ
1604 1503 1806 1572 (irier;
1857 1507 1890 1557 ὀ

309 1589 628 1659 ἀναγαγὼν
647 1590 720 1658 τῇ
735 1591 903 1658 δεξιᾷ
923 1591 1153 1660 Μωσῆν
1173 1609 1190 1655 ;
1225 1593 1281 1645 '0
1297 1594 1570 1662 βραχίων
1587 1594 1696 1662 τῆς
1707 1595 1888 1663 δόξης

309 1683 498 1736 αὑτοῦ
538 1685 914 1752 κατίσχυσεν
950 1685 1106 1753 ὕδωρ
1144 1685 1264 1739 ἀπὸ
1308 1686 1631 1754 προσώπου
1678 1687 1884 1753 αὐτοῦ,

310 1771 563 1841 ποιῆσαι
617 1773 776 1840 αὐτῷ
828 1775 1016 1845 ὄνομα
1065 1775 1339 1832 αἰώνιον
1394 1777 1621 1847 ἤγαγεν
1668 1778 1890 1844 αὐτοὺς

308 1863 408 1917 διὰ
440 1863 549 1932 τῆς
587 1866 884 1931 ἀϐύσσου,
924 1868 1006 1933 ὡς
1034 1868 1224 1922 ἵππον
1259 1867 1336 1922 δι’
1364 1868 1608 1937 ἐρήμου,
1641 1871 1736 1924 καὶ
1778 1872 1888 1923 οὐκ
1927 1905 1968 1960 Β

307 1952 667 2017 ἐκοπίασαν,
721 1955 822 2008 καί
866 1956 947 2019 ὠς
1006 1956 1199 2025 κτήνη
1245 1957 1343 2011 διὰ
1389 1957 1629 2013 πεδίου·
1675 1958 1891 2027 κατέϐη

313 2045 554 2114 πνεῦμα
622 2047 784 2114 παρὰ
829 2048 1071 2116 Κυρίου,
1119 2048 1218 2101 καί
1250 2048 1568 2117 ὡδήγησεν
1631 2051 1852 2116 αὐτούς
1876 2066 1890 2081 ·

307 2136 499 2201 οὕτως
515 2136 737 2208 ἤγαγες
764 2139 870 2192 τὸν
892 2139 1048 2193 λαόν
1072 2154 1212 2206 σου,
1239 2139 1346 2194 τοῦ
1377 2139 1628 2209 ποιῆσαι
1660 2139 1895 2208 σεαυτῷ

309 2226 500 2298 ὄνομα
536 2229 742 2298 δόξης.

381 2318 478 2381 Et;
498 2318 700 2391 ἔχθραν
738 2322 921 2386 αὐτοῖς
962 2322 1366 2395 μεταϐληθῆναι
1397 2323 1568 2393 λέγων
1600 2324 1690 2379 τὸν
1724 2325 1895 2394 φειδοῖ

309 2409 408 2460 καὶ
450 2409 638 2480 ἀγάπη
669 2411 730 2464 τὸ
768 2413 899 2482 πρὶν
939 2415 1421 2487 κατευφραίνοντα,
1467 2415 1564 2480 τὰς
1606 2415 1697 2470 τοῦ
1747 2417 1892 2487 πράσ-

308 2513 521 2566 γματος
555 2500 734 2563 αἰτίας
766 2500 1043 2572 ἐξηγεῖται
1088 2504 1395 2574 χρησίμως.
1455 2505 1891 2576 Διεμνημόνευσε

309 2582 444 2653 γὰρ,
476 2585 662 2655 φησιν,
700 2587 866 2657 ἦγουν
908 2588 1207 2660 ἀνεπόλησε
1248 2593 1347 2655 τὰς
1379 2592 1592 2663 ἡμέρας
1632 2593 1732 2657 τάς
1758 2597 1892 2649 uitu-

308 2674 479 2738 νίους,
540 2677 810 2743 τουτέστι,
869 2679 968 2743 τὰς
1023 2682 1548 2752 ἀειμνημονεῦτους,
1609 2685 1697 2740 διὰ
1727 2687 1788 2740 τὸ
1834 2690 1892 2742 ἐν

311 2767 506 2832 αὑταῖς
534 2768 763 2824 πλεῖστά
793 2787 854 2823 τε
895 2771 995 2824 ὅσα
1040 2773 1136 2826 καὶ
1172 2774 1427 2845 ἐξαίρετα
1458 2777 1711 2844 γενέσθαι
1757 2778 1890 2832 θαύ-

313 2875 480 2928 ματα.
523 2859 620 2923 Τίς
655 2859 711 2912 δὲ
741 2862 769 2913 6
809 2863 1226 2931 μνημονεύσαςς
1259 2867 1288 2919 6
1320 2866 1656 2929 ἀνα6ι6ἀσας
1694 2868 1759 2921 ἐκ
1792 2869 1891 2939 τῆς

307 2949 417 3019 γῆς
457 2950 550 3004 τὸν
589 2967 675 3004 ποι
685 2951 822 3021 μένα
846 2952 956 3006 τῶν
982 2955 1304 3025 προϐάτων;
1335 2959 1552 3010 Ἔοικεν
1583 2961 1642 3011 ἐν
1681 2959 1892 3024 τούτοις

307 3039 408 3108 τῆς
433 3039 780 3105 ἀναστάσεως
813 3043 1082 3096 ποιεῖσθαι
1115 3047 1336 3118 μνήμην
1363 3047 1456 3100 τοῦ
1484 3049 1696 3102 πάντων
1730 3050 1890 3120 ἡμῶν

309 3129 562 3200 Σωτῆρος
605 3131 879 3201 Χριστοῦ·
929 3137 957 3188 ὁ
1002 3137 1109 3206 γὰρ
1149 3138 1506 3202 ἀναϐιϐάσας,
1545 3141 1728 3210 φησὶν,
1770 3141 1890 3194 ἀντί

2064 1315 2230 1385 882
2259 1312 2419 1367 Vnus.
2452 1313 2633 1367 Η-Η.
2667 1313 2732 1366 Et
2762 1314 3063 1368 recordatus
3087 1325 3160 1368 est
3191 1315 3391 1368 dierum
3419 1329 3572 1371 arter-

1997 1423 2202 1459 norum.
2248 1404 2350 1458 Ubi
2403 1414 2476 1458 est
2494 1406 2582 1474 qni
2597 1405 2776 1458 eduxit
2795 1405 2858 1456 de
2890 1413 3030 1458 terra
3061 1415 3317 1474 pastorem
3357 1408 3571 1460 ovium?

1999 1498 2097 1552 Ubi
2121 1509 2196 1551 est
2225 1499 2317 1568 qui
2346 1500 2516 1565 posuit
2549 1499 2602 1550 in
2631 1499 2705 1551 eis
2736 1497 2992 1566 Spiritum
3025 1499 3306 1552 sanctum?
3331 1501 3422 1567 qui
3443 1502 3568 1553 edu-

1995 1590 2070 1641 xit
2101 1590 2315 1642 dextera
2355 1586 2610 1656 Moysen?
2645 1586 2930 1642 Brachium
2953 1589 3137 1659 gloria:
3157 1605 3267 1643 suae
3306 1592 3568 1659 superavit

1996 1697 2185 1748 aquam
2238 1697 2270 1734 a
2329 1683 2466 1748 {acie
2498 1682 2630 1751 ejus,
2687 1693 2742 1735 ut
2783 1681 2976 1750 faceret
3018 1682 3118 1735 sibi
3155 1697 3341 1736 nomen
3376 1683 3568 1752 sempi-

1997 1782 2220 1826 ternum.
2293 1771 2460 1826 Duxit
2533 1790 2619 1827 eos
2655 1791 2746 1843 per
2781 1775 3049 1844 abyssum,
3087 1785 3334 1844 tanquam
3375 1791 3568 1847 equum

1995 1878 2087 1930 per
2105 1862 2462 1929 solitudinem,
2482 1873 2529 1916 et
2547 1863 2933 1930 laboraverunt,
2966 1877 3014 1918 et
3046 1866 3178 1918 sicut
3203 1865 3447 1935 jumentn
3476 1883 3568 1933 per

1995 1968 2256 2021 campum.
2291 1951 2564 2006 Descendit
2597 1954 2811 2020 spiritus
2847 1970 2879 2006 a
2909 1951 3152 2017 Domino,
3183 1964 3230 2006 et
3250 1955 3359 2007 dua:
3382 1970 3560 2008 eorum

1995 2043 2115 2112 fuit.
2151 2043 2241 2098 Sic
2277 2045 2478 2098 duxisti
2515 2044 2762 2116 populum
2810 2055 2977 2112 tuum,
3012 2055 3067 2099 ut
3103 2045 3300 2114 faceres
3331 2047 3423 2102 tibi
3467 2064 3565 2102 no-

1996 2151 2111 2190 men
2139 2137 2338 2206 glas-ite.

2061 2314 2195 2369 Cum
2245 2315 2443 2369 dixerit
2487 2328 2546 2368 se
2592 2327 2910 2369 conversum
2959 2330 3078 2370 esse
3123 2316 3175 2372 in
3224 2317 3561 2374 inimicitiam

1994 2406 2129 2468 illis,
2157 2406 2248 2474 qui
2281 2407 2431 2474 prius
2463 2421 2558 2460 eos
2594 2407 2964 2462 misericordia
2997 2418 3046 2462 et
3083 2411 3352 2465 charitate
3385 2411 3566 2466 suble-

1993 2500 2142 2553 vavit
2182 2509 2236 2554 et
2278 2499 2621 2566 exhilaravit,
2664 2515 2858 2556 causas
2900 2500 3118 2569 hujusce
3164 2503 3242 2558 rei
3283 2507 3565 2560 commode

1992 2588 2228 2658 exponit.
2261 2587 2317 2641 In
2350 2589 2664 2642 memoriam
2696 2589 2970 2644 revocavit
2998 2590 3140 2644 enim
3161 2631 3176 2656 ,
3211 2592 3416 2662 inquit,
3448 2578 3565 2648 ani-

1993 2693 2188 2747 moque
2211 2677 2468 2732 volutavit
2493 2677 2608 2732 dies
2637 2689 2889 2742 :eternos,
2915 2678 2965 2732 id
2995 2689 3095 2743 est,
3122 2693 3336 2748 semper
3362 2693 3565 2734 memo-

1992 2771 2210 2836 rabiles,
2259 2781 2478 2842 propter
2519 2772 2688 2826 multa
2732 2780 2786 2826 et
2830 2771 3028 2825 eximia
3075 2771 3127 2824 in
3176 2770 3281 2827 illis
3323 2773 3561 2842 praestita

1993 2861 2272 2918 miracula.
2305 2861 2436 2929 Quis
2472 2871 2650 2917 autem
2693 2863 3008 2920 recordatus
3037 2862 3156 2917 est?
3185 2863 3318 2930 Quis
3351 2864 3438 2919 ille
3469 2866 3560 2935 qni

1990 2952 2177 3006 eduxit
2209 2952 2276 3006 de
2311 2961 2452 3006 terra
2490 2961 2760 3021 pastorem
2793 2952 3072 3006 omnium?
3101 2951 3324 3007 Videtur
3353 2955 3440 3009 hic
3475 2972 3561 3010 re-

1989 3042 2345 3098 surrectionis
2361 3043 2599 3097 omnium
2617 3051 2859 3097 nostrum
2879 3043 3393 3100 ServatorisChristi
3415 3063 3564 3100 nien-

1993 3137 2192 3189 tionem
2238 3134 2438 3189 facere.
2480 3133 2580 3201 Qui
2626 3135 2846 3198 eduxit,
2892 3135 3100 3204 inquit,
3142 3135 3226 3191 vel
3269 3140 3561 3193 ascendere

306 3219 426 3283 τοῦ,
446 3224 475 3274 6
501 3223 810 3294 ἀναστήσας
853 3226 961 3278 ἀπὸ
988 3228 1094 3297 γῆς
1122 3229 1212 3282 τὸν
1241 3229 1460 3284 πάντων
1498 3233 1884 3308 ἀρχιποιμένα,

1991 3224 2152 3292 fecit,
2186 3240 2285 3295 pro
2317 3243 2330 3280 :
2367 3224 2466 3292 Qui
2498 3224 2756 3280 excitavit
2783 3240 2814 3280 e
2847 3234 2988 3278 terra
3021 3225 3258 3279 omnium
3290 3242 3559 3282 summum

306 3311 367 3363 th
379 3312 620 3380 αστήσας
642 3313 697 3366 δὲ
719 3315 840 3385 οὐχὶ
869 3317 1086 3381 πάντως
1125 3319 1188 3372 ἐκ
1217 3320 1444 3391 νεκρῶν,
1485 3323 1601 3376 ἀλλ’
1625 3321 1736 3380 οἷον
1757 3327 1887 3381 ἀνα-

303 3399 488 3465 δείξας
517 3402 576 3470 ἐξ
615 3403 950 3475 ἀνθρώπωνο
974 3409 1164 3476 γέγονε
1201 3411 1308 3482 γὰρ
1346 3412 1421 3476 ὡς
1467 3409 1548 3476 εἷς
1594 3415 1652 3481 ἐξ
1709 3417 1883 3486 ἡμῶν,

305 3492 566 3562 γέννησιν
613 3495 914 3564 ὑπομείνας
961 3498 1059 3567 τὴν
1099 3499 1242 3552 κατά
1273 3501 1451 3572 σάρκα
1488 3505 1552 3556 ἐκ
1581 3506 1886 3572 γυναικὺςό

307 3585 608 3655 μονογενὴς
638 3584 732 3638 τοῦ
774 3587 984 3657 Πατρὸς
1021 3588 1214 3657 Λόγος.
1267 3593 1487 3664 Ἐπειδὴ
1517 3595 1592 3658 δέ,
1617 3595 1693 3659 ὡς
1727 3596 1882 3667 ἔφην,

305 3674 698 3746 ἀμνημόνευτα
731 3677 963 3730 εἰσάπαν
991 3679 1090 3748 τῆς
1123 3679 1273 3748 παρὰ
1301 3681 1436 3735 Θεοῦ
1480 3685 1885 3757 μεγαλουργίας

306 3766 499 3821 ἐθεᾶτο
521 3768 612 3820 τὸν
666 3769 900 3841 Ἰσραὴλ,
947 3772 1229 3843 μονονουχὶ
1265 3775 1642 3846 κατατέθηπεν
1679 3779 1708 3830 6
1751 3795 1885 3850 προ-

305 3859 505 3928 φήτης,
535 3859 629 3911 καὶ
649 3861 730 3923 είς
753 3860 910 3918 τοῦτο
942 3862 1207 3926 πεσόντας
1244 3865 1598 3936 ἀναισθησίας
1627 3868 1886 3940 ὀλοφύρε-

304 3965 396 4000 ται
432 3947 606 4015 λὲγων
633 3963 648 3977 ·
689 3967 706 3999 ι
740 3949 849 4002 Ποῦ
878 3950 1025 4003 ἔστιν
1062 3953 1090 4004 6
1116 3950 1228 4014 θεὶς
1263 3953 1322 4005 ἐν
1355 3954 1537 4017 αὐτοῖς
1574 3953 1634 4007 τὸ
1662 3955 1884 4026 Πνεῦμα

303 4040 580 4108 τδοᾶγιον,
606 4060 625 4092 ι
649 4042 945 4106 τουτέστιν,
969 4046 997 4096 6
1025 4044 1325 4115 ἐπιστήσας
1356 4048 1413 4099 ἐν
1437 4047 1621 4109 αὐτοῖς
1649 4046 1710 4099 τὸ
1741 4047 1883 4101 θεῖον

307 4131 474 4185 αὑτοῦ
516 4134 614 4187 καὶ
657 4121 925 4202 σωτήριον
967 4132 1209 4204 Πνεῦμα.
1241 4135 1462 4205 Κατέδη
1500 4136 1610 4208 γάρ
1656 4136 1883 4207 Πνεῦμα

306 4223 461 4295 παρά
488 4223 716 4293 Κυρίου,
767 4225 859 4277 xui.
885 4225 1166 4296 ὡδήγησεν
1200 4227 1415 4290 αὐτοὺς,
1444 4228 1626 4297 φησιν.
1659 4229 1802 4299 Ἔφη
1825 4227 1882 4282 δέ

305 4317 404 4372 καὶ
433 4317 464 4369 6
489 4316 769 4380 θεσπέσιος
799 4317 984 4381 Δαϐὶδ,
1007 4319 1088 4371 ὃτι
1129 4337 1148 4370 ι
1186 4319 1562 4384 Ἐξαπέστει).ε
1585 4318 1679 4372 τὸν
1709 4321 1882 4388 Λόγον

304 4407 494 4472 αὐτοῦ,
523 4409 617 4462 καὶ
650 4409 839 4462 ἰάσατο
866 4410 1082 4472 αὐτούς.
1111 4430 1130 4461 ι
1170 4411 1230 4464 '0
1251 4412 1308 4464 δέ
1335 4411 1538 4482 Κύριος
1568 4412 1630 4466 τὸ
1667 4413 1882 4484 πνεῦμα

305 4499 475 4564 ἐστὶν,
526 4502 742 4571 ἐνεργεῖ
781 4501 889 4574 γάρ
935 4501 1025 4554 διὰ
1076 4501 1170 4556 τοῦ
1223 4503 1506 4572 όμοουσίου
1546 4503 1878 4574 Πνεύματος.

1990 3326 2283 3386 pastorem,
2309 3317 2401 3387 qui
2430 3317 2704 3380 excitavit,
2733 3316 2970 3384 inquam,
2999 3331 3101 3370 non
3126 3317 3294 3371 solum
3318 3331 3382 3372 ex
3412 3335 3560 3374 Incr-

1991 3408 2129 3475 tuis,
2169 3407 2262 3462 sed
2305 3406 2455 3461 velut
2495 3407 2709 3477 erigens
2751 3421 2816 3460 ex
2865 3406 3193 3462 hominibus.
3237 3407 3434 3463 Factus
3477 3418 3562 3466 est

1986 3502 2128 3554 enim
2159 3507 2411 3568 tanquam
2444 3515 2583 3554 unus
2613 3513 2677 3553 ex
2711 3499 2886 3565 nobis,
2915 3508 3090 3553 ortum
3121 3500 3324 3556 habens
3351 3503 3560 3559 ratione

1985 3592 2165 3646 carnis
2194 3593 2258 3647 de
2290 3592 2538 3658 muliere,
2567 3593 2797 3661 unigena
2828 3591 3004 3646 Patris
3035 3591 3246 3648 Sermo.
3273 3594 3376 3650 Sed
3407 3598 3556 3667 quia,

1985 3694 2040 3738 ut
2079 3683 2216 3747 dixi,
2255 3685 2599 3753 conspicatus
2632 3695 2716 3738 est
2753 3683 3012 3752 propheta
3051 3683 3300 3740 lsraelem
3338 3689 3558 3743 ontnino

1983 3776 2206 3829 oblitum
2238 3775 2434 3829 divinze
2471 3775 2914 3844 magnificentiae,
2952 3784 3156 3828 tantum
3197 3791 3300 3830 non
3338 3786 3558 3849 stupore

1984 3863 2242 3920 confusus
2276 3873 2386 3930 est,
2419 3875 2473 3919 et
2504 3880 2568 3918 eo
2599 3865 2926 3933 stupiditatis
2958 3865 3138 3933 lapsos
3170 3866 3440 3936 deplorat,
3475 3869 3558 3924 di-

1983 3968 2112 4009 cens
2152 3971 2167 4008 :
2212 3971 2232 4006 ι
2278 3953 2377 4010 Ubi
2417 3963 2500 4009 est
2535 3955 2625 4023 qui
2669 3953 2846 4022 posuit
2883 3955 2936 4008 in
2982 3953 3088 4008 illis
3130 3953 3388 4024 Spiritum
3429 3971 3556 4013 san-

1983 4045 2164 4101 ctum?
2198 4064 2217 4097 ι
2253 4045 2306 4100 id
2343 4053 2454 4110 est,
2483 4047 2572 4113 qui
2613 4045 2839 4098 inseruit
2877 4044 2980 4099 illis
3015 4044 3256 4099 divinum
3296 4061 3452 4103 suum
3490 4064 3556 4105 ac

1983 4139 2272 4195 salutarem
2303 4137 2597 4208 Spiritum?
2629 4138 2916 4193 Descendit
2953 4137 3096 4192 enim
3130 4137 3362 4209 Spiritus
3393 4156 3421 4194 a
3453 4141 3556 4197 Do-

1983 4231 2148 4296 mino,
2178 4238 2232 4284 et
2259 4229 2412 4284 duxit
2437 4244 2549 4283 eos.
2576 4227 2742 4284 Porro
2765 4228 2978 4286 divinus
3007 4233 3169 4288 David
3198 4233 3275 4288 ait
3304 4250 3320 4289 :
3353 4252 3372 4285 ι
3406 4233 3555 4288 Emi-

1983 4325 2054 4379 sit
2083 4323 2314 4379 Verbum
2349 4337 2526 4386 suum,
2557 4332 2611 4376 et
2643 4323 2853 4376 sanavit
2886 4338 2980 4378 eos
2999 4324 3064 4378 ".
3103 4343 3121 4376 ι
3160 4324 3417 4380 Dominus
3453 4341 3555 4378 au-

1984 4423 2090 4468 tem
2125 4413 2348 4482 spiritus
2381 4421 2459 4468 est
2480 4412 2546 4465 “.
2571 4411 2837 4481 Operatnr
2864 4413 3008 4466 enim
3042 4429 3138 4482 per
3165 4413 3425 4484 Spiritum
3461 4417 3554 4486 qni

1983 4504 2205 4573 aequalis
2242 4512 2324 4557 est
2367 4503 2704 4558 substantiae.
2745 4502 2844 4558 Ubi
2889 4513 2972 4558 est
3011 4505 3175 4574 ergo?
3205 4519 3303 4574 pro
3328 4543 3344 4568 ,
3393 4506 3554 4560 Obliti

307 4591 417 4645 Ποῦ
451 4592 629 4645 τοίνυν
685 4593 862 4662 ἐστίνς
899 4594 1020 4648 ἀντὶ
1065 4593 1183 4658 τοῦ,
1233 4595 1588 4661 ἐπελάθοντο,
1639 4597 1734 4650 καὶ
1779 4597 1879 4651 οῦκ

1988 4605 2129 4660 sunt,
2160 4603 2214 4648 et
2249 4609 2351 4648 non
2387 4594 2751 4663 quaesiverunt
2781 4610 2929 4658 eum,
2986 4596 3318 4650 recordando
3349 4597 3557 4650 scilicet
3589 4638 3595 4649 .

304 4682 640 4754 ἐξεζήτησαν
663 4685 848 4750 αὑτὸν,
881 4687 970 4740 διὰ
1005 4685 1100 4738 τοῦ
1135 4687 1443 4758 μεμνῆσθαι
1479 4687 1742 4758 δηλονότι,
1785 4689 1879 4742 καὶ

301 4778 521 4848 ἀγαπᾷν
551 4777 734 4834 αὐτόν.
758 4779 867 4831 Ποῦ
893 4781 922 4832 6
951 4779 1240 4846 ἀναγαγὼν
1260 4781 1325 4850 τῇ
1353 4779 1502 4850 δεξιᾷ
1521 4780 1612 4833 τὸν
1639 4780 1874 4851 Μωσῆνς

304 4868 493 4934 Μέγας
529 4865 598 4937 ἦν
638 4870 667 4921 6
706 4870 912 4940 Μωσῆς
953 4872 983 4922 6
1025 4869 1307 4939 διαϐόητός
1354 4887 1412 4922 τε
1447 4871 1539 4923 καὶ
1585 4869 1783 4940 ὑψηλὸς
1817 4871 1876 4923 ἐν

302 4957 556 5028 εὐκλείᾳο
601 4959 933 5029 ὑπεμφαίνει
978 4961 1035 5014 δὲ
1078 4960 1235 5014 τοῦτο
1267 4961 1346 5026 τὸ,
1389 4960 1698 5030 ἀναγαγὼν,
1725 4964 1878 5030 ἐνερ-

300 5045 503 5118 γούσης
525 5048 593 5100 δι’
609 5049 778 5103 ,αὑτοῦ
791 5052 888 5122 τῆς
912 5051 1004 5104 τοῦ
1032 5051 1168 5105 Θεοῦ
1191 5051 1388 5119 δεξιᾶς.
1412 5071 1432 5105 ι
1463 5051 1763 5124 ὀβραχίων
1779 5053 1877 5122 τῆς

298 5139 460 5209 δόξης
501 5140 852 5211 κατίσχυσεν.
888 5161 908 5194 ι
949 5142 982 5213 ἢ
1035 5143 1463 5214 κατηγωνίσατο,
1504 5145 1596 5197 καὶ
1628 5143 1877 5214 νενίκηκε

298 5229 400 5296 τὴν
422 5228 532 5282 τῶν
557 5230 764 5284 ὑδάτων
801 5229 960 5299 φύσιν
999 5231 1286 5304 συμπήξας
1314 5233 1471 5286 αὐτά.
1516 5232 1741 5301 Ἐπάγει
1769 5234 1878 5304 γὰρ

299 5318 434 5372 ὡσεὶ
463 5321 640 5390 τεῖχος
665 5320 734 5374 τά
771 5319 960 5386 ὕδατα,
991 5323 1177 5393 φησὶν,
1212 5324 1378 5394 ήγουν
1405 5323 1544 5378 αὑτά
1581 5325 1875 5396 κατίσχυσε

294 5409 368 5462 τὰ
397 5408 584 5472 ὕδατα,
628 5410 769 5464 ὥστε
808 5412 901 5465 καὶ
941 5411 1102 5482 πῆξιν
1144 5413 1452 5484 ὑπομεῖναι,
1502 5417 1676 5469 καίτοι
1715 5416 1875 5486 φύσιν

295 5501 492 5572 ἔχοντα
521 5502 620 5573 τὴν
655 5503 850 5575 ὑγράν.
883 5500 1215 5575 Πεπλήρωκε
1252 5505 1310 5558 δέ
1350 5509 1444 5562 καὶ
1484 5508 1660 5576 τοῦτο,
1689 5511 1872 5580 φησιν,

367 5673 414 5705 ⁸³
440 5674 580 5729 Psal.
609 5690 721 5741 cvr,
750 5677 839 5732 ΞΟ.
917 5679 962 5709 ’⁵
990 5677 1145 5734 Joan.
1182 5695 1259 5744 Iv,
1287 5680 1379 5734 24.

365 5849 444 5922 (ί)
475 5850 764 5924 Θαλάσσης
801 5853 961 5913 LXX.

1983 4695 2038 4739 et
2064 4685 2332 4755 diligendo
2359 4700 2502 4740 eum.
2536 4683 2632 4739 Ubi
2660 4695 2740 4739 est
2763 4686 2853 4754 qui
2877 4686 3062 4740 eduxit
3085 4686 3275 4740 dextra
3302 4685 3554 4756 Moysen?

1982 4775 2206 4846 Magnus
2241 4775 2341 4830 fuit
2375 4775 2603 4846 Moyses.
2643 4777 2970 4846 percelebris
3005 4786 3060 4831 et
3095 4777 3350 4847 dignitate
3386 4777 3555 4831 subli-
3591 4842 3595 4846 ι

1983 4869 2104 4923 mis.
2136 4869 2300 4936 idque
2335 4867 2640 4922 subindicat
2672 4883 2686 4922 :
2718 4865 2936 4932 Eduxit,
2969 4877 3226 4938 operante
3257 4881 3352 4936 per
3381 4865 3551 4935 ipsum
3589 4859 3596 4880 '

1982 4960 2162 5014 divina
2197 4959 2437 5014 dextera.
2477 4976 2495 5010 ι
2537 4957 2822 5013 Bracltinm
2857 4958 3042 5028 gloria:
3075 4958 3373 5028 superavit,
3412 4975 3431 5010 ι
3469 4957 3553 5013 \el

1983 5049 2327 5121 expugnavit,
2364 5060 2418 5105 et
2450 5049 2579 5104 vicit
2611 5060 2855 5102 naturain
2891 5063 3152 5117 aquarum
3175 5047 3404 5112 ,sistens
3435 5062 3550 5103 eas.

1983 5141 2190 5197 lnducit
2222 5142 2364 5196 enim
2395 5143 2540 5198 velut
2575 5156 2786 5194 murum
2824 5154 3010 5209 aquas,
3050 5140 3244 5209 inquit.
3277 5136 3370 5194 Vel
3407 5135 3552 5207 ipsas

1985 5247 2154 5304 aquas
2210 5233 2439 5303 repulit,
2497 5231 2664 5302 883
2716 5245 2780 5285 ac
2835 5231 3129 5300 superavit,
3183 5229 3254 5283 ita
3322 5237 3382 5282 ut
3433 5228 3549 5282 sisti

1985 5338 2044 5379 se
2077 5333 2410 5394 paterentur,
2449 5324 2657 5379 etiamsi
2694 5331 2941 5376 naturam
2978 5322 3214 5376 habeant
3251 5319 3546 5375 humidam.

1983 5413 2226 5484 Implevit
2273 5416 2393 5481 hoc,
2437 5415 2628 5484 inquit,
2671 5423 2730 5468 ut
2769 5401 2875 5469 sibi
2922 5427 3116 5468 nomen
3161 5411 3548 5480 sempiternum

1982 5509 2307 5578 acquireret.
2346 5507 2472 5562 Sive
2513 5506 2657 5562 enim
2699 5507 2802 5562 hoc
2841 5503 3040 5560 factum
3081 5510 3186 5570 est,
3226 5500 3341 5557 sive
3385 5499 3549 5555 etiam
