4096 6500
583 469 714 525 1591
1569 462 1625 516 S.
1668 462 1934 518 CYRIILI
1977 464 2441 523 ALEXANDRINI
2483 464 2796 521 ARCIIIEP.
3692 459 3836 515 i359.

582 585 1018 642 administratum
1057 583 1220 637 fuerit
1278 597 1371 652 per
1403 580 1860 649 sapientissimum
1932 582 2150 653 Moysen

2264 585 2341 637 ἵνα
2369 581 2543 652 ἐαυτῷ
2566 582 2895 651 περιποιήσῃ
2926 578 3094 647 ὄνομα
3118 575 3364 628 αἰώνιον
3400 572 3452 625 εἴ
3467 590 3517 625 τι
3547 570 3657 640 γὰρ
3681 572 3835 639 γέγο-

584 676 686 730 hoc
712 676 763 729 in
792 674 1015 745 gloriam
1048 673 1140 728 Dei
1164 673 1364 727 factum
1389 682 1490 727 est.
1518 671 1750 737 Sistens,
1776 672 1967 742 inquit,
1989 688 2157 742 aquas

2264 695 2372 741 νεν,
2400 678 2564 746 ἤγουν
2597 674 2688 727 καὶ
2716 670 2991 742 ἐνηργήθη
3019 670 3106 721 διὰ
3132 668 3225 721 τοῦ
3270 667 3542 733 πανσόφου
3572 665 3834 727 Μωσέως,

579 784 679 821 een
711 783 933 835 equum,
962 765 1044 820 vel
1076 781 1177 820 ceu
1208 764 1449 829 iumenta
1483 763 1636 818 duxit
1669 779 1765 833 per
1794 779 1965 828 mare,
1996 764 2158 819 veluti

2264 767 2418 821 τοῦτο
2446 769 2525 828 είς
2543 764 2698 829 δόξαν
2726 766 3035 834 πέπρακται
3059 759 3215 814 θεοῦ.
3246 758 3429 828 Πήξας
3463 757 3517 809 δὲ
3547 756 3617 808 τὰ
3646 754 3836 817 ὕδατα,

581 873 679 928 per
714 874 985 923 campum.
1023 857 1135 911 Hoc
1177 857 1300 911 item
1346 855 1658 911 Psalmodus
1697 857 1877 920 docet,
1912 872 2032 912 cum
2076 858 2159 911 in-

2264 860 2443 931 φησὶν,
2467 858 2541 921 ὡς
2568 858 2752 920 ἵππον,
2778 857 2809 926 ἢ
2837 855 2911 918 ὡς
2941 855 3133 923 κτήνη,
3158 852 3407 920 ὡδήγησε
3430 849 3514 901 διὰ
3539 847 3837 916 θαλάσσης,

583 949 699 1017 quit
733 969 745 1003 :
788 968 806 999 ι
848 948 911 1001 Ει
946 949 1131 1003 eduxit
1165 959 1414 1014 tauquam
1448 962 1576 1001 oves
1610 948 1860 1016 populum
1895 963 2071 1013 suum,
2103 958 2159 1003 et

2264 949 2332 1015 ὡς
2382 949 2469 1004 διὰ
2526 947 2729 1001 πεδίου.
2780 945 2951 998 Τοῦτο
3004 943 3099 996 καὶ
3149 945 3176 995 ὁ
3227 940 3527 1009 Ψαλμῳδὸς
3597 938 3840 991 διδάσκει

586 1041 733 1094 duxit
766 1056 861 1096 eos
892 1052 1145 1109 tanquam
1178 1056 1394 1110 gregem
1428 1040 1478 1094 in
1511 1041 1726 1095 deserto
1749 1041 1815 1095 ⁸³.
1856 1060 1875 1092 ι
1914 1041 2027 1096 Dux
2058 1058 2154 1095 au-

2264 1042 2431 1111 λέγων
2458 1057 2471 1071 ⁸
2502 1059 2520 1091 ι
2547 1041 2655 1093 Καὶ
2684 1040 2957 1107 ἀνήγαγεν
2990 1036 3064 1099 ὡς
3097 1034 3345 1105 πρόϐατα
3384 1031 3474 1083 τὸν
3496 1030 3625 1083 λαὸν
3654 1028 3839 1089 αὐτοῦ,

587 1136 691 1180 tem
726 1142 911 1181 eorum
950 1126 1079 1192 fuit,
1112 1130 1186 1181 uti
1224 1128 1367 1192 dixi,
1401 1128 1636 1198 Spiritus
1670 1129 1901 1184 Domini.
1936 1129 2027 1187 Sic
2062 1133 2158 1185 du-

2264 1132 2355 1185 καὶ
2412 1130 2690 1201 ὡδήγησεν
2741 1130 2938 1190 αὐτοὺς
3002 1128 3078 1189 ὡς
3132 1126 3381 1194 ποίμνιον
3442 1125 3498 1175 ὲν
3571 1123 3833 1191 ὲρήμῳ.ι

583 1217 709 1269 xisti
742 1218 991 1284 populum
1023 1226 1167 1269 tuum
1189 1256 1205 1280 ,
1233 1226 1291 1271 ut
1318 1231 1661 1285 comparares
1693 1218 1785 1271 libi
1817 1220 1931 1287 ipse
1960 1235 2154 1274 nomen

2268 1223 2533 1293 Ὠδήγησε
2561 1221 2617 1273 δὲ
2646 1221 2860 1281 αὐτοὺς,
2886 1220 2960 1280 ὼς
2983 1218 3140 1288 ἔφην,
3167 1217 3390 1285 Πνεῦμα
3406 1214 3631 1286 Κυρίου.
3655 1212 3842 1275 Οῦτως

584 1307 895 1376 gloriosum.
923 1306 1034 1359 Duo
1057 1307 1199 1361 enim
1226 1306 1365 1362 facta
1392 1318 1517 1363 sunt
1538 1310 1728 1363 eodem
1755 1320 2014 1378 tempore.
2038 1311 2153 1365 Non

2264 1312 2465 1383 ἤγαγες
2480 1310 2571 1363 τὸν
2608 1309 2733 1363 λαόν
2770 1327 2888 1375 σου,
2916 1307 3008 1360 τοῦ
3037 1307 3260 1375 ποιῆσαι
3285 1306 3433 1376 αὐτῷ
3460 1306 3630 1374 ὄνομα
3660 1302 3838 1371 δόξης.

585 1397 729 1448 enim
761 1397 917 1448 tnodo
941 1405 1184 1451 servatus
1209 1408 1290 1450 est
1314 1396 1500 1463 Israel,
1526 1411 1579 1452 et
1606 1414 1635 1454 e
1664 1414 1822 1451 manu
1846 1402 2157 1468 opprimeno

2264 1403 2360 1455 Δύο
2390 1402 2499 1471 γὰρ
2534 1401 2995 1472 ἐπράττετοῆιατὰ
3026 1399 3242 1451 ταυτόν.
3295 1398 3369 1451 Ού
3418 1397 3526 1466 γὰρ
3574 1398 3840 1448 σέσωσται

587 1488 718 1540 tium
760 1487 1018 1540 liberatus
1052 1497 1137 1541 est
1173 1506 1186 1542 :
1224 1491 1316 1542 sed
1359 1490 1521 1542 etiam
1559 1506 1736 1543 rerum
1771 1490 2158 1545 admirabiliter

2264 1494 2421 1564 μόνον
2453 1496 2481 1547 ὁ
2522 1493 2758 1564 Ἰσραὴλ,
2807 1492 2902 1545 καὶ
2940 1490 3039 1559 τῆς
3072 1490 3178 1541 τῶν
3218 1487 3690 1541 πλεονεκτούντων
3728 1484 3843 1537 ἰλυ-

586 1587 859 1646 gestarum
903 1579 1023 1631 linis
1071 1581 1444 1633 universorum
1503 1582 1826 1637 dominatori
1872 1584 1977 1637 Deo
2039 1583 2157 1651 glo-

2264 1585 2438 1657 τρώθη
2460 1584 2661 1655 χειρὸς,
2694 1582 2829 1636 ἀλλὰ
2879 1582 2988 1650 γὰρ
3023 1581 3249 1633 καὶτῶν
3284 1578 3602 1649 παραδόξως
3633 1576 3844 1628 τετελε-

588 1669 723 1721 riam
757 1670 1164 1724 convenientem
1200 1670 1429 1739 peperit.

2264 1676 2470 1746 σμένων
2497 1676 2558 1727 τὸ
2590 1675 2762 1745 πέρας
2809 1673 2884 1742 τῷ
2912 1672 3019 1725 τῶν
3055 1673 3192 1723 ὅλων
3240 1670 3527 1743 κρατοῦντι
3569 1668 3692 1737 Θεῷ

2258 1767 2407 1837 αὐτῷ
2437 1768 2751 1837 πρέπουσαν
2776 1764 2932 1830 δόξαν
2957 1765 3427 1834 ἐπραγματεύετο.

662 1842 825 1897 Vens.
853 1843 1041 1897 15-17.
1084 1844 1393 1898 Convertere
1427 1844 1490 1898 de
1518 1846 1665 1910 caelo,
1697 1856 1743 1899 et
1776 1847 1891 1900 vide
1920 1848 1982 1900 de
2003 1848 2157 1900 domo

2346 1857 2749 1923 Ἐπίστρεψον
2787 1856 2855 1907 ὲκ
2898 1852 3004 1906 τοῦ
3036 1852 3318 1919 οὐρανοῦ,
3360 1852 3457 1904 καὶ
3502 1848 3593 1903 ιδε
3634 1851 3709 1903 ἐκ
3740 1849 3843 1904 τοῦ

587 1944 771 1987 sancta
822 1944 944 2000 tua,
978 1946 1024 1988 et
1055 1936 1238 2004 gloria:
1272 1947 1414 1991 tute.
1465 1935 1566 1990 Ubi
1607 1947 1679 1991 est
1720 1939 1861 1992 zelus
1904 1951 2058 1998 tuus.
2110 1948 2157 1992 et

2264 1946 2429 2000 οικου
2464 1946 2567 2000 τοῦ
2604 1946 2776 2015 ἁγίου
2806 1962 2943 2008 σου,
2980 1947 3078 1997 καί
3109 1943 3295 2011 δόξης
3336 1959 3475 1996 σου.
3522 1942 3647 1995 Ποῦ
3673 1944 3844 1996 ἐστιν

590 2026 845 2093 fortitudo
877 2026 1007 2079 tua?
1034 2025 1135 2079 Ubi
1179 2036 1255 2080 est
1300 2026 1583 2081 multitudo
1614 2029 1991 2083 misericordia:
2030 2039 2157 2094 tuas,

2264 2042 2293 2092 ό
2324 2038 2501 2107 ζῆλός
2529 2056 2665 2103 σου,
2692 2038 2789 2090 καὶ
2817 2038 2853 2104 ἡ
2877 2037 3053 2106 ἰσχύς
3088 2050 3241 2098 σου;
3272 2034 3395 2088 Ποῦ
3421 2033 3557 2087 ἔστι
3593 2032 3660 2086 τὸ
3690 2031 3845 2098 suﬁ-

589 2127 636 2169 et
684 2118 1079 2170 miserationum
1118 2128 1360 2180 tuarum,
1400 2118 1524 2186 quia
1567 2121 1864 2172 sustinuisti
1907 2121 2045 2175 nos?
2084 2119 2159 2172 Tu

2266 2135 2369 2194 θος
2408 2128 2513 2181 τοῦ
2553 2129 2765 2193 ἐλέους
2794 2144 2929 2192 σου,
2966 2126 3065 2179 καί
3103 2124 3221 2178 τῶν
3249 2123 3563 2192 οἰκτιρμῶν
3587 2139 3733 2190 σου,
3761 2123 3845 2176 ὅτι

588 2210 726 2260 enim
757 2223 809 2259 es
844 2205 1008 2261 Pater
1038 2219 1232 2271 noster,
1275 2209 1399 2275 quia
1430 2210 1694 2262 Abraham
1733 2228 1835 2264 non
1878 2213 2012 2265 novit
2043 2228 2157 2275 nos,

2264 2220 2525 2289 ἀνέσχον
2542 2218 2741 2288 ἠμῶνς
2764 2220 2846 2272 Σὺ
2862 2214 3039 2287 γὰρεῖ
3054 2216 3221 2286 ἡμῶν
3237 2218 3459 2283 Πατὴρ,
3473 2216 3564 2268 ὅτι
3589 2214 3844 2282 Ἀϐραὰμ

588 2308 638 2351 et
668 2297 839 2351 Israel
874 2314 975 2351 non
1013 2300 1221 2368 agnovit
1259 2316 1373 2354 nos.
1407 2302 1450 2353 Α
1483 2304 1741 2368 principio
1788 2319 1973 2356 nomen
2010 2313 2159 2355 tuum

2264 2315 2370 2366 οὐκ
2394 2312 2547 2381 ἔγνω
2567 2314 2745 2381 ἡμᾶς,
2762 2312 2861 2365 καὶ
2896 2311 3142 2378 Ἰσραὴλ
3169 2313 3281 2364 οὐκ
3310 2309 3541 2377 ἐπέγνω
3560 2306 3724 2376 ἡμᾶς
3746 2306 3839 2377 (ι).

588 2407 744 2459 super
782 2407 894 2444 nos.
942 2387 1051 2444 Cur
1086 2392 1342 2445 seduxiin
1386 2409 1501 2457 nos,
1531 2392 1769 2458 Domine,
1810 2414 1840 2448 a
1891 2398 1973 2449 via
2018 2407 2159 2463 tua;

2273 2404 2388 2457 Ἀπ’
2431 2402 2621 2473 ἀρχῆς
2683 2404 2749 2457 τό
2794 2402 2981 2472 ὄνομά
3031 2417 3146 2456 σου
3201 2402 3293 2470 ἐφ’
3352 2399 3511 2467 ἡμᾶς
3560 2399 3718 2452 ἐστι.
3786 2398 3845 2453 Tt'

591 2480 865 2536 obdurasti
891 2485 1049 2535 corda
1078 2493 1282 2547 nostra,
1316 2500 1378 2536 ne
1405 2485 1705 2539 timeremus
1742 2487 1827 2540 te?

2264 2495 2607 2563 ἐπλάνησας
2628 2494 2806 2564 ἡμᾶς,
2822 2496 3017 2562 Κύριε,
3031 2493 3149 2547 ἀπὸ
3176 2492 3280 2562 τῆς
3299 2492 3443 2545 ὀδοῦ
3465 2508 3606 2551 σου,
3621 2488 3839 2555 ἐσκλή-

2253 2604 2449 2655 ρυνας
2496 2586 2666 2657 ἡμῶν
2710 2589 2818 2651 τὰς
2854 2586 3100 2655 καρδίας
3138 2585 3244 2639 τοῦ
3280 2584 3366 2654 μὴ
3396 2583 3714 2652 φοϐεῖσθαί
3738 2598 3842 2645 σε;

2345 2680 2605 2733 Ἐνταῦθα
2638 2680 2823 2733 λοιπὸν
2845 2680 2872 2732 ὁ
2899 2680 3185 2750 προφήτης
3212 2678 3309 2740 τὰς
3340 2677 3482 2746 ὑπὲρ
3509 2674 3719 2739 παντὸς
3751 2675 3842 2727 τοῦ

2260 2769 2446 2833 ἔθνους
2476 2774 2708 2823 ποιεῖται
2738 2769 2909 2833 λιτὰς,
2956 2770 3051 2823 καὶ
3081 2771 3144 2822 ὲκ
3173 2768 3466 2839 προσώπου
3497 2768 3609 2821 τῶν
3640 2766 3702 2831 ἐξ
3748 2767 3845 2819 ’ἰσ-

595 2845 779 2914 plieat.
813 2842 943 2899 Orat
972 2842 1113 2898 enim
1153 2854 1209 2896 ut
1240 2844 1307 2896 ab
1342 2845 1418 2897 ira
1453 2844 1505 2897 in
1542 2845 1659 2900 illos
1692 2862 1790 2901 sua
1836 2848 2081 2912 desistat,
2108 2860 2159 2903 et

2265 2861 2403 2932 ραὴλ
2434 2861 2701 2915 ἀνατείνει
2729 2860 2824 2930 τὴν
2854 2861 3131 2930 ἱκετηρίαν
3150 2876 3163 2890 ·
3197 2858 3499 2927 καταλῆξαι
3528 2858 3640 2927 γὰρ

592 2934 717 2987 odio
749 2934 1123 3000 supersedeat,
1154 2944 1209 2988 et
1242 2935 1306 2987 ad
1346 2935 1489 3003 ipsos
1516 2936 1667 3006 quasi
1712 2947 2035 3003 revertatur,
2067 2941 2158 3008 qui

2264 2953 2415 3005 καλεῖ
2438 2952 2537 3021 τῆς
2563 2954 2649 3004 ἐπ’
2676 2953 2855 3014 αὐτοῖς
2879 2953 3066 3023 ὀργῆς,
3094 2951 3300 3004 παῦσαί
3327 2967 3387 3003 τε
3432 2950 3534 3020 τὴν
3579 2951 3845 3020 ἀποστρο-

592 3028 661 3079 ab
694 3025 800 3079 illis
832 3027 1154 3079 discesserat
1188 3042 1201 3078 :
1241 3025 1417 3093 utqui
1451 3040 1554 3079 non
1587 3027 1653 3081 sit
1695 3028 1971 3083 terrestris
2007 3030 2159 3097 quis-

2265 3045 2392 3115 φὴν,
2423 3045 2517 3098 καὶ
2542 3040 2652 3097 οἷον
2689 3045 3056 3113 ύπονοστῆσαι
3088 3042 3223 3114 πρὸς
3256 3043 3450 3105 αὐτοὺς
3480 3042 3573 3093 τὸν
3614 3042 3845 3107 ἀποποι-

594 3117 759 3185 piam,
796 3116 891 3169 sed
929 3115 1071 3169 Deus
1100 3131 1279 3179 verus,
1321 3127 1374 3169 et
1412 3116 1604 3170 caelum
1652 3127 1910 3187 tanquam
1942 3120 2159 3174 domum

2264 3140 2503 3208 τήσαντα
2535 3135 2732 3199 αὐτῶν,
2769 3137 2864 3189 ᾰτε
2897 3134 2959 3204 δὴ
3008 3134 3101 3186 καὶ
3144 3133 3243 3202 οὐχ
3294 3132 3391 3185 ἕνα
3427 3131 3551 3183 τινὰ
3600 3132 3692 3183 τὸν
3732 3130 3841 3201 [ιον.

594 3206 883 3275 gloriosam
932 3205 1160 3259 habens.
1196 3205 1308 3260 Etsi
1338 3216 1516 3261 autem
1554 3207 1763 3261 dicatur
1804 3208 1855 3263 in
1890 3211 2028 3263 caelo
2066 3212 2159 3265 ha-

2264 3205 2396 3298 τῶν]
2439 3227 2530 3278 ἐπὶ
2554 3226 2654 3295 γῆς
2681 3225 2830 3288 ὄντα,
2864 3223 2996 3276 Θεὸν
3022 3223 3076 3275 δὲ
3109 3221 3306 3292 μᾶλλον
3336 3221 3614 3290 ἀληθινὸν,
3646 3222 3740 3274 καὶ
3771 3221 3845 3283 ὡς

593 3295 768 3349 bitare
796 3293 960 3360 Deus,
1001 3295 1134 3348 nihil
1164 3305 1341 3349 tamen
1370 3296 1423 3350 in
1453 3310 1519 3351 eo
1546 3299 1827 3367 corporale
1862 3300 2159 3370 intelligen-

2266 3293 2413 3368 οἷκον
2441 3293 2826 3383 δόξηςνὲχοντα
2869 3314 2959 3365 τὸν
2990 3312 3234 3383 οὐρανόν.
3284 3312 3348 3364 Ei
3392 3311 3449 3363 δὲ
3483 3311 3697 3378 λέγοιτό
3744 3328 3845 3362 που

594 3384 720 3437 dum
765 3392 871 3438 est.
924 3382 1039 3436 Non
1090 3383 1235 3437 enim
1285 3384 1338 3437 in
1392 3384 1511 3439 loco
1556 3399 1613 3440 et
1663 3388 2159 3459 circumscriptione

2264 3409 2537 3459 κατοικεῖν
2560 3382 2621 3459 γὲν
2648 3382 2864 3475 ούρανῷ
2899 3404 3051 3468 Θεὸς,
3083 3403 3250 3475 μηδὲν
3274 3401 3505 3455 νοείσθω
3538 3402 3849 3470 σωματικὸν

665 2660 762 2714 ilic
796 2660 1048 2729 deinceps
1076 2662 1335 2729 propheta
1371 2676 1466 2730 pro
1501 2660 1746 2714 universa
1778 2672 1939 2731 gente
1969 2678 2161 2732 preces

592 2749 789 2814 fundit,
825 2760 879 2804 et
918 2750 1020 2804 sub
1063 2767 1292 2819 persona
1335 2752 1695 2806 lsraelitarum
1736 2763 1895 2822 rogat
1940 2766 1995 2809 et
2032 2772 2160 2825 sup-

594 3474 934 3527 divinitatem
980 3486 1100 3528 esse
1139 3473 1393 3539 dicimus,
1424 3477 1567 3543 quod
1611 3491 1673 3531 ea
1717 3477 1942 3547 simplex
1994 3481 2063 3534 sit
2109 3491 2164 3534 et

595 3568 949 3634 incorporea,
1007 3580 1071 3620 ac
1127 3566 1391 3636 compleat
1431 3569 1634 3623 omnia.
1689 3568 1823 3635 Quia
1876 3582 2057 3625 autem
2109 3573 2161 3625 in

593 3657 864 3726 supremis
906 3656 1187 3728 spiritibus
1233 3665 1489 3726 tanquam
1534 3661 1740 3715 sanctis
1784 3662 2159 3731 conquiescit,

594 3747 722 3802 hinc
769 3748 1000 3803 dicimus
1045 3747 1235 3801 solium
1272 3758 1323 3801 et
1368 3749 1583 3803 domum
1618 3750 1734 3818 ejus
1784 3767 1903 3807 esse
1942 3755 2162 3810 cmlum.

593 3838 923 3895 Coavertere
970 3840 1152 3909 igitur,
1190 3841 1443 3909 inquiunt
1475 3860 1488 3896 :
1526 3860 1543 3893 ι
1585 3842 1681 3896 Ubi
1720 3844 1863 3896 enim
1895 3854 1979 3898 est
2012 3845 2163 3901 zelus

597 3941 745 3996 tuus,
778 3941 829 3986 et
861 3932 1120 3988 fortitudo
1152 3934 1283 3987 tua?
1317 3952 1334 3985 ι
1370 3933 1478 3989 Nec
1507 3936 1725 3999 dixerit,
1766 3938 1980 4005 Opinor,
2012 3939 2162 4007 quis-

591 4023 735 4091 piam
800 4024 887 4078 his
932 4024 1176 4084 caruisse
1224 4026 1597 4080 universorum
1648 4026 1855 4093 Deum;
1912 4030 2004 4082 sed
2038 4030 2160 4098 quia

585 4112 700 4182 jam
742 4113 846 4166 illis
880 4128 983 4167 non
1032 4113 1363 4179 fruerentur,
1396 4116 1511 4170 haec
1537 4116 1741 4171 dicunt.
1769 4117 1896 4171 Zelo
1932 4134 2164 4189 namque

594 4212 648 4254 et
687 4202 866 4255 divina
903 4203 1222 4257 fortitudine
1252 4220 1378 4258 usus
1409 4207 1645 4260 servavit
1679 4206 1953 4264 lsraelem.
1982 4209 2114 4264 Puta
2144 4229 2158 4266 ;

590 4294 897 4349 tervieruut
923 4294 1092 4366 884
1115 4294 1411 4366 IEgyptiis,
1439 4299 1530 4367 qui
1562 4300 1725 4353 vitam
1753 4316 1940 4354 eorum
1969 4301 2081 4356 luto
2108 4313 2163 4358 et

599 4383 773 4438 Latere
817 4384 1149 4453 aﬂlixerunt,
1182 4397 1237 4441 et
1272 4399 1584 4443 exactorum
1636 4390 1955 4447 crudelitate
2000 4408 2161 4447 vexa-

589 4486 737 4531 runt.
770 4477 840 4529 At
873 4476 990 4532 zelo
1018 4493 1279 4534 accensus
1311 4489 1394 4535 est
1426 4480 1802 4535 universorum
1832 4482 1993 4539 Deus.
2017 4484 2163 4540 Dixit

2264 3496 2350 3548 ὲπ’
2375 3495 2560 3549 αὑτοῦ.
2596 3496 2671 3548 Οὐ
2706 3496 2813 3565 γὰρ
2846 3496 2902 3546 ἐν
2928 3495 3095 3561 τόπῳ,
3127 3494 3222 3547 καὶ
3257 3495 3577 3563 περιγραιρῇ
3609 3494 3672 3545 τὸ
3694 3494 3847 3545 Θείον

2264 3583 2403 3641 εἶναι
2449 3587 2648 3657 φαμὲν,
2690 3587 2772 3639 ὅτι
2822 3586 2916 3639 καὶ
2966 3584 3171 3638 ἁπλοῦν
3213 3587 3329 3637 ἐστι
3382 3586 3479 3637 καὶ
3531 3586 3844 3655 ἀσώματον,

2264 3678 2357 3734 καὶ
2391 3680 2569 3732 πάντα
2595 3678 2853 3749 πληροῦν.
2904 3679 3120 3749 Ἐπειδὴ
3147 3678 3203 3730 δὲ
3229 3680 3343 3741 τοῖς
3368 3678 3484 3731 ἄνω
3515 3678 3845 3748 πνεύμασιν,

2263 3770 2339 3833 ὼς
2378 3768 2553 3835 ἁγίοις
2578 3768 3011 3830 ὲπαναπαύεται,
3042 3768 3301 3838 ταύτῃτοί
3343 3784 3526 3837 φαμεν
3559 3768 3748 3838 θρόνον
3786 3784 3847 3819 τε

2264 3862 2356 3913 καὶ
2377 3856 2525 3913 οἷκον
2546 3861 2710 3914 αὑτοῦ
2741 3862 2833 3914 τὸν
2852 3860 3099 3931 οὐρανόν,
3140 3859 3500 3930 Ἐπίστρεψον
3517 3858 3721 3924 τοίνυν,
3747 3876 3849 3927 φαεν

2266 3954 2349 4005 σίν
2372 3969 2383 3982 ο
2426 3973 2442 4003 ι
2482 3952 2591 4006 Ποῦ
2638 3952 2744 4022 γάρ
2774 3954 2922 4005 ἐστιν
2950 3955 2977 4005 ὁ
3003 3952 3162 4022 ζῆλος
3191 3968 3309 4013 σου,
3335 3953 3430 4005 καὶ
3463 3952 3622 4021 ἰσχύς
3666 3969 3790 4015 ceu;
3822 3970 3841 4001 ι

2264 4045 2374 4099 Καὶ
2410 4044 2472 4096 ού
2506 4044 2569 4113 δή
2612 4061 2715 4097 που
2747 4045 2878 4115 φαίη
2912 4044 2999 4108 ἂν,
3024 4039 3197 4114 οἶμαι,
3229 4044 3332 4107 τις,
3358 4043 3433 4106 ὡς
3451 4038 3523 4114 ἦν
3551 4047 3612 4097 ὲν
3657 4047 3848 4097 σπάνει

2262 4134 2368 4189 τῶν
2390 4134 2644 4188 τοιούτων
2674 4136 2703 4187 ὁ
2726 4136 2835 4189 τῶν
2867 4136 3004 4189 ὅλων
3026 4136 3181 4201 Θεὸς,
3225 4134 3339 4188 ἀλλ’
3367 4134 3442 4197 ὼς
3471 4134 3663 4187 οὐκέτι
3722 4150 3851 4205 μετ-

2265 4226 2483 4296 έχοντες
2529 4227 2707 4282 αὐτῶν
2736 4226 2803 4280 τὰ
2834 4228 3014 4282 τοιάδε
3060 4228 3212 4297 φασί.
3247 4228 3403 4298 Ζήλῳ
3442 4229 3556 4297 γὰρ
3607 4229 3715 4292 ἀεὶ,
3756 4229 3849 4281 καὶ

2266 4317 2410 4387 ίσχύῖ
2455 4320 2520 4388 τῇ
2568 4317 2865 4390 θεοπρεπεί
2895 4318 3175 4390 χρώμενος
3215 4319 3421 4373 σέσωκε
3461 4318 3556 4371 τὸν
3612 4318 3844 4389 Ἰσραήλ.

2264 4402 2388 4459 Οἷόν
2413 4406 2464 4459 τί
2494 4424 2655 4477 φημι,
2688 4407 3095 4462 δεδουλεύκασιν
3121 4407 3439 4477 Αἰγυπτίοις
3462 4409 3514 4461 οἱ
3567 4409 3667 4461 καὶ
3715 4424 3848 4460 κατ-

2264 4495 2559 4560 ωδύνοντες
2586 4499 2764 4551 αὐτῶν
2802 4500 2901 4570 τὴν
2936 4498 3082 4570 ζωὴν
3109 4498 3206 4570 [aL
3250 4498 3556 4554 κατώδυνον
3574 4499 3677 4569 τὴν
3704 4497 3849 4566 ζωὴν

587 4564 813 4634 itaque:
846 4584 864 4617 ι
900 4564 1211 4639 Ᾰέιιιυιειιιιε
1260 4585 1378 4624 sum
1420 4570 1719 4628 Jerusalem
1762 4584 1816 4628 et
1865 4573 1993 4630 Sion
2043 4578 2159 4632 zelo

2264 4586 2462 4659 αὐτῶν]
2525 4587 2699 4659 πηλῷ,
2736 4590 2830 4643 καὶ
2857 4564 3130 4661 ⁷πλινθείᾷ
3155 4628 3170 4653 ,
3218 4591 3313 4643 καὶ
3352 4592 3419 4660 τῇ
3461 4590 3574 4642 τῶν

586 4671 803 4726 magno,
843 4669 897 4712 et
947 4658 1128 4713 furore
1180 4677 1374 4730 magno
1421 4663 1625 4718 irascor
1665 4666 1910 4735 gentibus
1940 4670 2156 4737 consm-

586 4750 857 4804 rantibus.
926 4768 945 4802 ι
985 4750 1088 4806 Pro
1141 4766 1207 4806 eo
1242 4754 1383 4821 quod
1414 4767 1515 4823 ego
1557 4770 1748 4823 parum
1800 4757 1969 4812 iratus
2012 4774 2154 4827 sum,

586 4835 660 4889 illi
697 4840 1075 4907 eonspirarunt
1110 4841 1269 4896 simul
1321 4842 1386 4895 ad
1439 4844 1576 4897 mala
1601 4844 1663 4897 ".
1721 4845 1925 4901 Deinde
1974 4865 2161 4906 rursus

587 4923 857 4978 mirabilia
900 4936 1156 4995 operatus
1199 4940 1304 4983 est.
1350 4929 1769 5000 Babyloniorum
1800 4935 1944 4990 enim
1979 4940 2159 5007 regio-

587 5024 740 5079 nem,
774 5013 899 5068 licet
933 5017 1185 5070 invictam
1217 5029 1271 5073 et
1308 5019 1660 5087 insuperabili
1687 5025 1923 5091 potentia
1968 5029 2161 5095 praedi-

2262 4677 2466 4731 δεστῶν
2491 4680 2736 4749 ὠμότητι
2767 4682 3219 4753 κατατρύχοντες,
3248 4681 3363 4735 ἀλλ’
3387 4681 3664 4752 ἐζήλωσεν
3685 4684 3713 4734 ὁ
3738 4681 3848 4733 τῶν

2262 4769 2399 4822 ὅλων
2424 4768 2575 4832 Θεός.
2616 4770 2759 4841 Ἔφη
2802 4770 2930 4838 γοῦν
2956 4787 2970 4801 ο
3001 4791 3019 4823 ι
3052 4770 3330 4841 Ἑζήλωκα
3352 4770 3451 4840 τὴν
3494 4768 3847 4840 Ἰερουσαλὴμ

2263 4859 2357 4912 καὶ
2397 4859 2495 4930 τὴν
2542 4859 2680 4913 Σιὼν
2706 4862 2866 4932 ζῆλον
2904 4865 3097 4933 μέγαν,
3136 4865 3230 4916 καὶ
3258 4861 3415 4931 θυμῷ
3459 4861 3685 4931 μεγάλῳ
3733 4860 3846 4927 ἑγὼ

2272 4948 2567 5021 ὀργίζομαι
2593 4953 2687 5006 ἐπὶ
2714 4954 2891 5007 πάντα
2932 4954 3001 5006 τὰ
3048 4954 3175 5024 ἔθνη
3220 4954 3289 5006 τὰ
3333 4953 3839 5022 συνεπιτιθέμενα.»

2274 5040 2412 5093 Ἀνθ’
2458 5036 2533 5094 ὧν
2561 5043 2672 5109 ἐγὼ
2705 5044 2802 5113 μὲν
2834 5043 3113 5114 ὠργίσθην
3166 5043 3346 5112 ὀλίγα,
3376 5044 3531 5097 αὐτοὶ
3563 5043 3620 5095 δὲ
3651 5059 3846 5095 συνεπ-

587 5105 720 5163 tam,
763 5102 1002 5156 vastitati
1036 5107 1273 5159 tradidit.
1308 5106 1532 5160 Immisit
1572 5110 1713 5162 enim
1755 5110 1808 5163 in
1835 5126 1927 5165 eos
1954 5115 2153 5183 Cyrum

2264 5126 2442 5183 έθεντο
2471 5132 2550 5193 είς
2579 5102 2743 5184 κακά’
2772 5102 2898 5186 ε’ίτα¹
2924 5102 3086 5187 πάλιν
3113 5102 3400 5203 εἰργάξετο
3438 5137 3508 5184 τὰ
3542 5132 3843 5202 παράδοξα.

586 5188 867 5262 Cambysis
903 5193 1090 5249 filiuni.
1131 5198 1241 5251 llac
1281 5199 1653 5253 misericordia
1689 5202 1793 5255 frui
1827 5205 2109 5272 cupientes
2140 5226 2153 5262 :

590 5297 611 5331 ι
656 5280 753 5337 Ubi
808 5295 967 5350 est,»
1004 5288 1301 5354 inquiunt,¢
1332 5292 1480 5344 zelus
1523 5301 1747 5354 tuus,et
1803 5294 1952 5349 furor
1994 5299 2158 5352 tuus?

585 5371 688 5428 Ubi
735 5384 818 5431 est
864 5378 1147 5435 multitudo
1205 5384 1595 5438 misericordia:
1647 5396 1772 5450 tuae,
1832 5398 1885 5441 et
1928 5390 2155 5443 misera-

2261 5218 2453 5272 Καίτοι
2498 5222 2605 5291 γὰρ
2645 5221 2951 5293 ἄθραυστον
2980 5220 3146 5277 οὖσαν
3190 5223 3289 5293 τὴν
3320 5223 3699 5286 Βαϐυλωνίων,
3749 5223 3847 5274 καὶ

2264 5305 2581 5379 δυσαντὴτῳ
2606 5310 2833 5381 δυνάμει
2853 5314 3160 5385 χρωμένην,
3183 5313 3413 5366 δέδωκεν
3438 5314 3518 5376 είς
3534 5313 3842 5382 ἐρήμωσιν,

2272 5396 2551 5469 Ἐπαφῆκε
2607 5402 2715 5473 γὰρ
2762 5405 2947 5467 αὐτοῖς
3003 5405 3095 5459 τὸν
3140 5404 3442 5475 Καμϐύσου
3484 5402 3685 5473 Κῦρον.
3728 5403 3847 5473 Τῆς

585 5463 787 5521 tionum
856 5478 1101 5540 tuarum,
1147 5473 1272 5543 quia
1322 5475 1629 5530 sustinuisti
1685 5478 1826 5533 nos?
1879 5498 1898 5532 ι
1951 5482 2153 5538 Sitiunt

2264 5463 2512 5561 τοιαύτης
2564 5463 2781 5563 φειδοῦς
2835 5463 3142 5553 ἀπολαῦσαι
3209 5463 3519 5568 γλιχόμενοι
3568 5463 3702 5563 «paci
3744 5463 3848 5548 td;

653 5640 700 5672 "
741 5642 879 5698 Psal.
929 5662 1131 5716 Lxxvu,
1165 5651 1252 5705 52.
1333 5653 1378 5683 "
1408 5652 1638 5710 Zachar.
1674 5672 1713 5723 ι,
1754 5656 1837 5711 Η.

653 5818 730 5887 (1)
778 5819 914 5873 LXX
970 5822 1191 5890 addunt,
1228 5826 1361 5882 ἀλλὰ
1410 5829 1497 5895 σὺ,
1534 5829 1716 5901 Κύριε,
1755 5833 1942 5903 Πατὴρ
1966 5835 2121 5907 ἡμῶν

2264 5852 2323 5889 ἀι
2354 5837 2519 5907 ἡμᾶς.
