4148 6506
363 401 499 458 1395

1487 400 1556 457 IN
1595 401 1827 457 ISAIAM
1866 398 1993 454 LIB.
2035 399 2099 454 V.
2141 398 2376 456 TOMUS
2415 399 2478 453 V.

3477 406 3610 464 1⁸594

361 537 383 571 ε
431 516 538 570 Ποῦ
576 515 693 570 ἐστι
720 515 750 570 6
777 514 939 586 ζῆλός
973 532 1091 582 σου,
1127 517 1219 571 καὶ
1243 519 1271 571 6
1305 517 1474 590 θυμός
1504 535 1632 586 σου;
1671 518 1782 572 Ποῦ
1815 517 1924 570 ἐστι

2034 517 2211 571 denuo
2245 515 2696 583 misericordiam,
2736 524 2792 572 et
2845 517 2898 571 in
2948 515 3131 574 multis
3161 518 3373 577 delictis
3399 525 3613 581 esttibi-

355 609 418 663 τὸ
457 607 665 678 πλῆθος
711 606 805 661 τοῦ
847 606 1028 671 ἐλέους
1058 625 1172 672 σου,
1206 610 1302 663 καὶ
1334 610 1441 664 τῶν
1465 610 1766 683 οἰκτιρμῶν
1816 625 1932 671 σου,

354 701 439 754 ὅτι
472 699 702 770 ἀνέσχου
752 700 944 770 ήμῶνς
999 719 1016 752 ι
1068 702 1274 771 Διψῶσι
1316 703 1374 756 δὲ
1412 704 1574 756 πάλιν
1625 704 1713 756 τὸν
1765 702 1932 764 ἔλεον,

355 788 452 842 καὶ
495 787 594 857 τὴν
636 787 728 840 ἐπὶ.
761 787 980 851 πολλοῖς
1033 790 1442 860 παρα-πτώμασι
1473 791 1718 844 δοθεῖσαν
1750 791 1935 852 αὐτοῖς

354 879 690 952 ἡμερότητα,
743 880 838 933 καὶ
869 880 1297 951 φιλανθρωπίαν.
1347 883 1633 952 Ἢνέσχετο
1680 883 1788 953 γὰρ
1835 883 1936 934 αὑ-

353 971 482 1036 τῶν,
519 971 614 1024 καὶ
640 971 700 1024 οὐ
735 971 988 1043 φορητῶς
1011 971 1120 1023 ἔσθ’
1152 971 1241 1024 ὅτε
1270 974 1717 1044 παροτρυνὸντων
1756 977 1935 1029 αὐτῶν

353 1062 516 1115 αὐτὸν
562 1061 937 1131 κατελάλησαν
984 1062 1043 1114 ἐν
1090 1065 1156 1132 τῇ
1197 1062 1408 1132 ἐρήμῳ,
1445 1064 1536 1115 καὶ
1576 1064 1933 1135 ἐξεπείρασαν

351 1152 513 1205 αὑτὸν
535 1153 592 1206 ὲν
613 1154 734 1217 ταῖς
756 1153 1004 1222 καρδίαις
1025 1152 1203 1206 αὐτῶν
1229 1152 1500 1221 λέγοντες,
1521 1154 1610 1224 Μὴ
1647 1155 1933 1226 δυνήσεται

350 1244 379 1295 6
411 1244 542 1306 Θεὸς
586 1245 872 1313 ἑτοιμάσαι
918 1243 1195 1314 τράπεζαν
1239 1247 1296 1297 ὲν
1341 1247 1551 1316 ἐρήμῳ,
1585 1247 1666 1299 ὅτι
1695 1249 1930 1316 ὲπάταξε

355 1334 586 1403 πέτραν,
636 1333 731 1386 καὶ
780 1333 1052 1404 ἐρρύησαν
1084 1333 1272 1399 ὕδατα,
1306 1336 1399 1389 καὶ
1449 1336 1738 1408 χείμαρροι
1797 1357 1930 1394 κατ-

348 1424 718 1494 εκλύσθησαν;
743 1425 834 1494 Μὴ
865 1430 959 1478 καὶ
980 1427 1144 1497 ἄρτον
1169 1427 1389 1481 δύναται
1413 1428 1597 1481 δοῦναι
1619 1447 1633 1495 ;
1664 1431 1771 1483 Καὶ
1795 1433 1930 1502 πρὸς

347 1513 559 1576 τούτοις
581 1513 660 1566 ἔτι
693 1530 758 1584 με
768 1517 1229 1586 μοσχοποιήκασιν
1258 1516 1486 1579 ἀπόντος
1510 1517 1772 1582 Μωσέως,
1793 1520 1928 1589 πλὴν

347 1605 605 1674 ήλὲηνται
662 1606 1108 1677 παρακαλοῦντος
1170 1609 1357 1662 αὐτοῦ.
1433 1611 1683 1682 Ἀνέσχου
1751 1613 1928 1668 τοίνυν

349 1696 716 1766 ήμῶν,φασὶ,
783 1698 958 1751 καίτοι
1011 1700 1330 1764 πλειστάκις
1385 1706 1923 1773 προσκεκρουκότων.

353 1809 369 1840 ι
410 1791 481 1842 Σὺ
514 1791 622 1860 γὰρ
659 1785 710 1843 εἷ
749 1792 938 1863 Πατὴρ
985 1793 1159 1863 ἡμῶν,
1214 1795 1294 1846 ὅτι
1352 1795 1602 1866 Ἀδραὰμ
1636 1797 1736 1850 οὐκ
1787 1798 1930 1866 ἔγνω

2039 615 2147 660 tam
2203 607 2306 661 sibi
2359 607 2704 662 clementiam
2756 615 2811 661 et
2866 607 3281 662 humanitatem.
3342 611 3611 667 Sustinuit

2035 695 2176 746 enim
2207 708 2300 749 eos
2324 713 2337 748 :
2364 696 2525 748 etiam
2551 710 2671 748 cum
2701 711 3087 766 nonnunquam
3122 697 3296 766 ipsum
3329 701 3609 757 irritarent

2036 785 2463 842 intolerabiliter.
2497 786 2742 842 Oblocuti
2785 796 2908 841 sunt
2942 789 2994 842 in
3029 787 3337 853 solitudine,
3397 802 3452 846 et
3491 801 3609 846 ten-

2037 882 2219 928 tarunt
2264 875 2439 943 ipsum
2484 876 2536 929 iu
2571 877 2825 931 cordibus
2854 879 2988 942 suis,
3019 879 3264 934 dicentes
3295 899 3308 934 :
3341 881 3475 934 Num
3510 897 3608 952 po-

2037 962 2164 1016 terit
2195 963 2333 1018 Deus
2373 979 2565 1032 parare
2595 981 2834 1020 mensam
2878 966 2930 1019 in
2964 967 3291 1025 solitudine?
3325 973 3449 1041 quia
3484 988 3605 1042 pcr-

2033 1055 2206 1110 cussit
2262 1064 2504 1123 petram,
2553 1065 2608 1110 et
2660 1055 2933 1112 ﬂuxerunt
2989 1074 3179 1130 aqua:,
3231 1074 3285 1117 et
3336 1074 3605 1123 torrentes

2034 1149 2449 1204 inundaverunt.
2466 1147 2604 1202 Num
2622 1157 2673 1204 et
2694 1165 2884 1218 panem
2909 1155 3109 1221 poterit
3129 1156 3292 1211 dare?
3312 1157 3600 1224 Praeterea.

2033 1239 2216 1310 Moyse
2233 1241 2475 1307 absente,
2501 1239 2728 1293 vitulum
2761 1239 3181 1308 fabricaveram,
3205 1259 3599 1316 verumtamen,

2031 1345 2095 1385 eo
2129 1340 2368 1400 rogante,
2405 1331 2837 1386 misericordiam
2877 1334 3154 1388 consecuti
3196 1346 3342 1390 sunt.
3383 1339 3603 1396 Sustine

2032 1421 2197 1488 igitur
2223 1437 2338 1487 nos,
2361 1421 2630 1489 inquiunt,
2659 1422 2870 1477 etiamsi
2897 1424 3172 1479 tnultoties
3197 1425 3597 1483 offenderimus.

2034 1530 2054 1562 ε
2097 1509 2174 1562 Tu
2224 1513 2367 1564 enim
2409 1527 2466 1567 es
2497 1511 2660 1566 Pater
2705 1523 2913 1580 noster,
2963 1515 3088 1583 quia
3136 1515 3410 1570 Abraham
3461 1521 3600 1574 haud

2031 1601 2180 1654 novit
2213 1617 2332 1664 nos,
2367 1611 2422 1655 et
2453 1602 2616 1658 Israel
2646 1617 2750 1657 non
2780 1605 3028 1674 cognovit
3052 1621 3170 1662 nos.
3207 1626 3226 1658 ι
3255 1606 3370 1662 Non
3403 1619 3602 1678 negant

2029 1699 2230 1758 patres.
2267 1691 2462 1745 Parum
2499 1707 2732 1762 namque
2772 1696 2984 1762 prolicit
3019 1697 3121 1752 hoc
3165 1699 3232 1752 ad
3279 1700 3601 1767 resipiscen-

2030 1782 2158 1835 tium
2188 1799 2205 1836 :
2238 1798 2341 1836 nou
2381 1785 2524 1838 enim
2559 1785 2716 1854 ejecti
2758 1794 2884 1839 sunt
2914 1797 3132 1856 propter
3179 1789 3326 1854 illos,
3361 1791 3454 1844 sed
3497 1791 3598 1846 tri-

343 1882 514 1950 ἡμᾶς,
549 1882 641 1934 καὶ
681 1861 1017 1952 Ἰσραὴλ-οὐκ
1039 1885 1253 1952 ἐπέγνω
1287 1861 1463 1956 ήμᾶςξ
1497 1907 1514 1938 ι
1558 1861 1671 1942 ὸύκ
1701 1861 1924 1960 ἀρνοῦν-

2031 1872 2200 1926 buunt
2230 1874 2412 1942 potius
2448 1875 2560 1928 Deo
2590 1881 2793 1931 amanti
2827 1877 3112 1944 bonorum,
3141 1881 3284 1948 quod
3316 1881 3518 1949 pietate
3541 1890 3602 1936 et:

342 1987 434 2024 ται
462 1973 585 2034 τοὺς
615 1974 876 2044 πατέρας.
913 1976 1226 2038 Ἀσυντελὲς
1257 1978 1363 2047 γὰρ
1392 1977 1551 2031 τοῦτο
1576 1980 1762 2043 αὐτοῖς
1793 1981 1927 2052 πρὸς

347 2060 710 2129 μετάγνωσιν.
743 2063 817 2116 Οὐ
858 2063 966 2134 γὰρ
994 2063 1358 2134 ἑκϐἐὸληνται
1387 2067 1455 2120 δι’
1485 2069 1701 2134 αὐτοὺς,
1735 2072 1925 2124 amvi-

347 2167 509 2216 μουσι
543 2150 599 2202 δὲ
633 2150 831 2220 μᾶλλον
856 2151 934 2222 τῷ
983 2153 1269 2224 φιλαγάθῳ
1314 2155 1434 2226 Θεῷ
1473 2159 1534 2210 τὺ
1587 2159 1928 2213 πλεονεκτεῖν

342 2238 425 2300 εἰς
463 2238 865 2309 φιλοστοργίαν,
909 2241 1004 2292 καλ⁸
1051 2241 1177 2304 τοὺς
1229 2243 1368 2295 κατὰ
1416 2245 1595 2316 σάρκα
1642 2247 1924 2319 πατέραςο

352 2328 542 2400 Πατὴρ
598 2330 709 2400 γάρ
761 2333 876 2383 ἐστι
930 2333 1183 2403 πατέρων
1221 2334 1317 2404 (1).
1366 2336 1674 2408 Γεγόναμεν
1718 2339 1827 2412 γὰρ
1866 2341 1927 2405 ἐξ

343 2420 542 2487 αὐτῶν,
593 2424 748 2492 φασὶ,
772 2426 912 2496 πλὴν
956 2428 1016 2479 οὐ
1067 2427 1353 2481 τεθέανται
1401 2431 1567 2500 ἡμᾶς.
1601 2431 1672 2482 Σύ
1713 2449 1776 2499 γε
1819 2432 1924 2503 μὴν

342 2513 403 2564 οῦ
433 2513 778 2579 διαλέλοιπας
813 2519 912 2587 τὴν
957 2519 1132 2588 Πατρὶ
1176 2519 1252 2588 τῷ
1283 2519 1554 2588 φιλόπαιδι
1607 2523 1925 2592 πρέπουσαν

343 2603 422 2665 είς
453 2604 600 2673 ἡμᾶς
625 2606 944 2670 ἀποσὼζων,
980 2610 1074 2661 καὶ
1109 2609 1296 2678 φειδῶ,
1330 2611 1423 2662 καὶ
1447 2611 1686 2682 ἀγάπην.
1736 2613 1923 2665 Ῥῦσαι

341 2694 524 2747 τοίνυν
557 2697 738 2766 ἡμᾶς’
775 2697 1046 2770 ἐπεκλήθη
1093 2699 1199 2770 γὰρ
1234 2703 1364 2771 ἡμῖν
1402 2702 1464 2754 τὸ
1495 2702 1663 2772 ὄνομα
1697 2704 1758 2756 τὸ
1791 2703 1879 2756 σόν
1906 2721 1922 2734 ο

341 2787 545 2858 κλῆρος
580 2789 688 2859 γάρ
735 2809 850 2854 σου,
905 2793 1000 2845 καὶ
1047 2792 1173 2856 λαὸς
1219 2796 1651 2865 χρηματίζομεν.
1700 2796 1922 2867 Ἐπειδὴ

341 2877 396 2930 δὲ
431 2878 518 2931 διὰ
555 2880 753 2951 πολλὴν
782 2881 1082 2947 ἀπείθειαν,
1120 2883 1213 2935 καὶ
1258 2886 1550 2951 σκαιότητα
1579 2886 1794 2957 τρόπων
1821 2891 1922 2958 ἐμ-

345 2968 758 3037 παροινίσαντες
801 2971 880 3041 τῷ
939 2974 1158 3044 Χριστῷ
1207 2974 1596 3028 ἐκπεπτώκασι
1642 2975 1744 3046 τῆς
1787 2978 1924 3047 πρὸς

344 3059 507 3112 αὑτὸν
534 3061 882 3131 οἰκειότητος,
917 3066 1290 3134 πνευματικῆς
1308 3064 1568 3134 δηλονότι,
1606 3067 1699 3119 καὶ
1717 3067 1928 3137 αάμέτο-

342 3167 428 3220 χοι
467 3152 720 3219 γεγόνασι
767 3153 878 3206 τῶν
925 3156 1056 3226 παρ’
1089 3157 1251 3209 αὑτοῦ
1278 3159 1651 3226 χαρισμάτων,
1683 3160 1777 3212 καὶ
1822 3160 1924 3230 τῆς

341 3241 704 3311 εὐαγγελικῆς
737 3243 1010 3308 πολιτείας
1039 3247 1138 3299 οὐκ
1189 3245 1430 3314 ἔγνωσαν
1461 3248 1560 3319 τὴν
1595 3249 1734 3303 ὁδόν·
1781 3252 1917 3305 ταύ-

341 3347 515 3402 τῃτοι,
539 3334 630 3389 καὶ
681 3335 823 3403 μάλα
846 3336 1098 3397 εἰκότως,
1135 3335 1460 3406 θρηνοῦντες
1505 3341 1685 3406 φασίν·
1717 3341 1834 3394 ’Ὶνα
1865 3341 1920 3395 τί

341 3424 652 3496 ὲπλάνησας
683 3426 790 3480 ἀπὸ
821 3428 921 3497 τῆς
958 3426 1077 3480 ὁδοῦ
1110 3445 1224 3492 σου,
1257 3429 1593 3501 ὲσκλήρυνας
1637 3433 1669 3501 ή
1680 3431 1796 3502 μῶν
1822 3433 1920 3504 τὴν

340 3519 593 3589 καρδίαν,
621 3517 715 3570 τοῦ
758 3517 832 3589 μὴ
858 3518 1137 3586 φοϐεῖσθαί
1173 3535 1233 3572 σε
1253 3537 1267 3584 ;
1288 3521 1651 3593 Ἑσκλήρυναν
1687 3523 1786 3593 μὲν
1813 3523 1925 3598 γὰρ

341 3608 496 3662 αὐτοὶ
543 3608 642 3671 τὰς
687 3607 898 3661 ἑαυτῶν
951 3607 1196 3678 καρδίας.
1238 3609 1466 3679 Είρηται
1497 3610 1627 3679 γοῦν
1660 3612 1796 3682 πρὸς
1823 3613 1922 3666 αὐ-

338 3702 466 3764 τοὺς
490 3698 576 3753 διὰ
604 3699 704 3765 τῆς
731 3697 826 3752 τοῦ
866 3699 1146 3769 προφήτου
1180 3698 1384 3768 φωνῆς·
1421 3719 1439 3748 ι
1464 3700 1802 3771 Διαρῤήξατε
1822 3702 1922 3765 τὰς

342 3790 568 3860 καρδίας
583 3787 756 3858 ὑμῶν,
779 3787 872 3840 καὶ
892 3785 966 3858 μὴ
994 3787 1062 3842 τὰ
1097 3788 1291 3857 ἱμάτια
1307 3787 1482 3857 ὑμῶν.
1513 3806 1530 3840 ι
1570 3789 1715 3859 Πλὴν
1745 3807 1920 3843 κατα·

341 3880 613 3947 μαλθάξαι
659 3879 958 3947 δυνάμενος
1000 3878 1028 3930 6
1059 3877 1169 3932 τῶν
1204 3877 1341 3932 ὅλων
1388 3878 1541 3943 θεὸς,
1594 3880 1777 3951 ἀπηνῆ
1827 3881 1922 3934 καὶ

337 3973 642 4042 ἄθραυστον
701 3969 846 4040 ἔχειν
908 3970 1104 4034 αὐτοὺς
1156 3967 1550 4040 συγκεχώρηκε
1606 3969 1751 4023 νοῦν.
1809 3971 1920 4023 Καὶ

337 4063 543 4135 ταύτης
573 4063 734 4116 ἕνεκα
765 4062 867 4132 τῆς
897 4061 1094 4126 αἰτίας,
1127 4062 1209 4114 ὅτι
1236 4060 1311 4131 μὴ
1341 4061 1621 4131 τρυφερὰς
1643 4062 1922 4132 ἀπέφηνεν

2029 1965 2360 2034 indulgentia
2449 1967 2616 2020 etiam
2671 1968 2920 2023 carnales
2974 1980 3158 2038 patres
3213 1981 3450 2039 superet.
3503 1972 3598 2027 Est

2026 2059 2168 2112 enim
2206 2056 2366 2112 Pater
2393 2067 2630 2126 patrum.
2680 2059 2802 2114 Nati
2831 2061 3044 2129 quidem
3085 2077 3291 2127 smnus,
3326 2064 3597 2133 inquiunt,

2025 2163 2090 2203 ex
2122 2148 2228 2202 illis
2254 2162 2268 2200 :
2299 2154 2357 2202 at
2395 2163 2499 2201 non
2533 2148 2782 2202 viderunt
2811 2165 2930 2204 nos.
2959 2149 3038 2204 Tu
3071 2161 3250 2208 autem
3289 2169 3392 2208 non
3425 2155 3596 2210 inter-

2027 2239 2221 2293 misisti
2263 2239 2689 2293 miscricordiam
2729 2249 2784 2295 et
2816 2257 3056 2296 amorem
3107 2244 3157 2298 in
3202 2260 3300 2299 nos
3347 2257 3500 2315 patre
3541 2255 3599 2300 et

2026 2329 2320 2383 liberorum
2351 2338 2568 2384 amante
2590 2329 2812 2399 dignum
2843 2333 3094 2388 retinere.
3122 2334 3259 2388 Erue
3285 2337 3445 2404 igitur
3475 2353 3593 2392 nos.

2025 2418 2254 2473 Nomine
2282 2421 2427 2473 enim
2467 2429 2558 2473 tuo
2587 2420 2762 2474 vocati
2803 2437 3016 2487 sumus,
3045 2438 3109 2478 ac
3145 2439 3267 2479 sors
3299 2435 3386 2479 tua
3415 2436 3468 2480 et
3501 2441 3598 2494 po-

2026 2510 2181 2580 pulus
2212 2520 2338 2564 tuus
2369 2526 2770 2581 nuncupamur.
2799 2511 2874 2566 At
2909 2514 3164 2582 quoniam
3197 2525 3414 2584 propter
3457 2517 3602 2573 mul-

2027 2612 2136 2657 tam
2158 2602 2577 2657 inohedientiam
2596 2613 2652 2658 et
2670 2605 2947 2660 sinistram
2971 2606 3230 2660 malitiam
3254 2607 3305 2660 in
3319 2599 3594 2660 Christum

2023 2695 2273 2750 bacchati
2313 2704 2476 2760 sunt,
2517 2697 2838 2752 exciderunt
2885 2699 3261 2768 conjunctione
3299 2715 3419 2768 qua:
3470 2715 3595 2754 cum

2024 2787 2140 2855 ipso
2172 2796 2277 2847 cst.
2307 2787 2577 2855 spirituali
2624 2789 2895 2857 videlicet,
2933 2798 2989 2845 et
3024 2790 3141 2859 ejus
3187 2791 3452 2844 donorum
3498 2805 3598 2844 ex-

2022 2887 2202 2949 pertes
2236 2878 2475 2946 fuerunt,
2516 2881 2768 2950 viamque
2801 2881 3128 2950 evangelicae
3161 2883 3596 2937 conversationis

2023 2970 2167 3025 haud
2214 2982 2497 3026 noverunt.
2548 2971 2684 3026 Hinc
2720 2973 3072 3028 meritissimo
3121 2972 3308 3027 ﬂentes
3349 2973 3533 3026 dicunt
3570 2992 3590 3028 :

2023 3059 2203 3126 Quare
2233 3061 2496 3115 seduxisti
2534 3077 2654 3126 nos,
2681 3062 2925 3128 Domine,
2959 3078 2988 3117 a
3018 3065 3104 3117 via
3147 3062 3272 3116 tua?
3311 3063 3595 3118 obdurasti

2025 3150 2190 3206 corda
2237 3160 2440 3216 nostra,
2477 3168 2544 3206 ne
2587 3153 2903 3209 timeremus
2949 3154 3036 3209 te?
3064 3153 3412 3209 Obdurarunt
3448 3153 3593 3209 enim

2025 3258 2122 3298 sua
2171 3244 2407 3310 ipsorum
2455 3245 2622 3314 885
2665 3246 2850 3300 corda.
2896 3243 3082 3312 Itaque
3110 3247 3313 3300 dictum
3356 3256 3441 3299 est
3486 3246 3602 3301 illis

2025 3348 2160 3388 voce
2200 3335 2476 3403 prophetae
2505 3353 2520 3388 :
2556 3354 2574 3386 ι
2617 3335 2942 3405 Disrumpite
2979 3338 3142 3390 corda
3175 3345 3374 3400 vestra.
3401 3346 3456 3392 et
3485 3351 3598 3391 non

2026 3425 2347 3479 vestimenta
2382 3436 2560 3480 vestra
2579 3427 2650 3479 ’⁷.
2684 3444 2703 3478 ι
2739 3425 2936 3481 Verum
2967 3442 3089 3481 cum
3119 3427 3362 3482 emollire
3391 3429 3597 3495 potuis-

2024 3525 2110 3569 set
2157 3517 2527 3570 universorum
2572 3515 2746 3580 Deus.
2789 3517 3034 3586 permisit
3087 3517 3194 3571 illis
3243 3526 3301 3571 ut
3349 3528 3587 3572 mentem

2023 3605 2359 3675 praefractam
2387 3607 2648 3662 haberent
2688 3617 2742 3663 et
2763 3618 3159 3663 contumacem.
3181 3609 3297 3664 Hac
3317 3610 3382 3664 de
3405 3625 3600 3676 causa,

2025 3699 2154 3766 quia
2185 3707 2368 3753 tenera
2406 3707 2460 3753 et
2489 3699 2669 3754 mollia
2705 3700 2820 3769 ipsa
2851 3715 2957 3755 non
2989 3701 3243 3766 reddidit,
3275 3701 3391 3769 ipse
3422 3702 3596 3756 obdu-

2024 3803 2149 3843 rare
2176 3789 2395 3844 dicitur.
2430 3790 2637 3856 Quibus
2671 3801 2848 3845 autem
2881 3792 2982 3848 hoc
3021 3793 3239 3856 accidit,
3263 3793 3348 3848 his
3373 3791 3602 3847 omnino

2022 3895 2243 3936 necesse
2271 3890 2356 3937 est
2394 3881 2536 3935 aliud
2573 3881 2850 3950 obvenire,
2886 3893 2971 3948 ut,
3019 3883 3274 3952 inquam,
3305 3883 3402 3939 Dei
3447 3892 3603 3937 metu

2022 3981 2262 4026 careant.
2300 3973 2523 4040 Spectat
2569 3987 2785 4042 quoque
2834 3976 2935 4028 hoc
2975 3974 3042 4028 ad
3093 3975 3396 4040 interitum,
3439 3985 3494 4028 et
3539 3974 3596 4027 in

2024 4061 2347 4130 profundum
2381 4062 2577 4118 inferni
2610 4064 2822 4118 animas
2851 4065 3121 4119 deturbat.

337 4157 527 4219 αὐτὰς,
558 4155 718 4217 αὐτὸς
762 4153 1062 4224 σκληρῦναι
1106 4153 1342 4222 λέγεται,
1391 4158 1505 4218 τοῖς
1552 4155 1609 4208 δὲ
1655 4156 1812 4209 τοῦτο
1878 4157 2166 4210 πεπονθόσι
2207 4157 2359 4211 πᾶσά
2404 4173 2520 4220 πως
2562 4157 2776 4228 ἀνάγκη
2843 4157 3029 4211 καὶτὸ
3082 4159 3269 4229 ἕτερον
3314 4155 3590 4216 ἐπελθεῖν,

339 4247 482 4318 φημὶ
507 4247 570 4317 δὴ
603 4246 664 4300 τὸ
694 4245 797 4311 ἔξω
823 4245 920 4299 τοῦ
950 4244 1094 4299 θείου
1116 4245 1370 4315 γενέσθαι
1439 4246 1625 4316 φόϐου.
1658 4247 1852 4300 Βλέπει
1888 4249 1945 4302 δὲ
2013 4247 2173 4302 τοῦτο
2202 4248 2339 4320 πρὸς
2376 4247 2618 4317 ὄλεθρον,
2663 4250 2758 4302 καλ⁸
2790 4251 2868 4316 εἰς
2902 4249 3170 4322 πέταυρον
3201 4248 3327 4319 ᾅδου
3358 4264 3595 4301 κατακο-

342 4339 488 4412 μίζει
525 4339 718 4410 ψυχάς.

3130 4361 3137 4369 ο

309 4487 318 4510 ι
425 4430 823 4499 Ἑπίστρεψον
865 4430 963 4485 διὰ
1008 4431 1150 4496 τοὺς
1193 4429 1455 4500 δούλους
1498 4447 1633 4498 σου,
1669 4433 1767 4488 διὰ
1813 4435 1919 4500 τὰς

2097 4425 2260 4480 Vens.
2315 4425 2536 4487 18,“19.
2599 4425 2908 4480 Convertere
2961 4433 3172 4492 prapter
3228 4442 3402 4480 servos
3447 4439 3596 4493 tuos,

339 4522 540 4592 φυλὰς
570 4520 681 4589 τῆς
712 4523 1116 4590 κληρονομίας
1147 4538 1286 4584 σου,
1314 4524 1415 4576 ἵνα
1441 4527 1658 4593 μικρόν
1686 4543 1740 4578 τι
1773 4530 1916 4593 κλη-

330 4613 767 4683 ρονομήσωμεν
798 4613 905 4667 τοῦ
949 4613 1126 4681 ὅρους
1164 4613 1268 4667 τοῦ
1301 4614 1474 4682 ἁγίου
1507 4631 1636 4670 σου,
1686 4617 1917 4686 Ἐγενό-

333 4707 488 4773 μεθα
515 4705 596 4770 ὠς
616 4705 679 4758 τὸ
712 4703 812 4758 ἀπ’
834 4702 1046 4772 ἀρχῆς.
1077 4703 1176 4756 ὅτε
1203 4705 1314 4756 οὐκ
1339 4700 1528 4773 ἦρξας
1560 4705 1745 4775 ἡμῶν,
1773 4706 1916 4760 οὐδὲ

339 4795 646 4863 ἐπεκλήθη
689 4794 755 4848 τὸ
790 4793 976 4863 ὄνομά
1009 4809 1124 4848 σου
1161 4795 1252 4862 ἐφ’
1283 4795 1455 4862 ἡμᾶς.

411 4887 632 4940 Δίτοῦσι
667 4887 828 4940 πάλιν
876 4887 976 4958 τὴν
1017 4887 1152 4958 πρὸς
1181 4887 1378 4949 αὐτοὺς
1425 4887 1779 4959 ἐπιστροφὴν,
1815 4887 1914 4959 τὴν

342 4977 434 5030 διά
463 4993 526 5046 γε
556 4978 698 5047 φημὶ
716 4977 1076 5048 γαληνότητα,
1099 4978 1194 5030 καὶ
1222 4975 1650 5048 φιλανθρωπίαν.
1686 4977 1917 5043 Δούλους

343 5068 403 5121 es
450 5070 544 5122 καὶ
573 5068 772 5138 κλῆρον
819 5065 955 5121 εἶναι
989 5068 1174 5137 φασίνο
1220 5068 1318 5140 οὐχ
1356 5067 1432 5131 ὡς
1477 5069 1818 5140 πεπραχότες
1863 5088 1918 5122 τι

342 5160 729 5229 δουλοπρεπὲς,
763 5161 931 5228 ήγουν
972 5163 1089 5218 ταῖς
1116 5159 1280 5213 αὑτοῦ
1313 5159 1564 5227 ζεύγλαις
1594 5161 1920 5230 ὑποσχόντες

341 5249 435 5304 τὸν
467 5251 691 5320 αὐχένα,
736 5250 850 5303 ἀλλ’
891 5248 1010 5301 οὐδὲ
1039 5249 1114 5312 ὡς
1156 5249 1433 5313 τελοῦντες
1469 5252 1548 5313 είς
1583 5250 1781 5321 κλῆρον
1825 5251 1917 5303 τὸν

345 5341 716 5412 ὲκνεμηθέντα
745 5341 891 5409 αὐτῷ
919 5340 1311 5409 μελετήσαντες
1339 5342 1398 5394 τὸ
1427 5341 1657 5412 εὐήνιον.
1701 5342 1917 5413 Ἐπειδὴ

344 5431 402 5484 δὲ
431 5431 577 5498 ἅπαξ
609 5433 1076 5502 κεχρηματίκασιν
1109 5432 1292 5498 αὐτοῦ,
1331 5435 1420 5486 καὶ
1454 5433 1554 5505 τὴν
1589 5433 1725 5504 πρὸς
1754 5433 1918 5486 αὐτὸν

419 5608 464 5640 ’⁷
497 5606 630 5662 Juel.
659 5624 718 5672 ll,
761 5609 841 5662 l3.

422 5786 500 5857 (1)
534 5788 615 5842 ΑΙ.
659 5804 998 5858 πνευματων.

2018 4527 2229 4585 propter
2255 4517 2424 4570 tribus
2452 4517 2771 4571 haereditotis
2799 4525 2924 4580 tua,
2953 4526 3010 4568 ut
3033 4517 3296 4570 modicum
3322 4521 3590 4582 possidea-

2017 4623 2134 4660 mur
2159 4610 2348 4660 montis
2373 4608 2543 4660 sancti
2564 4607 2663 4659 tui.
2684 4603 2840 4659 Facti
2870 4622 3050 4659 sumus
3080 4607 3214 4659 sicut
3250 4624 3283 4659 a
3307 4608 3587 4677 principio,

2019 4701 2232 4768 quando
2263 4714 2366 4752 non
2395 4697 2740 4751 dominarerie
2769 4697 2957 4760 nostri,
2992 4712 3154 4767 neque
3182 4698 3479 4752 invocatum
3510 4709 3591 4754 eu

2024 4805 2208 4843 nomen
2242 4798 2388 4842 tuum
2417 4804 2573 4856 super
2603 4803 2716 4840 nos.

2095 4882 2289 4935 lterum
2326 4890 2513 4950 petunt
2543 4889 2600 4932 ut
2633 4879 2818 4934 redeat
2857 4879 2924 4932 ad
2968 4893 3049 4943 se,
3083 4894 3179 4949 per
3216 4881 3596 4945 serenitatem,

2019 4975 2264 5043 inquam,
2301 4978 2357 5025 et
2397 4972 2810 5025 humanitatem.
2869 4971 3070 5025 Servos
3113 4981 3166 5024 et
3213 4971 3590 5026 lmreditatem

2021 5080 2142 5118 esse
2175 5063 2362 5117 dicunt
2388 5077 2466 5128 se,
2493 5077 2596 5115 non
2622 5063 2772 5129 quasi
2808 5059 3016 5130 aliquid
3047 5061 3186 5130 quod
3213 5077 3401 5118 servos
3430 5065 3585 5118 decet

2021 5156 2254 5226 egerint,
2295 5163 2388 5208 aut
2419 5153 2684 5207 cervicem
2719 5152 2838 5222 ejus
2878 5152 3008 5222 jugo
3053 5161 3448 5222 supponerent,
3483 5168 3586 5207 nec

2028 5247 2168 5316 quod
2204 5246 2517 5302 haereditate
2547 5244 2634 5298 illa
2667 5244 2816 5311 potiti
2849 5250 3172 5313 praestarent
3199 5244 3588 5308 obedientiam,

2025 5339 2118 5394 sed
2158 5339 2282 5409 quia
2324 5338 2485 5394 semel
2519 5335 2636 5405 ejus
2683 5337 2812 5392 dicti
2854 5346 3010 5401 sunt,
3049 5345 3105 5390 et
3151 5336 3590 5404 conjunctionem

2023 5449 2145 5489 cum
2187 5435 2304 5503 ipso
2332 5433 2397 5487 ab
2424 5432 2578 5487 initio
2612 5431 2963 5501 intimamquc
2993 5427 3448 5486 necessitudinem
3492 5426 3584 5481 ba-
