4148 6488
639 383 777 440 i395

1621 380 1679 434 S.
1721 379 1993 436 CYRILLI
2032 383 2503 438 ALEXANDRINI
2545 381 2859 438 AllCHlEP.

3748 384 3882 439 i396

635 498 887 556 buerunt,
918 502 1135 566 propter
1160 495 1261 549 hoc
1299 502 1353 548 et
1391 495 1606 563 quidem
1651 497 1821 552 solum
1871 501 2075 554 servari
2110 516 2191 569 pe-

2302 504 2606 569 οἰκειότητα
2651 504 3090 573 πεπλουτήκασιν
3121 503 3180 557 ἐν
3209 502 3426 575 ἀρχαῖς,
3458 500 3544 555 διὰ
3584 500 3748 554 τοῦτο
3793 519 3887 556 και

577 632 585 649 ,
640 598 776 643 tunt.
814 607 830 638 ι
873 586 1165 642 Revertere
1196 590 1363 649 enim,
1400 585 1592 653 inquit,
1628 597 1685 640 ut
1725 590 1990 645 modicum
2027 593 2200 660 possi-

636 679 861 733 deamus
930 676 1126 731 montis
1178 677 1352 730 sancti
1409 678 1505 729 tui.
1560 696 1578 729 ι
1641 678 1870 733 Montem
1926 694 2197 746 sanctum,

635 768 931 823 Ecclesiam
961 768 1146 822 dicunt
1174 781 1542 833 szepennmero
1574 783 1741 822 sacrae
1770 768 1981 823 Littenc
2007 789 2019 824 :
2049 772 2198 838 cujus

637 860 825 925 exigua
851 860 1092 927 quaedam
1118 858 1291 927 portio
1315 861 1639 913 exstiterunt
1666 860 1938 914 Israelita).
1968 861 2022 915 Si
2054 865 2197 917 enim

634 951 983 1005 admisissent
1032 950 1191 1004 [idem
1237 965 1355 1017 qua:
1395 959 1476 1004 est
1521 950 1573 1003 in
1623 951 1903 1005 Dominum
1958 964 2196 1008 nostrum

630 1040 813 1098 Jesum
852 1041 1149 1107 Christum,
1190 1040 1445 1095 Ecclesiae
1488 1050 1661 1096 cretus
1709 1058 1898 1112 magna
1946 1058 2010 1095 ex
2049 1054 2198 1110 parte

632 1149 699 1189 ex
737 1134 841 1187 illis
880 1142 1099 1187 coactus
1140 1133 1370 1188 fuisset:
1404 1136 1652 1202 adjuncta
1706 1135 1833 1203 ipsis
1871 1136 2032 1188 etiam
2068 1152 2186 1201 geu-

634 1226 765 1279 tium
804 1225 1165 1279 multitudine.
1221 1224 1325 1278 Sed
1365 1226 1618 1293 quoniam
1667 1235 1883 1294 propter
1933 1226 2193 1293 insignem

633 1314 1053 1368 inobedieutiam
1097 1317 1425 1381 posteriores
1465 1316 1709 1386 gentibus
1765 1316 1887 1370 facti
1938 1327 2095 1379 sunt,
2143 1326 2196 1371 et

632 1402 844 1454 illarum
881 1405 1032 1455 turha
1071 1413 1151 1457 est
1198 1406 1559 1466 numerosior,
1600 1405 1651 1457 hi
1694 1415 1869 1458 autem
1911 1406 2064 1473 pauci
2098 1409 2189 1459 ad-

632 1492 847 1545 modmn
871 1508 884 1544 :
905 1492 1153 1558 (servata:
1176 1504 1301 1545 sunt
1332 1496 1471 1548 enim
1505 1494 1741 1561 reliquis.-
1767 1512 1780 1546 :
1806 1496 1874 1563 ’⁸)
1913 1506 2193 1564 propterea

628 1584 876 1652 exiguam
910 1585 1208 1652 portionem
1250 1584 1298 1636 in
1337 1595 1517 1639 monte
1548 1596 1753 1649 sancto,
1792 1587 1842 1639 id
1868 1596 1967 1650 est,
2005 1588 2055 1640 in
2091 1588 2193 1640 Ec-

628 1674 814 1737 clesia,
854 1675 1232 1742 possederunt.
1264 1673 1319 1728 Si
1352 1675 1473 1741 quis
1502 1684 1680 1727 autem
1716 1676 1856 1729 dicat
1884 1691 2189 1745 supremam

628 1760 927 1823 civitatem,
961 1762 1236 1816 caelestem
1278 1763 1596 1828 Ecclesium,
1629 1773 1937 1819 sanctorum
1965 1776 2189 1819 matrem

2311 593 2472 661 μόνον
2506 593 2782 656 αἰτοῦντες
2804 593 2865 646 τὸ
2893 592 3159 656 σώζεσθαι
3182 609 3193 620 ·
3236 610 3253 641 ι
3311 590 3669 661 Ἐπίστρεψον
3694 590 3826 659 γὰρ,
3860 609 3879 641 ι

2307 684 2493 753 φησὶν,
2533 704 2549 734 ι
2590 685 2678 737 ἵνα
2706 684 2899 754 μικρόν
2952 701 3000 736 τι
3046 683 3539 754 κληρονομήσωμεν
3580 682 3676 736 τοῦ
3725 682 3884 753 ὅρους

2304 773 2399 825 τοῦ
2430 774 2606 841 ἀγίου.
2646 792 2664 824 ›
2706 775 2870 843 Ὅρος
2919 773 3014 841 μὲν
3052 768 3144 825 οῦν
3195 773 3349 839 ἅγιον
3398 772 3495 842 τὴν
3553 772 3884 843 Ἐκκλησίαν

2304 864 2628 933 πλεισταχοῦ
2673 881 2804 935 φησι
2838 864 2898 916 τὸ
2936 866 3172 934 Γράμμα
3216 864 3276 916 τὸ
3315 863 3474 933 ἰερδν,
3513 877 3583 934 ης
3626 864 3882 930 γεγόνασι

2305 954 2476 1024 βραχύ
2495 973 2547 1006 τι
2580 955 2743 1023 μέρος
2770 955 2818 1007 οἱ
2838 955 2895 1019 ἐξ
2921 954 3135 1024 Ἰσραήλ
3154 970 3168 983 ⁸
3199 955 3247 1005 εἰ
3267 952 3486 1022 μὲνγὰρ
3517 951 3882 1021 παρεδέξαντο

2303 1040 2399 1109 τὴν
2451 1041 2654 1103 πίστιν,
2698 1041 2794 1110 τὴν
2845 1042 2922 1103 εἰς
2965 1041 3057 1093 τὸν
3108 1040 3311 1107 Κύριον
3348 1041 3499 1109 ήμῶν
3549 1039 3759 1105 Ἰησοῦν
3794 1041 3881 1091 τὸν

2303 1128 2557 1198 Χριστὸν,
2592 1130 2961 1198 συναγήγερτο
2978 1128 3044 1181 ἂν
3070 1130 3127 1194 ἐξ
3142 1131 3321 1182 αὑτων
3351 1132 3428 1192 εἰς
3464 1130 3597 1182 πολύ
3627 1148 3681 1182 τι
3716 1132 3879 1200 μέρος

2304 1218 2402 1283 τῆς
2443 1218 2764 1288 Ἐκκλησίας
2812 1221 2874 1272 τὸ
2922 1222 3192 1289 σύστημα,
3225 1220 3755 1291 προσεπενεχθείσης
3785 1224 3877 1273 αὑ-

2300 1309 2414 1368 τοῖς
2467 1308 2561 1360 καὶ
2598 1308 2698 1377 τῆς
2740 1312 2848 1361 τῶν
2898 1310 3065 1363 ἐθνῶν
3104 1312 3361 1380 πληθύος.
3422 1312 3638 1381 Ἐπειδὴ
3686 1312 3746 1363 δὲ
3793 1312 3879 1365 διὰ

2303 1398 2503 1466 πολλὴν
2536 1400 2817 1454 ἀπείθειαν
2850 1401 3077 1454 κατόπιν
3111 1403 3365 1470 γεγόνασι
3409 1403 3516 1454 τῶν
3562 1402 3755 1467 ἐθνῶν,
3787 1405 3876 1456 καὶ

2301 1488 2536 1559 ἀριθμοῦ
2569 1492 2668 1560 μὲν
2700 1492 2962 1560 κρείττων
2998 1493 3031 1560 ἡ
3060 1493 3284 1546 ἐκείνων
3316 1493 3433 1545 ἐστὶ
3465 1493 3692 1562 πληθὺς,
3727 1495 3879 1546 αὐτοὶ

2298 1581 2355 1633 δὲ
2393 1581 2453 1651 δὴ
2480 1581 2671 1651 κομιδῇ
2697 1580 2949 1651 βραχεῖςο
2982 1582 3248 1635 σέσωσται
3278 1582 3381 1653 γὰρ
3409 1582 3470 1633 τὸ
3502 1583 3878 1651 κατάλειμμασ

2298 1673 2386 1725 διὰ
2435 1674 2592 1725 τοῦτο
2624 1673 2819 1744 μικρόν
2863 1691 2915 1727 τι
2948 1673 3457 1744 κεκληρονομήκασι
3498 1674 3664 1743 μέρος
3695 1676 3755 1726 ἐν
3804 1674 3877 1743 τῷ

2298 1764 2414 1835 ὄρει
2459 1764 2535 1834 τῷ
2565 1765 2723 1834 ἁγίῳ,
2752 1764 3018 1826 τουτέστι,
3050 1767 3115 1834 τῇ
3158 1764 3468 1834 Ἐκκλησία.
3504 1764 3563 1816 Εἰ
3607 1765 3663 1816 δέ
3702 1763 3765 1833 δή
3798 1780 3879 1826 τις

627 1859 681 1904 et
711 1851 1002 1914 nutricem,
1038 1851 1140 1904 dici
1173 1854 1239 1905 ab
1274 1852 1405 1921 ipsis
1435 1865 1669 1908 montem
1703 1865 1972 1919 sanctum,
2015 1858 2191 1926 ibique

2295 1856 2443 1923 λέγοι
2481 1858 2579 1925 τὴν
2613 1856 2723 1909 ἀνω
2770 1857 2944 1920 πόλιν,
2974 1857 3075 1927 τὴν
3118 1858 3178 1909 ἐν
3224 1857 3471 1926 οὐρανοῖς
3525 1857 3874 1926 Ἐκκλησίαν,

626 1954 721 1994 eos
769 1939 904 1992 velle
952 1941 1280 1996 hzereditatis
1331 1944 1630 2010 portionem
1686 1946 1940 2013 consequi
1984 1962 1998 1999 :
2047 1956 2194 2001 recte

627 2031 728 2084 hoc
754 2032 915 2083 etiam
951 2034 1107 2085 modo
1134 2032 1400 2103 intelliges
1423 2051 1436 2087 :
1459 2033 1650 2089 Factos
1684 2051 1801 2091 esse
1830 2039 2016 2091 dicunt
2046 2053 2105 2092 se
2136 2047 2193 2090 ut

627 2136 657 2173 a
691 2122 975 2191 principio,
1001 2124 1217 2191 quando
1252 2140 1355 2178 non
1389 2125 1763 2179 dominabatur
1787 2143 1994 2192 eorum,
2023 2143 2193 2195 neque

623 2220 746 2266 erat
782 2227 973 2267 nomen
1013 2213 1127 2279 ejus
1154 2228 1315 2280 super
1359 2214 1501 2282 ipsos
1534 2216 1856 2270 invocatum.
1888 2217 1983 2271 Est
2013 2229 2191 2272 autem

624 2304 781 2358 valde
826 2314 1187 2359 consentanea
1232 2304 1344 2357 haec
1377 2305 1569 2358 oratio.
1614 2306 1748 2359 Cum
1787 2310 1930 2361 enim
1962 2309 2195 2363 excidis-

623 2404 746 2449 sent
793 2394 961 2450 semel
1014 2397 1081 2449 ab
1119 2397 1235 2467 ejus
1280 2400 1451 2470 886
1500 2399 1872 2453 misericordia
1915 2409 1969 2453 et
2011 2410 2193 2468 prote-

624 2488 824 2553 ctione,
855 2488 905 2542 in
946 2491 1232 2557 pristinum
1260 2500 1459 2546 statum
1496 2492 1694 2546 reversi
1723 2500 1867 2546 sunt.
1904 2492 2040 2559 Quid
2073 2502 2190 2546 tan-

629 2580 749 2631 dem
774 2578 901 2632 illud
924 2581 1079 2634 erat?
1102 2581 1419 2636 Servierunt
1441 2581 1710 2651 Egyptiis
1746 2584 1855 2638 luto
1883 2595 1938 2639 et
1960 2584 2193 2640 lateritio

624 2679 809 2735 opere,
846 2668 1037 2735 hisque
1076 2670 1164 2723 diu
1203 2670 1478 2726 laboribus
1510 2674 1803 2726 excruciati
1845 2682 1991 2728 sunt.
2040 2674 2192 2730 Nunc

621 2770 802 2811 autem
854 2761 1077 2828 pedibus
1117 2761 1398 2816 diabolicis
1438 2763 1862 2827 succubuerunt,
1908 2777 1963 2819 et
2010 2768 2191 2822 carnis

624 2849 907 2906 affectibus
949 2853 1244 2921 mundique
1301 2853 1687 2922 cupiditatibus
1735 2857 1992 2910 cumulati
2042 2868 2187 2912 sunt.

622 2937 747 2994 Haec
789 2941 934 2993 enim
982 2940 1213 2995 lateritia
1241 2957 1404 3010 opera
1437 2945 1681 3012 quaedam
1714 2946 1926 3000 occulta
1965 2948 2187 3018 intelligi

620 3036 867 3097 possunt.
912 3026 1227 3083 Servierunt
1279 3031 1331 3084 in
1376 3030 1613 3102 Egypto
1661 3034 1940 3102 spiritibus
1986 3037 2185 3092 malis:

624 3131 767 3170 nunc
792 3117 844 3169 in
871 3116 1002 3184 ipsis
1030 3127 1115 3173 est
1139 3119 1363 3188 spiritus
1386 3121 1715 3178 immundus.
1748 3124 1909 3194 quue
1935 3128 2191 3183 Servator

623 3206 739 3274 ipse
770 3221 868 3261 nos
903 3209 1104 3271 docuit,
1139 3210 1204 3263 de
1237 3211 1341 3265 illis
1371 3210 1596 3279 loquens
1626 3234 1638 3268 :
1666 3233 1682 3264 ι
1722 3213 1852 3267 Cum
1884 3215 2191 3272 immundus

621 3297 844 3367 spiritus
875 3299 1069 3353 exierit
1100 3315 1163 3354 ex
1200 3301 1439 3365 homine,
1469 3305 1706 3358 ambulat
1738 3320 1837 3369 per
1867 3306 1982 3361 loca
2015 3309 2188 3373 arida,

621 3402 872 3456 quaerens
910 3390 1231 3456 requietem,
1267 3405 1364 3444 nec
1396 3392 1620 3446 invenit.
1669 3393 1821 3449 'l'unc
1853 3396 1929 3449 ait
1957 3414 1970 3451 :
2005 3397 2058 3450 In
2091 3399 2188 3452 do-

622 3493 768 3531 mum
818 3492 991 3531 meam
1036 3487 1298 3545 revertar,
1334 3482 1475 3535 unde
1504 3495 1755 3550 egressus
1789 3499 1931 3543 sum.
1974 3489 2185 3545 Etcum

619 3569 804 3636 venit,
860 3569 1067 3624 invenit
1123 3584 1243 3624 eam
1295 3586 1520 3626 vacuam
1572 3584 1625 3628 et
1676 3587 1977 3646 purgatam.
2037 3582 2189 3638 Tunc

620 3658 871 3725 assumit,
900 3658 1094 3727 inquit,
1133 3660 1267 3715 alios
1298 3670 1503 3731 septem
1537 3664 1758 3733 Spiritus
1793 3668 2081 3738 nequiores
2105 3688 2185 3738 se,

2294 1947 2391 2017 τὴν
2421 1948 2527 1999 τῶν
2554 1947 2723 2016 ἁγίων
2754 1948 2966 2019 μητέρα
3018 1948 3114 2001 καὶ
3142 1948 3364 2018 τροφὸν,
3406 1948 3529 2017 ὅρος
3563 1948 3721 2016 ἆγιον
3766 1951 3879 2001 ὀνο-

2298 2037 2565 2107 μάζεσθαι
2596 2040 2723 2107 παρ’
2749 2037 2951 2102 αὐτῶν,
2980 2039 3074 2091 καὶ
3098 2038 3155 2088 ἐν
3178 2037 3326 2107 αὑτῷ
3356 2038 3641 2107 βούλεσθαι
3671 2039 3875 2110 κλήρου

2298 2130 2461 2197 μέρος
2487 2129 2691 2198 λαχεῖν,
2726 2128 2902 2199 ὀρθῶς
2933 2130 3203 2199 συνήσεις,
3237 2130 3331 2181 καὶ
3362 2128 3503 2181 κατά
3548 2130 3741 2182 τοῦτον
3786 2131 3876 2182 τὸν

2293 2220 2492 2289 τρόπον
2518 2237 2530 2249 ·
2564 2220 2815 2287 γενέσθαι
2850 2220 2905 2273 δέ
2954 2238 3087 2290 φησι
3120 2219 3182 2272 τὸ
3216 2220 3291 2281 ὡς
3333 2221 3609 2290 ἀπαρχῆς,
3641 2222 3733 2274 ὅτε
3778 2223 3875 2274 οὐκ

2293 2303 2461 2377 ἦρχεν
2487 2308 2687 2373 αὐτῶν,
2711 2307 2831 2360 οὔτε
2868 2309 2974 2378 μὴν
3004 2308 3277 2377 ἐπεκλήθη
3306 2308 3366 2360 τὸ
3395 2308 3566 2377 ὄνομα
3590 2310 3762 2361 αὑτοῦ
3790 2310 3874 2361 ἐπ’

2293 2396 2488 2459 αὐτούς
2512 2413 2525 2426 ·
2558 2396 2669 2466 ἔχει
2705 2396 2760 2448 δὲ
2792 2396 2925 2449 πολὺ
2956 2398 3019 2448 τὸ
3045 2397 3191 2460 εἰκὸς
3232 2400 3261 2450 δ
3292 2396 3447 2465 λόγος
3469 2414 3481 2426 '
3512 2400 3871 2451 ἐκπεπτωκὸ·

2292 2504 2384 2550 τες
2411 2487 2520 2557 γὰρ
2560 2487 2709 2551 ἅπαξ
2734 2487 2834 2556 τῆς
2867 2489 2996 2559 παρ’
3026 2488 3189 2541 αὐτοῦ
3236 2487 3468 2556 φειδοῦς,
3522 2489 3618 2541 καὶ
3662 2488 3875 2559 σκέπης

2294 2579 2664 2647 ὑπενόστησαν
2687 2580 2766 2641 εἰς
2786 2578 2847 2632 τὸ
2873 2580 2928 2632 ἐν
2951 2581 3164 2649 ἀρχαῖς.
3190 2581 3299 2632 Καὶ
3328 2584 3455 2633 ποῖα
3477 2580 3654 2634 ταῦτά
3682 2583 3835 2633 ἐστιν
3856 2600 3869 2646 ;

2305 2670 2611 2722 Ἐδούλευον
2648 2670 2963 2737 Αἰγυπτίοις
2993 2670 3148 2741 πηλῷ
3183 2671 3277 2724 καί
3324 2671 3592 2741 πλινθείᾳ,
3635 2671 3732 2723 καὶ
3763 2674 3875 2733 τοῖς

2293 2759 2371 2821 εἰς
2406 2759 2563 2811 τοῦτο
2609 2759 2878 2829 καμάτοις
2928 2759 3369 2828 καταικιζόμενοι
3411 2760 3721 2813 διετέλουν·
3774 2778 3874 2813 πε-

2293 2850 2541 2903 πτώκασι
2570 2850 2625 2902 δέ
2657 2851 2752 2902 καί
2788 2849 2883 2902 νῦν
2917 2850 3021 2902 ὑπὸ
3050 2850 3215 2913 πόδας
3246 2851 3608 2917 διαδολικοὺς,
3643 2851 3875 2913 καὶτοῖς

2291 2938 2387 3006 τῆς
2422 2938 2621 3008 σαρκὸς
2650 2937 2849 2989 πάθεσι
2908 2939 3001 2991 καὶ
3040 2942 3333 3007 κοσμικαῖς
3362 2939 3679 3008 ἐπιθυμίαις
3710 2957 3877 2993 κατα-

2294 3029 2617 3099 μιαίνονται”
2660 3029 2908 3082 πλινθεία
2941 3030 3047 3100 γάρ
3079 3029 3220 3099 αὕτη
3258 3033 3429 3084 νοοῖτο
3476 3030 3542 3083 ἂν
3575 3032 3805 3096 εἰκότως
3840 3036 3871 3103 ή

2294 3122 3022 3194 κεκρυμμένη..Ἐλάτρευον
3064 3125 3122 3176 ἐν
3161 3123 3421 3193 Αἰγύπτῳ
3461 3124 3737 3193 πνεύμασι
3776 3142 3874 3175 πο-

2295 3220 2499 3286 νηροῖς,
2546 3217 2639 3269 καὶ
2663 3216 2757 3271 νῦν
2793 3218 2851 3267 ὲν
2896 3216 3077 3277 αὐτοῖς
3112 3218 3227 3269 ἐστι
3259 3217 3479 3286 πνεῦμα
3525 3217 3583 3269 τὸ
3628 3217 3875 3286 ἀκάθαρο

2294 3322 2407 3360 τον.
2456 3307 2564 3359 Καὶ
2599 3307 2756 3362 τοῦτο
2801 3309 2965 3372 αὐτὸς
3005 3310 3154 3378 ἡμᾶς
3181 3311 3209 3362 ὀ
3242 3309 3432 3379 Σωτὴρ
3462 3307 3666 3371 ἐδίδαξε
3697 3308 3874 3374 λέγων

2294 3399 2423 3467 περὶ
2454 3398 2653 3464 αὐτῶν,
2686 3419 2705 3450 ι
2737 3401 2902 3453 Ὅταν
2927 3400 2984 3453 δὲ
3010 3400 3072 3452 τὸ
3105 3398 3412 3470 ἀκάθαρτον
3438 3398 3651 3467 πνεῦμα
3679 3398 3871 3467 ἐξέλθῃ

2295 3490 2402 3543 ἀπὸ
2451 3489 2543 3542 τοῦ
2593 3489 2901 3562 ἀνθρώπου,
2958 3490 3248 3562 πορεύεται
3290 3490 3356 3542 δι’
3408 3489 3649 3559 ἀνύδρων
3688 3489 3874 3541 τόπων

2295 3581 2487 3650 ζητοῦν
2534 3583 2858 3648 ἀνάπαυσιν,
2912 3584 3005 3637 καὶ
3049 3584 3147 3653 οὐχ
3176 3583 3439 3652 εὑρίσκει.
3498 3580 3630 3633 Τότε
3677 3580 3869 3646 λέγει·

2287 3675 2379 3735 Εἰς
2430 3674 2520 3726 τὸν
2571 3669 2720 3728 οἶκόν
2773 3692 2873 3744 μου
2926 3674 3269 3745 ἐπιστρέψω,
3311 3673 3433 3727 ὅθεν
3482 3671 3725 3741 ἐξῆλθον.
3758 3672 3871 3723 Καὶ

619 3759 676 3804 et
700 3750 1097 3818 ingrediuntur,
1129 3767 1192 3807 ac
1224 3753 1294 3807 ibi
1329 3753 1593 3819 habitant,
1627 3757 1868 3828 ﬁuntque
1896 3762 2185 3817 novissima

2295 3764 2439 3817 ἐλθδν
2472 3766 2715 3836 εὑρίσκει
2753 3765 3101 3835 σχολάζοντα,
3138 3766 3231 3818 καὶ
3284 3762 3660 3832 σεσαρωμένον
3684 3780 3698 3792 ·
3746 3761 3869 3813 τότε

623 3843 858 3896 hominis
892 3842 1035 3897 illius
1073 3843 1253 3912 pejora
1301 3845 1593 3910 prioribus.
1642 3846 1734 3904 Sic
1765 3851 1887 3916 erit,
1932 3868 1954 3905 ι
1992 3854 2187 3924 inquit,

626 3945 646 3978 ι
683 3930 1016 3995 generationi
1048 3931 1172 3984 huic
1206 3932 1443 3986 malae”.
1479 3952 1498 3984 ι

2287 3857 2724 3927 παραλαμϐάνει,
2765 3857 2949 3926 φησὶν,
2980 3858 3143 3928 ἕτερα
3188 3855 3329 3909 ἐπτά
3367 3855 3650 3924 πνεύματα
3698 3871 3873 3919 πονη-

2292 3948 2484 4017 ρότερα
2536 3948 2751 4011 ἐαυτοῦ,
2809 3949 2900 4001 καὶ
2951 3948 3259 4000 εἰσελθόντα
3307 3949 3549 3999 κατοικεῖ
3598 3946 3736 4004 ἐκεῖ,
3774 3944 3875 3997 καὶ

620 4020 827 4088 γίνεται
866 4020 935 4074 τὰ
988 4019 1189 4091 ἔσχατα
1235 4021 1329 4076 τοῦ
1376 4022 1662 4095 ἀνθρώπου
1698 4027 1928 4093 ἐκείνου,
1970 4031 2185 4103 χείρονα
2223 4037 2331 4090 τῶν
2394 4039 2645 4109 πρώτων.
2665 4038 2850 4102 Οὕτως
2917 4038 3089 4101 ἔσται,
3134 4058 3153 4091 ι
3188 4040 3342 4110 φησὶ,
3366 4059 3384 4089 ι
3418 4040 3483 4108 τῇ
3516 4039 3673 4107 γενεᾷ
3694 4036 3878 4109 ταύτῃ

618 4114 686 4181 τῇ
730 4111 962 4181 πονηρᾷ·
1006 4128 1025 4162 ι

692 4204 823 4256 CAP.
853 4199 1033 4253 LXIV.
1062 4199 1226 4255 Vsus.
1250 4201 1360 4256 1-5.
1388 4201 1446 4256 Si
1477 4208 1743 4270 aperueris
1769 4207 1976 4272 caelum,
1999 4218 2192 4267 tremor

621 4294 971 4363 apprehendet
1015 4308 1080 4346 ea:
1124 4302 1172 4346 te
1213 4304 1435 4357 montes,
1478 4306 1524 4348 et
1572 4296 1868 4362 liquescenl,
1913 4312 1965 4354 ut
2012 4320 2131 4357 cera
2158 4322 2189 4357 a

623 4388 759 4457 facie
791 4386 925 4455 ignis
950 4385 1147 4453 liqueﬁt
1172 4400 1193 4438 :
1241 4395 1288 4438 et
1318 4387 1579 4440 comburet
1609 4390 1742 4456 ignis
1767 4393 2115 4459 adversarios,
2142 4406 2188 4449 et

621 4478 829 4533 illustre
865 4478 963 4531 erit
1007 4493 1191 4530 nomen
1231 4486 1377 4529 munt
1406 4478 1461 4530 in
1495 4479 1830 4533 adversariis.
1872 4484 1909 4534 Α
1935 4484 2070 4548 [acie
2096 4497 2187 4540 tua

2376 4213 2508 4265 Ἐὰν
2545 4213 2797 4280 ἀνοίξῃς
2834 4212 2941 4267 τὸν
2990 4214 3281 4281 οἰιρανὸν,
3337 4217 3549 4284 τρόμος
3600 4217 3875 4287 λήψεται

2290 4304 2408 4357 ἀπὸ
2465 4304 2579 4356 σοῦ
2631 4305 2758 4370 ὄρη,
2807 4303 2904 4356 καί
2952 4304 3337 4370 τακήσονται,
3389 4307 3470 4372 ὠς
3516 4310 3697 4375 κηρὸς
3749 4313 3879 4364 ἀπὸ

2292 4392 2617 4461 προσώπου
2647 4392 2836 4461 πυρὸς
2881 4392 3139 4462 nixatur
3192 4396 3288 4449 καὶ
3333 4400 3695 4451 κατακαύσει
3747 4401 3881 4469 πῦρ

2294 4480 2434 4546 τοὺς
2466 4482 2884 4545 ὑπεναντίους,
2930 4480 3028 4535 καὶ
3072 4484 3337 4551 φανερὸν
3368 4485 3536 4538 ἔσται
3580 4488 3641 4539 τὸ
3677 4488 3882 4557 ὄνομα

621 4581 795 4639 gentes
841 4569 1212 4622 turbabuntur.
1254 4566 1386 4622 Cum
1436 4568 1615 4637 feceris
1664 4572 1897 4641 gloriosa
1942 4614 1957 4640 ,
1997 4587 2189 4630 tremor

2295 4572 2513 4640 Κυρίου
2539 4572 2609 4624 ἐν
2636 4572 2757 4636 τοῖς
2785 4575 3183 4639 ὑπεναντίοις.
3233 4574 3374 4628 Ἀπὸ
3395 4576 3721 4641 προσώπου
3756 4595 3882 4633 σου

622 4660 967 4731 appreltendet
997 4674 1061 4713 ea:
1084 4669 1133 4712 te
1160 4668 1379 4713 montes.

692 4835 750 4889 In
785 4850 933 4888 more
963 4842 1048 4889 est
1077 4833 1283 4887 sanctis
1316 4833 1591 4901 prophetis
1618 4834 1845 4891 fundere
1878 4853 2062 4907 preces
2091 4855 2190 4909 pro

624 4925 841 4988 lsraele,
876 4923 1224 4993 delinquente
1255 4923 1566 4991 aliquoties,
1599 4938 1650 4981 et
1694 4928 1958 4982 scelerum
2001 4944 2192 4998 ptenas

624 5018 826 5073 luituro
859 5034 870 5067 :
901 5023 957 5069 et
989 5023 1169 5069 amota
1194 5016 1297 5079 ira,
1324 5015 1375 5067 in
1410 5015 1542 5070 alios
1564 5031 1682 5069 eam
1710 5018 1881 5072 emitti
1910 5020 2189 5089 rogabant,

621 5119 677 5165 et
720 5110 774 5162 in
807 5105 1233 5174 alienigenarum
1281 5107 1457 5174 capita
1490 5109 1754 5161 converti.
1799 5108 2076 5176 Siquidem
2108 5115 2190 5167 di-

622 5200 781 5253 vinus
807 5196 1110 5251 Modnlator
1138 5198 1533 5266 septuagesimo
1571 5210 1764 5253 octavo
1812 5203 2039 5268 psalmo,
2087 5218 2184 5255 va-

2294 4663 2437 4728 ἐθνη
2488 4662 2990 4731 ταραχθήσονται,
3023 4663 3168 4716 ὅταν
3214 4663 3477 4730 ποιήσῃς
3510 4663 3579 4716 τὰ
3622 4665 3881 4730 ἔνδοξα.

2302 4754 2519 4819 Τρόμος
2550 4750 2813 4819 λήψεται
2856 4750 2973 4805 ἀπὸ
3007 4752 3123 4805 σοῦ
3154 4752 3280 4819 ὅρη.

2369 4844 2527 4907 Ἕθος
2560 4846 2671 4906 τοῖς
2702 4844 2875 4911 ἁγίοις
2897 4845 3201 4915 προφήταις
3223 4845 3319 4906 τὰς
3346 4845 3484 4916 ὑπὲρ
3513 4845 3603 4898 τοῦ
3644 4846 3885 4918 Ἰσραὴλ

2288 4933 2552 4987 ποιεῖσθαι
2600 4933 2773 4996 λιτὰς,
2814 4932 3259 5002 πλημμελοῦντος
3311 4932 3421 4985 ἔσθ’
3471 4935 3578 4997 ὅτε,
3616 4936 3715 4986 καὶ
3761 4937 3884 4987 εἰσ-

2289 5024 2617 5095 πράττεσθαι
2673 5024 2953 5094 μέλλοντος
3000 5024 3109 5076 τῶν
3162 5025 3498 5094 αἰτιαμάτων
3536 5024 3634 5088 τάς
3686 5026 3883 5092 δίκας,

2289 5115 2785 5184 ἀποσκευαζόμενοι
2810 5116 2867 5169 δὲ
2893 5116 3080 5185 ὥσπερ
3115 5116 3181 5169 τὰ
3213 5115 3273 5180 ἐξ
3311 5116 3499 5186 ὀργῆς,
3534 5118 3611 5179 εἰς
3644 5118 3887 5188 ἐτέρους

2289 5206 2458 5273 αὐτὴν
2508 5207 2819 5275 πέμπεσθαι
2852 5207 3215 5277 παρεκάλουν,
3261 5207 3354 5260 καὶ
3383 5209 3462 5269 εἰς
3493 5208 3591 5270 τὰς
3631 5208 3745 5261 τῶν
3778 5211 3887 5263 ἀλ-

2291 5297 2531 5364 λοφύλων
2564 5298 2855 5368 τρέπεσθαι
2899 5299 3160 5367 κεφαλάς.
3204 5301 3313 5352 Καὶ
3344 5300 3474 5367 γοῦν
3515 5303 3543 5353 ὁ
3582 5300 3889 5366 θεσπέσιος

2292 5388 2574 5457 Μελῳδὺς,
2626 5391 2684 5442 ἐν
2722 5389 3104 5461 ἑϐδομηκοστῷ
3148 5391 3241 5442 καὶ
3282 5391 3452 5459 ὀγδόῳ
3497 5390 3722 5461 ψαλμῷ,
3773 5411 3891 5445 πε-

2294 5479 2641 5550 πορθημένην
2694 5481 2911 5551 ἐθρήνει
2960 5480 3059 5550 τήν
3119 5479 3492 5551 Ἰερουσαλὴμ,
3528 5480 3621 5533 καί
3662 5481 3729 5550 δὴ
3786 5486 3894 5535 καὶ

2289 5570 2525 5638 ἔφασκεν
2553 5588 2565 5600 ·
2606 5589 2624 5621 ι
2658 5571 2716 5623 '0
2746 5572 2896 5636 Θεὸς,
2933 5570 3253 5642 εἰσήλθοσαν
3285 5571 3412 5640 ἔθνη
3439 5571 3516 5632 εἰς
3543 5570 3639 5641 τὴν
3667 5571 3893 5642 κλτσρο-

620 5299 817 5345 statam
851 5286 1148 5343 Jerusalem
1181 5287 1402 5354 deﬂens,
1437 5289 1610 5358 inquit
1643 5307 1656 5342 :
1694 5308 1712 5341 ι
1742 5291 1904 5355 Deus,
1934 5304 2196 5349 venerunt

622 5389 809 5449 gentes
856 5378 908 5430 in
943 5376 1310 5431 hereditatem
1356 5386 1534 5443 tuam,
1583 5380 1888 5448 polluerunt
1935 5385 2188 5453 templum

623 5459 870 5523 sanctum
907 5476 1054 5521 tuum
1085 5466 1152 5520 ³ο.
1187 5484 1207 5517 ι
1254 5466 1495 5536 Aliisque
1542 5469 1859 5538 interjectis,
1895 5473 2010 5527 ait:
2045 5492 2063 5526 ι
2098 5475 2191 5529 Ef-

622 5560 788 5617 fuude
822 5559 956 5612 iram
985 5566 1129 5612 tuam
1182 5558 1234 5611 in
1282 5566 1470 5627 gentes
1502 5574 1619 5627 qua:
1656 5572 1706 5616 te
1750 5578 1852 5617 non
1904 5578 2187 5632 noverunt,

696 5740 739 5776 ’⁸
779 5739 936 5799 Rom.
969 5756 1041 5807 ιχ,
1067 5741 1156 5795 27.
1233 5745 1274 5775 ν
1311 5741 1497 5797 Matth.
1537 5760 1629 5808 an,
1658 5746 1840 5799 45-45.
1919 5748 1961 5779 ³⁸
2000 5747 2136 5803 Psal.
2168 5763 2391 5812 Lxxvtn,
2444 5750 2488 5802 Ι.
