4148 6506
309 4466 326 4550 l

336 401 474 458 i397
577 398 588 410 ⁸

1465 397 1530 452 IN
1572 397 1803 452 iSAlAM
1843 396 1966 451 LIB.
2015 397 2076 452 V.
2117 395 2356 453 TOMUS
2396 397 2456 455 V.

3441 391 3586 464 1393’

331 516 527 588 νομίαν
550 533 666 585 σου,
697 518 928 589 ἐμίαναν
949 519 1040 574 τὸν
1066 519 1192 572 ναὸν
1210 519 1300 572 τὸν
1326 519 1478 586 ἅγιόν
1509 534 1621 570 σου.
1662 536 1680 570 ι
1713 518 1838 570 ’Έτε
1850 517 1915 588 ρά

2018 527 2069 572 ει
2094 520 2144 572 ἰη
2180 533 2339 586 regna
2365 533 2484 589 quae
2512 533 2707 574 nomen
2736 527 2884 575 tuum
2915 533 3021 575 non
3055 521 3520 582 invocaverunt".
3555 549 3574 581 ι

334 625 395 660 τε
423 607 559 678 πρὸς
579 609 788 674 τούτοις
809 610 1116 678 ἐπενεγκών
1131 611 1217 664 διά
1238 609 1402 682 μέσου
1420 607 1603 679 φησιν’
1632 627 1651 660 ‹
1674 609 1902 678 Ἔκχεον

336 699 435 770 τὴν
461 701 631 772 ὀργήν
667 717 760 754 σου
791 702 884 755 ἐπὶ
912 701 980 755 τὰ
1027 702 1153 772 ἔθνη
1186 702 1256 754 τὰ
1307 701 1380 773 μὴ
1433 699 1772 770 γινώσκοντά
1819 716 1900 764 σε,

335 791 431 845 καὶ
468 792 560 844 ἐπὶ
603 791 900 862 βασιλείας,
949 793 1006 847 αἶ
1055 794 1114 846 τὸ
1142 793 1312 864 όνομά
1359 809 1451 845 σου
1497 791 1597 845 οὑκ
1644 790 1907 846 ἐπεκαλέ-

339 899 518 936 σαντο.
563 901 580 934 ι
615 882 866 936 Τοιοῦτόν
909 901 962 937 τι
1006 885 1101 938 καὶ
1149 884 1243 938 νῦν
1285 885 1314 937 ὁ
1367 883 1653 954 προφήτης
1700 881 1863 951 φησίν
1891 897 1902 909 ·

342 991 362 1024 ι
415 973 540 1026 Ἐὰν
572 973 680 1044 7&9
711 973 930 1046 ἀνοίξῃς
961 975 1054 1028 τὸν
1099 975 1346 1044 ούρανὸν,
1385 993 1405 1025 ι
1439 977 1508 1044 τῇ
1550 973 1760 1045 καθόδῳ
1807 973 1908 1041 τῆς

334 1064 504 1135 ὀργῆς
545 1064 804 1135 δηλονότι,
856 1065 1106 1137 καθάπερ
1150 1067 1338 1136 ἀμέλει
1372 1067 1466 1119 καὶ
1515 1067 1574 1118 ἐν
1617 1065 1694 1135 τῷ
1733 1063 1908 1134 καιρῷ

335 1157 428 1210 τοῦ
468 1155 886 1226 κατακλυσμοῦο
933 1156 1282 1226 ἀνεῴχθησαν
1319 1155 1428 1226 γὰρ
1470 1156 1520 1210 oi
1568 1155 1908 1225 καταράκται

335 1246 429 1300 τοῦ
457 1246 707 1318 ούρανοῦ’
740 1249 862 1301 τότε
903 1247 1105 1317 τρόμος
1136 1246 1367 1317 λήψεται
1399 1248 1506 1302 ἀπὸ
1537 1245 1630 1300 σοῦ
1661 1247 1781 1317 ὅρη,
1814 1245 1910 1299 καὶ

334 1339 688 1408 τακὴσονται,
719 1357 737 1388 ι
771 1338 848 1401 ώς
885 1339 1056 1408 κηρὸς
1091 1339 1201 1393 ἀπὸ
1224 1335 1516 1409 προσώπου
1543 1337 1715 1409 πυρὸς
1747 1337 1910 1406 τήκε-

334 1443 482 1480 ται.»
520 1427 658 1498 Ὀρη
697 1427 754 1480 δέ
789 1443 953 1498 φησιν
983 1429 1040 1480 ὲν
1071 1426 1299 1490 τούτοις,
1329 1427 1448 1497 οὑχὶ
1476 1426 1664 1496 δήπου
1694 1425 1911 1487 πάντως

334 1519 404 1572 τά
451 1519 700 1588 αἰσθητὰ,
730 1519 985 1589 δυνάμεις
1032 1517 1088 1570 δὲ
1140 1518 1341 1589 μᾶλλον
1387 1517 1484 1581 τὰς
1539 1517 1912 1587 πονηρὰς,διᾶ

338 1608 538 1679 πολλὴν
569 1609 708 1678 ἄγαν
741 1608 1062 1678 ὑπεροψίαν,
1115 1607 1265 1680 ὄρεσι
1316 1610 1428 1672 τοῖς
1465 1607 1818 1678 ὑψηλοτάτοις
1852 1603 1910 1660 εὖ

339 1700 486 1770 μάλα
515 1701 980 1771 παρεικασμένας.
1017 1700 1232 1762 Ταύτας
1257 1699 1323 1770 δὴ
1355 1695 1448 1753 οὖν
1478 1698 1579 1761 τὰς
1597 1698 1696 1768 τῆς
1725 1698 1915 1762 ἀλαζο-

334 1789 486 1853 νείας
516 1791 844 1862 συντρόφους
873 1791 1129 1861 δυνάμεις
1154 1791 1354 1862 τρόμος
1387 1789 1637 1858 λήψεται.
1675 1807 1692 1838 ι
1731 1790 1915 1841 Κατα-

2011 607 2140 662 Tale
2166 609 2420 678 quiddam
2445 609 2608 664 etiam
2638 625 2779 665 nunc
2811 611 3069 680 propheta
3095 611 3226 666 dicit
3254 632 3268 668 :
3301 631 3318 665 ι
3357 615 3414 670 Si
3437 617 3578 669 enim

2007 700 2285 768 aperueris
2327 701 2546 768 cmlum,
2591 719 2610 753 ι
2648 703 2909 757 descensu
2953 704 3200 760 videlicet
3247 704 3375 772 irae,
3421 707 3576 762 sicuti

2007 791 2259 845 nimirum
2295 801 2536 862 tempore
2573 793 2797 848 diluvii:
2838 803 3039 863 apertae
3068 796 3210 849 enim
3239 806 3396 851 erant
3429 805 3580 852 cata-

2010 893 2172 935 ractae
2203 880 2323 934 caeli
2357 899 2369 934 :
2401 893 2514 935 tum
2573 883 2793 938 invadet
2828 895 3034 942 tremor
3065 894 3272 941 montes
3299 887 3395 942 abs
3428 897 3498 954 te,
3525 898 3582 944 et

2008 972 2337 1040 liquescent,
2380 990 2399 1024 ι
2433 983 2490 1028 ιιι
2515 988 2640 1027 cera
2676 990 2704 1028 a
2737 975 2874 1031 facie
2897 977 3284 1049 ignisliqueiit.
3322 997 3341 1029 ι
3375 978 3581 1034 Montes

2009 1062 2096 1118 hic
2129 1073 2283 1117 vocat
2307 1079 2412 1118 non
2443 1065 2780 1132 simpliciter,
2801 1069 2889 1134 qui
2922 1069 3288 1138 percipiuntur
3309 1071 3577 1132 sensibus,

2009 1153 2102 1208 sed
2147 1163 2434 1223 potestates
2477 1155 2664 1223 malas,
2710 1169 2930 1228 propter
2968 1160 3233 1228 insignem
3272 1159 3574 1226 elationem,

2011 1246 2278 1301 montibus
2305 1247 2471 1318 887
2507 1249 2824 1303 celsissimis
2866 1249 3068 1318 optime
3092 1261 3456 1319 comparatas.
3475 1251 3582 1305 llas

2012 1337 2180 1406 igitur
2203 1339 2470 1406 superbia:
2495 1339 2741 1393 alumnas
2767 1347 3084 1408 potestates,
3111 1348 3314 1394 tremor
3343 1341 3578 1394 invadet.

2019 1449 2036 1480 ι
2070 1427 2389 1496 Liquescent
2419 1429 2560 1483 enim
2605 1439 2861 1497 tanquam
2893 1431 2958 1483 ab
2997 1431 3136 1499 igne.
3171 1449 3188 1482 ι
3216 1430 3582 1486 Adversanles

2017 1518 2121 1570 tuis
2149 1518 2357 1571 scilicet
2383 1518 2639 1583 oraculis,
2669 1519 2745 1573 ira
2782 1519 2920 1588 ignis
2956 1521 3128 1573 instar
3151 1520 3408 1574 decidens
3434 1537 3583 1575 com-

2015 1607 2190 1663 buret.
2235 1627 2254 1660 ι
2306 1609 2372 1663 Ει
2414 1609 2622 1664 iliustre
2654 1611 2761 1664 erit
2799 1625 2996 1665 nomen
3032 1612 3242 1666 Domini
3287 1612 3340 1666 in
3389 1612 3583 1665 adver-

2014 1699 2192 1753 sariis.
2247 1719 2265 1752 ι
2318 1700 2454 1767 Quid
2490 1701 2632 1756 istud
2665 1701 2787 1756 est?
2819 1702 3074 1756 Miracnla
3111 1705 3254 1758 enim
3291 1719 3432 1773 saape
3474 1705 3586 1758 edit

2017 1793 2392 1845 universorqu
2453 1791 2626 1858 Deus,
2678 1795 2935 1861 potentia:
2980 1805 3036 1848 et
3095 1795 3422 1864 przestautize
3474 1811 3596 1849 suae

332 1883 664 1952 τακήσονται
701 1881 810 1951 7&9
841 1881 917 1944 ώς
951 1881 1056 1935 ὑπὸ
1089 1880 1276 1952 πυρός.
1305 1900 1322 1932 ι
1351 1879 1730 1942 ’Υπεναντίους
1751 1879 1909 1942 ὄντας

2020 1880 2442 1947 magnitudinem
2493 1881 2844 1950 patefaciens.
2911 1880 3048 1936 Hinc
3095 1897 3478 1952 nonnunquam
3529 1883 3586 1938 iu

333 1974 448 2036 τοῖς
492 1973 605 2036 σοῖς
646 1971 891 2042 δηλονότι
938 1971 1292 2040 θεσπίσμασι,
1341 1970 1511 2041 πυρὸς
1545 1969 1699 2040 δίκην
1747 1969 1911 2039 ἐμπί-

337 2081 546 2117 πτουσα
577 2065 974 2118 κατακαύσειεν
1003 2063 1069 2116 ἀν
1092 2063 1250 2132 όογή.
1289 2080 1308 2112 ι
1346 2061 1452 2114 Καὶ
1498 2059 1732 2132 φανερὸν
1763 2059 1917 2112 ἔσται

332 2154 398 2207 τὸ
439 2155 610 2223 ὄνομα
654 2155 860 2226 Κυρίου
909 2156 966 2208 ἐν
1007 2156 1118 2217 τοῖς
1153 2151 1516 2214 ὑπεναντίοις.
1572 2168 1591 2202 ›
1635 2150 1745 2202 Καὶ
1778 2147 1829 2201 τί
1857 2148 1920 2218 δὴ

335 2242 494 2296 τοῦτό
526 2244 640 2296 ἐστι
665 2259 680 2308 ;
710 2242 1128 2314 Θαυματουργεῖ
1161 2241 1258 2311 μὲν
1283 2239 1392 2310 γάρ
1416 2237 1732 2299 πλειστάκις
1760 2238 1789 2289 ό
1813 2236 1921 2289 τῶν

333 2333 472 2386 ὅλων
503 2333 656 2398 Θεὸς,
687 2335 786 2405 τῆς
826 2334 1052 2403 ἐνούσης
1110 2332 1392 2401 δυνάμεως
1449 2328 1598 2399 αὑτῷ
1630 2329 1722 2382 καὶ
1754 2329 1916 2398 ὑπερο

333 2422 470 2494 οχῆς
504 2424 565 2477 τὸ
598 2423 823 2493 μέγεθος
852 2424 1078 2496 ἐναργὲς
1108 2421 1390 2484 καθιστάς.
1417 2419 1516 2473 Διά
1539 2418 1729 2472 τούτου
1782 2417 1910 2471 ἐκό-

335 2512 488 2578 λαζε,
521 2516 614 2568 καὶ
653 2515 1012 2587 ἁμαρτωλοὺς
1047 2512 1160 2566 ἔσθ’
1194 2512 1303 2576 ὅτε,
1337 2511 1432 2565 καὶ⁵
1459 2509 1548 2563 διὰ
1578 2509 1675 2578 τῆς
1705 2509 1792 2562 ἐπ’
1822 2508 1918 2563 αύ-

334 2607 447 2670 τόῖς
490 2606 662 2679 ὀργῆς
692 2608 894 2678 ἐναργῆ
940 2605 1205 2668 καθιστὰς
1236 2603 1461 2657 ἐαυτόν’
1508 2602 1690 2656 όποῖόν
1731 2617 1784 2654 τι
1825 2601 1918 2668 γέ-

335 2704 512 2765 γονεν,
551 2699 639 2752 ὅτε
669 2698 982 2769 Σοδομίταις
1015 2696 1277 2767 ἐπηφίετο
1322 2695 1454 2765 πῦρ,
1485 2695 1658 2766 ήγουν
1699 2692 1788 2745 ὅτε
1822 2691 1918 2744 τὸν

336 2788 686 2857 ἀπόπληκτον
717 2788 915 2859 Φαραώ
954 2786 1172 2848 πολλαῖς
1204 2786 1296 2839 καὶ
1323 2786 1614 2856 ἀφορήτοις
1668 2780 1912 2836 ὑπετίθει

2018 1979 2330 2040 peccatores
2355 1971 2756 2038 animadvertit,
2772 1981 2825 2027 et
2848 1989 2944 2043 per
2969 1975 3104 2028 iram
3127 1975 3180 2029 in
3204 1974 3323 2030 illos
3345 1975 3586 2044 seipsum

2017 2059 2290 2130 patefecit.
2326 2061 2638 2130 Cujusmodi
2669 2063 2871 2118 factum
2903 2075 3007 2128 est,
3037 2080 3158 2118 cum
3191 2066 3243 2120 in
3277 2065 3588 2121 Sodomitas

2019 2153 2236 2208 demisit
2260 2154 2456 2222 ignem,
2491 2165 2688 2210 etcum
2721 2155 3060 2211 Pharaonem
3092 2157 3367 2227 stupidum
3399 2158 3584 2212 multis

2018 2253 2072 2299 et
2109 2244 2540 2300 intolerabilibus
2571 2245 2739 2316 plagis
2764 2246 3012 2314 subjecit.
3040 2247 3246 2316 Itaque,
3276 2263 3308 2302 ο
3335 2249 3583 2311 Domine.

2020 2335 2290 2404 inquiunt,
2348 2353 2418 2392 ne
2465 2336 2699 2392 illustres
2744 2337 2972 2406 gloriam
3033 2349 3214 2407 tuam,
3262 2341 3342 2395 vel
3387 2355 3585 2395 nomen

2021 2438 2118 2492 per
2178 2423 2312 2476 iram
2369 2425 2423 2478 in
2468 2439 2564 2479 nos
2597 2443 2611 2478 :
2645 2425 2738 2480 sed
2786 2427 3028 2482 inducito
3081 2430 3258 2497 potius
3311 2429 3478 2496 illam,
3531 2441 3588 2484 et

2025 2511 2252 2583 inﬂigito
2287 2513 2446 2568 malis
2473 2517 2850 2583 potestatibus,
2882 2528 2937 2574 et
2971 2519 3147 2590 palam
3183 2529 3289 2574 tuae
3324 2517 3596 2586 maiestati»

2026 2604 2468 2673 repugnantibus,
2503 2613 2558 2660 et
2597 2620 2667 2660 ει
2701 2606 2903 2676 insigni
2947 2607 3195 2677 superbia
3231 2607 3297 2662 ad
3347 2608 3448 2661 hoc
3493 2607 3587 2660 ad-

2019 2694 2216 2749 ductis.
2266 2692 2388 2750 Eris
2434 2696 2575 2750 enim
2623 2697 2784 2752 etiam
2833 2699 2914 2754 sic
2965 2699 3308 2770 consPicuus.
3361 2696 3598 2763 Quando

2018 2783 2160 2838 enim
2205 2784 2403 2838 feceris
2447 2785 2711 2852 gloriosa,
2760 2795 2964 2841 tremor
3012 2788 3108 2843 abs
3161 2797 3212 2842 te
3254 2797 3463 2842 montes
3503 2787 3594 2841 iu-

338 2881 594 2952 πληγαῖς.
650 2880 880 2944 Οὐκοῦν,
908 2875 954 2935 ὦ
999 2880 1269 2944 Δέσποτα,
1297 2877 1450 2948 φασὶ,
1501 2877 1575 2948 μὴ
1605 2873 1915 2946 φανερώσῃς

2023 2871 2206 2926 vadet.
2234 2873 2442 2928 Rursus
2489 2872 2606 2929 illos
2650 2882 2863 2930 montes
2904 2877 3056 2942 dicit,
3092 2890 3227 2946 quos
3264 2878 3422 2930 modo
3451 2876 3603 2931 dixi‘

334 2972 436 3042 τήν
466 2971 692 3025 σεαυτοῦ
722 2971 877 3035 δόξαν
903 2972 1020 3042 ήτοι
1047 2971 1108 3024 τὸ
1133 2970 1329 3039 ὄνομα,
1367 2968 1455 3022 διά
1483 2967 1584 3036 τῆς
1613 2965 1736 3020 καθ’
1767 2964 1926 3036 ήμῶν
2024 2974 2168 3015 mus.

335 3062 525 3133 ὀργῆς*
553 3061 804 3131 ὲπάγαγε
833 3061 889 3114 δὲ
913 3061 1112 3132 μᾶλλον
1141 3059 1312 3129 αὑτὴν
1369 3057 1630 3126 δυνάμεσι
1652 3055 1938 3126 πονηραῖς,
1978 3054 2144 3124 ήγουν
2173 3053 2286 3116 τοῖς
2343 3053 2644 3122 ἀναφανδὸν
2665 3057 2732 3126 τῇ
2760 3056 2826 3125 σῇ
2879 3055 3205 3127 μαχομένοις
3231 3054 3376 3126 δόξῃ,
3406 3054 3499 3109 καὶ
3525 3056 3590 3106 ἐκ

336 3156 537 3226 πολλῆς
581 3156 720 3224 ἄγαν
754 3154 1053 3226 ὑπεροψίας
1083 3151 1575 3225 παρενηνεγμένοις
1640 3149 1720 3212 εἰς
1757 3147 1934 3201 τοῦτο.
1980 3147 2115 3218 Ἔσῃ
2159 3147 2267 3217 γὰρ
2324 3149 2418 3201 καὶ
2456 3148 2627 3212 οὑτως
2665 3151 2932 3223 ἐμφανής.
2962 3153 3091 3204 Ὅτε
3120 3151 3230 3222 7&9
3262 3151 3492 3221 ποιήσῃς
3521 3148 3593 3201 τὰ

337 3241 543 3312 ἔνδοξα,
598 3247 800 3318 τρόμος
849 3244 1074 3316 λήψεται
1117 3243 1226 3297 ἀπὸ
1279 3240 1373 3295 σοῦ
1425 3239 1558 3311 ὄρη·
1606 3237 1699 3290 καὶ
1745 3236 1908 3291 πάλιν
1973 3237 2251 3290 ἐκεῖνατά
2318 3236 2419 3308 ὅρη
2449 3240 2636 3308 φησιν,
2665 3233 2740 3293 ὧν
2772 3241 3124 3313 ἐμνήσθημεν
3153 3242 3374 3312 ἀρτίως.

422 3337 567 3393 Ἀπὸ
631 3337 739 3391 τοῦ
788 3335 1001 3402 αἰῶνος
1051 3335 1162 3389 οὐκ
1223 3333 1609 3402 ἠκούσαμεν,
1661 3327 1803 3383 οὐδὲ
1863 3329 1915 3381 οἱ

2091 3329 2256 3383 Vens.
2282 3328 2336 3390 4,
2364 3329 2415 3383 5.
2449 3329 2485 3382 Α
2531 3331 2722 3384 ειεοιιίο
2763 3349 2864 3386 non
2903 3334 3216 3400 audivimus,
3252 3349 3412 3402 neque
3452 3333 3594 3386 oculi

339 3428 633 3500 ὀφθαλμοὶ
660 3427 826 3497 ἡμῶν
853 3422 1016 3480 εἶδον
1075 3425 1224 3480 Θεὸν
1264 3423 1432 3491 πλὴν
1490 3419 1606 3478 σοῦ
1626 3461 1642 3485 ,
1700 3419 1797 3472 καὶ
1845 3419 1918 3472 τὰ

339 3524 484 3590 ἔργα
511 3537 648 3584 σου,
710 3518 750 3572 d
809 3518 1082 3588 ποιήσεις
1109 3517 1234 3583 τοῖς
1269 3515 1678 3586 ὑπομένουσιν
1705 3512 1882 3566 ἔλεον
1900 3527 1912 3542 ’

340 3609 786 3677 συναντήσεται
809 3611 918 3681 γὰρ
954 3609 1079 3675 τοῖς
1116 3608 1357 3662 ποιοῦσι
1398 3607 1463 3660 τὸ
1507 3605 1763 3670 δίκαιον,
1820 3603 1919 3657 καί

340 3703 462 3758 τῶν
489 3701 645 3758 ὁδῶν
670 3717 786 3756 σου
804 3700 1285 3772 μνησθήσονται.

425 3793 679 3865 Ἀόρατον
705 3792 800 3862 μὲν
831 3794 898 3863 τῇ
926 3792 1084 3860 φύσει
1115 3790 1177 3843 τὸ
1219 3789 1374 3842 Θεϊόν
1407 3789 1545 3840 ἐστι’
1605 3804 1623 3838 ι
1650 3786 1782 3839 Θεὸν
1811 3783 1920 3855 γὰρ

341 3885 516 3950 οὐδεὶς
561 3886 774 3957 ἑώρακε
821 3884 1077 3947 πώποτε,
1129 3902 1148 3933 ι
1200 3880 1340 3934 κατὰ
1384 3880 1443 3932 τὸ
1487 3877 1871 3949 γεγραμμένον
1901 3892 1914 3905 ο

344 3979 630 4050 θεωρεῖταί
657 3993 721 4045 γε
782 3974 887 4045 μὴν
933 3975 1043 4036 τοῖς
1069 3974 1168 4042 τῆς
1207 3970 1440 4033 διανοίας
1473 3968 1734 4038 ὄμμασιν,
1762 3967 1819 4032 ἐξ
1843 3959 1918 4019 ὧν

342 4067 409 4123 ἀν
434 4068 734 4139 ἐργάσαιτο
766 4063 1105 4137 παραδόξως,
1142 4063 1237 4115 καὶ
1261 4060 1402 4130 ὑπὲρ
1428 4059 1605 4127 λόγον.
1651 4076 1670 4108 ι
1696 4059 1777 4112 Τὰ
1811 4057 1920 4128 γὰρ

342 4159 553 4231 ἀόρατα
580 4156 768 4224 αὑτοῦ,
794 4175 813 4210 ι
873 4155 1059 4226 φησιν,
1117 4173 1134 4206 ι
1158 4153 1265 4206 ἀπὸ
1292 4151 1520 4214 κτίσεως
1574 4149 1780 4219 κόσμου
1811 4151 1921 4212 τοῖς

343 4252 642 4321 ποιήμασιν
701 4251 969 4319 νοούμενα
1019 4245 1339 4316 καθορᾶται,
1382 4245 1417 4313 ἦ
1451 4259 1511 4294 τε
1559 4241 1724 4303 ἀΐδιος
1755 4238 1919 4293 αὑτοῦ

346 4341 578 4412 δύναμίς
609 4357 669 4392 τε
695 4339 789 4392 καὶ
814 4337 1045 4406 θειότης·
1079 4354 1098 4387 ι
1136 4333 1556 4403 ἐπιγινώσκεται
1584 4330 1640 4383 δὲ
1665 4329 1920 4391 πλειστά-

345 4451 458 4497 κις,
494 4432 585 4486 καὶ
603 4433 671 4486 δι’
704 4424 778 4484 ὧν
817 4429 884 4484 ἂν
914 4428 1211 4498 εὐεργετεῖ,
1266 4425 1362 4478 καὶ⁸
1396 4426 1496 4494 τῆς
1524 4421 1747 4493 ἐνούσης
1775 4421 1922 4492 αύτῴ

342 4523 709 4596 γαληνότητος
739 4523 974 4574 ποιεῖται
1001 4518 1098 4590 τήν
1135 4515 1358 4582 ἔνδειξιν
1377 4557 1392 4580 ,
1423 4513 1703 4578 διασώζων
1730 4513 1924 4584 ἀδοκή-

2015 3417 2182 3471 nostri
2225 3419 2460 3472 viderunt
2501 3418 2670 3472 Deum
2709 3430 2900 3486 praeter
2929 3431 3006 3485 te,
3042 3431 3088 3474 et
3126 3409 3281 3488 opera
3319 3432 3440 3484 tua,
3473 3437 3594 3492 qua:

2016 3510 2178 3579 {acies
2219 3511 2634 3575 exspectantibus
2678 3511 3111 3566 misericordiam.
3159 3510 3406 3566 Occurret
3451 3515 3590 3567 enim

2019 3601 2332 3670 facientibus
2379 3601 2679 3671 justitiam,
2724 3611 2771 3655 et
2818 3603 3021 3656 uiarum
3077 3615 3286 3658 tuarum
3343 3606 3590 3658 recorda-

2019 3691 2230 3745 buntur.

2088 3778 2490 3847 lnaspectabilis
2557 3779 2776 3848 quidem
2843 3789 2930 3836 est
2995 3789 3186 3835 natura
3252 3782 3505 3837 divinitas
3573 3801 3586 3836 :

2023 3886 2042 3919 ι
2088 3868 2250 3922 Deum
2293 3870 2436 3922 enim
2480 3883 2638 3924 nemo
2672 3870 2804 3924 vidit
2840 3885 3099 3941 unquam,
3134 3889 3156 3924 ι
3201 3872 3496 3927 secundum
3541 3874 3594 3926 id

2019 3959 2160 4030 quod
2195 3961 2452 4029 scriptum
2486 3969 2569 4015 est
2595 3961 2660 4016 ⁸³.
2693 3960 2946 4015 Cernitur
2979 3969 3158 4016 tamen
3193 3961 3359 4016 animi
3421 3961 3594 4016 oculis

2018 4065 2084 4105 ex
2117 4050 2200 4104 liis
2232 4064 2352 4118 quae
2385 4049 2617 4120 gesserit
2646 4063 2701 4106 et
2725 4050 3118 4106 admirabiliter
3142 4060 3196 4106 et
3223 4049 3590 4106 ineffabiliter.

2024 4159 2046 4192 ι
2075 4140 2364 4195 invisibilia
2387 4141 2528 4194 enim
2561 4140 2700 4209 ejus,
2727 4160 2746 4193 ι
2778 4142 2973 4211 inquit,
2997 4161 3017 4194 ι
3050 4157 3080 4194 a
3108 4142 3382 4197 creatione
3408 4143 3596 4197 mundi

2021 4246 2117 4300 per
2170 4246 2234 4286 ea
2283 4246 2400 4301 quae
2456 4231 2601 4286 facta
2653 4239 2781 4286 sunt
2833 4231 3104 4288 intellecta
3163 4233 3592 4302 conspiciuntur,

2019 4333 2214 4380 aeterna
2248 4324 2457 4378 scilicet
2489 4325 2604 4394 ejus
2646 4325 2885 4392 potentia
2928 4340 2992 4379 ac
3033 4325 3288 4381 divinitas
3317 4327 3384 4380 ³³.
3425 4345 3444 4379 ι
3492 4323 3594 4381 Co-

2021 4413 2295 4486 gnoscitur
2322 4417 2485 4468 etiam
2521 4429 2632 4471 non
2665 4429 2789 4470 raro
2819 4431 2885 4470 ex
2920 4416 3002 4470 his
3031 4431 3151 4486 quae
3182 4416 3413 4485 benigne
3441 4415 3600 4480 facit,

2019 4517 2074 4562 et
2097 4521 2208 4562 sua:
2235 4506 2390 4574 quasi
2421 4506 2728 4560 serenitatis
2782 4520 2846 4561 ac
2874 4505 3252 4576 placabilitatis
3281 4507 3395 4560 edit
3422 4508 3594 4574 speci-

342 4635 452 4681 τως
503 4617 630 4679 τοὺς
659 4614 720 4679 ὲξ
747 4613 964 4683 ἀπάσης
987 4611 1203 4674 ἐλπίδος
1228 4608 1622 4681 ώλισθηκότας,
1649 4607 1742 4660 καὶ
1766 4609 1915 4676 χεῖρα

2023 4613 2140 4654 men
2187 4617 2201 4653 :
2247 4599 2372 4653 dum
2417 4606 2612 4666 praeter
2648 4597 2954 4667 opinionem
2989 4611 3084 4653 eos
3117 4605 3298 4653 servat
3320 4598 3412 4667 qui
3445 4597 3592 4651 omni

345 4675 527 4776 νέμων
559 4675 822 4775 σωτήριον
850 4675 961 4765 τοίς
986 4701 1159 4771 χαμαί
1213 4717 1338 4765 που,
1370 4675 1464 4754 καὶ
1491 4698 1566 4762 ώς
1600 4700 1659 4752 ὲν
1708 4675 1915 4767 γῇγκει-

2025 4703 2118 4758 spe
2151 4689 2487 4754 exciderunt,
2515 4695 2568 4742 et
2596 4687 2744 4742 humi
2771 4695 2826 4742 et
2850 4686 2994 4743 velut
3025 4688 3079 4742 in
3113 4697 3253 4744 terra
3285 4687 3600 4757 jacentibus

349 4797 551 4869 μένοις.
575 4793 826 4848 Τοιοῦτόν
853 4793 903 4845 τί
931 4808 1093 4861 φασιν
1130 4793 1181 4844 oi
1243 4791 1344 4862 τὴν
1374 4789 1738 4859 προκειμένην
1767 4787 1920 4856 λιτὴν

341 4887 726 4960 ἀναφέροντες.
776 4885 908 4938 Ἀπὸ
962 4883 1068 4956 γάρ
1104 4883 1202 4954 τῆς
1234 4881 1330 4935 τοῦ
1371 4880 1578 4950 κόσμου
1615 4878 1921 4947 καταϐολῆς

340 4979 469 5034 οὔτε
508 4977 839 5050 ἠκούσαμεν,
867 4975 990 5030 οὑτε
1023 4974 1130 5047 μὴν
1174 4971 1481 5043 τεθεάμεθα
1535 4969 1772 5024 τοιοῦτόν
1796 4986 1918 5023 τινα

341 5071 498 5137 Θεὸν,
530 5070 670 5140 πλὴν
715 5069 824 5140 ἄρα
869 5065 962 5121 σοῦ
991 5083 1052 5120 τε
1101 5065 1195 5119 καὶ
1243 5063 1407 5135 μόνου
1431 5079 1447 5096 ο
1492 5063 1605 5124 τοῖς
1635 5059 1742 5130 γὰρ
1783 5060 1913 5113 ὑπο-

348 5159 571 5234 μένουσί
596 5176 673 5222 σε,
707 5157 976 5221 τουτέστι,
1023 5159 1136 5220 τοῖς
1184 5157 1264 5217 είς
1293 5155 1353 5207 σὲ
1403 5152 1788 5222 πεποιημένοις
1818 5149 1918 5219 τὴν

342 5249 560 5315 ἐλπίδα,
596 5247 966 5318 ἐπιδαψιλεύει
994 5247 1086 5301 τὸν
1117 5245 1282 5299 ἐλεονο
1316 5244 1505 5314 ἕψεται
1555 5242 1664 5313 γὰρ
1703 5241 1922 5303 πάντως

341 5343 457 5404 τοῖς
481 5340 578 5409 τῆς
603 5337 945 5408 δικαιοσύνης
978 5337 1258 5408 ἐργάταις,
1305 5335 1580 5397 κάκείνοις
1616 5331 1779 5386 αὑτὸν
1823 5333 1921 5402 ἀρ-

347 5431 506 5502 μόσει
535 5429 741 5495 λαϐεῖν,
771 5429 930 5500 οἵπερ
955 5427 1020 5482 ἂν
1051 5425 1160 5481 εἷεν
1182 5429 1240 5480 ἐν
1269 5428 1460 5497 μνήμῃ
1483 5425 1590 5478 τῶν
1633 5423 1741 5477 σῶν
1763 5423 1919 5482 ὁδῶν.

343 5519 617 5584 τουτέστι,
665 5518 774 5573 τῶν
807 5517 917 5571 σῶν
963 5517 1280 5588 θελημάτων
1324 5513 1710 5568 ἀποτελεσταί⁶
1771 5511 1922 5576 ὁδοὺς

346 5608 458 5679 γὰρ
496 5609 700 5680 Κυρίου
727 5608 906 5679 φαμὲν
930 5603 1069 5661 εἶναι
1090 5607 1190 5670 τὰς
1217 5605 1433 5668 ἐντολὰς
1448 5605 1635 5659 αὑτοῦ.
1655 5605 1764 5658 Καὶ
1789 5603 1918 5672 γοῦν

419 5786 460 5818 ³⁸
488 5786 628 5842 Psal.
656 5802 881 5852 Lxxvut;
911 5787 960 5842 6.
1041 5787 1084 5818 ³’
1122 5784 1276 5840 Joan.
1308 5802 1344 5849 ι,
1393 5785 1476 5838 l8.

1556 5785 1601 5814 ³³
1644 5783 1801 5837 Itoni.
1840 5799 1877 5846 ι,
1904 5782 1992 5835 20.

2027 4796 2241 4835 manum
2280 4779 2570 4835 salutarem
2605 4777 2826 4848 praebet.
2859 4779 3050 4834 Simile
3084 4789 3168 4834 est
3201 4778 3344 4848 quod
3411 4779 3596 4834 dicunt

2025 4873 2116 4943 qui
2170 4874 2308 4927 hanc
2360 4871 2722 4942 precationem
2771 4869 3071 4926 edundunt.
3115 4872 3162 4927 A
3214 4871 3397 4926 mundi
3447 4871 3591 4924 enim

2026 4965 2409 5022 constitutione
2431 4979 2606 5034 neque
2629 4963 2954 5029 audivimus,
2980 4979 3151 5033 neque
3174 4963 3405 5017 vidimus
3435 4962 3599 5017 talem

2026 5058 2212 5122 Demn,
2245 5064 2439 5126 praeter
2473 5065 2544 5122 te,
2574 5065 2628 5110 et
2660 5055 2874 5125 quidem
2909 5055 3104 5110 solum.
3137 5053 3589 5122 Exspectantibus

2022 5145 2166 5201 enim
2207 5155 2277 5214 te,
2311 5147 2361 5201 id
2403 5153 2508 5211 est,
2535 5161 2683 5216 spem
2728 5147 2780 5200 in
2826 5155 2878 5201 te
2918 5145 3332 5210 collocantibus,
3365 5144 3587 5212 largiter

2031 5236 2452 5292 misericordiam
2484 5237 2784 5308 imparties.
2815 5238 3086 5308 Sequetur
3116 5254 3350 5306 namque
3377 5252 3604 5306 semper

2027 5328 2303 5398 operarios
2323 5328 2570 5396 iustitiae,
2594 5342 2794 5398 eosque
2819 5344 2938 5384 eam
2968 5329 3222 5398 consequi
3257 5343 3353 5397 par
3377 5337 3476 5390 est,
3501 5327 3594 5396 qui

2031 5421 2453 5476 recordabuntur
2475 5421 2678 5474 viarum
2712 5431 2946 5485 tuarum,
2972 5422 3022 5476 id
3051 5432 3150 5486 est,
3176 5420 3264 5489 qui
3294 5419 3602 5472 voluntates

2025 5513 2194 5584 888
2242 5523 2361 5568 tuas
2403 5524 2787 5584 exsequuntur.
2830 5514 3038 5570 Domini
3089 5513 3232 5567 enim
3279 5511 3420 5577 vias,
3458 5523 3600 5578 prae-

2025 5614 2176 5675 cepta
2224 5603 2339 5675 ejus
2377 5605 2626 5661 dicimus.
2652 5604 2927 5675 Siquidem
2969 5603 3183 5658 divinus
3217 5598 3382 5657 David
3418 5593 3604 5670 psaliit
