4096 6526
561 404 700 462 1399
1588 398 1645 454 S.
1692 397 1970 454 CYRILLI
2010 394 2481 450 ALEXANDRIM
2518 394 2834 451 ARCHIEP.
3693 380 3835 437 H00

554 517 751 574 alicubi
784 533 795 566 :
836 534 850 565 ι
890 515 945 568 in
972 515 1054 567 via
1091 523 1176 567 tua
1203 512 1400 567 vivam.
1435 533 1453 565 ι
1482 514 1623 567 Alibi
1656 530 1841 568 rursus
1874 532 1887 568 :
1926 534 1943 565 ι
1984 512 2131 567 Viam

2297 512 2586 572 θεσπέσιος
2640 508 2834 577 ψάλλει
2877 505 3060 569 Δαδὶδ,
3111 502 3242 556 ποτὲ
3293 502 3423 572 μὲν,
3465 499 3549 551 ὅτι
3586 516 3606 547 ι
3650 497 3739 547 ‘Fv
3767 498 3835 564 τῇ

558 610 931 662 mandatorum
992 615 1203 659 tuormn
1263 604 1516 667 cucurri,
1568 618 1690 657 cum
1750 603 1987 657 dilatasti
2044 618 2137 656 cur

2268 602 2344 671 δῷ
2378 619 2470 654 σου
2491 600 2755 670 ζήσομαι,
2801 618 2819 650 ι
2855 597 2985 650 ποτὲ
3014 595 3070 649 δὲ
3099 595 3289 648 πάλιν*
3331 612 3349 643 ι
3403 590 3552 645 Ὀδὸν
3598 586 3837 642 ἐντολῶν

558 712 735 753 meum
758 697 821 751 ³⁵.
860 715 878 747 ι

1165 827 1401 883 TOMUS
1442 828 1527 883 Vl.

631 963 794 1018 Vens.
824 961 879 1029 6,
906 962 959 1015 7.
993 960 1124 1016 Ecce
1167 970 1224 1015 tu
1263 964 1433 1015 iratus
1473 978 1549 1024 es,
1581 972 1627 1015 et
1666 978 1759 1014 nos
1792 962 2137 1029 peccavimus.

563 1050 847 1120 Propterea
888 1051 1195 1113 erravimus,
1227 1059 1274 1103 et
1319 1050 1446 1117 facti
1487 1066 1666 1103 sumus
1712 1050 1845 1103 velut
1886 1048 2141 1102 immundi

563 1157 736 1194 omnes
773 1156 895 1202 nos,
927 1149 975 1192 et
1007 1149 1256 1208 tanquam
1290 1156 1494 1207 pannus
1530 1147 1868 1192 menstruam
1905 1138 2141 1191 mulieris

561 1232 727 1286 omnis
766 1232 982 1301 justitia
1029 1241 1230 1284 nostra.
1292 1229 1623 1299 Deﬂuximus
1671 1242 1846 1285 autem
1891 1240 2143 1301 tanquam

562 1322 713 1388 folia,
745 1332 952 1389 propter
992 1320 1290 1390 iniquitates
1335 1331 1562 1378 nostras.
1594 1321 1683 1376 Sic
1725 1333 1900 1376 ventus
1943 1321 2143 1388 auferet

563 1426 656 1463 nos
692 1418 749 1462 ut
774 1410 1055 1477 pulverem,
1083 1419 1132 1464 et
1166 1426 1267 1465 non
1300 1418 1373 1463 est
1410 1410 1498 1479 qui
1525 1410 1721 1463 invocet
1756 1426 1939 1463 nomen
1975 1421 2140 1471 tuam,

562 1510 611 1554 et
640 1501 825 1570 cogitet
856 1504 1235 1570 apprehendere
1265 1512 1333 1555 te.
1363 1500 1499 1566 Quia
1526 1503 1754 1555 acertisti
1782 1502 1972 1570 faciem
1998 1512 2144 1556 tuam

566 1608 598 1645 a
630 1594 806 1659 nobis,
831 1604 877 1647 et
911 1593 1179 1647 tradidisti
1210 1610 1301 1647 nos
1334 1604 1542 1662 propter
1566 1604 1777 1663 peccata
1804 1604 2003 1648 nostra.

643 1872 827 1927 Visum
859 1885 943 1927 est
970 1873 1289 1942 quibusdam
1325 1874 1701 1941 interpretum,
1732 1870 1898 1924 alium
1931 1885 2147 1925 sensum

570 1966 654 2021 his
710 1965 890 2020 verbis
958 1981 1250 2035 apponere.
1308 1965 1584 2019 Invertunt
1642 1965 1789 2019 enim
1856 1963 2153 2018 dictionum

571 2058 812 2112 ordinent
842 2068 896 2110 et
920 2057 1311 2111 sententiarum
1346 2056 1472 2118 vim,
1503 2062 1561 2108 ut
1591 2056 1657 2108 ad
1690 2056 1832 2110 hunc
1858 2054 2071 2107 modum
2100 2066 2157 2105 se

573 2149 792 2214 habeat,
823 2149 963 2218 quod
1011 2150 1212 2202 dictum
1256 2156 1340 2202 est
1375 2167 1388 2201 :
1432 2165 1451 2198 ι
1487 2147 1625 2202 Ecce
1658 2162 1756 2201 nos
1789 2144 2156 2216 peccavimus,

575 2250 632 2294 et
659 2250 712 2292 tu
744 2239 916 2292 iratus
959 2254 1019 2293 es
1057 2238 1234 2291 nobis.
1272 2257 1291 2289 ι
1339 2237 1453 2291 Νοιι
1495 2238 1664 2301 enim,
1693 2237 1966 2306 inquiunt,
1996 2250 2158 2289 causa

578 2330 685 2383 illis
725 2330 1071 2398 delinquendi
1102 2328 1202 2382 fuit
1233 2329 1311 2381 ira
1339 2330 1519 2383 divina
1555 2345 1569 2381 :
1602 2337 1658 2381 at
1684 2328 1809 2397 quia
1847 2327 1921 2381 illi
1954 2326 2160 2379 furiose

579 2422 821 2476 bacchati
870 2428 1028 2487 ειιιιι,
1070 2422 1209 2475 Deus
1264 2422 1433 2475 iratus
1484 2428 1587 2474 est.
1616 2420 1832 2473 Timent
1880 2418 2055 2482 enim,
2102 2427 2159 2471 ιιι

577 2516 808 2578 videtur,
837 2513 1025 2567 necubi
1056 2514 1258 2580 peccati
1296 2522 1483 2567 auctor
1514 2512 1727 2565 divinus
1780 2511 1932 2565 furor
1960 2510 2162 2565 intelli-

580 2614 757 2673 gatur.
788 2602 921 2657 Illud
963 2604 1194 2657 arbitror
1239 2604 1526 2657 dicendum
1569 2616 1710 2665 esse,
1743 2602 1878 2655 iram
1924 2601 2158 2655 divinam

582 2696 930 2750 condemnari
976 2706 1256 2764 propterea
1301 2711 1405 2747 non
1453 2695 1683 2757 debere,
1715 2695 1759 2749 si
1802 2694 1895 2763 qui
1944 2693 1992 2747 ei
2036 2704 2163 2747 sunt

581 2788 823 2854 obnoxii,
850 2804 952 2840 non
996 2788 1130 2841 satis
1175 2787 1369 2840 virium
1412 2786 1645 2839 habeant
1685 2789 1750 2839 ad
1800 2785 2160 2854 ellugiendnm

584 2880 788 2947 peccati
831 2878 1108 2933 insultmn.
1142 2878 1392 2944 Quandiu
1424 2878 1567 2931 enim
1614 2875 1874 2930 Servatur
1912 2878 1964 2930 in
2007 2876 2162 2933 nobis

584 2970 908 3036 voluptatem
939 2969 1099 3037 capit,
1129 2979 1406 3037 peccatum
1436 2970 1727 3032 vincimus,
1760 2977 1813 3020 et
1843 2984 1871 3022 a
1904 2968 2159 3022 vitiorum

585 3063 835 3116 sordilms
872 3063 1214 3126 recedentes,
1247 3062 1543 3132 spiritualis
1572 3063 1909 3118 fortitudinis
1940 3064 2162 3134 insigni-

2242 712 2335 747 σου
2366 693 2619 765 ἔδραμον,
2642 694 2771 745 ὅταν
2804 690 3106 753 ὲπλάτυνας
3129 686 3228 758 τὴν
3257 684 3485 755 καρδίαν
3512 700 3641 753 μου.
3669 699 3687 731 ι

2862 826 3094 879 ΤΟΜΟΣ
3134 826 3225 891 εῖν.

2324 965 2473 1019 Ἰδοὺ
2512 965 2592 1018 σὺ
2612 964 2931 1032 ὠργίσθης,
2966 960 3066 1015 καί
3110 960 3279 1028 ἡμεῖς
3320 958 3689 1027 ἡμάρτομεν.
3741 956 3843 1005 Διὰ

2245 1058 2423 1112 τοῦτο
2455 1053 2904 1122 ἐπλανήθημεν,
2932 1051 3033 1104 καὶ
3065 1048 3432 1119 ἐγενήθημεν
3456 1048 3538 1111 ὡς
3572 1045 3841 1111 ἀκάθαρ-

2243 1166 2333 1203 τοι
2366 1147 2589 1211 πάντες
2632 1144 2822 1215 ἡμεῖς,
2875 1144 2973 1197 καὶ
3030 1142 3111 1205 ὡς
3143 1139 3332 1208 ῥάκος
3377 1133 3846 1203 ἀποκαθημένης

2244 1240 2411 1292 πᾶσα
2450 1239 2489 1305 ἠ
2550 1235 2905 1300 δικαιοσύνη
2955 1231 3154 1301 ἡμῶν·
3213 1231 3312 1283 καὶ
3357 1228 3731 1297 ἐξερῤὐημεγ
3766 1226 3845 1286 ὡς

2245 1330 2449 1398 φύλλα
2507 1327 2603 1379 διὰ
2659 1326 2764 1391 τὰς
2803 1324 3055 1392 ἀνομίας
3108 1322 3300 1389 ἡμῶν·
3379 1320 3571 1383 οὕτως
3623 1316 3845 1382 ἄνεμος

2246 1422 2400 1475 οἴσει
2420 1418 2575 1488 ἡμᾶς
2594 1419 2674 1485 ὡς
2695 1416 2966 1487 χοῦνμ),
3001 1415 3099 1469 καὶ
3124 1416 3233 1467 οὐκ
3257 1412 3431 1467 ἐστιν
3456 1415 3487 1464 ὀ
3514 1408 3841 1462 ἐπικαλού-

2244 1530 2430 1583 μενος
2450 1511 2514 1566 τὸ
2539 1509 2726 1579 ὄνομά
2747 1526 2885 1571 σου,
2912 1507 3010 1561 καὶ
3045 1509 3078 1561 ό
3103 1505 3399 1575 μνησθεὶς
3417 1499 3843 1556 ἀντιλαϐέσθαι

2250 1621 2367 1659 σου
2392 1642 2407 1667 ,
2462 1602 2553 1656 ὅτι
2618 1599 3010 1667 ἀπέστρεψας
3054 1597 3119 1650 τὸ
3192 1594 3517 1663 πρόσωπόν
3567 1606 3691 1644 σου
3747 1589 3844 1654 ἀρ’

2249 1695 2453 1766 ἡμῶν,
2496 1695 2597 1749 καὶ
2657 1692 3004 1761 παρέδωκας
3058 1688 3214 1759 ἡμᾶς
3266 1688 3364 1742 διὰ
3413 1688 3519 1751 τὰς
3554 1683 3841 1753 ἁμαρτίας

2180 1841 2222 1895 B
2250 1790 2440 1895 ἡμέῖἶὟ

2328 1880 2515 1946 Ἔδοξε
2557 1880 2669 1933 τισὶ
2700 1880 2809 1932 τῶν
2869 1875 3174 1947 ἐξηγητῶν,
3228 1873 3351 1926 καθ’
3395 1870 3594 1941 ἑτέραν
3627 1868 3842 1920 ἔννοιαν

2262 1978 2376 2040 τοῖς
2411 1972 2794 2046 προκειμένοις
2850 1967 3199 2040 προσϐαλεῖν.
3267 1964 3695 2033 Ἀναστρέφουσι
3744 1960 3847 2027 γὰρ

2254 2067 2363 2121 τῶν
2414 2065 2614 2131 λέξεων
2670 2062 2769 2132 τὴν
2820 2061 3094 2124 ἀπόδοσιν,
3145 2059 3265 2127 ἦτοι
3318 2055 3427 2108 τῶν
3480 2052 3705 2105 ἐννοιῶν
3753 2049 3847 2119 τὶν]

2256 2157 2506 2227 δύναμιν,
2546 2154 2633 2207 ἴνα
2672 2152 2912 2206 τοιοῦτον
2942 2147 3057 2223 ᾗτδ
3099 2148 3415 2215 λεγόμενον’
3455 2164 3473 2196 ι
3517 2144 3651 2199 Ἰδοὺ
3688 2142 3845 2211 ἡμεῖς

2258 2250 2598 2321 ἡμάρτομεν,
2627 2245 2903 2315 ὠργίσθης
2930 2244 2986 2296 δὲ
3012 2242 3097 2295 σύ.
3122 2260 3140 2292 ι
3170 2243 3243 2294 Οὐ
3262 2240 3369 2307 γάρ
3394 2255 3499 2299 τοι,
3518 2236 3677 2305 φασὶ,
3710 2250 3847 2303 παρα

2258 2343 2429 2403 αίτιος
2480 2341 2663 2401 αὐτοῖς
2693 2336 2785 2391 τοῦ
2817 2335 3159 2405 πλημμελεῖν
3208 2335 3241 2402 ὴ
3277 2331 3395 2385 θεία
3432 2330 3660 2398 γέγονεν
3688 2328 3845 2396 ὀργή.

2272 2431 2490 2501 Ἐπειδὴ
2542 2432 2598 2483 δὲ
2638 2429 2793 2482 αὐτοὶ
2842 2425 3344 2496 πεπαρῳνήκασιν,
3392 2420 3641 2491 ὠργίσθη
3695 2419 3844 2480 Θεὸς,

2260 2524 2462 2578 δεδίασι
2520 2521 2629 2590 γὰρ
2679 2518 2821 2572 κατά
2857 2519 2917 2570 τὸ
2969 2516 3114 2578 εἰκὸς
3149 2514 3222 2585 μὴ
3282 2513 3387 2583 ἄρα
3418 2529 3537 2573 πως
3577 2511 3849 2580 ἁμαρτίας

2261 2614 2519 2684 πρόξενος
2545 2614 2573 2664 ὁ
2600 2610 2739 2673 θεῖος
2777 2612 2975 2662 νοεῖται
3004 2605 3198 2676 θυμός.
3236 2601 3402 2674 Οἶμαι
3434 2602 3496 2655 δὲ
3532 2603 3643 2654 δεῖν
3678 2604 3853 2653 ἐκεῖνο

2261 2708 2458 2769 εἰπεῖν,
2490 2704 2550 2757 οὐ
2578 2703 2688 2772 γάρ
2717 2720 2797 2754 τοι
2825 2701 3163 2771 κατὰῤῥησιν
3192 2697 3305 2767 ἔχει
3341 2696 3444 2764 τῆς
3473 2696 3625 2757 θείας
3645 2694 3813 2763 ὀργῆς
3833 2734 3849 2755 ,

2259 2795 2322 2848 τὸ
2351 2796 2476 2857 τοὺς
2503 2795 2595 2845 ὐπ’
2626 2793 2763 2861 αὐτῇ
2799 2790 3091 2858 γεγονότας
3130 2789 3402 2849 ἀνικάνως
3447 2786 3593 2854 ἔχειν
3626 2784 3762 2852 πρός
3790 2799 3851 2848 γε

2261 2887 2321 2937 τὸ
2341 2884 2600 2937 δύνασθαι
2623 2884 2909 2950 διαφυγεῖν
2928 2883 3027 2950 τῆς
3046 2879 3320 2950 ἁμαρτίας
3347 2878 3449 2946 τὴν
3477 2876 3686 2945 ἔφοδον.
3708 2875 3853 2934 Ἕως

2266 2979 2364 3049 μὲν
2392 2978 2499 3048 γὰρ
2530 2978 2613 3047 ἐφ’
2648 2978 2779 3046 ἡμῖν
2819 2977 2849 3029 ὁ
2886 2974 3075 3037 σώζων
3106 2972 3483 3041 εὐφραίνεται,
3519 2984 3853 3037 κατευμεγε-

2263 3068 2467 3139 θοῦμεν
2497 3069 2594 3137 τῆς
2617 3066 2914 3136 ἁμαρτίας,
2939 3064 3035 3117 καὶ
3062 3062 3168 3115 τῶν
3197 3063 3263 3114 ἐκ
3308 3059 3644 3129 φαυλότητος
3670 3058 3853 3127 parm

586 3151 685 3205 bus
712 3160 929 3207 strenue
955 3168 1301 3208 coronamur.
1329 3155 1396 3206 At
1424 3154 1510 3207 tibi
1544 3154 1875 3209 fortitudinis
1904 3156 2160 3224 suppedi-

2267 3159 2665 3229 ἀποφοιτῶντες
2707 3156 2977 3219 εὐσθενῶς
3018 3159 3130 3217 τοῖς
3178 3155 3257 3216 είς
3291 3152 3583 3221 εὐανδρίαν
3618 3166 3855 3219 πνευμα-

589 3252 782 3307 torem,
813 3254 869 3298 et
911 3245 1123 3301 roboris
1161 3260 1225 3299 ac
1274 3246 1466 3300 virium
1518 3248 2041 3302 sulnninistratorem
2071 3264 2165 3302 ex-

589 3335 935 3399 acerbatuus,
1022 3335 1076 3389 itt
1102 3334 1429 3391 debilitatem
1453 3336 1780 3400 corruimus,
1809 3345 1863 3389 et
1895 3338 2164 3389 infirmam

590 3438 656 3479 ac
709 3424 989 3478 remissam
1047 3434 1281 3478 mentem
1334 3433 1570 3479 nostram
1623 3425 1976 3481 inveniemus.
2026 3425 2168 3478 Deus

589 3511 734 3567 enim
764 3522 849 3567 est
876 3513 1135 3567 virtutum
1165 3513 1427 3568 Dominus
1451 3515 1517 3567 ".
1552 3514 1615 3567 Et
1660 3516 1874 3583 quidem
1919 3516 2168 3571 Christus

591 3604 670 3657 ait
714 3621 729 3658 :
777 3622 797 3656 ι
846 3603 977 3657 Sine
1006 3619 1092 3657 me
1124 3620 1228 3658 non
1264 3606 1488 3672 potestis
1516 3608 1806 3676 quidquam
1840 3608 2016 3663 facere
2041 3611 2108 3663 ³⁸.
2145 3630 2162 3661 ι

596 3693 846 3762 Dixitque
878 3694 926 3748 ei
957 3695 1171 3749 divinus
1200 3696 1361 3749 David
1390 3698 1455 3751 de
1485 3699 1631 3751 omni
1660 3710 1848 3753 sancto
1882 3718 1895 3753 :
1932 3719 1950 3753 ι
1985 3700 2167 3756 Gloria

598 3786 849 3854 potentia:
873 3801 1057 3840 eorum
1088 3795 1139 3840 tu
1170 3804 1228 3841 es
1251 3788 1314 3841 ³⁷.
1353 3807 1372 3840 ι
1405 3788 1544 3844 Alibi
1574 3806 1806 3859 quoque,
1832 3793 1971 3861 quod
2004 3797 2173 3860 possit

594 3879 719 3934 boni
772 3878 971 3948 aliquid
1027 3892 1315 3947 praestare;
1354 3882 1524 3952 889
1576 3898 1680 3936 non
1738 3884 1869 3949 sibi,
1921 3887 2014 3939 sed
2075 3885 2170 3940 Dei

594 3971 845 4041 potentiae
872 3973 1194 4037 attribuens,
1225 3974 1402 4042 psallit
1430 3985 1485 4029 et
1509 3976 1680 4045 inquit
1709 3993 1722 4029 :
1757 3993 1775 4027 ι
1817 3975 1927 4030 Non
1962 3979 2013 4030 in
2040 3992 2170 4031 arcu

596 4078 719 4118 meo
763 4063 1025 4133 sperabo,
1072 4073 1126 4119 et
1170 4065 1380 4134 gladius
1431 4081 1582 4121 meus
1632 4082 1735 4121 non
1788 4068 2025 4123 servabit
2067 4084 2170 4125 me.

599 4154 838 4209 Servasti
864 4156 1009 4209 enim
1039 4171 1135 4211 nos
1165 4160 1233 4211 ab
1266 4157 1348 4211 his
1376 4159 1464 4227 qui
1494 4158 1735 4230 alllignnt
1757 4161 1821 4214 ⁸⁸.
1857 4180 1876 4212 ι
1916 4159 1983 4215 Ut
2012 4161 2173 4231 igitur

599 4262 846 4316 superna:
879 4247 1175 4302 clementitr
1208 4246 1359 4302 favor
1394 4264 1492 4305 nos
1527 4252 1707 4305 reddit
1743 4251 2092 4316 fortissimos,
2120 4262 2177 4308 et

600 4352 857 4392 nervosus
891 4338 1021 4392 facit
1054 4340 1120 4391 ad
1161 4341 1520 4396 resistendum
1565 4343 1706 4398 malo
1752 4361 1765 4397 :
1812 4344 1926 4413 pari
1966 4344 2175 4399 ratione

601 4441 726 4482 cum
750 4426 943 4480 divinae
970 4429 1061 4482 ira;
1084 4428 1421 4498 subjicimur,
1448 4440 1557 4484 tum
1586 4432 1794 4486 vitiosis
1815 4432 2176 4500 voluptatibus

2270 3252 2426 3322 τικὴν
2454 3252 2734 3321 αὐχήμασι
2758 3247 3188 3317 στεφανούμεθα.
3231 3244 3773 3313 Καταπικραίνοντες
3799 3240 3855 3291 δὲ

2268 3346 2367 3414 τῆς
2424 3341 2607 3411 ἰσχύος
2655 3340 2747 3394 τὸν
2806 3338 3065 3411 χορηγὸν,
3129 3338 3222 3390 καὶ
3274 3336 3376 3405 τῆς
3436 3333 3726 3402 εὐανδρίας
3769 3332 3857 3383 τὸν

2273 3430 2557 3501 πρύτανιν,
2590 3429 2862 3498 πίπτομεν
2889 3430 2969 3491 εἰς
3005 3430 3066 3479 τὸ
3094 3426 3308 3489 ἄναλκι,
3342 3425 3439 3478 καὶ
3482 3422 3689 3493 ἀδρανῆ
3722 3438 3853 3482 πως,

2268 3523 2363 3575 καὶ
2385 3520 2717 3591 παρειμένον
2746 3519 2839 3573 τὸν
2862 3517 3067 3571 ἑαυτῶν
3091 3518 3394 3588 εὑρήσομεν
3419 3514 3567 3567 νοῦν.
3594 3513 3726 3575 Θεὸς
3746 3513 3855 3581 γάρ

2270 3617 2419 3668 ἐστιν
2445 3616 2474 3667 ὁ
2519 3612 2627 3665 τῶν
2654 3611 2937 3682 δυνάμεων
2980 3611 3206 3681 Κύριος.
3247 3610 3357 3663 Καὶ
3387 3608 3521 3677 γοῦν
3574 3607 3681 3675 ἔφη
3728 3607 3857 3676 Χρι-

2274 3706 2416 3768 στὸς,
2446 3705 2527 3758 ὅτι
2561 3724 2579 3755 ι
2625 3704 2809 3773 Χωρὶς
2842 3702 2973 3773 ἐμοῦ
3003 3703 3063 3755 οὐ
3118 3700 3346 3754 δύνασθε
3382 3702 3561 3752 ποιεῖν
3613 3698 3784 3751 οὐδέν.
3831 3716 3849 3748 ι

2275 3796 2420 3864 Ἔφη
2454 3795 2510 3847 δέ
2537 3811 2641 3847 που
2691 3794 2785 3846 καὶ
2809 3795 2837 3846 ὁ
2866 3792 3150 3855 θεσπέσιος
3169 3791 3333 3844 Δαδὶδ
3372 3789 3514 3861 πρὸς
3549 3788 3714 3842 αὐτὸν
3734 3786 3859 3857 περὶ

2272 3886 2471 3949 παντὸς
2496 3884 2671 3953 ἁγίου,
2706 3886 2788 3937 ὅτι
2846 3902 2865 3935 ι
2895 3884 2968 3936 Τὸ
3002 3883 3260 3954 καύχημα
3315 3882 3413 3952 τῆς
3459 3880 3743 3951 δυνάμεως
3768 3879 3859 3931 ait-

2272 3976 2379 4029 τῶν
2410 3976 2473 4027 οὐ
2514 3972 2583 4029 εί.
2630 3994 2649 4025 ι
2682 3975 2794 4028 Καὶ
2830 3975 2935 4045 μὴν
2963 3977 3057 4028 καὶ
3106 3973 3332 4045 ἑτέρωθί
3370 3990 3472 4026 που
3501 3972 3563 4025 τὺ
3603 3969 3859 4024 δύνασθαί

2274 4066 2457 4121 τιτῶν
2489 4067 2709 4135 ἀγαθῶν
2753 4065 3072 4137 κατορθοῦν,
3116 4066 3213 4135 οὐχ
3254 4064 3431 4134 ἑαυτῷ
3459 4062 3684 4133 μᾶλλον,
3727 4060 3861 4115 ἀλλὰ

2276 4161 2369 4213 καὶ
2391 4161 2511 4221 ταῖς
2540 4158 2632 4211 τοῦ
2668 4157 2802 4210 θεοῦ
2847 4158 3143 4228 δυνάμεσιν
3192 4155 3473 4219 ἀνατεθεὶς
3509 4155 3728 4224 ψάλλει,
3767 4152 3858 4205 καί

2278 4264 2442 4318 φησιν
2466 4261 2480 4277 ο
2513 4264 2533 4297 ι
2556 4247 2669 4299 Οὐκ
2688 4245 2780 4299 ἐπὶ
2812 4244 2888 4315 τῷ
2918 4246 3056 4316 τόξῳ
3076 4263 3175 4316 μου
3196 4244 3388 4308 ὲλπιῶ,
3420 4245 3516 4298 καὶ
3549 4245 3584 4313 ἡ
3617 4242 3856 4313 ῥομφαία

2282 4357 2380 4410 μου
2410 4340 2469 4392 οὐ
2498 4338 2661 4392 σώσει
2704 4355 2792 4409 με.
2813 4339 3061 4400 Ἔσωσας
3091 4336 3198 4407 γὰρ
3228 4336 3375 4405 ἡμᾶς
3415 4337 3480 4388 ὲκ
3508 4333 3619 4387 τῶν
3654 4333 3855 4386 θλιὸόν-

2279 4450 2385 4485 των
2421 4433 2581 4502 ἡμᾶς.
2626 4451 2643 4484 ι
2678 4432 2889 4502 ’Ὠσπερ
2926 4432 3105 4484 τοίνυν
3130 4430 3192 4482 τὸ
3220 4430 3315 4499 τῆς
3346 4427 3557 4482 ἄνωθεν
3584 4426 3858 4496 ἡμερότη-

600 4518 871 4574 serviliter
895 4519 1269 4583 succumbere,
1294 4522 1513 4576 omnino
1538 4532 1621 4577 est
1649 4538 1888 4578 necesse.
1915 4524 2088 4578 Iratus
2116 4539 2164 4578 ee

2278 4540 2369 4585 τος
2418 4522 2676 4593 εὐμενὲς,
2737 4522 3149 4591 ἀλκιμωτάτους
3196 4520 3344 4590 ἡμᾶς
3396 4518 3724 4586 ἀποφαίνει,
3770 4516 3859 4567 καὶ

603 4627 761 4681 ergo,
794 4626 859 4665 eo
892 4612 1033 4680 quod
1067 4612 1318 4667 videlicet
1350 4614 1591 4668 bacchati
1628 4614 1921 4670 crudeliter
1953 4631 2171 4682 sumus,

603 4711 657 4757 et
692 4711 1004 4771 peccatores
1037 4718 1101 4755 ac
1137 4702 1331 4759 nefarii
1364 4704 1705 4769 exstitimus,
1738 4708 1871 4761 adeo
1907 4718 1964 4761 ut
1996 4708 2174 4761 omnis

600 4793 809 4864 jnstitia
855 4803 1065 4858 nostra,
1102 4793 1295 4864 inquit,
1330 4809 1509 4863 panno
1552 4806 1898 4852 menstruatre
1937 4799 2176 4854 mulieris

606 4898 727 4937 esse
756 4884 947 4940 similis
978 4886 1242 4949 videatur,
1275 4885 1324 4938 id
1356 4896 1467 4949 est,
1499 4886 1857 4941 abominanda
1893 4889 1964 4942 sit
1989 4898 2042 4942 et
2076 4891 2177 4943 into

608 4982 758 5036 pura.
790 4969 896 5025 Nec
923 4972 1064 5026 enim
1092 4969 1249 5029 facile
1276 4974 1477 5028 videris
1500 4974 1761 5044 justitiam
1796 4979 1935 5046 apud
1968 4978 2179 5034 Israeli-

610 5068 715 5124 tas,
737 5063 967 5117 maxime
992 5080 1133 5119 nunc
1162 5076 1279 5134 post
1305 5066 1635 5135 impietatem
1662 5068 1711 5121 in
1740 5067 2037 5136 Christum,
2062 5086 2181 5139 qua:

612 5166 717 5206 non
767 5154 1191 5220 reprehendatur
1234 5166 1288 5209 et
1333 5157 1641 5211 irrideatur.
1676 5158 1805 5212 Nam
1856 5160 1947 5228 qui
1999 5174 2182 5230 pectus

612 5240 811 5296 habent
842 5242 1024 5298 divino
1055 5256 1109 5298 et
1145 5246 1460 5316 intelligihili
1498 5247 1701 5303 lumine
1731 5252 1951 5304 omnino
1984 5254 2180 5305 nudum

609 5342 665 5387 et
704 5347 929 5387 vaeumn
976 5353 990 5389 :
1034 5339 1122 5403 qui
1164 5336 1278 5389 fieri
1322 5348 1502 5404 posset
1545 5349 1598 5391 ut
1641 5341 1886 5393 semitam
1927 5352 2073 5396 recta
2116 5343 2182 5396 ad

612 5437 797 5478 sacras
826 5423 970 5494 leges
996 5426 1344 5481 deducentem
1374 5429 1622 5483 videant?
1644 5439 1735 5483 aut
1757 5432 2023 5501 quomodo
2045 5432 2177 5501 justi

686 5603 732 5634 “
764 5604 903 5660 Psal.
931 5621 1119 5671 cxvm,
1149 5609 1231 5674 Η,
1268 5610 1351 5663 15.

2278 4615 2549 4687 διανευροῖ
2572 4615 2707 4684 πρὸς
2736 4614 3047 4667 ἀντίστασιν
3075 4607 3168 4665 τοῦ
3217 4609 3413 4665 κακοῦ·
3450 4608 3596 4662 κατά
3622 4609 3713 4661 τὸν
3750 4606 3859 4658 ἴσον

2280 4707 2488 4760 τουτονὶ
2512 4707 2733 4777 τρόπον,
2760 4706 2889 4758 ὅταν
2934 4704 3039 4757 ὑπὸ
3072 4702 3222 4757 θείαν
3247 4702 3535 4771 πίπτωμεν
3585 4700 3775 4771 ὀργὴν,
3800 4697 3859 4748 τὸ

2279 4798 2534 4869 τηνικάδε
2570 4798 2721 4852 πᾶσά
2782 4815 2900 4860 πως
2953 4796 3165 4865 ἀνάγκη
3220 4794 3606 4865 ὼυλοπρεπῶς
3660 4792 3856 4859 ὐποςέ-

2288 4889 2475 4960 ρεσθαι
2501 4891 2621 4953 ταῖς
2666 4891 2744 4951 εἰς
2768 4889 2829 4942 τὸ
2877 4887 3078 4956 φαῦλον
3117 4887 3350 4958 ἡδοναῖς’
3381 4885 3662 4957 ὠργίσθης
3687 4885 3859 4937 τοίνυν

2286 4981 2370 5049 ἐφ’
2427 4974 2508 5045 οἷς
2566 4980 2805 5051 δηλονότι
2862 4982 3376 5049 πεπαρῳνήκαμεν,
3424 4979 3520 5029 καὶ
3560 4975 3857 5045 γεγόναμεν

2280 5071 2612 5145 ἁμαρτωλοὶ,
2629 5072 2723 5124 καὶ
2747 5070 2982 5141 βέϐηλοι,
3005 5070 3143 5125 ὥστε
3168 5071 3261 5123 καὶ⁵
3279 5072 3458 5122 πᾶσαν
3479 5068 3660 5139 ἡμῶν,
3706 5066 3854 5136 φησὶ,

2281 5164 2380 5233 τὴν
2416 5163 2759 5233 δικαιοσύνην
2809 5164 3042 5216 ἐοικέναι
3094 5163 3249 5233 ράκει
3308 5161 3566 5229 γυναικὸς
3624 5159 3859 5212 ἀποκαθ-

2279 5253 2512 5323 ημένης,
2542 5254 2804 5317 τουτέστι,
2833 5252 3092 5323 βδελυρὰν
3131 5249 3270 5306 εἶναι
3300 5252 3395 5306 καὶ
3428 5250 3756 5321 ἀκάθαρτον.
3782 5250 3859 5299 Οὐ

2283 5361 2390 5415 γαρ
2423 5345 2539 5398 ἐστι
2582 5344 2928 5414 δικαιοσύνην
2978 5345 3102 5396 ἰδεῖν
3155 5343 3306 5415 παρὰ
3352 5345 3466 5406 τοῖς
3514 5340 3575 5406 ἐξ
3633 5341 3859 5409 αἵματος

2301 5436 2547 5507 Ἰσραὴλ,
2601 5438 2717 5491 νυνὶ
2764 5436 2827 5508 δὴ
2878 5437 3107 5506 μάλιστα
3168 5436 3304 5506 μετά
3356 5435 3453 5506 τὴν
3502 5435 3582 5496 εἰς
3631 5432 3862 5501 Χριστὸν

1432 5610 1633 5664 "l’sal.
1662 5627 1819 5676 χχιιι,
1863 5613 1949 5667 l0.
2027 5612 2069 5644 ³⁸
2101 5612 2157 5667 lo

2279 5631 2365 5678 xv,
2419 5617 2473 5670 5.
2552 5616 2593 5648 ³⁷
2638 5616 2778 5672 Psal.
2819 5632 3081 5683 Lxxxvut,
3117 5617 3202 5671 l8.
3280 5616 3323 5648 ³⁸
3364 5614 3502 5671 Psal.
3539 5630 3689 5679 ιιιιι,
3718 5614 3772 5674 7.
3802 5612 3851 5662 3-

697 5778 772 5849 (I)
823 5780 917 5847 Ὡς
946 5783 1097 5851 χοῦν
1122 5784 1259 5840 LXX
1296 5787 1493 5855 delent,
1528 5804 1624 5845 nec
1653 5789 1706 5845 in
1742 5791 1987 5847 versione
2021 5792 2286 5849 lluufredi
2324 5792 2610 5864 reperitur.
