4096 6540
311 415 448 473 “Ol

1401 419 1466 473 IN
1507 420 1740 475 ISAIAM
1783 419 1908 476 LIB.
1955 423 2016 478 V.
2055 420 2290 478 TOMUS
2327 419 2413 476 Vl.

3426 428 3564 485 1602

309 529 586 591 ἀσέϐειαν,
613 528 842 599 ἅμωμόν
866 546 924 582 τε
953 531 1046 583 καὶ
1095 531 1499 585 ἀκατάσκοπονο
1533 536 1580 586 οἱ
1605 534 1714 604 γὰρ
1758 534 1884 597 ὅλως

1999 550 2125 590 vere
2150 537 2279 601 sint,
2311 536 2402 604 qui
2434 535 2742 606 evangelica
2775 536 3158 606 praedicatione
3185 551 3398 607 carent,
3433 546 3574 599 unde

312 623 495 691 φωτὸς
556 623 650 677 τοῦ
701 624 847 677 θείου
898 625 991 678 καὶ
1037 625 1230 694 νοητοῦ
1277 627 1489 696 γυμνὴν
1523 628 1616 679 καὶ
1673 629 1888 698 ἐρήμην

309 712 524 782 ἔχοντες
543 712 642 779 τὴν
677 713 923 784 καρδίαν,
982 714 1098 778 πῶς
1136 715 1202 768 ἂν
1251 717 1440 768 εἰδεῖεν
1475 715 1575 786 τὴν
1603 717 1732 769 εὐθὺ
1782 717 1890 770 τῶν

311 803 474 872 ιερῶν
500 802 676 873 νόμων
693 805 1078 876 ἀποφέρουσαν
1097 806 1280 876 τρίϐον
1304 823 1318 870 ;
1351 807 1423 859 Ἦ
1453 807 1569 870 πῶς
1609 805 1673 862 ἂν
1694 807 1889 860 δίκαιοι

308 894 454 946 κατὰ
515 894 577 947 τὸ
631 895 830 965 ἀληθὲς
894 896 1003 950 τῶν
1074 897 1443 966 εὐαγγελικῶν
1519 900 1890 970 κηρυγμάτων

306 985 691 1057 ὴμοιρηκότες,
726 988 794 1041 δι’
825 984 900 1043 ὧν
932 989 1047 1042 ἐστι
1081 990 1273 1060 μαθεῖν
1301 994 1401 1062 τῆς
1433 992 1767 1060 ἀξιαγάστου
1795 1011 1892 1047 πο-

307 1075 513 1140 λιτείας
532 1077 630 1148 τὴν
655 1079 804 1147 ὀδόν;
838 1081 1138 1153 ἀκάθαρτοι
1188 1083 1252 1154 δὴ
1298 1080 1414 1150 οῦν,
1457 1083 1561 1137 κᾶν
1603 1086 1651 1137 εί
1684 1085 1891 1138 δοκοῖεν

308 1162 448 1220 εἶναι
479 1169 623 1232 τινὲς
655 1171 881 1241 χρηστοὶ
937 1174 1032 1227 καὶ
1073 1174 1356 1238 ἐπιεικεῖς.
1392 1167 1599 1248 Ὥσπερ
1635 1175 1692 1229 δὲ
1717 1176 1892 1246 φύλλα

308 1259 661 1314 πεπτώκασιν
715 1264 778 1315 ὲκ
810 1264 1000 1333 φυτοῦ,
1036 1267 1129 1320 καὶ
1159 1266 1312 1320 οὐδὲν
1354 1267 1581 1330 ἀπεικὸς
1633 1269 1680 1320 εί
1734 1267 1892 1321 τοῦτο

307 1349 593 1414 παθόντες,
622 1355 712 1406 καὶ
731 1355 1168 1427 διαρῤιπτεῖσθαι
1207 1357 1482 1429 πανταχοῦ
1514 1359 1891 1431 προσδοκῶσιν

306 1441 358 1493 οῖ
391 1442 635 1507 τάλανεςο
664 1445 1138 1518 εὐπαρακόμιστον
1167 1449 1276 1520 γὰρ
1328 1451 1591 1520 ἐσχήκασι
1625 1450 1724 1520 τὴν
1754 1465 1891 1520 καρο

306 1531 446 1595 δίαν,
497 1536 589 1587 καὶ
635 1531 745 1588 οἷον
794 1539 956 1592 παντὶ¹
986 1539 1425 1613 περιφερομένην
1474 1540 1768 1611 πνεύματι,
1797 1540 1892 1594 καὶ⁸

307 1623 485 1686 οὐδείς
505 1626 623 1678 ἐστι
661 1629 790 1698 παρ’
820 1629 1005 1692 αὐτοῖς
1034 1632 1062 1683 ὁ
1082 1631 1322 1701 γνησίως
1357 1631 1735 1685 ἐπικαλεῖσθαι
1757 1630 1891 1683 Θεὸν

307 1711 483 1774 είδὼς,
514 1716 681 1785 ἤγουν
712 1717 799 1771 διὰ
860 1721 1080 1792 μνήμης
1125 1720 1284 1791 ἔχων,
1327 1722 1408 1775 ὅτι
1452 1721 1558 1793 χρὴ
1603 1722 1704 1792 τῆς
1755 1721 1892 1791 πρὸς

305 1803 471 1856 αὐτὸν
493 1806 824 1876 οἰκειότητος
856 1810 1232 1864 ἀντιλασέσθαι
1279 1813 1564 1877 νεανικῶς·
1597 1813 1891 1866 πεπτώκαο

1993 627 2179 681 liccret
2222 627 2493 698 przcclara:
2535 629 2963 684 conversationis
3003 631 3144 683 viam
3189 633 3436 686 discere?
3474 635 3574 688 lm-

1993 721 2108 789 puri
2147 720 2309 789 igitur
2340 729 2487 784 sunt,
2515 719 2726 773 etiamsi
2765 720 2886 774 boni
2923 731 2977 774 et
3007 721 3159 790 probi
3197 737 3317 776 esse
3353 725 3573 780 videan-

1992 819 2099 864 tur.
2134 812 2210 864 Ac
2260 820 2514 881 tanquam
2562 811 2685 865 folia
2729 811 3042 865 ceciderunt
3087 813 3153 867 de
3199 820 3423 876 arbore;
3477 832 3575 871 nec

1993 903 2188 956 mirum
2219 914 2302 956 est
2330 904 2375 957 si
2405 917 2525 957 cum
2558 902 2660 956 boc
2695 901 2799 956 illis
2830 903 3061 965 accidat,
3089 905 3253 958 etiam
3292 906 3570 975 abiectum

1993 994 2058 1049 iri
2109 1009 2168 1049 se
2211 995 2367 1063 plane
2420 1003 2640 1062 sperent
2690 994 2893 1048 miseri.
2943 994 3180 1050 Labilem
3235 1013 3468 1067 namque
3519 1011 3575 1053 et

1993 1084 2251 1138 lubricam
2298 1093 2528 1136 mentem
2569 1081 2893 1144 habuerunt,
2921 1098 3040 1152 quae
3077 1085 3220 1137 Omni
3268 1095 3427 1140 vento
3466 1088 3574 1140 circ

1991 1175 2288 1230 cuntiertnr
2307 1175 2373 1232 ³⁹.
2396 1172 2507 1229 Nec
2531 1175 2816 1242 quisquam
2847 1188 3032 1227 eorum
3060 1183 3145 1229 est
3194 1175 3285 1244 qui
3314 1191 3572 1245 germane

1992 1280 2057 1320 ac
2082 1267 2314 1335 genuine
2341 1267 2479 1320 sciat
2507 1266 2672 1320 Deum
2700 1265 2968 1325 invocare,
2994 1274 3086 1318 aut
3111 1267 3202 1334 qui
3237 1267 3564 1334 meminerit,

1991 1358 2423 1426 coniunctionem
2457 1373 2576 1425 qua:
2611 1373 2731 1412 cum
2769 1358 2887 1426 ipso
2919 1365 3031 1420 est,
3067 1359 3570 1425 apprehendendum

1992 1460 2047 1506 et
2069 1448 2494 1518 amplectendam
2523 1458 2771 1518 prompte
2795 1458 2849 1502 et
2877 1448 3030 1516 quasi
3061 1445 3392 1514 iuveniliter.
3421 1449 3576 1503 Ceci-

1993 1541 2169 1594 dimns
2208 1549 2409 1604 autem,
2439 1540 2706 1609 inquiunt,
2732 1553 2797 1594 eo
2836 1539 3089 1605 miseriae,
3123 1557 3141 1590 ι
3171 1540 3294 1608 quia
3328 1540 3572 1594 avertisti

1994 1629 2185 1685 faciem
2219 1638 2367 1683 tuam
2401 1645 2429 1683 a
2467 1630 2642 1692 nobis,
2667 1641 2723 1683 et
2759 1629 3023 1684 tradidisti
3061 1644 3158 1682 nos
3195 1640 3414 1698 propter
3445 1645 3574 1693 pec-

1993 1732 2112 1776 cata
2147 1730 2349 1776 nostra.
2389 1741 2408 1774 s
2448 1721 2564 1776 Non
2601 1721 2745 1776 enim
2779 1722 2921 1776 beati
2955 1736 3074 1776 esse
3105 1731 3372 1791 poterant,
3403 1737 3429 1773 a
3463 1720 3573 1774 Deo

1995 1811 2214 1881 rejecti;
2257 1820 2309 1866 at
2346 1813 2492 1866 omni
2540 1811 2682 1866 malo
2729 1811 2968 1880 transﬁgi
3014 1812 3173 1882 plane
3215 1822 3426 1880 Oportet
3457 1826 3570 1874 eos,

309 1907 409 1959 μεν
435 1894 511 1954 δὲ,
561 1894 714 1963 φατὶ,
751 1897 889 1967 πρὸς
927 1897 1086 1952 τοῦτο
1135 1899 1528 1970 ταλαιπωρίας,
1584 1919 1604 1952 ι
1645 1903 1725 1954 ὅτι
1775 1903 1881 1954 ἀπ-

1993 1902 2082 1968 qui
2114 1903 2246 1954 adeo
2282 1901 2464 1956 multis
2495 1901 2730 1970 peccatis
2757 1902 2964 1954 onerati
2995 1910 3141 1955 sunt.

305 1983 577 2056 έστρεψας
612 1986 672 2039 τὺ
698 1987 986 2058 πρόσωπόν
1019 2007 1112 2042 σου
1147 1991 1241 2060 ἀφ’
1265 1991 1445 2063 ήμῶν,
1485 1993 1581 2046 καὶ
1611 1993 1935 2065 παρέδωκας
1963 1993 2115 2062 ἡμᾶς
2169 1991 2256 2046 διά
2283 1992 2384 2054 τάς
2415 1991 2688 2063 ἁμαρτίας
2709 1990 2886 2061 ήμῶν.
2920 2009 2938 2042 s
2967 1991 3040 2042 Οὑ
3062 1991 3170 2060 γὰρ
3205 1987 3275 2060 ἦν
3303 1989 3572 2061 εὔπράξαι

304 2077 432 2138 τοὺς
456 2077 808 2148 ἀποστροφὴν
845 2080 1244 2150 ὑπομείναντας
1309 2081 1407 2154 τὴν
1441 2083 1594 2154 παρά
1653 2083 1811 2150 Θεοῦ,
1838 2082 1956 2136 ἀλλ’
1993 2079 2060 2154 ἦν
2100 2083 2252 2137 πᾶσά
2299 2100 2416 2146 πως
2475 2083 2688 2152 ἀνάγκη
2732 2082 2896 2136 παντὶ⁸
2945 2080 3364 2152 περιπείρεσθαι
3417 2080 3572 2154 κακῷ

304 2168 430 2231 τοὺς
455 2171 572 2232 ταῖς
598 2169 740 2225 οὕτω
764 2172 983 2236 πολλαῖς
1017 2174 1312 2246 ἁμαρτίαις
1380 2175 1894 2249 κατηχθισμένους].

377 2260 484 2313 Καὶ
512 2260 647 2328 νῦν,
676 2264 872 2332 Κύριε,
915 2265 1116 2334 Πατὴρ
1151 2265 1320 2335 ἡμῶν
1352 2267 1434 2321 σὺ
1464 2264 1534 2322 εῖ.
1578 2267 1776 2336 Ἡμεῖς
1813 2268 1882 2322 δὲ

305 2349 534 2416 πηλὸς,
597 2349 740 2421 ἔργα
802 2352 923 2406 τῶν
973 2352 1188 2422 χειρῶν·
1241 2370 1357 2410 σου
1415 2357 1636 2422 πάντες
1685 2357 1874 2427 ἡμεῖς.

303 2440 404 2508 Μὴ
466 2442 695 2511 ὀργίζου
751 2445 898 2514 ἡμῖν
948 2446 1219 2516 σφόδρα,
1286 2447 1384 2501 καὶ
1437 2447 1521 2518 μὴ
1569 2448 1640 2501 ἐν
1700 2447 1881 2517 καιρῷ

297 2533 584 2603 μνησθῇς
656 2535 954 2606 ἁμαρτιῶν
1026 2537 1214 2606 ἡμῶν.
1284 2539 1391 2593 Καὶ
1461 2539 1576 2594 νῦν
1642 2540 1880 2594 ἐπίϐλε-

303 2626 456 2692 ψον,
514 2625 604 2679 ὅτι
649 2628 799 2693 λαός
844 2642 962 2682 σου
1010 2626 1233 2695 πάντες
1287 2629 1492 2698 ἡμεῖς,
1548 2631 1726 2697 πόλις
1772 2631 1880 2686 τοῦ

314 2715 518 2787 Ἀγίου
552 2733 691 2772 σου.

375 2809 772 2881 Παραιτοῦνται
803 2810 1009 2882 σφόδρα
1053 2811 1114 2865 τδ
1147 2813 1380 2868 είσάπαν
1421 2812 1734 2867 ἀπολισθεῖν
1783 2813 1880 2884 τῆς

301 2901 446 2970 πρὸς
466 2901 629 2955 αὐτὸν
650 2902 1001 2972 οἰκειότητος.
1038 2903 1255 2975 Ἐπειδὴ
1279 2905 1335 2958 δὲ
1358 2904 1445 2958 διὰ
1479 2903 1676 2975 πολλὴν
1698 2905 1880 2974 ἀμαρ-

2065 2269 2223 2325 Vaus.
2251 2269 2305 2334 8,
2333 2269 2387 2325 9.
2420 2268 2485 2322 Et
2528 2283 2685 2331 nunc,
2724 2265 2966 2327 Domine,
3016 2262 3179 2318 Pater
3199 2275 3377 2316 noster
3400 2272 3454 2315 tu
3477 2279 3531 2316 es
3553 2303 3571 2329 ,

1988 2378 2078 2414 "08
2104 2372 2274 2413 autem
2301 2360 2500 2420 lutum;
2527 2373 2681 2427 opera
2709 2370 2961 2409 ntanuum
2986 2364 3194 2407 tuarum
3234 2369 3410 2406 omnes
3453 2369 3570 2409 σοι.

1988 2452 2070 2507 Nc
2100 2452 2352 2507 irascaris
2385 2451 2530 2504 nobis
2561 2450 2739 2512 nimis,
2767 2461 2814 2502 et
2843 2465 2906 2502 ne
2937 2447 3232 2502 memineris
3257 2447 3312 2499 in
3344 2457 3572 2512 tempore

1985 2553 2310 2613 peccatorum
2338 2553 2654 2596 nostrorum.
2686 2540 2840 2593 Nunc
2869 2556 2990 2608 ergo
3019 2539 3232 2605 respice,
3254 2539 3377 2607 quia
3405 2554 3574 2606 popu-

1986 2636 2068 2690 lus
2095 2645 2213 2690 tuus
2237 2651 2412 2690 omnes
2440 2651 2564 2697 nos,
2595 2634 2776 2686 civitas
2806 2632 2991 2687 Sancti
3014 2632 3112 2684 tui.

2059 2810 2224 2866 Valde
2266 2811 2645 2879 deprecantur,
2675 2808 2898 2862 omnino
2941 2821 2971 2860 a
3018 2806 3397 2875 conjunctione
3448 2821 3571 2861 cum

1993 2902 2103 2957 Deo
2145 2902 2414 2955 excidere.
2452 2901 2587 2967 Quia
2625 2915 2752 2952 vero
2788 2908 3007 2967 propter
3039 2900 3204 2952 multa
3242 2907 3463 2966 peccata
3501 2898 3567 2950 ad

300 2992 424 3047 τίαν
446 2993 865 3064 παρηνέχθησαν
894 2996 974 3058 είς
1009 2993 1186 3058 τοῦτο,
1236 2994 1496 3048 πλέκουσί
1535 3013 1653 3058 πως
1682 2995 1881 3068 ἀρίστῃ

1994 2993 2094 3048 hoc
2145 2993 2359 3047 deducti
2414 3000 2568 3055 sunt,
2621 2991 2789 3061 89o
2842 3005 3030 3058 preces
3083 2989 3285 3058 optimo
3341 2987 3572 3041 artificio

301 3084 468 3157 τέχνῃ
518 3085 615 3147 τάς
665 3084 836 3148 λιτάς
893 3085 952 3138 οὐ
1007 3085 1118 3156 γὰρ
1153 3085 1367 3156 ἔχοντες
1419 3087 1476 3153 ἐξ
1503 3086 1664 3158 ἔργου
1708 3089 1804 3140 καὶ
1827 3087 1886 3153 ἐξ

301 3177 606 3247 ἀμωμήτου
633 3178 779 3247 ζωῆς
817 3178 1199 3248 ὲκδυσωπῆσαι
1237 3179 1329 3232 τὸν
1364 3178 1623 3243 σώζοντα,
1657 3180 1742 3247 ἐφ’
1765 3179 1886 3232 ἓτε-

304 3269 400 3338 ρόν
432 3285 486 3320 τι
521 3267 810 3337 βαδίζουσι.
857 3268 1241 3339 Παρακαλοῦσι
1287 3269 1396 3339 γάρ
1434 3269 1509 3333 ὡς
1545 3270 1885 3340 Δημιουργδν

303 3359 628 3429 ποιημάτων
657 3358 802 3411 ίδίων
832 3357 1019 3412 θέσθαι
1051 3360 1173 3412 τινὰ
1194 3359 1374 3428 λόγον,
1397 3360 1490 3414 καὶ
1510 3362 1694 3430 νεῖμαι
1721 3361 1885 3428 φειδῶ

301 3453 416 3514 τοῖς
453 3450 583 3523 παρ’
617 3449 783 3503 αὑτοῦ
834 3451 1334 3522 παρενηνεγμένοις
1383 3454 1463 3515 είς
1510 3452 1571 3505 τὸ
1601 3448 1760 3518 εἶναι,
1791 3455 1886 3508 καὶ

302 3541 430 3612 ζῇν.
485 3543 723 3612 «Πατὴρ
771 3541 881 3611 γάρ
933 3541 1088 3613 ήμῶν
1137 3544 1573 3615 κεχρημάτικας,
1618 3565 1636 3598 s
1683 3545 1882 3616 φησὶν,

307 3650 328 3683 ι
353 3632 519 3702 ἐσμὲν
550 3633 605 3686 δὲ
639 3634 800 3704 ήμεῖς
829 3633 940 3688 τῶν
972 3633 1080 3688 σῶν
1103 3633 1241 3706 ἔργα
1279 3635 1500 3708 χειρῶν.
1553 3636 1762 3692 Οὐκοῦν
1810 3637 1885 3709 μὴ

299 3722 523 3794 δργίζου
556 3725 687 3795 ⁴ἡμῖν
715 3725 940 3797 σφόδρα.
984 3745 1002 3778 s
1049 3727 1162 3780 Οὐκ
1200 3727 1508 3796 ἀγνοοῦσιν,
1541 3730 1622 3783 ὅτι
1647 3745 1883 3799 προσκεο

300 3815 634 3886 κρούκασιν,
689 3817 1015 3888 ὁμολογοῦσι
1070 3819 1126 3872 δὲ
1186 3819 1410 3889 μᾶλλον,
1468 3819 1550 3873 ὅτι
1598 3821 1692 3874 καὶ
1729 3819 1884 3891 δίκης

341 3904 486 3970 ξίους
541 3906 765 3969 ἑαυτοὺς
801 3906 1110 3978 ἀπέφηναν,
1178 3908 1638 3980 πεπαρῳνηκότες
1678 3909 1885 3981 ἀγρίως

300 3995 384 4056 είς
401 3994 492 4047 τὸν
513 3994 665 4048 Υίόψ
699 3995 787 4048 διὰ
812 3996 971 4051 τοῦτο
1024 3999 1307 4068 μονονουχὶ
1359 3998 1647 4063 κολάζουσι
1684 3999 1761 4071 (1)
1786 3999 1884 4071 τήν

299 4085 479 4157 λιτὴν,
515 4088 608 4140 καὶ¹
655 4088 755 4141 οὐκ
801 4088 1093 4160 ἐλευθέραν
1132 4089 1412 4153 παντελῶς
1462 4089 1741 4144 ποιοῦνται
1784 4092 1884 4162 τὴν

300 4179 587 4249 ’πρόσοδον⁹
627 4179 801 4251 βραχὺ
825 4182 882 4234 δέ
905 4199 1022 4245 πως
1038 4181 1135 4253 τὴν
1155 4184 1464 4255 παρρησίαν
1488 4183 1881 4251 συστείλαντες,

300 4270 364 4323 οὐ
397 4269 459 4323 τὸ
515 4270 652 4342 μηδὲ
687 4271 822 4335 ὅλως
881 4272 1197 4344 ὀργίζεσθαι
1251 4274 1374 4326 κατ’
1417 4273 1597 4328 αὐτῶν
1644 4275 1883 4330 αἰτοῦσιν

1991 3093 2196 3140 texunt.
2219 3082 2352 3138 Cum
2384 3084 2528 3138 enim
2562 3098 2664 3135 non
2699 3083 2906 3150 possint
2937 3080 3189 3150 operibus
3219 3089 3272 3133 et
3301 3081 3570 3146 inculpata

1988 3177 2098 3230 vita
2150 3175 2496 3229 Servatorcm
2554 3174 2804 3243 placare,
2847 3175 2913 3227 ad
2963 3174 3106 3228 aliud
3158 3189 3216 3226 se
3263 3171 3569 3227 conferunt.

1989 3265 2199 3336 Rogant
2224 3265 2364 3320 enim
2395 3274 2450 3317 ut
2474 3265 2811 3330 Creatorem,
2837 3273 2896 3318 ut
2923 3265 3003 3318 sui
3039 3262 3282 3333 ﬁgmenti
3309 3263 3570 3314 rationem

1987 3357 2198 3420 habeat,
2223 3366 2277 3411 et
2304 3357 2734 3412 misericordiam
2763 3355 3009 3410 conferat
3034 3356 3088 3408 in
3118 3369 3213 3408 eos
3239 3353 3328 3422 qui
3360 3353 3426 3405 ab
3454 3353 3573 3420 ipso

1987 3448 2039 3502 in
2072 3464 2249 3502 rerum
2283 3459 2528 3503 naturam
2579 3457 2633 3503 et
2683 3449 2848 3500 vitam
2879 3446 3122 3516 producti
3155 3453 3301 3500 sunt.
3355 3462 3375 3496 ‹
3415 3443 3574 3496 Pater

1985 3537 2128 3592 enim
2184 3547 2383 3602 uoster,
2413 3557 2432 3591 ι
2467 3539 2660 3607 inquit,
2693 3557 2712 3588 ι
2744 3537 3092 3604 nuncnparis,
3149 3548 3351 3603 nosque
3385 3549 3573 3588 sumus

1984 3643 2148 3694 opera
2202 3643 2456 3681 manuum
2505 3638 2737 3681 tuarum.
2772 3625 2955 3694 Itaque
3002 3641 3070 3680 ne
3116 3624 3368 3678 irascaris
3418 3626 3572 3678 nobis

1985 3718 2240 3787 graviter.
2273 3737 2292 3769 ι
2327 3717 2440 3772 Non
2472 3720 2722 3788 ignorant
2750 3734 2808 3772 se
2837 3717 3144 3780 offendisse,
3171 3717 3279 3770 imo
3305 3718 3571 3771 confitcn-

1987 3817 2096 3872 tur,
2125 3809 2265 3876 quod
2301 3824 2360 3864 se
2392 3824 2554 3876 paena
2587 3809 2776 3877 dignos
2810 3810 3106 3873 elTecerint,
3137 3808 3448 3861 immaniter
3476 3809 3568 3860 de-

1986 3898 2232 3954 bacchati
2265 3899 2318 3953 in
2353 3898 2569 3953 Filium.
2607 3900 2812 3954 ldcirco
2846 3899 3008 3952 etiam
3041 3898 3408 3968 precationem
3447 3907 3574 3951 tan-

1987 4001 2096 4048 tum
2138 4006 2245 4047 non
2291 3992 2684 4055 conscindunt,
2717 4005 2816 4046 nec
2859 3992 3085 4047 liberum
3136 3991 3238 4045 sibi
3288 4005 3570 4046 accessum

1985 4085 2296 4153 aditumque
2329 4085 2556 4150 faciunt,
2588 4085 2682 4140 sed
2714 4083 3106 4153 aliquantulum
3145 4083 3392 4152 loquendi
3433 4082 3574 4135 {idn-

1985 4177 2122 4232 ciam
2174 4177 2521 4244 contrahunt,
2557 4176 2831 4247 Deumque
2867 4185 3027 4230 orant
3065 4174 3468 4237 miserabiliter,
3503 4189 3572 4228 ne

1984 4270 2204 4325 omnino
2239 4269 2341 4325 sibi
2377 4271 2672 4334 irascatur,
2710 4270 2803 4324 sed
2841 4277 2900 4323 ut
2933 4269 3169 4324 l‘nrorem
3205 4267 3575 4338 placabilitate

302 4361 553 4425 ἐλεεινῶς
590 4362 682 4416 τὸν
730 4364 883 4428 Θεὸν,
917 4365 1322 4421 ἀναπλέκεσθαι
1352 4367 1409 4420 δὲ
1440 4367 1638 4439 μᾶλλον
1657 4369 1882 4441 γαληνό-

1988 4370 2378 4432 contemperet.
2403 4361 2556 4432 Digni
2585 4363 2823 4432 quidem,
2849 4363 3042 4433 inquit,
3070 4377 3256 4417 sumus
3282 4361 3438 4431 plane
3465 4361 3568 4427 ira,

299 4471 425 4523 τητι
454 4454 545 4508 τὸν
564 4454 755 4526 θυμόν.
791 4455 964 4520 Ἀξιοι
993 4458 1090 4528 μὲν
1144 4458 1252 4529 γὰρ
1296 4461 1466 4532 ὀργῆς
1515 4461 1881 4532 ὁμολογουμέ-

300 4560 428 4606 νως,
453 4545 634 4614 φησὶν,
665 4546 712 4598 οἱ
743 4548 856 4607 τοῖς
879 4544 1050 4610 οὕτως
1071 4547 1260 4612 δεινοῖς
1293 4550 1479 4620 ένισχη
1489 4550 1640 4618 μένοι
1666 4555 1875 4618 κακοῖς,

300 4632 440 4686 ἀλλὰ
453 4635 552 4703 τῆς
570 4635 667 4706 σῆς
696 4636 1032 4707 ἡμερότητος
1059 4636 1206 4704 ἀξιον
1229 4637 1440 4705 γένοιτο
1465 4638 1529 4692 ἂν
1545 4639 1606 4692 τὸ
1622 4640 1876 4696 κολοϐοῦν

301 4722 389 4791 ἐφ’
418 4723 571 4792 ήμῖν,
601 4725 694 4778 καὶ
723 4725 789 4776 τὰ
810 4725 874 4776 ὲκ
902 4724 1113 4787 δικαίας
1129 4725 1316 4796 ὀργῆς.
1341 4746 1359 4778 ι
1399 4727 1486 4779 Ἐν
1516 4727 1693 4799 καιρῷ
1721 4748 1739 4779 ι
1769 4729 1878 4782 τοί-

299 4831 398 4868 νυν
452 4813 702 4885 θλίψεως,
761 4816 915 4887 φησὶ,
974 4836 993 4868 ι
1043 4817 1117 4888 μὴ
1159 4817 1403 4889 μνησθῇς
1451 4819 1558 4870 τῶν
1598 4819 1882 4890 ἁμαρτιῶν

299 4905 483 4974 ἡμῶν,
511 4907 706 4961 ἐννοῶν
744 4909 874 4963 ὅτιό
897 4910 1024 4974 λαός
1053 4926 1146 4962 σου
1172 4909 1370 4972 πάντες
1398 4911 1581 4979 ήμεῖς,
1605 4911 1696 4963 καὶ
1727 4910 1882 4975 πόλις

301 4995 399 5049 τοῦ
443 4996 622 5064 Ἀγίου
650 5015 764 5063 σου,
803 5017 820 5050 ι
873 5000 1173 5061 τουτέστιν,
1207 5001 1264 5052 ὲν
1384 5002 1444 5052 τὸ
1488 5000 1578 5053 σὺν
1610 5001 1876 5072 ἁγίασμα.

302 5086 634 5158 Σημαίνουσι
667 5087 723 5141 δὲ
752 5088 841 5142 διά
868 5088 1074 5143 τούτων
1099 5089 1191 5142 τὸν
1225 5088 1381 5143 νεών.

385 5177 676 5247 Ἐγεννήθη
727 5179 945 5247 ἕρημος
996 5179 1170 5244 Σιὼν,
1221 5181 1301 5244 ὡς
1351 5179 1570 5248 ἕρημος
1621 5179 1875 5249 ἐγεννήθη

313 5266 714 5336 Ἰερουσαλὴμ
736 5307 750 5332 ,
813 5271 901 5334 εἰς
963 5268 1229 5337 κατάραν
1289 5273 1322 5323 ὁ
1373 5266 1536 5334 οἶκος
1587 5269 1655 5322 τὸ
1710 5269 1879 5339 ἅγιον

299 5356 491 5426 ἡμῶν,
520 5358 560 5424 ἡ
607 5357 756 5422 δόξα
800 5357 881 5426 ἢν
910 5360 1260 5430 εὐλόγησαν
1291 5363 1345 5414 οι
1391 5359 1644 5429 πατέρες
1673 5359 1874 5426 ἡμῶν,

297 5447 558 5520 ἐγενήθη
602 5451 1046 5533 πὶυρίκαυστος,
1103 5452 1202 5504 καὶ
1273 5451 1470 5506 πάντα
1519 5451 1588 5506 τὰ
1654 5453 1876 5518 ἔνδοξα

377 5623 425 5657 ³⁸
453 5622 569 5680 Jac.
607 5639 646 5689 ι,
675 5625 730 5680 6.

379 5806 453 5880 (l)
487 5804 746 5862 llunl'red.
782 5805 974 5878 legisse
1011 5804 1221 5861 videtur
1258 5803 1604 5862 κολάπτουσι.

1987 4455 2120 4505 adeo
2173 4451 2427 4521 gravibus
2475 4453 2628 4506 malis
2684 4452 2977 4521 implicati;
3033 4461 3089 4508 at
3140 4461 3229 4506 tua
3282 4452 3571 4507 clementia

1969 4539 2200 4612 ’dignum
2233 4551 2316 4596 est
2370 4542 2507 4596 iram
2541 4543 2704 4596 etiam
2744 4544 2944 4614 justam
2988 4544 3040 4597 in
3092 4559 3188 4597 nos
3231 4543 3478 4597 minuere
3518 4555 3572 4599 ct

1982 4632 2284 4687 decurtare.
2326 4649 2347 4684 ι
2397 4632 2664 4702 Tempore
2711 4653 2731 4686 ι
2779 4635 2946 4702 igitur
2988 4633 3321 4696 aiﬂictionis,
3361 4633 3572 4709 inquit,

1995 4742 2014 4774 ι
2053 4737 2122 4777 ne
2161 4724 2471 4778 memineris
2512 4733 2855 4793 peccatorum
2901 4731 3231 4786 nostrorum,
3261 4725 3354 4777 sed
3397 4724 3571 4792 cogita

1988 4815 2242 4884 populum
2280 4825 2428 4869 tnnm
2465 4832 2561 4871 nos
2591 4831 2783 4875 omnes
2811 4831 2951 4882 esse,
2983 4825 3037 4869 et
3071 4817 3343 4869 civitatem
3382 4813 3568 4869 Sancti

1989 4906 2086 4969 tui,
2121 4925 2140 4958 s
2177 4905 2226 4960 id
2258 4916 2362 4969 est,
2393 4908 2444 4960 in
2479 4923 2585 4976 qua
2621 4917 2768 4962 tmtm
2804 4919 2890 4964 est
2915 4907 3310 4962 sanctuarium.
3346 4904 3568 4976 Signifi-

1987 5008 2115 5052 cant
2139 5007 2318 5052 autem
2348 4998 2430 5054 bis
2456 5001 2635 5055 verbis
2665 5001 2941 5071 templum.

2056 5173 2217 5228 Vane.
2249 5174 2440 5231 10-42.
2476 5174 2646 5229 Facta
2690 5185 2766 5230 est
2805 5181 3008 5230 deserta
3047 5175 3207 5241 Sion;
3253 5175 3404 5246 quasi
3443 5175 3572 5229 soli-

1987 5267 2112 5318 tudo
2156 5266 2296 5334 facta
2340 5278 2414 5321 est
2455 5266 2784 5332 Jerusalem,
2823 5270 3112 5323 exsecratio
3157 5271 3340 5322 domus
3386 5276 3570 5322 sancta

1983 5367 2192 5421 nostra.
2227 5359 2394 5428 gloria
2443 5361 2528 5414 cui
2576 5360 2947 5416 benedixerunt
2997 5372 3170 5431 patres
3219 5361 3417 5422 nostri,
3452 5357 3570 5425 iga:

1983 5450 2248 5506 combusta
2273 5463 2368 5519 est,
2394 5462 2440 5506 et
2465 5453 2639 5507 omnia
2666 5452 2896 5524 gloriosa
2923 5453 3284 5508 conciderunt.
3315 5449 3384 5503 Et
3412 5462 3570 5517 super
