4096 6544
574 396 715 451 H05

1598 396 1657 454 S.
1700 397 1976 453 CYRILLI
2017 394 2488 451 ALEXANDRINI
2525 390 2847 449 ARCHIEP.

3691 392 3828 448 μοι

568 514 648 567 Itis
696 512 935 567 omnibus
977 522 1032 565 tu
1077 511 1401 578 sustinuisti,
1442 512 1690 581 Domine,
1724 526 1774 571 et
1820 517 2062 578 tacuisti,
2096 525 2142 569 et

2248 514 2572 567 συνέπεσε.
2602 513 2708 566 Καὶ
2738 511 2836 564 ἐπὶ
2890 506 3037 562 πᾶσι
3077 508 3310 573 τούτοις
3346 507 3617 576 ἠνέσχου
3638 549 3655 573 ,
3717 512 3831 565 ιω-

568 602 857 657 Ιιιιηιίίὶαδιὶ
887 619 980 657 nos
1008 602 1177 682 ualde.

536 763 543 775 ’
641 776 774 832 Cum
811 777 1275 848 praesignificarint
1304 779 1467 834 animi
1500 780 1659 847 mala,
1693 783 2146 855 praedixerintque

572 885 630 924 se
674 871 907 940 peccatis
954 870 1212 936 irretitus,
1249 870 1550 937 instabiles,
1585 883 1639 926 et
1682 873 1931 929 foliorum
1977 878 2147 932 instar

573 962 716 1014 omni
757 959 885 1015 ﬂatu
927 961 1032 1015 huc
1079 961 1205 1017 illuc
1243 963 1478 1033 iactatos
1523 979 1673 1031 esse;
1722 978 2147 1024 commemorant

574 1052 824 1119 deinceps
866 1061 918 1106 et
958 1063 1213 1108 externas
1255 1053 1592 1110 calamitates
1633 1072 1753 1125 qua:
1799 1058 1958 1113 illata)
1996 1071 2141 1124 sunt,

573 1158 637 1197 ac
662 1144 908 1197 videntur
933 1142 1426 1216 Hierosolymorum
1453 1149 1809 1203 vastationem
1841 1149 2143 1219 deplorare,

574 1234 865 1304 templique
896 1235 1223 1290 incendium.
1251 1236 1387 1291 Nam
1419 1248 1544 1307 post
1570 1239 1876 1296 Servatoris
1903 1256 2143 1304 crucem,

573 1327 687 1381 lure
738 1328 918 1380 omnia
962 1327 1150 1382 etl‘ecta
1198 1339 1342 1383 sunt.
1394 1348 1413 1381 ι
1472 1330 1538 1385 Ει
1583 1332 1829 1396 deserta,
1874 1353 1892 1385 ι
1943 1334 2144 1402 inquit,

577 1436 595 1468 ι
632 1417 769 1472 facta
799 1428 882 1473 est
904 1420 1055 1485 Sion,
1088 1440 1108 1473 ι
1139 1436 1258 1491 quae
1287 1423 1423 1478 adeo
1451 1424 1691 1491 speciosa
1720 1424 1817 1479 fuit
1838 1427 2144 1494 aliquando,

569 1509 797 1565 celebris
832 1509 920 1565 Illa
978 1521 1031 1566 et
1063 1513 1337 1581 populosa.
1372 1534 1391 1566 ‹
1433 1514 1703 1589 Factaque
1735 1529 1817 1571 est
1846 1519 2147 1572 exsecratio

571 1601 762 1655 domus
795 1612 980 1657 sancta
1016 1612 1222 1660 nostra.
1258 1623 1276 1656 ι
1318 1606 1759 1662 Exsecratiouem
1792 1608 1993 1669 dicunt.
2029 1624 2143 1676 pro,

571 1693 996 1749 contradictione
1028 1704 1082 1748 et
1111 1696 1358 1751 convicio
1391 1696 1557 1751 Deum
1593 1699 1990 1768 ignorantibus.
2022 1699 2149 1754 Cul-

570 1790 715 1836 tores
743 1783 885 1837 enim
920 1786 1329 1851 daemoniorum,
1358 1802 1478 1842 cum
1509 1790 1704 1853 sancti,
1733 1800 1822 1844 aut
1847 1792 1936 1860 qui
1970 1792 2147 1861 aliquo

2239 622 2364 673 ριε,
2393 603 2491 658 καὶ
2514 602 2892 668 ἐσιώπησας,
2944 597 3041 650 καί
3077 596 3482 662 ἑταπείνωσας
3521 594 3685 666 ἡμᾶς
3721 598 3831 664 ἕως

2246 695 2500 765 σφόδρα.

2317 785 2426 847 Τὰς
2458 786 2514 837 ἐν
2550 784 2694 853 ψυχῇ
2753 780 2955 850 ζημίας
3013 778 3586 848 προαπαγγείλαντες,
3622 781 3723 833 καὶ
3751 782 3828 834 δτι

2246 875 2502 945 γεγόνασι
2535 877 2654 937 ταῖς
2682 873 2979 943 ἁμαρτίαις
3030 872 3288 924 εὐάλωτοι
3316 872 3795 941 προηγορευκότες
3813 913 3827 933 ,

2246 965 2621 1037 εὐπαράφοροί
2652 981 2712 1017 τε
2742 964 2837 1017 καὶ
2864 962 3075 1031 φύλλων
3119 963 3275 1027 δίκην
3300 962 3403 1015 ὑπὸ
3431 964 3637 1025 παντὸς
3672 963 3833 1015 πνεύ-

2251 1075 2418 1129 ματος
2450 1056 2577 1127 τῇδέ
2603 1073 2662 1108 τε
2696 1055 2921 1108 κάκεῖσε
2971 1053 3485 1125 διαρρυπτούμενοι,
3521 1054 3832 1123 διαμνημο-

2246 1149 2462 1203 νεύουσι
2497 1147 2683 1200 λοιπὸν
2739 1146 2834 1198 καὶ
2864 1145 2971 1197 τῶν
3017 1144 3214 1209 ἔξωθεν
3244 1144 3427 1205 αὐτοῖς
3457 1143 3830 1212 ἐπενηνεγμέ-

2248 1257 2352 1293 νων
2409 1239 2724 1308 συμφορῶψ
2786 1236 2996 1288 ἐοίκασι
3045 1235 3101 1288 δὲ
3142 1235 3241 1305 τὴν
3299 1234 3407 1286 τῶν
3439 1232 3830 1303 Ἱεροσολύμων

2249 1333 2512 1404 πόρθησιν
2540 1329 2925 1400 ὀλοφύρεσθαι,
2956 1328 3050 1381 καὶ
3073 1328 3161 1379 τὸν
3185 1325 3512 1397 ἐμπρησμὸν
3541 1324 3639 1377 τοῦ
3668 1324 3828 1377 ναοῦ·

2253 1423 2390 1495 μετὰ
2416 1425 2525 1492 γάρ
2554 1439 2635 1474 τοι
2685 1422 2774 1473 τὸν
2821 1420 2914 1472 τοῦ
2960 1419 3210 1487 Σωτῆρος
3257 1417 3508 1486 σταυῴν,
3571 1416 3733 1467 ταυτὶ
3771 1415 3831 1484 δὴ

2249 1515 2427 1567 πάντα
2456 1512 2781 1566 τετέλεσταν
2817 1531 2833 1561 ι
2851 1512 3093 1580 Ἐρημος
3119 1510 3174 1562 δὲ
3197 1504 3288 1561 οὖν
3314 1507 3545 1576 ἐγενήθη
3568 1509 3601 1576 ἡ
3633 1506 3825 1567 Σιὼν,ι

2251 1606 2447 1675 φησιν,
2500 1606 2533 1673 ἡ
2595 1602 2901 1673 διαπρεπὴς
2967 1600 3130 1661 οὕτω,
3200 1601 3295 1653 καὶ
3345 1599 3673 1668 διαϐόητος,
3741 1599 3833 1649 καὶ

2251 1691 2659 1762 πολυανδροῦσα
2690 1690 2843 1743 ποτέ.
2886 1707 2905 1740 ι
2942 1690 3137 1757 Γέγονε
3178 1689 3235 1740 δὲ
3267 1689 3360 1741 καὶ
3384 1689 3463 1750 είς
3485 1686 3741 1755 κατάραν
3779 1686 3834 1736 τὸ

2251 1788 2404 1855 ἅγιον
2427 1784 2608 1855 ἡμῶνο
2639 1802 2656 1833 ι
2675 1782 2737 1834 τὸ
2761 1782 2837 1843 δὲ,
2865 1781 3112 1851 κατάραν
3135 1781 3317 1848 φασὶν,
3336 1780 3460 1832 ἀντὶ
3486 1777 3604 1839 τοῦ,
3630 1780 3713 1838 εἰς
3734 1794 3832 1829 κα-

572 1873 731 1927 tnmlo
766 1874 1045 1930 adhaerent
1081 1876 1190 1931 Deo
1224 1879 1505 1946 patiuntur
1538 1882 1891 1950 supplicium,
1924 1882 2141 1950 profuse

2245 1877 2509 1947 τάρρησιν
2548 1873 2643 1925 καὶ
2686 1870 2951 1939 λοιδορίαν
2977 1872 3089 1930 τοῖς
3133 1869 3234 1920 οὐκ
3273 1867 3438 1920 εἰδόσι
3467 1866 3622 1919 Θεόν·
3650 1867 3703 1917 οἱ
3729 1866 3833 1933 γὰρ

572 1963 750 2018 rident
779 1974 835 2017 et
866 1964 1163 2021 eﬂ'eruntur
1184 2008 1199 2033 ,
1231 1979 1287 2023 et
1318 1968 1653 2036 maiestatem
1689 1971 1806 2041 ejus
1842 1973 1931 2040 qui
1962 1983 2146 2027 servat

570 2050 692 2105 illos
736 2052 966 2109 ludibrio
1006 2057 1225 2112 habent.
1262 2059 1424 2129 891
1474 2061 1670 2115 Putant
1714 2064 1855 2117 enim
1904 2064 2145 2118 fortassis

571 2158 789 2197 manum
823 2145 941 2214 ejus
976 2147 1250 2215 laborare,
1284 2166 1382 2205 nec
1417 2167 1572 2220 posse
1608 2154 1727 2208 illos
1761 2170 2008 2218 servare;
2048 2170 2145 2211 nec

570 2235 807 2302 cogitant
850 2250 943 2290 eos
992 2252 1167 2306 poenae
1214 2242 1335 2296 ideo
1386 2242 1657 2310 subjectos
1705 2261 1858 2309 esse,
1891 2247 2033 2316 quod
2080 2262 2142 2301 ea

571 2323 1043 2395 patraverintquze
1076 2329 1148 2384 illi
1178 2330 1486 2401 displicent.
1518 2352 1537 2385 ι
1577 2336 1891 2391 Exsecratio
1928 2358 1947 2389 ι
1984 2339 2146 2409 igitur

575 2430 594 2464 ι
636 2411 774 2469 facta
811 2425 893 2471 est
921 2417 1110 2472 domus
1149 2430 1336 2476 sancta
1384 2434 1588 2479 nostra.
1628 2443 1646 2477 ι
1694 2426 1951 2483 Sanctum
2001 2431 2142 2484 enim

576 2502 679 2557 iuit
723 2507 862 2574 apud
908 2508 1025 2564 illos
1071 2511 1349 2580 templum.
1386 2512 1452 2568 Et
1493 2516 1614 2585 igne
1657 2522 1993 2573 combustum
2037 2528 2141 2585 est,

571 2594 775 2664 inquit,
806 2601 947 2667 quod
975 2616 1106 2657 voce
1136 2612 1447 2660 sanctorum
1483 2616 1697 2675 patrum
1729 2612 1862 2663 adeo
1893 2612 2145 2664 decanta-

571 2694 714 2750 tum,
760 2688 1090 2745 celebratum
1150 2708 1213 2747 ac
1272 2697 1618 2763 praedicatum
1681 2708 1782 2753 est.
1829 2699 2145 2755 Concidisse

569 2776 720 2832 aiunt
744 2781 921 2834 omnia
952 2783 1205 2853 gloriosa.
1235 2786 1389 2844 Nulla
1417 2790 1561 2845 enim
1587 2800 1707 2845 erat
1734 2792 1955 2845 omnino
1983 2807 2145 2847 vene-

572 2870 711 2924 ratio
741 2884 1210 2933 sacrosauctorum
1248 2894 1521 2949 vasorum,
1550 2898 1668 2952 qua:
1701 2883 1753 2936 in
1788 2884 1971 2937 divino
2006 2893 2143 2938 tem-

570 2959 659 3028 plo
690 2961 858 3029 posita
893 2962 1127 3033 fuerunt,
1156 2969 1297 3023 nulla
1332 2974 1635 3027 reverentia
1666 2974 1749 3029 his
1776 2976 1864 3044 qui
1898 2974 1983 3029 illa
2016 2976 2145 3030 diri-

570 3051 723 3118 piunt
756 3062 811 3107 et
845 3054 1157 3115 incendunt.
1192 3078 1212 3109 ι
1250 3062 1318 3115 At
1351 3064 1688 3128 sustinuisti,
1727 3085 1745 3118 ι
1789 3067 1992 3135 inquit,
2027 3084 2047 3117 ι
2091 3067 2140 3121 ἰιι

569 3140 654 3196 his
684 3143 934 3200 omnibus
966 3155 1022 3202 et
1053 3150 1392 3218 conticuisti,
1429 3169 1637 3224 nosque
1668 3157 1732 3209 ad
1767 3157 1939 3211 solum
1975 3173 2143 3225 usque

569 3234 927 3300 prostravisti.
970 3256 989 3289 ι
1024 3238 1159 3306 Quia
1185 3243 1329 3297 enim
1362 3245 1623 3314 repellere
1651 3257 1866 3316 poterat
1894 3248 2141 3304 hostilem

569 3323 877 3395 incursum,
920 3331 1164 3398 permisit
1213 3343 1390 3390 tamen
1439 3351 1536 3393 eos
1582 3338 1943 3405 invalescerc,
1985 3349 2039 3394 et
2088 3340 2142 3395 in

570 3413 745 3483 ipsum
803 3419 966 3473 etiam
1014 3422 1270 3491 templum
1312 3426 1519 3483 irruere
1561 3448 1575 3484 :
1623 3430 1879 3500 colligunt
1920 3431 2045 3486 inde
2087 3447 2145 3487 se

568 3514 789 3573 propter
815 3508 947 3563 iram
980 3521 1033 3566 et
1062 3524 1279 3581 peccata
1310 3517 1591 3585 despectos
1616 3535 1759 3585 esse,
1790 3521 2032 3592 iramque
2059 3523 2145 3579 his

569 3593 637 3647 de
666 3597 844 3651 causis
875 3600 1204 3669 concipiunt.
1232 3603 1331 3669 Qui
1360 3607 1501 3660 enim
1534 3615 1711 3676 potest
1740 3609 1989 3676 injuriam
2020 3627 2144 3682 pro-

569 3683 777 3753 hibere,
805 3692 1167 3756 printermittit
1199 3704 1398 3763 tamen,
1426 3708 1477 3753 et
1508 3715 1596 3756 res
1625 3701 1883 3757 adversas
1908 3712 1962 3757 et
1992 3718 2146 3773 aspe-

570 3789 661 3830 ras
692 3779 757 3831 ad
785 3778 946 3836 tinem
976 3798 1144 3853 usque
1174 3790 1425 3858 pregredi
1457 3801 1510 3847 et
1535 3794 1830 3863 procedere
1860 3796 2141 3865 permittit,

569 3868 817 3923 acerbam
844 3871 976 3926 iram
1006 3877 1190 3944 procul
1216 3880 1378 3935 dubio
1408 3882 1459 3937 in
1488 3898 1581 3939 eos
1610 3885 1901 3941 distillasse
1932 3896 1988 3940 et
2011 3887 2143 3942 εσυ·

570 3953 715 4012 disse
747 3973 902 4025 eum,
933 3965 1275 4022 manifestum
1310 3980 1423 4037 est;
1462 3972 1532 4026 ita
1568 3983 1626 4028 ut
1653 3975 1813 4029 etiam
1846 3992 1997 4031 suam
2031 3978 2143 4048 glo-

570 4046 705 4100 riam
743 4050 1006 4119 neglectui
1041 4056 1319 4124 habuerit,
1350 4070 1405 4116 et
1439 4062 1671 4120 ludibria
1706 4065 1942 4123 hostium
1977 4046 2143 4125 susti-

572 4139 770 4193 ntterit.
822 4142 1262 4215 Quandoquidem
1324 4152 1459 4207 bene
1515 4156 1715 4210 accidit
1800 4173 1893 4213 eos
1958 4174 2143 4228 ρωπος

572 4228 723 4295 dare,
751 4248 886 4301 quos
914 4250 1011 4302 par
1043 4248 1125 4292 est
1149 4241 1217 4294 ob
1244 4243 1407 4297 multa
1441 4256 1657 4314 peccata
1688 4249 1954 4318 supplicio
1981 4251 2139 4306 allici.

638 4405 763 4461 Car.
800 4407 887 4463 LX
902 4411 959 4465 V.
992 4410 1155 4468 Vsus.
1189 4416 1246 4478 1,
1278 4417 1333 4471 2.
1364 4419 1676 4489 Manifestus
1711 4425 1881 4493 factus
1914 4444 2029 4481 sum
2061 4430 2141 4483 Itis

2244 1966 2354 2020 τῶν
2379 1966 2649 2035 δαιμόνων
2692 1960 3026 2032 θεραπευταὶ
3058 1960 3379 2028 πασχόντων
3435 1959 3629 2025 ἁγίων,
3666 1958 3831 2026 ἤγουν

2244 2058 2352 2110 τῶν
2373 2057 2496 2111 καθ’
2517 2054 2798 2111 ὁντιναοῦν
2824 2054 3023 2123 τρόπον
3054 2050 3429 2119 ἀνακειμένων
3470 2050 3619 2119 Θεῷ,
3658 2050 3830 2102 πλατῦ

2245 2150 2464 2220 γελῶσι,
2502 2148 2596 2201 καὶ
2649 2146 3099 2216 κατεπαίρονται,
3142 2145 3238 2197 καὶ
3286 2144 3381 2213 τὴν
3420 2142 3515 2194 τοῦ
3570 2139 3832 2203 σώζοντος

2246 2243 2443 2304 αὐτοὺς
2476 2238 2792 2309 διασύρουσι
2823 2237 3001 2301 δόξαν,
3050 2236 3264 2288 Οίονται
3304 2233 3413 2304 γάρ
3445 2233 3580 2294 ἴσως
3604 2231 3706 2301 τὴν
3738 2231 3831 2284 αὖ·

2245 2335 2337 2389 τοῦ
2366 2336 2527 2405 χεῖρα
2578 2331 2773 2385 παθεῖν
2815 2329 2876 2382 τὸ
2922 2328 2996 2398 μὴ
3028 2328 3239 2397 ἰσχύσαι
3264 2325 3459 2389 σώζειν
3490 2324 3714 2383 αὐτοὺς,
3741 2325 3830 2375 καὶ

2244 2427 2345 2481 οὐκ
2387 2413 2678 2482 ἐννοοῦσιν,
2701 2421 2777 2473 ὅτι
2808 2417 3159 2471 πεπτώκασιν
3180 2415 3285 2468 ὑπὸ
3299 2414 3456 2484 δίκην
3488 2411 3829 2483 πεπραχότες

2244 2517 2364 2571 τινὰ
2384 2513 2493 2569 τῶν
2523 2511 2839 2567 ἁπαδόντων
2894 2508 3062 2578 αὐτῷ.
3117 2526 3135 2559 ι
3176 2505 3269 2569 Εἰς
3301 2505 3554 2575 κατάραν
3586 2522 3606 2555 ι
3653 2502 3829 2555 τοίνυν

2252 2629 2270 2661 ε
2298 2610 2326 2661 ὁ
2353 2602 2501 2668 οἶκος
2522 2604 2584 2658 τὸ
2610 2603 2764 2670 ἅγιον
2791 2600 2971 2671 ἡμῶν.
3000 2619 3020 2652 ι
3047 2599 3237 2667 ’Ἄγιος
3264 2596 3372 2667 γὰρ
3390 2591 3459 2667 ἦν
3485 2594 3619 2666 παρ’
3649 2594 3829 2655 αὐτοῖς

2244 2699 2272 2750 ὁ
2291 2695 2436 2759 ναὸς,
2450 2694 2639 2763 γέγονε
2661 2693 2718 2746 δὲ
2748 2692 2840 2746 καὶ
2864 2691 3256 2763 πυρίκαυστος,
3282 2688 3506 2756 φησὶνρ
3527 2686 3620 2739 διὰ
3647 2688 3827 2756 φωνῆς

2244 2787 2354 2842 τῶν
2387 2786 2558 2856 ἁγίων
2593 2784 2865 2854 πατέρων,
2901 2782 3042 2836 ὥστε
3081 2778 3405 2851 περιφανὴς,
3440 2777 3539 2831 καὶ
3592 2777 3829 2846 ἀοίδιμος

2245 2872 2801 2947 προαπηγγελμένος·
2861 2870 3320 2944 συμπεπτωκέναι
3374 2867 3434 2921 δέ
3470 2884 3605 2936 φασι
3656 2868 3830 2920 πάντα

2244 2968 2312 3022 τὰ
2344 2964 2549 3032 ἔνδοξα·
2581 2965 2832 3037 σέϐασμα
2870 2964 2979 3035 γὰρ
3012 2958 3081 3034 ἦν
3104 2960 3241 3024 ὅλως
3295 2959 3449 3013 οὐδὲν
3508 2958 3623 3012 τῶν
3673 2957 3730 3009 ὲν
3753 2957 3830 3027 τῷ

2246 3058 2375 3127 θείῳ
2397 3056 2511 3126 ναῷ
2533 3055 2807 3127 κειμένων
2839 3052 3049 3107 σκευῶν
3084 3050 3267 3123 ἱερῶν,
3295 3053 3408 3113 τοῖς
3435 3049 3829 3119 διαρπάζουσιν

2245 3148 2406 3212 αὐτὰ,
2449 3149 2540 3200 καὶ
2566 3147 3038 3217 καταπιμπρᾶσιν*
3088 3163 3107 3194 ι
3156 3142 3412 3211 Ἦνέσχου
3461 3141 3539 3204 δὲ,
3585 3161 3604 3193 ι
3638 3140 3825 3209 φησὶν,

2253 3260 2270 3292 ι
2302 3241 2394 3294 ἐπὶ
2427 3242 2562 3293 πᾶσι
2594 3238 2822 3302 τούτοις,
2861 3237 2957 3290 καὶ
2982 3234 3369 3303 κατεσίγησας,
3402 3234 3499 3285 καὶ
3531 3232 3826 3302 κατεκόμι-

2248 3350 2348 3396 σας
2384 3335 2532 3403 ἡμᾶς
2562 3332 2666 3395 ἕως
2708 3330 2958 3399 ἐδάφους.
2993 3347 3012 3380 ι
3067 3327 3285 3395 Ἐπειδὴ
3336 3326 3446 3398 γὰρ
3486 3324 3827 3394 ἀποσοϐῆσαι

2246 3422 2539 3493 δυνάμενος
2566 3420 2672 3474 τῶν
2697 3419 2970 3489 πολεμίων
2998 3416 3098 3489 τὴν
3149 3415 3360 3485 ἔφοδον,
3403 3414 3825 3486 συγκεχώρηκεν

2249 3515 2485 3586 ἰσχύσαι,
2508 3513 2601 3567 καὶ
2632 3511 3027 3581 καταδραμεῖν,
3071 3508 3166 3561 καὶ
3205 3506 3372 3560 αὐτοῦ
3400 3506 3498 3560 τοῦ
3549 3506 3680 3569 νεῶ,
3716 3505 3825 3558 δια-

2245 3606 2631 3677 τεκμαίρονται
2660 3603 2869 3667 λοιπὸν,
2927 3603 3009 3656 ὅτι
3061 3598 3450 3672 παρεὼρανται
3506 3598 3576 3651 δι’
3627 3598 3821 3669 ὀργὴν,

2246 3698 2339 3753 καὶ
2373 3696 2657 3768 ἁμαρτιῶν
2717 3694 2990 3765 ἐπίχειρα,
3043 3690 3141 3762 τὴν
3176 3689 3265 3742 ἐπ’
3308 3688 3497 3752 αὐτοῖς
3523 3688 3590 3759 δὴ
3621 3688 3823 3749 τούτοις

2247 3790 2405 3861 σιγὴν
2451 3788 2769 3859 ἐσχήκασιν.
2822 3779 2892 3856 τι)
2935 3784 3044 3854 γὰρ
3094 3784 3211 3837 ὲνδν
3250 3781 3490 3842 εὐκόλως
3520 3779 3821 3847 ἀποστῆσαι

2245 3881 2341 3951 τὴν
2364 3880 2539 3949 ὓϐριν,
2570 3875 2686 3932 εἶτα
2726 3875 2883 3930 τοῦτο
2916 3876 3119 3946 μεθεὶς,
3158 3876 3250 3929 καὶ
3290 3871 3579 3944 προελθεῖν
3612 3873 3694 3935 είς
3737 3871 3821 3922 πέ-

2249 3992 2346 4047 ρας
2370 3972 2540 4040 ἐφιεὶς
2561 3971 2631 4024 τὰ
2661 3970 2830 4032 δεινὰ,
2862 3967 3021 4037 δῆλος
3045 3968 3111 4021 ἂν
3155 3967 3239 4037 εἴη
3262 3962 3533 4035 δήπουθεν
3579 3963 3822 4033 δριμεῖαν

2245 4066 2428 4128 αὐτοῖς
2458 4061 2756 4128 ὲπιστάξας
2800 4060 2992 4131 ὀργὴν,
3025 4058 3099 4122 ὡς
3152 4059 3246 4111 καὶ
3280 4056 3439 4126 δόξης
3476 4055 3618 4118 ἰδίας
3662 4056 3823 4123 ὕπερ-

2247 4156 2395 4219 ιδεῖν,
2423 4154 2518 4207 καὶ
2543 4151 2874 4223 ἀνασχέσθαι
2906 4150 3140 4219 γέλωτος
3161 4148 3391 4219 ἐχθρῶν,
3425 4149 3557 4201 ὅταν
3597 4146 3821 4216 ἐκϐαίνῃ

2240 4242 2425 4307 καλῶς
2449 4243 2510 4295 τὸ
2537 4241 2844 4296 ὲκτιννύναι
2869 4239 3024 4303 δίκας
3044 4239 3167 4302 τοὺς
3179 4232 3261 4317 οἷς
3280 4236 3345 4291 ἂν
3376 4237 3582 4308 πρέποι
3611 4237 3820 4299 κολάζει

2245 4335 2369 4390 σθαι
2390 4334 2477 4388 διὰ
2505 4332 2708 4402 πολλὴν
2743 4328 3040 4402 ἁμαρτίαν.

2326 4423 2624 4495 Ἑμφανὴς
2685 4422 2980 4491 ἐγενόμην
3041 4417 3164 4485 τοῖς
3211 4417 3317 4487 ἐμὲ
3367 4415 3454 4486 μὴ
3519 4416 3814 4483 ζητοῦσιν,

566 4499 656 4568 qui
686 4516 763 4553 me
795 4518 894 4555 non
923 4506 1250 4574 quwrebaitt,
1279 4511 1517 4565 iuventus
1543 4531 1657 4567 sum
1682 4532 1783 4569 non
1812 4517 2135 4587 interrogari:

2245 4518 2486 4586 εὑρέθην
2512 4514 2632 4580 τοῖς
2655 4512 2759 4582 ἐμὲ
2774 4512 2858 4581 μὴ
2884 4509 3275 4579 ἐπερωτῶσιν.
3302 4505 3481 4563 Εῖπα·
3516 4508 3679 4562 Ἰδοὺ
3703 4508 3811 4576 εἰμὶ

567 4590 703 4644 libat
734 4608 833 4647 me.
867 4593 989 4648 Dixi
1023 4612 1042 4649 :
1081 4596 1213 4651 Ecce
1245 4616 1337 4668 ego
1370 4604 1539 4670 genti,
1570 4621 1687 4673 qua:
1722 4623 1823 4659 non
1857 4610 2135 4676 appellavit

568 4697 752 4736 nomen
776 4700 965 4740 meum.
990 4686 1231 4753 Expaudi
1254 4708 1439 4745 manus
1467 4711 1606 4749 meas
1631 4707 1739 4749 tota
1762 4699 1865 4763 die,
1890 4701 1958 4752 ad
1978 4718 2136 4769 papu-

567 4771 674 4826 lum
702 4776 1025 4832 incredulum
1052 4794 1095 4836 et
1119 4785 1577 4852 contradicentem,
1603 4789 1692 4857 qui
1720 4806 1823 4844 non
1849 4792 2135 4848 ambulavit

569 4864 623 4917 in
651 4866 732 4919 via
757 4884 896 4933 vera,
922 4872 1011 4924 sed
1038 4883 1148 4935 post
1176 4885 1390 4943 peccata
1419 4894 1537 4931 sua.

642 5042 957 5103 Necessario
998 5051 1107 5120 jam
1158 5054 1430 5121 praedictis
1476 5056 1589 5110 haec
1637 5057 1959 5112 inferuntur.
2008 5058 2140 5114 Nam

570 5134 822 5202 quoniam
855 5136 1104 5195 dixerunt
1132 5158 1146 5195 :
1183 5161 1202 5195 ι
1236 5142 1373 5210 Quid
1401 5146 1659 5201 seduxisti
1688 5164 1805 5213 nos,
1832 5147 2082 5214 Domine,
2112 5165 2141 5203 a

572 5224 654 5278 via
680 5226 802 5280 tua?
821 5227 1090 5285 obdurasti
1114 5234 1273 5288 corda
1298 5246 1505 5301 nostra,
1526 5254 1592 5292 ne
1615 5239 1925 5295 timeremus
1949 5250 1998 5297 te
2016 5241 2081 5303 l'°;
2115 5261 2133 5293 ι

569 5314 989 5388 adjeceruntque
1034 5338 1047 5375 :
1107 5341 1125 5373 ι
1178 5324 1341 5380 Facta
1388 5335 1473 5382 est
1516 5328 1728 5383 deserta
1780 5331 1942 5399 Sion,
1983 5333 2138 5400 quasi

569 5406 802 5463 solitudo
844 5409 985 5466 facta
1031 5424 1113 5469 est
1154 5415 1477 5487 Jerusalem,
1510 5431 1564 5475 et
1602 5423 1903 5476 exsecratio
1952 5424 2141 5478 domus

570 5509 754 5555 sancta
788 5511 969 5559 nostra
1003 5524 1024 5561 τ’
1058 5527 1075 5559 ι
1110 5509 1362 5583 deinceps
1390 5515 1696 5569 necessario
1745 5515 1944 5569 Christi
1977 5516 2142 5584 ipsius

571 5602 802 5657 persona
836 5593 1053 5651 inducta
1083 5608 1187 5664 est,
1214 5616 1408 5659 causas
1434 5604 1582 5661 velut
1610 5605 1872 5672 referens,
1903 5621 2000 5663 cur
2028 5608 2140 5663 haec

645 5762 692 5797 ι’
726 5764 828 5824 lsa.
859 5787 1018 5841 um,
1052 5774 1135 5829 l7.

2242 4606 2321 4672 τῷ
2358 4607 2534 4666 ἔθνει,
2567 4603 2623 4657 οἳ
2666 4605 2779 4656 οὐκ
2830 4599 3279 4655 ἐπεκαλέσαντο
3336 4600 3404 4652 τὸ
3454 4598 3650 4668 ὄνομά
3680 4615 3812 4667 μου.

2254 4696 2614 4761 Ἐξεπέτασα
2657 4696 2762 4760 τὰς
2796 4692 2998 4764 χεῖράς
3057 4711 3169 4761 μου
3217 4692 3371 4758 ὅλην
3438 4690 3555 4758 τὴν
3598 4692 3816 4758 ἡμέραν

2243 4790 2393 4857 πρὸς
2418 4787 2572 4841 λαὸν
2598 4785 2981 4847 ἀπειθοῦντα,
3018 4784 3117 4837 καὶ
3137 4783 3554 4851 ἀντιλέγοντα,
3605 4782 3665 4835 vi
3705 4784 3808 4835 οὐκ

2242 4882 2660 4950 ἐπορεύθησαν
2713 4878 2830 4944 ὀδῷ
2883 4878 3188 4947 ἀληθείας.
3242 4876 3408 4931 ἀλλά
3468 4877 3666 4929 ὀπίσω
3706 4874 3853 4961 τῶν.

2241 4971 2539 5043 ἁμαρτιῶν
2570 4969 2787 5024 αὐτῶν.

2325 5063 2662 5131 Ἀναγκαίως
2724 5063 2838 5124 τοῖς
2887 5062 2987 5133 ἤδη
3040 5059 3459 5132 προειρημένοις
3498 5058 3811 5126 ἐπιφέρεται

2243 5154 2437 5209 ταῦτα.
2483 5153 2701 5224 Ἐπειδὴ
2729 5153 2838 5226 γὰρ
2879 5153 3137 5222 ἔφασκονο
3174 5172 3193 5205 ι
3222 5153 3287 5205 Τί
3318 5151 3631 5221 ὲπλάνησας
3651 5151 3810 5219 ἡμᾶς,

2244 5245 2438 5314 Κύριε,
2489 5244 2598 5296 ἀπὸ
2639 5246 2737 5314 τῆς
2789 5242 2910 5296 ὁδοῦ
2971 5260 3100 5309 anu;
3163 5242 3504 5313 ὲσχλήρυνας
3534 5241 3691 5311 ἡμῶν
3720 5240 3812 5301 τὰς

2237 5336 2461 5405 καρδίας
2491 5336 2584 5389 τοῦ
2612 5336 2685 5405 μὴ
2705 5335 2986 5403 φοϐεῖσθαί
3011 5352 3089 5387 σε·
3116 5354 3134 5386 ι
3174 5334 3599 5405 προσεπήγαγον
3626 5332 3703 5394 δὲ,
3734 5333 3811 5384 δτι

2243 5447 2262 5478 ι
2285 5426 2546 5497 Ἐγενήθη
2590 5427 2796 5497 ἔρημος
2820 5424 2981 5491 Σιὼν,
3005 5426 3080 5489 ὡς
3103 5426 3307 5497 ἔρημος
3338 5422 3570 5493 ἐγενήθη
3618 5423 3811 5491 Ἰερου-

2239 5518 2440 5589 σαλὴμ,
2489 5519 2568 5580 εἰς
2594 5517 2838 5586 κατάραν
2875 5514 3067 5580 ὀοῖκος
3091 5518 3121 5570 ὁ
3151 5516 3305 5582 ἅγιος
3338 5514 3497 5586 ἡμῶν
3568 5534 3587 5566 ι
3632 5511 3811 5565 λοιπὸν

2238 5609 2551 5678 ἀναγκαίως
2583 5607 2642 5660 τὸ
2672 5606 2836 5660 αὑτοῦ
2872 5605 3164 5677 πρόσωπον
3196 5605 3485 5673 είσδέὁηκε
3528 5602 3622 5656 τοῦ
3677 5602 3811 5671 Χριο
