4148 6532
327 375 466 434 “05
1449 379 1512 436 IN
1551 382 1780 438 lSAIAM
1819 383 1949 442 LIB.

1994 385 2055 440 ν.
2105 383 2340 440 TOMUS
2380 382 2462 438 Vl.
3291 397 3298 403 '
3435 389 3571 442 1-106
3619 410 3621 414 ί

325 490 475 556 στου,
510 487 608 552 τὰς
638 487 817 552 αίτίας
847 487 1038 559 ῶσπερ
1079 491 1458 562 ἀπαγγέλλων,
1507 500 1594 568 ἐφ’
1627 494 1714 564 αἷς
1749 501 1893 555 είκόο
1925 519 1963 572 Α

1931 519 1972 572 Α
2003 501 2196 555 merito
2224 501 2366 571 passi
2403 499 2622 553 fuerint.
2649 496 2762 551 Non
2795 497 2898 553 sibi
2932 512 3124 554 causas
3156 501 3453 565 ascribunt,
3475 507 3569 557 sed

321 598 432 645 τως
457 579 617 632 ταυτὶ
641 577 992 641 πεπονθότες,
1044 580 1142 650 οὐχ
1191 582 1402 648 ἑαυτοῖς
1433 587 1634 654 μᾶλλον
1673 589 1899 659 ἐπιγρά-

2003 591 2054 645 in
2081 591 2285 645 crimen
2313 600 2506 645 vocant
2529 589 2640 644 fere
2667 588 2837 653 illum,
2856 590 2945 658 qui
2976 591 3190 659 dignam
3223 591 3330 645 illis
3358 607 3570 659 paruam
3627 601 3630 605 ‘

323 688 484 740 φουσι
533 671 635 732 τὰς
671 668 870 733 αἰτίας,
906 671 1254 738 ἐγκαλοῦσιν,
1302 675 1490 746 ῶσπερ
1513 677 1591 747 τῷ
1620 679 1716 748 τὴν
1755 680 1901 750 ἰσόρ-

2003 680 2222 736 inducit.
2254 698 2273 732 ι
2317 681 2579 752 Apparni,
2620 699 2639 732 ι
2676 682 2850 741 enim,
2879 681 3078 748 inquit,
3113 698 3133 731 ι
3171 696 3256 734 me
3291 697 3394 736 non
3429 697 3575 751 qua:-

323 763 490 833 ροπον
505 760 684 822 αὐτοῖς
706 758 963 826 ἐπάγοντι
977 758 1150 830 δίκην.
1177 780 1194 812 ι
1218 762 1498 834 Ἐμφανὴς
1514 764 1622 836 7&9
1639 766 1856 834 γέγονα,
1870 786 1888 818 ι

2004 769 2265 832 rentibus,
2298 769 2545 824 inventus
2586 784 2703 823 sum
2750 784 2834 824 me
2880 785 2984 822 non
3035 771 3514 840 interrogantibus.
3551 789 3569 822 ι

324 851 484 922 φησὶ,
523 869 542 903 ι
567 850 662 904 καὶ
699 852 811 913 τοῖς
840 850 940 919 ἐμὲ
964 849 1040 920 μὴ
1083 850 1358 920 ζητοῦσιν,
1401 853 1630 924 εὑρέθην
1659 857 1768 918 τοῖς
1801 854 1899 925 ἐμὲ

2003 859 2110 914 Sua
2133 873 2362 928 namque
2386 869 2573 926 sponte
2596 858 2848 914 Servator
2873 860 3144 925 ingressus
3169 860 3222 913 in
3247 877 3568 932 synagogas.
3593 884 3594 915 γ

328 941 406 1013 μὴ
439 940 805 1010 ἐπερωτῶσινο
836 958 854 991 ι
881 939 1177 1010 αὐτόμολος
1203 940 1310 1010 γὰρ
1339 945 1365 994 ὁ
1393 943 1583 1013 Σωτὴρ
1606 944 1901 1015 εἰστρέχων

2001 949 2166 1018 892
2199 949 2383 1004 docuit
2412 951 2558 1014 illos,
2590 951 2889 1019 prmdicans
2920 950 3266 1019 Evangelium
3305 953 3484 1021 regni,
3518 962 3574 1006 et

330 1034 392 1086 ὲν
421 1036 542 1096 ταῖς
571 1035 932 1100 συναγωγαῖς,
967 1033 1244 1086 ἐδίδασκεν
1290 1034 1486 1094 αὐτοὺς
1531 1034 1822 1104 κηρύσσων
1843 1033 1902 1087 τὸ

2003 1055 2203 1094 curans
2232 1055 2447 1094 omnem
2484 1042 2728 1095 morbum
2764 1050 2818 1094 et
2851 1056 3068 1095 omnem
3106 1043 3474 1096 inﬁrmitatem
3523 1044 3573 1097 in

323 1124 646 1192 εὐαγγέλιον
704 1124 803 1193 τῆς
863 1122 1176 1192 βασιλείας,
1235 1125 1332 1176 καὶ
1379 1123 1696 1194 θεραπεύων
1726 1126 1904 1178 πᾶσαν

2005 1129 2198 1199 populo
2222 1130 2291 1196 υ,
2313 1131 2471 1186 sicuti
2503 1133 2760 1200 scriptum
2787 1141 2892 1185 est.
2914 1131 3051 1196 Quid
3077 1133 3218 1186 enim
3248 1148 3352 1187 non
3379 1133 3576 1187 factum

328 1215 486 1269 νόσον
533 1213 628 1268 καὶ
671 1215 850 1267 πᾶσαν
899 1213 1172 1283 μαλακίαν
1218 1216 1276 1268 ἐν
1325 1214 1404 1285 τῷ
1435 1213 1571 1283 λαῷ,
1626 1215 1770 1268 καθὰ
1813 1215 1905 1283 γέ·

2005 1231 2088 1278 est
2114 1222 2182 1277 ab
2211 1237 2295 1290 eo,
2319 1221 2461 1292 qttod
2495 1237 2600 1276 non
2629 1229 2847 1291 superet
2870 1237 3083 1276 omnem
3115 1231 3171 1276 et
3197 1224 3497 1276 orationem
3525 1232 3580 1276 et

322 1320 593 1376 γραπται.
653 1303 718 1356 Τί
771 1301 879 1372 γὰρ
934 1302 993 1355 ού
1051 1303 1370 1373 πέπρακται
1426 1303 1554 1372 παρ’
1587 1303 1752 1357 αὐτοῦ
1796 1304 1904 1358 τῶν

2007 1313 2455 1369 admirationem?
2491 1313 2709 1381 Leprosi
2747 1329 2934 1368 manus
2969 1321 3113 1367 tactu
3149 1323 3202 1367 et
3235 1324 3364 1367 nutu
3400 1315 3581 1368 divino

322 1395 586 1448 ἐπέκεινα
631 1392 726 1447 καὶ
759 1392 918 1462 λόγου
953 1394 1047 1446 καὶ
1087 1392 1402 1463 θαύματος;
1474 1394 1905 1465 Ἀπηλλάττοντο

2007 1401 2215 1456 liberati
2259 1411 2414 1468 sunt;
2460 1403 2680 1456 excitati
2717 1418 2747 1458 e
2781 1403 3147 1456 monumentis
3183 1402 3409 1467 mortui;
3447 1403 3575 1455 caeci

322 1485 539 1558 λεπροὶ,
564 1485 660 1538 καὶ
687 1484 872 1556 χειρὸς
894 1484 1030 1556 ἀφῇ,
1072 1484 1168 1537 καὶ
1201 1484 1432 1554 νεύματι
1462 1484 1540 1555 τῷ
1570 1486 1865 1556 θεοπρεπεῖ
1888 1524 1903 1548 ,

2006 1493 2400 1562 optatissimam
2447 1493 2623 1549 lucem
2676 1506 3026 1564 receperunt;
3076 1494 3395 1548 exsilierunt
3443 1493 3586 1547 velut

321 1577 640 1649 ἠγέρθησαν
681 1578 746 1632 ὲκ
784 1576 1084 1647 μνημάτων
1109 1575 1314 1645 νεκροὶ.
1347 1577 1538 1644 τυφλοὶ
1563 1577 1624 1629 τὸ
1644 1576 1907 1648 τριπόθη-

2007 1586 2148 1640 cervi
2179 1588 2311 1654 pede
2333 1586 2474 1655 capti
2501 1585 2565 1639 “.
2596 1585 2718 1640 llaec
2745 1587 3112 1656 spectantibus
3135 1586 3269 1640 dixit
3293 1585 3540 1639 Christus
3569 1604 3581 1639 :

319 1687 416 1723 τον
442 1669 688 1739 ἐδέχοντο
733 1665 868 1734 φῶς,
919 1664 1319 1736 ἀνεσκίρτησαν
1351 1665 1427 1729 ὡς
1471 1665 1660 1736 ἔλαφοι
1683 1665 1760 1736 τῷ
1785 1666 1906 1720 ποδὶ

2013 1697 2032 1729 ι
2064 1677 2118 1731 Si
2151 1692 2253 1731 non
2280 1675 2421 1731 facio
2447 1692 2608 1746 opera
2635 1676 2810 1732 Patris
2835 1677 2958 1740 mei,
2984 1675 3148 1730 nolite
3177 1676 3303 1729 mihi
3331 1675 3583 1738 credere;

322 1761 714 1831 λελωϐημένοι.
772 1759 884 1812 Καὶ
947 1755 1079 1826 γοῦν
1145 1759 1260 1820 τοῖς
1321 1755 1495 1810 ταῦτα
1559 1757 1908 1827 τεθεαμένοις

2009 1769 2089 1822 sin
2138 1766 2306 1834 facio,
2344 1769 2444 1823 etsi
2497 1769 2626 1822 mihi
2680 1783 2786 1823 non
2837 1768 3106 1834 credatis,
3145 1769 3401 1836 operibus
3454 1768 3587 1820 meis

321 1855 561 1925 ἔφασκεν
586 1853 615 1906 ὁ
652 1851 914 1922 Χριστὸςο
963 1868 982 1900 ι
1017 1850 1080 1903 Ei
1130 1850 1188 1902 οὑ
1225 1849 1362 1902 ποιῶ
1393 1850 1463 1904 τά
1511 1848 1645 1920 ἔργα
1674 1849 1767 1902 τοῦ
1797 1850 1908 1902 Πα-
1941 1856 1959 1909 l

1946 1856 1980 1909 Β
2009 1860 2212 1914 credite
2232 1859 2300 1914 ”.
2339 1878 2358 1911 ι
2406 1877 2425 1911 ι
2465 1859 2580 1913 Dixi
2624 1879 2642 1910 ›
2683 1859 2882 1929 igitur,
2915 1859 3089 1928 inquit
3123 1876 3138 1913 :
3184 1877 3203 1909 ι
3250 1859 3359 1928 Ego
3393 1859 3584 1912 adsum

319 1945 453 2016 τρός
480 1960 606 2015 μου,
642 1942 716 2014 μὴ
753 1940 1041 1994 πιστεύετέ
1067 1958 1179 2012 μοι·
1203 1943 1251 1995 εί
1283 1941 1341 1995 δὲ
1375 1941 1532 2006 ποιῶ,
1548 1941 1649 1995 κᾶν
1681 1942 1804 2012 ἐμοὶ
1833 1941 1906 2012 μὴ

2008 1950 2175 2018 genti,
2198 1964 2317 2019 qua:
2350 1965 2457 2002 non
2489 1949 2772 2018 appellavit
2797 1964 2990 2003 nomen
3027 1963 3226 2003 meum.
3261 1967 3279 2000 ι
3315 1947 3588 2002 Invenitur

320 2036 638 2106 πιστεύητε,
662 2037 776 2098 τοῖς
805 2033 987 2105 ἔργοις
1011 2050 1114 2103 μου
1136 2032 1481 2087 πιστεύσατε.
1507 2053 1524 2083 ι
1555 2065 1624 2074 -
1643 2052 1661 2084 ι
1692 2030 1858 2090 Εἶπον
1883 2054 1900 2085 ι

2007 2041 2150 2094 enim
2179 2042 2361 2094 dicens
2409 2056 2548 2094 nunc
2577 2058 2590 2094 :
2626 2059 2644 2090 ι
2675 2040 2785 2109 Ego
2812 2055 2929 2095 sum
2960 2040 3045 2094 lux
3081 2039 3264 2093 mundi
3289 2040 3361 2102 “;
3396 2058 3414 2091 ι
3449 2053 3589 2091 nunc

319 2129 524 2192 τοίνυν,
547 2128 735 2199 φησιν,
763 2145 782 2178 ι
817 2124 958 2194 Ἐγώ
995 2127 1111 2197 είμι
1137 2125 1216 2197 τῷ
1238 2125 1402 2191 ἔθνει,
1433 2126 1482 2178 οἳ
1514 2125 1614 2180 οὐκ
1641 2125 1908 2180 ἐκάλεσαν

2011 2144 2196 2183 rursus
2227 2147 2240 2183 :
2280 2147 2298 2181 ι
2338 2130 2394 2183 Si
2428 2132 2548 2198 quis
2578 2131 2723 2194 sitit,
2757 2131 2935 2183 veniat
2962 2131 3027 2183 ad
3056 2145 3172 2193 me,
3201 2137 3253 2184 et
3285 2128 3452 2182 bibat.
3485 2127 3588 2192 Qui

320 2223 383 2275 τὸ
423 2220 594 2290 ὄνομά
629 2235 751 2290 μου·
798 2239 816 2272 ι
848 2219 1164 2290 εὑρίσκεται
1217 2219 1326 2289 γὰρ
1381 2219 1512 2272 ποτὲ
1549 2217 1649 2288 μὲν
1701 2218 1903 2287 λέγων,

2009 2221 2181 2274 credit
2233 2220 2286 2274 in
2345 2233 2460 2283 me,
2510 2219 2670 2273 sicuti
2725 2219 2856 2272 dicit
2903 2218 3214 2287 Scriptura,
3261 2219 3479 2272 [lumina
3525 2217 3590 2270 de

327 2333 345 2365 ι
385 2312 526 2382 Ἐγώ
563 2314 677 2382 είμι
732 2311 794 2364 τὸ
846 2310 963 2380 φῶς
989 2308 1084 2362 τοῦ
1114 2309 1343 2379 κόσμου,
1387 2327 1406 2360 t
1459 2309 1590 2362 ποτὲ
1616 2309 1678 2362 δὲ
1720 2309 1906 2371 πάλιν,

2010 2320 2199 2364 ventre
2231 2311 2348 2378 ejus
2385 2309 2553 2365 liuent
2587 2325 2744 2380 aqua:
2773 2310 3003 2365 viventis
3034 2310 3102 2367 ".
3143 2330 3162 2363 ι
3203 2313 3274 2366 At
3306 2310 3593 2364 noluerunt

330 2426 349 2455 ι
375 2405 444 2460 Et
468 2422 551 2468 τις
575 2404 722 2475 διψᾷ,
749 2401 993 2475 ἐρχέσθω
1027 2401 1166 2472 πρός
1199 2417 1288 2471 με,
1324 2400 1418 2453 καὶ
1457 2401 1681 2454 πινέτω.
1723 2401 1780 2454 Ὀ
1820 2420 1910 2454 πι-

2009 2400 2283 2469 appellare
2324 2415 2519 2455 nomen
2564 2400 2702 2467 ejus,
2735 2401 3086 2468 quantumvis
3125 2401 3329 2455 diserte
3367 2401 3588 2462 diceret,

325 2496 532 2551 στεύων
560 2497 636 2558 εἰς
667 2494 788 2564 ἐμὲ.
816 2491 998 2556 καθὼς
1015 2487 1169 2545 εἶπεν
1189 2493 1223 2562 ἡ
1240 2492 1454 2563 Γραφὴ,
1476 2493 1713 2562 ποταμοὶ
1729 2493 1793 2544 ὲκ
1812 2493 1909 2562 τῆς

2009 2500 2065 2545 et
2097 2491 2314 2559 quidem
2348 2505 2492 2559 saepe
2527 2509 2542 2546 :
2589 2508 2608 2542 ι
2657 2489 2770 2560 Ego
2811 2506 2954 2556 sum.
2988 2509 3006 2542 ι
3052 2490 3244 2544 Fuisse
3282 2501 3461 2544 autent
3501 2504 3593 2544 eos

325 2587 536 2650 κοιλίας
566 2585 732 2640 αὐτοῦ
767 2584 1050 2656 ῥεύσουσιν
1101 2582 1294 2646 ὓδατος
1336 2583 1559 2648 ζῶντοςο
1603 2602 1622 2634 ι
1673 2581 1787 2637 ἀλλ’
1809 2583 1910 2636 οὐκ

2009 2583 2390 2637 admonitionis
2432 2582 2805 2650 impatientes,
2837 2591 2892 2636 et
2927 2582 3131 2637 similes
3173 2582 3258 2637 his
3299 2583 3390 2650 qui
3435 2598 3593 2637 aures

322 2677 515 2748 ἧθελον
537 2674 915 2729 ἐπικαλεῖσθαι
935 2674 994 2726 τὸ
1013 2672 1183 2743 ὄνομα
1201 2671 1388 2738 αὑτοῦ,
1408 2672 1586 2726 καίτοι
1606 2673 1910 2745 διαρρήδην

2011 2687 2116 2727 non
2151 2673 2369 2735 habent,
2393 2671 2557 2726 duros
2584 2681 2638 2724 et
2661 2671 3048 2733 inobedientes,
3072 2673 3308 2728 ostendit
3334 2689 3452 2728 cum
3479 2673 3588 2728 ait:

320 2769 384 2823 τὸ
414 2787 432 2819 ι
476 2765 616 2836 Ἐγώ
647 2768 760 2836 εἰμι
791 2783 809 2816 ι
839 2765 1089 2833 λέγοντος
1130 2761 1474 2832 πλεισταχοῦ.
1507 2764 1628 2815 ’Ότι
1664 2763 1721 2816 δὲ
1754 2763 1908 2831 γεγό-

2017 2782 2037 2816 ι
2077 2763 2318 2831 Expandi
2353 2778 2544 2818 manus
2577 2777 2726 2816 meas
2761 2763 2824 2815 ad
2893 2761 3148 2832 populum
3199 2762 3591 2816 iuobedientem

329 2875 488 2914 νασιν
539 2855 891 2925 ἀνουθέτητοι
945 2853 1040 2907 καὶ
1091 2853 1150 2906 ὲν
1204 2851 1303 2922 ἴσῳ
1339 2851 1481 2922 τάχα
1520 2868 1622 2906 που
1671 2853 1785 2915 τοῖς
1808 2853 1909 2906 οὐκ

2011 2870 2079 2910 ao
2119 2855 2604 2910 contradicentem.
2653 2874 2672 2907 ι
2728 2855 2976 2912 Solemus
3021 2856 3164 2910 cnim
3213 2869 3425 2925 semper
3471 2870 3592 2910 cum

323 2947 539 3018 ἔχουσιν
581 2939 716 3008 ὦτα,
762 2943 985 3015 σκληροί
1025 2961 1086 2997 τε
1144 2944 1239 2996 καὶ
1274 2942 1546 3009 ἀπειθεῖς,
1586 2943 1910 2997 διαδείκνυσι

2011 2943 2369 3000 refractarios
2412 2944 2759 3014 alloquimur,
2790 2953 2846 3001 et
2887 2944 3287 3013 immorigeros,
3319 2959 3441 2998 cum
3485 2943 3595 2998 cia-

322 3041 518 3113 λέγων,
543 3043 626 3096 δτι
653 3060 672 3092 ι
709 3039 1046 3104 Ἐξεπέτασα
1089 3038 1188 3102 τὰς
1226 3041 1415 3110 χεῖράς
1463 3057 1565 3110 μου
1599 3041 1738 3112 πρὸς
1785 3040 1912 3095 λαὸν

2013 3051 2166 3093 more
2197 3052 2387 3094 manus
2435 3037 2727 3093 extendere
2773 3048 2828 3092 et
2865 3037 3102 3106 graviter
3141 3038 3192 3092 in
3238 3037 3357 3092 illos
3397 3035 3593 3091 invehi.

325 3134 700 3196 ἀπειθοῦντα,
743 3131 837 3186 καὶ
871 3131 1241 3200 ἀντιλέγοντα·
1277 3151 1295 3182 ›
1358 3130 1751 3202 κατειθίσμεθα
1802 3132 1911 3205 7&9
1938 3187 1963 3208 ἰ

1951 3187 1978 3208 ﬂ
2019 3145 2038 3180 ι
2079 3127 2184 3184 Sed
2226 3144 2332 3184 non
2375 3129 2806 3193 ambulaverunt,
2847 3147 2865 3180 ι
2901 3128 3096 3198 inquit,
3131 3146 3150 3180 ι
3190 3128 3241 3182 in
3267 3127 3352 3182 via
3383 3143 3533 3182 vera.
3570 3145 3589 3178 ι

322 3222 534 3287 ἀείπως
557 3194 679 3286 τοῖς
717 3221 974 3291 ἀνηκόοις
1037 3194 1554 3290 προσδιαλεγόμενοι
1602 3194 1742 3291 μετά
1777 3194 1907 3292 βοῆς
1936 3194 1960 3245 ί

1949 3194 1978 3245 Β
2010 3220 2169 3277 ΝυΙΙο
2197 3222 2342 3276 enim
2371 3221 2529 3275 modo
2559 3220 2897 3275 admiserunt
2921 3194 3212 3276 salutarem
3243 3219 3587 3289 praedicatio-

324 3311 428 3376 τὰς
451 3314 641 3383 χεῖρας
703 3309 929 3376 ἁπλοῦν,
974 3310 1069 3362 καὶ
1101 3309 1359 3380 πλείστην
1410 3310 1543 3379 ὅσην
1571 3312 1689 3364 κατ’
1728 3312 1909 3367 αὐτῶν

2009 3327 2153 3377 nem,
2187 3329 2205 3364 ι
2237 3313 2329 3366 sed
2355 3321 2574 3382 peccata
2598 3325 2694 3366 sua
2733 3312 2906 3366 secuti
2948 3319 3093 3378 sunt,
3128 3330 3146 3362 ι
3182 3310 3233 3364 id
3280 3319 3383 3374 est,
3410 3308 3597 3363 eti‘reni

322 3402 599 3458 ποιεῖσθαι
644 3401 745 3470 τὴν
771 3399 1075 3468 ἐπίπληξιν·
1116 3419 1134 3452 ι
1169 3401 1284 3454 ἀλλ’
1308 3401 1408 3454 οὐκ
1449 3401 1849 3474 ἐπορεύθησαν,
1888 3422 1908 3457 ι

2011 3401 2214 3471 impetu
2245 3402 2310 3456 ad
2337 3402 2570 3457 solutam
2597 3403 2760 3458 vitam
2787 3402 3128 3473 maximeque
3155 3402 3361 3472 legibus
3387 3411 3601 3456 contra-

331 3495 524 3567 φησιν,
578 3513 596 3547 t
633 3493 738 3564 ὁδῷ
766 3491 1019 3564 ἀληθινῇ.
1055 3512 1074 3543 ι
1120 3493 1493 3565 Παρεδέξαντο
1520 3493 1628 3566 γὰρ
1668 3495 1917 3566 οὐδαμῶς

2013 3493 2149 3547 riam
2182 3492 2410 3548 devoluti
2445 3502 2594 3560 sunt,
2623 3508 2742 3563 quae
2785 3508 3001 3564 pinnam
3047 3493 3180 3563 ipsis
3220 3502 3276 3547 et
3307 3491 3585 3547 interitum

325 3588 391 3642 τὺ
423 3587 688 3658 σωτήριον
713 3587 998 3655 κήρυγμα,
1036 3603 1055 3636 ι
1085 3586 1301 3639 εἵποντο
1322 3586 1380 3640 δὲ
1414 3586 1613 3656 μᾶλλον
1639 3590 1759 3651 ταῖς
1787 3588 1882 3642 έαυ
1899 3616 1915 3629 ο

2015 3585 2322 3640 accersivit.
2353 3583 2465 3640 Hoc
2509 3600 2698 3640 rursus
2746 3586 3007 3641 Servator
3037 3585 3142 3640 illis
3182 3586 3365 3638 dicere
3396 3583 3601 3638 inveni-

325 3678 439 3732 τῶν
452 3677 766 3749 ἁμαρτίαις,
783 3695 800 3726 ι
821 3677 1120 3743 τουτέστιν,
1145 3676 1358 3747 ἀσχέτῳ
1385 3678 1527 3748 φορᾷ
1549 3677 1912 3748 κατεφέροντο

2019 3685 2144 3730 tur:
2181 3694 2200 3728 ι
2235 3677 2408 3732 Amen
2442 3677 2564 3732 dico
2594 3677 2749 3733 vobis
2799 3696 2814 3734 :
2863 3677 3049 3733 Sinon
3091 3675 3428 3731 credideritis
3459 3676 3599 3744 quod

327 3772 466 3843 πρὸς
490 3769 733 3840 ἀτημελῆ
765 3769 860 3823 καὶ
908 3769 1295 3839 ὲκνομωτάτην
1329 3767 1492 3839 ζωὴν,
1517 3769 1672 3840 δίκης
1706 3787 1765 3822 τε
1812 3771 1911 3823 αὐ-

2016 3781 2116 3838 ego
2142 3768 2266 3834 sim,
2292 3768 2346 3822 in
2377 3769 2614 3837 peccatis
2637 3770 2832 3824 vestris
2853 3767 3246 3822 moriemini".
3277 3785 3297 3819 ι
3326 3765 3597 3821 Admoniti

327 3866 442 3927 τοῖς
496 3862 589 3916 καὶ
643 3860 865 3932 ὀλέθρου
911 3856 1190 3930 πρόξενον.
1245 3859 1416 3912 Τοῦτο
1445 3859 1607 3913 πάλιν
1659 3861 1688 3913 ὁ
1720 3859 1911 3930 Σωτὴρ

2017 3859 2159 3914 enim
2189 3859 2582 3925 renitebantur,
2611 3875 2674 3916 ac
2699 3859 3093 3914 denuntiabant
3120 3856 3381 3926 suhjecris
3413 3856 3596 3909 manui

333 3955 520 4014 αὐτοῖς
542 3953 856 4024 εὑρίσκεται
888 3951 1062 4020 λέγων
1082 3967 1094 3978 ·
1122 3969 1140 4001 ι
1183 3950 1351 4022 Ἀμὴν
1373 3950 1514 4019 λέγω
1535 3951 1684 4021 ὑμῖν,
1711 3952 1804 4004 ἐὰν
1837 3951 1910 4022 μὴ

2019 3967 2127 4006 suae
2169 3970 2182 4006 :
2232 3969 2250 4003 ι
2305 3951 2634 4006 Daemoninm
2689 3951 2853 4006 habet
2892 3961 2948 4006 et
2994 3950 3223 4014 insanit,
3255 3949 3384 4018 quid
3429 3949 3597 4017 ipsmn

330 4047 683 4115 πιστεύσητε,
712 4045 794 4098 ὅτι
827 4042 939 4112 ἐγώ
994 4044 1130 4113 ειμι,
1164 4043 1221 4096 ὲν
1255 4045 1374 4107 ταῖς
1417 4044 1712 4114 ἁμαρτίαις
1757 4044 1910 4115 ὑμῶν

2017 4045 2218 4100 auditis
2241 4044 2322 4097 ‘7?
2355 4063 2374 4096 ›
2407 4043 2537 4098 Illud
2569 4044 2789 4112 insuper
2815 4043 3109 4098 clamantes
3141 4061 3154 4096 :
3193 4059 3212 4093 ι
3243 4038 3358 4094 Non
3387 4047 3603 4109 propter

329 4135 712 4192 ἀποθανεῖσθε.
758 4155 776 4188 ι
824 4133 1287 4206 Ἀντεπρὰττοντο
1324 4137 1434 4206 7&9
1460 4136 1907 4208 νουθετούμενοι,

2017 4137 2214 4192 bonum
2241 4149 2374 4204 opus
2398 4134 2698 4204 lapidamus
2728 4142 2802 4199 te,
2824 4133 2916 4188 sed
2947 4141 3166 4202 propter
3188 4129 3600 4199 blasphemiam,

331 4227 699 4299 παρήγγειλον
725 4225 782 4280 δὲ
803 4227 896 4280 καὶ
922 4227 1035 4288 τοῖς
1062 4226 1167 4278 ὑπὸ
1187 4229 1342 4298 χεῖρα
1360 4227 1609 4295 λέγοντες
1635 4245 1647 4258 ·
1674 4247 1692 4279 ι
1711 4228 1910 4298 Δαιμό-

1827 4228 1910 4297 31.6-
2017 4228 2141 4298 quia
2173 4236 2225 4281 tu
2260 4228 2422 4282 homo
2451 4241 2572 4281 cum
2603 4226 2700 4287 sis,
2732 4225 2866 4280 facis
2895 4227 3121 4294 teipsum
3155 4224 3321 4278 Deum
3343 4220 3411 4276 ⁸⁸.
3449 4241 3465 4274 ι

330 4335 444 4373 νιον
487 4318 620 4388 ἔχει,
675 4318 768 4371 καὶ
823 4318 1092 4389 μαίνεται,
1128 4317 1180 4370 τί
1214 4317 1379 4371 αὐτοῦ
1414 4318 1680 4385 ἅκούετε;
1717 4339 1734 4371 ι
1787 4320 1895 4374 Ναὶ
1937 4319 2044 4392 μὴν
2074 4321 2311 4375 ,κάκεῖνο
2364 4318 2501 4390 πρὸς
2559 4317 2735 4388 τούτῳ
2770 4314 3036 4387 βοὰ-ντες*
3089 4335 3109 4369 ι
3148 4315 3287 4387 Περὶ
3318 4313 3482 4368 καλοῦ
3511 4314 3605 4388 έρ-

329 4425 430 4484 700
459 4408 519 4460 ού
553 4407 842 4478 λιθάζομέν
879 4425 957 4470 σε,
990 4407 1126 4462 ἀλλὰ
1154 4409 1282 4480 περ)⁸
1312 4407 1690 4481 βλασφημίας,
1726 4411 1808 4465 ὅτι
1872 4414 1935 4466 σὺ
1988 4411 2281 4484 ἄνθρωπος
2339 4409 2414 4465 ὢν
2461 4413 2634 4474 ποιεῖς
2671 4411 2893 4463 σεαυτὸν
2931 4409 3082 4464 Θεόν.
3127 4428 3147 4461 ι

414 4502 470 4555 Ὁ
497 4500 646 4567 λαὸς
677 4495 856 4567 οὗτος
884 4505 917 4556 ό
968 4503 1325 4571 παροξύνων
1351 4520 1448 4574 με,
1477 4503 1732 4558 ἐνώπιον
1763 4505 1909 4574 ἐμοῦ
1941 4510 1986 4566 ι)

1966 4513 1986 4565 )
2087 4507 2251 4562 Vens.
2285 4505 2406 4560 5-5.
2446 4503 2680 4572 Populus
2742 4503 2826 4556 hic
2874 4502 3190 4557 exacerbans
3239 4519 3339 4566 me,
3375 4503 3430 4556 in
3477 4519 3604 4557 con-

329 4593 511 4649 αὐτοὶ
557 4592 655 4646 διὰ
687 4592 929 4658 παντός.
965 4590 1366 4653 Θυσιάζουσιν
1403 4593 1473 4646 ἐν
1509 4594 1635 4660 τοῖς
1663 4593 1912 4661 κήποις,

2015 4609 2191 4668 specta
2243 4613 2356 4652 meo
2389 4613 2610 4666 semper.
2643 4595 2744 4650 Isti
2775 4594 3074 4662 sacriﬁcant
3109 4594 3160 4648 in
3194 4595 3393 4657 hortis,
3418 4604 3465 4647 et
3509 4595 3604 4646 ad-

330 4687 434 4742 καὶ
482 4685 778 4755 θυμιῶσιν
815 4686 885 4739 ἐν
935 4684 1060 4751 τοῖς
1088 4685 1366 4750 πλίνθοις
1401 4684 1526 4751 τοῖς
1546 4684 1916 4756 δαιμονίοις,

2019 4693 2155 4746 olent
2179 4693 2447 4745 incensum
2471 4705 2629 4756 super
2653 4687 3210 4755 lateres‘fdwmonibua,
3231 4687 3319 4756 qui
3339 4702 3439 4739 non
3459 4699 3598 4740 sunt.

331 4777 374 4832 ἃ
412 4779 522 4831 οὐκ
547 4777 700 4832 ἐστι.
755 4776 862 4830 Καὶ
916 4776 985 4829 ἐν
1030 4775 1153 4841 τοῖς
1181 4775 1476 4844 μνήμασι,
1532 4776 1632 4830 καὶ
1681 4777 1752 4831 ἐν
1796 4777 1919 4844 τοῖς

2026 4780 2092 4835 Et
2123 4783 2176 4834 in
2207 4780 2553 4834 monumentis
2588 4794 2650 4832 ac
2683 4776 2940 4846 speluncis
2973 4776 3241 4829 dormiunt
3275 4784 3488 4844 propter
3518 4777 3601 4829 in-

330 4869 660 4937 σπηλαίοις
717 4866 1034 4936 κοιμῶνται
1078 4865 1154 4919 δι’
1183 4866 1458 4929 ἐνύπνια,
1494 4868 1550 4920 οὶ
1611 4867 1919 4933 ἐσθίοντες

2024 4875 2259 4938 somnia;
2300 4874 2573 4926 comedunt
2607 4886 2790 4925 carnes
2823 4868 3009 4923 suillos
3033 4908 3046 4932 ,
3080 4878 3125 4922 et
3154 4868 3245 4938 jus
3276 4869 3599 4931 hostiarum;

331 4971 480 5030 κρέα
499 4959 649 5022 ὕεια,
668 4959 768 5013 καί
786 4957 972 5027 ζωμὸν
1002 4954 1246 5022 θυσιῶν,
1267 4957 1701 5026 μεμολυσμένα
1724 4958 1920 5013 πάντα

2023 4968 2224 5037 polluta
2268 4967 2446 5020 omnia
2484 4983 2606 5020 vasa
2653 4981 2832 5020 eorum
2875 4977 2894 5016 :
2935 4965 3140 5023 dicunt,
3169 4961 3333 5032 893
3359 4960 3534 5032 Longe
3571 4978 3601 5014 a

332 5055 408 5106 τὰ
448 5053 639 5119 σκεύη
670 5050 886 5106 αῢτῶν⁸
918 5053 973 5102 οὶ
1000 5049 1303 5118 λέγοντες,
1340 5050 1546 5117 Πόῤῥω
1586 5049 1689 5104 ἀπ’
1730 5050 1877 5120 ἐμοῦ
1901 5093 1917 5119 ,

2024 5075 2134 5122 me,
2172 5060 2294 5130 quia
2331 5058 2556 5111 mundus
2601 5073 2748 5120 sum,
2784 5072 2847 5109 ne
2889 5055 3269 5125 appropinques
3313 5054 3459 5106 mihi.
3500 5053 3603 5107 Isle

315 5143 428 5222 ¹ὅτι
454 5141 712 5210 καθαρός
738 5143 874 5209 είμι,
890 5138 976 5208 μὴ
1000 5138 1250 5208 ἐγγίσῃς
1264 5156 1389 5207 μοι.
1405 5135 1598 5206 Οὗτος
1632 5143 1665 5194 ό
1689 5140 1919 5207 καπνὸς

2027 5152 2202 5222 fumus
2232 5153 2433 5222 luroris
2461 5153 2584 5219 mei,
2611 5151 2748 5221 ignis
2780 5149 2926 5204 ardet
2957 5152 3010 5202 in
3040 5163 3099 5201 eo
3131 5145 3373 5201 omnibus
3398 5145 3600 5199 diebus.

299 5307 314 5320 θ
339 5232 444 5287 τοῦ
473 5232 664 5302 θυμοῦ
692 5249 835 5301 μου,
879 5231 1003 5300 ¹πῦρ
1042 5230 1268 5284 καίεται
1310 5231 1379 5285 ἐν
1406 5231 1566 5296 αὐτῷ
1587 5231 1790 5298 πάσας
1814 5233 1921 5297 τὰς

298 5336 310 5408 ς
339 5324 585 5394 ἡμέρας·

424 5414 695 5479 Ἀνοσίους
723 5414 882 5478 ὄντας
907 5415 1115 5485 ἐλέγχει
1159 5416 1286 5479 τοὺς
1315 5415 1372 5482 ἐξ
1419 5415 1656 5488 Ἰσραὴλ,
1688 5418 1781 5470 καὶ
1801 5417 1918 5471 οὔτι

2102 5411 2294 5480 Impius.
2324 5410 2593 5464 Israehtas
2619 5407 2818 5478 arguit,
2848 5423 2946 5462 nec
2977 5406 3150 5461 solum
3180 5403 3438 5456 adventus
3471 5407 3601 5453 tem-

341 5523 442 5560 που
478 5507 636 5576 μόνον
665 5506 805 5562 κατὰ
833 5508 926 5562 τὸν
952 5507 1047 5570 τοῖις
1079 5507 1371 5577 ἐπιδημίας
1403 5509 1611 5580 καιρὸν,
1641 5508 1778 5562 ἀλλά
1813 5509 1921 5580 γὰρ

2029 5521 2176 5575 pore,
2203 5504 2295 5559 sed
2340 5513 2503 5568 retro,
2532 5511 2586 5556 et
2623 5501 2768 5556 velut
2803 5501 2870 5555 ab
2914 5500 3026 5570 ipsa
3058 5497 3225 5565 stirpe
3255 5502 3309 5548 et
3337 5507 3401 5546 ex
3437 5488 3603 5559 patri-

417 5707 458 5738 “
503 5708 688 5763 Matth.
740 5725 811 5772 tv,
843 5709 935 5762 2'5.
1012 5707 1056 5738 "
1094 5706 1284 5760 Matth.
1328 5723 1403 5771 XI,
1440 5711 1511 5775 5;
1552 5709 1655 5763 lsa.
1696 5727 1857 5774 xxxv,
1889 5711 1943 5772 5,
1988 5709 2039 5763 6.

1988 5709 2039 5763 6.
2119 5707 2163 5738 ⁸³
2189 5706 2341 5762 Joan.
2380 5723 2432 5771 κ,
2464 5706 2554 5772 57,
2587 5703 2675 5760 58.
2767 5703 2813 5737 “
2846 5700 2997 5758 loan.
3021 5714 3140 5765 vni,
3175 5695 3259 5751 12.
3365 5691 3412 5724 "
3440 5688 3597 5775 Joan.

345 5789 442 5845 vn,
469 5777 556 5843 37,
585 5779 672 5833 58.
751 5779 795 5811 "
824 5777 978 5834 Joan.
1019 5792 1132 5844 vm,
1161 5775 1251 5831 εει.
1332 5777 1373 5808 ⁸⁷
1406 5777 1560 5833 Joan.
1597 5797 1648 5846 κ,
1690 5781 1778 5835 20.
1858 5782 1902 5814 ⁸⁸
1939 5781 2069 5837 ibid.
2107 5780 2195 5834 55.
