4148 6530
609 369 747 426 1407
1641 365 1698 421 S.
1743 367 2018 423 CYRILLl
2060 371 2245 428 ALEX

2250 371 2536 429 ANDRINI
2576 372 2895 429 Αιιειιιερ.
3748 366 3888 426 1488

607 486 727 551 hus,
754 484 845 554 qui
887 482 1065 537 divina
1108 481 1224 549 ejus
1268 480 1387 551 lege
1434 480 1650 551 reiecta,
1682 492 1736 536 et
1764 484 2015 541 Mosaicis
2056 504 2191 556 prze-
2220 504 2245 559 Α

2249 509 2267 559 ι
2297 489 2527 552 ἄνωθεν,
2584 489 2677 543 καὶ
2703 483 2814 541 οἷον
2848 487 2911 539 ὲκ
2939 483 3095 556 ῥίζης
3118 523 3133 549 ,
3182 484 3277 537 καὶ
3302 485 3367 537 ὲκ
3402 482 3656 555 πατέρων
3702 486 3754 538 οἱ
3796 486 3887 541 τὸν

604 577 778 646 ceptis
825 584 1029 631 tantum
1058 589 1163 628 non
1209 572 1324 627 vale
1365 573 1528 636 dicto,
1562 574 1719 630 idolis
1765 579 2091 644 servierunt,
2139 591 2195 636 et

2298 582 2441 634 θεῖον
2469 579 2636 634 αὑτοῦ
2678 577 3067 648 παρωσάμενοι
3124 576 3309 646 νόμον,
3358 577 3452 629 καὶ
3499 578 3788 647 μονονουχὶ
3830 580 3889 631 τὸ

605 671 741 724 falso
772 668 1090 736 nuncupatis
1116 667 1220 722 diis
1259 666 1669 732 sacriﬁcarunt,
1706 678 1760 725 et
1792 672 2190 730 immnndorum

2296 672 2570 744 ἐρρῶσθαι
2609 671 2911 739 φθάσαντες
2947 671 3069 732 ταῖς
3094 667 3183 720 διά
3212 667 3456 728 Μωσέως
3506 668 3774 731 ἐντολαῖς,
3802 669 3887 721 λε-

604 761 888 827 spirituum
922 758 1156 812 cultores
1186 759 1533 813 exstiterunt.
1567 779 1586 811 ‹
1627 761 1721 815 llic
1754 766 2014 832 populus,
2053 787 2071 819 ι
2112 769 2193 821 in-

2293 762 2658 833 λατρεύκασιν
2686 759 2945 823 εἰδώλοις,
2972 762 3066 814 καὶ
3090 758 3351 813 τεθύκασι
3374 762 3485 823 τοῖς
3509 758 3891 830 ψευδωνύμως

606 853 754 921 qttit,
788 870 806 902 ι
839 860 923 905 est
952 851 1042 919 qui
1079 865 1294 920 semper
1332 865 1417 905 me
1458 852 1769 909 exacerbat.
1803 856 2193 914 Sacriﬁcaruut

2295 856 2459 918 θεοῖς,
2488 854 2584 908 καὶ
2610 854 2936 925 πνευμάτων
2960 852 3285 923 ἀκαθάρτων
3316 852 3573 921 γεγόνασι
3611 852 3888 921 θεραπευ-

603 945 748 998 enim
796 943 1185 1007 indesinenter,
1226 961 1243 994 ι
1303 942 1355 997 id
1404 954 1517 1009 est,
1554 945 1713 1015 longo
1763 958 2030 1016 tempore,
2067 969 2085 1001 ι
2139 950 2191 1005 in

2292 944 2404 1003 ταί.
2436 965 2453 997 ι
2493 940 2660 1008 Οὗτος
2683 947 2711 999 ὁ
2740 944 2866 1009 λαὸς
2889 946 2973 999 ἀεὶ
3001 945 3214 1013 γέγονε,
3264 964 3283 996 ι
3324 945 3477 1016 φησι,
3518 964 3537 996 ι
3568 945 3890 1015 παροξύνων

604 1043 895 1105 conspectu
928 1050 1070 1089 meo.
1108 1054 1125 1086 ι
1158 1037 1227 1088 At
1256 1035 1528 1102 quomodo
1560 1037 1728 1092 latere
1755 1048 2038 1108 poterant,
2069 1057 2189 1097 cum

2297 1054 2385 1108 με.
2421 1037 2695 1092 Τεθὺκασι
2729 1038 2836 1109 γὰρ
2859 1038 3275 1108 ἀκαταλήκτως,
3315 1058 3333 1090 ι
3361 1038 3658 1103 τουτέστιν,
3687 1040 3745 1090 ὲν
3766 1039 3892 1109 χρό-

606 1128 751 1182 Deus
777 1127 955 1180 omnia
988 1127 1276 1193 inspiciat?
1308 1128 1451 1181 Dixit
1477 1130 1623 1183 enim
1656 1146 1752 1200 per
1781 1133 2072 1200 quemdam
2113 1150 2181 1190 ex

2293 1146 2403 1191 νοις
2438 1130 2686 1200 μακροῖς,
2715 1147 2734 1180 ι
2755 1127 2985 1181 ἐνώπιόν
3005 1145 3127 1198 μου.
3158 1147 3176 1180 ι
3206 1124 3342 1181 Εἶτα
3377 1129 3495 1192 πῶς
3524 1125 3594 1198 ἦν
3626 1128 3890 1182 δύνασθαι

603 1219 808 1273 sanctis
834 1220 1114 1289 prophetis
1154 1238 1168 1275 :
1219 1239 1239 1272 ι
1290 1221 1429 1276 Deus
1458 1226 1892 1294 appropinquans
1920 1240 2020 1295 ego
2047 1243 2189 1291 sum,

2292 1220 2474 1274 λαθεῖν
2505 1222 2722 1285 αὐτοὺς,
2753 1220 2932 1274 καίτοι
2980 1221 3162 1274 πάντα
3190 1220 3498 1292 ἐφορῶντος
3533 1220 3711 1285 Θεοῠ;
3746 1222 3889 1289 Ἔφη

605 1310 1081 1375 dicitDominns",
1111 1322 1166 1366 et
1195 1327 1298 1367 non
1333 1313 1471 1368 Deus
1497 1329 1527 1368 e
1551 1314 1858 1385 longinquo.
1884 1318 1962 1370 An
1994 1334 2078 1373 me
2102 1333 2192 1374 ce-

2292 1313 2401 1385 γάρ
2442 1330 2567 1380 που,
2606 1313 2701 1367 καὶ
2747 1313 2817 1366 δι’
2843 1312 2960 1377 ἐνὸς
2993 1313 3100 1366 τῶν
3130 1312 3303 1380 ἁγίων
3332 1311 3628 1384 προφητῶν
3651 1329 3667 1341 ·
3701 1330 3720 1362 ι
3760 1311 3890 1375 θεὸς

604 1401 806 1457 labitur
829 1402 1158 1471 quidquam?
1194 1421 1213 1456 ι
1245 1403 1302 1457 Si
1329 1418 1459 1469 ergo
1486 1404 1619 1458 nihil
1648 1420 1770 1459 eum
1802 1407 2027 1475 celetur,
2056 1424 2184 1478 qno-

2292 1403 2527 1471 ὲγγίζων
2566 1403 2677 1472 ἐγώ
2727 1406 2862 1475 εἰμι,
2887 1404 3032 1472 λέγει
3062 1403 3288 1475 Κύριος,
3334 1406 3427 1458 καὶ¹
3451 1406 3572 1475 οὐχὶ
3604 1404 3741 1467 Θεὸς
3763 1406 3891 1477 πόρ-

607 1493 766 1546 modo
789 1491 1059 1547 latuerunt
1084 1494 1302 1562 quidam
1333 1493 1567 1548 sullitum
1598 1494 1857 1551 facientes
1899 1499 1951 1551 in
1996 1500 2187 1563 hortis,

2296 1494 2487 1567 ῥωθεν,
2513 1495 2585 1566 μὴ
2611 1495 2705 1549 ἀπ’
2731 1496 2865 1567 ἐμοῦ
2890 1496 3226 1568 κρυϐήσεταί
3251 1515 3337 1563 τι;
3366 1516 3384 1548 ›
3423 1496 3636 1550 Οὐκοῦν
3656 1498 3705 1548 εί
3728 1497 3888 1567 μηδὲν

604 1583 690 1637 vel
733 1584 785 1638 in
827 1584 997 1650 silvis,
1032 1587 1307 1641 montibus
1336 1596 1388 1641 et
1419 1586 1591 1641 lucis?
1622 1588 1758 1653 Quid
1794 1591 1955 1658 igitur
1984 1592 2191 1658 signiﬁ-

2291 1589 2384 1641 ἀπ’
2411 1587 2577 1641 αὑτοῦ
2606 1588 2927 1660 κρύπτεται,
2962 1588 3077 1653 πῶς
3113 1588 3179 1641 ἂν
3196 1588 3384 1642 ἔλαθον
3409 1591 3551 1653 τινες
3584 1590 3888 1660 θυμιῶντες

606 1686 716 1739 cat,
775 1693 795 1727 ι
833 1675 889 1729 lu
917 1687 1208 1745 conspectu
1239 1680 1394 1733 meo?
1429 1699 1447 1731 ι
1486 1680 1707 1735 Scilicet
1740 1682 1791 1735 in
1835 1681 1951 1749 ipso
1994 1684 2191 1752 temple

2291 1679 2349 1730 ὲν
2399 1678 2595 1749 κήποις
2617 1718 2630 1740 ,
2671 1678 2841 1747 ἤγουν
2871 1677 2929 1729 ὲν
2958 1676 3209 1748 δρυμοῖς,
3259 1677 3409 1748 δρεσί
3429 1694 3488 1730 τε
3526 1678 3619 1729 καὶ
3648 1678 3889 1745 vatur;

604 1768 745 1835 quod
787 1768 913 1822 mihi
961 1782 1335 1824 conscCratutn
1386 1782 1488 1826 est.
1521 1771 1711 1826 Simile
1750 1774 2005 1841 quiddam
2043 1776 2185 1827 enim

2291 1768 2356 1820 Ti
2395 1765 2486 1823 οὖν
2516 1768 2623 1839 ἄρα
2656 1768 2718 1821 τὸ
2745 1786 2765 1820 ε
2801 1767 3028 1823 ἐνώπιόν
3057 1787 3159 1841 μου
3196 1788 3214 1821 ι
3250 1767 3433 1840 δηλοῖ,
3474 1768 3597 1821 ἀντὶ
3647 1767 3766 1830 τοῦ,
3802 1770 3892 1823 καὶ

603 1859 742 1912 dixit
767 1874 897 1915 voce
926 1859 1174 1916 Jeremiae
1202 1864 1267 1916 de
1295 1862 1616 1918 Jerusalem.
1653 1883 1671 1915 ι
1711 1870 1881 1930 Quam
1913 1867 2191 1921 abomiua-
2225 1875 2241 1929 ι

2253 1862 2374 1927 ιείς
2419 1861 2578 1914 αὐτὸν
2619 1860 2710 1914 τὸν
2750 1861 3130 1932 ἀφιερωθέντα
3180 1878 3269 1931 μοι
3302 1860 3457 1915 νεών.
3496 1863 3643 1931 Ἔφη
3668 1861 3781 1930 γάρ
3813 1878 3891 1914 τοι

603 1951 802 2005 tionem
835 1949 960 2005 fecit
985 1952 1175 2007 dilecta
1211 1955 1261 2007 in
1294 1958 1455 2010 domo
1497 1971 1612 2010 mea
1639 1958 1721 2010 '°?
1760 1977 1778 2009 ›
1815 1958 2189 2012 Abominatio-

2297 1948 2537 2004 τοιοῦτον
2573 1952 2664 2004 καὶ
2702 1951 2789 2005 διὰ
2822 1952 3005 2021 φωνῆς
3036 1953 3300 2023 Ἱερεμίου
3325 1954 3453 2024 περὶ
3480 1952 3581 2022 τῆς
3620 1954 3896 2022 Ἰερουσαο

606 2054 726 2095 nem
759 2042 1038 2096 nominare
1077 2055 1476 2097 consueverunt
1505 2059 1676 2099 sacra:
1704 2045 1922 2100 Litterae
1968 2048 2189 2101 idolum.

2297 2044 2430 2115 λήμ⁹
2469 2062 2487 2095 ι
2524 2044 2589 2097 Τί
2616 2044 2945 2114 ἠγαπημένη
2974 2045 3031 2096 ὲν
3057 2044 3132 2114 τῷ
3160 2046 3294 2115 οἴκῳ
3321 2063 3422 2115 μου
3446 2045 3677 2114 ἐποίησε
3711 2044 3895 2114 eam.

602 2134 790 2202 Itaque
840 2143 896 2189 et
951 2135 1021 2189 ob
1080 2136 1266 2188 oculos
1326 2151 1475 2189 meos
1537 2155 1555 2187 ι
1619 2137 1828 2191 sumtus
1884 2137 2115 2203 faciunt,
2167 2159 2187 2192 ι

2296 2152 2411 2205 γμα
2439 2151 2452 2199 ;
2481 2154 2499 2187 ι
2539 2134 2824 2205 Βδέλυγμα
2849 2135 2905 2188 δὲ
2942 2136 3002 2188 τὸ
3039 2136 3255 2189 είδωλον
3292 2136 3581 2207 ὀνομάζειν
3614 2138 3739 2200 έθος
3788 2140 3892 2201 τοῖς

604 2225 801 2293 inquit,
835 2242 855 2277 ι
889 2234 947 2279 et-
988 2227 1042 2279 in
1093 2227 1283 2289 norzis,
1320 2245 1339 2277 ι
1376 2228 1426 2278 id
1472 2238 1587 2288 est,
1643 2227 1696 2281 in
1743 2230 2036 2293 ll‘ltNlllIHIS,
2114 2230 2191 2283 uti

2299 2229 2468 2299 ἱεροῖς
2521 2228 2869 2299 Γράμμασιν.
2922 2226 3134 2280 Οὐκοῦν
3186 2231 3309 2281 κατ’
3358 2229 3679 2300 ὀφθαλμοὺς
3728 2232 3893 2299 ἐμοὺς

603 2318 735 2381 dixi,
759 2337 777 2369 ι
806 2317 909 2371 sub
932 2332 1160 2387 quercu,
1182 2326 1234 2371 et
1262 2318 1476 2386 populo,
1495 2326 1547 2370 et
1574 2320 1766 2373 arbore
1793 2322 2046 2375 umbrosa
2069 2323 2137 2387 “,
2168 2341 2186 2373 ι

2303 2340 2322 2371 ι
2357 2319 2649 2391 θυμιῶσι,»
2688 2320 2873 2389 φησὶ,‹
2914 2321 3008 2373 καὶ
3035 2323 3092 2373 ἐν
3126 2324 3240 2383 τοῖς
3266 2323 3483 2393 κήποις,
3525 2342 3544 2374 ι
3586 2323 3887 2387 τουτέστιν,

604 2412 898 2468 secundum
946 2412 996 2465 id
1036 2414 1179 2481 quod
1222 2412 1482 2481 scriptum
1527 2421 1633 2468 est.
1673 2413 2098 2477 Sacrilicabant,
2136 2424 2192 2467 ut

2295 2410 2352 2462 ὲν
2374 2410 2578 2479 ὄρεσιν,
2625 2408 2701 2472 ὡς
2748 2409 2906 2478 ἔφην,
2942 2428 2961 2460 ι
2991 2410 3251 2463 ὑποκάτω
3290 2412 3469 2482 δρυὸς,
3516 2412 3611 2466 καὶ
3666 2412 3886 2483 λεύκης,

600 2503 832 2569 videtur,
855 2502 1165 2558 Grmcorum
1193 2519 1394 2558 morem
1424 2506 1617 2568 secuti,
1642 2506 1962 2574 quihusdam
1992 2508 2191 2561 du'mo-

2295 2501 2389 2553 καὶ
2425 2499 2642 2571 δένδρου
2679 2500 3098 2563 συσκιάζοντος,
3143 2520 3161 2552 ο
3197 2501 3339 2555 κατά
3380 2501 3439 2555 τὺ
3476 2504 3887 2574 γεγραμμένον.

603 2597 790 2662 uibus,
823 2598 1087 2667 nymphas
1120 2599 1192 2651 illi
1228 2608 1454 2663 vocant,
1489 2599 1914 2671 hamadryadas,
1945 2610 1999 2655 et
2031 2617 2190 2655 orea-

2298 2590 2495 2644 Ἔθυον
2523 2592 2599 2656 δὲ,
2634 2592 2776 2646 κατὰ
2798 2592 2859 2645 τὸ
2883 2593 3049 2657 εἰκὸς,
3071 2595 3183 2655 τοῖς
3198 2593 3464 2664 Ἑλλήνων
3488 2594 3892 2666 ἀκολουθῆσαι)⁴

603 2688 720 2743 das.
751 2689 855 2742 Sed
893 2704 995 2742 non
1032 2699 1175 2752 sunt,
1210 2690 1400 2759 inquit,
1432 2706 1535 2743 non
1569 2691 1708 2759 quod
1745 2707 1847 2744 non
1882 2691 2191 2746 subsistant

2293 2699 2384 2745 τες
2400 2682 2609 2752 θυμοῖς,
2638 2684 2856 2754 δαίμοσι
2884 2686 3053 2748 τισὶν,
3101 2685 3166 2749 ἀς
3205 2686 3424 2757 νύμφας
3461 2689 3660 2741 ἐκεῖνοι
3692 2688 3890 2742 καλοῦ.

601 2777 815 2832 ειῖιῑοεί
850 2779 1150 2839 daamones;
1192 2780 1283 2831 sed
1321 2780 1460 2847 quod
1500 2794 1607 2833 non
1648 2778 1753 2832 sint
1786 2779 1890 2843 dii,
1924 2790 2081 2849 prout
2117 2779 2189 2832 illi

2295 2785 2401 2833 σιν,
2426 2771 2777 2843 ἁμαδρυάδας
2799 2774 2894 2825 καὶ
2923 2774 3173 2844 ὁρειάδας
3199 2792 3213 2806 ⁸
3260 2776 3377 2829 ἀλλ’
3403 2775 3503 2831 οὖκ
3539 2781 3669 2839 εἰσι,
3704 2781 3887 2850 φησὶν,

603 2869 695 2937 qui
730 2870 1039 2924 sacriﬁcant
1076 2870 1186 2923 illis
1247 2870 1560 2938 opinantur.
1593 2869 1985 2925 Sacriﬁcarunt
2020 2872 2187 2925 etiam

2292 2862 2391 2932 οὐχ
2426 2865 2507 2917 ὅτι
2540 2864 2614 2934 μὴ
2656 2864 2995 2937 ὑπάρχουσιν
3050 2869 3097 2920 oi
3152 2868 3418 2940 ἀλιτήριοι
3447 2870 3746 2939 ’δαίμονες,
3777 2872 3875 2926 ἀλλ

604 2962 656 3017 in
691 2963 1053 3016 monumentis
1082 2971 1137 3016 et
1167 2963 1459 3031 speluncis,
1493 2964 1892 3016 necromantica
1921 2964 2187 3033 quae-lam,

2292 2953 2374 3006 ὅτι
2405 2954 2518 3009 θεοὶ
2548 2956 2748 3026 μᾶλλον
2786 2957 2885 3011 οὒκ
2939 2960 3068 3024 εἰσι,
3120 2962 3263 3015 κατά
3286 2979 3347 3029 γε
3373 2962 3471 3025 τὰς
3508 2962 3619 3015 τῶν
3650 2962 3890 3017 θυόντων

602 3065 664 3109 ut
689 3056 926 3120 videtur,
953 3066 1291 3110 exercentes.
1327 3054 1678 3111 Dormiebant
1712 3057 1872 3110 ctiam
1911 3056 1962 3111 in
2000 3071 2189 3109 monu-

2293 3047 2477 3110 αὐτοῖς
2510 3048 2786 3112 ὑπονοίας.
2819 3050 3019 3104 Ἐθυον
3044 3051 3100 3105 δὲ
3138 3052 3233 3105 καὶ
3270 3055 3325 3106 ἐν
3360 3054 3639 3124 μνήμασι,
3684 3058 3782 3108 καὶ
3837 3066 3890 3109 εν

604 3148 822 3212 mentis,
851 3147 1133 3202 insomniis
1165 3147 1485 3217 qnibnsdaut
1522 3156 1575 3202 et
1607 3147 1840 3216 speclris
1877 3148 2106 3217 decepti,
2136 3156 2190 3201 et

2294 3137 2599 3206 σπηλαίοις,
2614 3156 2773 3191 νεκυο
2780 3140 3039 3210 μαντείας
3052 3141 3151 3204 τάς
3168 3142 3332 3195 καλου
3341 3142 3507 3212 μένας
3537 3145 3890 3214 ἐπιτηδεύον-

603 3240 847 3295 notitiam
909 3255 1087 3294 rerum
1144 3239 1448 3294 futurarum
1514 3240 1851 3310 indagantes.
1912 3240 2241 3303 Eiusmedi(

2250 3248 2259 3301 ι
2292 3246 2383 3293 τες
2436 3230 2579 3284 κατά
2610 3230 2669 3283 τδ
2717 3230 2881 3295 εἰκός.
2919 3232 3251 3301 Ἑκοιμῶντο
3301 3233 3357 3286 δὲ
3385 3236 3479 3287 καὶ
3504 3238 3562 3288 ὲν
3588 3238 3888 3307 μνήμασιν,

602 3342 729 3388 sunt
773 3334 915 3388 enim
966 3332 1258 3401 impietatis
1301 3330 1612 3386 Grmcorum
1663 3332 1902 3385 inventa.
1937 3332 2192 3386 Calcasse

2294 3321 2771 3392 ὀνειροπομπείοις
2819 3322 2931 3375 τισὶ
2960 3324 3055 3376 καὶ
3088 3323 3368 3394 φάσμασιν
3392 3325 3772 3396 ἀπατώμενοι,
3798 3332 3890 3382 καὶ

602 3435 783 3478 autem
830 3437 925 3478 eos
963 3437 1178 3491 quoque
1221 3421 1350 3491 legis
1393 3432 1696 3491 praecepta,
1731 3423 2064 3475 demonstrat
2111 3422 2195 3475 in-

2293 3412 2401 3466 τῶν
2426 3413 2701 3484 ἐσομένων
2717 3414 3306 3487 πολυπραγμονοῦντες
3326 3417 3425 3489 τὴν
3445 3418 3671 3487 γνῶσιν.
3702 3420 3888 3475 Τοιαῦ-

602 3521 795 3585 quiens
846 3532 859 3569 :
919 3534 938 3566 ι
993 3513 1295 3568 Comedunt
1337 3528 1530 3566 carnes
1581 3512 1785 3567 suillas.
1842 3530 1861 3563 ι
1915 3513 2195 3566 interdixit

2292 3520 2361 3557 τα
2391 3504 2498 3575 γάρ
2529 3503 2650 3568 πώς
2697 3506 2801 3557 εἰσι
2828 3505 2928 3576 τῆς
2958 3506 3067 3560 τῶν
3109 3506 3376 3577 Ἐλλήνων
3420 3510 3776 3581 ἀνοσιότητος
3823 3514 3888 3566 τὰ

604 3609 749 3665 enim
780 3608 893 3662 haec
927 3606 1204 3661 lsraelitis.
1238 3604 1617 3659 Absorhehant
1646 3605 1811 3658 etiam
1850 3604 1941 3672 jus
1986 3604 2194 3658 sacriil-

2294 3599 2603 3669 εὑρήματα.
2649 3599 2770 3651 Ὅτι
2801 3598 2857 3652 δὲ
2886 3600 2979 3653 xui.
3007 3600 3109 3671 τὴν
3159 3600 3255 3654 τοῦ
3289 3601 3454 3672 νόμου
3503 3606 3887 3673 πεπατήκασιν

604 3701 832 3766 ciorum,
859 3699 1003 3754 omni
1045 3697 1355 3768 impnritate
1386 3695 1595 3763 repleti,
1627 3698 1815 3752 sordes
1857 3710 1960 3751 non
2008 3694 2193 3749 eluen—

2293 3690 2533 3761 ἐντολὴν,
2569 3690 2928 3746 διαδείκνυσιν
2945 3692 3135 3759 εἰπὼν,
3160 3714 3177 3746 ι
3201 3696 3504 3761 Ἐσθίοντες
3519 3699 3659 3768 κρέα
3691 3698 3833 3752 ὕειν
3864 3719 3880 3751 ι

604 3793 703 3847 das
744 3790 1037 3855 habentes,
1067 3797 1319 3860 putantes
1364 3788 1558 3843 deinde
1595 3789 1661 3842 ad
1705 3803 1975 3842 summum
2017 3789 2193 3843 omnis

2293 3784 2563 3855 ἀπείρητο
2597 3784 2706 3856 γὰρ
2744 3784 2812 3839 τὰ
2841 3786 3018 3840 τοιάδε
3044 3790 3157 3852 τοῖς
3183 3787 3241 3855 ἐξ
3287 3790 3525 3861 Ἰσραήλ·
3560 3792 3885 3865 ὲξερῥὸφουν

603 3884 852 3957 puritatis
906 3883 1131 3953 gradum
1166 3896 1225 3937 se
1273 3882 1605 3951 pervenisse,
1657 3880 1793 3936 adeo
1843 3889 1902 3936 ut
1950 3881 2193 3936 dicerent

2291 3876 2349 3930 δὲ
2377 3878 2469 3930 καὶ
2495 3878 2714 3948 ζωμοὺς
2746 3878 2971 3942 θυσιῶν,
3020 3880 3240 3949 ἀπάσης
3274 3882 3619 3954 ἀκαθαρσίας
3650 3884 3887 3955 ἀναπιμ-

604 3977 1035 4048 appropinquare
1066 3974 1389 4038 volentilms,
1420 3971 1591 4044 894
1637 3990 1657 4024 ι
1708 3972 1890 4043 Longe
1922 3988 1951 4026 a
1985 3988 2092 4037 me,
2126 3988 2190 4028 ne

2294 3970 2578 4039 πλάμενοι,
2607 3970 2701 4023 καὶ
2748 3970 3184 4043 δυσαπότριπτον
3208 3972 3422 4044 ἔχοντες
3443 3976 3727 4046 μολυσμόν
3742 3996 3755 4007 ο
3774 3976 3886 4030 εἶτα

603 4072 1004 4139 appropinques
1034 4069 1190 4135 mihi,
1219 4067 1343 4137 quia
1380 4083 1546 4137 purus
1577 4081 1718 4120 sum.
1756 4085 1775 4119 ι
1817 4066 1933 4122 Mali
1964 4066 2106 4122 enim
2139 4075 2195 4123 et

2293 4061 2625 4132 νομίζοντες,
2658 4062 2740 4115 ὅτι
2773 4065 2866 4116 καὶ
2896 4065 2978 4127 εἰς
3013 4064 3164 4134 λῆξιν
3197 4066 3417 4138 ἀπάσης
3461 4067 3764 4139 ἐληλάκασι
3796 4088 3888 4123 κα-

603 4162 803 4231 impuri
850 4163 1144 4224 daemones,
1182 4160 1513 4228 persuadent
1561 4159 1647 4213 his
1696 4158 1785 4228 qui
1836 4174 1893 4214 se
1941 4160 2189 4225 adorant,

2294 4152 2613 4225 θαρότητος,
2648 4153 2788 4209 ὥστε
2818 4155 2912 4209 καὶ
2936 4155 3116 4223 λέγειν
3138 4160 3249 4221 τοῖς
3271 4159 3438 4226 ἐγγὺς
3470 4155 3611 4213 εἶναι
3642 4160 3888 4215 θέλουσιν

604 4255 746 4322 (ιιιοὰ
785 4253 884 4307 etsi
930 4251 1111 4305 omnia
1156 4260 1350 4321 praeter
1389 4265 1601 4319 aequum
1648 4258 1701 4304 et
1747 4250 1946 4304 bonum
1979 4259 2187 4319 .agant,

2294 4244 2473 4299 αὐτῶν
2505 4262 2518 4277 ⁸
2559 4263 2576 4297 ι
2621 4246 2818 4318 nepam
2848 4248 2944 4299 ἀπ’
2975 4245 3131 4317 ἐμοῦ,
3170 4248 3244 4319 μὴ
3270 4250 3493 4321 έγγίσῃς
3522 4268 3649 4321 μοι,
3676 4253 3762 4304 ὅτι
3792 4271 3886 4304 κα·

605 4345 715 4399 itno
766 4345 927 4399 etiam
980 4358 1066 4397 res
1113 4343 1606 4412 inquiuatissimas,
1656 4341 1820 4396 futuri
1872 4341 1980 4395 sint
2032 4341 2187 4410 puri,

2294 4334 2459 4406 θαρός
2490 4337 2627 4406 εἰμι.
2664 4354 2682 4387 ι
2706 4337 2769 4390 Oi
2797 4337 2905 4409 γὰρ
2938 4338 3165 4408 πονηροὶ
3195 4340 3291 4392 καὶ
3314 4340 3617 4413 ἀκάθαρτοι
3636 4342 3887 4411 δαίμονες

604 4436 726 4492 face
753 4435 857 4490 illis
884 4435 1233 4506 praelucente,
1258 4444 1309 4488 et
1338 4435 1462 4503 igne
1490 4435 1887 4500 circumeunte,
1913 4432 1996 4488 vel
2028 4436 2190 4488 etiam

2293 4426 2646 4481 ἀναπείθουσι
2686 4431 2902 4500 φρονεῖν
2942 4429 3069 4494 τοὺς
3109 4431 3547 4500 προσκυνοῦντας
3576 4432 3788 4497 αὐτοῖς,
3811 4436 3885 4487 ὅτι

605 4544 867 4599 aquarum
900 4528 1256 4593 abstersioue,
1284 4538 1336 4581 et
1367 4527 1567 4581 fabulis
1596 4526 1828 4580 anilibus
1862 4525 2192 4579 incantanti-
2228 4597 2243 4599 ᾼ

2249 4597 2258 4599 ἓ
2296 4518 2474 4572 πάντα
2498 4519 2751 4589 δρῶντες,
2782 4518 2960 4573 καὶτὰ
2994 4521 3137 4593 πέρα
3165 4523 3353 4594 νόμου,
3383 4525 3477 4577 καὶ
3511 4526 3697 4594 πάσης
3720 4527 3887 4578 ἐπιει-

604 4597 725 4679 bus.
753 4622 1018 4676 Crterum
1048 4620 1165 4675 hmc
1192 4620 1392 4683 omnia,
1426 4620 1620 4689 inquit,
1652 4619 1814 4687 impie
1846 4627 1898 4672 et
1928 4616 2193 4687 ﬂagitiose
2226 4597 2242 4655 1

2252 4597 2273 4653 )
2300 4610 2473 4673 κείας,
2505 4609 2703 4679 μᾶλλον
2733 4610 2788 4663 δὲ
2809 4611 2880 4664 τὰ
2898 4613 2977 4676 είς
3000 4612 3167 4684 ἄκρον
3186 4614 3388 4684 ἥκοντα
3419 4616 3722 4686 μολυσμοῦ.
3745 4618 3890 4669 ἔσον-

604 4716 672 4768 ah
717 4714 821 4768 illis
866 4723 1195 4782 perpetrata,
1232 4731 1249 4763 ‹
1308 4712 1508 4767 Fumus
1555 4721 1680 4767 sunt
1728 4710 1928 4764 furoris
1979 4712 2105 4774 mei,
2137 4722 2192 4764 et

2288 4718 2380 4755 ται
2425 4702 2676 4773 καθαροὶ,
2712 4703 2866 4774 δᾳδὸς
2922 4705 3191 4776 ἀφθείσης
3230 4707 3360 4778 παρ’
3410 4708 3501 4780 [al.
3536 4707 3648 4779 ἐπ’]
3682 4711 3884 4772 αὐτοῖς,

606 4805 746 4876 ignis
779 4804 931 4860 ardet
965 4804 1017 4858 in
1053 4819 1118 4858 eo
1149 4803 1397 4858 omnibus
1429 4803 1639 4857 diebus.
1681 4821 1699 4854 ι
1743 4802 1956 4856 Scimus
1987 4810 2190 4865 autem,

2290 4794 2383 4847 καὶ
2416 4794 2598 4866 κύκλῳ
2630 4796 2800 4868 πυρὸς
2828 4798 3195 4870 περιθέοντες,
3231 4799 3263 4871 ἢ
3293 4802 3434 4872 τάχα
3472 4820 3597 4862 που,
3632 4805 3727 4856 καὶ
3759 4804 3889 4857 ὓδα-

604 4914 732 4953 cum
773 4897 913 4963 ignis
958 4896 1333 4950 accendendus
1376 4904 1488 4962 est,
1532 4895 1734 4950 exoriri
1785 4895 1935 4962 prius
1986 4892 2182 4948 fumos.

2288 4903 2380 4949 τος
2422 4888 2857 4958 ραντισμοῦ,καὶ
2894 4890 3221 4960 μυθολογίας
3264 4894 3653 4964 γραοπρεποῦς
3690 4895 3884 4966 ἐπᾳδο-

605 4985 791 5055 Itaque
833 4994 955 5039 ante
995 4984 1304 5040 Servatoris
1343 4984 1652 5050 adventum,
1681 5000 1802 5038 cum
1851 4984 1902 5038 in
1943 4982 2192 5039 sordibus

2294 4979 2458 5049 μένης
2482 4979 2683 5042 αὐτοῖς.
2703 4980 2863 5034 Ἀλλὰ
2890 4983 3048 5035 ταυτὶ
3075 4983 3369 5053 σύμπαντα
3402 4988 3558 5056 φησὶ,
3597 4986 3666 5039 τὰ
3691 4987 3887 5039 δυσσε-

603 5084 944 5140 versaretur,
975 5090 1131 5144 quem
1166 5076 1324 5130 modo
1354 5076 1619 5143 diximus,
1654 5074 1848 5139 lSrael,
1881 5074 2022 5129 velut
2054 5074 2186 5129 fumi

2296 5072 2405 5134 ὁῶς
2426 5089 2485 5124 τε
2516 5073 2610 5126 καὶ
2638 5074 2868 5137 ἀνοσίως
2910 5078 3040 5147 παρ’
3071 5076 3250 5130 αὐτῶν
3280 5080 3566 5146 γεγονότα’
3604 5099 3622 5131 ι
3663 5081 3888 5143 Καπνός

603 5167 823 5239 quidam
857 5176 910 5221 et
941 5168 1090 5222 initia
1126 5169 1320 5223 divinae
1355 5168 1447 5223 ira:
1480 5174 1863 5237 apparuerunt.
1898 5166 2186 5236 POSIquam

2296 5166 2401 5217 εἰσι
2454 5163 2547 5217 τοῦ
2582 5165 2755 5235 θυμοῦ
2789 5184 2912 5236 μου,
2943 5168 3036 5221 καὶ
3071 5167 3180 5241 πῦρ
3198 5169 3411 5223 καίεται
3438 5172 3496 5223 ὲν
3530 5171 3678 5242 αὑτῷ
3708 5174 3887 5235 πάσας

604 5274 735 5313 vero
782 5259 1052 5330 prioribus
1093 5261 1205 5316 suis
1247 5260 1618 5330 impietatibus
1662 5257 1982 5313 addiderunt
2025 5260 2188 5313 etiam

2297 5256 2397 5320 τὰς
2423 5257 2653 5327 ἡμέρας.
2702 5277 2718 5310 ι
2753 5260 2943 5329 Ἰσμεν
2965 5260 3044 5327 δὲ,
3084 5262 3165 5315 ὅτι
3190 5263 3361 5334 πυρὸς
3399 5262 3731 5326 ἐξάπτεσθαι
3762 5264 3888 5333 μέλ-

604 5350 1079 5407 dcbacchationem
1124 5352 1175 5406 in
1218 5353 1391 5421 ipsum
1427 5352 1801 5407 universorum
1848 5354 2191 5408 Servatorem

2298 5348 2477 5413 λοντος
2504 5351 2890 5423 προανίσχουσι
2921 5355 3138 5407 καπνοί.
3170 5355 3380 5409 Οὐκοῦν
3409 5356 3515 5427 πρὸ
3550 5357 3648 5425 μὲν
3669 5358 3769 5427 τῆς
3794 5356 3916 5418 τοῦ,

603 5451 675 5513 et.
710 5438 1126 5511 Redemptorem
1188 5462 1199 5495 :
1259 5441 1651 5497 interfecerunt
1695 5444 1837 5498 enim
1893 5442 2191 5514 principem

2298 5442 2549 5513 Σωτῆρος
2579 5444 2895 5516 ἐπιδημίας,
2938 5446 2996 5498 ὲν
3030 5446 3327 5518 μολυσμοῖς
3355 5447 3507 5511 ὄντος
3540 5450 3654 5511 τοῖς
3684 5439 3916 5518 ἀρτίωςῖ

604 5530 730 5586 vitae
753 5533 821 5597 δ’,
857 5531 1007 5586 furor
1046 5532 1238 5587 deinde
1283 5547 1544 5587 accensus
1585 5543 1688 5601 est,
1725 5544 1778 5589 et
1823 5536 1873 5590 in
1920 5534 2189 5589 ﬂammam

2296 5535 2428 5602 ἡμῖν
2476 5535 2789 5606 εἰρημένοις
2842 5535 2935 5589 τοῦ
2988 5538 3224 5608 Ἰσραὴλ,
3258 5539 3454 5593 καπνοί
3502 5558 3648 5602 τινες
3675 5539 3887 5607 ὥσπερ,

607 5624 1005 5695 quodammodo
1037 5623 1166 5677 fumi
1200 5624 1449 5679 conversi
1475 5636 1618 5680 sunt.

2298 5624 2391 5676 καί
2425 5626 2591 5696 ἀρχαὶ
2614 5627 2711 5698 τῆς
2742 5628 2894 5693 θείας
2924 5628 3094 5702 ὀργῆς
3146 5630 3513 5694 ἀνεφαίνοντο.
3582 5631 3800 5701 Ἐπειδὴ
3830 5631 3890 5683 δε

684 5794 728 5828 ⁸³
768 5794 871 5851 lsu.
902 5812 997 5864 LII,
1032 5800 1084 5853 ϋ.
1161 5798 1206 5831 ⁵ο
1234 5795 1345 5854 Jer.
1380 5813 1454 5865 xi,
1489 5796 1569 5852 l5.
1650 5798 1688 5829 ⁵¹
1724 5798 1859 5855 Osee
1894 5816 1963 5867 tv,
2013 5802 2091 5856 15.
2173 5803 2216 5835 ³¹
2250 5805 2322 5858 Ac

963 5812 997 5864 I,
1032 5800 1084 5853 ϋ.
1161 5798 1206 5831 ⁵ο
1234 5795 1345 5854 Jer.
1380 5813 1454 5865 xi,
1489 5796 1569 5852 l5.
1650 5798 1688 5829 ⁵¹
1724 5798 1859 5855 Osee
1894 5816 1963 5867 tv,
2013 5802 2091 5856 15.
2173 5803 2216 5835 ¹²
2250 5805 2367 5858 Act.
2411 5819 2487 5867 zu,
2526 5803 2601 5855 l3.
