4096 6554
262 456 405 514 “09

1358 464 1424 519 IN
1466 463 1698 520 ISAIAM
1735 463 1868 520 LIB.
1911 465 1977 523 V.
2019 464 2258 522 TOMUS
2301 467 2390 521 V‘l.

3384 461 3524 518 MIO

258 579 380 639 ταῖς
439 575 726 647 προτέραις
775 578 982 633 ἑαυτῶν
1014 580 1354 646 δυσσεϐείαις
1395 586 1838 656 προσεπήγαγον,
1879 586 1970 639 καὶ
2003 586 2099 657 τὴν
2152 588 2232 650 εἰς
2296 584 2460 638 αὑτὸν
2525 584 2810 656 παροινίαν
2854 583 2946 637 τὸν
2978 581 3085 636 τῶν
3121 581 3257 635 ὅλων
3296 579 3524 650 Σωτῆρα

257 669 358 722 καὶ
401 670 716 740 Λυτρωτήνο
783 672 1115 727 ἀπεκτόνασι
1165 675 1274 746 γὰρ
1322 677 1410 730 τὸν
1453 679 1694 750 ἀρχηγὸν
1738 679 1839 750 τῆς
1906 679 2069 751 ζωῆς,
2116 678 2321 749 ἐξήφθη
2360 677 2540 731 λοιπὸν
2596 679 2625 730 ὁ
2659 676 2847 748 θυμὸς,
2886 675 2980 729 καὶ
3005 677 3084 738 εἰς
3120 673 3291 744 φλόγα
3326 672 3526 743 τρόπον

255 759 384 814 τινὰ
414 761 751 830 μετέστησαν
774 765 822 816 οἱ
853 766 1066 818 καπνοί.

341 852 498 908 Ἰδοὺ
519 854 836 921 γέγραπται
867 857 1124 912 ἐνώπιόν
1140 875 1279 927 μουο
1310 861 1391 913 Οὐ
1425 860 1713 928 σιωπήσω
1733 862 1843 929 ἓως
1873 882 1914 936 Α

255 951 339 1006 ἂν
363 950 585 1015 ἀποδῶ,
610 951 707 1005 ναὶ
727 953 1128 1007 ἀνταποδώσω
1149 958 1235 1020 εἰς
1255 955 1360 1008 τόν
1382 959 1614 1012 κόλπον
1642 959 1840 1012 αὐτῶν

254 1043 366 1106 τὰς
407 1040 694 1108 ἁμαρτίας
743 1039 961 1104 αὐτῶν,
1004 1042 1102 1095 καί
1151 1042 1267 1094 τῶν
1307 1044 1577 1110 πατέρων
1620 1043 1836 1110 αὐτῶν,

252 1133 421 1200 λέγει
454 1133 686 1200 Κύριοςο
721 1131 779 1186 οἳ
801 1133 1057 1200 ἐθυμίων
1083 1134 1178 1186 ἐπὶ
1209 1133 1327 1187 τῶν
1373 1135 1576 1204 ὁρέων,
1608 1137 1706 1192 καὶ
1739 1137 1838 1190 ἐπὶ

253 1223 378 1276 τῶν
401 1222 648 1288 βουνῶν
693 1222 892 1277 αὐτῶν
923 1223 1249 1278 ὠνείδισάν
1287 1243 1364 1294 με
1383 1243 1398 1256 ο
1449 1226 1739 1282 ἀποδώσω
1765 1228 1837 1282 τὰ

252 1314 398 1384 ἔργα
428 1314 626 1368 αὐτῶν
653 1317 739 1379 είς
767 1315 873 1368 τὸν
909 1317 1142 1369 κόλπον
1173 1317 1390 1370 αὐτῶν.

328 1406 552 1475 ’Ὅμοιον
575 1408 650 1468 ὡς
673 1407 720 1458 εί
746 1405 914 1473 λέγοιο
945 1407 1025 1459 Τὰ
1055 1409 1132 1470 είς
1159 1407 1335 1478 λύπην
1389 1409 1527 1480 ἐμὴν
1574 1411 1726 1482 παρά
1775 1428 1834 1465 τε

249 1492 364 1546 τῶν
397 1493 649 1565 πατέρων
671 1493 867 1555 αὐτῶν,
897 1495 989 1546 καὶ
1020 1495 1146 1565 παρ’
1180 1495 1360 1548 αῦτςῗιν
1405 1495 1635 1560 ἀνοσίως
1675 1513 1836 1564 γεγε·-

249 1584 484 1654 νημένα,
515 1584 793 1654 μονονουχὶ
823 1587 915 1638 καί
941 1586 999 1637 ὲν
1026 1586 1213 1639 πίνακι
1235 1587 1594 1657 γεγραμμένα
1623 1587 1832 1660 θεωρῶ,

248 1677 346 1728 καὶ
373 1678 428 1728 ὲν
458 1679 567 1739 τοῖς
593 1678 746 1745 ἐμοῖς
778 1678 916 1729 εἰσιν
937 1676 1253 1748 ὀφθαλμοῖς,
1278 1679 1310 1749 ἢ
1338 1680 1454 1743 πῶς
1487 1680 1553 1732 ἂν
1584 1681 1837 1750 ἀνασχοί-

249 1783 364 1837 μην
391 1766 500 1818 τῶν
550 1766 692 1818 οὕτω
743 1766 965 1831 δεινῶν,
1008 1768 1102 1820 καὶ
1153 1768 1556 1840 ἀπαραϐλήτων
1613 1770 1830 1834 κακῶνς

260 1857 551 1911 Ἀποδώσω
576 1859 790 1920 πάντως
809 1860 888 1920 είς
911 1857 1001 1910 τὸν
1024 1859 1224 1912 κόλπον
1248 1859 1448 1922 αὐτῶν,
1471 1861 1754 1932 δεχόμενος
1776 1863 1833 1914 ὲν

247 1958 493 2027 μνήμαις
531 1956 773 2020 καὶτοὺς
809 1955 1050 2027 πατέρας
1101 1957 1297 2015 αὐτῶν,
1331 1957 1380 2010 οἳ
1411 1957 1709 2028 ἐθυμίασαν
1740 1958 1831 2010 ἐπὶ

241 2050 356 2101 τῶν
382 2050 574 2120 όρέων,
615 2047 707 2102 καὶ
754 2049 846 2100 ἐπὶ
897 2048 1005 2100 τῶν
1037 2048 1262 2118 βουνῶν,
1317 2043 1393 2103 ὧν
1426 2049 1707 2102 ὠνείδισάν
1741 2066 1828 2119 με.

257 2141 646 2211 Ἐπιτήρησον,
680 2142 761 2194 ὅτι
793 2140 994 2211 θυμιᾷν
1016 2143 1210 2204 αὐτοὺς
1239 2142 1296 2192 ἐν
1321 2143 1520 2211 κήποις
1542 2139 1710 2194 εἰπὼν
1739 2143 1832 2196 ἐπὶ

239 2233 350 2286 τῶν
407 2234 579 2302 ὀρέων
636 2234 729 2286 καὶ
757 2233 864 2287 τῶν
907 2232 1142 2302 βουνῶν,
1196 2233 1386 2287 ἐνθάδε
1445 2233 1580 2304 φησὶ
1605 2235 1814 2306 κήπους

1946 2237 2088 2292 dicat
2135 2237 2188 2292 in
2238 2238 2515 2292 montibus
2553 2246 2608 2291 et
2655 2235 2883 2290 collibus
2934 2253 2948 2290 :

238 2321 417 2395 οἶμαι,
443 2324 617 2392 λέγων
643 2325 772 2386 τοὺς
798 2327 854 2377 ἐν
872 2324 1021 2395 ὄρεσι
1048 2324 1305 2395 δρυμοὺς,
1331 2324 1473 2378 καθὰ
1496 2327 1830 2398 προειρήκα-

242 2432 366 2485 μεν.
389 2415 618 2479 Θύοντες
650 2415 706 2468 δὲ
737 2417 850 2478 τοῖς
889 2416 1221 2483 ἀκαθάρτοις
1273 2417 1541 2487 δαίμοσιν,
1574 2413 1691 2470 εἶτα
1727 2417 1826 2490 τὴν

236 2508 599 2580 ὀφειλομένην
628 2509 704 2580 τῷ
731 2510 848 2581 Θεῷ
876 2510 1051 2574 δόξαν,
1085 2511 1266 2578 ὀλίγου
1302 2510 1582 2574 παντελῶς
1615 2509 1826 2575 ἀξιοῦν-

233 2613 328 2661 τες
355 2598 534 2666 λόγου,
562 2601 842 2669 μονονουχὶ
875 2602 969 2652 καὶ
991 2600 1262 2664 ὠνείδιζον
1282 2600 1443 2653 αὐτὸν
1469 2599 1544 2663 ὠς
1573 2600 1674 2654 οὐκ
1694 2601 1822 2655 ὄντα

234 2687 391 2742 Θεόν.
424 2689 496 2742 Τὸ
527 2689 633 2760 γὰρ
669 2690 804 2754 ὅλως
832 2694 944 2755 τοῖς
971 2693 1074 2743 οὐκ
1123 2688 1243 2745 οὖσι
1296 2691 1436 2754 θεοῖς
1465 2692 1820 2763 προσκεῖσθαι

236 2778 414 2832 θέλειν
446 2781 597 2834 οὐδὲν
653 2781 839 2853 ἕτερον
872 2782 957 2852 εῐη
991 2782 1076 2844 ἂν,
1117 2783 1254 2854 πλὴν
1287 2784 1368 2835 ὅτι
1401 2782 1500 2855 τὴν
1533 2783 1682 2836 θείαν
1726 2785 1820 2838 καὶ

234 2872 497 2925 ἀνωτάτω
522 2873 892 2944 περιυϐρίζειν
936 2873 1110 2938 δόξαν.
1160 2893 1178 2925 ι
1229 2873 1516 2928 ’Λποδὼσω
1563 2894 1582 2926 ι
1615 2875 1814 2942 τοίνυν,

234 2965 390 3034 φησι,
431 2982 448 3014 ι
470 2964 538 3018 τὰ
561 2965 696 3036 ἔργα
731 2964 911 3018 αὐτῶν
939 2967 1018 3029 είς
1047 2966 1136 3018 τὸν
1164 2966 1361 3020 κόλπον
1387 2965 1567 3020 αὐτῶν
1585 2981 1598 2995 ·
1639 2985 1658 3019 ι
1683 2968 1817 3021 ἀπο-

229 3053 557 3106 πεπτώκασι
585 3055 693 3125 γὰρ
724 3053 927 3123 ἀγαθοῦ
961 3055 1158 3118 παντὸς
1183 3097 1197 3120 ,
1225 3056 1424 3118 δειναῖς
1456 3073 1516 3109 τε
1556 3057 1650 3110 καὶ
1683 3057 1816 3126 ἀφύ-

231 3162 382 3208 κτοις
404 3146 843 3218 ἐνολισθήσαντες
881 3163 944 3198 συ
953 3150 1207 3218 μφοραίς,
1239 3149 1398 3201 κακοὶ
1418 3148 1603 3212 κακῶς
1625 3148 1812 3203 διολώ-

228 3235 408 3290 λασιν.

297 3328 500 3396 Οὕτως
539 3328 700 3396 λέγει
738 3329 974 3398 Κύριος·
1022 3331 1132 3383 Ὃν
1161 3332 1386 3398 τρόπον
1425 3330 1807 3398 εὑρεθήσεται

220 3418 344 3486 ῥὰξ
368 3419 532 3484 ἐντῷ
558 3421 794 3488 βότρυῖ,
835 3425 934 3474 καὶ
957 3421 1186 3488 ἐροῦσι·
1212 3421 1306 3490 Μὴ
1331 3421 1572 3491 λυμήνῃ
1594 3423 1802 3490 αὐτὸν,

227 3509 318 3563 ὅτι
354 3512 597 3579 εὐλογία
634 3512 798 3566 ἐστίν
835 3510 906 3566 έν
947 3512 1124 3577 αὐτῷ·
1146 3513 1299 3566 οὕτω
1330 3515 1565 3580 ⁸ποιήσω
1594 3516 1806 3571 ἕνεκεν

2019 863 2179 915 Vsus.
2216 860 2280 922 6,
2311 859 2360 916 7.
2397 858 2532 913 Erce
2566 861 2811 925 scriptum
2845 867 2918 912 est
2958 858 3011 910 in
3047 864 3323 923 conspectu
3358 872 3469 910 meo
3503 868 3523 908 :

1950 953 2072 1007 Non
2122 951 2322 1015 tacebo,
2356 952 2519 1004 donec
2563 950 2778 1003 reddam
2824 959 2873 1002 et
2921 948 3205 1001 retribuam
3253 949 3305 1000 in
3351 948 3522 1001 sinum

1943 1060 2120 1098 eorum
2144 1051 2354 1110 peccata
2381 1059 2498 1106 sua,
2521 1052 2568 1094 et
2593 1049 2804 1107 patrum
2831 1057 3065 1102 suorum,
3091 1040 3215 1092 dicit
3247 1038 3520 1092 Dominus.

1946 1135 2048 1199 Qui
2079 1132 2356 1187 adolebant
2384 1134 2650 1187 incensum
2679 1148 2832 1196 super
2858 1144 3077 1195 montes,
3104 1142 3148 1184 et
3185 1145 3342 1198 super
3367 1129 3522 1182 col!es

1942 1226 2145 1293 probris
2179 1226 2462 1294 affecerunt
2488 1240 2588 1278 me.
2612 1221 2849 1276 Reddam
2881 1238 3035 1289 opera
3061 1237 3237 1275 eorum
3269 1222 3321 1273 in
3347 1221 3521 1274 sinum

1939 1331 2114 1369 suum.

2011 1405 2244 1460 Perinde
2277 1414 2358 1460 est
2388 1420 2451 1460 ac
2482 1405 2526 1460 si
2564 1404 2710 1459 dicat
2748 1421 2761 1458 :
2799 1403 2926 1468 Quze
2964 1418 3084 1456 cum
3131 1400 3428 1455 otTcusioue
3467 1409 3522 1454 ct

1942 1498 2125 1552 dolore
2155 1513 2275 1553 meo
2307 1513 2335 1552 ιι
2363 1499 2608 1568 patribus
2637 1510 2822 1552 eorum
2851 1506 2902 1551 et
2932 1497 2999 1552 ab
3029 1495 3158 1565 ipsis
3187 1494 3349 1562 impie
3378 1492 3517 1545 facta

1940 1597 2084 1655 sunt,
2114 1591 2506 1660 propemodum
2541 1591 2593 1654 in
2628 1590 2806 1644 tabula
2840 1589 3048 1658 depicta
3079 1587 3435 1657 contemplor,
3464 1595 3519 1641 et

1936 1683 2304 1738 obversantur
2339 1685 2474 1738 meis
2508 1683 2699 1738 oculis.
2729 1681 3006 1749 Quomodo
3041 1680 3153 1734 lucc
3191 1689 3300 1733 tam
3335 1679 3517 1745 gravia

1935 1784 1992 1830 et
2019 1775 2430 1831 iuconsolabilia
2467 1775 2603 1830 mala
2632 1776 2740 1844 pati
2773 1775 2993 1845 potero?
3025 1773 3266 1829 Reddam
3297 1776 3518 1828 omnino

1938 1865 1990 1918 in
2047 1867 2226 1921 sinmu
2279 1882 2503 1931 eorum,
2557 1868 2815 1921 memoria
2869 1867 3032 1921 etiam
3091 1876 3284 1921 tenens
3337 1876 3517 1936 patres

1935 1973 2152 2023 eorum,
2189 1960 2278 2029 qui
2323 1959 2622 2015 suﬂimenta
2668 1959 2911 2013 fecerunt
2957 1958 3008 2012 in
3057 1959 3327 2012 montibus
3368 1967 3422 2011 et
3460 1957 3515 2011 in

1936 2050 2192 2117 collibus,
2238 2052 2437 2120 quibus
2487 2051 2700 2120 probris
2747 2049 3044 2106 affecerunt
3092 2065 3194 2104 me.
3239 2049 3514 2116 Observa,

1938 2143 2078 2212 quod
2112 2157 2232 2197 cum
2266 2143 2464 2198 dixerit
2496 2143 2616 2197 illos
2640 2140 2847 2197 sumtus
2875 2141 3088 2196 adolere
3121 2141 3172 2194 iu
3206 2141 3399 2204 hortis,
3429 2142 3517 2197 hic

3000 2236 3184 2289 hortos
3201 2273 3216 2297 ,
3253 2235 3511 2296 arbitror,

1936 2344 2168 2393 vocans,
2201 2328 2365 2387 silvas
2409 2331 2461 2384 in
2510 2330 2816 2394 montibus,
2851 2327 3302 2399 quemadmodum
3349 2340 3511 2394 supra

1933 2421 2191 2476 diximus.
2225 2420 2608 2477 Sacriﬁcautes
2653 2430 2831 2476 autem
2878 2420 3102 2488 impuris
3145 2415 3504 2478 daemonibus,

1932 2513 2126 2567 deinde
2163 2513 2392 2583 gloriam
2430 2511 2540 2567 Deo
2573 2512 2806 2567 debitam
2843 2511 3046 2564 minimi
3085 2508 3365 2571 facientes,
3393 2516 3513 2560 tau-

1932 2613 2041 2658 tum
2073 2620 2177 2659 non
2209 2607 2420 2676 probris
2450 2621 2598 2669 eum,
2621 2605 2843 2675 perinde
2873 2619 2935 2658 ac
2966 2603 3008 2657 si
3043 2603 3181 2656 Deus
3209 2615 3312 2656 nun
3341 2608 3510 2661 esset,

1930 2694 2245 2751 aﬁecerunt.
2281 2698 2430 2752 Velle
2466 2697 2608 2753 enim
2653 2698 2703 2750 iu
2751 2706 2918 2751 tomm
2966 2709 3072 2750 non
3120 2693 3221 2747 diis
3267 2691 3512 2744 adhmre-

1927 2797 2109 2850 scere,
2147 2786 2283 2840 nihil
2322 2786 2464 2840 aliud
2506 2797 2618 2852 est,
2654 2800 2812 2855 quam
2847 2785 3081 2838 divinam
3111 2793 3166 2835 ct
3203 2795 3507 2849 supremam

1926 2874 2262 2942 maiestatem
2291 2891 2669 2946 conspurcare.
2698 2895 2716 2927 ι
2753 2873 2990 2928 Reddam
3024 2892 3042 2925 ι
3100 2873 3282 2938 igitur,
3311 2870 3505 2936 inquit,

1928 2985 1947 3018 ι
1995 2981 2155 3036 opera
2198 2982 2386 3022 eorum
2429 2968 2481 3021 in
2528 2968 2705 3022 sinum
2752 2982 2931 3022 suum.
2971 2983 2991 3017 ι
3035 2961 3199 3034 895
3239 2961 3318 3015 Ab
3359 2959 3507 3012 omni

1919 3057 2061 3111 enim
2086 3057 2223 3112 bono
2240 3060 2574 3122 deciderunt,
2607 3059 2884 3128 illapsique
2915 3058 2966 3110 in
2985 3071 3177 3126 graves
3197 3061 3252 3108 et
3281 3051 3508 3108 inevita-

1921 3147 2054 3203 biles
2083 3149 2439 3217 calamitates,
2473 3152 2596 3206 mali
2629 3152 2764 3205 male
2796 3150 3093 3220 perierunt.

1991 3330 2150 3386 Vens.
2177 3331 2230 3396 8,
2264 3332 2317 3388 9.
2358 3331 2446 3386 Sic
2485 3333 2612 3384 dicit
2664 3330 2958 3384 Dominus:
3000 3327 3113 3394 Quo
3148 3325 3301 3378 modo
3365 3324 3506 3376 inve—

1916 3422 2088 3475 nietur
2109 3425 2319 3477 acinum
2343 3425 2395 3476 in
2415 3424 2643 3484 botro,et
2658 3424 2824 3477 dicent
2851 3439 2864 3453 ο
2893 3420 2976 3475 Ne
2993 3423 3178 3489 perdas
3204 3419 3360 3485 illud,
3379 3422 3502 3490 quia

1916 3514 2203 3568 benedictio
2220 3527 2292 3569 est
2329 3519 2380 3568 in
2408 3532 2466 3569 eo
2490 3531 2508 3569 :
2538 3517 2612 3568 sic
2634 3515 2826 3584 faciant
2860 3525 3068 3581 propter
3087 3531 3200 3568 eum
3226 3514 3315 3582 qui
3346 3515 3502 3567 servit

226 3602 336 3656 τοῦ
365 3603 762 3670 δουλεύοντός
786 3621 901 3671 μοι.
938 3607 1158 3660 Τούτου
1185 3607 1362 3660 ἕνεκα
1382 3610 1454 3662 οὐ
1478 3609 1564 3677 μὴ
1595 3610 1810 3665 ἀπολέ-

1921 3606 2068 3670 mihi,
2093 3607 2244 3673 cujus
2295 3623 2456 3660 causa
2488 3623 2587 3660 non
2611 3608 2824 3676 perdam
2861 3624 3057 3660 omnes.
3105 3607 3170 3660 Et
3210 3608 3391 3661 tollam
3437 3623 3503 3662 ea:

226 3709 319 3748 σω
354 3695 607 3762 πάντας.
633 3697 742 3751 Καὶ
776 3697 968 3766 ἐξαρῶ
995 3700 1061 3752 τό
1094 3699 1163 3762 ἐξ
1203 3699 1411 3754 Ἰακὼὸ
1429 3702 1686 3771 σπέρμα,
1715 3704 1814 3757 καὶ

224 3789 294 3840 τὸ
326 3787 397 3852 ἐξ
433 3789 645 3855 Ἰούδα,
676 3789 771 3843 καί
810 3791 1252 3860 κληρονομήσει
1284 3793 1348 3845 τὸ
1372 3792 1508 3860 ὄρος
1540 3793 1603 3845 τὸ
1641 3793 1816 3863 ἅγιόν

220 3893 365 3945 μου,
405 3878 502 3930 καὶ
533 3878 1104 3949 κληρονομήσουσιν
1159 3883 1212 3933 οὶ
1256 3880 1568 3945 ἐκλεκτοὶ,
1610 3881 1709 3935 καί
1760 3885 1814 3936 οἱ

224 3966 440 4022 δοῦλοί
465 3986 606 4037 μου.
639 3969 737 4023 καὶ
759 3969 1239 4034 κατοικήσοιυσιν
1271 3970 1412 4024 ἐκεῖ.

311 4057 612 4130 Ἐπηνέχθη
645 4059 743 4130 μὲν
786 4059 1060 4124 Ἰουδαίοις
1102 4061 1170 4114 τὰ
1201 4063 1264 4114 ἐκ
1294 4062 1444 4126 θείας
1483 4063 1686 4134 ὀργῆς,
1719 4065 1813 4117 καὶ

227 4148 586 4220 ίσοστάθμους
615 4153 727 4214 τοῖς
761 4151 966 4205 ἑαυτῶν
995 4152 1460 4225 πλημμελήμασιν
1503 4156 1811 4209 ὲκτετίκασι

221 4240 401 4304 δίκας,
429 4242 568 4312 πλὴν
597 4243 697 4296 οὐκ
731 4244 899 4314 ἄρδην
929 4245 1166 4309 ἅπαντες
1201 4288 1214 4312 ,
1253 4248 1346 4300 καὶ
1379 4248 1706 4317 ἁδιακρίτως
1733 4248 1814 4301 δι-

1917 3697 2082 3750 Jucob
2112 3715 2306 3761 semen,
2335 3711 2382 3752 et
2407 3716 2470 3752 ετ
2499 3698 2534 3752 J
2542 3704 2662 3761 uda,
2696 3710 2743 3752 et
2781 3701 3107 3757 hwreditabit
3143 3711 3369 3753 montem
3383 3717 3502 3754 san-

1917 3799 2056 3841 ctum
2093 3805 2287 3846 meum.
2331 3790 2396 3844 Et
2428 3791 2809 3844 Iucrcdital-uut
2847 3791 2998 3845 electi
3030 3800 3081 3845 et
3115 3792 3250 3845 sert'i
3275 3792 3396 3853 mei,
3449 3803 3500 3846 et

1917 3879 2228 3933 habitabant
2257 3881 2351 3934 ibi.

1985 4053 2172 4108 Divina
2203 4054 2280 4108 ira
2301 4054 2498 4110 Iudaeis
2516 4055 2712 4111 inﬂicta
2733 4067 2838 4123 est,
2869 4068 2924 4112 et
2941 4058 3128 4128 dignas
3154 4074 3250 4129 pro
3283 4060 3495 4115 ratione

1913 4144 2232 4201 delictorum
2264 4162 2454 4215 pinnas
2483 4147 2768 4203 dederunt.
2832 4150 3033 4204 Verum
3097 4167 3201 4205 non
3248 4150 3494 4208 funditus

1913 4251 2103 4294 omnes
2128 4247 2184 4292 et
2219 4238 2337 4294 sine
2386 4240 2699 4296 discrimine
2753 4244 3050 4313 perierunt.
3109 4243 3296 4299 Justus
3344 4245 3488 4298 enim

219 4330 475 4385 ολώλασι.
496 4332 712 4397 Δίκαιος
729 4335 834 4406 γὰρ
850 4337 877 4388 ὁ
897 4336 1108 4406 κριτὴς,
1133 4338 1224 4390 καὶ
1257 4339 1356 4390 οὐκ
1382 4339 1448 4392 ἂν
1465 4341 1574 4402 τοῖς
1589 4340 1811 4394 ἀσεϐέσι

1921 4328 2072 4393 iudex
2101 4340 2205 4397 est,
2241 4348 2340 4386 nec
2367 4346 2489 4388 cum
2523 4333 2704 4404 impiis
2734 4335 2895 4390 simul
2930 4337 3116 4405 perdet
3131 4337 3322 4392 bonos.
3365 4336 3491 4390 Illu-

222 4423 588 4476 συναπολέσαι
615 4426 743 4489 τοὺς
782 4426 1020 4495 ἀγαθούς
1041 4443 1052 4455 ·
1073 4428 1256 4480 εἰκόνα
1280 4428 1336 4481 δὲ
1364 4427 1552 4500 ὥσπερ
1579 4432 1810 4483 ποιεῖται

219 4515 504 4586 λαμπρὰν,
523 4518 616 4570 καὶ
639 4520 696 4570 ὲν
723 4518 875 4584 τάξει
905 4519 1345 4590 παραδείγματος
1362 4520 1574 4592 δέχεται
1593 4521 1808 4591 βότρυν,

223 4609 355 4678 μιᾶς
385 4609 442 4660 ὲν
475 4608 622 4679 αὐτῷ
663 4609 977 4681 σωζομένης
1020 4612 1184 4682 ραγὸς
1208 4652 1222 4675 ,
1266 4612 1441 4665 καίτοι
1491 4612 1599 4665 τῶν
1632 4613 1811 4668 ἄλλων

217 4699 708 4770 τεθαυμασμένων·
738 4697 856 4754 εἶτα
881 4703 972 4756 τὸν
989 4703 1243 4773 γηπόνον,
1267 4704 1434 4775 ἤγουν
1461 4704 1554 4756 τὸν
1582 4705 1674 4757 τοῦ
1705 4723 1811 4775 χω-

219 4791 342 4861 ρίου
367 4792 632 4861 δεσπότην
663 4794 966 4862 εἰσκομίζει
995 4793 1222 4862 λέγοντά
1253 4812 1385 4847 τινι·
1426 4813 1445 4846 ι
1477 4797 1568 4867 Μὴ
1595 4796 1810 4870 λυμήνῃ

215 4883 405 4950 αὐτὸν,
438 4885 521 4938 ὅτι
574 4885 791 4953 εὐλογία
838 4886 986 4939 ἐστὶν
1021 4889 1078 4938 ὲν
1106 4886 1255 4958 αὐτῷ
1276 4903 1288 4915 ·
1321 4886 1464 4941 οὕτω
1501 4890 1730 4958 ποιήσω,
1779 4907 1798 4941 ι

215 4975 404 5044 φησὶν,
459 4997 473 5023 ι
512 4975 699 5028 ἕνεκεν
736 4977 830 5029 τοῦ
881 4977 1223 5042 δουλεύοντός
1279 4996 1392 5049 μοι,
1453 4997 1472 5031 ι
1502 4980 1798 5042 τουτέστιν,

214 5066 476 5137 ἀκριϐείᾳ.
489 5067 724 5140 τοσαύτῃ
747 5071 1108 5140 κεχρήσομαι,
1137 5070 1278 5124 ὥστε
1309 5072 1413 5124 κᾶν
1442 5072 1500 5123 ὲν
1521 5071 1670 5124 πόλει
1701 5073 1802 5143 μιᾷ

213 5159 325 5211 τῶν
349 5158 524 5212 ἄλλων
541 5161 795 5214 ἁπάντων
825 5163 1238 5216 ἀποπλευσάντων
1256 5165 1335 5226 είς
1350 5163 1412 5216 τὸ
1437 5163 1698 5234 ἐξίτηλον,
1720 5159 1799 5228 εἷς

212 5253 308 5304 καὶ
342 5252 500 5321 μόνος
527 5253 847 5324 εὑρίσκηται
878 5255 1088 5320 πιστὲς,
1121 5257 1213 5308 καὶ
1240 5257 1472 5326 εὐήνιος,
1502 5254 1657 5321 οὗτος
1677 5257 1800 5310 τεύ-

211 5342 366 5408 ξεται
403 5343 639 5410 φειδοῦς,
677 5344 770 5396 καὶ
801 5344 901 5396 οὐκ
929 5341 996 5395 ἂν
1032 5347 1146 5408 τοῖς
1178 5345 1384 5416 ἑτέροις
1420 5347 1798 5414 συγκινδυνεύ-

212 5452 324 5487 σειε
355 5437 477 5489 καθ’
506 5429 580 5490 ὧν
609 5436 674 5490 ἂν
728 5436 797 5490 ίοι
824 5437 885 5490 τὸ
914 5437 1087 5507 κρίμα
1138 5438 1377 5502 δικαίως.
1419 5460 1435 5490 ι
1480 5442 1551 5493 Οὐ
1581 5441 1688 5510 γὰρ
1718 5443 1792 5512 μὴ

209 5524 462 5576 ἀπολέσω
493 5526 720 5588 πάντας,
759 5544 776 5578 ι
817 5526 970 5596 φησι.
1028 5527 1301 5599 Κατέθορε
1347 5530 1456 5602 γὰρ
1480 5530 1668 5602 ὥσπερ
1695 5535 1794 5602 τῆς

222 5614 494 5668 Ἰουδαίων
522 5616 840 5681 ἀλαζονείας
869 5619 897 5669 ὁ
925 5617 1020 5670 τοῦ
1051 5618 1257 5688 Κυρίου
1285 5618 1479 5690 θυμὸς,
1511 5624 1794 5693 μονονουχὶ

208 5705 570 5773 καταφλέγων
603 5706 696 5759 τὸν
735 5706 934 5778 ἀπειθῆ
977 5707 1069 5761 καὶ
1099 5707 1434 5778 δυσάγωγον*
1475 5711 1709 5777 ἐσώζετο
1735 5713 1792 5768 δὲ

207 5797 436 5868 προνοίᾳ
455 5797 612 5864 Θεοῦ,
645 5801 752 5864 πᾶς
780 5800 834 5854 εἴ
854 5817 937 5863 τις
968 5795 1036 5870 ἧν
1071 5802 1130 5853 ὲν
1166 5802 1349 5866 αὐτοῖς
1389 5804 1488 5874 τῆς
1533 5805 1622 5859 διὰ
1659 5807 1793 5877 Χρι-

208 5885 338 5940 στοῦ
382 5903 634 5958 σωτηρας
664 5889 816 5954 ἄξιος
839 5905 853 5920 ο
894 5890 985 5945 καὶ
1031 5890 1164 5958 γοῦν
1195 5893 1220 5944 ὀ
1251 5890 1534 5957 θεσπέσιος
1583 5895 1793 5959 Παῦλος

1912 4432 2078 4477 strem
2124 4433 2302 4479 autem
2369 4425 2587 4481 adhibet
2614 4427 2766 4497 quasi
2810 4428 3120 4498 imaginem,
3148 4438 3204 4482 et
3257 4429 3489 4497 exempli

1914 4511 2030 4567 loco
2059 4514 2223 4568 sumit
2283 4515 2520 4582 botrum,
2561 4531 2666 4570 uno
2724 4517 2880 4570 acino
2936 4528 3174 4581 servato,
3229 4517 3311 4572 vel
3365 4517 3490 4572 aliis

1912 4604 2408 4660 admirabilioribus
2452 4615 2508 4661 et
2557 4607 2961 4676 insignioribus.
3022 4607 3224 4662 Deinde
3273 4607 3487 4676 agrico-

1913 4695 2039 4761 lam,
2072 4695 2152 4749 vel
2177 4695 2450 4751 dominum
2481 4697 2664 4766 praedii
2699 4696 2904 4750 inducit
2929 4696 3195 4750 dicentem
3222 4696 3432 4750 cuidam
3465 4713 3482 4752 :

1916 4805 1936 4840 ι
1979 4786 2056 4843 Ne
2097 4789 2290 4857 perdas
2328 4803 2471 4852 eum,
2523 4789 2648 4858 quia
2689 4787 2989 4842 benedictio
3018 4796 3102 4842 est
3138 4787 3190 4841 in
3221 4801 3286 4842 eo
3322 4805 3335 4843 :
3405 4789 3486 4843 sic

1912 4878 2126 4946 faciam,
2169 4899 2189 4932 ι
2227 4881 2420 4950 inquit,
2458 4898 2478 4932 ‹
2516 4891 2737 4951 pr0pter
2785 4894 2909 4934 eum
2939 4879 3031 4948 qui
3078 4880 3244 4934 servit
3272 4879 3426 4945 mihi,
3459 4898 3480 4931 ι

1912 4973 1961 5026 id
1996 4982 2100 5035 est,
2140 4973 2276 5027 adeo
2305 4972 2529 5041 praecise
2553 4986 2730 5042 agam,
2770 4979 2828 5025 ut
2851 4972 3062 5025 etiamsi
3095 4971 3148 5025 iu
3196 4987 3298 5026 una
3351 4971 3485 5026 civi-

1912 5073 2018 5119 tate
2043 5065 2132 5118 alii
2165 5079 2355 5119 omnes
2384 5064 2452 5118 ad
2532 5064 2796 5131 ignaviam
2861 5062 3148 5127 declinent,
3203 5063 3250 5117 si
3301 5072 3479 5117 tamen

1909 5171 2050 5210 unus
2075 5155 2221 5211 solus
2260 5157 2569 5210 inveniatur
2599 5155 2772 5210 fidelis
2807 5164 2861 5209 et
2889 5169 3090 5225 sequax
3117 5195 3133 5221 ,
3199 5155 3288 5210 hic
3343 5171 3480 5210 con-

1906 5257 2162 5316 sequetur
2212 5248 2674 5312 misericordiam,
2718 5257 2774 5302 et
2815 5263 2938 5304 cum
2987 5248 3107 5303 aliis
3160 5249 3213 5303 in
3269 5248 3480 5316 pericu-

1906 5340 2013 5394 lum
2065 5355 2169 5394 non
2205 5340 2509 5404 vocabitur,
2560 5339 2756 5409 quibus
2807 5338 2954 5408 juste
2987 5339 3283 5393 intentatur
3334 5335 3480 5404 judi-

1904 5432 2070 5487 cium.
2121 5450 2140 5483 ι
2168 5431 2282 5486 Non
2313 5431 2458 5486 enim
2490 5433 2709 5500 perdam
2738 5447 2948 5497 omnes,
2984 5449 3004 5483 ι
3055 5430 3248 5499 inquit.
3282 5427 3476 5482 lusiliit

1900 5526 2042 5578 enim
2082 5525 2242 5578 veluti
2276 5533 2465 5579 contra
2505 5523 2812 5580 Judzeorum
2837 5523 3203 5594 arrogantiam
3256 5519 3474 5576 Domini

1900 5616 2070 5680 furor,
2109 5624 2316 5672 tantum
2368 5633 2472 5671 nou
2499 5619 2824 5673 comburens
2856 5616 3248 5672 inobedieutem
3279 5622 3337 5668 et
3387 5628 3474 5667 re-

1900 5711 2238 5765 fractarium.
2269 5710 2338 5764 At
2366 5711 2702 5781 providentia
2740 5709 2837 5764 Dei
2879 5719 3125 5764 servatus
3175 5714 3280 5772 est,
3316 5705 3472 5775 quis-

1899 5803 2022 5872 quis
2053 5804 2192 5858 inter
2221 5804 2342 5859 illos
2369 5813 2487 5860 erat
2533 5804 2708 5858 salute
2769 5817 2866 5873 per
2920 5800 3197 5856 Christum
3249 5797 3470 5867 dignus.

1898 5893 2162 5952 Nimirum
2194 5897 2408 5954 divinus
2444 5897 2641 5954 Paulus
2681 5905 2956 5968 capturam
3008 5891 3304 5950 secundum
3359 5889 3491 5955 eleg
