  <div class='ocr_page' id='page_1' title='image "/cluster/home/n/w/nwhite01/storage/ocr_20150623/70/hvd.32044019207901/713.png"; bbox 0 0 4148 6498; ppageno 0'>
   <div class='ocr_carea' id='block_1_1' title="bbox 661 427 790 483">
    <p class='ocr_par' dir='ltr' id='par_1_1' title="bbox 661 427 790 483">
     <span class='ocr_line' id='line_1_1' title="bbox 661 427 790 483; baseline 0.016 -2"><span class='ocrx_word' id='word_1_1' title='bbox 661 427 790 483; x_wconf 70' lang='grc' dir='ltr'>ΜΗ</span> 
     </span>
    </p>
   </div>
   <div class='ocr_carea' id='block_1_2' title="bbox 1675 427 2934 491">
    <p class='ocr_par' dir='ltr' id='par_1_2' title="bbox 1675 427 2934 491">
     <span class='ocr_line' id='line_1_2' title="bbox 1675 427 2934 491; baseline 0.004 -6"><span class='ocrx_word' id='word_1_2' title='bbox 1675 430 1732 486; x_wconf 91' lang='lat' dir='ltr'><strong>S.</strong></span> <span class='ocrx_word' id='word_1_3' title='bbox 1778 429 2053 487; x_wconf 82' lang='lat' dir='ltr'><strong>CYRILLI</strong></span> <span class='ocrx_word' id='word_1_4' title='bbox 2095 427 2569 485; x_wconf 70' lang='lat' dir='ltr'><strong>ALEXANDRINI</strong></span> <span class='ocrx_word' id='word_1_5' title='bbox 2610 430 2934 491; x_wconf 76' lang='lat' dir='ltr'><strong>ARCIllEP.</strong></span> 
     </span>
    </p>
   </div>
   <div class='ocr_carea' id='block_1_3' title="bbox 3776 445 3910 501">
    <p class='ocr_par' dir='ltr' id='par_1_3' title="bbox 3776 445 3910 501">
     <span class='ocr_line' id='line_1_3' title="bbox 3776 445 3910 501; baseline 0.015 -2"><span class='ocrx_word' id='word_1_6' title='bbox 3776 445 3910 501; x_wconf 63' lang='lat' dir='ltr'><strong>Nl?</strong></span> 
     </span>
    </p>
   </div>
   <div class='ocr_carea' id='block_1_4' title="bbox 648 543 2194 627">
    <p class='ocr_par' dir='ltr' id='par_1_4' title="bbox 648 543 2194 617">
     <span class='ocr_line' id='line_1_4' title="bbox 648 543 2194 617; baseline 0.004 -22"><span class='ocrx_word' id='word_1_7' title='bbox 648 543 885 599; x_wconf 92' lang='lat' dir='ltr'><strong>ctionem</strong></span> <span class='ocrx_word' id='word_1_8' title='bbox 950 544 1140 617; x_wconf 75' lang='lat' dir='ltr'><strong>gratiae</strong></span> <span class='ocrx_word' id='word_1_9' title='bbox 1224 548 1418 602; x_wconf 65' lang='lat' dir='ltr'><strong>laetam</strong></span> <span class='ocrx_word' id='word_1_10' title='bbox 1484 545 1653 602; x_wconf 83' lang='lat' dir='ltr'><strong>fuisse</strong></span> <span class='ocrx_word' id='word_1_11' title='bbox 1681 547 1829 613; x_wconf 85' lang='lat' dir='ltr'><strong>dicit,</strong></span> <span class='ocrx_word' id='word_1_12' title='bbox 1886 556 1941 603; x_wconf 90' lang='lat' dir='ltr'><strong>et</strong></span> <span class='ocrx_word' id='word_1_13' title='bbox 2015 546 2194 602; x_wconf 52' lang='lat' dir='ltr'><strong>delect‘</strong></span> 
     </span>
    </p>
   </div>
   <div class='ocr_carea' id='block_1_5' title="bbox 2298 543 3913 627">
    <p class='ocr_par' dir='ltr' id='par_1_5' title="bbox 2298 546 3913 627">
     <span class='ocr_line' id='line_1_5' title="bbox 2298 546 3913 627; baseline 0.01 -32"><span class='ocrx_word' id='word_1_14' title='bbox 2298 546 2523 615; x_wconf 69' lang='grc' dir='ltr'><strong>⁵λῆμμα</strong></span> <span class='ocrx_word' id='word_1_15' title='bbox 2580 548 2700 599; x_wconf 82' lang='grc' dir='ltr'>κατ’</span> <span class='ocrx_word' id='word_1_16' title='bbox 2763 548 2995 619; x_wconf 76' lang='grc' dir='ltr'>ἐκλογὴν</span> <span class='ocrx_word' id='word_1_17' title='bbox 3045 548 3265 620; x_wconf 84' lang='grc' dir='ltr'>χάριτος</span> <span class='ocrx_word' id='word_1_18' title='bbox 3317 553 3569 621; x_wconf 76' lang='grc' dir='ltr'>γενέσθαι</span> <span class='ocrx_word' id='word_1_19' title='bbox 3628 558 3766 627; x_wconf 71' lang='grc' dir='ltr'>φησὶ</span> <span class='ocrx_word' id='word_1_20' title='bbox 3822 561 3913 611; x_wconf 70' lang='grc' dir='ltr'>καὶ</span> 
     </span>
    </p>
   </div>
   <div class='ocr_carea' id='block_1_6' title="bbox 646 635 2221 708">
    <p class='ocr_par' dir='ltr' id='par_1_6' title="bbox 646 635 2221 708">
     <span class='ocr_line' id='line_1_6' title="bbox 646 635 2221 708; baseline 0.004 -20"><span class='ocrx_word' id='word_1_21' title='bbox 646 635 793 689; x_wconf 83' lang='lat' dir='ltr'><strong>velut</strong></span> <span class='ocrx_word' id='word_1_22' title='bbox 821 650 887 689; x_wconf 80' lang='lat' dir='ltr'><strong>ex</strong></span> <span class='ocrx_word' id='word_1_23' title='bbox 924 637 1072 691; x_wconf 87' lang='lat' dir='ltr'><strong>omni</strong></span> <span class='ocrx_word' id='word_1_24' title='bbox 1143 636 1451 694; x_wconf 70' lang='lat' dir='ltr'><strong>Iudaeorum</strong></span> <span class='ocrx_word' id='word_1_25' title='bbox 1476 639 1697 708; x_wconf 79' lang='lat' dir='ltr'><strong>regione</strong></span> <span class='ocrx_word' id='word_1_26' title='bbox 1726 639 1936 703; x_wconf 90' lang='lat' dir='ltr'><strong>habito,</strong></span> <span class='ocrx_word' id='word_1_27' title='bbox 1966 639 2221 708; x_wconf 84' lang='lat' dir='ltr'><strong>reliquias</strong></span> 
     </span>
    </p>
   </div>
   <div class='ocr_carea' id='block_1_7' title="bbox 646 726 2212 801">
    <p class='ocr_par' dir='ltr' id='par_1_7' title="bbox 646 726 2212 801">
     <span class='ocr_line' id='line_1_7' title="bbox 646 726 2212 801; baseline 0.003 -23"><span class='ocrx_word' id='word_1_28' title='bbox 646 726 859 780; x_wconf 88' lang='lat' dir='ltr'><strong>lsraelis</strong></span> <span class='ocrx_word' id='word_1_29' title='bbox 898 727 962 781; x_wconf 89' lang='lat' dir='ltr'><strong>ad</strong></span> <span class='ocrx_word' id='word_1_30' title='bbox 1002 727 1160 782; x_wconf 82' lang='lat' dir='ltr'><strong>ﬁdem</strong></span> <span class='ocrx_word' id='word_1_31' title='bbox 1185 728 1423 785; x_wconf 89' lang='lat' dir='ltr'><strong>irretitas</strong></span> <span class='ocrx_word' id='word_1_32' title='bbox 1452 739 1505 784; x_wconf 89' lang='lat' dir='ltr'><strong>et</strong></span> <span class='ocrx_word' id='word_1_33' title='bbox 1533 730 1853 801; x_wconf 88' lang='lat' dir='ltr'><strong>illaqueatas</strong></span> <span class='ocrx_word' id='word_1_34' title='bbox 1876 731 1942 785; x_wconf 84' lang='grc'><strong>⁵³.</strong></span> <span class='ocrx_word' id='word_1_35' title='bbox 2006 749 2024 782; x_wconf 81' lang='grc' dir='ltr'><strong>ι</strong></span> <span class='ocrx_word' id='word_1_36' title='bbox 2052 732 2167 784; x_wconf 87' lang='grc' dir='ltr'>Νοη</span> <span class='ocrx_word' id='word_1_37' title='bbox 2195 749 2212 782; x_wconf 84' lang='grc'>›</span> 
     </span>
    </p>
   </div>
   <div class='ocr_carea' id='block_1_8' title="bbox 642 817 2218 888">
    <p class='ocr_par' dir='ltr' id='par_1_8' title="bbox 642 817 2218 888">
     <span class='ocr_line' id='line_1_8' title="bbox 642 817 2218 888; baseline 0.006 -19"><span class='ocrx_word' id='word_1_38' title='bbox 642 830 791 884; x_wconf 88' lang='lat' dir='ltr'><strong>ergo,</strong></span> <span class='ocrx_word' id='word_1_39' title='bbox 826 817 1016 885; x_wconf 80' lang='lat' dir='ltr'><strong>inquit,</strong></span> <span class='ocrx_word' id='word_1_40' title='bbox 1047 836 1065 869; x_wconf 76' lang='grc' dir='ltr'><strong>ι</strong></span> <span class='ocrx_word' id='word_1_41' title='bbox 1101 820 1318 888; x_wconf 78' lang='lat' dir='ltr'><strong>perdam</strong></span> <span class='ocrx_word' id='word_1_42' title='bbox 1360 836 1573 887; x_wconf 90' lang='lat' dir='ltr'><strong>omnes,</strong></span> <span class='ocrx_word' id='word_1_43' title='bbox 1607 822 1699 877; x_wconf 87' lang='lat' dir='ltr'><strong>sed</strong></span> <span class='ocrx_word' id='word_1_44' title='bbox 1732 822 1912 876; x_wconf 89' lang='lat' dir='ltr'><strong>tollam</strong></span> <span class='ocrx_word' id='word_1_45' title='bbox 1948 837 2011 877; x_wconf 82' lang='lat' dir='ltr'><strong>ex</strong></span> <span class='ocrx_word' id='word_1_46' title='bbox 2051 821 2218 879; x_wconf 81' lang='lat' dir='ltr'><strong>Jacob</strong></span> 
     </span>
    </p>
   </div>
   <div class='ocr_carea' id='block_1_9' title="bbox 639 909 2215 985">
    <p class='ocr_par' dir='ltr' id='par_1_9' title="bbox 639 909 2215 985">
     <span class='ocr_line' id='line_1_9' title="bbox 639 909 2215 985; baseline 0.007 -27"><span class='ocrx_word' id='word_1_47' title='bbox 639 921 822 961; x_wconf 88' lang='lat' dir='ltr'><strong>semen</strong></span> <span class='ocrx_word' id='word_1_48' title='bbox 860 916 911 962; x_wconf 91' lang='lat' dir='ltr'><strong>et</strong></span> <span class='ocrx_word' id='word_1_49' title='bbox 942 923 1006 963; x_wconf 82' lang='lat' dir='ltr'><strong>ex</strong></span> <span class='ocrx_word' id='word_1_50' title='bbox 1035 909 1193 963; x_wconf 87' lang='lat' dir='ltr'><strong>.luda.</strong></span> <span class='ocrx_word' id='word_1_51' title='bbox 1228 930 1247 964; x_wconf 78' lang='grc' dir='ltr'><strong>ι</strong></span> <span class='ocrx_word' id='word_1_52' title='bbox 1281 931 1298 964; x_wconf 77' lang='grc' dir='ltr'><strong>ι</strong></span> <span class='ocrx_word' id='word_1_53' title='bbox 1329 913 1555 979; x_wconf 90' lang='lat' dir='ltr'><strong>Tollam,</strong></span> <span class='ocrx_word' id='word_1_54' title='bbox 1586 933 1603 965; x_wconf 73' lang='grc' dir='ltr'><strong>ι</strong></span> <span class='ocrx_word' id='word_1_55' title='bbox 1646 914 1731 968; x_wconf 89' lang='lat' dir='ltr'><strong>hic</strong></span> <span class='ocrx_word' id='word_1_56' title='bbox 1765 915 2051 985; x_wconf 91' lang='lat' dir='ltr'><strong>intelliges,</strong></span> <span class='ocrx_word' id='word_1_57' title='bbox 2087 931 2215 980; x_wconf 92' lang='lat' dir='ltr'><strong>non,</strong></span> 
     </span>
    </p>
   </div>
   <div class='ocr_carea' id='block_1_10' title="bbox 637 997 2213 1075">
    <p class='ocr_par' dir='ltr' id='par_1_10' title="bbox 637 997 2213 1075">
     <span class='ocr_line' id='line_1_10' title="bbox 637 997 2213 1075; baseline 0.008 -25"><span class='ocrx_word' id='word_1_58' title='bbox 637 997 902 1064; x_wconf 85' lang='lat' dir='ltr'><strong>Perdant;</strong></span> <span class='ocrx_word' id='word_1_59' title='bbox 964 1002 1059 1056; x_wconf 88' lang='lat' dir='ltr'><strong>sed</strong></span> <span class='ocrx_word' id='word_1_60' title='bbox 1104 1002 1375 1058; x_wconf 82' lang='lat' dir='ltr'><strong>excelsum</strong></span> <span class='ocrx_word' id='word_1_61' title='bbox 1410 1014 1465 1060; x_wconf 89' lang='lat' dir='ltr'><strong>et</strong></span> <span class='ocrx_word' id='word_1_62' title='bbox 1518 1006 1914 1075; x_wconf 89' lang='lat' dir='ltr'><strong>suscipiendum</strong></span> <span class='ocrx_word' id='word_1_63' title='bbox 1972 1007 2213 1063; x_wconf 82' lang='lat' dir='ltr'><strong>reddam.</strong></span> 
     </span>
    </p>
   </div>
   <div class='ocr_carea' id='block_1_11' title="bbox 636 1089 2215 1163">
    <p class='ocr_par' dir='ltr' id='par_1_11' title="bbox 636 1089 2215 1163">
     <span class='ocr_line' id='line_1_11' title="bbox 636 1089 2215 1163; baseline 0.009 -22"><span class='ocrx_word' id='word_1_64' title='bbox 636 1089 851 1145; x_wconf 85' lang='lat' dir='ltr'><strong>Tollere</strong></span> <span class='ocrx_word' id='word_1_65' title='bbox 934 1108 1167 1163; x_wconf 87' lang='lat' dir='ltr'><strong>namque</strong></span> <span class='ocrx_word' id='word_1_66' title='bbox 1223 1097 1493 1152; x_wconf 90' lang='lat' dir='ltr'><strong>interdum</strong></span> <span class='ocrx_word' id='word_1_67' title='bbox 1563 1107 1663 1162; x_wconf 90' lang='lat' dir='ltr'><strong>est,</strong></span> <span class='ocrx_word' id='word_1_68' title='bbox 1736 1101 1988 1153; x_wconf 80' lang='lat' dir='ltr'><strong>evehere.</strong></span> <span class='ocrx_word' id='word_1_69' title='bbox 2059 1098 2215 1156; x_wconf 85' lang='lat' dir='ltr'><strong>Tales</strong></span> 
     </span>
    </p>
   </div>
   <div class='ocr_carea' id='block_1_12' title="bbox 637 1182 2214 1260">
    <p class='ocr_par' dir='ltr' id='par_1_12' title="bbox 637 1182 2214 1260">
     <span class='ocr_line' id='line_1_12' title="bbox 637 1182 2214 1260; baseline 0.007 -26"><span class='ocrx_word' id='word_1_70' title='bbox 637 1182 986 1247; x_wconf 70' lang='lat' dir='ltr'><strong>exstiterunt,</strong></span> <span class='ocrx_word' id='word_1_71' title='bbox 1019 1188 1194 1254; x_wconf 84' lang='lat' dir='ltr'><strong>quoad</strong></span> <span class='ocrx_word' id='word_1_72' title='bbox 1228 1187 1476 1257; x_wconf 79' lang='lat' dir='ltr'><strong>gloriam,</strong></span> <span class='ocrx_word' id='word_1_73' title='bbox 1506 1189 1930 1259; x_wconf 88' lang='lat' dir='ltr'><strong>inquam,divini</strong></span> <span class='ocrx_word' id='word_1_74' title='bbox 1962 1191 2214 1260; x_wconf 89' lang='lat' dir='ltr'><strong>discipuli</strong></span> 
     </span>
    </p>
   </div>
   <div class='ocr_carea' id='block_1_13' title="bbox 634 1274 2215 1349">
    <p class='ocr_par' dir='ltr' id='par_1_13' title="bbox 634 1274 2215 1349">
     <span class='ocr_line' id='line_1_13' title="bbox 634 1274 2215 1349; baseline 0.008 -22"><span class='ocrx_word' id='word_1_75' title='bbox 634 1274 890 1331; x_wconf 89' lang='lat' dir='ltr'><strong>sublimes</strong></span> <span class='ocrx_word' id='word_1_76' title='bbox 921 1286 975 1329; x_wconf 90' lang='lat' dir='ltr'><strong>et</strong></span> <span class='ocrx_word' id='word_1_77' title='bbox 1004 1281 1327 1347; x_wconf 84' lang='lat' dir='ltr'><strong>spectabiles</strong></span> <span class='ocrx_word' id='word_1_78' title='bbox 1382 1282 1631 1337; x_wconf 87' lang='lat' dir='ltr'><strong>omnibus</strong></span> <span class='ocrx_word' id='word_1_79' title='bbox 1678 1285 1925 1349; x_wconf 76' lang='lat' dir='ltr'><strong>ubilibet,</strong></span> <span class='ocrx_word' id='word_1_80' title='bbox 1992 1294 2047 1339; x_wconf 92' lang='lat' dir='ltr'><strong>et</strong></span> <span class='ocrx_word' id='word_1_81' title='bbox 2096 1296 2215 1340; x_wconf 55' lang='lat' dir='ltr'><strong>tan-</strong></span> 
     </span>
    </p>
   </div>
   <div class='ocr_carea' id='block_1_14' title="bbox 633 1370 2213 1447">
    <p class='ocr_par' dir='ltr' id='par_1_14' title="bbox 633 1370 2213 1447">
     <span class='ocr_line' id='line_1_14' title="bbox 633 1370 2213 1447; baseline 0.009 -30"><span class='ocrx_word' id='word_1_82' title='bbox 633 1382 794 1434; x_wconf 89' lang='lat' dir='ltr'><strong>quam</strong></span> <span class='ocrx_word' id='word_1_83' title='bbox 837 1370 1025 1425; x_wconf 88' lang='lat' dir='ltr'><strong>civitas</strong></span> <span class='ocrx_word' id='word_1_84' title='bbox 1072 1372 1125 1426; x_wconf 90' lang='lat' dir='ltr'><strong>in</strong></span> <span class='ocrx_word' id='word_1_85' title='bbox 1164 1382 1347 1427; x_wconf 89' lang='lat' dir='ltr'><strong>monte</strong></span> <span class='ocrx_word' id='word_1_86' title='bbox 1381 1374 1505 1439; x_wconf 90' lang='lat' dir='ltr'><strong>sita,</strong></span> <span class='ocrx_word' id='word_1_87' title='bbox 1538 1384 1593 1429; x_wconf 89' lang='lat' dir='ltr'><strong>et</strong></span> <span class='ocrx_word' id='word_1_88' title='bbox 1640 1375 1857 1430; x_wconf 88' lang='lat' dir='ltr'><strong>lucerna</strong></span> <span class='ocrx_word' id='word_1_89' title='bbox 1891 1392 2054 1447; x_wconf 88' lang='lat' dir='ltr'><strong>super</strong></span> <span class='ocrx_word' id='word_1_90' title='bbox 2085 1394 2213 1432; x_wconf 86' lang='lat' dir='ltr'><strong>can-</strong></span> 
     </span>
    </p>
   </div>
   <div class='ocr_carea' id='block_1_15' title="bbox 632 1456 2212 1536">
    <p class='ocr_par' dir='ltr' id='par_1_15' title="bbox 632 1456 2212 1536">
     <span class='ocr_line' id='line_1_15' title="bbox 632 1456 2212 1536; baseline 0.011 -29"><span class='ocrx_word' id='word_1_91' title='bbox 632 1456 851 1512; x_wconf 89' lang='lat' dir='ltr'><strong>delabro</strong></span> <span class='ocrx_word' id='word_1_92' title='bbox 882 1462 1075 1529; x_wconf 91' lang='lat' dir='ltr'><strong>posita,</strong></span> <span class='ocrx_word' id='word_1_93' title='bbox 1114 1477 1178 1516; x_wconf 89' lang='lat' dir='ltr'><strong>ac</strong></span> <span class='ocrx_word' id='word_1_94' title='bbox 1228 1463 1415 1519; x_wconf 86' lang='lat' dir='ltr'><strong>lucens</strong></span> <span class='ocrx_word' id='word_1_95' title='bbox 1476 1466 1726 1521; x_wconf 89' lang='lat' dir='ltr'><strong>omnibus</strong></span> <span class='ocrx_word' id='word_1_96' title='bbox 1784 1470 1873 1536; x_wconf 87' lang='lat' dir='ltr'><strong>qui</strong></span> <span class='ocrx_word' id='word_1_97' title='bbox 1925 1470 1975 1522; x_wconf 94' lang='lat' dir='ltr'><strong>in</strong></span> <span class='ocrx_word' id='word_1_98' title='bbox 2051 1470 2212 1525; x_wconf 89' lang='lat' dir='ltr'><strong>domo</strong></span> 
     </span>
    </p>
   </div>
   <div class='ocr_carea' id='block_1_16' title="bbox 632 1551 2210 1626">
    <p class='ocr_par' dir='ltr' id='par_1_16' title="bbox 632 1551 2210 1626">
     <span class='ocr_line' id='line_1_16' title="bbox 632 1551 2210 1626; baseline 0.01 -24"><span class='ocrx_word' id='word_1_99' title='bbox 632 1559 757 1603; x_wconf 85' lang='lat' dir='ltr'><strong>sunt</strong></span> <span class='ocrx_word' id='word_1_100' title='bbox 789 1551 857 1615; x_wconf 75' lang='grc'>⁸⁸,</span> <span class='ocrx_word' id='word_1_101' title='bbox 894 1556 1187 1608; x_wconf 82' lang='lat' dir='ltr'><strong>secundum</strong></span> <span class='ocrx_word' id='word_1_102' title='bbox 1236 1556 1406 1626; x_wconf 88' lang='lat' dir='ltr'><strong>ipsius</strong></span> <span class='ocrx_word' id='word_1_103' title='bbox 1448 1574 1636 1614; x_wconf 86' lang='lat' dir='ltr'><strong>vocem</strong></span> <span class='ocrx_word' id='word_1_104' title='bbox 1706 1560 2031 1615; x_wconf 84' lang='lat' dir='ltr'><strong>Servatoris.</strong></span> <span class='ocrx_word' id='word_1_105' title='bbox 2100 1562 2210 1617; x_wconf 89' lang='lat' dir='ltr'><strong>lloc</strong></span> 
     </span>
    </p>
   </div>
   <div class='ocr_carea' id='block_1_17' title="bbox 632 1641 2210 1725">
    <p class='ocr_par' dir='ltr' id='par_1_17' title="bbox 632 1641 2210 1725">
     <span class='ocr_line' id='line_1_17' title="bbox 632 1641 2210 1725; baseline 0.01 -32"><span class='ocrx_word' id='word_1_106' title='bbox 632 1641 794 1711; x_wconf 83' lang='lat' dir='ltr'><strong>igitur</strong></span> <span class='ocrx_word' id='word_1_107' title='bbox 830 1654 916 1698; x_wconf 92' lang='lat' dir='ltr'><strong>est</strong></span> <span class='ocrx_word' id='word_1_108' title='bbox 944 1660 1127 1700; x_wconf 89' lang='lat' dir='ltr'><strong>semen</strong></span> <span class='ocrx_word' id='word_1_109' title='bbox 1156 1663 1218 1701; x_wconf 80' lang='lat' dir='ltr'><strong>ex</strong></span> <span class='ocrx_word' id='word_1_110' title='bbox 1254 1648 1418 1705; x_wconf 86' lang='lat' dir='ltr'><strong>Jacob</strong></span> <span class='ocrx_word' id='word_1_111' title='bbox 1467 1660 1522 1705; x_wconf 88' lang='lat' dir='ltr'><strong>et</strong></span> <span class='ocrx_word' id='word_1_112' title='bbox 1574 1649 1729 1705; x_wconf 86' lang='lat' dir='ltr'><strong>Juda.</strong></span> <span class='ocrx_word' id='word_1_113' title='bbox 1762 1653 1930 1725; x_wconf 79' lang='lat'><strong>896</strong></span> <span class='ocrx_word' id='word_1_114' title='bbox 1970 1673 1987 1705; x_wconf 76' lang='grc' dir='ltr'><strong>ι</strong></span> <span class='ocrx_word' id='word_1_115' title='bbox 2031 1654 2210 1709; x_wconf 82' lang='lat' dir='ltr'><strong>Possi-</strong></span> 
     </span>
    </p>
   </div>
   <div class='ocr_carea' id='block_1_18' title="bbox 630 1730 2208 1813">
    <p class='ocr_par' dir='ltr' id='par_1_18' title="bbox 630 1730 2208 1813">
     <span class='ocr_line' id='line_1_18' title="bbox 630 1730 2208 1813; baseline 0.012 -31"><span class='ocrx_word' id='word_1_116' title='bbox 630 1730 796 1794; x_wconf 89' lang='lat' dir='ltr'><strong>debit,</strong></span> <span class='ocrx_word' id='word_1_117' title='bbox 832 1732 1025 1801; x_wconf 89' lang='lat' dir='ltr'><strong>inquit,</strong></span> <span class='ocrx_word' id='word_1_118' title='bbox 1089 1744 1324 1792; x_wconf 89' lang='lat' dir='ltr'><strong>montem</strong></span> <span class='ocrx_word' id='word_1_119' title='bbox 1383 1748 1627 1794; x_wconf 88' lang='lat' dir='ltr'><strong>sanctum</strong></span> <span class='ocrx_word' id='word_1_120' title='bbox 1699 1757 1940 1808; x_wconf 63' lang='lat' dir='ltr'><strong>meum,»</strong></span> <span class='ocrx_word' id='word_1_121' title='bbox 2018 1760 2208 1813; x_wconf 84' lang='lat' dir='ltr'><strong>nempe</strong></span> 
     </span>
    </p>
   </div>
   <div class='ocr_carea' id='block_1_19' title="bbox 628 1820 2204 1903">
    <p class='ocr_par' dir='ltr' id='par_1_19' title="bbox 628 1820 2204 1903">
     <span class='ocr_line' id='line_1_19' title="bbox 628 1820 2204 1903; baseline 0.01 -29"><span class='ocrx_word' id='word_1_122' title='bbox 628 1820 947 1878; x_wconf 87' lang='lat' dir='ltr'><strong>Ecclesiam.</strong></span> <span class='ocrx_word' id='word_1_123' title='bbox 998 1824 1088 1881; x_wconf 90' lang='lat' dir='ltr'><strong>Sic</strong></span> <span class='ocrx_word' id='word_1_124' title='bbox 1140 1828 1283 1882; x_wconf 91' lang='lat' dir='ltr'><strong>enim</strong></span> <span class='ocrx_word' id='word_1_125' title='bbox 1310 1843 1431 1883; x_wconf 87' lang='lat' dir='ltr'><strong>eam</strong></span> <span class='ocrx_word' id='word_1_126' title='bbox 1467 1831 1717 1902; x_wconf 77' lang='lat' dir='ltr'><strong>designat</strong></span> <span class='ocrx_word' id='word_1_127' title='bbox 1749 1833 1876 1888; x_wconf 84' lang='lat' dir='ltr'><strong>alibi</strong></span> <span class='ocrx_word' id='word_1_128' title='bbox 1946 1834 2060 1903; x_wconf 85' lang='lat' dir='ltr'><strong>ipse</strong></span> <span class='ocrx_word' id='word_1_129' title='bbox 2112 1852 2204 1889; x_wconf 79' lang='lat' dir='ltr'><strong>sa-</strong></span> 
     </span>
    </p>
   </div>
   <div class='ocr_carea' id='block_1_20' title="bbox 2321 636 3912 720">
    <p class='ocr_par' dir='ltr' id='par_1_20' title="bbox 2321 636 3912 720">
     <span class='ocr_line' id='line_1_20' title="bbox 2321 636 3912 720; baseline 0.008 -31"><span class='ocrx_word' id='word_1_130' title='bbox 2321 636 2683 710; x_wconf 85' lang='grc' dir='ltr'>ἀπολογάδην,</span> <span class='ocrx_word' id='word_1_131' title='bbox 2715 639 2903 711; x_wconf 78' lang='grc' dir='ltr'>ὥσπερ</span> <span class='ocrx_word' id='word_1_132' title='bbox 2936 640 2994 705; x_wconf 77' lang='grc' dir='ltr'>ἐξ</span> <span class='ocrx_word' id='word_1_133' title='bbox 3020 640 3239 712; x_wconf 86' lang='grc' dir='ltr'>ἀπάσης</span> <span class='ocrx_word' id='word_1_134' title='bbox 3280 644 3378 714; x_wconf 83' lang='grc' dir='ltr'>τῆς</span> <span class='ocrx_word' id='word_1_135' title='bbox 3425 646 3695 700; x_wconf 80' lang='grc' dir='ltr'><strong>Ἰουδαίων</strong></span> <span class='ocrx_word' id='word_1_136' title='bbox 3734 649 3912 720; x_wconf 82' lang='grc' dir='ltr'>χώρας</span> 
     </span>
    </p>
   </div>
   <div class='ocr_carea' id='block_1_21' title="bbox 2323 728 3909 807">
    <p class='ocr_par' dir='ltr' id='par_1_21' title="bbox 2323 728 3909 807">
     <span class='ocr_line' id='line_1_21' title="bbox 2323 728 3909 807; baseline 0.009 -28"><span class='ocrx_word' id='word_1_137' title='bbox 2323 728 2727 799; x_wconf 83' lang='grc' dir='ltr'>σαγηνευθῆναι</span> <span class='ocrx_word' id='word_1_138' title='bbox 2780 731 2918 802; x_wconf 83' lang='grc' dir='ltr'>πρὸς</span> <span class='ocrx_word' id='word_1_139' title='bbox 2956 731 3141 784; x_wconf 86' lang='grc' dir='ltr'>πίστιν</span> <span class='ocrx_word' id='word_1_140' title='bbox 3175 732 3237 785; x_wconf 88' lang='grc' dir='ltr'><strong>τὸ</strong></span> <span class='ocrx_word' id='word_1_141' title='bbox 3273 734 3623 807; x_wconf 85' lang='grc' dir='ltr'>κατάλειμμα</span> <span class='ocrx_word' id='word_1_142' title='bbox 3675 739 3773 791; x_wconf 85' lang='grc' dir='ltr'><strong>τοῦ</strong></span> <span class='ocrx_word' id='word_1_143' title='bbox 3818 741 3909 792; x_wconf 75' lang='grc' dir='ltr'><strong>Ἰοο</strong></span> 
     </span>
    </p>
   </div>
   <div class='ocr_carea' id='block_1_22' title="bbox 2321 820 3910 901">
    <p class='ocr_par' dir='ltr' id='par_1_22' title="bbox 2321 820 3910 901">
     <span class='ocr_line' id='line_1_22' title="bbox 2321 820 3910 901; baseline 0.009 -30"><span class='ocrx_word' id='word_1_144' title='bbox 2321 821 2480 891; x_wconf 87' lang='grc' dir='ltr'>ραήλ.</span> <span class='ocrx_word' id='word_1_145' title='bbox 2535 842 2554 871; x_wconf 86' lang='grc'><strong>‹</strong></span> <span class='ocrx_word' id='word_1_146' title='bbox 2595 820 2805 875; x_wconf 76' lang='grc' dir='ltr'>Οὐκοῦν</span> <span class='ocrx_word' id='word_1_147' title='bbox 2855 824 2915 876; x_wconf 83' lang='grc' dir='ltr'><strong>ού</strong></span> <span class='ocrx_word' id='word_1_148' title='bbox 2956 824 3030 895; x_wconf 86' lang='grc' dir='ltr'><strong>μὴ</strong></span> <span class='ocrx_word' id='word_1_149' title='bbox 3067 824 3320 879; x_wconf 75' lang='grc' dir='ltr'><strong>ἀπολέσω</strong></span> <span class='ocrx_word' id='word_1_150' title='bbox 3382 829 3612 893; x_wconf 82' lang='grc' dir='ltr'><strong>πάντας,</strong></span> <span class='ocrx_word' id='word_1_151' title='bbox 3656 850 3675 881; x_wconf 76' lang='grc' dir='ltr'><strong>ι</strong></span> <span class='ocrx_word' id='word_1_152' title='bbox 3727 835 3910 901; x_wconf 78' lang='grc' dir='ltr'>φησὶν,</span> 
     </span>
    </p>
   </div>
   <div class='ocr_carea' id='block_1_23' title="bbox 2324 910 3908 989">
    <p class='ocr_par' dir='ltr' id='par_1_23' title="bbox 2324 910 3908 989">
     <span class='ocr_line' id='line_1_23' title="bbox 2324 910 3908 989; baseline 0.008 -26"><span class='ocrx_word' id='word_1_153' title='bbox 2324 930 2343 961; x_wconf 78' lang='grc' dir='ltr'><strong>ι</strong></span> <span class='ocrx_word' id='word_1_154' title='bbox 2374 910 2488 964; x_wconf 82' lang='grc' dir='ltr'>ἀλλ’</span> <span class='ocrx_word' id='word_1_155' title='bbox 2518 911 2696 984; x_wconf 82' lang='grc' dir='ltr'>ἐξαρῶ</span> <span class='ocrx_word' id='word_1_156' title='bbox 2727 914 2788 966; x_wconf 82' lang='grc' dir='ltr'>τὸ</span> <span class='ocrx_word' id='word_1_157' title='bbox 2816 913 2873 979; x_wconf 80' lang='grc' dir='ltr'>ἐξ</span> <span class='ocrx_word' id='word_1_158' title='bbox 2912 914 3106 968; x_wconf 81' lang='grc' dir='ltr'>Ἰακὼϐ</span> <span class='ocrx_word' id='word_1_159' title='bbox 3132 917 3373 989; x_wconf 83' lang='grc' dir='ltr'>σπέρμα,</span> <span class='ocrx_word' id='word_1_160' title='bbox 3396 920 3490 973; x_wconf 71' lang='grc' dir='ltr'><strong>καὶ</strong></span> <span class='ocrx_word' id='word_1_161' title='bbox 3510 922 3569 973; x_wconf 84' lang='grc' dir='ltr'><strong>τὸ</strong></span> <span class='ocrx_word' id='word_1_162' title='bbox 3592 921 3654 985; x_wconf 80' lang='grc' dir='ltr'><strong>ἐξ</strong></span> <span class='ocrx_word' id='word_1_163' title='bbox 3681 923 3908 976; x_wconf 78' lang='grc' dir='ltr'>Ἰούδα.»</span> 
     </span>
    </p>
   </div>
   <div class='ocr_carea' id='block_1_24' title="bbox 2317 1003 3915 1077">
    <p class='ocr_par' dir='ltr' id='par_1_24' title="bbox 2317 1003 3915 1077">
     <span class='ocr_line' id='line_1_24' title="bbox 2317 1003 3915 1077; baseline 0.008 -22"><span class='ocrx_word' id='word_1_164' title='bbox 2317 1003 2390 1055; x_wconf 87' lang='grc' dir='ltr'>Τὸ</span> <span class='ocrx_word' id='word_1_165' title='bbox 2422 1003 2478 1056; x_wconf 86' lang='grc' dir='ltr'>δὲ</span> <span class='ocrx_word' id='word_1_166' title='bbox 2510 1021 2529 1055; x_wconf 77' lang='lat' dir='ltr'><strong>t</strong></span> <span class='ocrx_word' id='word_1_167' title='bbox 2582 1004 2784 1077; x_wconf 79' lang='grc' dir='ltr'>ὲξαρῶ,</span> <span class='ocrx_word' id='word_1_168' title='bbox 2825 1025 2842 1056; x_wconf 73' lang='grc' dir='ltr'><strong>ι</strong></span> <span class='ocrx_word' id='word_1_169' title='bbox 2893 1008 3149 1077; x_wconf 85' lang='grc' dir='ltr'>συνήσεις</span> <span class='ocrx_word' id='word_1_170' title='bbox 3182 1008 3439 1074; x_wconf 77' lang='grc' dir='ltr'>ἐνταῦθα,</span> <span class='ocrx_word' id='word_1_171' title='bbox 3462 1011 3523 1063; x_wconf 87' lang='grc' dir='ltr'><strong>ού</strong></span> <span class='ocrx_word' id='word_1_172' title='bbox 3548 1012 3609 1065; x_wconf 84' lang='grc' dir='ltr'>τὺ</span> <span class='ocrx_word' id='word_1_173' title='bbox 3660 1014 3915 1069; x_wconf 81' lang='grc' dir='ltr'>ἀπολέσω</span> 
     </span>
    </p>
   </div>
   <div class='ocr_carea' id='block_1_25' title="bbox 2320 1094 3911 1175">
    <p class='ocr_par' dir='ltr' id='par_1_25' title="bbox 2320 1094 3911 1175">
     <span class='ocr_line' id='line_1_25' title="bbox 2320 1094 3911 1175; baseline 0.006 -26"><span class='ocrx_word' id='word_1_174' title='bbox 2320 1094 2541 1165; x_wconf 81' lang='grc' dir='ltr'>μᾶλλον,</span> <span class='ocrx_word' id='word_1_175' title='bbox 2570 1095 2773 1165; x_wconf 76' lang='grc' dir='ltr'>ὑψηλὸν</span> <span class='ocrx_word' id='word_1_176' title='bbox 2806 1096 2863 1149; x_wconf 83' lang='grc' dir='ltr'><strong>δὲ</strong></span> <span class='ocrx_word' id='word_1_177' title='bbox 2899 1099 2993 1151; x_wconf 79' lang='grc' dir='ltr'><strong>καὶ</strong></span> <span class='ocrx_word' id='word_1_178' title='bbox 3020 1099 3361 1153; x_wconf 79' lang='grc' dir='ltr'>ἁπόϐλεπτον</span> <span class='ocrx_word' id='word_1_179' title='bbox 3380 1102 3646 1171; x_wconf 83' lang='grc' dir='ltr'>ἀποφανῶ</span> <span class='ocrx_word' id='word_1_180' title='bbox 3667 1122 3683 1134; x_wconf 89' lang='grc'><strong>·</strong></span> <span class='ocrx_word' id='word_1_181' title='bbox 3720 1102 3785 1156; x_wconf 82' lang='grc' dir='ltr'>τὸ</span> <span class='ocrx_word' id='word_1_182' title='bbox 3809 1107 3911 1175; x_wconf 72' lang='grc' dir='ltr'><strong>γὰρ</strong></span> 
     </span>
    </p>
   </div>
   <div class='ocr_carea' id='block_1_26' title="bbox 2316 1185 3908 1263">
    <p class='ocr_par' dir='ltr' id='par_1_26' title="bbox 2316 1185 3908 1263">
     <span class='ocr_line' id='line_1_26' title="bbox 2316 1185 3908 1263; baseline 0.009 -26"><span class='ocrx_word' id='word_1_183' title='bbox 2316 1186 2551 1257; x_wconf 75' lang='grc' dir='ltr'>ἐξαίρειν</span> <span class='ocrx_word' id='word_1_184' title='bbox 2573 1185 2685 1240; x_wconf 75' lang='grc' dir='ltr'>ἔσθ’</span> <span class='ocrx_word' id='word_1_185' title='bbox 2708 1188 2795 1241; x_wconf 79' lang='grc' dir='ltr'><strong>ὅτε</strong></span> <span class='ocrx_word' id='word_1_186' title='bbox 2826 1189 2887 1242; x_wconf 83' lang='grc' dir='ltr'><strong>τὸ</strong></span> <span class='ocrx_word' id='word_1_187' title='bbox 2916 1189 3082 1258; x_wconf 73' lang='grc' dir='ltr'>ὑψοῦν</span> <span class='ocrx_word' id='word_1_188' title='bbox 3117 1192 3253 1246; x_wconf 79' lang='grc' dir='ltr'>ἐστι.</span> <span class='ocrx_word' id='word_1_189' title='bbox 3286 1193 3545 1261; x_wconf 75' lang='grc' dir='ltr'><strong>Γεγόνασι</strong></span> <span class='ocrx_word' id='word_1_190' title='bbox 3564 1195 3623 1248; x_wconf 78' lang='grc' dir='ltr'>δὲ</span> <span class='ocrx_word' id='word_1_191' title='bbox 3647 1196 3908 1263; x_wconf 78' lang='grc' dir='ltr'>τοιοῦτοι,</span> 
     </span>
    </p>
   </div>
   <div class='ocr_carea' id='block_1_27' title="bbox 2316 1277 3912 1359">
    <p class='ocr_par' dir='ltr' id='par_1_27' title="bbox 2316 1277 3912 1359">
     <span class='ocr_line' id='line_1_27' title="bbox 2316 1277 3912 1359; baseline 0.009 -30"><span class='ocrx_word' id='word_1_192' title='bbox 2316 1277 2455 1330; x_wconf 85' lang='grc' dir='ltr'><strong>κατά</strong></span> <span class='ocrx_word' id='word_1_193' title='bbox 2494 1294 2556 1345; x_wconf 87' lang='grc' dir='ltr'><strong>γε</strong></span> <span class='ocrx_word' id='word_1_194' title='bbox 2589 1279 2731 1348; x_wconf 72' lang='grc' dir='ltr'>φημὶ</span> <span class='ocrx_word' id='word_1_195' title='bbox 2747 1279 2844 1349; x_wconf 82' lang='grc' dir='ltr'><strong>τὴν</strong></span> <span class='ocrx_word' id='word_1_196' title='bbox 2872 1280 3054 1347; x_wconf 86' lang='grc' dir='ltr'>δόξαν,</span> <span class='ocrx_word' id='word_1_197' title='bbox 3083 1284 3130 1334; x_wconf 76' lang='lat' dir='ltr'><strong>ei</strong></span> <span class='ocrx_word' id='word_1_198' title='bbox 3158 1281 3432 1339; x_wconf 84' lang='grc' dir='ltr'>θεσπέσιοι</span> <span class='ocrx_word' id='word_1_199' title='bbox 3454 1286 3695 1357; x_wconf 72' lang='grc' dir='ltr'>μαθηταὶ</span> <span class='ocrx_word' id='word_1_200' title='bbox 3718 1290 3912 1359; x_wconf 60' lang='grc' dir='ltr'>ὑψηλοὶ</span> 
     </span>
    </p>
   </div>
   <div class='ocr_carea' id='block_1_28' title="bbox 2314 1369 3908 1451">
    <p class='ocr_par' dir='ltr' id='par_1_28' title="bbox 2314 1369 3908 1451">
     <span class='ocr_line' id='line_1_28' title="bbox 2314 1369 3908 1451; baseline 0.008 -28"><span class='ocrx_word' id='word_1_201' title='bbox 2314 1371 2408 1423; x_wconf 69' lang='grc' dir='ltr'><strong>καὶ</strong></span> <span class='ocrx_word' id='word_1_202' title='bbox 2440 1369 2722 1439; x_wconf 84' lang='grc' dir='ltr'>περίοπτοι</span> <span class='ocrx_word' id='word_1_203' title='bbox 2754 1372 2867 1434; x_wconf 85' lang='grc' dir='ltr'>τοῖς</span> <span class='ocrx_word' id='word_1_204' title='bbox 2892 1373 3227 1444; x_wconf 74' lang='grc' dir='ltr'><strong>ἁπανταχοῦ,</strong></span> <span class='ocrx_word' id='word_1_205' title='bbox 3262 1377 3356 1429; x_wconf 80' lang='grc' dir='ltr'><strong>καὶ</strong></span> <span class='ocrx_word' id='word_1_206' title='bbox 3388 1371 3476 1429; x_wconf 75' lang='grc' dir='ltr'>οἷα</span> <span class='ocrx_word' id='word_1_207' title='bbox 3517 1379 3675 1441; x_wconf 82' lang='grc' dir='ltr'>πόλις</span> <span class='ocrx_word' id='word_1_208' title='bbox 3711 1382 3772 1433; x_wconf 77' lang='grc' dir='ltr'><strong>ἐν</strong></span> <span class='ocrx_word' id='word_1_209' title='bbox 3798 1383 3908 1451; x_wconf 75' lang='grc' dir='ltr'>ὄρει</span> 
     </span>
    </p>
   </div>
   <div class='ocr_carea' id='block_1_29' title="bbox 2313 1460 3908 1541">
    <p class='ocr_par' dir='ltr' id='par_1_29' title="bbox 2313 1460 3908 1541">
     <span class='ocr_line' id='line_1_29' title="bbox 2313 1460 3908 1541; baseline 0.008 -29"><span class='ocrx_word' id='word_1_210' title='bbox 2313 1477 2398 1513; x_wconf 85' lang='grc' dir='ltr'><strong>κει</strong></span> <span class='ocrx_word' id='word_1_211' title='bbox 2407 1460 2565 1530; x_wconf 72' lang='grc' dir='ltr'>μένῃ,</span> <span class='ocrx_word' id='word_1_212' title='bbox 2590 1463 2684 1515; x_wconf 77' lang='grc' dir='ltr'><strong>καὶ</strong></span> <span class='ocrx_word' id='word_1_213' title='bbox 2704 1461 2893 1532; x_wconf 82' lang='grc' dir='ltr'><strong>λύχνος</strong></span> <span class='ocrx_word' id='word_1_214' title='bbox 2915 1464 3008 1517; x_wconf 69' lang='grc' dir='ltr'><strong>ἐπὶ</strong></span> <span class='ocrx_word' id='word_1_215' title='bbox 3026 1465 3246 1537; x_wconf 77' lang='grc' dir='ltr'>λυχνίαν</span> <span class='ocrx_word' id='word_1_216' title='bbox 3287 1468 3554 1538; x_wconf 81' lang='grc' dir='ltr'>κείμενος,</span> <span class='ocrx_word' id='word_1_217' title='bbox 3577 1472 3674 1523; x_wconf 75' lang='grc' dir='ltr'>καὶ</span> <span class='ocrx_word' id='word_1_218' title='bbox 3701 1476 3908 1541; x_wconf 83' lang='grc' dir='ltr'>φαίνων</span> 
     </span>
    </p>
   </div>
   <div class='ocr_carea' id='block_1_30' title="bbox 2329 1552 3908 1634">
    <p class='ocr_par' dir='ltr' id='par_1_30' title="bbox 2329 1552 3908 1634">
     <span class='ocr_line' id='line_1_30' title="bbox 2329 1552 3908 1634; baseline 0.009 -33"><span class='ocrx_word' id='word_1_219' title='bbox 2329 1552 2461 1602; x_wconf 83' lang='grc' dir='ltr'>πᾶσι</span> <span class='ocrx_word' id='word_1_220' title='bbox 2488 1553 2595 1613; x_wconf 82' lang='grc' dir='ltr'>τοῖς</span> <span class='ocrx_word' id='word_1_221' title='bbox 2633 1552 2691 1603; x_wconf 84' lang='grc' dir='ltr'>ἐν</span> <span class='ocrx_word' id='word_1_222' title='bbox 2717 1555 2780 1623; x_wconf 82' lang='grc' dir='ltr'>τῇ</span> <span class='ocrx_word' id='word_1_223' title='bbox 2808 1553 2955 1625; x_wconf 76' lang='grc' dir='ltr'>οἰκίᾳ</span> <span class='ocrx_word' id='word_1_224' title='bbox 2997 1556 3137 1608; x_wconf 76' lang='grc' dir='ltr'>κατὰ</span> <span class='ocrx_word' id='word_1_225' title='bbox 3170 1556 3270 1627; x_wconf 80' lang='grc' dir='ltr'><strong>τὴν</strong></span> <span class='ocrx_word' id='word_1_226' title='bbox 3314 1557 3480 1611; x_wconf 82' lang='grc' dir='ltr'>αὐτοῦ</span> <span class='ocrx_word' id='word_1_227' title='bbox 3508 1560 3603 1612; x_wconf 86' lang='grc' dir='ltr'><strong>τοῦ</strong></span> <span class='ocrx_word' id='word_1_228' title='bbox 3654 1562 3908 1634; x_wconf 68' lang='grc' dir='ltr'>Σωτῆρος</span> 
     </span>
    </p>
   </div>
   <div class='ocr_carea' id='block_1_31' title="bbox 2312 1640 3909 1718">
    <p class='ocr_par' dir='ltr' id='par_1_31' title="bbox 2312 1640 3909 1718">
     <span class='ocr_line' id='line_1_31' title="bbox 2312 1640 3909 1718; baseline 0.01 -27"><span class='ocrx_word' id='word_1_229' title='bbox 2312 1643 2515 1711; x_wconf 78' lang='grc' dir='ltr'>φωνήν.</span> <span class='ocrx_word' id='word_1_230' title='bbox 2548 1642 2720 1695; x_wconf 85' lang='grc' dir='ltr'>Τοῦτο</span> <span class='ocrx_word' id='word_1_231' title='bbox 2759 1642 2824 1713; x_wconf 79' lang='grc' dir='ltr'>δὴ</span> <span class='ocrx_word' id='word_1_232' title='bbox 2870 1640 2963 1696; x_wconf 83' lang='grc' dir='ltr'>οὖν</span> <span class='ocrx_word' id='word_1_233' title='bbox 3013 1646 3074 1698; x_wconf 86' lang='grc' dir='ltr'>τὸ</span> <span class='ocrx_word' id='word_1_234' title='bbox 3117 1647 3176 1710; x_wconf 78' lang='grc' dir='ltr'>ἐξ</span> <span class='ocrx_word' id='word_1_235' title='bbox 3242 1647 3466 1713; x_wconf 77' lang='grc' dir='ltr'>Ἰακὼϐ,</span> <span class='ocrx_word' id='word_1_236' title='bbox 3505 1653 3598 1703; x_wconf 78' lang='grc' dir='ltr'><strong>καὶ</strong></span> <span class='ocrx_word' id='word_1_237' title='bbox 3628 1653 3687 1718; x_wconf 78' lang='grc' dir='ltr'>ἐξ</span> <span class='ocrx_word' id='word_1_238' title='bbox 3740 1654 3909 1707; x_wconf 77' lang='grc' dir='ltr'>Ἰούδα</span> 
     </span>
    </p>
   </div>
   <div class='ocr_carea' id='block_1_32' title="bbox 2312 1732 3907 1814">
    <p class='ocr_par' dir='ltr' id='par_1_32' title="bbox 2312 1732 3907 1814">
     <span class='ocr_line' id='line_1_32' title="bbox 2312 1732 3907 1814; baseline 0.009 -32"><span class='ocrx_word' id='word_1_239' title='bbox 2312 1732 2562 1802; x_wconf 76' lang='grc' dir='ltr'>σπέρμαο</span> <span class='ocrx_word' id='word_1_240' title='bbox 2602 1752 2620 1784; x_wconf 74' lang='grc' dir='ltr'><strong>ι</strong></span> <span class='ocrx_word' id='word_1_241' title='bbox 2663 1733 3100 1807; x_wconf 71' lang='grc' dir='ltr'>κληρονομήσει,</span> <span class='ocrx_word' id='word_1_242' title='bbox 3134 1758 3151 1789; x_wconf 76' lang='grc' dir='ltr'><strong>ι</strong></span> <span class='ocrx_word' id='word_1_243' title='bbox 3192 1740 3347 1809; x_wconf 76' lang='grc' dir='ltr'>φησὶ,</span> <span class='ocrx_word' id='word_1_244' title='bbox 3382 1758 3401 1791; x_wconf 76' lang='lat' dir='ltr'><strong>t</strong></span> <span class='ocrx_word' id='word_1_245' title='bbox 3432 1740 3494 1794; x_wconf 83' lang='grc' dir='ltr'>τὸ</span> <span class='ocrx_word' id='word_1_246' title='bbox 3514 1742 3640 1814; x_wconf 78' lang='grc' dir='ltr'>ὄρος</span> <span class='ocrx_word' id='word_1_247' title='bbox 3671 1744 3738 1796; x_wconf 74' lang='grc' dir='ltr'><strong>τὸ</strong></span> <span class='ocrx_word' id='word_1_248' title='bbox 3754 1745 3907 1812; x_wconf 75' lang='grc' dir='ltr'>ἅγιόν</span> 
     </span>
    </p>
   </div>
   <div class='ocr_carea' id='block_1_33' title="bbox 2312 1824 3908 1907">
    <p class='ocr_par' dir='ltr' id='par_1_33' title="bbox 2312 1824 3908 1907">
     <span class='ocr_line' id='line_1_33' title="bbox 2312 1824 3908 1907; baseline 0.009 -33"><span class='ocrx_word' id='word_1_249' title='bbox 2312 1840 2416 1891; x_wconf 90' lang='grc' dir='ltr'><strong>μου</strong></span> <span class='ocrx_word' id='word_1_250' title='bbox 2443 1839 2457 1851; x_wconf 74' lang='grc' dir='ltr'><strong>ο</strong></span> <span class='ocrx_word' id='word_1_251' title='bbox 2502 1843 2519 1874; x_wconf 73' lang='grc' dir='ltr'><strong>ι</strong></span> <span class='ocrx_word' id='word_1_252' title='bbox 2551 1824 2709 1896; x_wconf 82' lang='grc' dir='ltr'>δῆλον</span> <span class='ocrx_word' id='word_1_253' title='bbox 2748 1826 2803 1879; x_wconf 83' lang='grc' dir='ltr'>δὲ</span> <span class='ocrx_word' id='word_1_254' title='bbox 2832 1828 2914 1880; x_wconf 83' lang='grc' dir='ltr'>ὅτι</span> <span class='ocrx_word' id='word_1_255' title='bbox 2955 1829 3055 1898; x_wconf 79' lang='grc' dir='ltr'><strong>τὴν</strong></span> <span class='ocrx_word' id='word_1_256' title='bbox 3101 1830 3449 1902; x_wconf 83' lang='grc' dir='ltr'>Ἐκκλησίαν.</span> <span class='ocrx_word' id='word_1_257' title='bbox 3485 1833 3644 1887; x_wconf 88' lang='grc' dir='ltr'>Οῦτω</span> <span class='ocrx_word' id='word_1_258' title='bbox 3665 1835 3780 1907; x_wconf 83' lang='grc' dir='ltr'>γὰρ</span> <span class='ocrx_word' id='word_1_259' title='bbox 3812 1838 3908 1888; x_wconf 71' lang='grc' dir='ltr'><strong>αὑ-</strong></span> 
     </span>
    </p>
   </div>
   <div class='ocr_carea' id='block_1_34' title="bbox 626 1912 2194 1997">
    <p class='ocr_par' dir='ltr' id='par_1_34' title="bbox 626 1912 2194 1995">
     <span class='ocr_line' id='line_1_34' title="bbox 626 1912 2194 1995; baseline 0.01 -30"><span class='ocrx_word' id='word_1_260' title='bbox 626 1912 993 1980; x_wconf 89' lang='lat' dir='ltr'><strong>pientissimus</strong></span> <span class='ocrx_word' id='word_1_261' title='bbox 1022 1918 1186 1973; x_wconf 84' lang='lat' dir='ltr'><strong>Isaias</strong></span> <span class='ocrx_word' id='word_1_262' title='bbox 1210 1961 1225 1986; x_wconf 91' lang='lat'><strong>,</strong></span> <span class='ocrx_word' id='word_1_263' title='bbox 1258 1919 1485 1989; x_wconf 87' lang='lat' dir='ltr'><strong>loquens</strong></span> <span class='ocrx_word' id='word_1_264' title='bbox 1523 1923 1589 1977; x_wconf 89' lang='lat' dir='ltr'><strong>de</strong></span> <span class='ocrx_word' id='word_1_265' title='bbox 1639 1926 1843 1980; x_wconf 85' lang='lat' dir='ltr'><strong>vocatis</strong></span> <span class='ocrx_word' id='word_1_266' title='bbox 1896 1941 1990 1995; x_wconf 90' lang='lat' dir='ltr'><strong>per</strong></span> <span class='ocrx_word' id='word_1_267' title='bbox 2052 1927 2194 1980; x_wconf 78' lang='lat' dir='ltr'><strong>iidcn&#39;</strong></span> 
     </span>
    </p>
   </div>
   <div class='ocr_carea' id='block_1_35' title="bbox 2298 1912 3907 1997">
    <p class='ocr_par' dir='ltr' id='par_1_35' title="bbox 2313 1913 3907 1997">
     <span class='ocr_line' id='line_1_35' title="bbox 2313 1913 3907 1997; baseline 0.012 -32"><span class='ocrx_word' id='word_1_268' title='bbox 2313 1913 2412 1986; x_wconf 78' lang='grc' dir='ltr'>τὴν</span> <span class='ocrx_word' id='word_1_269' title='bbox 2460 1917 2551 1969; x_wconf 72' lang='grc' dir='ltr'>καὶ</span> <span class='ocrx_word' id='word_1_270' title='bbox 2583 1918 2810 1989; x_wconf 79' lang='grc' dir='ltr'>ἑτέρωθί</span> <span class='ocrx_word' id='word_1_271' title='bbox 2872 1937 2974 1973; x_wconf 88' lang='grc' dir='ltr'><strong>που</strong></span> <span class='ocrx_word' id='word_1_272' title='bbox 3025 1923 3423 1994; x_wconf 83' lang='grc' dir='ltr'>κατασημαίνει</span> <span class='ocrx_word' id='word_1_273' title='bbox 3472 1925 3649 1997; x_wconf 81' lang='grc' dir='ltr'>λέγων</span> <span class='ocrx_word' id='word_1_274' title='bbox 3687 1930 3851 1993; x_wconf 74' lang='grc' dir='ltr'>αὐτὸς</span> <span class='ocrx_word' id='word_1_275' title='bbox 3879 1934 3907 1985; x_wconf 80' lang='grc' dir='ltr'>ὁ</span> 
     </span>
    </p>
   </div>
   <div class='ocr_carea' id='block_1_36' title="bbox 628 2003 2202 2088">
    <p class='ocr_par' dir='ltr' id='par_1_36' title="bbox 628 2003 2202 2088">
     <span class='ocr_line' id='line_1_36' title="bbox 628 2003 2202 2088; baseline 0.01 -31"><span class='ocrx_word' id='word_1_276' title='bbox 628 2004 680 2057; x_wconf 92' lang='lat' dir='ltr'><strong>in</strong></span> <span class='ocrx_word' id='word_1_277' title='bbox 726 2003 941 2062; x_wconf 88' lang='lat' dir='ltr'><strong>Christo</strong></span> <span class='ocrx_word' id='word_1_278' title='bbox 972 2010 1036 2063; x_wconf 90' lang='lat' dir='ltr'><strong>ad</strong></span> <span class='ocrx_word' id='word_1_279' title='bbox 1071 2010 1264 2067; x_wconf 67' lang='lat' dir='ltr'><strong>divinae</strong></span> <span class='ocrx_word' id='word_1_280' title='bbox 1320 2013 1437 2083; x_wconf 86' lang='lat' dir='ltr'><strong>ejus</strong></span> <span class='ocrx_word' id='word_1_281' title='bbox 1468 2026 1673 2070; x_wconf 67' lang='lat' dir='ltr'><strong>naturae</strong></span> <span class='ocrx_word' id='word_1_282' title='bbox 1738 2019 2202 2088; x_wconf 84' lang='lat' dir='ltr'><strong>participationem</strong></span> 
     </span>
    </p>
   </div>
   <div class='ocr_carea' id='block_1_37' title="bbox 624 2092 2204 2177">
    <p class='ocr_par' dir='ltr' id='par_1_37' title="bbox 624 2092 2204 2177">
     <span class='ocr_line' id='line_1_37' title="bbox 624 2092 2204 2177; baseline 0.012 -29"><span class='ocrx_word' id='word_1_283' title='bbox 624 2092 739 2150; x_wconf 82' lang='lat' dir='ltr'><strong>sive</strong></span> <span class='ocrx_word' id='word_1_284' title='bbox 793 2101 1270 2157; x_wconf 89' lang='lat' dir='ltr'><strong>communionem:</strong></span> <span class='ocrx_word' id='word_1_285' title='bbox 1326 2124 1344 2157; x_wconf 74' lang='grc' dir='ltr'><strong>ι</strong></span> <span class='ocrx_word' id='word_1_286' title='bbox 1382 2105 1520 2172; x_wconf 85' lang='lat' dir='ltr'><strong>Quia</strong></span> <span class='ocrx_word' id='word_1_287' title='bbox 1578 2108 1765 2162; x_wconf 91' lang='lat' dir='ltr'><strong>bibent</strong></span> <span class='ocrx_word' id='word_1_288' title='bbox 1832 2109 2094 2177; x_wconf 81' lang='lat' dir='ltr'><strong>laetitiam,</strong></span> <span class='ocrx_word' id='word_1_289' title='bbox 2150 2120 2204 2167; x_wconf 90' lang='lat' dir='ltr'><strong>et</strong></span> 
     </span>
    </p>
   </div>
   <div class='ocr_carea' id='block_1_38' title="bbox 625 2186 2196 2267">
    <p class='ocr_par' dir='ltr' id='par_1_38' title="bbox 625 2186 2196 2267">
     <span class='ocr_line' id='line_1_38' title="bbox 625 2186 2196 2267; baseline 0.01 -27"><span class='ocrx_word' id='word_1_290' title='bbox 625 2186 815 2242; x_wconf 87' lang='lat' dir='ltr'><strong>bibent</strong></span> <span class='ocrx_word' id='word_1_291' title='bbox 858 2191 1063 2255; x_wconf 90' lang='lat' dir='ltr'><strong>vinum,</strong></span> <span class='ocrx_word' id='word_1_292' title='bbox 1119 2204 1319 2265; x_wconf 87' lang='lat' dir='ltr'><strong>ungcnt</strong></span> <span class='ocrx_word' id='word_1_293' title='bbox 1369 2206 1638 2267; x_wconf 86' lang='lat' dir='ltr'><strong>unguento</strong></span> <span class='ocrx_word' id='word_1_294' title='bbox 1672 2198 1724 2253; x_wconf 90' lang='lat' dir='ltr'><strong>in</strong></span> <span class='ocrx_word' id='word_1_295' title='bbox 1774 2209 1955 2254; x_wconf 88' lang='lat' dir='ltr'><strong>monte</strong></span> <span class='ocrx_word' id='word_1_296' title='bbox 2015 2201 2137 2256; x_wconf 90' lang='lat' dir='ltr'><strong>isto.</strong></span> <span class='ocrx_word' id='word_1_297' title='bbox 2176 2222 2196 2255; x_wconf 76' lang='grc' dir='ltr'><strong>ι</strong></span> 
     </span>
    </p>
   </div>
   <div class='ocr_carea' id='block_1_39' title="bbox 623 2278 2199 2358">
    <p class='ocr_par' dir='ltr' id='par_1_39' title="bbox 623 2278 2199 2358">
     <span class='ocr_line' id='line_1_39' title="bbox 623 2278 2199 2358; baseline 0.01 -23"><span class='ocrx_word' id='word_1_298' title='bbox 623 2278 800 2335; x_wconf 81' lang='lat' dir='ltr'><strong>Trade</strong></span> <span class='ocrx_word' id='word_1_299' title='bbox 825 2283 939 2339; x_wconf 63' lang='lat' dir='ltr'><strong>hcec</strong></span> <span class='ocrx_word' id='word_1_300' title='bbox 970 2287 1150 2340; x_wconf 89' lang='lat' dir='ltr'><strong>omnia</strong></span> <span class='ocrx_word' id='word_1_301' title='bbox 1176 2290 1443 2358; x_wconf 79' lang='lat' dir='ltr'><strong>gentibus.</strong></span> <span class='ocrx_word' id='word_1_302' title='bbox 1481 2291 1769 2347; x_wconf 85' lang='lat' dir='ltr'><strong>Decretum</strong></span> <span class='ocrx_word' id='word_1_303' title='bbox 1795 2294 1938 2347; x_wconf 91' lang='lat' dir='ltr'><strong>enim</strong></span> <span class='ocrx_word' id='word_1_304' title='bbox 1984 2295 2086 2351; x_wconf 90' lang='lat' dir='ltr'><strong>hoc</strong></span> <span class='ocrx_word' id='word_1_305' title='bbox 2133 2297 2199 2351; x_wconf 87' lang='lat' dir='ltr'><strong>ad</strong></span> 
     </span>
    </p>
   </div>
   <div class='ocr_carea' id='block_1_40' title="bbox 621 2378 2197 2454">
    <p class='ocr_par' dir='ltr' id='par_1_40' title="bbox 621 2378 2197 2454">
     <span class='ocr_line' id='line_1_40' title="bbox 621 2378 2197 2454; baseline 0.011 -31"><span class='ocrx_word' id='word_1_306' title='bbox 621 2384 812 2425; x_wconf 91' lang='lat' dir='ltr'><strong>omnes</strong></span> <span class='ocrx_word' id='word_1_307' title='bbox 836 2384 1024 2443; x_wconf 83' lang='lat' dir='ltr'><strong>gentes</strong></span> <span class='ocrx_word' id='word_1_308' title='bbox 1046 2378 1300 2445; x_wconf 89' lang='lat' dir='ltr'><strong>pertinet.</strong></span> <span class='ocrx_word' id='word_1_309' title='bbox 1340 2378 1395 2433; x_wconf 88' lang='lat' dir='ltr'><strong>lu</strong></span> <span class='ocrx_word' id='word_1_310' title='bbox 1428 2391 1612 2435; x_wconf 89' lang='lat' dir='ltr'><strong>monte</strong></span> <span class='ocrx_word' id='word_1_311' title='bbox 1644 2379 1806 2451; x_wconf 83' lang='lat' dir='ltr'><strong>igitur</strong></span> <span class='ocrx_word' id='word_1_312' title='bbox 1842 2382 1965 2446; x_wconf 84' lang='lat' dir='ltr'><strong>isto,</strong></span> <span class='ocrx_word' id='word_1_313' title='bbox 2000 2385 2197 2454; x_wconf 81' lang='lat' dir='ltr'><strong>inquit,</strong></span> 
     </span>
    </p>
   </div>
   <div class='ocr_carea' id='block_1_41' title="bbox 622 2460 2199 2534">
    <p class='ocr_par' dir='ltr' id='par_1_41' title="bbox 622 2460 2199 2534">
     <span class='ocr_line' id='line_1_41' title="bbox 622 2460 2199 2534; baseline 0.011 -22"><span class='ocrx_word' id='word_1_314' title='bbox 622 2460 910 2517; x_wconf 69' lang='lat' dir='ltr'><strong>haereditas</strong></span> <span class='ocrx_word' id='word_1_315' title='bbox 935 2464 1040 2517; x_wconf 90' lang='lat' dir='ltr'><strong>erit</strong></span> <span class='ocrx_word' id='word_1_316' title='bbox 1073 2466 1208 2520; x_wconf 85' lang='lat' dir='ltr'><strong>meis</strong></span> <span class='ocrx_word' id='word_1_317' title='bbox 1240 2466 1446 2534; x_wconf 89' lang='lat' dir='ltr'><strong>electis,</strong></span> <span class='ocrx_word' id='word_1_318' title='bbox 1479 2478 1534 2524; x_wconf 91' lang='lat' dir='ltr'><strong>et</strong></span> <span class='ocrx_word' id='word_1_319' title='bbox 1614 2471 1754 2525; x_wconf 90' lang='lat' dir='ltr'><strong>inter</strong></span> <span class='ocrx_word' id='word_1_320' title='bbox 1815 2473 1932 2528; x_wconf 87' lang='lat' dir='ltr'><strong>illos</strong></span> <span class='ocrx_word' id='word_1_321' title='bbox 1988 2474 2199 2529; x_wconf 87' lang='lat' dir='ltr'><strong>habita-</strong></span> 
     </span>
    </p>
   </div>
   <div class='ocr_carea' id='block_1_42' title="bbox 621 2550 2194 2635">
    <p class='ocr_par' dir='ltr' id='par_1_42' title="bbox 621 2550 2194 2635">
     <span class='ocr_line' id='line_1_42' title="bbox 621 2550 2194 2635; baseline 0.011 -31"><span class='ocrx_word' id='word_1_322' title='bbox 621 2550 756 2606; x_wconf 88' lang='lat' dir='ltr'><strong>bunt</strong></span> <span class='ocrx_word' id='word_1_323' title='bbox 784 2568 995 2620; x_wconf 90' lang='lat' dir='ltr'><strong>omnes,</strong></span> <span class='ocrx_word' id='word_1_324' title='bbox 1022 2558 1331 2629; x_wconf 90' lang='lat' dir='ltr'><strong>quicunque</strong></span> <span class='ocrx_word' id='word_1_325' title='bbox 1363 2562 1513 2631; x_wconf 76' lang='lat' dir='ltr'><strong>regni</strong></span> <span class='ocrx_word' id='word_1_326' title='bbox 1565 2563 1671 2617; x_wconf 90' lang='lat' dir='ltr'><strong>mei</strong></span> <span class='ocrx_word' id='word_1_327' title='bbox 1713 2564 1903 2635; x_wconf 86' lang='lat' dir='ltr'><strong>jugnm</strong></span> <span class='ocrx_word' id='word_1_328' title='bbox 1940 2568 2194 2621; x_wconf 77' lang='lat' dir='ltr'><strong>subeunt.</strong></span> 
     </span>
    </p>
   </div>
   <div class='ocr_carea' id='block_1_43' title="bbox 620 2638 2194 2721">
    <p class='ocr_par' dir='ltr' id='par_1_43' title="bbox 620 2638 2194 2721">
     <span class='ocr_line' id='line_1_43' title="bbox 620 2638 2194 2721; baseline 0.011 -28"><span class='ocrx_word' id='word_1_329' title='bbox 620 2638 765 2695; x_wconf 82' lang='lat' dir='ltr'><strong>Nihil</strong></span> <span class='ocrx_word' id='word_1_330' title='bbox 796 2644 1011 2699; x_wconf 88' lang='lat' dir='ltr'><strong>absurdi</strong></span> <span class='ocrx_word' id='word_1_331' title='bbox 1046 2648 1170 2712; x_wconf 91' lang='lat' dir='ltr'><strong>erit,</strong></span> <span class='ocrx_word' id='word_1_332' title='bbox 1215 2650 1259 2703; x_wconf 87' lang='lat' dir='ltr'><strong>si</strong></span> <span class='ocrx_word' id='word_1_333' title='bbox 1296 2649 1446 2705; x_wconf 88' lang='lat' dir='ltr'><strong>dicas</strong></span> <span class='ocrx_word' id='word_1_334' title='bbox 1529 2666 1839 2721; x_wconf 87' lang='lat' dir='ltr'><strong>supremam</strong></span> <span class='ocrx_word' id='word_1_335' title='bbox 1918 2657 2194 2711; x_wconf 89' lang='lat' dir='ltr'><strong>civitatem</strong></span> 
     </span>
    </p>
   </div>
   <div class='ocr_carea' id='block_1_44' title="bbox 620 2730 2195 2815">
    <p class='ocr_par' dir='ltr' id='par_1_44' title="bbox 620 2730 2195 2815">
     <span class='ocr_line' id='line_1_44' title="bbox 620 2730 2195 2815; baseline 0.01 -31"><span class='ocrx_word' id='word_1_336' title='bbox 620 2730 892 2787; x_wconf 76' lang='lat' dir='ltr'><strong>cmlestem</strong></span> <span class='ocrx_word' id='word_1_337' title='bbox 951 2732 1270 2802; x_wconf 80' lang='lat' dir='ltr'><strong>Jerusalem,</strong></span> <span class='ocrx_word' id='word_1_338' title='bbox 1334 2749 1573 2795; x_wconf 90' lang='lat' dir='ltr'><strong>montem</strong></span> <span class='ocrx_word' id='word_1_339' title='bbox 1658 2744 1926 2798; x_wconf 90' lang='lat' dir='ltr'><strong>nominari</strong></span> <span class='ocrx_word' id='word_1_340' title='bbox 1980 2745 2033 2799; x_wconf 92' lang='lat' dir='ltr'><strong>in</strong></span> <span class='ocrx_word' id='word_1_341' title='bbox 2088 2762 2195 2815; x_wconf 91' lang='lat' dir='ltr'><strong>quo</strong></span> 
     </span>
    </p>
   </div>
   <div class='ocr_carea' id='block_1_45' title="bbox 618 2828 2191 2902">
    <p class='ocr_par' dir='ltr' id='par_1_45' title="bbox 618 2828 2191 2902">
     <span class='ocr_line' id='line_1_45' title="bbox 618 2828 2191 2902; baseline 0.012 -29"><span class='ocrx_word' id='word_1_342' title='bbox 618 2831 929 2878; x_wconf 89' lang='lat' dir='ltr'><strong>sanctorum</strong></span> <span class='ocrx_word' id='word_1_343' title='bbox 969 2839 1089 2880; x_wconf 88' lang='lat' dir='ltr'><strong>sors</strong></span> <span class='ocrx_word' id='word_1_344' title='bbox 1130 2836 1211 2881; x_wconf 88' lang='lat' dir='ltr'><strong>est</strong></span> <span class='ocrx_word' id='word_1_345' title='bbox 1234 2828 1280 2859; x_wconf 81' lang='grc'><strong><em>⁸⁸</em></strong></span> <span class='ocrx_word' id='word_1_346' title='bbox 1303 2870 1319 2895; x_wconf 95' lang='grc'><strong>,</strong></span> <span class='ocrx_word' id='word_1_347' title='bbox 1352 2829 1458 2884; x_wconf 90' lang='lat' dir='ltr'><strong>Deo</strong></span> <span class='ocrx_word' id='word_1_348' title='bbox 1487 2831 1588 2886; x_wconf 90' lang='lat' dir='ltr'><strong>illis</strong></span> <span class='ocrx_word' id='word_1_349' title='bbox 1608 2832 1961 2891; x_wconf 89' lang='lat' dir='ltr'><strong>distribuente</strong></span> <span class='ocrx_word' id='word_1_350' title='bbox 2030 2840 2191 2902; x_wconf 90' lang='lat' dir='ltr'><strong>bona,</strong></span> 
     </span>
    </p>
   </div>
   <div class='ocr_carea' id='block_1_46' title="bbox 617 2922 2187 2997">
    <p class='ocr_par' dir='ltr' id='par_1_46' title="bbox 617 2922 2187 2997">
     <span class='ocr_line' id='line_1_46' title="bbox 617 2922 2187 2997; baseline 0.011 -34"><span class='ocrx_word' id='word_1_351' title='bbox 617 2927 737 2980; x_wconf 80' lang='lat' dir='ltr'><strong>quae</strong></span> <span class='ocrx_word' id='word_1_352' title='bbox 771 2928 869 2969; x_wconf 89' lang='lat' dir='ltr'><strong>nec</strong></span> <span class='ocrx_word' id='word_1_353' title='bbox 898 2931 1071 2982; x_wconf 91' lang='lat' dir='ltr'><strong>mens,</strong></span> <span class='ocrx_word' id='word_1_354' title='bbox 1096 2934 1196 2973; x_wconf 91' lang='lat' dir='ltr'><strong>nec</strong></span> <span class='ocrx_word' id='word_1_355' title='bbox 1232 2922 1407 2976; x_wconf 87' lang='lat' dir='ltr'><strong>oratio</strong></span> <span class='ocrx_word' id='word_1_356' title='bbox 1437 2932 1618 2993; x_wconf 89' lang='lat' dir='ltr'><strong>potest</strong></span> <span class='ocrx_word' id='word_1_357' title='bbox 1651 2941 1863 2997; x_wconf 85' lang='lat' dir='ltr'><strong>capere.</strong></span> <span class='ocrx_word' id='word_1_358' title='bbox 1895 2947 1913 2981; x_wconf 77' lang='grc' dir='ltr'><strong>ι</strong></span> <span class='ocrx_word' id='word_1_359' title='bbox 1941 2928 2140 2985; x_wconf 89' lang='lat' dir='ltr'><strong>Oculus</strong></span> <span class='ocrx_word' id='word_1_360' title='bbox 2168 2949 2187 2980; x_wconf 78' lang='grc' dir='ltr'><strong>ι</strong></span> 
     </span>
    </p>
   </div>
   <div class='ocr_carea' id='block_1_47' title="bbox 617 3004 2187 3091">
    <p class='ocr_par' dir='ltr' id='par_1_47' title="bbox 617 3004 2187 3091">
     <span class='ocr_line' id='line_1_47' title="bbox 617 3004 2187 3091; baseline 0.013 -36"><span class='ocrx_word' id='word_1_361' title='bbox 617 3004 781 3069; x_wconf 88' lang='lat' dir='ltr'><strong>enim,</strong></span> <span class='ocrx_word' id='word_1_362' title='bbox 818 3006 1010 3077; x_wconf 90' lang='lat' dir='ltr'><strong>inquit,</strong></span> <span class='ocrx_word' id='word_1_363' title='bbox 1046 3029 1065 3062; x_wconf 73' lang='grc' dir='ltr'><strong>ι</strong></span> <span class='ocrx_word' id='word_1_364' title='bbox 1110 3026 1213 3066; x_wconf 90' lang='lat' dir='ltr'><strong>non</strong></span> <span class='ocrx_word' id='word_1_365' title='bbox 1245 3014 1399 3082; x_wconf 89' lang='lat' dir='ltr'><strong>vidit,</strong></span> <span class='ocrx_word' id='word_1_366' title='bbox 1469 3026 1523 3073; x_wconf 90' lang='lat' dir='ltr'><strong>et</strong></span> <span class='ocrx_word' id='word_1_367' title='bbox 1580 3021 1731 3076; x_wconf 89' lang='lat' dir='ltr'><strong>auris</strong></span> <span class='ocrx_word' id='word_1_368' title='bbox 1793 3038 1898 3075; x_wconf 92' lang='lat' dir='ltr'><strong>non</strong></span> <span class='ocrx_word' id='word_1_369' title='bbox 1962 3025 2187 3091; x_wconf 88' lang='lat' dir='ltr'><strong>audivit,</strong></span> 
     </span>
    </p>
   </div>
   <div class='ocr_carea' id='block_1_48' title="bbox 2313 2010 3906 2093">
    <p class='ocr_par' dir='ltr' id='par_1_48' title="bbox 2313 2010 3906 2093">
     <span class='ocr_line' id='line_1_48' title="bbox 2313 2010 3906 2093; baseline 0.013 -35"><span class='ocrx_word' id='word_1_370' title='bbox 2313 2010 2587 2079; x_wconf 76' lang='grc' dir='ltr'>πάνσοφος</span> <span class='ocrx_word' id='word_1_371' title='bbox 2619 2010 2846 2075; x_wconf 79' lang='grc' dir='ltr'>Ἡσαΐας</span> <span class='ocrx_word' id='word_1_372' title='bbox 2875 2013 3002 2083; x_wconf 78' lang='grc' dir='ltr'>περὶ</span> <span class='ocrx_word' id='word_1_373' title='bbox 3027 2014 3135 2066; x_wconf 82' lang='grc' dir='ltr'>τῶν</span> <span class='ocrx_word' id='word_1_374' title='bbox 3170 2015 3259 2068; x_wconf 78' lang='grc' dir='ltr'>διὰ</span> <span class='ocrx_word' id='word_1_375' title='bbox 3283 2016 3517 2081; x_wconf 84' lang='grc' dir='ltr'>πίστεως</span> <span class='ocrx_word' id='word_1_376' title='bbox 3552 2019 3655 2091; x_wconf 78' lang='grc' dir='ltr'>τῆς</span> <span class='ocrx_word' id='word_1_377' title='bbox 3682 2024 3744 2074; x_wconf 85' lang='grc' dir='ltr'><strong>ὲν</strong></span> <span class='ocrx_word' id='word_1_378' title='bbox 3774 2023 3906 2093; x_wconf 76' lang='grc' dir='ltr'>Χρι-</span> 
     </span>
    </p>
   </div>
   <div class='ocr_carea' id='block_1_49' title="bbox 2311 2098 3902 2180">
    <p class='ocr_par' dir='ltr' id='par_1_49' title="bbox 2311 2098 3902 2180">
     <span class='ocr_line' id='line_1_49' title="bbox 2311 2098 3902 2180; baseline 0.011 -29"><span class='ocrx_word' id='word_1_379' title='bbox 2311 2098 2421 2169; x_wconf 83' lang='grc' dir='ltr'>στῷ</span> <span class='ocrx_word' id='word_1_380' title='bbox 2455 2101 2809 2172; x_wconf 81' lang='grc' dir='ltr'><strong>κεκλημένων</strong></span> <span class='ocrx_word' id='word_1_381' title='bbox 2852 2106 2932 2168; x_wconf 87' lang='grc' dir='ltr'><strong>είς</strong></span> <span class='ocrx_word' id='word_1_382' title='bbox 2959 2106 3192 2177; x_wconf 77' lang='grc' dir='ltr'><strong>μέθεξιν,</strong></span> <span class='ocrx_word' id='word_1_383' title='bbox 3230 2110 3394 2180; x_wconf 76' lang='grc' dir='ltr'>ἤγουν</span> <span class='ocrx_word' id='word_1_384' title='bbox 3455 2112 3551 2165; x_wconf 74' lang='grc' dir='ltr'>καὶ</span> <span class='ocrx_word' id='word_1_385' title='bbox 3606 2117 3902 2169; x_wconf 75' lang='grc' dir='ltr'>κοινωνίαν</span> 
     </span>
    </p>
   </div>
   <div class='ocr_carea' id='block_1_50' title="bbox 2308 2189 3901 2279">
    <p class='ocr_par' dir='ltr' id='par_1_50' title="bbox 2308 2189 3901 2279">
     <span class='ocr_line' id='line_1_50' title="bbox 2308 2189 3901 2279; baseline 0.01 -38"><span class='ocrx_word' id='word_1_386' title='bbox 2308 2189 2405 2259; x_wconf 84' lang='grc' dir='ltr'>τῆς</span> <span class='ocrx_word' id='word_1_387' title='bbox 2426 2191 2575 2255; x_wconf 79' lang='grc' dir='ltr'>θείας</span> <span class='ocrx_word' id='word_1_388' title='bbox 2597 2193 2761 2247; x_wconf 76' lang='grc' dir='ltr'>αὐτοῦ</span> <span class='ocrx_word' id='word_1_389' title='bbox 2785 2194 2998 2264; x_wconf 89' lang='grc' dir='ltr'>φύσεως</span> <span class='ocrx_word' id='word_1_390' title='bbox 3019 2215 3031 2227; x_wconf 89' lang='grc'><strong>·</strong></span> <span class='ocrx_word' id='word_1_391' title='bbox 3064 2217 3081 2249; x_wconf 84' lang='grc' dir='ltr'><strong>ι</strong></span> <span class='ocrx_word' id='word_1_392' title='bbox 3138 2200 3258 2253; x_wconf 81' lang='grc' dir='ltr'>Ὅτι</span> <span class='ocrx_word' id='word_1_393' title='bbox 3284 2202 3512 2257; x_wconf 88' lang='grc' dir='ltr'>πίωνται</span> <span class='ocrx_word' id='word_1_394' title='bbox 3530 2206 3901 2279; x_wconf 72' lang='grc' dir='ltr'>εὐφροσύνην,</span> 
     </span>
    </p>
   </div>
   <div class='ocr_carea' id='block_1_51' title="bbox 2307 2279 3896 2369">
    <p class='ocr_par' dir='ltr' id='par_1_51' title="bbox 2307 2279 3896 2369">
     <span class='ocr_line' id='line_1_51' title="bbox 2307 2279 3896 2369; baseline 0.012 -36"><span class='ocrx_word' id='word_1_395' title='bbox 2307 2283 2403 2333; x_wconf 70' lang='grc' dir='ltr'><strong>καὶ</strong></span> <span class='ocrx_word' id='word_1_396' title='bbox 2422 2281 2653 2336; x_wconf 85' lang='grc' dir='ltr'>πίωνται</span> <span class='ocrx_word' id='word_1_397' title='bbox 2674 2279 2838 2351; x_wconf 79' lang='grc' dir='ltr'>οἶνον,</span> <span class='ocrx_word' id='word_1_398' title='bbox 2859 2286 3137 2357; x_wconf 82' lang='grc' dir='ltr'>χρίσονται</span> <span class='ocrx_word' id='word_1_399' title='bbox 3160 2290 3331 2363; x_wconf 89' lang='grc' dir='ltr'>μύρον</span> <span class='ocrx_word' id='word_1_400' title='bbox 3352 2295 3408 2347; x_wconf 81' lang='grc' dir='ltr'>ἐν</span> <span class='ocrx_word' id='word_1_401' title='bbox 3436 2294 3514 2363; x_wconf 82' lang='grc' dir='ltr'><strong>τῷ</strong></span> <span class='ocrx_word' id='word_1_402' title='bbox 3530 2295 3647 2365; x_wconf 78' lang='grc' dir='ltr'>ὄρει</span> <span class='ocrx_word' id='word_1_403' title='bbox 3666 2298 3863 2369; x_wconf 78' lang='grc' dir='ltr'>τούτῳ.</span> <span class='ocrx_word' id='word_1_404' title='bbox 3879 2319 3896 2351; x_wconf 73' lang='grc' dir='ltr'><strong><em>ο</em></strong></span> 
     </span>
    </p>
   </div>
   <div class='ocr_carea' id='block_1_52' title="bbox 2306 2370 3900 2462">
    <p class='ocr_par' dir='ltr' id='par_1_52' title="bbox 2306 2370 3900 2462">
     <span class='ocr_line' id='line_1_52' title="bbox 2306 2370 3900 2462; baseline 0.013 -39"><span class='ocrx_word' id='word_1_405' title='bbox 2306 2370 2556 2441; x_wconf 81' lang='grc' dir='ltr'>Παράδος</span> <span class='ocrx_word' id='word_1_406' title='bbox 2610 2374 2787 2430; x_wconf 88' lang='grc' dir='ltr'>ταῦτα</span> <span class='ocrx_word' id='word_1_407' title='bbox 2812 2377 2990 2432; x_wconf 87' lang='grc' dir='ltr'>πάντα</span> <span class='ocrx_word' id='word_1_408' title='bbox 3018 2383 3132 2442; x_wconf 85' lang='grc' dir='ltr'>τοῖς</span> <span class='ocrx_word' id='word_1_409' title='bbox 3184 2381 3414 2438; x_wconf 81' lang='grc' dir='ltr'><strong>ἔθνεσιν.</strong></span> <span class='ocrx_word' id='word_1_410' title='bbox 3469 2385 3533 2438; x_wconf 82' lang='grc' dir='ltr'><strong>Ἠ</strong></span> <span class='ocrx_word' id='word_1_411' title='bbox 3573 2388 3686 2459; x_wconf 77' lang='grc' dir='ltr'><strong>γάρ</strong></span> <span class='ocrx_word' id='word_1_412' title='bbox 3737 2389 3900 2462; x_wconf 76' lang='grc' dir='ltr'>βουλὴ</span> 
     </span>
    </p>
   </div>
   <div class='ocr_carea' id='block_1_53' title="bbox 2304 2463 3897 2551">
    <p class='ocr_par' dir='ltr' id='par_1_53' title="bbox 2304 2463 3897 2551">
     <span class='ocr_line' id='line_1_53' title="bbox 2304 2463 3897 2551; baseline 0.013 -36"><span class='ocrx_word' id='word_1_413' title='bbox 2304 2463 2443 2535; x_wconf 87' lang='grc' dir='ltr'>αῦτη</span> <span class='ocrx_word' id='word_1_414' title='bbox 2468 2465 2560 2518; x_wconf 76' lang='grc' dir='ltr'>ἐπὶ</span> <span class='ocrx_word' id='word_1_415' title='bbox 2596 2466 2771 2521; x_wconf 87' lang='grc' dir='ltr'>πάντα</span> <span class='ocrx_word' id='word_1_416' title='bbox 2809 2469 2878 2523; x_wconf 88' lang='grc' dir='ltr'><strong>τά</strong></span> <span class='ocrx_word' id='word_1_417' title='bbox 2901 2470 3051 2541; x_wconf 76' lang='grc' dir='ltr'>ἔθνη.</span> <span class='ocrx_word' id='word_1_418' title='bbox 3102 2474 3188 2527; x_wconf 88' lang='grc' dir='ltr'><strong>Ἐν</strong></span> <span class='ocrx_word' id='word_1_419' title='bbox 3214 2474 3391 2546; x_wconf 84' lang='grc' dir='ltr'>τούτῳ</span> <span class='ocrx_word' id='word_1_420' title='bbox 3422 2476 3486 2548; x_wconf 80' lang='grc' dir='ltr'>δὴ</span> <span class='ocrx_word' id='word_1_421' title='bbox 3518 2474 3613 2532; x_wconf 64' lang='grc' dir='ltr'>οὖν</span> <span class='ocrx_word' id='word_1_422' title='bbox 3649 2480 3729 2550; x_wconf 82' lang='grc' dir='ltr'><strong>τῷ</strong></span> <span class='ocrx_word' id='word_1_423' title='bbox 3756 2481 3897 2551; x_wconf 79' lang='grc' dir='ltr'>ὀρει,</span> 
     </span>
    </p>
   </div>
   <div class='ocr_carea' id='block_1_54' title="bbox 2303 2555 3898 2633">
    <p class='ocr_par' dir='ltr' id='par_1_54' title="bbox 2303 2555 3898 2633">
     <span class='ocr_line' id='line_1_54' title="bbox 2303 2555 3898 2633; baseline 0.011 -27"><span class='ocrx_word' id='word_1_424' title='bbox 2303 2555 2457 2625; x_wconf 77' lang='grc' dir='ltr'>φησὶ,</span> <span class='ocrx_word' id='word_1_425' title='bbox 2493 2556 2693 2628; x_wconf 78' lang='grc' dir='ltr'>κλῆρος</span> <span class='ocrx_word' id='word_1_426' title='bbox 2721 2558 2876 2613; x_wconf 78' lang='grc' dir='ltr'>ἐσται</span> <span class='ocrx_word' id='word_1_427' title='bbox 2909 2564 3021 2625; x_wconf 87' lang='grc' dir='ltr'>τοῖς</span> <span class='ocrx_word' id='word_1_428' title='bbox 3061 2564 3214 2632; x_wconf 87' lang='grc' dir='ltr'>ὲμοῖς</span> <span class='ocrx_word' id='word_1_429' title='bbox 3252 2565 3549 2633; x_wconf 81' lang='grc' dir='ltr'>ἐκλεκτοῖς,</span> <span class='ocrx_word' id='word_1_430' title='bbox 3579 2572 3673 2622; x_wconf 76' lang='grc' dir='ltr'><strong>καὶ</strong></span> <span class='ocrx_word' id='word_1_431' title='bbox 3698 2573 3761 2623; x_wconf 79' lang='grc' dir='ltr'>ὲν</span> <span class='ocrx_word' id='word_1_432' title='bbox 3798 2574 3898 2624; x_wconf 63' lang='grc' dir='ltr'><strong>αὖε</strong></span> 
     </span>
    </p>
   </div>
   <div class='ocr_carea' id='block_1_55' title="bbox 2300 2647 3897 2732">
    <p class='ocr_par' dir='ltr' id='par_1_55' title="bbox 2300 2647 3897 2732">
     <span class='ocr_line' id='line_1_55' title="bbox 2300 2647 3897 2732; baseline 0.012 -35"><span class='ocrx_word' id='word_1_433' title='bbox 2300 2647 2415 2708; x_wconf 86' lang='grc' dir='ltr'>τοῖς</span> <span class='ocrx_word' id='word_1_434' title='bbox 2442 2649 2824 2719; x_wconf 87' lang='grc' dir='ltr'>κατοικήσουσι</span> <span class='ocrx_word' id='word_1_435' title='bbox 2885 2653 3085 2717; x_wconf 84' lang='grc' dir='ltr'>πάντες</span> <span class='ocrx_word' id='word_1_436' title='bbox 3108 2693 3122 2717; x_wconf 92' lang='grc'><strong>,</strong></span> <span class='ocrx_word' id='word_1_437' title='bbox 3154 2655 3267 2708; x_wconf 80' lang='grc' dir='ltr'>ὅσοι</span> <span class='ocrx_word' id='word_1_438' title='bbox 3316 2658 3406 2711; x_wconf 81' lang='grc' dir='ltr'>τὸν</span> <span class='ocrx_word' id='word_1_439' title='bbox 3434 2659 3535 2729; x_wconf 84' lang='grc' dir='ltr'><strong>τῆς</strong></span> <span class='ocrx_word' id='word_1_440' title='bbox 3563 2662 3709 2731; x_wconf 81' lang='grc' dir='ltr'>ἐμῆς</span> <span class='ocrx_word' id='word_1_441' title='bbox 3742 2662 3897 2732; x_wconf 76' lang='grc' dir='ltr'>βασι-</span> 
     </span>
    </p>
   </div>
   <div class='ocr_carea' id='block_1_56' title="bbox 2301 2737 3893 2819">
    <p class='ocr_par' dir='ltr' id='par_1_56' title="bbox 2301 2737 3893 2819">
     <span class='ocr_line' id='line_1_56' title="bbox 2301 2737 3893 2819; baseline 0.011 -30"><span class='ocrx_word' id='word_1_442' title='bbox 2301 2737 2449 2803; x_wconf 90' lang='grc' dir='ltr'>λείας</span> <span class='ocrx_word' id='word_1_443' title='bbox 2484 2740 2844 2813; x_wconf 79' lang='grc' dir='ltr'>ὑποτρέχουσι</span> <span class='ocrx_word' id='word_1_444' title='bbox 2874 2744 3071 2813; x_wconf 59' lang='grc' dir='ltr'>ζυγόν</span> <span class='ocrx_word' id='word_1_445' title='bbox 3112 2746 3172 2799; x_wconf 80' lang='grc' dir='ltr'>τὸ</span> <span class='ocrx_word' id='word_1_446' title='bbox 3216 2748 3272 2800; x_wconf 81' lang='grc' dir='ltr'>δὲ</span> <span class='ocrx_word' id='word_1_447' title='bbox 3321 2751 3552 2815; x_wconf 72' lang='grc' dir='ltr'>ἀπεικὸς</span> <span class='ocrx_word' id='word_1_448' title='bbox 3587 2753 3765 2819; x_wconf 70' lang='grc' dir='ltr'>οὐδὲν,</span> <span class='ocrx_word' id='word_1_449' title='bbox 3802 2757 3893 2807; x_wconf 73' lang='grc' dir='ltr'><strong>καὶ</strong></span> 
     </span>
    </p>
   </div>
   <div class='ocr_carea' id='block_1_57' title="bbox 2298 2830 3892 2916">
    <p class='ocr_par' dir='ltr' id='par_1_57' title="bbox 2298 2830 3892 2916">
     <span class='ocr_line' id='line_1_57' title="bbox 2298 2830 3892 2916; baseline 0.011 -33"><span class='ocrx_word' id='word_1_450' title='bbox 2298 2830 2398 2902; x_wconf 84' lang='grc' dir='ltr'>τὴν</span> <span class='ocrx_word' id='word_1_451' title='bbox 2426 2832 2538 2886; x_wconf 79' lang='grc' dir='ltr'><strong>ἀνω</strong></span> <span class='ocrx_word' id='word_1_452' title='bbox 2569 2833 2723 2886; x_wconf 79' lang='grc' dir='ltr'>πόλιν</span> <span class='ocrx_word' id='word_1_453' title='bbox 2758 2835 2856 2907; x_wconf 80' lang='grc' dir='ltr'>τὴν</span> <span class='ocrx_word' id='word_1_454' title='bbox 2889 2838 3208 2909; x_wconf 75' lang='grc' dir='ltr'>ἐπουράνιον</span> <span class='ocrx_word' id='word_1_455' title='bbox 3243 2841 3597 2916; x_wconf 79' lang='grc' dir='ltr'>Ἰερουσαλὴμ</span> <span class='ocrx_word' id='word_1_456' title='bbox 3622 2845 3751 2915; x_wconf 60' lang='lat'><strong>690;</strong></span> <span class='ocrx_word' id='word_1_457' title='bbox 3773 2850 3892 2901; x_wconf 79' lang='grc' dir='ltr'><strong>ὀνο-</strong></span> 
     </span>
    </p>
   </div>
   <div class='ocr_carea' id='block_1_58' title="bbox 2301 2924 3893 3012">
    <p class='ocr_par' dir='ltr' id='par_1_58' title="bbox 2301 2924 3893 3012">
     <span class='ocr_line' id='line_1_58' title="bbox 2301 2924 3893 3012; baseline 0.012 -36"><span class='ocrx_word' id='word_1_458' title='bbox 2301 2924 2571 2994; x_wconf 78' lang='grc' dir='ltr'>μάζεσθαι</span> <span class='ocrx_word' id='word_1_459' title='bbox 2609 2927 2806 2997; x_wconf 81' lang='grc' dir='ltr'>λέγειν,</span> <span class='ocrx_word' id='word_1_460' title='bbox 2842 2931 2901 2983; x_wconf 85' lang='grc' dir='ltr'>ἐν</span> <span class='ocrx_word' id='word_1_461' title='bbox 2923 2924 2966 2997; x_wconf 85' lang='grc' dir='ltr'>ᾦ</span> <span class='ocrx_word' id='word_1_462' title='bbox 2994 2933 3102 2986; x_wconf 82' lang='grc' dir='ltr'>τῶν</span> <span class='ocrx_word' id='word_1_463' title='bbox 3125 2935 3296 3003; x_wconf 84' lang='grc' dir='ltr'>ἁγίων</span> <span class='ocrx_word' id='word_1_464' title='bbox 3319 2939 3346 2989; x_wconf 83' lang='grc' dir='ltr'><em>ὸ</em></span> <span class='ocrx_word' id='word_1_465' title='bbox 3378 2936 3577 3007; x_wconf 81' lang='grc' dir='ltr'>κλῆρος</span> <span class='ocrx_word' id='word_1_466' title='bbox 3609 2939 3893 3012; x_wconf 76' lang='grc' dir='ltr'>διανέμον-</span> 
     </span>
    </p>
   </div>
   <div class='ocr_carea' id='block_1_59' title="bbox 2297 3016 3889 3099">
    <p class='ocr_par' dir='ltr' id='par_1_59' title="bbox 2297 3016 3889 3099">
     <span class='ocr_line' id='line_1_59' title="bbox 2297 3016 3889 3099; baseline 0.011 -31"><span class='ocrx_word' id='word_1_467' title='bbox 2297 3032 2388 3080; x_wconf 86' lang='grc' dir='ltr'>τος</span> <span class='ocrx_word' id='word_1_468' title='bbox 2441 3016 2577 3071; x_wconf 87' lang='grc' dir='ltr'>Θεοῦ</span> <span class='ocrx_word' id='word_1_469' title='bbox 2629 3020 2698 3072; x_wconf 85' lang='grc' dir='ltr'><strong>τά</strong></span> <span class='ocrx_word' id='word_1_470' title='bbox 2747 3020 2887 3092; x_wconf 82' lang='grc' dir='ltr'>ὑπὲρ</span> <span class='ocrx_word' id='word_1_471' title='bbox 2921 3022 3045 3077; x_wconf 82' lang='grc' dir='ltr'>νοῦν</span> <span class='ocrx_word' id='word_1_472' title='bbox 3112 3027 3204 3078; x_wconf 79' lang='grc' dir='ltr'><strong>καὶ</strong></span> <span class='ocrx_word' id='word_1_473' title='bbox 3248 3027 3404 3096; x_wconf 82' lang='grc' dir='ltr'>λόγον</span> <span class='ocrx_word' id='word_1_474' title='bbox 3456 3030 3640 3092; x_wconf 70' lang='grc' dir='ltr'>αὐτοῖς</span> <span class='ocrx_word' id='word_1_475' title='bbox 3682 3032 3889 3099; x_wconf 72' lang='grc' dir='ltr'>ἀγαθά.</span> 
     </span>
    </p>
   </div>
   <div class='ocr_carea' id='block_1_60' title="bbox 615 3092 2194 3194">
    <p class='ocr_par' dir='ltr' id='par_1_60' title="bbox 615 3092 2189 3184">
     <span class='ocr_line' id='line_1_60' title="bbox 615 3092 2189 3184; baseline 0.017 -41"><span class='ocrx_word' id='word_1_476' title='bbox 615 3100 670 3144; x_wconf 92' lang='lat' dir='ltr'><strong>et</strong></span> <span class='ocrx_word' id='word_1_477' title='bbox 693 3092 745 3146; x_wconf 92' lang='lat' dir='ltr'><strong>in</strong></span> <span class='ocrx_word' id='word_1_478' title='bbox 786 3109 879 3149; x_wconf 88' lang='lat' dir='ltr'><strong>cor</strong></span> <span class='ocrx_word' id='word_1_479' title='bbox 908 3096 1146 3154; x_wconf 88' lang='lat' dir='ltr'><strong>hominis</strong></span> <span class='ocrx_word' id='word_1_480' title='bbox 1186 3117 1292 3157; x_wconf 92' lang='lat' dir='ltr'><strong>non</strong></span> <span class='ocrx_word' id='word_1_481' title='bbox 1322 3106 1590 3173; x_wconf 88' lang='lat' dir='ltr'><strong>ascendit,</strong></span> <span class='ocrx_word' id='word_1_482' title='bbox 1621 3124 1740 3179; x_wconf 76' lang='lat' dir='ltr'><strong>qua:</strong></span> <span class='ocrx_word' id='word_1_483' title='bbox 1787 3112 1999 3180; x_wconf 87' lang='lat' dir='ltr'><strong>paravit</strong></span> <span class='ocrx_word' id='word_1_484' title='bbox 2024 3115 2189 3184; x_wconf 39' lang='lat' dir='ltr'><strong>.Dcus</strong></span> 
     </span>
    </p>
   </div>
   <div class='ocr_carea' id='block_1_61' title="bbox 2298 3092 3885 3194">
    <p class='ocr_par' dir='ltr' id='par_1_61' title="bbox 2302 3092 3885 3186">
     <span class='ocr_line' id='line_1_61' title="bbox 2302 3092 3885 3186; baseline 0.012 -27"><span class='ocrx_word' id='word_1_485' title='bbox 2302 3126 2320 3158; x_wconf 73' lang='grc' dir='ltr'><strong>ι</strong></span> <span class='ocrx_word' id='word_1_486' title='bbox 2356 3107 2698 3179; x_wconf 79' lang='grc' dir='ltr'>Ὀφθαλμὸςι</span> <span class='ocrx_word' id='word_1_487' title='bbox 2734 3113 2843 3183; x_wconf 72' lang='grc' dir='ltr'><strong>γὰρ</strong></span> <span class='ocrx_word' id='word_1_488' title='bbox 2872 3153 2886 3177; x_wconf 96' lang='grc'><strong>,</strong></span> <span class='ocrx_word' id='word_1_489' title='bbox 2924 3116 3089 3186; x_wconf 76' lang='grc' dir='ltr'>φησὶν</span> <span class='ocrx_word' id='word_1_490' title='bbox 3112 3156 3127 3181; x_wconf 90' lang='grc'><strong>,</strong></span> <span class='ocrx_word' id='word_1_491' title='bbox 3171 3137 3187 3168; x_wconf 75' lang='grc' dir='ltr'><strong>ι</strong></span> <span class='ocrx_word' id='word_1_492' title='bbox 3226 3092 3331 3171; x_wconf 71' lang='grc' dir='ltr'><strong>οὐκ</strong></span> <span class='ocrx_word' id='word_1_493' title='bbox 3367 3116 3493 3184; x_wconf 76' lang='grc' dir='ltr'>εἶδε,</span> <span class='ocrx_word' id='word_1_494' title='bbox 3522 3124 3621 3175; x_wconf 72' lang='grc' dir='ltr'>καὶ</span> <span class='ocrx_word' id='word_1_495' title='bbox 3653 3092 3751 3186; x_wconf 67' lang='grc' dir='ltr'><strong>οῦς</strong></span> <span class='ocrx_word' id='word_1_496' title='bbox 3784 3126 3885 3177; x_wconf 66' lang='grc' dir='ltr'><strong>οὐκ</strong></span> 
     </span>
    </p>
   </div>
   <div class='ocr_carea' id='block_1_62' title="bbox 615 3183 1198 3255">
    <p class='ocr_par' dir='ltr' id='par_1_62' title="bbox 615 3183 1198 3255">
     <span class='ocr_line' id='line_1_62' title="bbox 615 3183 1198 3255; baseline 0.015 -19"><span class='ocrx_word' id='word_1_497' title='bbox 615 3183 961 3255; x_wconf 87' lang='lat' dir='ltr'><strong>diligentibus</strong></span> <span class='ocrx_word' id='word_1_498' title='bbox 991 3205 1049 3245; x_wconf 87' lang='lat' dir='ltr'><strong>se</strong></span> <span class='ocrx_word' id='word_1_499' title='bbox 1080 3191 1145 3247; x_wconf 83' lang='grc'><strong>⁵⁸.</strong></span> <span class='ocrx_word' id='word_1_500' title='bbox 1180 3210 1198 3245; x_wconf 78' lang='grc' dir='ltr'><strong>ι</strong></span> 
     </span>
    </p>
   </div>
   <div class='ocr_carea' id='block_1_63' title="bbox 686 3361 2192 3456">
    <p class='ocr_par' dir='ltr' id='par_1_63' title="bbox 686 3361 2192 3456">
     <span class='ocr_line' id='line_1_63' title="bbox 686 3361 2192 3456; baseline 0.017 -40"><span class='ocrx_word' id='word_1_501' title='bbox 686 3361 850 3420; x_wconf 73' lang='lat' dir='ltr'><strong>Vsus.</strong></span> <span class='ocrx_word' id='word_1_502' title='bbox 894 3366 979 3421; x_wconf 77' lang='grc'><strong>10.</strong></span> <span class='ocrx_word' id='word_1_503' title='bbox 1004 3367 1070 3423; x_wconf 88' lang='lat' dir='ltr'><strong>Et</strong></span> <span class='ocrx_word' id='word_1_504' title='bbox 1098 3382 1249 3426; x_wconf 87' lang='lat' dir='ltr'><strong>erunt</strong></span> <span class='ocrx_word' id='word_1_505' title='bbox 1318 3376 1373 3428; x_wconf 83' lang='lat' dir='ltr'><strong>in</strong></span> <span class='ocrx_word' id='word_1_506' title='bbox 1436 3377 1577 3432; x_wconf 79' lang='lat' dir='ltr'><strong>saltu</strong></span> <span class='ocrx_word' id='word_1_507' title='bbox 1647 3381 1802 3435; x_wconf 83' lang='lat' dir='ltr'><strong>ovilia</strong></span> <span class='ocrx_word' id='word_1_508' title='bbox 1861 3401 2095 3456; x_wconf 79' lang='lat' dir='ltr'><strong>gregum,</strong></span> <span class='ocrx_word' id='word_1_509' title='bbox 2144 3398 2192 3442; x_wconf 86' lang='lat' dir='ltr'><strong>et</strong></span> 
     </span>
    </p>
   </div>
   <div class='ocr_carea' id='block_1_64' title="bbox 615 3455 2192 3548">
    <p class='ocr_par' dir='ltr' id='par_1_64' title="bbox 615 3455 2192 3548">
     <span class='ocr_line' id='line_1_64' title="bbox 615 3455 2192 3548; baseline 0.016 -40"><span class='ocrx_word' id='word_1_510' title='bbox 615 3455 812 3518; x_wconf 76' lang='lat' dir='ltr'><strong>Achar,</strong></span> <span class='ocrx_word' id='word_1_511' title='bbox 842 3458 897 3511; x_wconf 77' lang='lat' dir='ltr'><strong>in</strong></span> <span class='ocrx_word' id='word_1_512' title='bbox 932 3463 1210 3528; x_wconf 78' lang='lat' dir='ltr'><strong>requietem</strong></span> <span class='ocrx_word' id='word_1_513' title='bbox 1254 3481 1610 3524; x_wconf 84' lang='lat' dir='ltr'><strong>armentorum</strong></span> <span class='ocrx_word' id='word_1_514' title='bbox 1658 3475 1847 3543; x_wconf 84' lang='lat' dir='ltr'><strong>papula</strong></span> <span class='ocrx_word' id='word_1_515' title='bbox 1911 3492 2047 3542; x_wconf 82' lang='lat' dir='ltr'><strong>meo,</strong></span> <span class='ocrx_word' id='word_1_516' title='bbox 2103 3479 2192 3548; x_wconf 82' lang='lat' dir='ltr'><strong>qui</strong></span> 
     </span>
    </p>
   </div>
   <div class='ocr_carea' id='block_1_65' title="bbox 607 3545 1009 3613">
    <p class='ocr_par' dir='ltr' id='par_1_65' title="bbox 607 3545 1009 3613">
     <span class='ocr_line' id='line_1_65' title="bbox 607 3545 1009 3613; baseline 0.015 -18"><span class='ocrx_word' id='word_1_517' title='bbox 607 3545 851 3613; x_wconf 78' lang='lat' dir='ltr'><strong>quwsivit</strong></span> <span class='ocrx_word' id='word_1_518' title='bbox 911 3564 1009 3601; x_wconf 87' lang='lat' dir='ltr'><strong>me.</strong></span> 
     </span>
    </p>
   </div>
   <div class='ocr_carea' id='block_1_66' title="bbox 686 3635 2189 3725">
    <p class='ocr_par' dir='ltr' id='par_1_66' title="bbox 686 3635 2189 3725">
     <span class='ocr_line' id='line_1_66' title="bbox 686 3635 2189 3725; baseline 0.015 -34"><span class='ocrx_word' id='word_1_519' title='bbox 686 3635 940 3693; x_wconf 90' lang='lat' dir='ltr'><strong>Solemne</strong></span> <span class='ocrx_word' id='word_1_520' title='bbox 970 3649 1054 3694; x_wconf 89' lang='lat' dir='ltr'><strong>est</strong></span> <span class='ocrx_word' id='word_1_521' title='bbox 1082 3640 1376 3711; x_wconf 71' lang='lat' dir='ltr'><strong>Scriptura:</strong></span> <span class='ocrx_word' id='word_1_522' title='bbox 1418 3647 1678 3707; x_wconf 86' lang='lat' dir='ltr'><strong>divinitus</strong></span> <span class='ocrx_word' id='word_1_523' title='bbox 1711 3653 2013 3725; x_wconf 73' lang='lat' dir='ltr'><strong>iuspiratm,</strong></span> <span class='ocrx_word' id='word_1_524' title='bbox 2053 3674 2189 3715; x_wconf 86' lang='lat' dir='ltr'><strong>non-</strong></span> 
     </span>
    </p>
   </div>
   <div class='ocr_carea' id='block_1_67' title="bbox 612 3732 2189 3821">
    <p class='ocr_par' dir='ltr' id='par_1_67' title="bbox 612 3732 2189 3821">
     <span class='ocr_line' id='line_1_67' title="bbox 612 3732 2189 3821; baseline 0.018 -41"><span class='ocrx_word' id='word_1_525' title='bbox 612 3743 884 3798; x_wconf 90' lang='lat' dir='ltr'><strong>nunquam</strong></span> <span class='ocrx_word' id='word_1_526' title='bbox 933 3732 1087 3786; x_wconf 88' lang='lat' dir='ltr'><strong>silvis</strong></span> <span class='ocrx_word' id='word_1_527' title='bbox 1136 3735 1482 3801; x_wconf 88' lang='lat' dir='ltr'><strong>spississimis</strong></span> <span class='ocrx_word' id='word_1_528' title='bbox 1511 3749 1564 3796; x_wconf 89' lang='lat' dir='ltr'><strong>et</strong></span> <span class='ocrx_word' id='word_1_529' title='bbox 1589 3741 1815 3801; x_wconf 82' lang='lat' dir='ltr'><strong>floribus</strong></span> <span class='ocrx_word' id='word_1_530' title='bbox 1844 3749 2025 3805; x_wconf 89' lang='lat' dir='ltr'><strong>densis</strong></span> <span class='ocrx_word' id='word_1_531' title='bbox 2090 3766 2189 3821; x_wconf 84' lang='lat' dir='ltr'><strong>po-</strong></span> 
     </span>
    </p>
   </div>
   <div class='ocr_carea' id='block_1_68' title="bbox 608 3818 2187 3909">
    <p class='ocr_par' dir='ltr' id='par_1_68' title="bbox 608 3818 2187 3909">
     <span class='ocr_line' id='line_1_68' title="bbox 608 3818 2187 3909; baseline 0.017 -39"><span class='ocrx_word' id='word_1_532' title='bbox 608 3818 822 3887; x_wconf 88' lang='lat' dir='ltr'><strong>pulosas</strong></span> <span class='ocrx_word' id='word_1_533' title='bbox 857 3820 1015 3876; x_wconf 91' lang='lat' dir='ltr'><strong>urbes</strong></span> <span class='ocrx_word' id='word_1_534' title='bbox 1041 3828 1096 3877; x_wconf 90' lang='lat' dir='ltr'><strong>et</strong></span> <span class='ocrx_word' id='word_1_535' title='bbox 1127 3826 1371 3895; x_wconf 86' lang='lat' dir='ltr'><strong>regiones</strong></span> <span class='ocrx_word' id='word_1_536' title='bbox 1399 3843 1732 3900; x_wconf 86' lang='lat' dir='ltr'><strong>comparare.</strong></span> <span class='ocrx_word' id='word_1_537' title='bbox 1768 3834 1903 3891; x_wconf 86' lang='lat' dir='ltr'><strong>Nam</strong></span> <span class='ocrx_word' id='word_1_538' title='bbox 1969 3818 2187 3909; x_wconf 86' lang='lat' dir='ltr'><strong>quidam</strong></span> 
     </span>
    </p>
   </div>
   <div class='ocr_carea' id='block_1_69' title="bbox 606 3911 2189 3985">
    <p class='ocr_par' dir='ltr' id='par_1_69' title="bbox 606 3911 2189 3985">
     <span class='ocr_line' id='line_1_69' title="bbox 606 3911 2189 3985; baseline 0.015 -24"><span class='ocrx_word' id='word_1_539' title='bbox 606 3923 638 3961; x_wconf 91' lang='lat' dir='ltr'><strong>e</strong></span> <span class='ocrx_word' id='word_1_540' title='bbox 673 3911 877 3965; x_wconf 86' lang='lat' dir='ltr'><strong>sanctis</strong></span> <span class='ocrx_word' id='word_1_541' title='bbox 913 3915 1189 3982; x_wconf 88' lang='lat' dir='ltr'><strong>prophetis</strong></span> <span class='ocrx_word' id='word_1_542' title='bbox 1229 3918 1382 3985; x_wconf 78' lang='lat' dir='ltr'><strong>dixit,</strong></span> <span class='ocrx_word' id='word_1_543' title='bbox 1409 3920 1556 3975; x_wconf 88' lang='lat' dir='ltr'><strong>velut</strong></span> <span class='ocrx_word' id='word_1_544' title='bbox 1581 3924 1647 3976; x_wconf 91' lang='lat' dir='ltr'><strong>ad</strong></span> <span class='ocrx_word' id='word_1_545' title='bbox 1698 3921 2007 3982; x_wconf 69' lang='lat' dir='ltr'><strong>Judzcormn</strong></span> <span class='ocrx_word' id='word_1_546' title='bbox 2077 3947 2189 3984; x_wconf 85' lang='lat' dir='ltr'><strong>ma-</strong></span> 
     </span>
    </p>
   </div>
   <div class='ocr_carea' id='block_1_70' title="bbox 609 4001 2186 4085">
    <p class='ocr_par' dir='ltr' id='par_1_70' title="bbox 609 4001 2186 4085">
     <span class='ocr_line' id='line_1_70' title="bbox 609 4001 2186 4085; baseline 0.016 -33"><span class='ocrx_word' id='word_1_547' title='bbox 609 4010 766 4064; x_wconf 87' lang='lat' dir='ltr'><strong>trem,</strong></span> <span class='ocrx_word' id='word_1_548' title='bbox 805 4001 1125 4069; x_wconf 83' lang='lat' dir='ltr'><strong>Jerusalem,</strong></span> <span class='ocrx_word' id='word_1_549' title='bbox 1155 4008 1414 4079; x_wconf 86' lang='lat' dir='ltr'><strong>inquam:</strong></span> <span class='ocrx_word' id='word_1_550' title='bbox 1468 4031 1487 4063; x_wconf 74' lang='grc' dir='ltr'><strong>ι</strong></span> <span class='ocrx_word' id='word_1_551' title='bbox 1522 4013 1706 4084; x_wconf 88' lang='lat' dir='ltr'><strong>Aperi,</strong></span> <span class='ocrx_word' id='word_1_552' title='bbox 1749 4017 1972 4085; x_wconf 87' lang='lat' dir='ltr'><strong>Libane,</strong></span> <span class='ocrx_word' id='word_1_553' title='bbox 2040 4020 2186 4078; x_wconf 83' lang='lat' dir='ltr'><strong>fores</strong></span> 
     </span>
    </p>
   </div>
   <div class='ocr_carea' id='block_1_71' title="bbox 609 4095 2187 4180">
    <p class='ocr_par' dir='ltr' id='par_1_71' title="bbox 609 4095 2187 4180">
     <span class='ocr_line' id='line_1_71' title="bbox 609 4095 2187 4180; baseline 0.016 -38"><span class='ocrx_word' id='word_1_554' title='bbox 609 4100 746 4153; x_wconf 83' lang='lat' dir='ltr'><strong>tuas.</strong></span> <span class='ocrx_word' id='word_1_555' title='bbox 772 4104 827 4147; x_wconf 89' lang='lat' dir='ltr'><strong>et</strong></span> <span class='ocrx_word' id='word_1_556' title='bbox 859 4095 1078 4151; x_wconf 91' lang='lat' dir='ltr'><strong>devoret</strong></span> <span class='ocrx_word' id='word_1_557' title='bbox 1114 4098 1251 4167; x_wconf 89' lang='lat' dir='ltr'><strong>ignis</strong></span> <span class='ocrx_word' id='word_1_558' title='bbox 1284 4105 1477 4157; x_wconf 85' lang='lat' dir='ltr'><strong>cedros</strong></span> <span class='ocrx_word' id='word_1_559' title='bbox 1510 4115 1648 4159; x_wconf 89' lang='lat' dir='ltr'><strong>tuas.</strong></span> <span class='ocrx_word' id='word_1_560' title='bbox 1691 4105 1922 4174; x_wconf 84' lang='lat' dir='ltr'><strong>Ululate,</strong></span> <span class='ocrx_word' id='word_1_561' title='bbox 1948 4126 2187 4180; x_wconf 88' lang='lat' dir='ltr'><strong>quercus</strong></span> 
     </span>
    </p>
   </div>
   <div class='ocr_carea' id='block_1_72' title="bbox 604 4178 2186 4258">
    <p class='ocr_par' dir='ltr' id='par_1_72' title="bbox 604 4178 2186 4258">
     <span class='ocr_line' id='line_1_72' title="bbox 604 4178 2186 4258; baseline 0.017 -27"><span class='ocrx_word' id='word_1_562' title='bbox 604 4178 802 4244; x_wconf 85' lang='lat' dir='ltr'><strong>Basan,</strong></span> <span class='ocrx_word' id='word_1_563' title='bbox 843 4185 966 4251; x_wconf 88' lang='lat' dir='ltr'><strong>quia</strong></span> <span class='ocrx_word' id='word_1_564' title='bbox 1006 4188 1254 4243; x_wconf 88' lang='lat' dir='ltr'><strong>succisus</strong></span> <span class='ocrx_word' id='word_1_565' title='bbox 1286 4200 1369 4245; x_wconf 90' lang='lat' dir='ltr'><strong>est</strong></span> <span class='ocrx_word' id='word_1_566' title='bbox 1415 4194 1585 4249; x_wconf 87' lang='lat' dir='ltr'><strong>saltus</strong></span> <span class='ocrx_word' id='word_1_567' title='bbox 1620 4200 1861 4254; x_wconf 90' lang='lat' dir='ltr'><strong>consitus</strong></span> <span class='ocrx_word' id='word_1_568' title='bbox 1897 4202 1964 4254; x_wconf 76' lang='grc'><strong>⁵⁷.</strong></span> <span class='ocrx_word' id='word_1_569' title='bbox 2004 4221 2022 4253; x_wconf 75' lang='grc' dir='ltr'><strong>ι</strong></span> <span class='ocrx_word' id='word_1_570' title='bbox 2081 4203 2186 4258; x_wconf 85' lang='lat' dir='ltr'><strong>Ne-</strong></span> 
     </span>
    </p>
   </div>
   <div class='ocr_carea' id='block_1_73' title="bbox 603 4278 2183 4363">
    <p class='ocr_par' dir='ltr' id='par_1_73' title="bbox 603 4278 2183 4363">
     <span class='ocr_line' id='line_1_73' title="bbox 603 4278 2183 4363; baseline 0.019 -41"><span class='ocrx_word' id='word_1_571' title='bbox 603 4286 692 4324; x_wconf 91' lang='lat' dir='ltr'><strong>mo</strong></span> <span class='ocrx_word' id='word_1_572' title='bbox 721 4283 900 4327; x_wconf 89' lang='lat' dir='ltr'><strong>autem</strong></span> <span class='ocrx_word' id='word_1_573' title='bbox 936 4278 1132 4333; x_wconf 79' lang='lat' dir='ltr'><strong>dixerit</strong></span> <span class='ocrx_word' id='word_1_574' title='bbox 1184 4282 1376 4351; x_wconf 88' lang='lat' dir='ltr'><strong>jubere</strong></span> <span class='ocrx_word' id='word_1_575' title='bbox 1438 4286 1584 4340; x_wconf 91' lang='lat' dir='ltr'><strong>illum</strong></span> <span class='ocrx_word' id='word_1_576' title='bbox 1639 4289 1798 4359; x_wconf 81' lang='lat' dir='ltr'><strong>pinus</strong></span> <span class='ocrx_word' id='word_1_577' title='bbox 1853 4302 1907 4347; x_wconf 91' lang='lat' dir='ltr'><strong>et</strong></span> <span class='ocrx_word' id='word_1_578' title='bbox 1952 4309 2183 4363; x_wconf 85' lang='lat' dir='ltr'><strong>quercus</strong></span> 
     </span>
    </p>
   </div>
   <div class='ocr_carea' id='block_1_74' title="bbox 602 4358 2179 4454">
    <p class='ocr_par' dir='ltr' id='par_1_74' title="bbox 602 4358 2179 4454">
     <span class='ocr_line' id='line_1_74' title="bbox 602 4358 2179 4454; baseline 0.02 -43"><span class='ocrx_word' id='word_1_579' title='bbox 602 4358 831 4427; x_wconf 87' lang='lat' dir='ltr'><strong>plorare,</strong></span> <span class='ocrx_word' id='word_1_580' title='bbox 864 4375 942 4417; x_wconf 90' lang='lat' dir='ltr'><strong>est</strong></span> <span class='ocrx_word' id='word_1_581' title='bbox 972 4367 1114 4421; x_wconf 89' lang='lat' dir='ltr'><strong>enim</strong></span> <span class='ocrx_word' id='word_1_582' title='bbox 1148 4371 1199 4424; x_wconf 90' lang='lat' dir='ltr'><strong>id</strong></span> <span class='ocrx_word' id='word_1_583' title='bbox 1229 4372 1385 4441; x_wconf 87' lang='lat' dir='ltr'><strong>plane</strong></span> <span class='ocrx_word' id='word_1_584' title='bbox 1453 4358 1725 4447; x_wconf 86' lang='lat' dir='ltr'><strong>ineptum;</strong></span> <span class='ocrx_word' id='word_1_585' title='bbox 1780 4382 1897 4449; x_wconf 90' lang='lat' dir='ltr'><strong>sed,</strong></span> <span class='ocrx_word' id='word_1_586' title='bbox 1938 4358 1995 4439; x_wconf 74' lang='grc' dir='ltr'>υὶ</span> <span class='ocrx_word' id='word_1_587' title='bbox 2049 4387 2179 4454; x_wconf 80' lang='lat' dir='ltr'><strong>dixi,</strong></span> 
     </span>
    </p>
   </div>
   <div class='ocr_carea' id='block_1_75' title="bbox 2296 3199 3887 3286">
    <p class='ocr_par' dir='ltr' id='par_1_75' title="bbox 2296 3199 3887 3286">
     <span class='ocr_line' id='line_1_75' title="bbox 2296 3199 3887 3286; baseline 0.012 -35"><span class='ocrx_word' id='word_1_588' title='bbox 2296 3199 2518 3270; x_wconf 74' lang='grc' dir='ltr'>ἤκουσε,</span> <span class='ocrx_word' id='word_1_589' title='bbox 2578 3204 2670 3256; x_wconf 79' lang='grc' dir='ltr'><strong>καὶ</strong></span> <span class='ocrx_word' id='word_1_590' title='bbox 2719 3204 2814 3256; x_wconf 76' lang='grc' dir='ltr'>ἐπὶ</span> <span class='ocrx_word' id='word_1_591' title='bbox 2862 3207 3088 3278; x_wconf 83' lang='grc' dir='ltr'>καρδίαν</span> <span class='ocrx_word' id='word_1_592' title='bbox 3143 3209 3429 3280; x_wconf 79' lang='grc' dir='ltr'>ἀνθρώπου</span> <span class='ocrx_word' id='word_1_593' title='bbox 3459 3213 3562 3266; x_wconf 84' lang='grc' dir='ltr'><strong>οὐκ</strong></span> <span class='ocrx_word' id='word_1_594' title='bbox 3620 3214 3817 3286; x_wconf 75' lang='grc' dir='ltr'>ἀνέϐη,</span> <span class='ocrx_word' id='word_1_595' title='bbox 3849 3218 3887 3270; x_wconf 72' lang='grc' dir='ltr'>ἂ</span> 
     </span>
    </p>
   </div>
   <div class='ocr_carea' id='block_1_76' title="bbox 2295 3290 3517 3364">
    <p class='ocr_par' dir='ltr' id='par_1_76' title="bbox 2295 3290 3517 3364">
     <span class='ocr_line' id='line_1_76' title="bbox 2295 3290 3517 3364; baseline 0.01 -24"><span class='ocrx_word' id='word_1_596' title='bbox 2295 3290 2593 3360; x_wconf 78' lang='grc' dir='ltr'>ἡτοίμασεν</span> <span class='ocrx_word' id='word_1_597' title='bbox 2620 3296 2648 3345; x_wconf 81' lang='grc' dir='ltr'>ὁ</span> <span class='ocrx_word' id='word_1_598' title='bbox 2675 3292 2806 3357; x_wconf 80' lang='grc' dir='ltr'>Θεὸς</span> <span class='ocrx_word' id='word_1_599' title='bbox 2832 3298 2943 3359; x_wconf 84' lang='grc' dir='ltr'>τοῖς</span> <span class='ocrx_word' id='word_1_600' title='bbox 2968 3297 3253 3364; x_wconf 78' lang='grc' dir='ltr'>ἀγαπῶσιν</span> <span class='ocrx_word' id='word_1_601' title='bbox 3280 3300 3459 3354; x_wconf 85' lang='grc' dir='ltr'>αὐτόν.</span> <span class='ocrx_word' id='word_1_602' title='bbox 3496 3320 3517 3352; x_wconf 78' lang='grc' dir='ltr'><strong>ι</strong></span> 
     </span>
    </p>
   </div>
   <div class='ocr_carea' id='block_1_77' title="bbox 2364 3382 3884 3463">
    <p class='ocr_par' dir='ltr' id='par_1_77' title="bbox 2364 3382 3884 3463">
     <span class='ocr_line' id='line_1_77' title="bbox 2364 3382 3884 3463; baseline 0.011 -29"><span class='ocrx_word' id='word_1_603' title='bbox 2364 3382 2477 3435; x_wconf 80' lang='grc' dir='ltr'><strong>Καὶ</strong></span> <span class='ocrx_word' id='word_1_604' title='bbox 2496 3384 2737 3438; x_wconf 75' lang='grc' dir='ltr'>ἔσονται</span> <span class='ocrx_word' id='word_1_605' title='bbox 2776 3386 2845 3437; x_wconf 82' lang='grc' dir='ltr'><strong>ἐν</strong></span> <span class='ocrx_word' id='word_1_606' title='bbox 2898 3387 2977 3452; x_wconf 82' lang='grc' dir='ltr'>τῷ</span> <span class='ocrx_word' id='word_1_607' title='bbox 3007 3387 3210 3458; x_wconf 81' lang='grc' dir='ltr'>δρυμῷ</span> <span class='ocrx_word' id='word_1_608' title='bbox 3243 3391 3527 3459; x_wconf 74' lang='grc' dir='ltr'><strong>ἐπαύλεις</strong></span> <span class='ocrx_word' id='word_1_609' title='bbox 3566 3396 3884 3463; x_wconf 74' lang='grc' dir='ltr'>ποιμνίων,</span> 
     </span>
    </p>
   </div>
   <div class='ocr_carea' id='block_1_78' title="bbox 2298 3470 3887 3553">
    <p class='ocr_par' dir='ltr' id='par_1_78' title="bbox 2298 3470 3887 3553">
     <span class='ocr_line' id='line_1_78' title="bbox 2298 3470 3887 3553; baseline 0.009 -30"><span class='ocrx_word' id='word_1_610' title='bbox 2298 3470 2395 3523; x_wconf 82' lang='grc' dir='ltr'>καὶ</span> <span class='ocrx_word' id='word_1_611' title='bbox 2423 3471 2659 3542; x_wconf 71' lang='grc' dir='ltr'>φάραγξ</span> <span class='ocrx_word' id='word_1_612' title='bbox 2696 3474 2884 3544; x_wconf 84' lang='grc' dir='ltr'>Ἀχὼρ</span> <span class='ocrx_word' id='word_1_613' title='bbox 2910 3479 2999 3543; x_wconf 74' lang='grc' dir='ltr'>εἰς</span> <span class='ocrx_word' id='word_1_614' title='bbox 3045 3479 3393 3534; x_wconf 78' lang='grc' dir='ltr'>ἀνάπαυσιν</span> <span class='ocrx_word' id='word_1_615' title='bbox 3415 3482 3769 3546; x_wconf 73' lang='grc' dir='ltr'>,βουκολίων</span> <span class='ocrx_word' id='word_1_616' title='bbox 3805 3486 3887 3553; x_wconf 76' lang='grc' dir='ltr'>τῷ</span> 
     </span>
    </p>
   </div>
   <div class='ocr_carea' id='block_1_79' title="bbox 2290 3561 3103 3639">
    <p class='ocr_par' dir='ltr' id='par_1_79' title="bbox 2290 3561 3103 3639">
     <span class='ocr_line' id='line_1_79' title="bbox 2290 3561 3103 3639; baseline 0.01 -22"><span class='ocrx_word' id='word_1_617' title='bbox 2290 3561 2419 3628; x_wconf 72' lang='grc' dir='ltr'>λαῷ</span> <span class='ocrx_word' id='word_1_618' title='bbox 2447 3582 2582 3632; x_wconf 86' lang='grc' dir='ltr'>μου,</span> <span class='ocrx_word' id='word_1_619' title='bbox 2604 3566 2661 3619; x_wconf 78' lang='grc' dir='ltr'>οἳ</span> <span class='ocrx_word' id='word_1_620' title='bbox 2684 3565 2981 3635; x_wconf 76' lang='grc' dir='ltr'>ἐζήτησάν</span> <span class='ocrx_word' id='word_1_621' title='bbox 3006 3587 3103 3639; x_wconf 86' lang='grc' dir='ltr'>με.</span> 
     </span>
    </p>
   </div>
   <div class='ocr_carea' id='block_1_80' title="bbox 2368 3652 3880 3737">
    <p class='ocr_par' dir='ltr' id='par_1_80' title="bbox 2368 3652 3880 3737">
     <span class='ocr_line' id='line_1_80' title="bbox 2368 3652 3880 3737; baseline 0.014 -35"><span class='ocrx_word' id='word_1_622' title='bbox 2368 3652 2528 3715; x_wconf 88' lang='grc' dir='ltr'>Ἔθος</span> <span class='ocrx_word' id='word_1_623' title='bbox 2548 3655 2613 3723; x_wconf 78' lang='grc' dir='ltr'><strong>τῇ</strong></span> <span class='ocrx_word' id='word_1_624' title='bbox 2644 3653 2987 3729; x_wconf 84' lang='grc' dir='ltr'>θεοπνεύστῳ</span> <span class='ocrx_word' id='word_1_625' title='bbox 3018 3660 3203 3733; x_wconf 81' lang='grc' dir='ltr'>Γραφῇ</span> <span class='ocrx_word' id='word_1_626' title='bbox 3253 3662 3477 3734; x_wconf 78' lang='grc' dir='ltr'>δρυμοῖς</span> <span class='ocrx_word' id='word_1_627' title='bbox 3516 3669 3880 3737; x_wconf 77' lang='grc' dir='ltr'>παρεικάζειν</span> 
     </span>
    </p>
   </div>
   <div class='ocr_carea' id='block_1_81' title="bbox 2291 3742 3884 3820">
    <p class='ocr_par' dir='ltr' id='par_1_81' title="bbox 2291 3742 3884 3820">
     <span class='ocr_line' id='line_1_81' title="bbox 2291 3742 3884 3820; baseline 0.012 -26"><span class='ocrx_word' id='word_1_628' title='bbox 2291 3742 2741 3814; x_wconf 79' lang='grc' dir='ltr'>εὐδενδροτάτοις,</span> <span class='ocrx_word' id='word_1_629' title='bbox 2774 3749 2868 3802; x_wconf 79' lang='grc' dir='ltr'>καὶ</span> <span class='ocrx_word' id='word_1_630' title='bbox 2901 3748 3088 3803; x_wconf 81' lang='grc' dir='ltr'>ἄνθεσι</span> <span class='ocrx_word' id='word_1_631' title='bbox 3122 3755 3231 3815; x_wconf 86' lang='grc' dir='ltr'>τοῖς</span> <span class='ocrx_word' id='word_1_632' title='bbox 3271 3754 3456 3808; x_wconf 83' lang='grc' dir='ltr'>δασέσι</span> <span class='ocrx_word' id='word_1_633' title='bbox 3490 3757 3588 3820; x_wconf 78' lang='grc' dir='ltr'><strong>τὰς</strong></span> <span class='ocrx_word' id='word_1_634' title='bbox 3638 3762 3884 3813; x_wconf 78' lang='grc' dir='ltr'>πολυαν-</span> 
     </span>
    </p>
   </div>
   <div class='ocr_carea' id='block_1_82' title="bbox 2289 3831 3882 3923">
    <p class='ocr_par' dir='ltr' id='par_1_82' title="bbox 2289 3831 3882 3923">
     <span class='ocr_line' id='line_1_82' title="bbox 2289 3831 3882 3923; baseline 0.013 -39"><span class='ocrx_word' id='word_1_635' title='bbox 2289 3831 2519 3902; x_wconf 89' lang='grc' dir='ltr'>δρούσας</span> <span class='ocrx_word' id='word_1_636' title='bbox 2549 3836 2750 3901; x_wconf 84' lang='grc' dir='ltr'>πόλεις,</span> <span class='ocrx_word' id='word_1_637' title='bbox 2780 3838 2813 3909; x_wconf 84' lang='grc' dir='ltr'>ἣ</span> <span class='ocrx_word' id='word_1_638' title='bbox 2847 3839 3032 3912; x_wconf 84' lang='grc' dir='ltr'>χώρας</span> <span class='ocrx_word' id='word_1_639' title='bbox 3060 3842 3172 3896; x_wconf 76' lang='grc' dir='ltr'>ἔσθ’</span> <span class='ocrx_word' id='word_1_640' title='bbox 3201 3845 3313 3909; x_wconf 84' lang='grc' dir='ltr'>ὅτε,</span> <span class='ocrx_word' id='word_1_641' title='bbox 3358 3847 3453 3899; x_wconf 71' lang='grc' dir='ltr'>καὶ</span> <span class='ocrx_word' id='word_1_642' title='bbox 3493 3849 3624 3917; x_wconf 88' lang='grc' dir='ltr'>γοῦν</span> <span class='ocrx_word' id='word_1_643' title='bbox 3654 3851 3761 3923; x_wconf 77' lang='grc' dir='ltr'><strong>ἔφη</strong></span> <span class='ocrx_word' id='word_1_644' title='bbox 3796 3871 3882 3917; x_wconf 82' lang='grc' dir='ltr'><strong>τις</strong></span> 
     </span>
    </p>
   </div>
   <div class='ocr_carea' id='block_1_83' title="bbox 2288 3925 3881 4010">
    <p class='ocr_par' dir='ltr' id='par_1_83' title="bbox 2288 3925 3881 4010">
     <span class='ocr_line' id='line_1_83' title="bbox 2288 3925 3881 4010; baseline 0.01 -32"><span class='ocrx_word' id='word_1_645' title='bbox 2288 3925 2398 3981; x_wconf 86' lang='grc' dir='ltr'>τῶν</span> <span class='ocrx_word' id='word_1_646' title='bbox 2442 3928 2614 3996; x_wconf 85' lang='grc' dir='ltr'>ἁγίων</span> <span class='ocrx_word' id='word_1_647' title='bbox 2648 3932 2945 4001; x_wconf 85' lang='grc' dir='ltr'>προφητῶν</span> <span class='ocrx_word' id='word_1_648' title='bbox 2968 3974 2981 3996; x_wconf 95' lang='grc'><strong>,</strong></span> <span class='ocrx_word' id='word_1_649' title='bbox 3036 3936 3114 3999; x_wconf 82' lang='grc' dir='ltr'>ὡς</span> <span class='ocrx_word' id='word_1_650' title='bbox 3159 3938 3296 4007; x_wconf 85' lang='grc' dir='ltr'>πρὸς</span> <span class='ocrx_word' id='word_1_651' title='bbox 3327 3941 3556 4010; x_wconf 76' lang='grc' dir='ltr'>τὴντῶν</span> <span class='ocrx_word' id='word_1_652' title='bbox 3602 3944 3881 3997; x_wconf 77' lang='grc' dir='ltr'>Ἰουδαίων</span> 
     </span>
    </p>
   </div>
   <div class='ocr_carea' id='block_1_84' title="bbox 2293 4019 3883 4104">
    <p class='ocr_par' dir='ltr' id='par_1_84' title="bbox 2293 4019 3883 4104">
     <span class='ocr_line' id='line_1_84' title="bbox 2293 4019 3883 4104; baseline 0.014 -34"><span class='ocrx_word' id='word_1_653' title='bbox 2293 4019 2524 4091; x_wconf 81' lang='grc' dir='ltr'>μητέρα,</span> <span class='ocrx_word' id='word_1_654' title='bbox 2583 4024 2726 4093; x_wconf 82' lang='grc' dir='ltr'>φημὶ</span> <span class='ocrx_word' id='word_1_655' title='bbox 2762 4024 2824 4096; x_wconf 84' lang='grc' dir='ltr'>δὴ</span> <span class='ocrx_word' id='word_1_656' title='bbox 2850 4027 2948 4095; x_wconf 81' lang='grc' dir='ltr'><strong>τὴν</strong></span> <span class='ocrx_word' id='word_1_657' title='bbox 3010 4028 3371 4103; x_wconf 81' lang='grc' dir='ltr'>Ἰερουσαλήμ</span> <span class='ocrx_word' id='word_1_658' title='bbox 3394 4049 3409 4063; x_wconf 76' lang='grc' dir='ltr'><strong>ο</strong></span> <span class='ocrx_word' id='word_1_659' title='bbox 3465 4054 3483 4085; x_wconf 80' lang='grc' dir='ltr'><strong>ι</strong></span> <span class='ocrx_word' id='word_1_660' title='bbox 3513 4037 3813 4104; x_wconf 76' lang='grc' dir='ltr'>Διάνοιξον,</span> <span class='ocrx_word' id='word_1_661' title='bbox 3852 4042 3883 4092; x_wconf 82' lang='grc' dir='ltr'>ὁ</span> 
     </span>
    </p>
   </div>
   <div class='ocr_carea' id='block_1_85' title="bbox 2288 4110 3883 4198">
    <p class='ocr_par' dir='ltr' id='par_1_85' title="bbox 2288 4110 3883 4198">
     <span class='ocr_line' id='line_1_85' title="bbox 2288 4110 3883 4198; baseline 0.013 -35"><span class='ocrx_word' id='word_1_662' title='bbox 2288 4110 2543 4177; x_wconf 80' lang='grc' dir='ltr'>Λίϐανος,</span> <span class='ocrx_word' id='word_1_663' title='bbox 2573 4113 2673 4177; x_wconf 82' lang='grc' dir='ltr'><strong>τὰς</strong></span> <span class='ocrx_word' id='word_1_664' title='bbox 2723 4114 2890 4187; x_wconf 88' lang='grc' dir='ltr'>θύρας</span> <span class='ocrx_word' id='word_1_665' title='bbox 2926 4136 3040 4185; x_wconf 85' lang='grc' dir='ltr'>σου,</span> <span class='ocrx_word' id='word_1_666' title='bbox 3076 4122 3169 4174; x_wconf 80' lang='grc' dir='ltr'><strong>καὶ</strong></span> <span class='ocrx_word' id='word_1_667' title='bbox 3208 4128 3569 4194; x_wconf 80' lang='grc' dir='ltr'>καταφαγέτω</span> <span class='ocrx_word' id='word_1_668' title='bbox 3618 4128 3733 4198; x_wconf 89' lang='grc' dir='ltr'><strong>πῦρ</strong></span> <span class='ocrx_word' id='word_1_669' title='bbox 3776 4130 3883 4192; x_wconf 73' lang='grc' dir='ltr'>τὰς</span> 
     </span>
    </p>
   </div>
   <div class='ocr_carea' id='block_1_86' title="bbox 2288 4203 3883 4288">
    <p class='ocr_par' dir='ltr' id='par_1_86' title="bbox 2288 4203 3883 4288">
     <span class='ocr_line' id='line_1_86' title="bbox 2288 4203 3883 4288; baseline 0.013 -34"><span class='ocrx_word' id='word_1_670' title='bbox 2288 4203 2511 4274; x_wconf 85' lang='grc' dir='ltr'>κέδρους</span> <span class='ocrx_word' id='word_1_671' title='bbox 2558 4224 2651 4259; x_wconf 91' lang='grc' dir='ltr'><strong>σου</strong></span> <span class='ocrx_word' id='word_1_672' title='bbox 2680 4224 2691 4235; x_wconf 93' lang='grc'><strong>·</strong></span> <span class='ocrx_word' id='word_1_673' title='bbox 2726 4208 3030 4276; x_wconf 78' lang='grc' dir='ltr'>ὀλολύξατε,</span> <span class='ocrx_word' id='word_1_674' title='bbox 3064 4214 3222 4284; x_wconf 85' lang='grc' dir='ltr'>δρῦες</span> <span class='ocrx_word' id='word_1_675' title='bbox 3252 4218 3349 4288; x_wconf 81' lang='grc' dir='ltr'><strong>τῆς</strong></span> <span class='ocrx_word' id='word_1_676' title='bbox 3390 4219 3759 4287; x_wconf 81' lang='grc' dir='ltr'>Βασανίτιδος,</span> <span class='ocrx_word' id='word_1_677' title='bbox 3792 4224 3883 4275; x_wconf 81' lang='grc' dir='ltr'>ὅτι</span> 
     </span>
    </p>
   </div>
   <div class='ocr_carea' id='block_1_87' title="bbox 2287 4295 3880 4383">
    <p class='ocr_par' dir='ltr' id='par_1_87' title="bbox 2287 4295 3880 4383">
     <span class='ocr_line' id='line_1_87' title="bbox 2287 4295 3880 4383; baseline 0.014 -37"><span class='ocrx_word' id='word_1_678' title='bbox 2287 4295 2640 4367; x_wconf 83' lang='grc' dir='ltr'>κατεσπάσθη</span> <span class='ocrx_word' id='word_1_679' title='bbox 2676 4298 2704 4349; x_wconf 87' lang='grc' dir='ltr'>ὁ</span> <span class='ocrx_word' id='word_1_680' title='bbox 2731 4298 2981 4370; x_wconf 80' lang='grc' dir='ltr'>δρυμὺςὸ</span> <span class='ocrx_word' id='word_1_681' title='bbox 3022 4303 3326 4375; x_wconf 87' lang='grc' dir='ltr'>σύμφυτος.</span> <span class='ocrx_word' id='word_1_682' title='bbox 3377 4329 3394 4361; x_wconf 74' lang='grc' dir='ltr'><strong>ι</strong></span> <span class='ocrx_word' id='word_1_683' title='bbox 3433 4312 3542 4363; x_wconf 75' lang='grc' dir='ltr'>Καὶ</span> <span class='ocrx_word' id='word_1_684' title='bbox 3568 4312 3629 4364; x_wconf 72' lang='grc' dir='ltr'><strong>οὐ</strong></span> <span class='ocrx_word' id='word_1_685' title='bbox 3658 4312 3727 4383; x_wconf 82' lang='grc' dir='ltr'>δή</span> <span class='ocrx_word' id='word_1_686' title='bbox 3768 4330 3880 4367; x_wconf 82' lang='grc' dir='ltr'><strong>που</strong></span> 
     </span>
    </p>
   </div>
   <div class='ocr_carea' id='block_1_88' title="bbox 2287 4386 3882 4473">
    <p class='ocr_par' dir='ltr' id='par_1_88' title="bbox 2287 4386 3882 4473">
     <span class='ocr_line' id='line_1_88' title="bbox 2287 4386 3882 4473; baseline 0.014 -36"><span class='ocrx_word' id='word_1_687' title='bbox 2287 4386 2421 4456; x_wconf 85' lang='grc' dir='ltr'>φαίη</span> <span class='ocrx_word' id='word_1_688' title='bbox 2451 4404 2535 4451; x_wconf 91' lang='grc' dir='ltr'><strong>τις</strong></span> <span class='ocrx_word' id='word_1_689' title='bbox 2570 4388 2658 4451; x_wconf 86' lang='grc' dir='ltr'><strong>ἂν,</strong></span> <span class='ocrx_word' id='word_1_690' title='bbox 2689 4389 2764 4453; x_wconf 85' lang='grc' dir='ltr'><strong>ὡς</strong></span> <span class='ocrx_word' id='word_1_691' title='bbox 2790 4391 2975 4445; x_wconf 89' lang='grc' dir='ltr'>πίτυσί</span> <span class='ocrx_word' id='word_1_692' title='bbox 3000 4412 3059 4447; x_wconf 86' lang='grc' dir='ltr'><strong>τε</strong></span> <span class='ocrx_word' id='word_1_693' title='bbox 3096 4398 3189 4450; x_wconf 79' lang='grc' dir='ltr'>καὶ</span> <span class='ocrx_word' id='word_1_694' title='bbox 3230 4401 3410 4469; x_wconf 83' lang='grc' dir='ltr'>μέντοι</span> <span class='ocrx_word' id='word_1_695' title='bbox 3449 4402 3634 4473; x_wconf 73' lang='grc' dir='ltr'>δρυσὶν</span> <span class='ocrx_word' id='word_1_696' title='bbox 3677 4404 3882 4459; x_wconf 73' lang='grc' dir='ltr'>ὀλολύ-</span> 
     </span>
    </p>
   </div>
   <div class='ocr_carea' id='block_1_89' title="bbox 600 4451 2194 4567">
    <p class='ocr_par' dir='ltr' id='par_1_89' title="bbox 600 4451 2174 4567">
     <span class='ocr_line' id='line_1_89' title="bbox 600 4451 2174 4535; baseline 0.02 -34"><span class='ocrx_word' id='word_1_697' title='bbox 600 4451 906 4508; x_wconf 87' lang='lat' dir='ltr'><strong>assimilare</strong></span> <span class='ocrx_word' id='word_1_698' title='bbox 952 4458 1205 4529; x_wconf 88' lang='lat' dir='ltr'><strong>dignatur</strong></span> <span class='ocrx_word' id='word_1_699' title='bbox 1251 4464 1412 4535; x_wconf 86' lang='lat' dir='ltr'><strong>lignis</strong></span> <span class='ocrx_word' id='word_1_700' title='bbox 1493 4469 1938 4529; x_wconf 85' lang='lat' dir='ltr'><strong>innumerabilem</strong></span> <span class='ocrx_word' id='word_1_701' title='bbox 1988 4493 2174 4534; x_wconf 84' lang='lat' dir='ltr'><strong>eorum</strong></span> 
     </span>
     <span class='ocr_line' id='line_1_90' title="bbox 602 4544 1597 4567; baseline 0 0"><span class='ocrx_word' id='word_1_702' title='bbox 602 4544 689 4567; x_wconf 73' lang='grc' dir='ltr'><strong>...ιέ</strong></span> <span class='ocrx_word' id='word_1_703' title='bbox 728 4544 776 4567; x_wconf 65' lang='grc' dir='ltr'><strong>ζ..</strong></span> <span class='ocrx_word' id='word_1_704' title='bbox 812 4547 1027 4567; x_wconf 47' lang='lat' dir='ltr'><strong>--_L2L.,_</strong></span> <span class='ocrx_word' id='word_1_705' title='bbox 1100 4566 1103 4567; x_wconf 67' lang='lat'>,</span> <span class='ocrx_word' id='word_1_706' title='bbox 1199 4565 1207 4567; x_wconf 36' lang='grc' dir='ltr'><strong>μ</strong></span> <span class='ocrx_word' id='word_1_707' title='bbox 1474 4560 1483 4567; x_wconf 91' lang='grc'><em>.</em></span> <span class='ocrx_word' id='word_1_708' title='bbox 1564 4562 1597 4567; x_wconf 82' lang='grc'><strong>--</strong></span> 
     </span>
    </p>
   </div>
   <div class='ocr_carea' id='block_1_90' title="bbox 2298 4451 3872 4567">
    <p class='ocr_par' dir='ltr' id='par_1_90' title="bbox 2298 4451 3872 4567">
     <span class='ocr_line' id='line_1_91' title="bbox 2298 4451 3872 4567; baseline 0.013 -37"><span class='ocrx_word' id='word_1_709' title='bbox 2298 4451 2756 4541; x_wconf 16' lang='grc' dir='ltr'>ξεινϋὲντὲλλεταισή</span> <span class='ocrx_word' id='word_1_710' title='bbox 2784 4485 2975 4555; x_wconf 82' lang='grc' dir='ltr'>κομιδῇ</span> <span class='ocrx_word' id='word_1_711' title='bbox 3014 4488 3122 4559; x_wconf 78' lang='grc' dir='ltr'>γὰρ</span> <span class='ocrx_word' id='word_1_712' title='bbox 3163 4451 3678 4567; x_wconf 36' lang='grc' dir='ltr'>εὔηθες-τὸ-ἒιρημά</span> <span class='ocrx_word' id='word_1_713' title='bbox 3726 4499 3872 4549; x_wconf 75' lang='grc' dir='ltr'>ἐστι·</span> 
     </span>
    </p>
   </div>
   <div class='ocr_carea' id='block_1_91' title="bbox 599 4544 2175 4629">
    <p class='ocr_par' dir='ltr' id='par_1_91' title="bbox 599 4544 2175 4629">
     <span class='ocr_line' id='line_1_92' title="bbox 599 4544 2175 4629; baseline 0.023 -38"><span class='ocrx_word' id='word_1_714' title='bbox 599 4544 778 4610; x_wconf 86' lang='lat' dir='ltr'><strong>quiin</strong></span> <span class='ocrx_word' id='word_1_715' title='bbox 812 4547 1035 4604; x_wconf 88' lang='lat' dir='ltr'><strong>urbibus</strong></span> <span class='ocrx_word' id='word_1_716' title='bbox 1088 4565 1215 4607; x_wconf 83' lang='lat' dir='ltr'><strong>sunt</strong></span> <span class='ocrx_word' id='word_1_717' title='bbox 1274 4568 1327 4610; x_wconf 91' lang='lat' dir='ltr'><strong>et</strong></span> <span class='ocrx_word' id='word_1_718' title='bbox 1377 4560 1685 4629; x_wconf 85' lang='lat' dir='ltr'><strong>regionibus</strong></span> <span class='ocrx_word' id='word_1_719' title='bbox 1756 4567 2175 4627; x_wconf 86' lang='lat' dir='ltr'><strong>multitudinem.</strong></span> 
     </span>
    </p>
   </div>
   <div class='ocr_carea' id='block_1_92' title="bbox 602 4629 2176 4725">
    <p class='ocr_par' dir='ltr' id='par_1_92' title="bbox 602 4629 2176 4725">
     <span class='ocr_line' id='line_1_93' title="bbox 602 4629 2176 4725; baseline 0.022 -40"><span class='ocrx_word' id='word_1_720' title='bbox 602 4629 887 4688; x_wconf 85' lang='lat' dir='ltr'><strong>Ulularuut</strong></span> <span class='ocrx_word' id='word_1_721' title='bbox 923 4649 1103 4693; x_wconf 86' lang='lat' dir='ltr'><strong>autem</strong></span> <span class='ocrx_word' id='word_1_722' title='bbox 1138 4641 1329 4709; x_wconf 66' lang='lat' dir='ltr'><strong>Judaei,</strong></span> <span class='ocrx_word' id='word_1_723' title='bbox 1376 4662 1499 4703; x_wconf 90' lang='lat' dir='ltr'><strong>cum</strong></span> <span class='ocrx_word' id='word_1_724' title='bbox 1532 4653 1765 4707; x_wconf 83' lang='lat' dir='ltr'><strong>hostium</strong></span> <span class='ocrx_word' id='word_1_725' title='bbox 1797 4656 1988 4725; x_wconf 78' lang='lat' dir='ltr'><strong>gladiis</strong></span> <span class='ocrx_word' id='word_1_726' title='bbox 2044 4665 2176 4717; x_wconf 87' lang='lat' dir='ltr'><strong>sub-</strong></span> 
     </span>
    </p>
   </div>
   <div class='ocr_carea' id='block_1_93' title="bbox 593 4723 2177 4810">
    <p class='ocr_par' dir='ltr' id='par_1_93' title="bbox 593 4723 2177 4810">
     <span class='ocr_line' id='line_1_94' title="bbox 593 4723 2177 4810; baseline 0.023 -36"><span class='ocrx_word' id='word_1_727' title='bbox 593 4723 917 4794; x_wconf 89' lang='lat' dir='ltr'><strong>jicerentur,</strong></span> <span class='ocrx_word' id='word_1_728' title='bbox 969 4743 1191 4801; x_wconf 90' lang='lat' dir='ltr'><strong>propter</strong></span> <span class='ocrx_word' id='word_1_729' title='bbox 1230 4738 1562 4807; x_wconf 83' lang='lat' dir='ltr'><strong>impietatem</strong></span> <span class='ocrx_word' id='word_1_730' title='bbox 1612 4745 1663 4797; x_wconf 91' lang='lat' dir='ltr'><strong>in</strong></span> <span class='ocrx_word' id='word_1_731' title='bbox 1689 4723 1988 4805; x_wconf 36' lang='lat' dir='ltr'><strong>Chr—istum.</strong></span> <span class='ocrx_word' id='word_1_732' title='bbox 2022 4753 2177 4810; x_wconf 80' lang='lat' dir='ltr'><strong>Psal-</strong></span> 
     </span>
    </p>
   </div>
   <div class='ocr_carea' id='block_1_94' title="bbox 598 4815 2175 4903">
    <p class='ocr_par' dir='ltr' id='par_1_94' title="bbox 598 4815 2175 4903">
     <span class='ocr_line' id='line_1_95' title="bbox 598 4815 2175 4903; baseline 0.023 -35"><span class='ocrx_word' id='word_1_733' title='bbox 598 4815 767 4885; x_wconf 86' lang='lat' dir='ltr'><strong>litque</strong></span> <span class='ocrx_word' id='word_1_734' title='bbox 792 4819 1007 4876; x_wconf 91' lang='lat' dir='ltr'><strong>divinus</strong></span> <span class='ocrx_word' id='word_1_735' title='bbox 1034 4823 1219 4890; x_wconf 87' lang='lat' dir='ltr'><strong>David,</strong></span> <span class='ocrx_word' id='word_1_736' title='bbox 1254 4840 1440 4899; x_wconf 89' lang='lat' dir='ltr'><strong>utpote</strong></span> <span class='ocrx_word' id='word_1_737' title='bbox 1478 4837 1791 4902; x_wconf 87' lang='lat' dir='ltr'><strong>apparituro</strong></span> <span class='ocrx_word' id='word_1_738' title='bbox 1843 4858 1964 4896; x_wconf 82' lang='lat' dir='ltr'><strong>mox</strong></span> <span class='ocrx_word' id='word_1_739' title='bbox 2014 4846 2175 4903; x_wconf 86' lang='lat' dir='ltr'><strong>Chri-</strong></span> 
     </span>
    </p>
   </div>
   <div class='ocr_carea' id='block_1_95' title="bbox 599 4909 2180 5010">
    <p class='ocr_par' dir='ltr' id='par_1_95' title="bbox 599 4909 2180 5010">
     <span class='ocr_line' id='line_1_96' title="bbox 599 4909 2180 5010; baseline 0.023 -52"><span class='ocrx_word' id='word_1_740' title='bbox 599 4918 685 4960; x_wconf 81' lang='lat' dir='ltr'><strong>sto</strong></span> <span class='ocrx_word' id='word_1_741' title='bbox 750 4909 804 4963; x_wconf 87' lang='lat' dir='ltr'><strong>in</strong></span> <span class='ocrx_word' id='word_1_742' title='bbox 848 4917 1135 4971; x_wconf 72' lang='lat' dir='ltr'><strong>mundozr</strong></span> <span class='ocrx_word' id='word_1_743' title='bbox 1186 4919 1336 4977; x_wconf 91' lang='lat' dir='ltr'><strong>Tunc</strong></span> <span class='ocrx_word' id='word_1_744' title='bbox 1386 4927 1730 4983; x_wconf 80' lang='lat' dir='ltr'><strong>exsultabunt</strong></span> <span class='ocrx_word' id='word_1_745' title='bbox 1796 4936 1974 4989; x_wconf 89' lang='lat' dir='ltr'><strong>omnia</strong></span> <span class='ocrx_word' id='word_1_746' title='bbox 2040 4938 2180 5010; x_wconf 88' lang='lat' dir='ltr'><strong>ligna</strong></span> 
     </span>
    </p>
   </div>
   <div class='ocr_carea' id='block_1_96' title="bbox 598 4998 2177 5093">
    <p class='ocr_par' dir='ltr' id='par_1_96' title="bbox 598 4998 2177 5093">
     <span class='ocr_line' id='line_1_97' title="bbox 598 4998 2177 5093; baseline 0.022 -42"><span class='ocrx_word' id='word_1_747' title='bbox 598 4998 769 5064; x_wconf 73' lang='lat' dir='ltr'><strong>silvae,</strong></span> <span class='ocrx_word' id='word_1_748' title='bbox 816 5018 845 5055; x_wconf 91' lang='lat' dir='ltr'><strong>a</strong></span> <span class='ocrx_word' id='word_1_749' title='bbox 887 5003 1025 5062; x_wconf 82' lang='lat' dir='ltr'><strong>facie</strong></span> <span class='ocrx_word' id='word_1_750' title='bbox 1060 5008 1291 5078; x_wconf 91' lang='lat' dir='ltr'><strong>Domini,</strong></span> <span class='ocrx_word' id='word_1_751' title='bbox 1354 5017 1479 5085; x_wconf 86' lang='lat' dir='ltr'><strong>quia</strong></span> <span class='ocrx_word' id='word_1_752' title='bbox 1516 5022 1662 5075; x_wconf 89' lang='lat' dir='ltr'><strong>venit</strong></span> <span class='ocrx_word' id='word_1_753' title='bbox 1704 5026 1770 5076; x_wconf 86' lang='lat' dir='ltr'><strong>ad</strong></span> <span class='ocrx_word' id='word_1_754' title='bbox 1811 4998 2177 5093; x_wconf 50' lang='lat' dir='ltr'><strong>judicand‘utn</strong></span> 
     </span>
    </p>
   </div>
   <div class='ocr_carea' id='block_1_97' title="bbox 602 5092 2182 5185">
    <p class='ocr_par' dir='ltr' id='par_1_97' title="bbox 602 5092 2182 5185">
     <span class='ocr_line' id='line_1_98' title="bbox 602 5092 2182 5185; baseline 0.023 -44"><span class='ocrx_word' id='word_1_755' title='bbox 602 5098 800 5144; x_wconf 89' lang='lat' dir='ltr'><strong>terram</strong></span> <span class='ocrx_word' id='word_1_756' title='bbox 820 5092 918 5147; x_wconf 80' lang='grc'><strong>⁵⁸.»</strong></span> <span class='ocrx_word' id='word_1_757' title='bbox 946 5095 1150 5169; x_wconf 87' lang='lat' dir='ltr'><strong>ltaqtte,</strong></span> <span class='ocrx_word' id='word_1_758' title='bbox 1192 5121 1210 5155; x_wconf 82' lang='grc' dir='ltr'><strong>ι</strong></span> <span class='ocrx_word' id='word_1_759' title='bbox 1237 5103 1294 5159; x_wconf 93' lang='lat' dir='ltr'><strong>ln</strong></span> <span class='ocrx_word' id='word_1_760' title='bbox 1319 5107 1474 5175; x_wconf 89' lang='lat' dir='ltr'><strong>silva,</strong></span> <span class='ocrx_word' id='word_1_761' title='bbox 1498 5129 1516 5161; x_wconf 74' lang='grc' dir='ltr'><strong>ι</strong></span> <span class='ocrx_word' id='word_1_762' title='bbox 1545 5110 1735 5181; x_wconf 83' lang='lat' dir='ltr'><strong>inquit,</strong></span> <span class='ocrx_word' id='word_1_763' title='bbox 1755 5092 1929 5185; x_wconf 82' lang='lat' dir='ltr'><strong>idest,</strong></span> <span class='ocrx_word' id='word_1_764' title='bbox 1957 5119 2011 5173; x_wconf 92' lang='lat' dir='ltr'><strong>in</strong></span> <span class='ocrx_word' id='word_1_765' title='bbox 2044 5123 2182 5177; x_wconf 87' lang='lat' dir='ltr'><strong>mul-</strong></span> 
     </span>
    </p>
   </div>
   <div class='ocr_carea' id='block_1_98' title="bbox 596 5365 2176 5459">
    <p class='ocr_par' dir='ltr' id='par_1_98' title="bbox 596 5365 2176 5459">
     <span class='ocr_line' id='line_1_99' title="bbox 596 5365 2176 5459; baseline 0.024 -42"><span class='ocrx_word' id='word_1_766' title='bbox 596 5365 852 5426; x_wconf 72' lang='lat' dir='ltr'><strong>Ecclesia:</strong></span> <span class='ocrx_word' id='word_1_767' title='bbox 891 5391 905 5426; x_wconf 93' lang='lat'><strong>:</strong></span> <span class='ocrx_word' id='word_1_768' title='bbox 960 5394 980 5425; x_wconf 73' lang='grc' dir='ltr'><strong>ι</strong></span> <span class='ocrx_word' id='word_1_769' title='bbox 1008 5386 1063 5430; x_wconf 87' lang='lat' dir='ltr'><strong>et</strong></span> <span class='ocrx_word' id='word_1_770' title='bbox 1117 5381 1270 5436; x_wconf 84' lang='lat' dir='ltr'><strong>vallis</strong></span> <span class='ocrx_word' id='word_1_771' title='bbox 1314 5385 1493 5441; x_wconf 86' lang='lat' dir='ltr'><strong>Achor</strong></span> <span class='ocrx_word' id='word_1_772' title='bbox 1539 5392 1754 5459; x_wconf 84' lang='lat' dir='ltr'><strong>requies</strong></span> <span class='ocrx_word' id='word_1_773' title='bbox 1810 5408 2176 5454; x_wconf 87' lang='lat' dir='ltr'><strong>armentorum</strong></span> 
     </span>
    </p>
   </div>
   <div class='ocr_carea' id='block_1_99' title="bbox 598 5456 2176 5541">
    <p class='ocr_par' dir='ltr' id='par_1_99' title="bbox 598 5456 2176 5541">
     <span class='ocr_line' id='line_1_100' title="bbox 598 5456 2176 5541; baseline 0.022 -34"><span class='ocrx_word' id='word_1_774' title='bbox 598 5456 794 5523; x_wconf 79' lang='lat' dir='ltr'><strong>populo</strong></span> <span class='ocrx_word' id='word_1_775' title='bbox 815 5474 951 5527; x_wconf 89' lang='lat' dir='ltr'><strong>meo,</strong></span> <span class='ocrx_word' id='word_1_776' title='bbox 981 5465 1071 5534; x_wconf 93' lang='lat' dir='ltr'><strong>qui</strong></span> <span class='ocrx_word' id='word_1_777' title='bbox 1125 5472 1371 5537; x_wconf 64' lang='lat' dir='ltr'><strong>quwsivit</strong></span> <span class='ocrx_word' id='word_1_778' title='bbox 1404 5491 1508 5530; x_wconf 90' lang='lat' dir='ltr'><strong>me.</strong></span> <span class='ocrx_word' id='word_1_779' title='bbox 1549 5495 1567 5528; x_wconf 77' lang='grc' dir='ltr'><strong>ι</strong></span> <span class='ocrx_word' id='word_1_780' title='bbox 1599 5456 1777 5534; x_wconf 69' lang='grc' dir='ltr'>Ᾱοιιοι·</span> <span class='ocrx_word' id='word_1_781' title='bbox 1827 5483 1914 5538; x_wconf 91' lang='lat' dir='ltr'><strong>hic</strong></span> <span class='ocrx_word' id='word_1_782' title='bbox 1991 5488 2176 5541; x_wconf 84' lang='lat' dir='ltr'><strong>oriun-</strong></span> 
     </span>
    </p>
   </div>
   <div class='ocr_carea' id='block_1_100' title="bbox 598 5545 2173 5643">
    <p class='ocr_par' dir='ltr' id='par_1_100' title="bbox 598 5545 2173 5643">
     <span class='ocr_line' id='line_1_101' title="bbox 598 5545 2173 5643; baseline 0.022 -45"><span class='ocrx_word' id='word_1_783' title='bbox 598 5545 699 5601; x_wconf 91' lang='lat' dir='ltr'><strong>dus</strong></span> <span class='ocrx_word' id='word_1_784' title='bbox 729 5560 811 5605; x_wconf 84' lang='lat' dir='ltr'><strong>est</strong></span> <span class='ocrx_word' id='word_1_785' title='bbox 845 5568 911 5608; x_wconf 78' lang='lat' dir='ltr'><strong>ex</strong></span> <span class='ocrx_word' id='word_1_786' title='bbox 957 5558 1164 5615; x_wconf 90' lang='lat' dir='ltr'><strong>semine</strong></span> <span class='ocrx_word' id='word_1_787' title='bbox 1195 5563 1388 5629; x_wconf 89' lang='lat' dir='ltr'><strong>Israel;</strong></span> <span class='ocrx_word' id='word_1_788' title='bbox 1452 5568 1626 5623; x_wconf 87' lang='lat' dir='ltr'><strong>deleta</strong></span> <span class='ocrx_word' id='word_1_789' title='bbox 1703 5582 1881 5627; x_wconf 88' lang='lat' dir='ltr'><strong>autem</strong></span> <span class='ocrx_word' id='word_1_790' title='bbox 1934 5574 2173 5643; x_wconf 80' lang='lat' dir='ltr'><strong>Jericho,</strong></span> 
     </span>
    </p>
   </div>
   <div class='ocr_carea' id='block_1_101' title="bbox 597 5635 2175 5727">
    <p class='ocr_par' dir='ltr' id='par_1_101' title="bbox 597 5635 2175 5727">
     <span class='ocr_line' id='line_1_102' title="bbox 597 5635 2175 5727; baseline 0.02 -40"><span class='ocrx_word' id='word_1_791' title='bbox 597 5635 794 5693; x_wconf 86' lang='lat' dir='ltr'><strong>deinde</strong></span> <span class='ocrx_word' id='word_1_792' title='bbox 815 5638 1036 5708; x_wconf 76' lang='lat' dir='ltr'><strong>iubente</strong></span> <span class='ocrx_word' id='word_1_793' title='bbox 1078 5649 1187 5709; x_wconf 90' lang='lat' dir='ltr'><strong>Deo</strong></span> <span class='ocrx_word' id='word_1_794' title='bbox 1217 5652 1383 5724; x_wconf 78' lang='lat'><strong>897</strong></span> <span class='ocrx_word' id='word_1_795' title='bbox 1409 5657 1587 5709; x_wconf 89' lang='lat' dir='ltr'><strong>omnia</strong></span> <span class='ocrx_word' id='word_1_796' title='bbox 1629 5672 1749 5727; x_wconf 77' lang='lat' dir='ltr'><strong>qua:</strong></span> <span class='ocrx_word' id='word_1_797' title='bbox 1789 5661 1840 5716; x_wconf 91' lang='lat' dir='ltr'><strong>in</strong></span> <span class='ocrx_word' id='word_1_798' title='bbox 1868 5677 1929 5717; x_wconf 87' lang='lat' dir='ltr'><strong>ea</strong></span> <span class='ocrx_word' id='word_1_799' title='bbox 1962 5635 2175 5719; x_wconf 77' lang='lat' dir='ltr'><strong>fuerant</strong></span> 
     </span>
    </p>
   </div>
   <div class='ocr_carea' id='block_1_102' title="bbox 666 5754 1789 5839">
    <p class='ocr_par' dir='ltr' id='par_1_102' title="bbox 666 5754 1789 5839">
     <span class='ocr_line' id='line_1_103' title="bbox 666 5754 1789 5839; baseline 0.015 -23"><span class='ocrx_word' id='word_1_800' title='bbox 666 5754 713 5839; x_wconf 46' lang='grc' dir='ltr'>έ³</span> <span class='ocrx_word' id='word_1_801' title='bbox 744 5754 902 5839; x_wconf 46' lang='grc' dir='ltr'><strong>Περὶ.</strong></span> <span class='ocrx_word' id='word_1_802' title='bbox 940 5778 1017 5830; x_wconf 76' lang='grc' dir='ltr'>χι,</span> <span class='ocrx_word' id='word_1_803' title='bbox 1051 5769 1099 5823; x_wconf 83' lang='grc'><strong>5.</strong></span> <span class='ocrx_word' id='word_1_804' title='bbox 1176 5772 1221 5804; x_wconf 73' lang='grc'>⁸⁸</span> <span class='ocrx_word' id='word_1_805' title='bbox 1258 5772 1445 5829; x_wconf 82' lang='lat' dir='ltr'><strong>Matth.</strong></span> <span class='ocrx_word' id='word_1_806' title='bbox 1473 5790 1526 5838; x_wconf 81' lang='grc' dir='ltr'>ν,</span> <span class='ocrx_word' id='word_1_807' title='bbox 1562 5776 1648 5839; x_wconf 78' lang='grc' dir='ltr'>Η,</span> <span class='ocrx_word' id='word_1_808' title='bbox 1702 5779 1789 5833; x_wconf 79' lang='grc'><strong>15.</strong></span> 
     </span>
    </p>
   </div>
   <div class='ocr_carea' id='block_1_103' title="bbox 599 5827 860 5888">
    <p class='ocr_par' dir='ltr' id='par_1_103' title="bbox 599 5827 860 5888">
     <span class='ocr_line' id='line_1_104' title="bbox 599 5827 860 5888; baseline 0.027 -15"><span class='ocrx_word' id='word_1_809' title='bbox 599 5834 721 5888; x_wconf 75' lang='lat' dir='ltr'><strong>xcv,</strong></span> <span class='ocrx_word' id='word_1_810' title='bbox 774 5827 860 5880; x_wconf 70' lang='lat'><strong>12.</strong></span> 
     </span>
    </p>
   </div>
   <div class='ocr_carea' id='block_1_104' title="bbox 1908 5780 2342 5852">
    <p class='ocr_par' dir='ltr' id='par_1_104' title="bbox 1908 5780 2342 5852">
     <span class='ocr_line' id='line_1_105' title="bbox 1908 5780 2342 5852; baseline 0.009 -16"><span class='ocrx_word' id='word_1_811' title='bbox 1908 5781 1954 5812; x_wconf 80' lang='lat'><strong>&quot;</strong></span> <span class='ocrx_word' id='word_1_812' title='bbox 1995 5780 2123 5852; x_wconf 82' lang='lat' dir='ltr'><strong>Sap.</strong></span> <span class='ocrx_word' id='word_1_813' title='bbox 2179 5800 2233 5851; x_wconf 76' lang='grc' dir='ltr'>ν,</span> <span class='ocrx_word' id='word_1_814' title='bbox 2290 5786 2342 5840; x_wconf 80' lang='lat'><strong>5.</strong></span> 
     </span>
    </p>
   </div>
   <div class='ocr_carea' id='block_1_105' title="bbox 2284 4570 3872 4660">
    <p class='ocr_par' dir='ltr' id='par_1_105' title="bbox 2284 4570 3872 4660">
     <span class='ocr_line' id='line_1_106' title="bbox 2284 4570 3872 4660; baseline 0.013 -38"><span class='ocrx_word' id='word_1_815' title='bbox 2284 4570 2460 4637; x_wconf 82' lang='grc' dir='ltr'>ξύλοις</span> <span class='ocrx_word' id='word_1_816' title='bbox 2493 4573 2572 4634; x_wconf 87' lang='grc' dir='ltr'><strong>δὲ,</strong></span> <span class='ocrx_word' id='word_1_817' title='bbox 2628 4574 2702 4637; x_wconf 79' lang='grc' dir='ltr'>ὡς</span> <span class='ocrx_word' id='word_1_818' title='bbox 2748 4576 2901 4647; x_wconf 76' lang='grc' dir='ltr'>ἔφην,</span> <span class='ocrx_word' id='word_1_819' title='bbox 2940 4579 3237 4649; x_wconf 74' lang='grc' dir='ltr'>ἀφομοιοῦν</span> <span class='ocrx_word' id='word_1_820' title='bbox 3292 4583 3433 4648; x_wconf 76' lang='grc' dir='ltr'>ἀξιοῖ</span> <span class='ocrx_word' id='word_1_821' title='bbox 3475 4587 3570 4646; x_wconf 82' lang='grc' dir='ltr'>τὴν</span> <span class='ocrx_word' id='word_1_822' title='bbox 3624 4590 3872 4660; x_wconf 81' lang='grc' dir='ltr'>ἀριθμοῦ</span> 
     </span>
    </p>
   </div>
   <div class='ocr_carea' id='block_1_106' title="bbox 2282 4661 3874 4751">
    <p class='ocr_par' dir='ltr' id='par_1_106' title="bbox 2282 4661 3874 4751">
     <span class='ocr_line' id='line_1_107' title="bbox 2282 4661 3874 4751; baseline 0.014 -39"><span class='ocrx_word' id='word_1_823' title='bbox 2282 4661 2566 4731; x_wconf 86' lang='grc' dir='ltr'>κρείττονα</span> <span class='ocrx_word' id='word_1_824' title='bbox 2592 4663 2799 4735; x_wconf 76' lang='grc' dir='ltr'>πληθὺν</span> <span class='ocrx_word' id='word_1_825' title='bbox 2829 4666 2937 4719; x_wconf 83' lang='grc' dir='ltr'><strong>τῶν</strong></span> <span class='ocrx_word' id='word_1_826' title='bbox 2959 4670 3017 4721; x_wconf 80' lang='grc' dir='ltr'>ἐν</span> <span class='ocrx_word' id='word_1_827' title='bbox 3041 4674 3162 4734; x_wconf 84' lang='grc' dir='ltr'>ταῖς</span> <span class='ocrx_word' id='word_1_828' title='bbox 3195 4672 3386 4727; x_wconf 73' lang='grc' dir='ltr'>πόλεσι</span> <span class='ocrx_word' id='word_1_829' title='bbox 3417 4693 3475 4729; x_wconf 88' lang='grc' dir='ltr'><strong>τε</strong></span> <span class='ocrx_word' id='word_1_830' title='bbox 3519 4679 3610 4731; x_wconf 74' lang='grc' dir='ltr'><strong>καὶ</strong></span> <span class='ocrx_word' id='word_1_831' title='bbox 3633 4680 3874 4751; x_wconf 81' lang='grc' dir='ltr'>χώραις.</span> 
     </span>
    </p>
   </div>
   <div class='ocr_carea' id='block_1_107' title="bbox 2295 4752 3876 4838">
    <p class='ocr_par' dir='ltr' id='par_1_107' title="bbox 2295 4752 3876 4838">
     <span class='ocr_line' id='line_1_108' title="bbox 2295 4752 3876 4838; baseline 0.012 -31"><span class='ocrx_word' id='word_1_832' title='bbox 2295 4752 2573 4818; x_wconf 79' lang='grc' dir='ltr'>Ὠλὸλυςον</span> <span class='ocrx_word' id='word_1_833' title='bbox 2628 4754 2686 4808; x_wconf 84' lang='grc' dir='ltr'>δὲ</span> <span class='ocrx_word' id='word_1_834' title='bbox 2727 4758 2846 4820; x_wconf 81' lang='grc' dir='ltr'>ταῖς</span> <span class='ocrx_word' id='word_1_835' title='bbox 2874 4758 2981 4812; x_wconf 85' lang='grc' dir='ltr'>τῶν</span> <span class='ocrx_word' id='word_1_836' title='bbox 3008 4761 3278 4832; x_wconf 88' lang='grc' dir='ltr'>πολεμίων</span> <span class='ocrx_word' id='word_1_837' title='bbox 3337 4768 3631 4838; x_wconf 83' lang='grc' dir='ltr'>μαχαίραις</span> <span class='ocrx_word' id='word_1_838' title='bbox 3663 4773 3876 4826; x_wconf 74' lang='grc' dir='ltr'>ὑποπί-</span> 
     </span>
    </p>
   </div>
   <div class='ocr_carea' id='block_1_108' title="bbox 2281 4847 3875 4925">
    <p class='ocr_par' dir='ltr' id='par_1_108' title="bbox 2281 4847 3875 4925">
     <span class='ocr_line' id='line_1_109' title="bbox 2281 4847 3875 4925; baseline 0.014 -29"><span class='ocrx_word' id='word_1_839' title='bbox 2281 4862 2506 4910; x_wconf 87' lang='grc' dir='ltr'>πτοντες</span> <span class='ocrx_word' id='word_1_840' title='bbox 2546 4847 2785 4901; x_wconf 81' lang='grc' dir='ltr'>Ἰουδαῖοι</span> <span class='ocrx_word' id='word_1_841' title='bbox 2815 4849 2903 4904; x_wconf 82' lang='grc' dir='ltr'>διὰ</span> <span class='ocrx_word' id='word_1_842' title='bbox 2930 4852 3027 4922; x_wconf 81' lang='grc' dir='ltr'>τὴν</span> <span class='ocrx_word' id='word_1_843' title='bbox 3051 4855 3130 4917; x_wconf 88' lang='grc' dir='ltr'><strong>είς</strong></span> <span class='ocrx_word' id='word_1_844' title='bbox 3152 4855 3387 4925; x_wconf 84' lang='grc' dir='ltr'>Χριστὸν</span> <span class='ocrx_word' id='word_1_845' title='bbox 3410 4860 3681 4917; x_wconf 78' lang='grc' dir='ltr'>ἀσέϐειαν,</span> <span class='ocrx_word' id='word_1_846' title='bbox 3710 4866 3875 4920; x_wconf 75' lang='grc' dir='ltr'>Ψάλ-</span> 
     </span>
    </p>
   </div>
   <div class='ocr_carea' id='block_1_109' title="bbox 2279 4934 3875 5022">
    <p class='ocr_par' dir='ltr' id='par_1_109' title="bbox 2279 4934 3875 5022">
     <span class='ocr_line' id='line_1_110' title="bbox 2279 4934 3875 5022; baseline 0.014 -34"><span class='ocrx_word' id='word_1_847' title='bbox 2279 4934 2360 4989; x_wconf 89' lang='grc' dir='ltr'><strong>λει</strong></span> <span class='ocrx_word' id='word_1_848' title='bbox 2389 4937 2444 4990; x_wconf 77' lang='grc' dir='ltr'>δέ</span> <span class='ocrx_word' id='word_1_849' title='bbox 2476 4955 2579 4991; x_wconf 91' lang='grc' dir='ltr'><strong>που</strong></span> <span class='ocrx_word' id='word_1_850' title='bbox 2614 4941 2709 4993; x_wconf 72' lang='grc' dir='ltr'><strong>καὶ</strong></span> <span class='ocrx_word' id='word_1_851' title='bbox 2742 4942 2770 4993; x_wconf 90' lang='grc' dir='ltr'>ὁ</span> <span class='ocrx_word' id='word_1_852' title='bbox 2803 4940 3088 5007; x_wconf 85' lang='grc' dir='ltr'>Θεσπέσιος</span> <span class='ocrx_word' id='word_1_853' title='bbox 3115 4945 3279 4999; x_wconf 78' lang='grc' dir='ltr'>Δαόὶδ</span> <span class='ocrx_word' id='word_1_854' title='bbox 3299 4987 3314 5013; x_wconf 91' lang='grc'><strong>,</strong></span> <span class='ocrx_word' id='word_1_855' title='bbox 3362 4948 3457 5003; x_wconf 78' lang='grc' dir='ltr'>ἅτε</span> <span class='ocrx_word' id='word_1_856' title='bbox 3483 4950 3547 5021; x_wconf 79' lang='grc' dir='ltr'>δὴ</span> <span class='ocrx_word' id='word_1_857' title='bbox 3576 4954 3875 5022; x_wconf 82' lang='grc' dir='ltr'>μέλλοντος</span> 
     </span>
    </p>
   </div>
   <div class='ocr_carea' id='block_1_110' title="bbox 2281 5030 3875 5113">
    <p class='ocr_par' dir='ltr' id='par_1_110' title="bbox 2281 5030 3875 5113">
     <span class='ocr_line' id='line_1_111' title="bbox 2281 5030 3875 5113; baseline 0.015 -32"><span class='ocrx_word' id='word_1_858' title='bbox 2281 5030 2663 5099; x_wconf 79' lang='grc' dir='ltr'>ἐπιφαίνεσθαι</span> <span class='ocrx_word' id='word_1_859' title='bbox 2692 5032 2769 5104; x_wconf 83' lang='grc' dir='ltr'>τῷ</span> <span class='ocrx_word' id='word_1_860' title='bbox 2798 5034 2984 5105; x_wconf 81' lang='grc' dir='ltr'>κόσμῳ</span> <span class='ocrx_word' id='word_1_861' title='bbox 3009 5038 3264 5107; x_wconf 86' lang='grc' dir='ltr'>Χριστοῦ·</span> <span class='ocrx_word' id='word_1_862' title='bbox 3295 5057 3316 5090; x_wconf 80' lang='lat' dir='ltr'><strong>t</strong></span> <span class='ocrx_word' id='word_1_863' title='bbox 3350 5042 3481 5095; x_wconf 83' lang='grc' dir='ltr'>Τότε</span> <span class='ocrx_word' id='word_1_864' title='bbox 3508 5046 3875 5113; x_wconf 79' lang='grc' dir='ltr'>ἁγαλλιάσον-</span> 
     </span>
    </p>
   </div>
   <div class='ocr_carea' id='block_1_111' title="bbox 2277 5121 3868 5211">
    <p class='ocr_par' dir='ltr' id='par_1_111' title="bbox 2277 5121 3868 5211">
     <span class='ocr_line' id='line_1_112' title="bbox 2277 5121 3868 5211; baseline 0.014 -39"><span class='ocrx_word' id='word_1_865' title='bbox 2277 5137 2366 5174; x_wconf 86' lang='grc' dir='ltr'><strong>ται</strong></span> <span class='ocrx_word' id='word_1_866' title='bbox 2384 5121 2561 5175; x_wconf 84' lang='grc' dir='ltr'>πάντα</span> <span class='ocrx_word' id='word_1_867' title='bbox 2580 5124 2650 5177; x_wconf 83' lang='grc' dir='ltr'>τὰ</span> <span class='ocrx_word' id='word_1_868' title='bbox 2665 5125 2798 5191; x_wconf 77' lang='grc' dir='ltr'>ξύλα</span> <span class='ocrx_word' id='word_1_869' title='bbox 2823 5126 2914 5180; x_wconf 85' lang='grc' dir='ltr'><strong>τοῦ</strong></span> <span class='ocrx_word' id='word_1_870' title='bbox 2940 5127 3146 5199; x_wconf 80' lang='grc' dir='ltr'>δρυμοῦ</span> <span class='ocrx_word' id='word_1_871' title='bbox 3171 5130 3279 5184; x_wconf 79' lang='grc' dir='ltr'><strong>ἀπὸ</strong></span> <span class='ocrx_word' id='word_1_872' title='bbox 3305 5135 3597 5203; x_wconf 78' lang='grc' dir='ltr'>προσώπου</span> <span class='ocrx_word' id='word_1_873' title='bbox 3626 5141 3868 5211; x_wconf 82' lang='grc' dir='ltr'>Κυρίου,</span> 
     </span>
    </p>
   </div>
   <div class='ocr_carea' id='block_1_112' title="bbox 2277 5213 3872 5304">
    <p class='ocr_par' dir='ltr' id='par_1_112' title="bbox 2277 5213 3872 5304">
     <span class='ocr_line' id='line_1_113' title="bbox 2277 5213 3872 5304; baseline 0.014 -40"><span class='ocrx_word' id='word_1_874' title='bbox 2277 5213 2358 5265; x_wconf 83' lang='grc' dir='ltr'>ὅτι</span> <span class='ocrx_word' id='word_1_875' title='bbox 2388 5213 2608 5284; x_wconf 78' lang='grc' dir='ltr'>ἔρχεται</span> <span class='ocrx_word' id='word_1_876' title='bbox 2639 5220 2820 5288; x_wconf 85' lang='grc' dir='ltr'>κρῖναι</span> <span class='ocrx_word' id='word_1_877' title='bbox 2852 5219 2951 5290; x_wconf 82' lang='grc' dir='ltr'>τὴν</span> <span class='ocrx_word' id='word_1_878' title='bbox 2984 5221 3106 5291; x_wconf 84' lang='grc' dir='ltr'>γῆν.</span> <span class='ocrx_word' id='word_1_879' title='bbox 3144 5240 3163 5275; x_wconf 75' lang='grc' dir='ltr'><strong>ι</strong></span> <span class='ocrx_word' id='word_1_880' title='bbox 3186 5225 3423 5291; x_wconf 81' lang='grc' dir='ltr'>Οὐκοῦν,</span> <span class='ocrx_word' id='word_1_881' title='bbox 3451 5246 3470 5278; x_wconf 78' lang='grc' dir='ltr'><strong>ι</strong></span> <span class='ocrx_word' id='word_1_882' title='bbox 3496 5228 3583 5281; x_wconf 80' lang='grc' dir='ltr'>Ἑν</span> <span class='ocrx_word' id='word_1_883' title='bbox 3610 5230 3689 5300; x_wconf 84' lang='grc' dir='ltr'>τῷ</span> <span class='ocrx_word' id='word_1_884' title='bbox 3729 5234 3872 5304; x_wconf 83' lang='grc' dir='ltr'>δρυ-</span> 
     </span>
    </p>
   </div>
   <div class='ocr_carea' id='block_1_113' title="bbox 2279 5302 3869 5394">
    <p class='ocr_par' dir='ltr' id='par_1_113' title="bbox 2279 5302 3869 5394">
     <span class='ocr_line' id='line_1_114' title="bbox 2279 5302 3869 5394; baseline 0.017 -41"><span class='ocrx_word' id='word_1_885' title='bbox 2279 5302 2388 5374; x_wconf 84' lang='grc' dir='ltr'><strong>μῷ,</strong></span> <span class='ocrx_word' id='word_1_886' title='bbox 2429 5322 2447 5354; x_wconf 68' lang='grc' dir='ltr'><strong>ι</strong></span> <span class='ocrx_word' id='word_1_887' title='bbox 2485 5308 2619 5376; x_wconf 74' lang='grc' dir='ltr'>φησὶ</span> <span class='ocrx_word' id='word_1_888' title='bbox 2649 5348 2664 5373; x_wconf 87' lang='grc'><strong>,</strong></span> <span class='ocrx_word' id='word_1_889' title='bbox 2702 5309 3000 5375; x_wconf 84' lang='grc' dir='ltr'>τουτέστιν,</span> <span class='ocrx_word' id='word_1_890' title='bbox 3047 5313 3104 5366; x_wconf 83' lang='grc' dir='ltr'><strong>ὲν</strong></span> <span class='ocrx_word' id='word_1_891' title='bbox 3154 5318 3219 5386; x_wconf 81' lang='grc' dir='ltr'>τῇ</span> <span class='ocrx_word' id='word_1_892' title='bbox 3262 5316 3373 5370; x_wconf 86' lang='grc' dir='ltr'><strong>τῶν</strong></span> <span class='ocrx_word' id='word_1_893' title='bbox 3421 5318 3591 5375; x_wconf 83' lang='grc' dir='ltr'>ἐθνῶν</span> <span class='ocrx_word' id='word_1_894' title='bbox 3631 5302 3869 5394; x_wconf 69' lang='grc' dir='ltr'>πληθύῖ,</span> 
     </span>
    </p>
   </div>
   <div class='ocr_carea' id='block_1_114' title="bbox 2275 5396 3869 5480">
    <p class='ocr_par' dir='ltr' id='par_1_114' title="bbox 2275 5396 3869 5480">
     <span class='ocr_line' id='line_1_115' title="bbox 2275 5396 3869 5480; baseline 0.014 -33"><span class='ocrx_word' id='word_1_895' title='bbox 2275 5396 2393 5466; x_wconf 75' lang='grc' dir='ltr'>ἦτοι</span> <span class='ocrx_word' id='word_1_896' title='bbox 2439 5401 2559 5461; x_wconf 82' lang='grc' dir='ltr'>ταῖς</span> <span class='ocrx_word' id='word_1_897' title='bbox 2610 5399 2790 5453; x_wconf 83' lang='grc' dir='ltr'>αὐτῶν</span> <span class='ocrx_word' id='word_1_898' title='bbox 2815 5400 3002 5454; x_wconf 74' lang='grc' dir='ltr'>πόλεσι</span> <span class='ocrx_word' id='word_1_899' title='bbox 3024 5420 3082 5456; x_wconf 88' lang='grc' dir='ltr'><strong>τε</strong></span> <span class='ocrx_word' id='word_1_900' title='bbox 3123 5405 3216 5458; x_wconf 81' lang='grc' dir='ltr'>καὶ</span> <span class='ocrx_word' id='word_1_901' title='bbox 3248 5407 3473 5478; x_wconf 87' lang='grc' dir='ltr'>χώραις,</span> <span class='ocrx_word' id='word_1_902' title='bbox 3524 5431 3541 5463; x_wconf 75' lang='grc' dir='ltr'><strong>ι</strong></span> <span class='ocrx_word' id='word_1_903' title='bbox 3595 5414 3869 5480; x_wconf 72' lang='grc' dir='ltr'>ἐπαύλεις</span> 
     </span>
    </p>
   </div>
   <div class='ocr_carea' id='block_1_115' title="bbox 2273 5485 3869 5574">
    <p class='ocr_par' dir='ltr' id='par_1_115' title="bbox 2273 5485 3869 5574">
     <span class='ocr_line' id='line_1_116' title="bbox 2273 5485 3869 5574; baseline 0.016 -37"><span class='ocrx_word' id='word_1_904' title='bbox 2273 5485 2487 5540; x_wconf 77' lang='grc' dir='ltr'>ἔσονται</span> <span class='ocrx_word' id='word_1_905' title='bbox 2534 5488 2822 5557; x_wconf 85' lang='grc' dir='ltr'>ποιμνίων,</span> <span class='ocrx_word' id='word_1_906' title='bbox 2869 5510 2887 5542; x_wconf 79' lang='grc' dir='ltr'><strong>ι</strong></span> <span class='ocrx_word' id='word_1_907' title='bbox 2933 5491 3250 5565; x_wconf 89' lang='grc' dir='ltr'>Ἐκκλησίαι</span> <span class='ocrx_word' id='word_1_908' title='bbox 3306 5498 3547 5569; x_wconf 84' lang='grc' dir='ltr'>δηλονότι</span> <span class='ocrx_word' id='word_1_909' title='bbox 3588 5505 3869 5574; x_wconf 83' lang='grc' dir='ltr'>Χριστοῦ.</span> 
     </span>
    </p>
   </div>
   <div class='ocr_carea' id='block_1_116' title="bbox 2279 5577 3872 5670">
    <p class='ocr_par' dir='ltr' id='par_1_116' title="bbox 2279 5577 3872 5670">
     <span class='ocr_line' id='line_1_117' title="bbox 2279 5577 3872 5670; baseline 0.016 -43"><span class='ocrx_word' id='word_1_910' title='bbox 2279 5594 2295 5626; x_wconf 82' lang='lat' dir='ltr'><strong>t</strong></span> <span class='ocrx_word' id='word_1_911' title='bbox 2318 5577 2409 5629; x_wconf 73' lang='grc' dir='ltr'><strong>καὶ</strong></span> <span class='ocrx_word' id='word_1_912' title='bbox 2440 5578 2656 5649; x_wconf 83' lang='grc' dir='ltr'>φάραγξ</span> <span class='ocrx_word' id='word_1_913' title='bbox 2692 5579 2869 5651; x_wconf 82' lang='grc' dir='ltr'>’Λχὼρ</span> <span class='ocrx_word' id='word_1_914' title='bbox 2899 5583 2977 5646; x_wconf 86' lang='grc' dir='ltr'><strong>είς</strong></span> <span class='ocrx_word' id='word_1_915' title='bbox 3001 5584 3307 5640; x_wconf 84' lang='grc' dir='ltr'>ἀνάπαυσιν</span> <span class='ocrx_word' id='word_1_916' title='bbox 3330 5589 3623 5659; x_wconf 85' lang='grc' dir='ltr'>βουκολίων</span> <span class='ocrx_word' id='word_1_917' title='bbox 3639 5597 3720 5666; x_wconf 82' lang='grc' dir='ltr'><strong>τῷ</strong></span> <span class='ocrx_word' id='word_1_918' title='bbox 3746 5599 3872 5670; x_wconf 75' lang='grc' dir='ltr'><strong>λαῷ</strong></span> 
     </span>
    </p>
   </div>
   <div class='ocr_carea' id='block_1_117' title="bbox 2276 5666 3871 5754">
    <p class='ocr_par' dir='ltr' id='par_1_117' title="bbox 2276 5666 3871 5754">
     <span class='ocr_line' id='line_1_118' title="bbox 2276 5666 3871 5754; baseline 0.001 -35"><span class='ocrx_word' id='word_1_919' title='bbox 2276 5683 2397 5735; x_wconf 88' lang='grc' dir='ltr'>μου,</span> <span class='ocrx_word' id='word_1_920' title='bbox 2430 5667 2479 5719; x_wconf 82' lang='grc' dir='ltr'>οἳ</span> <span class='ocrx_word' id='word_1_921' title='bbox 2516 5666 2787 5738; x_wconf 75' lang='grc' dir='ltr'>ἐζήτησάν</span> <span class='ocrx_word' id='word_1_922' title='bbox 2821 5687 2943 5740; x_wconf 53' lang='lat' dir='ltr'><strong>ne.»</strong></span> <span class='ocrx_word' id='word_1_923' title='bbox 2995 5672 3171 5746; x_wconf 80' lang='grc' dir='ltr'>Ἀχὼρ</span> <span class='ocrx_word' id='word_1_924' title='bbox 3205 5670 3379 5741; x_wconf 75' lang='grc' dir='ltr'>οὗτος,</span> <span class='ocrx_word' id='word_1_925' title='bbox 3409 5681 3600 5749; x_wconf 77' lang='grc' dir='ltr'>γέγονε</span> <span class='ocrx_word' id='word_1_926' title='bbox 3637 5687 3742 5754; x_wconf 73' lang='grc' dir='ltr'><strong>μέν</strong></span> <span class='ocrx_word' id='word_1_927' title='bbox 3774 5666 3871 5752; x_wconf 51' lang='grc' dir='ltr'><strong>τιξ</strong></span> 
     </span>
    </p>
   </div>
   <div class='ocr_carea' id='block_1_118' title="bbox 2449 5784 3867 5863">
    <p class='ocr_par' dir='ltr' id='par_1_118' title="bbox 2449 5784 3867 5863">
     <span class='ocr_line' id='line_1_119' title="bbox 2449 5784 3867 5863; baseline 0.014 -26"><span class='ocrx_word' id='word_1_928' title='bbox 2449 5785 2496 5816; x_wconf 70' lang='grc'><strong>⁸⁸</strong></span> <span class='ocrx_word' id='word_1_929' title='bbox 2528 5784 2545 5840; x_wconf 92' lang='lat' dir='ltr'><strong>l</strong></span> <span class='ocrx_word' id='word_1_930' title='bbox 2586 5785 2709 5840; x_wconf 88' lang='lat' dir='ltr'><strong>Cor.</strong></span> <span class='ocrx_word' id='word_1_931' title='bbox 2748 5802 2809 5854; x_wconf 86' lang='lat' dir='ltr'><strong>ll,</strong></span> <span class='ocrx_word' id='word_1_932' title='bbox 2843 5788 2895 5844; x_wconf 86' lang='lat'><strong>9.</strong></span> <span class='ocrx_word' id='word_1_933' title='bbox 3002 5791 3046 5821; x_wconf 83' lang='grc'><strong>⁸⁷</strong></span> <span class='ocrx_word' id='word_1_934' title='bbox 3080 5792 3244 5848; x_wconf 86' lang='lat' dir='ltr'><strong>Zach.</strong></span> <span class='ocrx_word' id='word_1_935' title='bbox 3283 5809 3359 5860; x_wconf 62' lang='grc' dir='ltr'>χι,</span> <span class='ocrx_word' id='word_1_936' title='bbox 3394 5796 3443 5862; x_wconf 87' lang='lat' dir='ltr'><strong>l,</strong></span> <span class='ocrx_word' id='word_1_937' title='bbox 3475 5796 3529 5852; x_wconf 76' lang='lat'><strong>2.</strong></span> <span class='ocrx_word' id='word_1_938' title='bbox 3627 5801 3671 5833; x_wconf 82' lang='grc'>⁸⁸</span> <span class='ocrx_word' id='word_1_939' title='bbox 3702 5800 3867 5863; x_wconf 79' lang='lat' dir='ltr'><strong>Psat.</strong></span> 
     </span>
    </p>
   </div>
  </div>
