4096 6542
247 449 390 504 NH
1351 450 1413 506 IN
1459 452 1692 508 lSAlAM
1729 453 1857 507 LIB.
1898 455 1962 508 V.
2005 454 2238 510 TOMUS
2281 454 2365 509 \‘l.
3364 451 3504 506 NH

197 609 209 629 ,
245 567 360 619 τῶν
391 564 450 631 ἐξ
485 563 716 635 αἵματος
762 565 976 637 Ἰσραήλ
999 583 1010 594 °
1045 566 1470 638 πεπορθημένης
1500 567 1556 620 δὲ
1589 567 1688 637 τῆς
1736 567 1814 620 Ἰει

1889 573 2278 633 lconsecrare,
2340 568 2550 624 furatus
2580 577 2663 625 est
2705 582 2769 623 ex
2837 567 3200 624 anathemate.
3276 563 3506 619 Manile-

198 650 213 730 ξ
249 655 410 728 ριχὼ,
454 653 571 711 εἶτα
620 656 755 710 Θεοῦ
786 658 1193 728 προστάξαντος
1225 659 1620 728 ἀναθεματίσαι
1654 661 1815 714 πάντα

1929 669 2102 714 Status
2133 675 2162 714 a
2206 661 2338 723 Deo,
2374 661 2598 716 acerbas
2631 675 2819 730 poenas
2852 659 2999 713 dedit
3027 677 3041 714 :
3078 672 3202 712 nam
3234 671 3357 710 cum
3391 665 3497 709 tata

203 750 319 802 ’τὰ
345 752 403 802 ἐν
448 751 608 820 αὐτῇ,
651 749 917 818 κέκλοφεν
953 751 1018 803 ὲκ
1063 750 1157 803 τοῦ
1203 751 1565 821 ἀναθέματος.
1614 753 1820 822 Ἐπειδῆ

1931 750 2090 805 domo
2115 753 2292 820 periit,
2312 767 2529 820 pcenam
2554 754 2604 805 in
2648 752 2793 806 illum
2816 760 3089 805 statuente
3113 748 3237 803 Jesu
3267 747 3374 801 ﬁlio
3400 745 3505 800 Na-

245 841 305 894 δὲ
333 841 662 911 παρεδείχθη
697 841 850 909 παρὰ
880 841 1036 906 Θεοῦ,
1094 843 1296 914 πικρὰς
1347 844 1585 914 ὲζητήθη
1639 845 1792 909 δίκας
1813 863 1827 876 ·

1935 856 2014 896 ve.
2050 843 2232 910 Itaque
2252 843 2599 898 exsecrabilis
2629 842 2766 896 facta
2796 851 2879 895 est
2911 840 3060 896 vallis
3086 842 3288 894 Aehor.
3314 835 3503 905 Cujus-

243 930 496 982 ἀπόλωλε
531 932 641 1001 γάρ
671 932 910 994 πανοικὶ,
940 933 1330 1004 καθορίσαντος
1361 935 1527 990 αὑτοῦ
1550 935 1646 1007 τὴν
1677 936 1831 1005 δίκην

1941 932 2085 986 modi
2123 945 2278 986 erant
2315 936 2557 1000 regiones
2579 935 2840 1003 gentium,
2877 932 3234 988 exsecratioui
3273 932 3499 996 devotae,

259 1021 438 1089 Ἰησοῦ
467 1021 560 1074 τοῦ
587 1022 764 1091 Ναυῆ.
803 1023 911 1075 Ἦν
929 1021 1022 1077 οὖν
1040 1026 1148 1096 ἄρα
1175 1027 1254 1090 είς
1283 1028 1527 1098 κατάραν
1549 1031 1582 1098 η
1615 1027 1832 1098 φάραγξ

1931 1033 1984 1076 et
2035 1023 2143 1076 Deo
2181 1023 2387 1088 invisae,
2420 1033 2602 1088 utpote
2648 1041 2768 1077 eum
2801 1025 2854 1078 in
2888 1025 2990 1077 illis
3017 1023 3194 1078 nullus
3255 1022 3346 1085 sit,
3409 1021 3501 1090 qui

244 1113 279 1182 ή
322 1113 516 1183 Ἄχὼρ.
550 1113 804 1168 Τοιαῦται
837 1115 894 1168 δέ
929 1134 1046 1180 πως
1075 1119 1167 1170 καὶ
1195 1121 1248 1170 al
1278 1119 1387 1172 τῶν
1411 1120 1580 1173 ἐθνῶν
1617 1120 1792 1193 χῶραι
1812 1138 1825 1152 '

1957 1126 2120 1166 latura
2156 1117 2319 1169 Deum
2353 1118 2618 1184 cognorit.
2646 1113 2864 1182 Verum,
2931 1118 3121 1184 inquit,
3192 1114 3306 1170 haec
3354 1112 3504 1180 regio

244 1205 689 1274 κεκατηραμέναι
718 1205 847 1277 γὰρ,
877 1209 968 1260 καὶ
999 1209 1290 1278 θεομισεῖς,
1334 1211 1410 1275 ὡς
1442 1213 1652 1277 οὐδενὸς
1679 1215 1828 1278 δντος

1931 1207 2124 1276 priscis
2165 1209 2494 1277 temporibus
2553 1209 2908 1272 exsecranda,
2984 1209 3202 1278 requies
3267 1209 3372 1262 erit
3409 1222 3502 1261 ar-

242 1296 304 1346 ὲν
324 1296 510 1359 αὐταῖς
538 1297 631 1350 τοῦ
667 1300 758 1352 τὸν
793 1299 952 1368 φύσει
979 1300 1110 1352 Θεὸν
1147 1302 1347 1366 εἰδότος
1367 1319 1380 1333 ·
1419 1303 1533 1357 ἀλλ’
1568 1308 1599 1377 ή
1631 1307 1826 1360 ἐπικα-

1931 1309 2262 1362 mcntorum,
2316 1299 2367 1352 id
2402 1310 2506 1364 est,
2541 1300 2750 1353 stabula
2797 1300 2978 1354 ovium
3063 1299 3499 1370 intelligibilium,

241 1383 480 1452 τάρατος
497 1383 668 1455 χώρα,
691 1387 842 1455 φησὶ,
874 1389 1014 1440 κατά
1039 1390 1164 1452 τοὺς
1187 1391 1448 1456 παλαιοὺς
1475 1394 1555 1456 είς
1582 1395 1827 1449 ἀνάπαυ-

1931 1390 2112 1444 manui
2159 1389 2360 1445 Christi
2421 1391 2679 1460 principis
2743 1392 2984 1446 omnium
3031 1391 3265 1460 pastoris
3321 1390 3503 1461 subje-

243 1489 332 1526 σιν
360 1473 508 1526 ἔσται
536 1475 851 1544 βουκολίων,
880 1479 1150 1544 τουτέστι,
1200 1482 1358 1551 σηκοὶ
1391 1484 1678 1554 προϐάτων
1704 1503 1827 1558 νοη-

1927 1492 2158 1549 clarum,
2188 1484 2278 1552 qui
2306 1481 2588 1537 Judaicum
2625 1483 3156 1552 populumallocutus
3185 1494 3290 1548 est,
3313 1483 3501 1538 dicens

241 1565 375 1624 τῶν,
411 1565 514 1616 ὑπὸ
541 1569 699 1636 χεῖρα
752 1569 986 1638 Χριστοῦ
1011 1571 1106 1623 τοῦ
1153 1574 1374 1626 πάντων
1413 1575 1822 1647 ἀρχιποιμένος,

1930 1577 1993 1629 de
2027 1576 2318 1644 gentibus:
2361 1594 2379 1626 ι
2425 1574 2573 1628 Alias
2605 1589 2735 1630 oves
2787 1575 2980 1641 habeo,
3034 1590 3154 1644 qua:
3225 1591 3330 1630 non
3375 1585 3503 1629 sunt

239 1654 302 1717 ὃς
334 1661 440 1719 τοῖς
477 1657 742 1710 Ἰουδαίων
773 1659 967 1728 δήμοις
1009 1663 1445 1735 προσπεφώνηκε
1488 1667 1661 1734 λέγων
1699 1669 1826 1738 περὶ

1929 1667 1993 1720 de
2024 1666 2150 1719 ovili
2188 1666 2326 1720 hoc:
2357 1681 2490 1732 quas
2513 1667 2673 1720 etiam
2701 1675 2914 1735 oportet
2949 1682 3034 1721 me
3064 1666 3501 1732 adducere,erit-

239 1749 354 1799 τῶν
380 1748 568 1814 ἐθνῶν,
609 1771 626 1800 ι
666 1751 772 1802 Καὶ
821 1751 954 1805 ἄλλα
999 1754 1248 1824 πρόϐατα
1277 1756 1386 1824 ἔχω
1412 1797 1425 1818 ,
1470 1756 1505 1810 ἃ
1547 1758 1646 1810 οὐκ
1679 1759 1824 1812 ἐστιν

1928 1773 2032 1828 que
2087 1774 2250 1812 unum
2306 1758 2465 1822 ovile,
2517 1773 2654 1812 unus
2719 1767 2901 1828 pastor
2925 1760 2992 1812 ⁵³.
3034 1777 3054 1811 ι
3127 1759 3499 1825 Ουωείνοτιιιιι

242 1839 309 1891 ἐκ
344 1839 439 1910 τῆς
466 1840 636 1910 αὐλῆς
676 1840 877 1911 ταύτης
903 1880 918 1905 ,
967 1844 1196 1897 κάκεῖνά
1235 1863 1300 1914 με
1335 1845 1415 1898 δεῖ
1443 1849 1686 1916 ἀγαγεῖν,
1729 1848 1824 1902 καὶ

1928 1865 2162 1921 natnqne
2188 1849 2333 1905 illum
2373 1865 2468 1919 per
2495 1851 2674 1918 lidem,
2702 1850 2791 1920 qui
2817 1851 3104 1920 aliquando
3134 1860 3452 1905 erraverunt
3481 1868 3495 1906 :

238 1930 563 2000 γενήσονται
595 1932 690 2002 μία
726 1936 952 2006 ποίμνη,
975 1930 1055 1997 εἷς
1078 1937 1303 2006 ποιμήν.
1335 1956 1352 1988 ι
1393 1939 1697 2009 Ἐζήτησαν
1716 1940 1823 2010 γὰρ

1881 1933 1896 1986 ι
1925 1956 2033 2012 quo
2065 1942 2302 2007 invento,
2345 1941 2470 1996 lacti
2523 1951 2648 1996 sunt
2691 1941 2808 2010 ejus
2841 1941 3143 2005 domestici,
3171 1951 3226 1994 et
3251 1941 3498 1996 roucives

238 2023 405 2076 αὐτὸν
434 2025 520 2078 διά
543 2026 642 2096 τῆς
685 2027 921 2093 πίστεως
972 2030 1020 2082 οί
1051 2028 1182 2082 ποτὲ
1233 2029 1594 2099 πλανώμενοι,
1638 2032 1732 2085 καὶ
1757 2032 1818 2102 δὴ

1930 2041 2238 2087 sanctorum
2262 2041 2316 2085 et
2333 2031 2643 2087 cohaeredes
2660 2031 3050 2100 promissorum
3069 2033 3197 2102 ipsis
3210 2031 3493 2086 bonorum.

238 2117 336 2170 καὶ
362 2118 637 2190 εὑρόντες,
675 2122 863 2174 οἰκεῖοι
885 2121 1175 2191 γεγόνασιν
1213 2123 1378 2177 αὑτοῦ
1400 2163 1415 2189 ,
1463 2125 1558 2177 καὶ
1599 2125 1923 2195 συμπολῖται
1949 2124 2055 2178 τῶν
2085 2125 2274 2194 ἁγίων,
2330 2125 2422 2179 καὶ
2454 2125 2882 2196 συγκληρονόμοι
2937 2125 3044 2178 τῶν
3081 2125 3498 2197 ἐπηγγελμένων

236 2209 423 2271 αὐτοῖς
446 2208 688 2278 ἀγαθῶν.

323 2301 514 2370 Ὑμεῖς
545 2301 632 2369 δὲ,
665 2306 720 2357 οι
748 2303 1250 2374 ἐγκαταλιπόντες
1270 2308 1818 2378 με,καὶέπιλανθα-

1995 2308 2164 2363 Vsus.
2197 2307 2284 2374 Η,
2336 2306 2420 2360 12.
2466 2305 2568 2361 Vos
2617 2316 2789 2362 autem
2829 2308 2916 2378 qui
2964 2305 3247 2377 reliquistis
3300 2325 3401 2374 me,
3449 2321 3495 2362 et

236 2395 478 2463 νόμενοι
510 2393 578 2447 τὸ
625 2394 764 2463 ὅρος
795 2396 862 2449 τὸ
900 2397 1070 2467 ἅγιόν
1101 2418 1242 2469 μου,
1291 2401 1389 2454 καὶ
1416 2401 1817 2472 ὲτοιμάζοντες

1923 2399 2071 2452 obliti
2100 2403 2222 2451 estis
2272 2399 2463 2450 montis
2495 2398 2663 2449 sancti
2698 2397 2820 2458 mei,
2874 2407 2920 2449 et
2959 2408 3202 2465 parantes
3271 2399 3495 2452 da'moui

234 2482 320 2546 τῷ
361 2483 597 2552 δαίμονι
639 2484 961 2552 τράπεζὶιν,
993 2489 1089 2542 καὶ
1125 2490 1500 2558 πληροῦντες
1540 2491 1615 2559 τῇ
1656 2493 1816 2563 Τύχῃ

1921 2505 2176 2552 mensam,
2222 2498 2270 2542 et
2303 2488 2570 2557 impleam
2623 2487 2876 2543 Fortuna
2927 2491 3232 2556 potionem:
3265 2508 3352 2545 vos
3403 2507 3495 2560 ego

234 2574 530 2644 κέρασμα·
568 2575 684 2644 ἐγὼ
714 2577 1048 2646 παραδώσω
1075 2579 1230 2650 ὑμᾶς
1253 2585 1340 2649 εις
1370 2582 1690 2652 μάχαιραν,
1715 2586 1814 2638 καὶ

1921 2579 2133 2632 tradam
2165 2581 2218 2632 in
2252 2579 2516 2650 gladium,
2546 2588 2594 2632 et
2627 2595 2803 2633 omnes
2868 2582 3010 2634 crede
3059 2583 3255 2634 cadetis
3285 2596 3303 2644 ;
3370 2584 3495 2650 quia

234 2665 461 2730 πάντες
499 2666 571 2720 ἐν
602 2667 810 2737 σφαγῇ
850 2668 1158 2735 πεσεῖσθε,
1203 2672 1289 2725 ὅτι
1333 2673 1599 2728 ἐκάλεσα
1643 2673 1819 2744 ὑμᾶς,

1921 2671 2096 2724 vocavi
2145 2685 2254 2733 vos,
2283 2680 2330 2724 et
2363 2687 2466 2725 non
2501 2671 2775 2725 audivistis
2803 2684 2822 2722 :
2854 2671 3057 2724 locutus
3082 2689 3219 2737 sum,
3251 2682 3300 2726 et
3334 2675 3495 2725 abou-

233 2755 334 2809 καὶ
356 2758 468 2825 οὐχ
492 2760 902 2826 ηὐπηκούσατεο
919 2761 1222 2831 ἐλάλησα,
1250 2763 1348 2817 καί
1371 2767 1818 2833 παρηκούσατε,

1917 2762 2140 2826 dioistis,
2167 2772 2215 2816 et
2249 2761 2442 2832 fecistis
2467 2763 2663 2818 malum
2691 2763 2747 2817 in
2777 2772 3051 2832 conspectu
3083 2780 3217 2827 meo,
3282 2774 3330 2818 et
3376 2780 3494 2834 quia

232 2849 334 2900 καὶ
369 2849 693 2917 ἐποιήσατε
723 2850 792 2904 τὸ
845 2854 1117 2920 πονηρὸν
1153 2854 1432 2910 ἐναντιον
1461 2873 1602 2925 μου,
1651 2857 1749 2910 καί
1783 2857 1821 2910 ἂ

955 2854 1117 2920 πηρὸν
1153 2854 1432 2910 ἐναντίον
1461 2873 1602 2925 μου,
1651 2857 1749 2910 καί
1783 2857 1821 2910 ἂ
1917 2867 2021 2906 non
2044 2852 2298 2920 volebam,
2325 2854 2572 2924 elegistis.

233 2942 349 2993 οὐκ
372 2941 730 3010 ἐϐουλόμην,
757 2941 1143 3008 ἐξελέξασθε.

309 3031 519 3101 ’Ὠσπερ
564 3031 788 3098 γέγονεν
845 3031 946 3084 οὐκ
1003 3031 1241 3104 ἀζήμιον
1300 3036 1414 3099 τοῖς
1473 3035 1534 3102 ἐξ
1585 3037 1816 3108 αἵματος

1991 3029 2454 3097 Quemadmodum
2493 3031 2720 3086 inultum
2751 3047 2855 3086 non
2909 3031 3144 3088 tulerunt
3214 3031 3489 3097 Israelita,

244 3121 463 3194 Ἰσραὴλ
499 3121 560 3174 τὸ
577 3122 872 3192 ἀπειθῆσαι
904 3123 1147 3194 Χριστῷ,
1199 3125 1435 3181 δέδονται
1452 3128 1561 3200 γὰρ
1582 3131 1659 3193 είς
1675 3147 1814 3198 σφα-

1921 3135 2042 3176 cum
2065 3122 2281 3177 Christo
2309 3139 2414 3176 non
2452 3123 2754 3188 obedirent,
2785 3123 2965 3177 traditi
3025 3132 3151 3179 sunt
3194 3124 3337 3179 enim
3398 3139 3491 3180 oc.

231 3217 360 3285 γὴν,
399 3213 534 3284 ἐλέῳ
563 3213 699 3266 Θεοῦ
750 3214 845 3267 καὶ
895 3213 1276 3290 φιλανθρωπίᾳ
1327 3220 1671 3290 σεσωσμένον
1721 3221 1848 3308 τοῦ4

1872 3265 1882 3282 ,
1923 3212 2138 3278 cisioni,
2182 3213 2424 3282 reliquiis
2470 3212 2842 3266 misericordia
2897 3220 2952 3266 et
2997 3211 3336 3266 humanitate
3399 3212 3489 3266 Dei

230 3304 697 3374 καταλείμματος,
739 3303 882 3358 οὕτω
910 3305 1006 3358 καὶ
1044 3306 1136 3358 ἐπὶ
1172 3311 1238 3378 τῇ
1277 3308 1384 3361 τῶν
1415 3309 1584 3364 ἐθνῶν
1621 3311 1811 3383 κλήσει
1846 3303 1847 3306 “

1869 3303 1885 3319 ¹
1917 3303 2180 3358 servatis:
2222 3306 2301 3358 sic
2347 3313 2402 3357 et
2464 3303 2516 3357 in
2583 3305 2820 3373 gentium
2863 3303 3144 3359 vocatione
3203 3303 3486 3374 intelliges.

233 3395 510 3466 συνήσεις.
564 3394 626 3447 Ol
678 3394 779 3464 μὲν
825 3395 934 3466 γὰρ
965 3396 1065 3468 τὴν
1099 3397 1189 3452 διὰ
1239 3398 1475 3467 Χριστοῦ
1538 3400 1811 3472 σωτηρίαν

1916 3393 2016 3462 Qui
2075 3409 2308 3464 namque
2361 3394 2588 3448 salutem
2650 3408 2747 3463 per
2808 3393 3082 3448 Christum
3123 3396 3489 3463 arripuerunt,

231 3484 602 3553 ἁρπάσαντες.
629 3482 734 3549 ἔξω
765 3485 1019 3553 γεγόνασι
1049 3486 1143 3539 καὶ
1179 3487 1370 3558 πυρὸς,
1400 3489 1492 3542 καὶ
1514 3489 1691 3559 δίκης,
1719 3491 1813 3544 καὶ

1917 3486 2182 3542 immunes
2252 3485 2471 3540 fuerunt
2548 3487 2616 3542 ab
2691 3487 2832 3557 igne,
2889 3485 3153 3556 supplicio
3207 3495 3262 3540 et
3346 3487 3489 3542 divi-

227 3575 341 3628 τῶν
380 3577 444 3628 ὲκ
477 3575 626 3637 θείας
673 3574 881 3646 όργῆςο
926 3577 976 3628 οί
1027 3576 1085 3630 δὲ
1130 3580 1251 3641 ταῖς
1295 3579 1503 3631 ἑαυτῶν
1550 3578 1811 3650 ἀμαθίαις

1916 3592 1981 3631 na
2068 3578 2169 3632 ira.
2243 3578 2314 3632 At
2361 3579 2451 3647 qni
2539 3578 2592 3632 in
2652 3593 2748 3633 sua
2830 3586 3244 3647 permanserunt
3338 3579 3489 3648 igno-

231 3669 692 3740 ὲναπομείναντες
719 3707 735 3732 ,
790 3669 886 3722 καὶ
944 3669 1310 3724 ἀναπόνιπτον
1363 3672 1658 3742 ἐσχηκότες
1702 3673 1811 3727 τῶν

1916 3667 2115 3732 rantia,
2151 3677 2204 3722 et
2230 3666 2632 3736 inquinamenta
2662 3679 2904 3722 veterum
2922 3667 3185 3724 scelerum
3214 3683 3319 3723 non
3348 3670 3491 3725 dele-

227 3763 472 3833 ἀρχαίων
496 3760 832 3831 αίτιαμάτων
861 3760 951 3814 τὸν
981 3761 1273 3833 μολυσμὸν,
1313 3763 1399 3816 διὰ
1426 3763 1518 3816 τοῦ
1552 3767 1812 3836 προσκεί-

1915 3764 2060 3817 runt,
2085 3768 2151 3809 eo
2187 3755 2331 3823 quod
2376 3755 2858 3810 vellentidolornm
2906 3757 3282 3812 adhaerescere
3331 3759 3491 3812 culti-

231 3853 358 3906 σθαι
387 3852 562 3906 θέλειν
598 3854 720 3914 ταῖς
758 3854 866 3904 τῶν
905 3852 1141 3906 εἰδώλων
1169 3853 1466 3924 λατρείαις,
1495 3853 1810 3925 δοθήσονται

1913 3847 2032 3909 bus.
2071 3846 2350 3900 tradentur
2378 3850 2445 3900 ad
2474 3847 2694 3901 caedem.
2733 3847 3066 3904 Descenderit
3099 3850 3241 3904 enim
3275 3851 3342 3904 ad
3406 3852 3486 3905 in-

227 3944 372 4014 πρὸς
399 3944 638 4014 σφαγήν.
673 3943 1106 4013 Κατοιχήσονται
1140 3943 1248 4014 γὰρ
1270 3945 1348 4006 εἰς
1378 3943 1526 4014 ᾇδου,
1564 3946 1659 3997 καὶ
1690 3948 1813 3999 ἀτε-

1911 3935 2078 4002 l‘eros,
2107 3949 2162 3992 et
2205 3938 2525 4008 supplicium
2551 3949 2813 3992 aeternum
2853 3940 3128 3994 habebunt
3160 3955 3256 4009 per
3307 3943 3483 4008 ignem

224 4033 485 4107 λεὺτητον
517 4036 702 4101 ἕξουσι
733 4036 832 4106 τὴν
864 4035 952 4088 διά
998 4035 1169 4106 πυρὸς
1215 4036 1518 4107 ἀκοιμήτου
1565 4037 1806 4092 κόλασιν.

1911 4029 2290 4099 irrequietum.
2324 4027 2428 4084 Vos
2457 4029 2639 4100 igitur,
2667 4030 2860 4099 inquit,
2894 4032 3192 4100 reliquistis
3268 4048 3375 4097 me,
3435 4035 3485 4088 id

235 4127 428 4196 Ὑμεῖς
457 4127 657 4190 τοίνυν,
703 4126 890 4196 φησὶν,
936 4127 985 4179 οἱ
1031 4126 1488 4194 ἐγκαταλιπόντες
1528 4144 1625 4198 με,
1654 4145 1809 4181 τουτ-

1909 4129 2015 4187 est,
2043 4135 2258 4190 semper
2296 4133 2581 4192 apostatae,
2615 4131 2670 4176 et
2709 4127 2797 4191 qui
2824 4138 3044 4190 prorsus
3082 4127 3226 4178 velut
3251 4126 3483 4180 oblivio-

223 4218 399 4280 ἐστιν,
425 4219 473 4270 οἱ
507 4218 670 4289 μέχρι
699 4217 900 4280 παντὸς
920 4217 1246 4282 ἀποστάται,
1281 4220 1373 4271 καὶ
1402 4215 1514 4272 οἷον
1534 4221 1614 4284 είς
1637 4221 1807 4292 λήθην

1911 4211 1963 4266 ni
1999 4212 2294 4267 tradidistis
2323 4222 2560 4268 montem
2579 4223 2824 4267 sanctum
2855 4228 3054 4268 meum.
3087 4215 3314 4282 Quidam
3339 4218 3483 4272 enim

223 4308 684 4379 κατενηνεγμένοι
727 4307 965 4379 παντελῆ
998 4308 1092 4362 τοῦ
1138 4310 1296 4382 δρους
1339 4310 1432 4364 τοῦ
1484 4311 1644 4380 ἁγίου
1680 4330 1805 4382 μου.

1909 4304 2000 4373 qui
2035 4314 2356 4358 erraverunt
2411 4313 2466 4360 et
2514 4315 2779 4360 creatura:
2836 4307 3161 4370 servierunt,
3210 4322 3277 4361 ne
3326 4323 3485 4363 nosse

222 4399 302 4451 υὺ
339 4397 446 4468 γὰρ
473 4397 757 4468 ἀνέχονται
783 4415 928 4461 τινες
951 4398 1058 4451 τῶν
1098 4401 1546 4471 πεπλανημένων,
1581 4404 1676 4458 καὶ
1700 4404 1806 4456 τῶν

1908 4396 2147 4466 quidem,
2191 4403 2248 4449 ut
2273 4399 2350 4450 sic
2376 4396 2626 4461 dixerim,
2653 4398 2920 4451 sustinent
2951 4411 3145 4452 nomen
3177 4398 3436 4455 Ecclesiae
3464 4419 3479 4457 :

219 4491 288 4559 τῇ
323 4488 499 4542 κτίσει
540 4488 999 4560 λελατρευκότων,
1031 4490 1140 4544 οὐδ’
1174 4492 1296 4544 ὅσον
1324 4495 1499 4546 εἰπεῖν
1524 4494 1718 4548 ειδέναι
1747 4495 1808 4548 τὸ
1916 4504 1934 4538 ε
1973 4496 2225 4553 βπθηῑθε
2257 4487 2536 4543 άπιηοιιίίδ
2567 4503 2803 4555 mensas,
2846 4499 2902 4544 ει
2956 4491 3202 4559 Ροιίοηθϐ
3252 4492 3482 4562 implen-

218 4580 322 4649 τῆς
351 4579 679 4650 Ἐκκλησίας
706 4581 876 4652 δνομα
900 4595 914 4609 ⁸
953 4599 972 4632 ι
995 4583 1045 4634 οί
1065 4584 1178 4645 τοῖς
1199 4581 1496 4653 δαιμονίοις
1527 4584 1805 4654 τραπέζας

1864 4587 1994 4657 ,tes
2027 4577 2296 4632 Fortunau
2339 4595 2357 4627 ι
2394 4576 2506 4634 Hoc
2573 4578 2911 4644 factitarunt,
2970 4596 3199 4650 quorum
3269 4583 3481 4638 animos

214 4669 498 4734 τελοῦντες
522 4713 538 4738 ,
588 4672 684 4725 καὶ
730 4673 1056 4744 κεράσματα
1098 4673 1434 4745 πληροῦντες
1473 4679 1538 4747 τῇ
1580 4677 1750 4750 Τύχῃ.
1782 4698 1800 4729 ›

1911 4667 2080 4740 898
2108 4667 2372 4724 diabolica
2402 4668 2629 4737 caligine
2667 4669 2912 4740 Oppletus
2965 4681 3103 4726 erat.
3167 4669 3477 4727 Trademini

219 4763 437 4833 Ἐδρων
484 4763 540 4816 δέ
583 4780 635 4818 τι
667 4765 911 4818 τοιοῦτον
939 4765 988 4818 οἱ
1036 4765 1345 4837 διαϐολικῆς
1389 4768 1585 4838 ἀχλύος
1631 4787 1805 4840 μεμε·

1913 4762 1980 4816 ad
2035 4761 2280 4816 caedem:
2326 4761 2528 4830 Siquis
2555 4776 2772 4816 causam
2805 4761 3024 4816 audeblt
3078 4777 3342 4832 quaerere,
3401 4764 3479 4819 sic

217 4854 506 4925 πωμὲνην
531 4854 742 4924 ἔχοντες
757 4856 854 4928 τὴν
872 4858 1119 4929 καρδίαν.
1139 4859 1234 4921 Είς
1257 4859 1470 4931 σφαγὴν
1495 4878 1569 4914 πα
1579 4861 1803 4932 ραδοθή-

1911 4852 1960 4906 ei
1998 4855 2293 4922 respondeo
2318 4872 2329 4906 :
2351 4853 2566 4918 Vocavi,
2591 4862 2646 4907 et
2669 4869 2774 4906 non
2806 4854 3107 4918 audivistis,
3141 4857 3234 4910 sed
3259 4872 3480 4913 manen-

215 4944 400 5009 σεσθε,
419 4945 521 4999 κᾶν
540 4948 690 5010 εἴτις
711 4948 834 5002 ὃτου
862 4951 1020 5022 χάριν
1041 4951 1286 5023 τολμήσῃ
1313 4951 1511 5019 λέγειν,
1532 4953 1640 5023 ἐρῶ
1670 4954 1806 5025 πρὸς

1914 4953 2020 4998 tem
2048 4944 2259 5000 habetis
2308 4946 2626 5014 nequitiam,
2658 4959 2779 5014 quae
2816 4962 2923 5001 non
2982 4956 3158 5018 potest
3190 4946 3372 5014 abjici,
3424 4958 3480 5005 et

214 5035 382 5089 αὐτόν
400 5053 412 5063 ·
433 5035 696 5088 Ἐκάλεσα
715 5039 808 5090 καὶ
829 5039 924 5109 οὺχ
945 5040 1313 5110 ὑπηκούσατε,
1335 5040 1447 5094 ἀλλ’
1466 5041 1701 5112 ἔμμονον
1714 5045 1807 5097 καὶ

1909 5050 1971 5090 ea
2013 5036 2126 5091 sola
2163 5037 2388 5104 patratis
2447 5050 2574 5105 qua:
2605 5052 2636 5091 a
2683 5038 2817 5092 meis
2872 5038 3194 5094 dissentiunt
3245 5040 3477 5112 legibus,

211 5125 594 5195 ἀναπόϐλητον
620 5128 772 5198 ἔχετε
815 5130 1102 5200 πονηρίαν,
1151 5131 1287 5202 μόνα
1317 5131 1551 5202 δρῶντες
1590 5134 1658 5187 τὰ
1692 5138 1804 5199 τοῖς

1906 5143 2229 5197 omnemque
2265 5129 2600 5182 honestatem
2633 5129 2971 5196 adulteratis,
3007 5146 3060 5186 ct
3100 5133 3186 5187 illa
3221 5135 3478 5205 expetitis

211 5217 372 5286 ἐμοῖς
415 5217 694 5288 ἀπᾴδοντα
738 5221 944 5290 νόμοις,
988 5223 1082 5276 καὶ
1123 5224 1670 5295 κατακιϐδηλευοντες
1704 5228 1802 5297 μὲν

1904 5229 1958 5274 et
2015 5221 2210 5290 eligitis
2231 5219 2491 5283 studiose,
2543 5221 2682 5276 unde
2713 5224 2881 5290 possit
2913 5225 3034 5294 quis
3081 5243 3242 5282 omne
3308 5242 3478 5297 genus

211 5309 396 5360 πάντα
434 5309 634 5379 τρόπον
683 5311 1075 5383 ἀγαθουργίας,
1124 5315 1398 5370 ἀπόλεκτοι
1429 5317 1486 5369 δὲ
1530 5319 1798 5373 ποιεῖσθαι
1909 5306 2257 5376 ίυΓΡῙῑυάίηίε
2297 5309 2640 5364 εοηῑτειιθτθο

211 5397 630 5464 σπουδάζοντες,
661 5399 728 5454 τὰ
750 5399 820 5452 δι’
848 5393 923 5455 ὧν
949 5401 1014 5455 ἄν
1036 5420 1118 5466 τις
1146 5405 1355 5472 γένοιτο
1381 5407 1579 5468 παντὸς
1595 5408 1795 5478 ἀνάμε-

211 5503 339 5549 στος
369 5485 566 5556 ρὐου.
2326 5529 2330 5534 ·
3297 5557 3302 5565 ,

177 5571 180 5573 ’
278 5576 384 5630 Διὰ
405 5578 582 5634 τοῦτο
599 5580 739 5635 τάδε
766 5583 928 5652 λέγει
955 5587 1188 5654 Κύριος·
1209 5585 1355 5642 Ἰδοὺ
1384 5591 1438 5642 οἱ
1465 5590 1792 5644 δουλεύον-

1971 5584 2136 5638 Vens.
2173 5584 2361 5640 15-15.
2397 5584 2782 5651 Quamobrem,
2813 5590 2923 5642 luec
2981 5589 3108 5643 dicit
3165 5589 3416 5646 Dominus
3451 5609 3471 5648 .'

207 5665 308 5732 τές
364 5683 466 5735 μοι
518 5667 830 5739 φάγονται,
866 5673 1033 5745 ὑμεῖς
1063 5674 1131 5730 δὲ
1175 5676 1510 5736 πεινάσετε.
1556 5679 1702 5736 Ἰδοὺ
1737 5683 1791 5736 οἱ

1899 5679 2034 5734 Ecce
2070 5681 2162 5750 qui
2199 5680 2426 5736 serviunt
2466 5680 2593 5735 mihi
2649 5683 2954 5747 comedent;
2987 5699 3071 5738 vos
3123 5681 3294 5738 autem
3348 5701 3470 5739 esu-

275 5841 322 5875 ”
349 5841 526 5897 .loau.‘
561 5860 617 5910 ι,
662 5845 750 5901 16.
