4148 6526
602 420 738 479 -Ηιὸ

1628 415 1686 471 S.
1733 415 2007 472 ογιιιιιι
2045 413 2521 471 ALEXANDRINI
2561 412 2880 469 ARCHIEP.

3751 416 3891 473 Hlﬁ

601 543 773 595 rietis.
822 540 956 594 Ecre
992 540 1083 608 qui
1121 538 1352 592 serviunt
1415 537 1569 597 nti/ti,
1622 539 1817 601 bibent,
1877 555 1964 592 vos
2012 548 2189 592 autem

2304 536 2692 603 δουλεύοντές
2746 554 2849 605 μοι
2903 535 3173 599 πιόγται,
3223 536 3391 606 ὑμεῖς
3436 537 3503 590 δέ
3554 537 3887 606 διψήσητε.

601 633 807 687 sitietis.
889 629 1020 683 Ecce
1040 631 1130 699 qui
1182 630 1407 682 serviunt
1438 630 1585 693 nti/ti,
1617 628 1956 690 la'tabuntnr,
1982 645 2070 682 vos
2097 645 2197 681 an-

607 733 707 774 tem
736 720 1149 788 confundemini.
1207 719 1341 772 Ecce
1395 720 1483 787 qui
1531 721 1762 773 serviunt
1809 720 1961 785 milii,
2020 720 2197 774 exsul-

605 812 793 863 tnbunt
837 811 890 862 in
936 810 1148 872 (milia,
1184 825 1268 862 ros
1297 820 1469 861 autem
1510 809 1803 861 clamnbitis
1841 826 1953 879 pra:
2018 811 2197 864 dolore

605 904 778 957 cordis
820 904 996 966 vestri,
1061 913 1106 955 et
1134 919 1244 971 prie
1283 902 1597 954 contritione
1627 902 1842 967 spiritus
1899 901 2191 956 ululabilis.

605 996 911 1066 Reliquistis
940 995 1074 1048 enim
1094 1010 1277 1047 nomen
1311 1002 1557 1057 uestrum,
1586 994 1639 1046 in
1666 994 1997 1046 saturitatem
2019 992 2194 1047 electis

604 1088 754 1143 meis.
792 1086 898 1141 Vos
940 1097 1113 1139 autem
1140 1085 1417 1152 interﬁciat
1456 1083 1730 1137 Dominus.

689 1263 982 1333 Componit
1009 1277 1225 1331 semper
1264 1262 1422 1329 idque
1483 1259 1793 1315 necessario
1827 1276 1945 1314 cum
1980 1257 2196 1314 coronis

606 1372 900 1423 :erumnas,
967 1365 1029 1410 ut
1052 1366 1280 1424 utroque
1304 1355 1460 1407 modo
1483 1354 1713 1408 addut-at
1740 1369 1854 1417 eos,
1877 1361 1934 1405 ut
1959 1352 2194 1406 sentiant

606 1464 661 1506 et
685 1452 888 1506 faciant
913 1466 1033 1520 quae
1082 1451 1180 1519 ipsi
1216 1450 1455 1518 placent.
1493 1448 1627 1501 Nam
1682 1448 1835 1502 sicuti
1874 1448 2092 1516 praemia
2125 1447 2193 1502 ad

606 1544 823 1597 virtutis
854 1543 1183 1597 desiderium
1215 1543 1460 1597 inescant
1491 1558 1506 1594 :
1550 1544 1630 1594 sic
1680 1555 1851 1609 pmme
1920 1541 2192 1596 acerbitas

607 1652 637 1688 a
675 1637 965 1689 vitiositate
993 1633 1262 1688 interdum
1306 1634 1568 1698 deterret,
1604 1642 1659 1686 et
1694 1642 1915 1687 revocat
1958 1634 2023 1685 ad
2080 1649 2193 1687 tne-

608 1726 762 1780 liora.
790 1726 1255 1781 Artiliciosissime
1292 1725 1456 1794 igitur
1493 1726 1544 1778 itt
1606 1726 1816 1779 animos
1878 1734 2190 1780 vocatorum

606 1821 943 1883 seinsinuat,
981 1835 1102 1873 eum
1141 1819 1361 1888 praemia
1407 1819 1512 1873 illis
1550 1820 1894 1886 promittens,
1928 1828 2038 1872 tum
2095 1836 2192 1888 pu-

2312 627 2459 682 Ἰδοὺ
2494 631 2548 682 οἱ
2575 626 2970 693 δουλεύοντές
3005 645 3108 696 μοι
3144 628 3691 697 εὐφρανθήσονται,
3722 629 3889 698 ὑμεῖς

2297 717 2367 773 δὲ
2426 721 2935 787 αἱσχυνθήσεσθε.
2999 718 3153 774 Ἰδοὺ
3225 724 3279 773 oi
3332 719 3735 785 δουλεὺωτές
3790 738 3889 789 μοι

2296 809 2769 879 ἀγαλλιάσονται
2790 810 2861 862 ἐν
2886 811 3256 879 εὐφροσύνῃ,
3279 810 3445 879 ὑμεῖς
3472 809 3542 863 δὲ
3569 807 3889 876 κεκρά-ξετε

2296 901 2395 955 διὰ
2425 901 2532 954 τὸν
2555 903 2747 956 πόνον
2780 901 2888 971 τῆς
2921 901 3171 969 καρδίας
3199 900 3383 971 ὑμῶν,
3425 901 3525 955 καὶ
3572 901 3693 955 ἀπὸ
3736 917 3887 954 συν-

2294 992 2503 1062 τριϐἦς
2524 996 2863 1065 πνεύματος
2894 994 3224 1055 ὀλολύζετε.
3253 996 3665 1063 Κατελείψατε
3688 994 3799 1062 γὰρ
3825 994 3891 1046 τὸ

2297 1086 2488 1155 ὄνομα
2519 1087 2687 1154 ὑμῶν
2714 1090 2801 1153 εὶς
2835 1086 3205 1157 πλησμονὴν
3236 1087 3363 1151 τοῖς
3392 1086 3705 1151 ἐκλεκτοῖς
3731 1103 3852 1153 μου
3871 1101 3885 1114 ’

2297 1175 2456 1246 ὑμᾶς
2486 1176 2554 1230 δὲ
2575 1179 2781 1233 ἀνελεῖ
2802 1180 3036 1247 Κύριος.

2381 1269 2496 1321 Ἀεὶ
2544 1270 2914 1339 παρατίθησιν
2974 1268 3289 1337 ἀναγκαίως
3340 1271 3455 1333 τοῖς
3501 1268 3794 1336 στεφάνοις
3823 1267 3891 1320 τὰ

2297 1358 2571 1430 μοχθηρὰ,
2603 1360 2669 1413 δι’
2718 1361 2922 1431 ἀμφοῖν
2960 1361 3256 1431 ἀποφέρων
3308 1362 3389 1424 είς
3418 1360 3478 1412 τὸ
3518 1361 3630 1414 δεῖν
3676 1360 3891 1413 ἑλέσθαι

2293 1451 2362 1505 τὰ
2388 1452 2695 1522 ἀρέσκοντα
2726 1452 2896 1523 αὐτῷ,
2920 1452 3016 1505 καὶ
3043 1456 3259 1523 φρονεῖν
3288 1470 3347 1505 τε
3383 1454 3475 1506 καὶ
3508 1452 3645 1523 δρᾷν
3664 1469 3678 1483 ·
3702 1452 3888 1523 ῶσπερ

2294 1543 2403 1613 γὰρ
2452 1545 2745 1613 σαγηνεύει
2780 1544 2846 1597 τὰ
2883 1544 3028 1615 γέρα
3088 1545 3224 1617 πρὸς
3267 1545 3460 1612 ἄφεσιν
3499 1545 3726 1615 ἀρετῆς,
3750 1544 3889 1598 οὕτω

2293 1636 2395 1705 τῆς
2422 1635 2578 1705 δίκης
2607 1636 2665 1687 τὸ
2708 1637 2905 1707 πικρὸν
2946 1635 3191 1706 ἐξίστησι
3226 1637 3324 1706 μὲν
3356 1637 3467 1690 ἐσθ’
3508 1638 3599 1689 ὅτε
3631 1638 3746 1689 τῶν
3791 1639 3885 1707 τῆς

2296 1727 2632 1799 φαυλότητος
2665 1728 2916 1799 τρόπων,
2955 1728 3247 1798 μετασοϐεῖ
3279 1728 3335 1780 δὲ
3376 1729 3513 1799 πρὸς
3558 1729 3626 1781 τὰ
3671 1728 3884 1798 βελτίω.

2297 1820 2706 1889 Εὐτεχνέστατα
2730 1821 2911 1873 τοίνυν
2934 1820 3031 1883 τὰς
3068 1820 3177 1873 τῶν
3209 1820 3560 1891 καλουμένων
3598 1820 3887 1891 ὑποτρέχει

610 1914 869 1967 nitionem
937 1912 1211 1965 minitans.
1251 1930 1269 1963 ι
1338 1910 1637 1966 Comedent
1681 1912 1846 1978 enim,
1885 1929 1904 1963 ι
1994 1912 2187 1979 inquit,

2304 1910 2549 1974 Βιανοίας,
2589 1911 2729 1980 γέρα
2763 1928 2820 1963 τε
2848 1912 3281 1982 ὑπισχνούμενος
3323 1914 3530 1975 αὐτοῖς,
3580 1913 3680 1965 καὶ
3726 1912 3885 1965 κολά-

614 2006 754 2075 «ιιιιί
788 2006 1031 2061 serviunt
1089 2005 1338 2071 mihi;at
1402 2019 1496 2058 vos
1559 2005 1827 2059 esurietis.
1888 2003 1952 2057 Et
2008 2003 2193 2058 bibent

611 2099 709 2161 illi,
760 2107 814 2151 et
844 2097 1042 2151 sitietis
1070 2112 1185 2151 vos.
1230 2116 1248 2148 ι
1298 2095 1674 2151 Gandentibus
1717 2095 1842 2161 illis,
1886 2111 1983 2151 vos
2041 2096 2192 2163 igno-

612 2188 776 2242 minia
807 2187 1141 2242 alliciemini.
1174 2187 1308 2241 Nam
1358 2188 1448 2257 qui
1502 2197 1692 2241 natura
1759 2198 1812 2241 et
1864 2203 1988 2242 vere
2026 2188 2191 2242 Deum

612 2282 948 2350 agnoverint,
981 2289 1089 2335 eta
1150 2279 1286 2334 falso
1353 2281 1683 2349 nuncupatis
1721 2280 1823 2332 diis
1881 2281 2194 2343 resilierint,

614 2375 843 2442 verique
884 2373 1061 2428 cultus
1142 2373 1600 2442 pulchritudinem
1662 2372 1911 2426 admirati
1979 2372 2196 2439 fuerint,

612 2465 1007 2518 deliciabuntur
1042 2480 1167 2518 vere
1197 2465 1409 2533 superis
1441 2464 1934 2525 benedictionibus.
1959 2466 2201 2535 saginan-

616 2564 698 2609 tes
726 2556 912 2619 corda,
978 2566 1033 2610 et
1095 2556 1419 2610 accedentes
1470 2556 1536 2609 ad
1605 2555 1877 2609 viviﬁcam
1959 2572 2199 2611 mensam

613 2649 851 2702 omnium
899 2658 1139 2701 nostrum
1160 2647 1468 2701 Servatoris
1499 2648 1732 2710 Christi,
1770 2657 1826 2702 et
1853 2664 1914 2717 pa
1929 2664 2051 2702 nem
2080 2650 2201 2704 vitm

612 2737 854 2802 edentes,
914 2748 971 2792 et
1029 2739 1268 2792 divinum
1330 2748 1509 2806 potum
1571 2738 1840 2803 bibentes,
1895 2754 1990 2806 per
2042 2754 2202 2807 quem

616 2833 987 2899 tiantsuperte
1068 2830 1356 2900 voluptatis
1427 2830 1762 2898 participes:
1816 2841 2007 2898 purgat
2059 2832 2202 2884 enim

617 2932 863 2991 peccata,
914 2937 977 2976 ac
1015 2922 1255 2978 dolorem
1295 2921 1507 2988 eximit,
1591 2922 1949 2991 suppliciique
2004 2932 2204 2976 metum

615 3031 721 3068 non
762 3016 892 3068 sinit
934 3015 1142 3067 animas
1170 3023 1384 3069 nostras
1418 3014 1666 3069 obruere.
1724 3013 1996 3068 Lzetamur
2058 3015 2205 3069 enim

616 3109 796 3179 potius
824 3123 917 3177 spe
950 3109 1236 3169 bonorum,
1273 3121 1393 3176 qua:
1441 3108 1705 3161 destinata
1773 3123 1894 3162 esse
1948 3107 2210 3177 diligenti-

618 3200 720 3253 bus
784 3198 950 3253 Deum
1028 3197 1272 3252 referunt
1326 3212 1494 3252 sacra:
1533 3197 1767 3252 Litterae.
1804 3216 1821 3249 ι
1869 3199 1973 3252 Sed
2024 3213 2138 3263 vos,
2184 3217 2203 3251 ι

2296 2018 2411 2064 σεις
2454 2001 2717 2055 ἀπειλῶν.
2753 2022 2770 2053 ι
2810 2004 3076 2071 Φάγονται
3106 2004 3217 2075 γὰρ
3262 2007 3311 2056 οἱ
3342 2004 3689 2067 δουλεύοντες
3726 2021 3836 2073 μοι,
3865 2023 3882 2054 ι

2295 2093 2480 2161 φησὶν,
2510 2111 2528 2144 ι
2553 2092 2709 2162 ὑμεῖς
2738 2093 2794 2145 δὲ
2819 2094 3125 2157 πεινάσετε,
3148 2094 3242 2148 καὶ
3276 2094 3505 2147 πίωνται
3535 2095 3636 2165 μὲν
3662 2097 3885 2161 ἐκεῖνοι,

2293 2182 2557 2253 διψήσητε
2583 2184 2637 2236 δὲ
2668 2185 2846 2254 ὑμεῖς.
2880 2204 2897 2237 ι
2927 2185 3388 2256 Εὐφραινομένων
3411 2184 3469 2238 δὲ
3496 2185 3707 2249 αὐτῶν,
3735 2184 3887 2254 ὑμεῖς

2296 2274 2722 2345 αἰσχυνθήσεσθε
2749 2291 2762 2303 ·
2795 2276 2843 2327 οἱ
2880 2276 2988 2345 γὰρ
3026 2275 3117 2327 τὸν
3169 2274 3331 2345 φύσει
3386 2277 3480 2330 καὶ
3519 2276 3749 2347 ἀληθῶς
3791 2277 3887 2328 £7:-

2298 2368 2596 2437 εγνωκότες
2615 2368 2768 2431 Θεὸν,
2789 2368 3003 2423 καὶτῶν
3022 2369 3390 2440 ψευδωνύμων
3406 2370 3663 2440 ἁποπηδή
3674 2386 3883 2432 σαντες,

2299 2463 2393 2515 καὶ
2418 2462 2479 2515 τὸ
2505 2463 2600 2532 τῆς
2620 2461 2853 2531 ἀληθοῦς
2871 2462 3126 2532 λατρείας
3149 2462 3530 2532 θαυμάσαντες
3555 2463 3780 2527 κάλλος,
3808 2464 3888 2515 ἐν·

2301 2556 2670 2625 τρυφήσουσιν
2705 2552 2874 2616 ὅντως
2904 2556 3023 2617 ταῖς
3054 2554 3259 2608 ἄνωθεν
3291 2553 3561 2621 εὐλογίαις
3589 2570 3886 2605 καταπιαι·

2302 2646 2516 2715 νόμενοι
2545 2645 2640 2708 τὰς
2674 2644 2924 2715 καρδίας,
2953 2647 3047 2700 καὶ
3083 2645 3333 2717 τραπέζῃ
3358 2644 3791 2714 προσϐάλλοντες
3822 2646 3884 2713 τῇ

2305 2737 2551 2807 ζωοποιῷ
2576 2738 2671 2791 τοῦ
2698 2738 2915 2790 πάντων
2941 2740 2974 2805 ἡ
2984 2737 3099 2807 μῶν
3126 2739 3376 2808 Σωτῆρος
3397 2736 3657 2808 Χριστοῦ,
3679 2737 3777 2788 καὶ
3800 2738 3888 2789 τὶν

2304 2830 2469 2902 ἄρτον
2493 2830 2764 2893 ἐσθίοντες
2790 2834 2887 2901 τῆς
2924 2830 3089 2901 ζωῆς,
3124 2832 3220 2884 καὶ
3245 2832 3397 2900 πόμα
3424 2831 3483 2883 τὸ
3516 2830 3683 2895 θεῖον,
3708 2829 3775 2883 δι’
3800 2824 3889 2884 οὗ·

2305 2941 2412 2995 περ
2452 2924 2518 2977 ἂν
2544 2924 2785 2992 γένοιντο
2813 2923 3079 2993 θυμηδίας
3104 2923 3205 2992 τῆς
3243 2922 3450 2976 ἄνωθεν
3486 2922 3713 2992 μέτοχοι
3735 2938 3747 2949 ·
3780 2922 3866 2974 δια

2307 3016 2558 3086 καθαίρει
2590 3014 2700 3088 γὰρ
2725 3017 3018 3087 ἁμαρτίας,
3042 3015 3135 3067 καὶ
3168 3015 3411 3087 ἐξίστησι
3436 3016 3498 3068 τὸ
3531 3015 3764 3077 λυποῦν,
3799 3016 3892 3067 καὶ

2307 3106 2399 3160 τὸν
2430 3108 2520 3159 ἐπὶ
2554 3107 2631 3177 τῷ
2666 3106 2987 3169 κολάζεσθαι
3018 3106 3181 3174 φόϐον
3212 3107 3526 3177 κατισχύειν
3558 3108 3659 3159 οὐκ
3696 3108 3765 3176 ἑᾷ
3786 3107 3891 3158 τῶν

2310 3198 2592 3269 ἡμετέρων
2633 3198 2901 3251 διανοιῶν.
2952 3198 3371 3270 Εὐφραινόμεθα
3405 3198 3513 3270 γὰρ
3558 3198 3765 3267 μᾶλλον
3808 3198 3890 3249 ἐπ’

626 3292 824 3360 inquit,
859 3290 1036 3361 quiin
1090 3304 1276 3344 errore
1329 3290 1624 3352 mansistis,
1669 3307 1686 3339 ι
1731 3288 2034 3343 elamabitis
2095 3306 2201 3358 pra:

2306 3288 2479 3342 ἑλπίδι
2500 3287 2737 3355 ἀγαθῶν,
2763 3286 2798 3341 ἃ
2821 3289 2933 3350 τοῖς
2967 3286 3222 3354 ἀγαπῶσι
3241 3286 3332 3339 τὸν
3357 3285 3490 3338 Θεὸν
3523 3283 3893 3355 ηὐτρεπίσθαι

621 3384 807 3439 dolore
871 3383 1053 3438 cordis
1106 3382 1295 3445 vestri,
1348 3393 1400 3436 et
1447 3398 1556 3450 pra:
1600 3383 1924 3437 contritione
1982 3382 2206 3451 spiritus

622 3476 918 3531 ululabilis.
981 3494 999 3525 ι
1060 3474 1427 3527 Descendente
1476 3474 1618 3527 enim
1689 3472 1900 3527 caelitus
1966 3474 2205 3528 omnium

621 3578 864 3622 nostrum
894 3566 1185 3621 Servatore
1213 3564 1454 3630 Christo,
1529 3564 1697 3635 899
1758 3576 1810 3618 et
1860 3567 2054 3634 cuique
2110 3583 2205 3637 pro

623 3659 879 3729 operibus
915 3658 1206 3721 tribuente,
1256 3657 1550 3727 plorabunt
1590 3673 1801 3723 omnes,
1834 3670 1887 3712 et
1951 3659 2208 3729 lugebunt

621 3752 712 3819 qui
755 3750 920 3806 Deum
960 3764 1140 3801 verum
1168 3764 1271 3803 non
1306 3758 1660 3815 agnoverunt,
1694 3751 1783 3801 sed
1839 3751 2074 3816 peccatis
2104 3751 2202 3820 ipsi

620 3843 737 3897 suis
776 3840 1058 3895 immortui
1095 3849 1243 3894 sunt.
1304 3837 1618 3906 Reliquistis
1663 3842 2062 3910 enim,’inquit,
2112 3860 2206 3897 tto-

622 3950 747 3989 tnen
777 3941 1013 3988 vestrum
1069 3932 1135 3985 ad
1171 3932 1509 3985 saturitatem
1545 3931 1736 3987 electis
1779 3934 1915 3988 meis
1948 3951 1960 3987 :
1990 3948 2084 3989 vos
2112 3950 2203 3989 au.

635 4038 741 4081 tem
778 4024 1066 4081 interiiciet
1112 4022 1394 4078 Dominus.
1452 4023 1745 4077 Considera
1804 4025 1933 4078 mibi
1992 4041 2203 4079 rursum

624 4133 817 4174 sensus
883 4116 1329 4188 profunditatem.
1411 4114 1561 4170 Solet
1617 4113 1896 4185 Scriptura
1948 4117 2205 4172 divinitus

627 4213 888 4279 inspirata
954 4211 1297 4264 saturitatem
1334 4209 1602 4263 interdum
1655 4223 1847 4264 vocare
1903 4212 2203 4265 satietatem

626 4313 682 4358 et
722 4302 924 4356 odium.
975 4301 1119 4355 Dixit
1175 4302 1320 4357 enim
1392 4303 1530 4356 Deus
1584 4300 1883 4357 Israelitico
1941 4306 2205 4373 sanguine

628 4392 915 4447 oriundis:
957 4411 976 4444 ι
1032 4392 1147 4447 Non
1206 4394 1477 4448 remittam
1528 4406 1748 4464 peccata
1794 4407 2001 4450 vestra.
2052 4398 2202 4452 Facti

627 4486 758 4540 estis
793 4486 922 4540 mihi
973 4486 1026 4540 ltt
1082 4487 1423 4541 saturitatem
1452 4486 1518 4542 ⁶⁰.
1563 4508 1580 4539 ι
1641 4487 1745 4545 Vos
1786 4505 1933 4561 ergo,
2006 4492 2201 4560 inquit,

588 4580 722 4650 ‘qui
766 4595 795 4634 a
825 4580 963 4636 falso
1022 4581 1347 4649 nuncupatis
1405 4582 1509 4636 diis
1575 4598 1681 4637 non
1738 4584 2065 4648 descivistis,
2111 4583 2203 4638 sed

2308 3381 2443 3451 φησὶ
2475 3380 2535 3433 τὸ
2559 3379 2799 3449 Γράμμα
2824 3378 2885 3431 τὸ
2922 3377 3089 3450 ἱερὸν,
3115 3398 3133 3429 ι
3174 3377 3314 3430 Ἀλλ’
3347 3377 3524 3447 ὑμεῖς,
3559 3395 3575 3427 ι
3615 3377 3807 3445 φησὶν,
3845 3376 3893 3429 oi

2306 3472 2679 3543 μεμενηκότες
2693 3472 2748 3524 ὲν
2771 3471 2969 3542 πλάνῃ,
2994 3489 3012 3520 ι
3033 3469 3367 3542 κεκράξεσθε
3394 3469 3480 3522 διὸ
3501 3468 3596 3521 τὸν
3616 3470 3780 3521 πόνον
3798 3469 3893 3537 τῆς

2306 3569 2536 3641 καρδίας
2572 3568 2747 3638 ὑμῶν,
2788 3570 2882 3621 καὶ
2912 3567 3020 3621 ἀπὸ
3055 3568 3346 3638 συντριϐῆς
3376 3565 3692 3635 πνεύματος
3720 3562 3896 3616 ὀλολύ·

2309 3658 2445 3724 ξετε.
2473 3678 2491 3713 ι
2515 3661 3030 3730 Καταφοιτήσαντος
3052 3659 3160 3729 γὰρ
3192 3658 3249 3724 ἐξ
3278 3657 3522 3729 οὐρανῶν
3550 3655 3647 3709 τοῦ
3678 3656 3894 3710 πάντων

2306 3753 2465 3823 ἡμῶν
2500 3753 2753 3822 Σωτῆρος
2790 3747 3189 3823 Χριστοῦ,εἷτα
3220 3749 3731 3819 νέμοντοςὲκάστῳ
3756 3746 3895 3800 κατὰ

2304 3846 2372 3899 τὰ
2399 3845 2538 3917 ἔργα
2568 3844 2755 3907 αὐτοῦ,
2789 3844 3120 3915 θρηνήσουσι
3150 3843 3368 3907 πάντες,
3395 3842 3489 3895 καὶ
3527 3840 3896 3910 κατοιμώξου-

2309 3955 2391 3991 σιν
2419 3940 2467 3990 οἱ
2503 3940 2639 4009 μήτε
2674 3937 2807 3991 Θεὸν
2850 3935 3353 4004 ἐπεγνωκότεςστὸν
3382 3934 3658 4006 ἀληθινὸν,
3697 3934 3891 3986 ὲνατεο⁴

2306 4031 2557 4095 θανόντες
2581 4031 2636 4083 δὲ
2679 4032 2877 4103 μᾶλλον
2899 4033 3018 4094 ταῖς
3043 4029 3250 4084 ἑαυτῶν
3283 4028 3601 4100 ἁμαρτίαις.
3636 4026 3895 4080 Κατελεὶ-

2304 4126 2443 4197 ψατε
2473 4126 2602 4197 γὰρ,
2638 4128 2790 4196 φησὶ,
2821 4125 2881 4179 τὸ
2909 4126 3079 4197 ὄνομα
3112 4125 3266 4197 ὑμῶν
3305 4127 3387 4189 εἰς
3425 4123 3751 4195 πλησμονὴν
3787 4125 3896 4185 τοῖς

2305 4219 2581 4281 ἐκλεκτοῖς
2613 4236 2735 4289 μου,
2781 4219 2924 4289 ὑμᾶς
2964 4218 3144 4272 ἀνελεῖ
3193 4217 3417 4289 Κύριος.
3453 4217 3645 4287 ’Λθρει
3682 4218 3749 4285 δή
3810 4233 3895 4286 μοι⁵

2308 4312 2470 4365 πάλιν
2503 4311 2604 4381 τῆς
2649 4313 2858 4374 ἐννοίας
2894 4311 2954 4364 τὸ
2984 4310 3167 4378 βάθος.
3234 4311 3395 4374 Ἔθος
3444 4313 3511 4382 τῇ
3553 4308 3897 4379 θεοπνεύστῳ

2306 4406 2496 4477 Γραφῇ
2532 4404 2593 4457 τὸ
2625 4406 2703 4467 εἰς
2750 4403 3068 4474 πλησμονὴν
3102 4402 3213 4456 ἐσθ’
3248 4404 3337 4456 ὅτε
3385 4402 3585 4469 λέγειν,
3621 4402 3750 4454 ἀντὶ
3802 4401 3893 4454 τοῦ

2306 4499 2386 4561 είς
2415 4498 2595 4569 κόρον,
2634 4498 2728 4549 καὶ
2759 4500 2935 4567 μῖσος.
2960 4496 3109 4564 Ἔφη
3145 4493 3254 4565 γάρ
3285 4511 3386 4547 που
3416 4494 3549 4556 Θεὸς
3575 4495 3687 4554 τοῖς
3724 4492 3786 4556 ἐξ
3814 4491 3896 4545 αῖς

2313 4607 2482 4659 ματος
2522 4587 2740 4660 Ἰσραήλ
2762 4603 2773 4617 ’
2809 4605 2825 4638 ι
2855 4586 3050 4640 Οὐκέτι
3075 4587 3258 4656 ἀνήσω
3288 4585 3386 4649 τὰς
3411 4584 3685 4655 ἁμαρτίας
3710 4583 3893 4655 ὑμῶν·

631 4674 684 4729 in
716 4676 954 4745 peccatis
1009 4674 1201 4728 vestris
1258 4674 1457 4729 mortui
1513 4677 1668 4737 estis,
1713 4692 1907 4730 nomen
1963 4692 2201 4731 Vestrum

2312 4680 2608 4752 ἐγενήθητε
2635 4698 2724 4750 μοι
2748 4681 2827 4743 εἰς
2856 4677 3191 4749 πλησμονήν.
3220 4696 3237 4729 ι
3267 4677 3456 4747 Ὑμεῖς
3483 4677 3685 4738 τοίνυν,
3710 4678 3895 4746 φησὶν,

629 4767 684 4824 in
716 4767 1081 4833 saturitatem,
1114 4767 1199 4821 vel
1230 4766 1283 4821 in
1314 4768 1496 4823 odium
1527 4769 1820 4838 reliquistis
1839 4771 2025 4825 electis
2046 4772 2204 4832 meis.

631 4856 799 4911 Nemo
814 4859 952 4913 enim
973 4873 1181 4920 eorum,
1207 4857 1294 4925 qui
1313 4858 1641 4915 semellelecti
1670 4870 1793 4913 sunt
1810 4876 2002 4915 nomen
2020 4877 2210 4932 super-

632 4950 964 5005 stitiosorum
990 4951 1257 5006 admittet.
1282 4951 1500 5022 Refugit
1526 4969 1759 5021 namque
1782 4956 2009 5023 quisque
2028 4957 2207 5011 vocari

632 5038 728 5093 Dei
756 5054 904 5105 osor,
932 5041 1348 5096 simulacrorum
1379 5042 1575 5106 cultor,
1636 5043 1859 5111 impius,
1918 5045 2207 5113 profanus:

633 5133 887 5202 cupitque
911 5134 1079 5202 magis
1119 5135 1223 5188 diei
1257 5134 1483 5205 populus
1530 5144 1771 5201 sanctus,
1826 5151 1957 5205 gens
2014 5137 2209 5203 electa,

634 5226 840 5297 regium
855 5226 1239 5292 sacerdotium,
1259 5227 1555 5281 secundum
1581 5227 1745 5281 divini
1768 5226 1911 5281 Petri
1943 5243 2125 5281 vocent
2142 5229 2207 5283 θ’.

635 5318 730 5374 Sin
767 5318 854 5372 cui
899 5317 1072 5371 visum
1104 5319 1195 5385 sit,
1233 5318 1333 5373 hoc
1362 5318 1506 5387 quod
1543 5319 1743 5373 dictum
1777 5328 1877 5385 est,
1942 5318 2207 5375 Israelitis

634 5410 1064 5474 accommodare,
1114 5417 1171 5461 ut
1213 5409 1319 5464 illis
1370 5410 1627 5464 dicatur:
1665 5427 1683 5460 ι
1738 5409 2055 5477 Rciiquistis
2114 5426 2207 5464 no-

634 5498 757 5553 men
793 5500 909 5569 ejus
933 5500 986 5554 in
1013 5500 1318 5555 satietatem
1338 5500 1529 5554 electis
1571 5502 1744 5556 meis:
1789 5521 1807 5552 ι
1843 5501 2209 5572 dicimusqui-

635 5592 757 5645 dent
796 5603 1045 5647 vocatum
1076 5592 1243 5647 fuisse
1274 5592 1550 5657 lsraelem,
1598 5591 1795 5648 liberos
1834 5594 1947 5657 Dei,
1985 5595 2209 5664 ejusque

637 5683 890 5752 populum
929 5689 985 5737 et
1012 5691 1239 5748 sortem,
1276 5682 1369 5736 sed
1395 5694 1681 5752 pOStquam
1716 5685 1766 5739 in
1799 5683 2206 5742 eﬂ‘renationcm

709 5861 756 5894 ⁸⁸
793 5860 896 5917 lsa.
949 5876 984 5927 I,
1042 5861 1126 5916 l5.
1206 5863 1246 5893 ⁶¹
1284 5863 1298 5915 Ι
1334 5862 1476 5917 Pett'.
1523 5879 1580 5928 tl,
1616 5864 1667 5917 9.

2312 4775 2363 4828 oi
2411 4776 2545 4845 μήτε
2581 4773 2689 4826 τῶν
2736 4772 3103 4842 ψευδωνύμων
3153 4771 3489 4833 ἀποστάντες
3544 4768 3704 4833 θεῶν,
3748 4770 3896 4821 ιντε-

2314 4867 2546 4929 θνεῶτες
2566 4866 2621 4919 δὲ
2638 4866 2730 4919 καὶ
2754 4867 2874 4927 ταῖς
2896 4864 3103 4917 ἑαυτῶν
3127 4864 3443 4934 ἁμαρτίαις,
3463 4861 3524 4913 τὸ
3548 4860 3719 4929 ὄνομα
3744 4860 3898 4931 ὑμῶν

2315 4961 2395 5022 είς
2441 4956 2792 5029 πλησμονὴν,
2860 4958 3027 5026 ἤγουν
3078 4957 3154 5018 εἰς
3189 4958 3343 5024 μῖσος
3385 4952 3743 5020 κατελείψατε
3784 4956 3895 5015 τοῖς

2313 5049 2589 5112 ἐκλεκτοῖς
2625 5066 2726 5119 μου
2751 5064 2762 5080 ·
2803 5052 2914 5112 τοῖς
2944 5046 3052 5118 γὰρ
3081 5045 3228 5111 ἅπαξ
3256 5044 3675 5114 ἐξειλεγμένοις,
3723 5044 3898 5106 οὐδεὶς

2312 5140 2373 5193 τὸ
2414 5140 2525 5192 τῶν
2578 5140 2990 5209 δεισιδαιμόνων
3019 5138 3192 5207 ὄνομα
3244 5138 3479 5189 ποιεῖται
3532 5136 3894 5205 παραδεκτον.

2311 5231 2506 5300 Φεύγει
2547 5232 2604 5284 δὲ
2649 5232 2793 5295 ἄπας
2822 5230 2883 5283 τὸ
2918 5229 3202 5283 καλεῖσθαι
3237 5226 3520 5297 θεομισὴς,
3553 5228 3646 5277 καὶ
3681 5227 3899 5279 εἰδωλο-

2312 5324 2517 5394 λάτρης
2562 5323 2775 5385 ἀνόσιός
2818 5339 2875 5375 τε
2907 5320 3001 5374 καὶ
3051 5320 3276 5390 βέϐηλος
3301 5336 3315 5349 ⁶
3349 5318 3558 5387 ἐφίεται
3592 5318 3649 5370 δὲ
3695 5318 3899 5387 μᾶλλον

2313 5414 2408 5467 τοῦ
2446 5414 2729 5467 καλεῖσθαι
2756 5412 2886 5476 λαὸς
2918 5413 3097 5481 ἆγιος,
3135 5411 3288 5473 ἔθνος
3320 5409 3597 5471 ἐκλεκτὸν,
3629 5408 3901 5478 βασίλειον

2316 5505 2636 5577 ἱεράτευμα,
2660 5503 2801 5557 κατὰ
2828 5507 2926 5574 τὴν
2958 5502 3246 5555 θεσπεσίου
3283 5501 3492 5570 Πέτρου
3522 5500 3726 5569 φωνήν.
3756 5498 3819 5551 Εἰ
3848 5499 3905 5552 δὲ

2316 5598 2380 5669 δὴ
2407 5596 2645 5667 βούλοιτό
2666 5614 2749 5660 τις
2774 5599 2885 5659 τοῖς
2916 5595 2983 5663 ἐξ
3001 5596 3232 5665 αἵματος
3264 5591 3481 5664 Ἰσραὴλ
3501 5589 3809 5661 ἐφαρμόσαι
3847 5588 3910 5640 τὸ

2319 5688 2626 5758 εἰρημένον,
2660 5687 2745 5740 ἵνα
2784 5686 2919 5755 πρὸς
2959 5686 3157 5751 αὐτοὺς
3205 5685 3434 5757 λέγηται
3465 5684 3548 5751 τὸ,
3589 5700 3609 5734 ι
3641 5677 3910 5737 Κατελείε
