4096 6488
198 318 330 379 μιν

1299 307 1366 363 ΙΝ
1405 304 1635 362 ISAIAM
1677 301 1804 356 LIB.
1846 299 1909 355 V.
1952 292 2187 353 TOMUS
2228 293 2314 350 VI.

3311 292 3452 349 1418

194 439 331 507 ψατε
363 433 425 487 τὸ
462 433 635 504 δνομα
674 432 827 505 ὑμῶν
870 434 950 497 τίς
990 430 1310 503 πλησμονὴν
1354 430 1466 492 τοῖς
1495 424 1770 515 ἐκλεκτοῖς

1898 428 1988 475 oto
2016 417 2221 487 impetu
2256 418 2605 483 proruerunt,
2649 410 2747 466 hac
2789 418 2933 465 tanta
2962 408 3035 464 illi
3088 408 3258 480 gloria
3310 411 3457 465 exci-

200 501 302 599 μου
323 542 337 558 '
371 545 391 578 ι
428 501 630 596 φαμέν,
662 501 744 579 ὅτι
785 525 951 578 τέκνα
981 501 1140 587 Θεοῦ,
1173 521 1269 574 καὶ
1305 520 1431 583 λαὸς
1463 518 1651 608 αὐτοῦ,
1683 514 1778 608 καὶ

1898 513 2089 575 lerunt,
2132 520 2361 577 eamque
2393 504 2539 559 velut
2568 504 2913 560 lmreditario
2937 501 3063 572 jure
3099 501 3460 573 possederunt

196 593 399 689 κλῆρος
425 593 670 669 ἐκαλεῖτο
687 616 784 685 μὲν
808 616 837 668 δ
868 614 1087 684 Ἰσραήλ
1105 629 1121 645 ·
1147 612 1335 683 ἐπειδὴ
1359 610 1416 665 δὲ
1440 605 1773 663 κατωλισθον

1898 601 2057 672 ιιιίοι
2084 598 2339 669 gentibus
2376 596 2554 651 vocati
2606 604 2754 651 sunt.
2813 594 2878 649 Et
2925 593 3027 649 hoc
3084 600 3189 660 est,
3244 593 3456 662 opinor,

197 708 443 779 ἀσχέτως
474 709 552 772 είς
576 707 637 761 τὸ
665 707 899 778 ὲξήνιον,
923 706 1314 761 ὲκπεπτώκασι
1343 704 1441 776 μὲν
1469 702 1569 771 τῆς
1592 697 1775 753 τοιαύ-

1873 692 2017 764 quod
2068 690 2204 745 dixit
2233 689 2373 744 Deus
2407 703 2538 743 voce
2571 686 2710 743 Osee
2753 703 2767 740 :
2802 704 2823 738 ι
2866 683 3085 741 Vocabo
3114 700 3224 741 non
3282 698 3457 754 popu-

196 773 303 871 τηξ
323 801 482 872 δόξης
504 801 678 863 αὐτοὶ,
698 773 1216 871 κεκληρονομήκασι
1244 796 1303 851 δὲ
1332 773 1523 865 ὥσπερ
1547 791 1709 845 αὑτὸν
1724 789 1778 842 οἱ

1898 799 1983 838 um
2004 796 2208 844 meum,
2240 778 2495 851 populum
2544 793 2755 834 meum:
2807 784 2861 834 et
2904 777 3080 833 dicam
3112 790 3222 832 non
3258 773 3459 847 populo

197 868 261 956 es
285 868 455 945 ἐθνῶν
488 892 834 963 κεκλημένοι·
855 868 1142 956 καὶτοῦτο,
1156 885 1330 960 οἶμαι,
1355 886 1651 954 ὲστὶνὸπερ
1670 881 1773 951 ἔφη
1875 889 2015 973 me?”
2054 870 2307 973 Populus_
2340 884 2494 973 "fetis
2519 883 2587 973 ei
2616 868 2770 973 "1.":
2798 884 2849 973 ’,,

199 952 333 1049 Θεὸς
393 985 482 1039 διὰ
515 952 700 1056 φωνῆς
746 985 926 1056 Ὠσηέ⁸
985 1003 1005 1037 ι
1040 952 1270 1039 Καλέσω
1312 952 1405 1036 τὸν
1447 980 1508 1034 οὐ
1550 952 1677 1031 λαόν
1714 991 1837 1046 μου,
1876 969 2005 1023 λαόν
2046 982 2179 1038 μου,
2225 964 2321 1017 καλ⁹
2372 963 2483 1034 ἐρῶ
2520 962 2598 1031 τῷ
2642 962 2704 1014 οὐ
2747 960 2860 1031 λαῷ
2899 978 3000 1031 μου
3025 978 3039 989 ·
3086 959 3229 1024 Λαός
3275 974 3381 1032 μου
3413 952 3467 1012 εἴ

200 1094 288 1131 συ.
322 1095 342 1129 ι

274 1172 409 1237 Τοῖς
445 1171 514 1225 δὲ
540 1172 944 1226 δουλεύουσιν
973 1168 1155 1235 αὐτῷ,
1181 1166 1551 1236 κληθήσεται
1593 1162 1783 1231 ὄνομα

199 1263 433 1326 καινὸν,
477 1262 509 1317 δ
542 1261 1017 1332 εὐλογηθήσεται
1060 1259 1159 1314 ἐπὶ
1202 1257 1313 1327 τῆς
1353 1256 1494 1327 γῆς·
1528 1252 1781 1323 εὐλογή-

200 1368 385 1407 σουσι
417 1353 526 1424 γὰρ
558 1354 665 1408 τὸν
691 1352 838 1408 Θεὸν
850 1353 956 1407 τὸν
976 1349 1284 1420 ἀληθινόν.
1306 1349 1415 1405 Kal
1446 1349 1501 1403 οἱ
1528 1345 1785 1416 ὀμνύον-

201 1462 303 1511 τες
344 1445 445 1498 ἐπὶ
494 1442 605 1513 τῆς
655 1442 786 1513 γῆς,
838 1442 1124 1513 ὀμοῦνται
1162 1441 1272 1496 τὸν
1319 1439 1469 1494 Θεὸν
1500 1437 1610 1492 τὸν
1635 1435 1787 1503 ἀλη-

200 1537 405 1592 θινόνο
453 1534 849 1601 ἐπιλήσονται
889 1532 999 1604 γὰρ
1044 1532 1161 1601 τὴν
1191 1533 1405 1600 θλίψιν
1433 1527 1634 1585 αὐτῶν
1669 1526 1784 1595 τήν

202 1627 467 1697 πρώτην,
496 1626 592 1680 καὶ
616 1628 730 1680 οὐκ
759 1626 1129 1693 ἀναϐήσεται
1150 1621 1352 1678 αὐτῶν
1374 1621 1474 1675 ἐπὶ
1513 1620 1629 1688 τὴν
1647 1633 1787 1686 καρ-

202 1716 364 1772 δίαν.
415 1719 628 1783 Ἔσται
674 1716 783 1787 γὰρ
816 1720 850 1771 ό
896 1714 1154 1785 οὐρανὸς
1190 1711 1417 1779 καινὸς,
1473 1709 1573 1764 καὶ
1615 1710 1653 1778 ἡ
1709 1705 1786 1778 γῆ
1819 1741 1862 1796 Β

205 1806 406 1873 καινὴ.
445 1807 543 1861 καὶ
576 1808 648 1861 οὐ
691 1806 779 1876 μὴ
802 1803 1125 1875 μνησθῶσι
1151 1802 1272 1858 τῶν
1307 1800 1627 1871 προτέρων,
1661 1798 1789 1853 οὐδ’

205 1900 279 1952 οὐ
302 1897 390 1966 μὴ
423 1898 646 1966 ἐπέλθῃ
677 1895 876 1952 αὐτῶν
904 1897 1003 1951 ἐπὶ
1046 1894 1165 1964 τὴν
1209 1894 1482 1964 καρδίαν,
1520 1890 1657 1947 ἀλλ’
1690 1891 1791 1944 εὑ-

204 1991 526 2057 φροσύνηγ
552 1988 651 2042 καί
680 1988 1024 2059 armillam
1045 1985 1424 2054 εὑρήσουσιν
1452 1984 1523 2036 ἐν
1543 1978 1719 2049 αὐτῇ.

280 2078 467 2131 Πάντα
498 2079 718 2146 γέγονεν
747 2079 805 2131 ὲν
838 2074 1060 2146 Χριστῷ
1089 2074 1272 2139 καινὰ,
1301 2070 1396 2125 καὶ
1420 2067 1666 2140 λατρεία,
1697 2064 1793 2120 καὶ⁵

210 2166 346 2237 ζωὴ,
392 2166 491 2219 καὶ
523 2165 848 2237 νομοθεσία·
891 2165 951 2217 οὺ
986 2165 1097 2233 γὰρ
1126 2163 1309 2225 σκιαῖς
1358 2159 1437 2212 ἔτι
1472 2158 1567 2211 καὶ
1599 2156 1793 2219 τύποις

210 2260 491 2327 ἀνονήτοις
519 2256 893 2327 προσκείμεθα
913 2272 926 2287 ·
958 2251 1220 2323 τελοῦμεν
1249 2251 1306 2305 δὲ
1348 2250 1547 2320 μᾶλλον
1584 2246 1663 2318 τῷ
1700 2246 1793 2299 ἐπὶ

211 2348 432 2401 πάντων
469 2346 589 2417 Θεῷ
640 2346 739 2418 τὴν
766 2348 821 2399 ὲν
862 2344 1133 2416 πνεύματί
1152 2360 1214 2396 τε
1245 2342 1337 2395 καὶ
1374 2338 1604 2411 ἀληθείᾳ
1628 2354 1795 2408 προσ-

211 2440 441 2510 κύνησιν
496 2438 591 2492 καὶ
616 2437 893 2508 λατρείαν.
927 2433 1356 2507 Χρηματίζθμεν
1385 2431 1443 2485 δὲ
1469 2430 1530 2484 οὐ
1559 2427 1703 2482 κατά
1729 2444 1793 2496 γε

210 2534 337 2595 τοὺς
368 2531 429 2595 ἐξ
455 2530 685 2601 αἵματος
715 2527 950 2599 Ἰσραὴλ,
985 2525 1061 2590 ὡς
1094 2527 1159 2578 ὲκ
1179 2522 1291 2577 τῶν
1314 2519 1649 2592 γενεαρχῶν,
1675 2520 1794 2589 ἤτοι

211 2624 490 2693 πατέρων,
528 2618 790 2691 Ἐφραῒμ,
820 2619 852 2689 ἢ
889 2615 1181 2686 Μανασσῆ,
1202 2614 1237 2686 ἢ
1274 2613 1372 2668 καὶ
1397 2612 1473 2676 ὡς
1505 2610 1563 2675 ἐξ
1602 2608 1795 2677 ἑτέρας

215 2714 428 2785 φυλῆς,
463 2712 579 2767 ἀλλ’
617 2712 738 2765 οὐδὲ
775 2709 875 2781 τὴν
915 2706 1024 2761 τῶν
1061 2704 1441 2778 Γραμματέων
1492 2700 1587 2754 καὶ
1630 2700 1797 2769 Φαρι-

217 2805 386 2858 σαίων
409 2801 681 2874 ἐρχόμεθα
710 2799 917 2873 τρίϐον,
952 2798 1050 2868 τὴν
1079 2796 1174 2850 τοῦ
1203 2794 1533 2867 γράμματος
1570 2787 1796 2844 παλαιό-

213 2914 358 2968 τητα
385 2894 480 2949 τοῦ
519 2894 718 2957 παντὸς
750 2888 1025 2957 ἀξιοῦντες
1062 2888 1242 2956 λόγου,
1276 2885 1390 2940 ἀλλ’
1430 2886 1489 2937 ὲν
1518 2882 1796 2951 καινότητι

216 2986 366 3059 ζωῆς
406 2984 770 3056 εὐαγγελικῆς
819 2981 1118 3053 προσίεμεν
1142 2975 1219 3047 τῷ
1263 2972 1510 3047 Χριστῷ,
1559 2971 1655 3026 καὶ
1696 2970 1796 3042 τὴν

1961 1143 2126 1199 Vens.
2145 1141 2329 1198 16-18.
2353 1142 2417 1195 At
2442 1143 2532 1211 qui
2556 1143 2784 1196 serviunt
2807 1142 2875 1207 ei,
2902 1142 3232 1197 vocabuntur
3257 1145 3467 1202 nomine

1890 1252 2047 1303 novo,
2078 1235 2167 1288 cui
2195 1234 2526 1289 benedicatur
2551 1246 2706 1301 super
2731 1241 2961 1288 terram:
2992 1233 3291 1288 benedicent
3314 1236 3469 1301 enim

1890 1330 2062 1384 Deum
2102 1342 2300 1382 verum.
2333 1324 2401 1379 Et
2440 1326 2530 1395 qui
2564 1326 2754 1395 jurant
2800 1326 2854 1380 in
2894 1333 3059 1390 terra,
3078 1325 3336 1394 jurabunt
3377 1343 3471 1397 per

1892 1419 2061 1475 Deum
2093 1432 2270 1473 verum
2296 1431 2316 1472 :
2346 1416 2717 1472 obliviscentur
2740 1417 2880 1471 enim
2912 1416 3223 1485 afﬂictiouis
3255 1418 3469 1485 prioris,

1889 1526 2053 1582 neque
2073 1510 2237 1564 ueniet
2260 1508 2315 1562 in
2343 1523 2435 1562 cor
2461 1523 2664 1563 eorum.
2696 1506 2811 1561 Erit
2839 1508 2977 1563 enim
3007 1507 3192 1563 caelum
3210 1526 3400 1565 novum
3420 1518 3469 1565 et

1890 1609 2036 1655 terra
2062 1616 2218 1667 nova,
2256 1612 2303 1654 et
2335 1615 2438 1653 non
2471 1599 2889 1654 recordabuntur
2915 1600 3178 1667 priorum,
3202 1617 3364 1670 neque
3388 1617 3471 1657 ve-

1891 1693 2029 1746 nient
2058 1691 2166 1745 illis
2205 1691 2263 1743 in
2310 1699 2554 1754 utentem,
2586 1691 2675 1742 sed
2705 1691 2950 1745 lwtitiam
2980 1702 3027 1747 et
3066 1692 3472 1751 exsultationem

1889 1779 2149 1833 invenient
2176 1780 2230 1832 in
2258 1794 2343 1832 ea.

1962 2061 2153 2119 Omnia
2187 2062 2332 2117 facta
2360 2073 2487 2120 sunt
2511 2064 2565 2119 in
2586 2063 2811 2121 Christo
2839 2080 2999 2132 nova,
3028 2067 3375 2134 cultus,rita,
3398 2069 3475 2126 le-

1891 2154 2128 2225 gislatio.
2164 2153 2282 2208 Non
2328 2154 2475 2210 enim
2516 2155 2626 2226 jam
2669 2156 2877 2212 umbris
2907 2168 2963 2214 et
3008 2158 3149 2229 typis
3195 2158 3476 2215 inutilibus

1892 2246 2349 2312 adhaerescimus,
2380 2246 2482 2301 “sed
2525 2246 2658 2315 Deo,
2705 2248 2796 2317 qui
2838 2264 3002 2318 supra
3034 2265 3224 2307 omnes
3274 2261 3377 2316 est,
3422 2254 3474 2307 iu

1893 2336 2085 2404 spiritu
2133 2344 2189 2390 et
2231 2336 2458 2392 veritate
2493 2338 2697 2393 cultum
2738 2350 3060 2410 praestamus
3091 2350 3147 2398 et
3174 2344 3478 2398 veneratio-

1896 2438 2040 2480 nem.
2092 2423 2277 2494 Neque
2332 2426 2670 2495 appellamur
2707 2429 2874 2500 900
2906 2440 2966 2486 ut
3011 2430 3311 2489 Israelitico
3351 2448 3476 2489 sau-

1894 2516 2057 2584 guiue
2080 2516 2318 2582 oriundi,
2356 2516 2440 2572 vel
2472 2526 2532 2572 ut
2568 2534 2634 2574 ex
2664 2521 2842 2588 gentis
2865 2521 3231 2593 principibus,
3260 2532 3353 2580 aut
3382 2539 3475 2594 pa-

1897 2606 2099 2673 tribus,
2143 2607 2441 2679 Ephraim,
2486 2610 2569 2666 vel
2600 2611 2879 2682 Manasse,
2929 2614 3017 2670 vel
3063 2631 3130 2671 ex
3174 2615 3279 2672 alia
3318 2619 3473 2687 quas?

1896 2697 2062 2762 tribu,
2113 2698 2206 2752 sed
2226 2713 2400 2769 neque
2436 2699 2752 2757 Scribarum
2802 2711 2857 2759 et
2887 2701 3285 2761 Pharisatorum
3330 2707 3474 2763 viam

1896 2786 2247 2856 ingredimur,
2271 2788 2466 2845 litterae
2494 2798 2817 2849 vetustatem
2857 2806 3071 2850 summo
3117 2796 3378 2853 habentes
3419 2797 3473 2854 in

1899 2879 2097 2949 pretio,
2124 2881 2219 2936 sed
2247 2881 2299 2937 in
2327 2881 2568 2937 novitate
2595 2883 2717 2939 vitae
2746 2884 3070 2953 evangeliea:
3102 2887 3168 2941 ad
3194 2888 3474 2942 Christum

1899 2972 2226 3034 accedimus,
2268 2981 2322 3028 et
2356 2988 2548 3028 nomen
2572 2974 2691 3043 ejus
2720 2974 2865 3031 velut
2890 2990 3091 3031 corona
3132 2978 3378 3050 lnsigniti
3416 2988 3475 3034 et

214 3082 311 3137 ἀπ’
336 3078 500 3134 αὐτοῦ
531 3078 745 3148 κλῆσιν,
774 3074 963 3146 ὥσπερ
986 3072 1108 3126 τινὰ
1140 3073 1402 3135 στέφανον
1422 3066 1798 3138 ἀναδούμενοι,

1904 3060 2160 3128 redimiti,
2188 3061 2489 3119 Christiani
2525 3080 2928 3135 nuncupantur.
2962 3066 3076 3123 Hoc
3117 3078 3201 3125 est
3227 3070 3356 3126 illud
3386 3086 3479 3127 ce-

218 3172 632 3247 χρηματίζομεν
665 3164 1007 3239 Χριστιανοί.
1039 3162 1213 3217 Τοῦτο
1266 3160 1331 3232 δὴ
1365 3159 1428 3213 τὸ
1474 3157 1761 3228 διαϐόητον
1781 3199 1795 3225 ,

218 3267 317 3321 καὶ
340 3261 704 3335 εὐλογημένον
736 3259 911 3330 ὄνομα
938 3254 1083 3310 κατὰ
1113 3253 1292 3307 πᾶσάν
1318 3253 1435 3304 ἐστι
1463 3248 1561 3321 τὴν
1584 3248 1673 3301 ὑπ’
1706 3248 1799 3299 οὐ-

222 3357 403 3429 ρανόν.
437 3353 656 3424 Ἐπειδὴ
684 3352 742 3406 δὲ
771 3348 1159 3422 ηὑλογήθημεν
1205 3345 1359 3417 παρὰ
1398 3342 1659 3415 Χριστοῦ,
1705 3340 1801 3395 καὶ

215 3452 381 3521 ἡμεῖς
413 3446 572 3502 αὐτὸν
604 3448 723 3508 ταῖς
768 3441 1039 3511 εὐλογίαις
1074 3440 1166 3495 καὶ
1203 3437 1604 3509 άκαταλήκτοις
1654 3432 1802 3498 δοξο-

216 3541 430 3609 λογίαις
466 3535 887 3607 κατευφραίνειν
917 3530 1309 3601 σπουδάζομεν.
1330 3527 1505 3582 Πάλαι
1538 3526 1636 3597 μὲν
1663 3524 1796 3596 γὰρ,

217 3634 341 3704 ἦτοι
362 3631 469 3703 πρὸ
492 3630 591 3701 τῆς
634 3630 715 3692 είς
757 3626 918 3680 αὑτὸν
959 3625 1216 3688 πίστεως,
1248 3622 1359 3685 τοῖς
1387 3621 1486 3674 οὐκ
1514 3615 1632 3674 οὖσι
1659 3618 1804 3679 θεοῖς

220 3722 597 3792 ἐξυφαίνοντες
636 3718 737 3782 τὰς
759 3716 924 3789 ᾠδὰς,
955 3713 1270 3785 ὲγελώμεθα
1299 3710 1544 3773 δικαίως.
1586 3705 1803 3777 Ἐπειδὴ

218 3815 279 3869 δὲ
317 3818 409 3867 τὸν
449 3813 607 3881 φύσει
637 3810 767 3863 Θεὸν
804 3806 1149 3877 ἐγνώκαμεν,
1186 3802 1462 3875 ὑμνοῦμεν
1503 3799 1686 3862 αὐτὸν,
1713 3797 1805 3850 καὶ

220 3905 437 3977 καρπὸν
493 3902 718 3976 χειλέων
751 3901 845 3955 καὶ
888 3896 1135 3967 γλώττης
1164 3892 1313 3964 αὐτῷ
1339 3889 1803 3964 προσκομίζομεν,

218 3999 322 4061 τὰς
347 3994 653 4063 δοξολογίας
682 3991 846 4047 αὐτοῦ
880 3987 1239 4062 μεμνημένοι,
1262 3984 1365 4039 κᾶν
1385 3985 1434 4038 εἰ
1456 3979 1664 4052 γένοιτό
1688 3996 1807 4043 πως

220 4088 439 4158 ἀνάγκη
472 4085 565 4139 καὶ
609 4082 770 4155 χρεία
798 4081 897 4152 τῆς
938 4079 1026 4134 διὰ
1056 4078 1165 4132 τῶν
1194 4077 1375 4149 ὅρκων
1413 4070 1805 4144 πληροφορίας,

220 4177 310 4246 ἐφ’
340 4178 445 4246 ὅτῳ
476 4170 569 4229 οὖν
608 4173 718 4227 τῶν
759 4169 1099 4243 πραγμάτων
1126 4167 1386 4239 δμοῦνται
1417 4163 1508 4217 τὸν
1538 4161 1672 4216 Θεὸν
1716 4158 1809 4212 τὸν

222 4266 501 4337 ἀληθινόν.
534 4265 694 4328 ’Έθος
726 4264 825 4336 μὲν
856 4262 966 4334 γὰρ
993 4263 1106 4324 τοῖς
1132 4262 1241 4314 τῶν
1272 4256 1505 4311 εἰδώλων
1536 4254 1807 4326 θεραπευ-

223 4362 369 4422 ταῖς,
399 4359 579 4427 ὅρκιον
609 4354 720 4409 ἔσθ’
756 4355 846 4408 ὅτε
886 4352 1158 4408 ποιεῖσθαι
1203 4349 1295 4403 τὸν
1340 4344 1597 4418 οὐρανὸν,
1631 4343 1666 4415 ἢ
1715 4342 1811 4395 καὶ

1902 3151 2322 3208 lebratissimum
2363 3163 2421 3209 et
2450 3168 2547 3224 per
2574 3171 2791 3212 omnem
2816 3169 3015 3214 terram
3053 3162 3152 3216 sub
3177 3162 3299 3218 creti
3322 3177 3476 3219 com-

1901 3241 2060 3312 plexu
2104 3243 2465 3299 benedictum.
2506 3245 2572 3299 Et
2609 3248 2735 3316 quia
2769 3260 2870 3304 nos
2911 3249 3182 3306 benedicti
3220 3266 3408 3309 sumus
3445 3268 3476 3308 a

1901 3335 2144 3402 Christo,
2185 3337 2464 3392 studemus
2504 3339 2667 3392 etiam
2695 3352 2796 3395 nos
2820 3338 2971 3395 illum
3011 3342 3480 3400 benedictionibus

1902 3433 1958 3481 et
1979 3426 2250 3496 perpetuis
2288 3427 2534 3483 laudibus
2564 3428 2858 3486 oblectare.
2898 3430 3038 3488 Olim
3070 3435 3238 3501 enim,
3269 3445 3325 3491 et
3351 3447 3482 3491 ante

1904 3514 2065 3570 ﬁdem
2101 3515 2155 3570 in
2189 3516 2385 3587 ipsum,
2417 3519 2551 3573 odas
2574 3528 2930 3577 contexentes
2970 3538 3075 3579 non
3100 3525 3227 3593 diis,
3251 3526 3376 3595 jure
3409 3529 3482 3581 ri-

1904 3607 2187 3665 debantur.
2216 3608 2504 3680 Postquam
2553 3622 2733 3666 autem
2780 3624 2973 3669 natura
3001 3614 3174 3670 Deum
3207 3618 3479 3684 novimus,

1905 3698 2055 3753 illum
2091 3701 2460 3767 celebramus,
2504 3712 2559 3757 et
2595 3705 2833 3760 fructum
2876 3705 3143 3764 labiorum
3182 3723 3247 3763 ac
3287 3710 3482 3779 linguae

1907 3791 2007 3856 ipsi
2048 3791 2347 3871 oderimus,
2382 3792 2569 3848 laudes
2611 3794 2726 3860 ejus
2768 3808 3257 3854 commemorantes
3283 3817 3298 3854 :
3328 3802 3485 3870 sique

1906 3896 2044 3951 opus
2070 3896 2265 3937 ususve
2299 3882 2461 3938 fuerit
2488 3882 2848 3954 jurisjurandi
2877 3888 3315 3955 conﬁrmatione,
3340 3890 3394 3945 in
3423 3905 3483 3947 re

1908 3974 2182 4043 quapiam,
2222 3971 2417 4039 juraut
2461 3989 2557 4043 per
2610 3973 2778 4029 Deum
2837 3990 3048 4032 verum.
3083 3976 3180 4033 Est
3228 3978 3372 4034 enim
3427 3980 3482 4035 in

1911 4079 2059 4119 more
2102 4063 2365 4121 idolorum
2407 4065 2708 4120 cultoribus
2746 4064 3114 4135 juramentum
3158 4082 3255 4137 per
3282 4067 3480 4125 coelum

1909 4158 1992 4211 vel
2020 4171 2115 4228 per
2146 4157 2292 4212 aliud
2330 4158 2622 4228 quodpiam
2660 4158 2711 4213 in
2740 4174 2805 4213 eo
2835 4158 3221 4216 elementorum
3273 4176 3486 4217 nuncu-

1908 4262 2060 4316 pare.
2088 4248 2158 4302 At
2196 4249 2287 4317 qui
2326 4251 2485 4303 Iidem
2523 4258 2868 4319 receperunt,
2896 4250 3058 4305 etiam
3084 4252 3397 4322 iuveniliter
3424 4271 3488 4310 ac

1911 4348 2131 4397 strenue
2174 4356 2205 4394 a
2253 4341 2367 4397 suis
2412 4342 2626 4399 delictis
2671 4345 2958 4399 recedunt:
2994 4360 3091 4415 per
3135 4347 3306 4402 solum
3341 4349 3485 4403 enim

223 4452 415 4522 ἔτερόν
442 4469 496 4504 τι
537 4450 647 4503 τῶν
678 4451 736 4502 ὲν
767 4447 917 4519 αὐτῷ
960 4443 1262 4517 στοιχείων.
1294 4441 1359 4494 Οἱ
1394 4440 1452 4492 δὲ
1489 4438 1587 4509 τὴν
1627 4435 1798 4490 πίστιν

1913 4428 2282 4485 universitatis
2330 4429 2497 4485 Deum
2545 4430 2753 4498 jurant,
2788 4432 3023 4489 scientes
3073 4436 3245 4503 ipsum
3286 4441 3480 4489 natura

227 4519 685 4615 παραδεξάμενοι,
717 4540 813 4594 καὶ
841 4539 948 4592 τῶν
993 4540 1075 4602 εἰς
1110 4535 1270 4591 τοῦτο
1318 4527 1798 4603 πλημμελημάτωκ

1912 4530 1966 4575 et
1989 4535 2114 4575 vere
2147 4519 2430 4574 Dominum
2480 4534 2622 4587 esse,
2651 4532 2703 4576 et
2746 4533 2945 4590 praeter
2992 4522 3166 4593 ipsqu
3214 4523 3486 4578 neminem

228 4636 566 4705 ἀΜςοιτῶσι
616 4633 881 4695 νεανικῶς
908 4648 921 4660 ·
963 4632 1149 4703 ὅρκιον
1194 4628 1303 4699 γὰρ
1339 4623 1619 4679 ποιοῦνται
1654 4621 1798 4692 μόνοι

1914 4611 2100 4665 alium.
2131 4608 2247 4665 Hoc
2276 4612 2438 4665 etiam
2472 4609 2704 4667 Mosaica
2735 4613 2989 4682 praecepit
3016 4612 3121 4668 lex.
3159 4632 3179 4664 ι
3206 4604 3487 4669 Dominum

225 4732 321 4784 τὸν
346 4700 454 4781 τῶν
486 4729 621 4781 ὅλων
655 4725 812 4788 Θεὸν,
842 4700 1007 4776 αὑτὸν
1045 4720 1245 4784 εἰδότες
1285 4718 1443 4788 φύσει
1476 4733 1535 4770 τε
1566 4714 1659 4767 καὶ
1686 4712 1798 4782 άληι

1916 4701 2083 4768 enim,
2127 4701 2325 4772 inquit,
2381 4700 2550 4757 Deum
2600 4711 2750 4757 tuum
2809 4703 3081 4769 adorabis,
3150 4712 3205 4757 et
3241 4717 3366 4758 eum
3399 4716 3491 4757 so-

227 4820 341 4883 θῶς
365 4818 656 4887 Δεσπότην,
681 4816 775 4869 καὶ
802 4815 989 4885 ἕτερον
1012 4811 1099 4865 ἐπ’
1128 4809 1275 4878 αὐτῷ
1303 4804 1581 4869 παντελῶς
1601 4802 1788 4857 οὐδένα

1921 4792 2030 4847 lum
2055 4794 2221 4860 coles,
2238 4793 2363 4850 etin
2395 4793 2610 4850 nomine
2647 4794 3055 4865 ejusjurabis“.
3083 4814 3103 4848 ι
3128 4796 3218 4850 Ait
3240 4794 3434 4850 deinde
3471 4810 3488 4847 :

228 4912 403 4965 Τοῦτο
426 4911 521 4964 καὶ
546 4911 575 4962 ὁ
595 4884 692 4962 *διὰ
712 4884 956 4970 Μωσέως
986 4902 1319 4974 προστέταχε
1348 4900 1510 4971 νόμος
1529 4914 1544 4928 ·
1579 4894 1798 4988 ιΚύριο]

1925 4903 1945 4937 ι
1967 4884 2363 4943 Obliviscentur
2394 4885 2700 4943 amictionis
2736 4886 2956 4957 prioris,
2982 4895 3038 4942 et
3074 4900 3182 4942 non
3208 4884 3390 4942 veniet
3422 4884 3491 4940 il-

227 5003 362 5073 γὰρ,
402 5001 555 5071 φησι,
590 5000 680 5053 τὸν
735 4998 869 5053 Θεόν
931 5013 1026 5050 σου
1061 4992 1486 5066 προσκυνήσεις,
1532 4986 1625 5042 καὶ
1663 4983 1798 5054 αὑτᾷ

1919 4975 1986 5032 lis
2017 4977 2071 5033 in
2102 4974 2363 5031 animum.
2396 4994 2416 5029 ι
2457 4976 2813 5033 Aﬁlictionem
2839 4975 3162 5032 videturille
3187 4975 3491 5039 nominare,

412 5064 751 5168 λατρεύσεις,
786 5093 880 5147 καί
912 5092 990 5163 τῷ
1008 5064 1233 5162 ὀνόματι
1272 5083 1605 5154 αὐτοῦρμᾗ·
1639 5098 1657 5129 ι
1695 5073 1798 5130 εἶτά

1918 5080 2053 5135 quas
2073 5065 2217 5137 passi
2243 5075 2362 5122 sunt
2387 5080 2678 5132 :erumnas,
2708 5081 2830 5121 cum
2861 5064 3030 5119 Deum
3060 5064 3368 5119 nescientes
3400 5076 3497 5118 re-

232 5150 295 5169 r
356 5150 367 5168 .
517 5150 529 5168 .
712 5150 750 5159 ..
962 5150 973 5163 .
1104 5150 1117 5162 .
1442 5150 1463 5153 _
1506 5150 1516 5154 -
1552 5150 1573 5152 ,γ

230 5206 422 5261 φησιν,
446 5190 527 5242 ὅτι
559 5206 578 5239 ι
611 5186 993 5257 Ἑπιλήσονται
1022 5182 1118 5252 τὴν
1142 5178 1321 5247 θλίψιν
1342 5174 1522 5230 αὐτῶν
1545 5171 1640 5243 τὴν
1664 5168 1798 5241 πρώλ

1920 5155 2465 5224 rum,da:moniorum
2497 5155 2837 5224 perversitati
2866 5156 3190 5211 servierunt.
3217 5150 3492 5209 Jubeban-

229 5239 997 5355 τη⁸ν,ήκαίοὺκῖάναέὴσεται
1029 5239 1207 5328 αῦτῶν
1238 5239 1331 5324 ἐπὶ
1363 5268 1463 5339 τὴν
1508 5239 1755 5335 καρδίαν*
1793 5279 1798 5310 l

1925 5258 2013 5305 tur
2039 5248 2237 5305 etenim
2268 5249 2582 5304 sacriﬁcare
2605 5248 2730 5316 illis,
2750 5263 2856 5305 non
2888 5247 3047 5304 modo
3075 5260 3203 5304 oves
3230 5253 3287 5301 et
3307 5246 3492 5306 bores,

232 5324 535 5443 xz‘t’O‘Aizjatv
569 5372 744 5425 ἔοικεν
779 5324 838 5423 ὲν
878 5367 1089 5428 τούτοις
1124 5324 1798 5453 6V0ydC6AtV1-fj‘JADTEéGTﬂ;

1924 5340 2017 5396 sed
2049 5339 2214 5397 etiam
2262 5337 2409 5395 fetus
2433 5340 2571 5394 uteri
2602 5339 2707 5406 sui,
2736 5337 3189 5409 quemadmodum
3232 5332 3495 5403 scriptum

1928 5440 2005 5453 Δ..
2030 5449 2041 5453 -
2085 5430 2501 5453 -a--_:t:--_--_.
2544 5430 2708 5453 2-2..--
2739 5430 2952 5453 -..:.t--..
2981 5429 3115 5453 nn-..
3145 5433 3193 5453 ΑΙ
3228 5422 3365 5453 an...
3389 5421 3434 5453 οι
3472 5441 3491 5453 ι

822 5460 953 5513 Θεὸν
975 5422 1431 5517 οὐκ-εἰδότες-τὸν-
1449 5422 1723 5518 ἀληθινὸν,
1750 5446 1798 5512 τῇ

1924 5440 2043 5488 est:
2080 5430 2508 5487 «Sacriﬁcarunt
2543 5430 2708 5501 igitur
2734 5430 2956 5501 quidam
2979 5429 3118 5483 ﬁlios
3144 5433 3199 5480 et
3228 5422 3367 5478 ﬁlias
3389 5422 3492 5475 ⁸⁸.»

1928 5525 1971 5535 ..-
2008 5523 2038 5535 ..
2098 5524 2112 5535 .
2158 5524 2189 5535 Α.
2303 5523 2339 5535 ..
2518 5523 2531 5535 .
2608 5520 2630 5535 ,.
2667 5523 2699 5535 ..
2865 5522 2916 5535 ..
3054 5514 3325 5535 dum.“
3361 5512 3492 5535 πη,

238 5512 329 5519 *ν’*
365 5512 687 5535 δ”-*Απιι-ηννι
718 5512 795 5516 ’π
836 5512 845 5513 ί
1279 5512 1292 5517 ν
1541 5512 1552 5518 τ

235 5557 343 5611 τῶν
375 5555 669 5627 δαιμονίων
703 5555 989 5625 σκαιότητι
1027 5545 1432 5603 δεδουλεύκασι.
1470 5538 1798 5611 Προσέταττε

1928 5523 2229 5582 Tribulatio
2269 5523 2378 5581 alio
2411 5523 2568 5579 modo
2604 5520 2877 5594 fuit,quod
2904 5514 3328 5576 innumerabiles
3360 5512 3497 5569 Deos

306 5736 357 5769 “
398 5733 538 5791 Osee
583 5748 642 5797 tt,
668 5733 761 5787 ‘24.
841 5731 885 5762 “
923 5730 1074 5783 Deut.
1103 5742 1177 5785 rt.
1208 5726 1294 5779 15.
1375 5722 1419 5754 ⁸⁸
1451 5718 1588 5775 Psal.
1639 5731 1728 5779 εν,
1770 5712 1798 5764 5

3098 5785 3175 5845 45

576 5832 848 5893 Ρηιιοι..
888 5829 1005 5888 Gn.
1042 5825 1228 5886 LXX.
1710 5836 1763 5862 κ
