4096 6496
623 332 762 390 1419

1646 338 1703 392 s.
1743 335 2018 392 C\'ll!LLl
2060 301 2525 391 ALExanontNt
2567 335 2886 391 ARCHIEP.

3735 339 3875 392 “20

621 446 800 502 colere
825 454 877 502 et
908 446 1131 502 adorare
1156 455 1474 516 cogeremur
1503 448 1712 518 ignotos
1736 450 1874 506 illos.
1905 451 2178 507 Probabile

2293 449 2404 520 [γρ.
2438 449 2887 522 προσετάττοντο]
2921 450 3029 521 γὰρ
3068 451 3361 506 καταθύειν
3395 452 3600 519 αὐτοῖς,
3622 453 3752 524 οὐχὶ
3787 456 3879 525 δή·

623 546 802 594 autem
829 548 912 593 est
935 539 1254 607 quibusdam
1280 540 1504 594 insidias
1525 551 1763 597 structas
1790 557 1930 607 esse,
1947 543 2191 597 certe'ita

621 629 826 686 sentire
852 642 956 685 non
982 640 1067 685 est
1094 631 1483 700 improbabile:
1513 633 1640 702 quia
1663 647 1784 687 cum
1813 633 1916 688 illis
1945 630 2191 689 fortiores

619 728 801 775 essent
828 721 1148 774 eusecrandi
1206 730 1260 775 et
1335 723 1665 792 sanguinarii
1698 724 1983 792 daemones,
2027 728 2188 781 etiam

619 811 925 880 Opprime're
964 819 1282 880 potuerunt,
1311 827 1435 867 cum
1489 829 1518 868 a
1558 814 1667 870 Deo
1703 831 1805 871 non
1843 828 2190 888 protegeren-

620 912 726 955 tur.
775 900 1006 972 «Hujus,
1039 902 1232 972 inquit,
1277 903 1582 960 alllictionis
1633 921 1743 961 suae
1780 907 2184 964 obliviscentur.

617 991 736 1046 Erit
763 993 907 1046 enim
927 993 1143 1047 ‘cmlu‘m
1174 1008 1370 1048 novum
1415 1003 1471 1050 et
1520 1004 1664 1051 terra
1697 1013 1855 1053 nova.
1882 1017 1901 1051 3
1942 998 2066 1065 Qui,
2097 1009 2190 1055 aut

616 1083 886 1152 quomodo
906 1082 1102 1152 i901
1128 1082 1392 1138 Putabant
1406 1086 1548 1139 enim
1567 1088 1692 1140 olim
1711 1089 1838 1144 deos
1855 1103 1974 1144 esse
1991 1101 2186 1145 terram

613 1182 667 1227 et
691 1174 920 1229 ccelum:
963 1183 1017 1226 at
1057 1175 1175 1228 luce
1221 1174 1404 1229 divina
1438 1177 1490 1230 in
1528 1179 1766 1232 animum
1804 1180 2062 1246 admissa,
2090 1195 2188 1250 per

613 1265 854 1318 omnium
879 1272 1124 1318 nostrum
1151 1264 1498 1322 Servatorem
1527 1270 1821 1332 Christum,
1849 1286 2014 1326 novas
2031 1273 2186 1342 quasi

613 1354 914 1407 sententias
943 1367 1008 1407 ac
1039 1354 1288 1411 notiones
1326 1356 1378 1410 in
1413 1371 1470 1411 se
1495 1357 1786 1414 habebunt.
1821 1359 2004 1415 Scient
2037 1377 2188 1416 nam-

612 1457 718 1511 que
747 1457 849 1498 non
883 1457 1009 1497 esse
1039 1443 1188 1511 deos,
1229 1447 1322 1500 sed
1351 1448 1590 1502 omnium
1624 1449 1849 1505 artiﬁcis
1870 1460 1925 1506 δι
1956 1451 2187 1509 fabrica-

614 1532 747 1588 toris
799 1533 1073 1604 ﬁgmenta.
1105 1553 1125 1587 ι
1147 1535 1237 1590 Sic
1281 1548 1459 1593 autem
1481 1579 1494 1603 ,
1539 1540 1742 1608 inquit,
1777 1560 1795 1593 ‹
1823 1543 2002 1597 animo
2050 1543 2183 1600 alle-

613 1624 706 1690 cti,
757 1638 862 1679 non
917 1625 1053 1680 ultra
1114 1629 1540 1685 recordabuntur
1577 1633 1835 1700 priorum.
1863 1649 1881 1686 3
1913 1635 2183 1706 Abjicient

611 1714 756 1768 enim
784 1715 946 1770 simul
989 1731 1111 1772 cum
1152 1722 1456 1788 graecismo,
1496 1723 1656 1777 etiam
1706 1739 1839 1792 quas
1879 1727 2183 1782 habuerunt

2294 558 2396 594 που
2432 542 2591 612 μόνον
2628 542 2878 613 πρόϐατά
2933 559 2992 595 τε
3031 544 3126 597 καὶ
3171 543 3319 614 βοῦς,
3351 543 3486 597 ἀλλά
3513 544 3623 617 γὰρ
3671 547 3772 598 καὶ
3817 548 3880 599 τὰ

2293 630 2488 700 ἔκγονα
2518 633 2615 703 τῆς
2643 632 2849 695 κοιλίας
2871 632 3073 696 αὐτῶν,
3104 633 3252 687 καθά
3277 635 3624 705 γέγραπταιο
3655 654 3675 688 ι
3708 635 3881 689 ’Ῑεθύ-

2291 737 2418 774 κασι
2455 721 2586 788 γοῦν
2619 739 2760 784 τινες
2784 722 2934 785 υἱούς
2968 740 3028 775 τε
3064 723 3159 776 καὶ
3186 723 3517 794 θυγατέρας.
3541 744 3560 776 3
3586 725 3879 795 Μοχθηρία

2289 810 2346 863 δὲ
2395 811 2492 863 καὶ
2535 812 2739 883 ἑτέρως
2764 809 2855 882 ἦν,
2896 813 2960 866 τδ
3001 815 3393 886 ἀναριθμήτοις
3423 816 3567 869 οὕτω
3593 817 3880 888 λατρεύειν

2291 900 2452 967 θεοῖς,
2488 903 2581 954 καὶ
2610 902 2933 973 θεραπεύειν
2959 905 3281 974 ἐπείγεσθαι
3308 907 3434 969 τοὺς
3479 907 3559 977 μὴ
3596 909 3879 978 ὲγνωσμὲο

2290 1009 2413 1056 νους
2433 1009 2445 1022 ·
2477 993 2624 1058 είκὸς
2653 994 2710 1048 δὲ
2738 994 2918 1059 τοῦτο,
2943 995 3040 1049 καὶ⁵
3071 996 3519 1050 ἐπιϐουλεύεσθαί
3545 1016 3707 1062 τινας
3730 1001 3878 1069 παρὰ

2287 1082 2395 1136 τῶν
2429 1084 2792 1155 ἠμελημένων
2811 1101 2825 1115 ·
2866 1087 2926 1140 τὸ
2947 1087 3174 1150 ἀπεικὸς
3205 1089 3313 1159 γὰρ
3347 1089 3497 1142 οὐδὲν
3527 1090 3759 1154 ὲννοεῖν,
3798 1091 3872 1143 ὅτι

2288 1173 2616 1246 κρατοῦντες
2665 1176 2847 1229 αὐτῶν
2875 1179 2924 1230 οί
2969 1178 3217 1248 βδελυροὶ
3252 1180 3347 1233 καὶ
3383 1180 3663 1250 μιαιφόνοι
3691 1181 3880 1251 δαίμο-

2287 1281 2394 1328 νες,
2439 1266 2533 1319 καὶ
2575 1267 2780 1320 ἀδικεῖν
2814 1268 3091 1334 ἐδύναντο,
3130 1269 3342 1342 σκέπην
3379 1273 3481 1325 οὐκ
3511 1271 3743 1342 ἔχοντας
3782 1275 3878 1344 τήν

2287 1353 2438 1426 παρά
2461 1354 2618 1410 Θεοῦ.
2658 1375 2676 1408 ι
2702 1357 2938 1430 Ταύτην,
2977 1361 3143 1430 φησὶ,
3174 1361 3276 1430 τὴν
3305 1362 3512 1414 ἑαυτῶν
3549 1363 3740 1431 θλίψιν
3766 1364 3877 1416 ἐπι·

2285 1445 2558 1516 λήσονται.
2615 1449 2806 1501 Ἔσται
2854 1450 2964 1521 γὰρ
3008 1453 3036 1503 ὁ
3065 1452 3295 1523 οὐρανὸς
3346 1454 3556 1518 καινὸς,
3597 1455 3700 1507 καὶ
3748 1457 3782 1524 ἡ
3812 1457 3873 1525 τῆ

2286 1540 2466 1608 καινή.
2494 1558 2512 1590 3
2547 1539 2692 1604 Πῶς,
2719 1540 2752 1611 ἢ
2787 1539 2911 1594 τίνα
2939 1542 3178 1612 τρόπον;
3211 1545 3390 1599 Πάλαι
3422 1545 3522 1616 μὲν
3553 1547 3670 1616 γὰρ
3701 1547 3877 1615 ἐνόμι-

2285 1630 2396 1696 ζον,
2429 1632 2585 1695 θεοὺς
2626 1628 2767 1686 εῖναι
2793 1633 2898 1702 γῆν
2927 1651 2986 1685 τε
3013 1635 3106 1686 καὶ
3132 1636 3383 1704 οὐρανόν·
3416 1637 3532 1704 φῶς
3560 1636 3618 1688 δὲ
3641 1637 3708 1689 τὺ
3739 1637 3876 1690 θεῖον

2284 1723 2540 1788 λαϐόντες
2593 1727 2671 1788 είς
2719 1725 2843 1778 νοῦν
2882 1726 2969 1780 διὰ
3009 1727 3104 1780 τοῦ
3152 1731 3369 1782 πάντων
3421 1729 3584 1799 ήμῶν
3625 1730 3875 1800 Σωτῆρος

607 1803 914 1871 opiniones,
943 1804 1009 1858 de
1033 1804 1164 1875 ipsis
1186 1806 1562 1874 elementis,et
1596 1811 1680 1865 his
1713 1812 1804 1881 qui
1837 1814 2178 1884 deceperunt,

2288 1815 2548 1886 Χριστοῦ,
2581 1817 2774 1880 καινὰς
2820 1817 3009 1888 ὥσπερ
3043 1819 3252 1882 ἐννοίας
3281 1820 3494 1884 ἕξουσιν
3537 1821 3624 1872 ἐπ’
3669 1821 3871 1884 αὐτοῖς.

607 1895 722 1950 sive
734 1895 1013 1951 daemoniis
1026 1897 1138 1953 sive
1170 1900 1592 1971 hominibus,qui
1606 1903 1776 1957 errori
1793 1918 2190 1962 consenserunt

609 1995 665 2040 et
700 1985 878 2056 lingua
914 2001 1010 2041 sua
1044 1990 1363 2056 patrocinati
1405 2001 1550 2046 sunt.
1601 1991 1704 2048 Pro
1745 1993 2053 2062 afﬂictione,
2103 2000 2187 2053 in-

605 2077 1006 2146 quit,antiqua,
1035 2079 1274 2134 laetitiam
1310 2091 1365 2136 et
1389 2085 1798 2140 exsultationem
1835 2087 2110 2143 invenient
2135 2090 2185 2143 in

606 2179 690 2220 ea.
705 2164 789 2218 3ln
803 2167 932 2235 qua?
943 2166 1378 2238 Certe,inquit,in
1397 2172 1632 2228 Ecclesia
1644 2173 1864 2229 Christi.
1885 2174 2183 2231 Notandum

606 2267 692 2312 est
724 2260 1058 2324 necessario,
1081 2261 1340 2329 quosdam
1381 2263 1706 2333 interpretes
1736 2265 1849 2320 haec
1873 2266 2076 2323 referre
2118 2257 2201 2322 ad'

610 2358 849 2417 tempora
881 2365 985 2406 non
1011 2353 1407 2418 adventus,sed
1443 2353 1623 2408 futura
1653 2366 1776 2424 post
1808 2357 1909 2412 hoc
1946 2373 2185 2428 prmsens

606 2455 799 2496 aevum.
832 2441 971 2496 Fore
1008 2443 1152 2499 enim
1179 2444 1358 2513 justos
1391 2445 1445 2500 in
1475 2446 1656 2501 laetitia
1687 2455 1742 2503 et
1771 2449 1990 2518 gaudio,
2023 2452 2173 2518 dicit,

605 2532 744 2586 etin
795 2535 1073 2602 perpetuis
1125 2534 1354 2600 deliciis,
1404 2538 1776 2606 spiritualibus
1818 2541 2089 2610 videlicet,
2131 2553 2184 2598 et

607 2622 724 2692 ipso
741 2621 844 2676 hoc
875 2622 1091 2692 opilicio
1123 2633 1329 2680 mutato
1351 2626 1404 2680 in
1427 2629 1852 2688 renovationem.
1872 2631 2016 2687 Dixit
2037 2635 2179 2690 enim

605 2713 824 2782 quidam
849 2727 879 2768 e
899 2715 1104 2769 sanctis
1145 2717 1402 2784 apostolis
1431 2736 1444 2771 :
1479 2735 1498 2769 ι
1534 2719 1723 2774 Veniet
1752 2723 1895 2776 enim
1928 2725 2044 2780 dies
2073 2725 2180 2781 Do-

609 2803 740 2855 mini
767 2811 1024 2872 tanquam
1039 2803 1215 2874 lur,.in
1239 2820 1346 2874 quo
1378 2807 1502 2863 cmli
1539 2824 1730 2879 magno
1761 2812 1958 2881 impetu
2002 2822 2181 2871 trans-

607 2891 782 2956 ibunt,
817 2891 1082 2947 elementa
1153 2909 1282 2949 vero
1313 2896 1492 2952 calore
1513 2898 1890 2968 dissolventur,
1919 2912 2060 2959 terra
2087 2921 2181 2961 au-

2291 1904 2542 1958 Είσονται
2557 1907 2661 1975 γὰρ
2673 1907 2754 1958 ὅτι
2773 1908 2821 1958 οἱ
2842 1907 2939 1976 μὲν
2953 1908 3054 1961 οὐκ
3076 1908 3186 1961 είσὶ
3206 1907 3364 1981 [θεοὶ]
3377 1951 3389 1971 ,
3407 1911 3696 1979 ποιήματα
3714 1911 3774 1963 δὲ
3785 1909 3872 1962 τοῦ

2290 1996 2507 2050 πάντων
2561 1996 2805 2066 τεχνίτου
2851 1999 2944 2050 κα)⁸
2975 1999 3332 2070 δημιουργοῦ.
3362 2019 3380 2052 3
3411 2000 3570 2053 Οὕτω
3601 2000 3660 2053 δὲ
3701 2000 3873 2052 διατε-

2291 2087 2507 2152 θέντες,
2555 2089 2754 2160 φησὶν,
2816 2090 2914 2143 οὐκ
2957 2090 3035 2144 ἔτι
3101 2093 3471 2162 μεμνήσονται
3525 2092 3636 2144 τῶν
3683 2094 3873 2162 «prns-

2291 2196 2397 2248 ρων
2418 2197 2430 2209 ·
2469 2180 2800 2234 ἀποϐαλοῦσι
2833 2182 2941 2252 γὰρ
2963 2181 3100 2251 ὁμοῦ
3162 2182 3243 2253 τῷ
3284 2177 3653 2254 Ἐλληνισμῷ,
3689 2187 3784 2237 καί
3813 2186 3873 2247 ἃς

2288 2271 2557 2341 ἐσχήκασι
2603 2269 2762 2336 δόξας
2791 2272 2918 2343 περί
2956 2290 3016 2325 τε
3062 2273 3170 2326 τῶν
3205 2275 3485 2344 στοιχείων
3530 2276 3750 2339 αὐτῶν,
3782 2278 3872 2329 καὶ

2286 2363 2396 2417 τῶν
2422 2363 2593 2418 πάλαι
2627 2365 3077 2436 πεπλανηκὸτων,
3101 2366 3134 2437 ἢ
3158 2366 3450 2437 δαιμόνων,
3481 2367 3514 2439 ἦ
3547 2369 3868 2439 ἀνθρώπων,

2285 2453 2334 2506 οἳ
2396 2457 2461 2524 τῇ
2522 2454 2700 2526 πλάνῃ
2750 2457 3051 2528 συνήγορον
3099 2457 3200 2529 τὴν
3253 2459 3465 2512 ἑαυτῶν
3520 2460 3871 2532 παρέστησαν

2284 2542 2558 2611 γλῶσσαν.
2619 2545 2833 2599 Ἀντὶδὲ
2866 2550 2963 2618 τῆς
2997 2547 3227 2617 θλίψεως
3281 2550 3380 2620 τῆς
3440 2549 3634 2615 πάλαι,
3687 2552 3868 2620 φησὶν,

2283 2635 2624 2706 εὐφροσύνην
2683 2637 2777 2690 καὶ
2821 2637 3136 2708 ἀγαλλίαμα
3171 2640 3498 2709 εὑρήσουσιν
3555 2627 3614 2694 ἓν
3664 2643 3865 2713 αὐτῇ.»

2283 2727 2394 2779 Καὶ
2419 2729 2476 2779 ὲν
2507 2729 2668 2796 αὐτῇ,
2688 2729 2824 2793 τίνι;
2847 2730 2918 2782 ’Ἡ
2934 2714 3151 2793 πάντως
3185 2732 3430 2802 φήσειεν
3465 2734 3544 2803 Τῇ
3577 2734 3872 2806 Ἐκκλησία

2282 2816 2540 2887 Χριστοῦ.
2581 2819 3055 2891 Ἐπισημήνασθαι
3105 2821 3162 2874 δὲ
3203 2824 3540 2893 ἀναγκαῖον,
3585 2827 3668 2879 ὅτι
3702 2827 3871 2879 ταῦτα

2279 2909 2424 2971 τινὲς
2450 2909 2558 2963 τῶν
2591 2911 2875 2982 ἐξηγητῶν
2903 2912 3202 2966 ἀνάπτουσι
3248 2917 3362 2977 τοῖς
3393 2919 3632 2986 καιροῖς,
3665 2918 3728 2969 ού
3760 2921 3872 2977 τοῖς

611 2993 716 3038 tem
744 2992 797 3037 et
827 2997 945 3052 qua:
977 2985 1028 3039 in
1079 2999 1142 3040 ea
1174 2995 1301 3041 sunt
1327 2987 1747 3059 conﬂagrabunt.
1787 2993 1980 3050 'Coeios
2014 3011 2178 3054 novos

2280 2998 2378 3068 τῆς
2403 3000 2698 3071 ἐπιδημίας
2740 3000 2959 3071 μᾶλλον,
2990 3001 3127 3055 ἀλλά
3156 3006 3268 3066 τοῖς
3306 2985 3592 3074 ἐσομένοις
3621 3009 3764 3076 μετά
3783 3008 3871 3060 τὸν

607 3083 663 3129 et
691 3089 886 3128 novam
915 3085 1137 3143 terram,
1157 3084 1212 3131 et
1239 3080 1505 3146 promissa
1533 3080 1651 3149 ejus
1684 3096 2059 3153 exspectamus
2075 3088 2171 3141 σι.»

2283 3089 2454 3142 αἰῶνα
2484 3090 2572 3142 τὸν
2607 3093 2935 3162 ἐνεστηκότα
2957 3110 2969 3123 ·
3003 3093 3224 3147 ἔσεσθαι
3245 3096 3356 3166 γὰρ
3387 3097 3514 3159 τοὺς
3543 3097 3790 3161 δικαίους
3814 3101 3870 3150 ἐν

605 3164 860 3220 Liberum
891 3181 1019 3236 ergo
1050 3177 1104 3222 et
1147 3168 1353 3222 licitum
1386 3180 1466 3225 est
1512 3150 1955 3244 cordatisiquam
2011 3179 2178 3234 velint

2285 3179 2590 3253 εὐφροσύνῃ
2620 3183 2712 3236 καὶ
2746 3150 2889 3256 χαρᾷ
2921 3201 3080 3254 φησι,
3115 3187 3210 3239 καὶ
3240 3150 3296 3239 έν
3323 3150 3714 3258 ἀτελεῦτήτοις
3745 3150 3874 3261 τρυ-

606 3257 1133 3328 interpretationem,
1172 3260 1312 3314 hanc
1343 3261 1424 3314 vel
1459 3262 1600 3316 illam
1641 3266 1862 3334 eligere.
1907 3269 2178 3336 Abjicien-

2287 3275 2435 3340 φαῖς,
2472 3279 2870 3345 πνευματικαῖς
2887 3277 3148 3346 δηλονότι,
3179 3279 3274 3331 καὶ
3306 3280 3478 3352 αὐτῆς
3506 3281 3610 3350 τῆς
3643 3281 3870 3345 κτίσεως

607 3349 734 3402 dum
759 3351 903 3404 enim
929 3361 1012 3405 est
1039 3351 1186 3404 nullo
1219 3352 1399 3416 modo,
1431 3355 1574 3422 quod
1602 3359 1836 3423 prodest.
1889 3383 1892 3386 -

2291 3364 2703 3435 μεταϐαλούσης
2733 3367 2812 3428 είς
2861 3349 3446 3440 ἀνακαινισμόν.Ἔςρη
3476 3349 3588 3441 γάρ
3638 3388 3725 3435 τις
3763 3371 3868 3424 τῶν

603 3437 773 3506 ἁγίων
819 3439 1131 3492 ἀποστόλων
1157 3455 1171 3469 ·
1204 3459 1221 3489 ι
1256 3441 1412 3506 Ἥξει
1452 3443 1559 3511 γὰρ
1608 3446 1788 3516 ἡμέρα
1837 3449 2064 3518 Κυρίου,
2098 3452 2174 3514 ὡς
2214 3452 2499 3530 κλέπτης,
2545 3457 2604 3508 ὲν
2695 3456 2912 3527 οὐρανοὶ
2953 3457 3052 3528 μὲν
3099 3437 3343 3529 ῥοιζηδὸν
3383 3437 3865 3530 Ὕπαρελεύσονται,

606 3531 843 3599 στοιχεῖα
876 3530 933 3582 δὲ
970 3527 1316 3598 καυσούμενα
1345 3531 1653 3602 λυθήσεται.
1685 3536 1761 3604 Γῆ
1807 3539 1862 3590 δὲ
1927 3541 2118 3595 καὶτὰ
2185 3545 2242 3597 ὲν
2280 3545 2418 3616 αὐτῇ
2472 3547 2646 3601 πάντα
2687 3548 3044 3619 καυθήσεται,
3092 3553 3311 3614 καινοὺς
3345 3552 3402 3606 δὲ
3441 3554 3739 3624 οὐρανοὺς,
3776 3557 3868 3607 καὶ

604 3619 798 3689 καινὴν
829 3618 954 3689 γῆν,
1002 3619 1098 3670 καλ⁵
1144 3619 1229 3715 ’τὰ
1263 3621 1652 3692 ἐπαγγέλματα
1711 3627 1874 3680 αὐτοῦ
1920 3634 2328 3706 προσδοκῶμεν.
2361 3656 2378 3688 3
2417 3637 2648 3702 Ἐξέστω
2713 3639 2778 3709 δὴ
2825 3636 2917 3694 οὖν
2946 3644 3059 3704 τοῖς
3130 3641 3388 3715 ὲχέφροσι
3430 3618 3730 3700 τὸδοκοῦν
3757 3647 3865 3698 ἐλέ-

605 3706 875 3779 σθαῃτῶν
902 3707 1294 3778 θεωρημάτων,
1333 3711 1534 3780 μᾶλλον
1565 3713 1621 3768 δὲ
1672 3716 1829 3771 τοῦτό
1857 3737 1916 3772 τε
1987 3723 2232 3782 κάκεῖνο.
2287 3728 2617 3800 Ἀπόϐλητον
2662 3706 2778 3802 γὰρ
2820 3731 2940 3786 κατ’
2991 3706 3193 3787 οὐδένα-
3231 3706 3433 3805 τρόπον
3491 3738 3557 3792 τὸ
3622 3744 3864 3804 πεσνκὸς

600 3802 851 3872 ὠφελεῖν.

682 3896 842 3951 Vnus.
873 3896 956 3961 l9,
998 3897 1089 3952 20.
1133 3897 1277 3962 Quia
1304 3915 1420 3953 ecce
1448 3917 1539 3970 ego
1574 3903 1714 3970 facio
1759 3904 2051 3962 Jerusalem
2085 3927 2176 3966 ex-

2346 3911 2476 3964 ’Ὂτι
2499 3911 2626 3965 ἰδοὺ
2785 3914 2932 3967 ποιῶ
2953 3915 3351 3989 Ἰερουσαλὴμ
3379 3921 3748 3994 armillam,
3765 3928 3861 3981 καί

599 3987 958 4052 sultationem,
990 3997 1039 4042 et
1067 3989 1316 4059 populant
1347 4008 1517 4045 meum
1549 3993 1807 4063 lwtitiam,
1831 4009 1875 4052 et
1904 4003 2175 4060 exsultabo

2280 4001 2383 4056 τὸν
2409 4005 2564 4057 λαόν
2587 4022 2711 4073 μου
2739 4007 3146 4075 εὐφροσύνην,
3172 4012 3271 4064 καὶ
3297 3987 3860 4085 ἀταλλιὰσοξιιαιὲπι

599 4095 756 4149 super
787 4077 1108 4143 Jerusalem,
1141 4090 1187 4134 et
1223 4082 1448 4136 ltetabor
1471 4101 1628 4154 super
1650 4089 1843 4156 populo
1890 4107 2024 4146 meo.
2064 4092 2176 4149 Nec

599 4170 744 4223 ultra
767 4170 1016 4222 audietur
1039 4171 1094 4223 in
1122 4186 1183 4225 ca
1213 4188 1315 4226 eoa:
1335 4173 1600 4242 clamoris,
1635 4193 1797 4248 neq-ue
1827 4182 1916 4248 ﬁet
1943 4181 2050 4236 illic
2076 4186 2173 4238 im-

599 4269 859 4322 maturus,
890 4269 936 4312 et
992 4275 1168 4322 senex,
1197 4261 1287 4330 qui
1331 4278 1437 4315 non
1489 4265 1699 4332 impleat
1745 4278 1943 4337 tempus
1993 4289 2167 4329 suum.

529 4370 534 4377 -
599 4345 720 4399 Erit
746 4348 886 4400 enim
927 4347 1229 4403 adolescens
1273 4361 1477 4405 centum
1534 4371 1908 4413 annorummt
1945 4369 2169 4420 moriens

593 4447 837 4509 peccator
861 4449 1065 4495 centum
1098 4457 1379 4511 annorum,
1415 4446 1574 4501 etiam
1613 4453 1948 4509 exsecrabilis
1973 4457 2092 4512 erit.

663 4703 936 4760 Profunda
965 4705 1080 4762 haec
1109 4709 1494 4777 consideratio,
1523 4724 1576 4768 et
1595 4717 1825 4774 obscura
1871 4722 2163 4782 admodum

590 4802 676 4849 est
712 4797 1004 4866 propositae
1027 4799 1181 4854 nobis
1210 4804 1510 4872 prophetiae
1544 4822 1714 4866 mens.
1745 4812 1964 4880 Verum,
1987 4829 2042 4870 ut
2071 4835 2166 4889 po-

597 4893 736 4950 tero,
769 4888 1004 4942 conabor
1040 4891 1330 4959 explicare.
1359 4893 1654 4952 Jerusalem
1697 4902 1878 4972 igitur,
1921 4918 1978 4961 ut
2014 4888 2164 4965 vitle-

592 4979 702 5038 tur,
733 4973 822 5036 hic
875 4975 1024 5041 dicit,
1056 4993 1163 5032 non
1213 4981 1492 5051 antiquam
1536 4987 1704 5054 iilam,
1747 4993 1838 5046 sed
1883 4997 2060 5064 potius
2099 5017 2161 5054 ex

590 5058 792 5117 Iudaeis
821 5073 873 5118 et
907 5069 1154 5135 gentibus
1188 5070 1508 5132 Ecclesiam.
1559 5078 1693 5136 lluic
1748 5058 2160 5148 exsultationem

591 5166 646 5210 et
675 5154 917 5211 laetitiam
940 5170 1282 5218 ostensurum
1310 5181 1370 5221 se
1394 5170 1707 5242 pollicetur;
1736 5185 1789 5230 et
1827 5182 2045 5248 quidem
2073 5200 2164 5238 ve-

588 5266 708 5305 rum
745 5261 847 5319 est,
884 5263 943 5308 ut
979 5261 1310 5326 experientia
1351 5273 1600 5321 testatur.
1633 5268 1775 5326 Nihil
1813 5275 1957 5330 enim
2009 5281 2163 5334 tetri-

587 5355 708 5396 cum
745 5343 798 5398 in
824 5344 1064 5401 Ecclesia
1090 5348 1328 5418 Christi;
1355 5355 1517 5426 902
1537 5359 1686 5415 dives
1711 5373 1794 5418 est
1835 5380 1930 5435 spe
1965 5373 2163 5441 sempi-

588 5442 757 5530 ternae
781 5437 925 5503 vitat,
940 5449 992 5494 et
1020 5443 1470 5514 perennisglorize
1495 5453 1759 5515 :niultuin
1792 5456 1950 5512 habet
1977 5437 2158 5530 splen-

588 5519 734 5576 doris
767 5522 932 5580 etiam
961 5526 1018 5581 in
1047 5529 1151 5586 hoc
1181 5533 1398 5592 mundo.
1422 5535 1518 5594 Vel
1549 5542 1709 5598 etiam
1745 5547 1921 5604 aliter.
1955 5519 2154 5608 Essul-

655 5701 770 5764 “.ll
812 5702 955 5763 Pctr.
996 5725 1077 5776 ιιι,
1118 5713 1279 5767 lO-H

2288 4095 2686 4167 Ἰερουσαλὴμ
2709 4137 2725 4162 ,
2769 4100 2868 4153 καί
2919 4102 3411 4172 εὐφρανθήσομαι
3457 4107 3560 4159 ἐπὶ
3613 4109 3696 4174 τῷ
3737 4111 3861 4176 λαῷ

2271 4208 2411 4258 μου.
2461 4190 2567 4243 Καὶ
2611 4190 2811 4245 οὐκέτι
2853 4194 2926 4247 οὐ
2960 4193 3048 4263 μὴ
3077 4195 3351 4264 ἀκουσθῇ
3383 4199 3457 4252 ἐν
3499 4201 3660 4270 αὐτῇ
3692 4204 3857 4271 φωνὴ

2275 4281 2562 4350 κραυγῆς,
2595 4283 2693 4336 καὶ
2725 4285 2796 4338 οὐ
2819 4284 2905 4353 μὴ
2937 4286 3180 4354 γένηται
3202 4289 3329 4342 ἐκεῖ
3348 4290 3561 4358 ἄωρος,
3595 4296 3695 4348 καί
3727 4312 3859 4363 aps-

2275 4375 2536 4441 σϐὐτης,
2585 4374 2652 4440 ὃς
2702 4378 2814 4429 οὐκ
2869 4377 3170 4447 ἐμπλήσει
3215 4380 3325 4434 τὸν
3369 4387 3602 4450 χρόνον
3653 4387 3852 4443 αὑτοῦ.

2196 4468 2241 4523 D
2274 4465 2486 4517 Ἔσται
2510 4467 2619 4534 γὰρ
2645 4469 2676 4520 ὀ
2705 4465 2841 4532 νέος
2869 4467 3086 4523 ἑκατὸν
3105 4469 3275 4536 ἐτῶν,
3301 4475 3333 4526 ὀ
3361 4473 3429 4525 δὲ
3456 4475 3856 4544 ἀποθνήσκω

2271 4553 2615 4624 ἁμαρτωλὸς
2643 4556 2857 4612 ἑκατὸν
2881 4559 3050 4626 ἐτῶν,
3074 4563 3170 4616 καὶ
3201 4563 3638 4634 ἐπικατάερτιτος
3666 4570 3853 4627 ἔσται.

2346 4734 2490 4789 Βαθὺ
2523 4736 2582 4789 τὸ
2617 4736 2903 4809 θεώρημα,
2941 4744 3034 4796 καὶ
3066 4745 3395 4818 ἀσυμφανὴς
3422 4749 3568 4817 ἄγαν
3599 4753 3699 4821 τῆς

2275 4825 2533 4894 κειμένης
2561 4828 2692 4897 ἡμῖν
2725 4833 3061 4901 προφητείας
3086 4836 3114 4887 ὁ
3142 4837 3286 4900 νοῦς.
3319 4839 3490 4910 Πλὴν,
3544 4843 3623 4906 ῶς
3651 4844 3745 4908 ἔνι,
3780 4845 3851 4897 δι-

2272 4919 2444 4971 ειπεῖν
2473 4935 2564 4970 πει
2575 4920 2834 4990 ράσομαι.
2861 4923 3218 4998 Ἰερουσαλὴμ
3250 4931 3543 5001 τοιγαροῦν
3568 4936 3847 5006 ὀνομάζειν

2273 5008 2451 5063 ἔοικεν
2479 5012 2535 5064 ὲν
2556 5011 2789 5080 τούτοις,
2815 5015 2876 5067 ού
2916 5015 3016 5088 τὴν
3046 5019 3278 5090 ἀρχαίαν
3303 5023 3541 5094 ἐκείνην,
3568 5027 3702 5079 ἀλλὰ
3724 5029 3847 5098 p.51-

2271 5101 2361 5154 λον
2393 5103 2493 5174 τήν
2525 5121 2584 5157 τε
2619 5105 2677 5172 ἐξ
2705 5107 2972 5162 Ἰουδαίων
3001 5113 3098 5164 xui.
3131 5112 3298 5167 ἐθνῶν
3321 5115 3680 5186 Ἐκκλησίαν,
3721 5121 3846 5171 me.

2272 5207 2372 5261 την
2418 5193 2730 5264 ἀγαλλίαμα
2764 5196 2858 5249 καὶ
2886 5197 3224 5272 εὐφροσύνην
3259 5203 3562 5270 ἀναδείξειν
3585 5209 3848 5278 ἐπαγγέλ-

2270 5281 2448 5350 λεται,
2495 5287 2589 5339 καὶ
2641 5287 2702 5339 τὸ
2757 5291 2990 5361 πρᾶγμά
3032 5293 3179 5345 ἐστιν
3224 5294 3453 5366 ἀληθὲς,
3497 5300 3574 5362 ὡς
3614 5301 3724 5352 ἀπὸ
3749 5300 3845 5370 τῆς

2271 5375 2466 5444 πείρας
2491 5378 2660 5449 αύτῆς
2689 5372 3134 5453 μαρτυρούμενον
3151 5402 3164 5416 °
3208 5389 3451 5457 κατηφὲς
3474 5390 3585 5461 γὰρ
3607 5392 3758 5444 οὐδὲν
3786 5393 3846 5443 ὲν

2281 5469 2575 5541 Ἐκκλησία
2603 5473 2863 5543 Χριστοῦο
2913 5475 3133 5530 πλουτεί
3162 5479 3341 5532 ἐλπίσι
3365 5485 3486 5544 ταῖς
3512 5485 3593 5545 είς
3623 5483 3842 5536 ἀτελεύ-

2264 5575 2425 5629 τητον
2480 5560 2624 5624 ζωὴν
2669 5563 2765 5618 καὶ
2797 5565 3078 5636 ἀμήρυτον
3126 5568 3318 5636 δόξαν·
3347 5571 3458 5642 ἔχει
3503 5572 3558 5625 δὲ
3604 5573 3738 5627 πολὺ
3782 5573 3842 5626 τὺ
