4148 6520
240 393 379 450 162‘!

1316 377 1397 432 ἸΝ
1439 375 1667 432 I’SAIAM
1710 374 1841 429 ΕΓΒ.
1881 373 1947 428 ν.
1982 370 2226 428 T051138
2262 371 2352 426 Vl.

3336 349 3475 406 1423
3542 392 3546 397 .

245 501 542 578 περιφανὲς
569 501 628 554 ὲν
661 496 794 568 τῷδε
817 494 892 565 τῷ
929 495 1118 563 κόσμῳ
1138 507 1151 521 ·
1186 491 1218 562 ἢ
1249 490 1388 560 τάχα
1418 504 1522 542 που
1563 488 1658 542 καὶ
1705 486 1818 538 ὲτέ-
1845 516 1858 551 λ

1962 485 2203 547 itionem,
2251 479 2444 549 inquit,
2474 487 2528 532 ct
2561 474 2799 531 lmtitiam
2848 469 3171 526 constituam
3213 464 3477 536 meipsum

243 614 380 669 ρωςο
423 591 756 663 ’Δγαλλίαμα
787 586 883 651 καὶ
915 581 1253 656 εὐφροσύνην
1288 579 1525 650 ὲμαυτοῦ
1553 579 1814 669 θήσομαι,

248 666 406 760 τρησὶ,
433 685 531 757 τὴν
569 678 946 750 Ἰερουσαλήμ.
975 674 1314 744 Ἠσθήσομαι
1343 673 1450 742 γὰρ
1481 671 1572 760 επὶ
1706 666 1820 738 λαῷ

254 757 380 853 μου·
409 775 619 845 καὶτῆς
651 769 918 841 θυμηδίας
935 765 1034 828 τὰς
1061 761 1314 833 ἀφορμὰς
1337 759 1590 853 ἐπιφέρει

245 847 456 926 ¹ὸίικιξτι
489 866 564 937 μὴ
612 860 855 932 ἀκουσθῇ
880 861 938 912 ὲν
992 857 1127 928 αὐτῇ
1165 855 1318 925 φωνὴ
1366 849 1669 922 κλαυθμοῦ,
1703 847 1824 902 οὐδὲ

254 964 409 1035 φωνή
435 959 704 1031 κραυγῆςο
723 955 800 1016 ὡς
828 954 892 1005 ὲκ
914 949 1224 1018 διαϐολικῆς
1243 945 1300 999 δὲ
1322 945 1431 997 τῶν
1457 941 1826 1035 ἀρχαιοτέρων

256 1031 596 1128 πραγμάτων
649 1047 741 1101 τὸν
792 1045 891 1114 τῆς
919 1039 1240 1128 Ἐκκλησίας
1277 1036 1537 1128 ἔπαινον..
1551 1031 1828 1126 ὲξυφαίναει

255 1116 427 1207 Θεός..
459 1138 630 1194 Πάλαι
672 1133 772 1206 μὲν
802 1130 911 1201 γὰρ
958 1130 1007 1180 οἱ
1051 1129 1151 1196 τῆς
1195 1121 1462 1177 Ἰουδαίων
1500 1116 1828 1207 Συναγωγῆς

259 1205 580 1307 ἡγούμενοι,
628 1223 765 1298 μετὰ
782 1220 980 1290 δώρων
1017 1216 1248 1307 ἔκρινον,
1286 1211 1393 1307 καὶ
1408 1208 1723 1307 οὐκήδεσαν
1753 1205 1832 1258 δι-

249 1296 452 1380 καιοῦν
474 1296 709 1390 ὀρφανὸν
726 1313 766 1384 ἢ
789 1313 993 1382 χήραν.
1033 1304 1250 1374 Ἐπειδὴ
1281 1302 1337 1354 δὲ
1364 1296 1504 1372 ἦσαν
1528 1297 1831 1390 λημμάτων

249 1387 520 1486 αἰσχρῶν
561 1405 826 1479 ἐρασταὶ,
877 1399 1054 1456 ἁθώου
1113 1398 1211 1450 καὶ
1259 1392 1466 1486 δικαίου
1498 1387 1833 1486 ’κατεψηφί-

251 1480 440 1572 {ova-0,
478 1503 570 1555 καὶ
606 1498 731 1560 τοὺς
762 1494 934 1547 ταῦτα
986 1487 1323 1548 πεπονθότας
1366 1483 1517 1536 πᾶσά
1579 1497 1694 1542 πως
1738 1480 1835 1531 ἀν-

255 1568 446 1666 άγκη,
494 1591 587 1646 καὶ
635 1584 1021 1658 δακρυρροεῖν,
1068 1581 1164 1634 καὶ
1205 1572 1664 1666 κατολοφύρεσθαι
1699 1568 1836 1666 μετά

265 1660 540 1759 κραυγῆς,
565 1681 651 1744 πῶς
687 1674 1068 1748 ἠδικημένους.
1110 1671 1338 1741 Εἴρηται
1381 1665 1512 1734 γοῦν
1551 1679 1654 1759 ποι)
1709 1660 1837 1759 περὶ

264 1751 368 1847 rip;
421 1751 778 1842 ⁷Ἰερουσαλὴμ
827 1765 914 1818 διὰ
957 1764 1139 1832 φωνῆς
1187 1760 1485 1831 Ἱερεμίου⁸
1533 1751 1649 1807 (Ὦ
1681 1753 1833 1847 πύλις

1920 573 2238 630 Jerusalem.
2284 569 2540 625 Gaudebo
2562 567 2702 621 cnim
2739 565 2805 620 de
2840 561 3032 632 populo
3065 570 3183 614 meo
3211 574 3226 612 :
3260 569 3482 612 causas-

1922 679 2026 734 que
2054 662 2340 731 voluptatis
2371 659 2553 720 infert,
2576 656 2762 711 dicens
2791 673 2804 708 :
2833 651 2947 706 Non
2979 650 3114 705 ultra
3151 648 3396 703 audietur
3427 648 3482 700 in

1923 767 1987 807 ea
2015 767 2118 806 vox
2148 751 2342 813 luctus,
2376 760 2550 816 neque
2581 760 2682 800 vox
2721 743 2994 797 clamoris.
3029 740 3101 793 Ex
3137 737 3484 792 accusatione

1925 840 2078 910 quasi
2112 853 2288 893 rerum
2329 845 2785 905 antegressarum,
2823 830 3077 885 Ecclesiae
3106 827 3314 883 laudem
3356 841 3488 882 con-

1928 933 2062 988 texit
2089 930 2246 984 Deus.
2279 929 2419 984 Olim
2450 928 2591 982 enim
2618 924 2861 979 Judaicaa
2901 921 3195 991 Synagogze
3227 916 3488 988 praefesti,

1928 1033 2150 1092 propter
2175 1021 2314 1074 dona
2330 1020 2642 1087 judicabant
2657 1033 2671 1070 :
2689 1029 2862 1082 neque
2878 1024 3067 1067 norant
3085 1013 3231 1080 juste
3247 1010 3492 1080 judicare

1930 1115 2226 1179 orphanutn
2258 1119 2312 1162 et
2339 1106 2575 1169 viduam,
2607 1106 2700 1157 sed
2739 1104 2862 1172 quia
2913 1103 3081 1170 turpis
3131 1100 3265 1152 lucri
3312 1095 3493 1164 cupidi

1931 1210 2114 1267 erant,
2147 1202 2497 1256 innocentem
2539 1204 2594 1251 et
2635 1195 2840 1265 justum
2885 1189 3336 1246 condemnabam.
3392 1187 3494 1254 Qui

1934 1303 2112 1350 autem
2145 1294 2258 1346 haec
2285 1289 2430 1359 passi
2458 1296 2605 1353 sunt,
2625 1299 2718 1340 eos
2751 1292 2934 1352 utpote
2955 1294 3246 1350 Oppressus
3276 1293 3500 1334 necesse

1935 1385 2156 1440 omnino
2197 1390 2315 1437 erat
2359 1378 2674 1449 lacrymari,
2743 1384 2800 1429 et
2841 1389 2965 1428 cum
3009 1371 3248 1426 claiuore
3290 1370 3496 1439 lugere.

1935 1475 2148 1528 Dictum
2184 1473 2368 1541 itaque
2392 1482 2476 1525 est
2509 1483 2643 1524 voce
2667 1465 2918 1522 Ieremia:
2949 1468 3012 1519 de
3036 1462 3335 1517 Jerusalem
3360 1477 3374 1514 :
3413 1480 3430 1512 ι
3460 1461 3505 1515 Ο

1939 1567 2130 1620 civitas
2160 1565 2410 1628 mendax,
2444 1562 2573 1616 nihil
2601 1561 2702 1615 nisi
2761 1558 3015 1613 violentia
3051 1557 3103 1610 in
3166 1570 3252 1610 ea.
3309 1555 3376 1610 Ut
3417 1571 3508 1625 pu-

1943 1663 2060 1708 teus
2097 1653 2380 1722 refrigerat
2408 1666 2602 1720 aquam
2626 1667 2642 1704 z
2669 1651 2739 1704 ita
2779 1649 3028 1718 frigidam
3070 1646 3203 1701 facit
3246 1645 3507 1700 malitiam

1944 1745 2118 1798 suam.
2155 1744 2407 1813 lmpietas
2435 1751 2491 1796 et
2523 1741 2739 1796 miseria
2766 1741 3012 1794 audietur
3043 1741 3095 1792 in
3127 1753 3188 1792 ca
3213 1747 3401 1792 contra
3432 1738 3510 1790 fa-

265 1829 466 1939 ψεῦδής
482 1829 513 1896 ἰ
535 1864 632 1931 ὅλη
680 1829 1122 1914 νκαταδυναστεία
1205 1829 1271 1904 ὲν*
1327 1851 1488 1919 αὐτῇ.
1545 1847 1636 1939 Ὠς
1677 1845 1839 1914 ψύχει

1962 1836 2079 1888 :iem
2113 1833 2229 1901 ejus
2254 1849 2468 1902 semper
2490 1833 2556 1883 ⁸⁵.
2585 1850 2603 1884 ι
2653 1830 2796 1885 Dixit
2833 1831 2959 1885 item
3005 1829 3141 1884 alius
3169 1847 3202 1885 e
3230 1831 3510 1901 prophetis

266 1936 469 2017 λάκκος
517 1952 694 2021 ὕδωρ,
743 1947 915 2008 οὕτως
945 1944 1104 2013 ψύχει
1148 1941 1314 1995 κακία
1354 1940 1546 2006 αὐτῆς.
1597 1936 1846 1989 Ἀσέϐεια

265 2049 364 2101 καὶ
396 2041 738 2112 ταλαιπωρία
768 2036 1164 2104 ἀκουσθήσεται
1191 2035 1248 2084 ὲν
1275 2032 1411 2101 αὐτῇ
1444 2031 1534 2081 ἐπὶ
1558 2030 1846 2099 πρόσωπον

270 2139 442 2207 αὐτῆς
474 2135 560 2187 διὰ
593 2127 1003 2195 παντός.›Ἕφη
1025 2125 1082 2177 δέ
1114 2141 1197 2186 τις
1230 2123 1324 2175 καὶ
1350 2117 1654 2190 ἓτεροςτῶν
1679 2117 1847 2183 ἁγίων

273 2227 605 2301 προφητῶν·
639 2241 658 2275 t
701 2221 813 2275 Καὶ
845 2215 1175 2278 ὲκονδύλιζον
1208 2215 1287 2276 εἰς
1320 2209 1561 2280 κεφαλὰς
1595 2208 1847 2301 πτωχῶν,

273 2299 372 2376 καὶ
392 2319 509 2372 ὁδὸν
536 2313 805 2369 ταπεινῶν
857 2307 1155 2373 ἐξέκλιναν.
1186 2323 1205 2356 ι
1275 2302 1616 2375 Ἦσθήσομαι
1649 2299 1849 2366 τοίνυν,

275 2412 465 2485 φησὶν,
486 2409 578 2462 ἐπὶ
599 2405 674 2476 τῷ
685 2402 799 2472 λαῷ
818 2417 942 2472 μου,
971 2395 1317 2468 δικαιοσύνης
1345 2397 1472 2450 δντα
1497 2394 1595 2464 τῆς
1616 2391 1851 2463 ἀληθοῦς

277 2506 516 2578 ἐργάτην
561 2499 724 2573 ὀρῶὸ.
783 2493 1052 2567 Δακρύσει
1083 2491 1192 2561 γὰρ
1242 2490 1416 2552 οὐδεὶς
1469 2486 1850 2578 παρ’γαύτοῖς,

277 2576 438 2670 δῆλον
465 2596 523 2649 δὲ
543 2596 624 2648 ὃτι
647 2585 1156 2656 πλεονεκτούμενος·
1186 2579 1587 2670 κατακράξεται
1611 2577 1668 2629 δὲ
1693 2576 1854 2670 πάλιν

279 2668 478 2754 οῦδεὶς,
512 2686 588 2749 ὼς
615 2679 962 2754 ἠδικημένος.
1017 2694 1036 2727 ι
1087 2674 1198 2727 Καὶ
1227 2672 1288 2725 οὐ
1348 2669 1420 2741 μὴ
1466 2670 1688 2738 γένηται
1719 2668 1852 2732 ἐκεῖ,

281 2783 468 2853 φησὶν,
514 2777 691 2849 ἄωρος
727 2775 823 2828 καὶ
871 2766 1183 2840 πρεσϐύτης
1208 2806 1222 2829 ,
1251 2763 1309 2828 ὃς
1343 2764 1440 2816 οὐκ
1467 2759 1856 2853 ἐμπλήσει-τίον

283 2847 474 2948 χρόνον
510 2847 695 2925 αὐτοῦ.
729 2865 921 2918 Ἔσται
962 2859 1070 2928 γὰρ
1096 2859 1124 2910 6
1159 2856 1276 2918 νέος
1307 2853 1497 2948 ἑκατὸν
1531 2851 1669 2948 ετῶν
1697 2888 1711 2914 ,
1741 2851 1769 2902 6
1801 2847 1858 2948 δὲ

284 2939 648 3035 άποθνήσκων
693 2953 1018 3028 ἁμαρτωλὸς
1056 2948 1252 3003 ἑκατὸν
1292 2945 1447 3035 ἐτῶν,
1477 2943 1571 2998 κα)⁸
1596 2939 1859 3035 ἐπικατά-

289 3073 452 3130 ρατος
485 3031 659 3107 ἔσται.
689 3067 707 3100 ι
756 3041 924 3116 Οἶμαι
973 3043 1029 3094 δὲ
1062 3038 1173 3107 ἐγὼ
1216 3034 1501 3107 βούλεσθαί
1530 3051 1582 3086 τι
1619 3031 1859 3084 τοιοῦτον

289 3125 590 3219 ύποδηλοῦν
617 3145 717 3213 τῆς
739 3134 1074 3209 προφητείας
1099 3131 1190 3184 τὸν
1215 3127 1362 3219 νοῦν.
1382 3130 1590 3219 Ἀωρον
1620 3125 1717 3194 μὲν
1743 3127 1859 3219 *γὰρ

1949 1929 2152 1982 sanctis
2177 1948 2190 1983 :
2224 1926 2323 1980 «Et
2337 1925 2622 1995 pulsabant
2643 1925 2817 1994 capita
2834 1939 3157 1993 pauperum,
3175 1933 3228 1979 et
3249 1925 3388 1980 viam
3412 1925 3514 1979 hu-

1949 2019 2151 2073 milium
2171 2019 2530 2087 depravarunt
2547 2017 2900 2072 “.rLaetabor
2925 2031 3074 2086 ergo,
3111 2017 3302 2086 inquit,
3326 2018 3393 2072 de
3421 2032 3518 2087 po-

1950 2109 2076 2178 pulo
2103 2123 2244 2173 meo,
2277 2123 2399 2162 cum
2430 2108 2616 2163 videro
2649 2107 2798 2161 illum
2830 2122 2973 2162 verae
2989 2107 3211 2174 justitiaa
3240 2122 3361 2162 esse
3381 2122 3516 2177 ope-

1953 2200 2175 2255 rarium.
2208 2199 2618 2270 Lacrymabitur
2633 2204 2778 2253 enim
2812 2214 2879 2254 ex
2920 2199 3024 2253 illis
3055 2214 3233 2265 nemo,
3271 2200 3520 2255 videlicet

1949 2296 2147 2366 injuria
2190 2293 2448 2352 affec'tus:
2475 2305 2532 2351 et
2579 2307 2770 2349 rursus
2817 2291 3072 2348 clamabit
3121 2306 3312 2362 nemo,
3355 2292 3521 2365 quasi

1951 2403 2261 2458 oppressus.
2301 2388 2416 2443 «Et
2444 2402 2551 2443 non
2603 2387 2696 2441 fiet
2743 2385 2884 2454 illic,
2934 2387 3139 2455 inquit,
3196 2387 3522 2444 immaturus

1953 2490 2009 2536 et
2047 2493 2236 2544 senex,
2266 2479 2357 2547 qui
2387 2493 2496 2534 non
2527 2477 2747 2547 impleat
2782 2485 2994 2546 tempus
3021 2491 3204 2533 suum.
3238 2476 3354 2533 Erit
3376 2480 3522 2533 enim

1955 2571 2272 2628 adolescens
2295 2581 2514 2628 centum
2549 2584 2851 2625 annorum:
2875 2577 2932 2624 at
2961 2571 3049 2638 qui
3081 2571 3311 2625 moritur
3332 2586 3524 2641 pecca—

1950 2671 2043 2718 tor
2073 2673 2292 2719 centum
2328 2677 2617 2725 annorum,
2649 2661 2813 2714 etiam
2845 2659 3194 2716 exsecrabilis
3222 2661 3344 2715 erit.
3369 2679 3388 2712 ι
3415 2659 3529 2716 Hoc

1957 2753 2057 2808 sibi
2093 2752 2203 2807 vult
2233 2753 2535 2822 prophetia,
2579 2759 2638 2805 ut
2665 2765 2764 2822 ego
2790 2750 3008 2818 quidem
3041 2748 3292 2806 arbitror.
3329 2749 3531 2806 Imma-

1961 2849 2140 2895 turum
2166 2842 2310 2896 enim
2334 2844 2548 2897 videtur
2595 2841 2908 2897 existimare
2937 2853 3080 2907 eum,
3117 2855 3312 2896 novum
3354 2841 3531 2897 adhuc

1957 2931 2212 3002 populum
2244 2946 2311 2986 ex
2335 2933 2608 3003 gentibus,
2646 2934 2711 2987 de
2742 2947 2847 3000 quo
2879 2931 3046 2986 David
3073 2951 3086 2985 :
3124 2949 3143 2982 ι
3175 2930 3406 3002 Populus
3437 2930 3530 3001 qui

1960 3031 2177 3083 creatur
2202 3022 2443 3077 laudabit
2472 3023 2758 3077 Dominum
2791 3022 2856 3075 ".
2886 3040 2907 3073 ο
2943 3021 3174 3090 lllosque
3219 3022 3270 3074 in
3302 3023 3532 3091 epistola

1961 3110 2158 3167 affatur
2186 3114 2386 3169 Christi
2420 3114 2739 3184 discipulus,
2776 3114 2989 3169 dicens:
3025 3131 3044 3165 ι
3066 3111 3342 3182 Tanquam
3377 3116 3535 3169 modo

573 3190 718 3286 to};
750 3190 936 3291 ἐξ
977 3190 1145 3275 ἐθνῶν
1190 3220 1270 3309 ἔτι
1311 3218 1429 3270 νέον
1463 3190 1763 3309 navigem
1795 3208 1856 3309 οὗ

1962 3207 2068 3259 uati
2113 3205 2346 3262 infantes
2379 3207 2460 3264 lac
2483 3207 2744 3263 rationale
2781 3218 2835 3262 et
2862 3206 2968 3262 doli
3012 3207 3251 3262 nescium
3288 3207 3538 3276 concupi-

293 3302 460 3400 φησιν
491 3328 520 3380 6
547 3321 728 3377 Δαϐίδ·
777 3338 796 3370 ι
837 3316 896 3368 Ὀ
927 3313 1052 3377 λαὸς
1086 3314 1115 3364 6
1154 3308 1468 3400 κτιζόμενος
1486 3305 1720 3400 Δαὶνέσεξ
1766 3302 1858 3355 τὸν

292 3394 519 3490 Κύριονο
553 3433 572 3467 ι
616 3411 826 3472 τούτοις
856 3407 913 3460 δὲ
953 3402 1256 3460 ἐπιστέλλει
1292 3394 1718 3490 καὶᾹὸΧριστλοῦ
1754 3410 1860 3490 μα-

295 3483 498 3581 θητὴς,
537 3503 730 3571 λέγων·
769 3519 787 3552 r
822 3498 910 3560 Ὠς
947 3490 1358 3566 ἀρτιγέν[ν]ητα
1577 3483 1863 3581 τὸζλογικὺν

295 3575 392 3653 καὶ
422 3575 605 3652 άδολον
627 3591 769 3661 γάλα
796 3586 1186 3656 ἐπιποθήσατε.
1212 3602 1230 3634 ι
1252 3580 1460 3636 Οὐκοῦν
1481 3579 1656 3648 ἄωρος
1675 3578 1702 3629 6
1727 3575 1864 3639 νέος,

297 3685 612 3760 πρεσϐύτης
641 3698 705 3750 γε
739 3679 842 3751 μὴν
871 3680 898 3732 6
924 3678 990 3732 ἐκ
1014 3673 1336 3746 περιτομῆς,
1364 3671 1530 3741 ἧγουν
1557 3667 1625 3760 ἐξ
1641 3667 1868 3760 αἵματος

311 3758 552 3850 Ἰσραὴλ,
585 3774 678 3828 διτε
710 3773 777 3844 δὴ
817 3765 1329 3842 προσκεκλημένος,
1372 3762 1466 3814 καὶ
1497 3759 1638 3813 κατά
1668 3775 1733 3828 γε
1770 3758 1870 3828 τὴν

300 3869 499 3941 νοητὴν
523 3861 849 3933 Ἐκκλησίαν
892 3855 1239 3931 προειληφώς
1261 3871 1277 3888 ο
1311 3853 1426 3906 ἀλλ’
1455 3853 1513 3906 ὲν
1557 3853 1624 3922 τῇ
1657 3850 1869 3941 κλήσει,

303 3939 466 4028 φησι,
481 3957 549 4026 τῇ
581 3953 672 4007 διὰ
700 3950 960 4022 Χριστοῦ,
987 3948 1082 4002 καὶ
1112 3948 1170 3998 ὲν
1195 3944 1405 4015 καιροῖς
1433 3941 1533 4011 τῆς
1560 3939 1872 4009 ἐπιδημίας,

303 4047 430 4102 οὔτε
453 4047 649 4115 ἄωρος,
662 4041 786 4095 οὔτε
803 4037 1115 4111 πρεσϐύτης
1135 4032 1400 4105 διαφορὰν
1419 4029 1599 4097 ἕξουσι
1621 4029 1721 4100 τὴν
1735 4028 1877 4082 κατὰ

304 4139 465 4194 τοῦτο
495 4135 626 4191 αὐτὸ
656 4132 794 4208 πρὸς
849 4129 1111 4199 ἀλλήλους
1132 4143 1146 4158 ·
1182 4125 1382 4187 πάντες
1406 4122 1514 4194 γὰρ
1545 4121 1756 4175 ἔσονται
1787 4117 1878 4172 τέ-

305 4228 460 4291 λειοι,
496 4223 594 4277 καλ⁵
626 4221 828 4283 πάντες
861 4217 1203 4290 ὲμπλήσουσι
1230 4214 1322 4268 τὸν
1346 4213 1558 4284 χρόνον,
1581 4210 1878 4274 τουτέστιν,

308 4322 389 4382 εἰς
405 4317 572 4386 ἄνδρα
600 4314 802 4368 τέλειον
823 4310 1204 4380 ἀναϐήσονται,
1225 4307 1320 4361 καὶ
1341 4308 1419 4369 είς
1441 4305 1636 4377 μέτρον
1667 4301 1880 4373 ἡλικίας

308 4408 406 4464 τοῦ
453 4404 816 4477 πληρώματος
861 4401 956 4456 τοῦ
1003 4397 1263 4470 Χριστοῦ.
1298 4399 1356 4450 '0
1405 4396 1515 4466 γὰρ
1543 4396 1683 4459 νέος,
1725 4410 1881 4445 τουτ-

1959 3297 2093 3352 scite
2117 3298 2226 3352 ⁸⁸.»
2263 3298 2446 3369 Itaque
2487 3300 2806 3353 immaturus
2852 3309 2935 3354 est
2963 3301 3055 3370 qui
3099 3315 3306 3366 novus;
3348 3313 3536 3356 senex:

1971 3388 2060 3456 qui
2091 3401 2158 3444 ex
2179 3388 2616 3452 circumcisione,
2645 3397 2700 3442 et
2730 3404 2795 3442 ex
2825 3389 3086 3460 sanguine
3126 3390 3326 3446 Israel:
3355 3400 3540 3460 utpote

1965 3480 2168 3534 ascitus
2203 3489 2257 3534 et
2306 3480 2372 3532 ad
2423 3477 2816 3548 intelligibilem
2873 3477 3168 3535 Ecclesiam
3209 3490 3537 3550 assumptus.

1967 3569 2074 3624 Sed
2103 3571 2157 3624 in
2185 3571 2491 3634 vocatione,
2519 3569 2716 3640 inquit,
2742 3585 2839 3639 per
2867 3568 3166 3636 Christum,
3189 3581 3244 3627 et
3285 3575 3541 3643 tempori-

1969 3663 2070 3717 bus
2095 3663 2380 3726 adventus,
2422 3677 2598 3731 neque
2637 3662 2963 3718 immaturus
2995 3677 3170 3733 neque
3202 3677 3365 3719 senex
3401 3665 3544 3720 inter

1970 3767 2030 3809 se
2059 3752 2327 3809 different.
2358 3753 2492 3807 Nam
2542 3769 2734 3809 omnes
2779 3763 2941 3810 erunt
2979 3756 3228 3824 perfecti,
3254 3765 3308 3811 et
3353 3771 3543 3814 omnes

1973 3843 2274 3913 implebunt
2319 3855 2557 3913 tempus,
2593 3845 2646 3898 id
2671 3853 2776 3911 est,
2791 3844 2844 3899 in
2882 3846 3054 3900 virum
3091 3847 3388 3916 perfectum
3421 3861 3546 3902 eva-

1974 3933 2128 4002 dent,
2158 3943 2212 3989 et
2245 3935 2314 3990 ad
2361 3949 2668 3990 mensuram
2720 3934 2896 3989 aetatis
2940 3935 3294 4004 plenitudinis
3319 3937 3543 3994 Christi.

1975 4024 2308 4080 Adolescens
2328 4026 2496 4090 enim,
2533 4025 2585 4079 id
2612 4035 2717 4092 est,
2748 4025 2965 4096 gentilis
2999 4027 3251 4098 populus,
3289 4030 3394 4084 erit
3427 4044 3550 4086 cen-

1981 4123 2091 4170 tum
2123 4114 2287 4186 903
2304 4131 2591 4183 annorum,
2611 4131 2728 4186 pro,
2759 4116 3052 4188 perfectus,
3069 4126 3126 4174 et
3149 4129 3330 4176 mente
3354 4135 3548 4189 canus,

1980 4215 2037 4262 et
2071 4208 2137 4262 ad
2159 4207 2452 4276 spiritualis
2479 4209 2654 4264 aetatis
2675 4224 2941 4265 summum
2980 4212 3205 4280 gradum
3236 4213 3548 4283 perductus.

1983 4297 2340 4354 Perfectionis
2394 4314 2630 4370 namque
2671 4301 2885 4370 signum
2937 4316 3030 4356 seu
3078 4304 3380 4374 symbolum
3431 4318 3552 4372 est,

1984 4399 2204 4445 centum
2225 4406 2492 4447 annorum
2523 4408 2800 4448 numerus.
2830 4391 3034 4449 Deinde
3062 4396 3236 4451 addit:
3276 4414 3294 4448 ι
3318 4396 3555 4453 Moriens

312 4503 482 4564 ἐστιν,
508 4501 538 4555 6
566 4498 626 4564 ἐξ
658 4495 830 4551 ἐθνῶν
856 4493 1005 4556 λαὸς,
1032 4493 1186 4545 ἔσται
1224 4490 1416 4544 ἑκατὸν
1439 4489 1594 4552 ἑτῶν,
1618 4487 1739 4542 ἀντὶ
1765 4484 1858 4538 τοῦ

1987 4489 2244 4550 peccator
2272 4491 2490 4538 centum
2516 4498 2802 4552 annorum,
2828 4485 2990 4540 etiam
3018 4487 3370 4542 exsecrabilis
3396 4489 3550 4542 erit.»

311 4593 536 4655 τέλειος,
565 4589 661 4643 καὶ
694 4583 1102 4654 πεπολιωμένος
1129 4581 1228 4645 τὰς
1261 4583 1482 4652 φρένας,
1508 4579 1600 4633 καὶ
1640 4593 1882 4646 πνευμα-

312 4687 472 4757 τικῆς
524 4683 740 4755 ἡλικίας
790 4681 869 4742 είς
921 4675 1075 4746 λῆξιν
1120 4676 1340 4738 ἐλάσας*
1385 4672 1723 4742 τελειότητος
1772 4670 1882 4740 γὰρ

317 4779 565 4848 σημεῖον,
589 4775 708 4844 ἦτοι
730 4769 1022 4841 σύμϐολον,
1045 4770 1074 4822 6
1102 4767 1293 4820 ἑκατὸν
1318 4765 1457 4817 ὲτῶν
1491 4763 1740 4834 ἀριθμός.
1756 4759 1887 4815 Εἶτά

317 4885 504 4940 φησιν,
523 4867 605 4919 ὅτι
627 4885 645 4917 t
669 4865 726 4918 '0
747 4863 803 4916 δὲ
814 4861 1170 4931 ἀποθνήσκων
1187 4853 1508 4926 ἁμαρτωλὸς
1521 4853 1713 4908 ἑκατὸν
1726 4852 1883 4914 ἐτῶν,

318 4960 412 5012 καὶ
437 4955 835 5027 ὲπικατάρατος
851 4953 1023 5006 ἔσται.
1049 4970 1067 5004 ι
1091 4949 1459 5003 Διαδείκνυσιν
1479 4947 1535 4998 ὲν
1551 4945 1780 5008 τούτοις,
1805 4946 1887 4998 ὅτι

319 5052 416 5108 καὶ
442 5053 476 5121 ή
495 5047 806 5118 κατὰνόμον
824 5045 1130 5107 τελείωσις,
1158 5040 1412 5109 ἀνόνητος
1440 5040 1549 5102 τοῖς
1569 5038 1780 5107 ἔχουσιν
1797 5038 1890 5090 αύ-

319 5141 442 5212 τὴν,
476 5139 538 5192 ού
576 5133 1018 5208 προσηκαμένοις
1040 5130 1138 5201 τὴν
1169 5129 1348 5183 πίστιν
1373 5127 1471 5199 τὴν
1502 5126 1590 5180 διὰ
1629 5125 1886 5212 Χριστοῦ,

321 5211 418 5285 καὶ
449 5228 547 5296 τὴν
576 5225 667 5280 διὰ
694 5223 788 5278 τοῦ
828 5222 984 5292 ἁγίου
1014 5219 1386 5290 βαπτίσματος
1416 5216 1706 5288 λύτρωσιν,
1730 5216 1795 5268 δι’
1823 5211 1890 5286 ἦς

323 5322 421 5376 καὶ
452 5319 621 5390 μόνης
641 5316 768 5379 τοὺς
796 5316 860 5367 ὲκ
888 5311 986 5381 τῆς
1021 5310 1291 5381 ἁμαρτίας
1314 5307 1719 5381 ἁποτριϐὀμεθα
1747 5308 1894 5377 λογιο-

326 5408 519 5481 σμούς.
537 5406 748 5463 Οὐκοῦν
775 5404 881 5458 κᾶν
903 5401 1037 5465 εῐτις
1056 5401 1246 5456 ἑκατὸν
1269 5400 1405 5454 ἐτῶν
1433 5398 1711 5472 ὑπάρχων,
1736 5398 1889 5469 φησὶ,

322 5500 590 5565 τουτέστι,
619 5497 718 5570 τὴν
750 5495 1065 5566 τελειότητα
1101 5493 1201 5565 τὴν
1245 5491 1386 5546 κατὰ
1412 5491 1505 5546 τὸν
1543 5490 1707 5562 νόμον
1741 5489 1854 5560 ἔχοι
1874 5504 1888 5519 ο

324 5589 445 5648 εἶτα
463 5588 830 5660 τελευτήσειεν
852 5583 1195 5658 ἁμαρτωλὸς,
1215 5582 1480 5649 τουτέστι,
1499 5584 1598 5655 τὴν
1629 5584 1687 5637 ὲν
1713 5583 1892 5636 πίστει

1989 4570 2086 4627 His
2123 4573 2302 4630 verbis
2322 4575 2555 4629 ostendit
2578 4574 2800 4645 legalem
2831 4575 3221 4633 absolutionem
3251 4575 3366 4633 fore
3392 4578 3557 4633 inuti-

1990 4668 2262 4732 lem,eam
2309 4665 2654 4732 habentibus,
2686 4668 2730 4719 si
2775 4667 2931 4722 fidem
2981 4680 3075 4736 per
3119 4665 3396 4721 Christum
3451 4681 3558 4720 non

1994 4757 2330 4822 admiserint,
2358 4766 2412 4811 et
2433 4771 2530 4825 per
2559 4771 2774 4810 sacrum
2806 4757 3078 4811 lavacrum
3109 4757 3556 4826 redemptionem,

1993 4863 2089 4918 per
2116 4863 2274 4917 quam
2320 4856 2375 4901 et
2401 4845 2618 4916 quidem
2658 4846 2827 4900 solam
2891 4847 3097 4916 peccati
3154 4846 3560 4915 inquinamenta

1993 4941 2254 4996 delemus.
2280 4938 2511 4994 Proinde
2541 4937 2779 5002 etiamsi,
2814 4937 3009 5005 inquit,
3039 4937 3161 5005 quis
3196 4945 3416 4992 centum
3461 4951 3559 4991 an-

1997 5048 2188 5088 norum
2215 5032 2462 5095 exsistat,
2493 5031 2544 5084 id
2587 5040 2688 5094 est,
2727 5027 3109 5097 perfectionem
3143 5027 3366 5100 legalem
3395 5029 3561 5098 adep-

1999 5135 2082 5179 tus
2107 5125 2193 5187 sit,
2224 5131 2436 5178 maneat
2460 5133 2636 5176 tatnen
2669 5129 2941 5189 peccator,
2976 5119 3028 5174 id
3059 5118 3436 5188 est,justitiam
3466 5136 3562 5191 per

1998 5215 2155 5270 ﬁdem
2212 5230 2318 5269 non
2361 5214 2608 5284 accipiat,
2653 5215 2757 5268 erit
2809 5213 2969 5268 etiam
3021 5213 3394 5278 exsecrabilis,
3440 5227 3560 5280 pro,

1997 5307 2158 5361 etiam
2191 5306 2322 5374 lcgis
2355 5303 2877 5374 transgressionibus
2897 5303 3168 5359 obnoxius
3196 5303 3564 5372 deprehende-

2000 5407 2103 5451 tur.
2142 5395 2311 5452 Nemo
2344 5396 2486 5451 enim
2523 5397 2664 5450 inter
2693 5394 2909 5451 Judazos
2931 5396 3052 5451 talis
3083 5410 3147 5451 ac
3177 5402 3359 5448 tantus
3390 5392 3558 5447 exsti-

2001 5489 2112 5550 tit,
2149 5489 2238 5556 qui
2297 5501 2400 5540 non
2462 5487 2644 5557 aliquo
2699 5487 2856 5542 modo
2909 5487 2974 5542 ad
3032 5486 3200 5557 legem
3259 5483 3560 5554 impegerit.

2006 5580 2234 5636 «Oumes
2281 5579 2423 5634 enim
2451 5590 2832 5650 peccaverunt,
2868 5579 3059 5650 inquit,
3110 5586 3165 5633 et
3195 5584 3354 5648 egent
3397 5573 3566 5652 gloria

395 5761 788 5848 f’_Jerem.vr,
843 5759 896 5818 6.
970 5758 1016 5791 “
1043 5758 1207 5815 Amos
1248 5772 1305 5824 ιι,
1363 5756 1412 5809 7.
1474 5757 1530 5829 ,⁸⁷
1577 5757 1716 5815 Psal.
1774 5773 1845 5824 cr,

1962 5799 1965 5810 .
2041 5759 2084 5789 ⁵⁸
2161 5757 2303 5814 Pe1r.
2343 5757 2481 5825 ιι,2.
2535 5793 2538 5796 ~
