  <div class='ocr_page' id='page_1' title='image "/cluster/home/n/w/nwhite01/storage/ocr_20150623/70/hvd.32044019207901/719.png"; bbox 0 0 4148 6516; ppageno 0'>
   <div class='ocr_carea' id='block_1_1' title="bbox 632 358 773 414">
    <p class='ocr_par' dir='ltr' id='par_1_1' title="bbox 632 358 773 414">
     <span class='ocr_line' id='line_1_1' title="bbox 632 358 773 414; baseline 0.007 -2"><span class='ocrx_word' id='word_1_1' title='bbox 632 358 773 414; x_wconf 70' lang='lat'><strong>“25</strong></span> 
     </span>
    </p>
   </div>
   <div class='ocr_carea' id='block_1_2' title="bbox 1660 359 2902 425">
    <p class='ocr_par' dir='ltr' id='par_1_2' title="bbox 1660 359 2902 425">
     <span class='ocr_line' id='line_1_2' title="bbox 1660 359 2902 425; baseline 0.008 -12"><span class='ocrx_word' id='word_1_2' title='bbox 1660 360 1718 413; x_wconf 91' lang='lat' dir='ltr'><strong>S.</strong></span> <span class='ocrx_word' id='word_1_3' title='bbox 1757 359 2035 416; x_wconf 76' lang='lat' dir='ltr'><strong>CYRILLI</strong></span> <span class='ocrx_word' id='word_1_4' title='bbox 2075 363 2543 423; x_wconf 80' lang='lat' dir='ltr'><strong>ALEXANDRINI</strong></span> <span class='ocrx_word' id='word_1_5' title='bbox 2584 367 2902 425; x_wconf 79' lang='lat' dir='ltr'><strong>ARCHIEP.</strong></span> 
     </span>
    </p>
   </div>
   <div class='ocr_carea' id='block_1_3' title="bbox 3753 378 3885 435">
    <p class='ocr_par' dir='ltr' id='par_1_3' title="bbox 3753 378 3885 435">
     <span class='ocr_line' id='line_1_3' title="bbox 3753 378 3885 435; baseline 0.015 -2"><span class='ocrx_word' id='word_1_6' title='bbox 3753 378 3885 435; x_wconf 62' lang='lat'><strong>“24</strong></span> 
     </span>
    </p>
   </div>
   <div class='ocr_carea' id='block_1_4' title="bbox 632 472 2190 564">
    <p class='ocr_par' dir='ltr' id='par_1_4' title="bbox 632 472 2190 544">
     <span class='ocr_line' id='line_1_4' title="bbox 632 472 2190 544; baseline -0.002 -16"><span class='ocrx_word' id='word_1_7' title='bbox 632 474 750 536; x_wconf 87' lang='lat' dir='ltr'><strong>Dei,</strong></span> <span class='ocrx_word' id='word_1_8' title='bbox 778 472 1057 543; x_wconf 85' lang='lat' dir='ltr'><strong>justilicati</strong></span> <span class='ocrx_word' id='word_1_9' title='bbox 1095 473 1263 542; x_wconf 89' lang='lat' dir='ltr'><strong>gratis</strong></span> <span class='ocrx_word' id='word_1_10' title='bbox 1291 472 1458 542; x_wconf 83' lang='lat' dir='ltr'><strong>ipsius</strong></span> <span class='ocrx_word' id='word_1_11' title='bbox 1491 474 1662 544; x_wconf 86' lang='lat' dir='ltr'><strong>gratia</strong></span> <span class='ocrx_word' id='word_1_12' title='bbox 1691 476 1758 529; x_wconf 77' lang='grc' dir='ltr'><strong>⁸ο.</strong></span> <span class='ocrx_word' id='word_1_13' title='bbox 1788 495 1806 527; x_wconf 78' lang='grc' dir='ltr'><strong>ι</strong></span> <span class='ocrx_word' id='word_1_14' title='bbox 1845 476 1996 544; x_wconf 81' lang='lat' dir='ltr'><strong>Quod</strong></span> <span class='ocrx_word' id='word_1_15' title='bbox 2022 488 2190 535; x_wconf 69' lang='lat' dir='ltr'><strong>autem</strong></span> 
     </span>
    </p>
   </div>
   <div class='ocr_carea' id='block_1_5' title="bbox 2293 472 3883 564">
    <p class='ocr_par' dir='ltr' id='par_1_5' title="bbox 2305 482 3883 564">
     <span class='ocr_line' id='line_1_5' title="bbox 2305 482 3883 564; baseline 0.01 -31"><span class='ocrx_word' id='word_1_16' title='bbox 2305 482 2651 553; x_wconf 86' lang='grc' dir='ltr'>δικαιοσύνην</span> <span class='ocrx_word' id='word_1_17' title='bbox 2682 484 2744 537; x_wconf 82' lang='grc' dir='ltr'><strong>ού</strong></span> <span class='ocrx_word' id='word_1_18' title='bbox 2773 484 2973 551; x_wconf 74' lang='grc' dir='ltr'>λαϐὼν,</span> <span class='ocrx_word' id='word_1_19' title='bbox 3004 486 3158 541; x_wconf 76' lang='grc' dir='ltr'>ἔσται</span> <span class='ocrx_word' id='word_1_20' title='bbox 3184 489 3279 542; x_wconf 74' lang='grc' dir='ltr'>καὶ</span> <span class='ocrx_word' id='word_1_21' title='bbox 3310 492 3737 564; x_wconf 77' lang='grc' dir='ltr'>ἐπικατάρατος,</span> <span class='ocrx_word' id='word_1_22' title='bbox 3768 498 3883 550; x_wconf 84' lang='grc' dir='ltr'>ἀντὶ</span> 
     </span>
    </p>
   </div>
   <div class='ocr_carea' id='block_1_6' title="bbox 631 562 2201 639">
    <p class='ocr_par' dir='ltr' id='par_1_6' title="bbox 631 562 2201 639">
     <span class='ocr_line' id='line_1_6' title="bbox 631 562 2201 639; baseline 0.004 -20"><span class='ocrx_word' id='word_1_23' title='bbox 631 581 697 621; x_wconf 82' lang='lat' dir='ltr'><strong>ex</strong></span> <span class='ocrx_word' id='word_1_24' title='bbox 725 565 839 635; x_wconf 83' lang='lat' dir='ltr'><strong>lege</strong></span> <span class='ocrx_word' id='word_1_25' title='bbox 870 562 1121 632; x_wconf 82' lang='lat' dir='ltr'><strong>perfectis</strong></span> <span class='ocrx_word' id='word_1_26' title='bbox 1147 572 1201 617; x_wconf 89' lang='lat' dir='ltr'><strong>et</strong></span> <span class='ocrx_word' id='word_1_27' title='bbox 1224 566 1633 629; x_wconf 79' lang='lat' dir='ltr'><strong>consummatis,</strong></span> <span class='ocrx_word' id='word_1_28' title='bbox 1665 566 1868 623; x_wconf 81' lang='lat' dir='ltr'><strong>Christi</strong></span> <span class='ocrx_word' id='word_1_29' title='bbox 1898 571 2070 639; x_wconf 85' lang='lat' dir='ltr'><strong>gratia</strong></span> <span class='ocrx_word' id='word_1_30' title='bbox 2096 584 2201 626; x_wconf 91' lang='lat' dir='ltr'><strong>non</strong></span> 
     </span>
    </p>
   </div>
   <div class='ocr_carea' id='block_1_7' title="bbox 631 654 2200 730">
    <p class='ocr_par' dir='ltr' id='par_1_7' title="bbox 631 654 2200 730">
     <span class='ocr_line' id='line_1_7' title="bbox 631 654 2200 730; baseline 0.003 -19"><span class='ocrx_word' id='word_1_31' title='bbox 631 654 905 724; x_wconf 81' lang='lat' dir='ltr'><strong>adjuncta,</strong></span> <span class='ocrx_word' id='word_1_32' title='bbox 948 655 1137 711; x_wconf 89' lang='lat' dir='ltr'><strong>inutile</strong></span> <span class='ocrx_word' id='word_1_33' title='bbox 1165 657 1235 711; x_wconf 85' lang='lat' dir='ltr'><strong>sit</strong></span> <span class='ocrx_word' id='word_1_34' title='bbox 1270 656 1400 711; x_wconf 89' lang='lat' dir='ltr'><strong>illud</strong></span> <span class='ocrx_word' id='word_1_35' title='bbox 1423 657 1689 724; x_wconf 90' lang='lat' dir='ltr'><strong>studium,</strong></span> <span class='ocrx_word' id='word_1_36' title='bbox 1714 660 2075 730; x_wconf 82' lang='lat' dir='ltr'><strong>pulcherrime</strong></span> <span class='ocrx_word' id='word_1_37' title='bbox 2106 662 2200 716; x_wconf 88' lang='lat' dir='ltr'><strong>de-</strong></span> 
     </span>
    </p>
   </div>
   <div class='ocr_carea' id='block_1_8' title="bbox 628 747 2201 820">
    <p class='ocr_par' dir='ltr' id='par_1_8' title="bbox 628 747 2201 820">
     <span class='ocr_line' id='line_1_8' title="bbox 628 747 2201 820; baseline 0.003 -17"><span class='ocrx_word' id='word_1_38' title='bbox 628 757 894 804; x_wconf 84' lang='lat' dir='ltr'><strong>monstrat</strong></span> <span class='ocrx_word' id='word_1_39' title='bbox 932 747 1367 817; x_wconf 86' lang='lat' dir='ltr'><strong>sapientissimus</strong></span> <span class='ocrx_word' id='word_1_40' title='bbox 1419 748 1636 815; x_wconf 83' lang='lat' dir='ltr'><strong>Paulus,</strong></span> <span class='ocrx_word' id='word_1_41' title='bbox 1691 752 2014 820; x_wconf 88' lang='lat' dir='ltr'><strong>quibusdam</strong></span> <span class='ocrx_word' id='word_1_42' title='bbox 2061 754 2201 808; x_wconf 89' lang='lat' dir='ltr'><strong>seri-</strong></span> 
     </span>
    </p>
   </div>
   <div class='ocr_carea' id='block_1_9' title="bbox 625 836 2202 914">
    <p class='ocr_par' dir='ltr' id='par_1_9' title="bbox 625 836 2202 914">
     <span class='ocr_line' id='line_1_9' title="bbox 625 836 2202 914; baseline 0.003 -21"><span class='ocrx_word' id='word_1_43' title='bbox 625 836 782 905; x_wconf 83' lang='lat' dir='ltr'><strong>bens,</strong></span> <span class='ocrx_word' id='word_1_44' title='bbox 811 853 869 894; x_wconf 91' lang='lat' dir='ltr'><strong>se</strong></span> <span class='ocrx_word' id='word_1_45' title='bbox 895 852 994 908; x_wconf 93' lang='lat' dir='ltr'><strong>pro</strong></span> <span class='ocrx_word' id='word_1_46' title='bbox 1035 838 1369 894; x_wconf 83' lang='lat' dir='ltr'><strong>stercoribus</strong></span> <span class='ocrx_word' id='word_1_47' title='bbox 1394 840 1650 896; x_wconf 82' lang='lat' dir='ltr'><strong>habuisse</strong></span> <span class='ocrx_word' id='word_1_48' title='bbox 1677 856 1796 911; x_wconf 81' lang='lat' dir='ltr'><strong>quae</strong></span> <span class='ocrx_word' id='word_1_49' title='bbox 1842 843 1896 898; x_wconf 93' lang='lat' dir='ltr'><strong>in</strong></span> <span class='ocrx_word' id='word_1_50' title='bbox 1929 844 2049 914; x_wconf 87' lang='lat' dir='ltr'><strong>lege</strong></span> <span class='ocrx_word' id='word_1_51' title='bbox 2076 852 2202 898; x_wconf 87' lang='lat' dir='ltr'><strong>sunt</strong></span> 
     </span>
    </p>
   </div>
   <div class='ocr_carea' id='block_1_10' title="bbox 624 931 2202 1006">
    <p class='ocr_par' dir='ltr' id='par_1_10' title="bbox 624 931 2202 1006">
     <span class='ocr_line' id='line_1_10' title="bbox 624 931 2202 1006; baseline 0.004 -22"><span class='ocrx_word' id='word_1_52' title='bbox 624 931 829 996; x_wconf 85' lang='lat' dir='ltr'><strong>omnia,</strong></span> <span class='ocrx_word' id='word_1_53' title='bbox 861 940 918 985; x_wconf 92' lang='lat' dir='ltr'><strong>ut</strong></span> <span class='ocrx_word' id='word_1_54' title='bbox 954 931 1232 986; x_wconf 85' lang='lat' dir='ltr'><strong>Christum</strong></span> <span class='ocrx_word' id='word_1_55' title='bbox 1267 931 1528 997; x_wconf 86' lang='lat' dir='ltr'><strong>lucretur,</strong></span> <span class='ocrx_word' id='word_1_56' title='bbox 1555 942 1609 988; x_wconf 86' lang='lat' dir='ltr'><strong>et</strong></span> <span class='ocrx_word' id='word_1_57' title='bbox 1656 935 1965 990; x_wconf 84' lang='lat' dir='ltr'><strong>inveniatur</strong></span> <span class='ocrx_word' id='word_1_58' title='bbox 1991 936 2042 990; x_wconf 90' lang='lat' dir='ltr'><strong>in</strong></span> <span class='ocrx_word' id='word_1_59' title='bbox 2087 937 2202 1006; x_wconf 89' lang='lat' dir='ltr'><strong>ipso</strong></span> 
     </span>
    </p>
   </div>
   <div class='ocr_carea' id='block_1_11' title="bbox 625 1022 2198 1096">
    <p class='ocr_par' dir='ltr' id='par_1_11' title="bbox 625 1022 2198 1096">
     <span class='ocr_line' id='line_1_11' title="bbox 625 1022 2198 1096; baseline 0.003 -22"><span class='ocrx_word' id='word_1_60' title='bbox 625 1035 730 1075; x_wconf 92' lang='lat' dir='ltr'><strong>non</strong></span> <span class='ocrx_word' id='word_1_61' title='bbox 785 1022 991 1077; x_wconf 88' lang='lat' dir='ltr'><strong>habens</strong></span> <span class='ocrx_word' id='word_1_62' title='bbox 1041 1036 1193 1077; x_wconf 89' lang='lat' dir='ltr'><strong>suam</strong></span> <span class='ocrx_word' id='word_1_63' title='bbox 1242 1022 1531 1092; x_wconf 87' lang='lat' dir='ltr'><strong>justitiam,</strong></span> <span class='ocrx_word' id='word_1_64' title='bbox 1561 1024 1664 1080; x_wconf 91' lang='lat' dir='ltr'><strong>hoc</strong></span> <span class='ocrx_word' id='word_1_65' title='bbox 1704 1034 1789 1080; x_wconf 90' lang='lat' dir='ltr'><strong>est</strong></span> <span class='ocrx_word' id='word_1_66' title='bbox 1828 1026 2075 1096; x_wconf 86' lang='lat' dir='ltr'><strong>legalem,</strong></span> <span class='ocrx_word' id='word_1_67' title='bbox 2104 1027 2198 1082; x_wconf 88' lang='lat' dir='ltr'><strong>sed</strong></span> 
     </span>
    </p>
   </div>
   <div class='ocr_carea' id='block_1_12' title="bbox 623 1111 2198 1183">
    <p class='ocr_par' dir='ltr' id='par_1_12' title="bbox 623 1111 2198 1183">
     <span class='ocr_line' id='line_1_12' title="bbox 623 1111 2198 1183; baseline 0.004 -19"><span class='ocrx_word' id='word_1_68' title='bbox 623 1127 744 1182; x_wconf 66' lang='lat' dir='ltr'><strong>quae</strong></span> <span class='ocrx_word' id='word_1_69' title='bbox 774 1128 873 1183; x_wconf 89' lang='lat' dir='ltr'><strong>per</strong></span> <span class='ocrx_word' id='word_1_70' title='bbox 910 1113 1068 1168; x_wconf 82' lang='lat' dir='ltr'><strong>ﬁdem</strong></span> <span class='ocrx_word' id='word_1_71' title='bbox 1120 1122 1206 1168; x_wconf 90' lang='lat' dir='ltr'><strong>est</strong></span> <span class='ocrx_word' id='word_1_72' title='bbox 1247 1111 1374 1169; x_wconf 85' lang='lat' dir='ltr'><strong>Jesu</strong></span> <span class='ocrx_word' id='word_1_73' title='bbox 1419 1114 1707 1172; x_wconf 78' lang='lat' dir='ltr'><strong>Christi&quot;.</strong></span> <span class='ocrx_word' id='word_1_74' title='bbox 1782 1115 1997 1173; x_wconf 75' lang='lat' dir='ltr'><strong>Judaeos</strong></span> <span class='ocrx_word' id='word_1_75' title='bbox 2036 1119 2198 1172; x_wconf 90' lang='lat' dir='ltr'><strong>etiam</strong></span> 
     </span>
    </p>
   </div>
   <div class='ocr_carea' id='block_1_13' title="bbox 623 1204 2200 1279">
    <p class='ocr_par' dir='ltr' id='par_1_13' title="bbox 623 1204 2200 1279">
     <span class='ocr_line' id='line_1_13' title="bbox 623 1204 2200 1279; baseline 0.003 -21"><span class='ocrx_word' id='word_1_76' title='bbox 623 1204 897 1259; x_wconf 89' lang='lat' dir='ltr'><strong>insimulat</strong></span> <span class='ocrx_word' id='word_1_77' title='bbox 928 1204 1081 1273; x_wconf 89' lang='lat' dir='ltr'><strong>quasi</strong></span> <span class='ocrx_word' id='word_1_78' title='bbox 1126 1206 1397 1268; x_wconf 72' lang='lat' dir='ltr'><strong>amentiae,</strong></span> <span class='ocrx_word' id='word_1_79' title='bbox 1443 1206 1523 1259; x_wconf 92' lang='lat' dir='ltr'><strong>sic</strong></span> <span class='ocrx_word' id='word_1_80' title='bbox 1567 1206 1792 1262; x_wconf 87' lang='lat' dir='ltr'><strong>dicens:</strong></span> <span class='ocrx_word' id='word_1_81' title='bbox 1833 1207 2200 1279; x_wconf 75' lang='lat' dir='ltr'><strong>«ignorantes</strong></span> 
     </span>
    </p>
   </div>
   <div class='ocr_carea' id='block_1_14' title="bbox 622 1292 2198 1363">
    <p class='ocr_par' dir='ltr' id='par_1_14' title="bbox 622 1292 2198 1363">
     <span class='ocr_line' id='line_1_14' title="bbox 622 1292 2198 1363; baseline 0.003 -17"><span class='ocrx_word' id='word_1_82' title='bbox 622 1293 765 1346; x_wconf 90' lang='lat' dir='ltr'><strong>enim</strong></span> <span class='ocrx_word' id='word_1_83' title='bbox 819 1292 910 1346; x_wconf 89' lang='lat' dir='ltr'><strong>Dei</strong></span> <span class='ocrx_word' id='word_1_84' title='bbox 947 1292 1236 1359; x_wconf 90' lang='lat' dir='ltr'><strong>justitiam,</strong></span> <span class='ocrx_word' id='word_1_85' title='bbox 1272 1300 1328 1346; x_wconf 94' lang='lat' dir='ltr'><strong>et</strong></span> <span class='ocrx_word' id='word_1_86' title='bbox 1370 1307 1523 1346; x_wconf 90' lang='lat' dir='ltr'><strong>suam</strong></span> <span class='ocrx_word' id='word_1_87' title='bbox 1565 1293 1807 1349; x_wconf 86' lang='lat' dir='ltr'><strong>volentes</strong></span> <span class='ocrx_word' id='word_1_88' title='bbox 1841 1296 2198 1363; x_wconf 88' lang='lat' dir='ltr'><strong>constituere,</strong></span> 
     </span>
    </p>
   </div>
   <div class='ocr_carea' id='block_1_15' title="bbox 615 1381 2199 1456">
    <p class='ocr_par' dir='ltr' id='par_1_15' title="bbox 615 1381 2199 1456">
     <span class='ocr_line' id='line_1_15' title="bbox 615 1381 2199 1456; baseline 0.003 -19"><span class='ocrx_word' id='word_1_89' title='bbox 615 1381 839 1449; x_wconf 63' lang='lat' dir='ltr'><strong>iustitia;</strong></span> <span class='ocrx_word' id='word_1_90' title='bbox 878 1382 969 1436; x_wconf 84' lang='lat' dir='ltr'><strong>Dei</strong></span> <span class='ocrx_word' id='word_1_91' title='bbox 1020 1396 1124 1435; x_wconf 95' lang='lat' dir='ltr'><strong>non</strong></span> <span class='ocrx_word' id='word_1_92' title='bbox 1175 1392 1303 1436; x_wconf 89' lang='lat' dir='ltr'><strong>sunt</strong></span> <span class='ocrx_word' id='word_1_93' title='bbox 1355 1383 1605 1451; x_wconf 85' lang='lat' dir='ltr'><strong>subjecti.</strong></span> <span class='ocrx_word' id='word_1_94' title='bbox 1662 1383 1812 1439; x_wconf 89' lang='lat' dir='ltr'><strong>Finis</strong></span> <span class='ocrx_word' id='word_1_95' title='bbox 1865 1386 2009 1440; x_wconf 89' lang='lat' dir='ltr'><strong>enim</strong></span> <span class='ocrx_word' id='word_1_96' title='bbox 2065 1386 2199 1456; x_wconf 83' lang='lat' dir='ltr'><strong>legis</strong></span> 
     </span>
    </p>
   </div>
   <div class='ocr_carea' id='block_1_16' title="bbox 621 1470 2200 1540">
    <p class='ocr_par' dir='ltr' id='par_1_16' title="bbox 621 1470 2200 1540">
     <span class='ocr_line' id='line_1_16' title="bbox 621 1470 2200 1540; baseline 0.003 -13"><span class='ocrx_word' id='word_1_97' title='bbox 621 1470 900 1534; x_wconf 87' lang='lat' dir='ltr'><strong>Christus,</strong></span> <span class='ocrx_word' id='word_1_98' title='bbox 937 1473 1002 1524; x_wconf 87' lang='lat' dir='ltr'><strong>ad</strong></span> <span class='ocrx_word' id='word_1_99' title='bbox 1043 1471 1312 1540; x_wconf 84' lang='lat' dir='ltr'><strong>justitiam</strong></span> <span class='ocrx_word' id='word_1_100' title='bbox 1356 1472 1503 1526; x_wconf 89' lang='lat' dir='ltr'><strong>omni</strong></span> <span class='ocrx_word' id='word_1_101' title='bbox 1545 1474 1790 1529; x_wconf 87' lang='lat' dir='ltr'><strong>credenti</strong></span> <span class='ocrx_word' id='word_1_102' title='bbox 1820 1476 1890 1529; x_wconf 85' lang='lat'><strong>&#39;“.</strong></span> <span class='ocrx_word' id='word_1_103' title='bbox 1922 1495 1940 1528; x_wconf 82' lang='grc' dir='ltr'><strong>ι</strong></span> <span class='ocrx_word' id='word_1_104' title='bbox 1990 1476 2200 1533; x_wconf 84' lang='lat' dir='ltr'><strong>Rursus</strong></span> 
     </span>
    </p>
   </div>
   <div class='ocr_carea' id='block_1_17' title="bbox 618 1562 2201 1639">
    <p class='ocr_par' dir='ltr' id='par_1_17' title="bbox 618 1562 2201 1639">
     <span class='ocr_line' id='line_1_17' title="bbox 618 1562 2201 1639; baseline 0.004 -21"><span class='ocrx_word' id='word_1_105' title='bbox 618 1563 793 1618; x_wconf 79' lang='lat' dir='ltr'><strong>dixit:</strong></span> <span class='ocrx_word' id='word_1_106' title='bbox 828 1581 846 1615; x_wconf 85' lang='grc' dir='ltr'><strong>ι</strong></span> <span class='ocrx_word' id='word_1_107' title='bbox 875 1562 983 1618; x_wconf 83' lang='lat' dir='ltr'><strong>Nos</strong></span> <span class='ocrx_word' id='word_1_108' title='bbox 1013 1572 1202 1617; x_wconf 88' lang='lat' dir='ltr'><strong>natura</strong></span> <span class='ocrx_word' id='word_1_109' title='bbox 1247 1562 1436 1627; x_wconf 65' lang='lat' dir='ltr'><strong>Judaei,</strong></span> <span class='ocrx_word' id='word_1_110' title='bbox 1475 1575 1659 1620; x_wconf 91' lang='lat' dir='ltr'><strong>etnon</strong></span> <span class='ocrx_word' id='word_1_111' title='bbox 1698 1582 1765 1621; x_wconf 83' lang='lat' dir='ltr'><strong>ex</strong></span> <span class='ocrx_word' id='word_1_112' title='bbox 1791 1568 2044 1638; x_wconf 80' lang='lat' dir='ltr'><strong>gentibus</strong></span> <span class='ocrx_word' id='word_1_113' title='bbox 2075 1584 2201 1639; x_wconf 85' lang='lat' dir='ltr'><strong>pec-</strong></span> 
     </span>
    </p>
   </div>
   <div class='ocr_carea' id='block_1_18' title="bbox 620 1650 2197 1723">
    <p class='ocr_par' dir='ltr' id='par_1_18' title="bbox 620 1650 2197 1723">
     <span class='ocr_line' id='line_1_18' title="bbox 620 1650 2197 1723; baseline 0.006 -21"><span class='ocrx_word' id='word_1_114' title='bbox 620 1658 832 1704; x_wconf 83' lang='lat' dir='ltr'><strong>catores</strong></span> <span class='ocrx_word' id='word_1_115' title='bbox 865 1664 881 1713; x_wconf 89' lang='lat'><strong>;</strong></span> <span class='ocrx_word' id='word_1_116' title='bbox 926 1650 1162 1704; x_wconf 86' lang='lat' dir='ltr'><strong>scientes</strong></span> <span class='ocrx_word' id='word_1_117' title='bbox 1185 1660 1364 1705; x_wconf 90' lang='lat' dir='ltr'><strong>autem</strong></span> <span class='ocrx_word' id='word_1_118' title='bbox 1396 1667 1501 1705; x_wconf 88' lang='lat' dir='ltr'><strong>non</strong></span> <span class='ocrx_word' id='word_1_119' title='bbox 1520 1653 1808 1723; x_wconf 75' lang='lat' dir='ltr'><strong>justiticari</strong></span> <span class='ocrx_word' id='word_1_120' title='bbox 1840 1658 2109 1712; x_wconf 87' lang='lat' dir='ltr'><strong>hominem</strong></span> <span class='ocrx_word' id='word_1_121' title='bbox 2133 1672 2197 1711; x_wconf 83' lang='lat' dir='ltr'><strong>ex</strong></span> 
     </span>
    </p>
   </div>
   <div class='ocr_carea' id='block_1_19' title="bbox 617 1739 2200 1811">
    <p class='ocr_par' dir='ltr' id='par_1_19' title="bbox 617 1739 2200 1811">
     <span class='ocr_line' id='line_1_19' title="bbox 617 1739 2200 1811; baseline 0.008 -20"><span class='ocrx_word' id='word_1_122' title='bbox 617 1740 872 1808; x_wconf 78' lang='lat' dir='ltr'><strong>operibus</strong></span> <span class='ocrx_word' id='word_1_123' title='bbox 918 1739 1074 1809; x_wconf 80' lang='lat' dir='ltr'><strong>legis,</strong></span> <span class='ocrx_word' id='word_1_124' title='bbox 1111 1741 1211 1794; x_wconf 89' lang='lat' dir='ltr'><strong>nisi</strong></span> <span class='ocrx_word' id='word_1_125' title='bbox 1255 1756 1353 1811; x_wconf 91' lang='lat' dir='ltr'><strong>per</strong></span> <span class='ocrx_word' id='word_1_126' title='bbox 1399 1742 1557 1797; x_wconf 85' lang='lat' dir='ltr'><strong>tidem</strong></span> <span class='ocrx_word' id='word_1_127' title='bbox 1590 1742 1717 1800; x_wconf 85' lang='lat' dir='ltr'><strong>.lesu</strong></span> <span class='ocrx_word' id='word_1_128' title='bbox 1750 1746 1985 1801; x_wconf 88' lang='lat' dir='ltr'><strong>Christi:</strong></span> <span class='ocrx_word' id='word_1_129' title='bbox 2014 1757 2070 1802; x_wconf 93' lang='lat' dir='ltr'><strong>et</strong></span> <span class='ocrx_word' id='word_1_130' title='bbox 2101 1763 2200 1804; x_wconf 92' lang='lat' dir='ltr'><strong>nos</strong></span> 
     </span>
    </p>
   </div>
   <div class='ocr_carea' id='block_1_20' title="bbox 617 1830 2200 1905">
    <p class='ocr_par' dir='ltr' id='par_1_20' title="bbox 617 1830 2200 1905">
     <span class='ocr_line' id='line_1_20' title="bbox 617 1830 2200 1905; baseline 0.005 -22"><span class='ocrx_word' id='word_1_131' title='bbox 617 1830 670 1884; x_wconf 92' lang='lat' dir='ltr'><strong>in</strong></span> <span class='ocrx_word' id='word_1_132' title='bbox 702 1830 977 1886; x_wconf 83' lang='lat' dir='ltr'><strong>Christum</strong></span> <span class='ocrx_word' id='word_1_133' title='bbox 1003 1832 1275 1887; x_wconf 89' lang='lat' dir='ltr'><strong>credimus</strong></span> <span class='ocrx_word' id='word_1_134' title='bbox 1315 1832 1417 1887; x_wconf 73' lang='grc' dir='ltr'><strong>τ’.»</strong></span> <span class='ocrx_word' id='word_1_135' title='bbox 1447 1833 1680 1905; x_wconf 85' lang='lat' dir='ltr'><strong>ideoque</strong></span> <span class='ocrx_word' id='word_1_136' title='bbox 1706 1837 1881 1891; x_wconf 89' lang='lat' dir='ltr'><strong>dictus</strong></span> <span class='ocrx_word' id='word_1_137' title='bbox 1904 1847 1988 1892; x_wconf 90' lang='lat' dir='ltr'><strong>est</strong></span> <span class='ocrx_word' id='word_1_138' title='bbox 2042 1838 2200 1893; x_wconf 86' lang='lat' dir='ltr'><strong>Chri-</strong></span> 
     </span>
    </p>
   </div>
   <div class='ocr_carea' id='block_1_21' title="bbox 617 1922 2181 1993">
    <p class='ocr_par' dir='ltr' id='par_1_21' title="bbox 617 1922 2181 1993">
     <span class='ocr_line' id='line_1_21' title="bbox 617 1922 2181 1993; baseline 0.003 -16"><span class='ocrx_word' id='word_1_139' title='bbox 617 1933 734 1978; x_wconf 85' lang='lat' dir='ltr'><strong>stus</strong></span> <span class='ocrx_word' id='word_1_140' title='bbox 774 1922 1101 1987; x_wconf 86' lang='lat' dir='ltr'><strong>maledictio,</strong></span> <span class='ocrx_word' id='word_1_141' title='bbox 1131 1931 1191 1976; x_wconf 90' lang='lat' dir='ltr'><strong>ut</strong></span> <span class='ocrx_word' id='word_1_142' title='bbox 1234 1938 1262 1976; x_wconf 90' lang='lat' dir='ltr'><strong>a</strong></span> <span class='ocrx_word' id='word_1_143' title='bbox 1288 1922 1419 1993; x_wconf 82' lang='lat' dir='ltr'><strong>legis</strong></span> <span class='ocrx_word' id='word_1_144' title='bbox 1465 1925 1843 1982; x_wconf 86' lang='lat' dir='ltr'><strong>maledictione</strong></span> <span class='ocrx_word' id='word_1_145' title='bbox 1892 1928 2181 1993; x_wconf 79' lang='lat' dir='ltr'><strong>eximeret,</strong></span> 
     </span>
    </p>
   </div>
   <div class='ocr_carea' id='block_1_22' title="bbox 614 2013 2197 2085">
    <p class='ocr_par' dir='ltr' id='par_1_22' title="bbox 614 2013 2197 2085">
     <span class='ocr_line' id='line_1_22' title="bbox 614 2013 2197 2085; baseline 0.003 -18"><span class='ocrx_word' id='word_1_146' title='bbox 614 2014 704 2083; x_wconf 85' lang='lat' dir='ltr'><strong>qui</strong></span> <span class='ocrx_word' id='word_1_147' title='bbox 732 2015 779 2069; x_wconf 90' lang='lat' dir='ltr'><strong>ei</strong></span> <span class='ocrx_word' id='word_1_148' title='bbox 819 2013 1034 2070; x_wconf 83' lang='lat' dir='ltr'><strong>luerunt</strong></span> <span class='ocrx_word' id='word_1_149' title='bbox 1064 2015 1305 2070; x_wconf 87' lang='lat' dir='ltr'><strong>obnoxii.</strong></span> <span class='ocrx_word' id='word_1_150' title='bbox 1342 2014 1614 2085; x_wconf 86' lang='lat' dir='ltr'><strong>Scriptum</strong></span> <span class='ocrx_word' id='word_1_151' title='bbox 1645 2026 1729 2073; x_wconf 90' lang='lat' dir='ltr'><strong>est</strong></span> <span class='ocrx_word' id='word_1_152' title='bbox 1755 2019 1936 2073; x_wconf 81' lang='lat' dir='ltr'><strong>enim:</strong></span> <span class='ocrx_word' id='word_1_153' title='bbox 1980 2038 1999 2069; x_wconf 81' lang='grc' dir='ltr'><strong>ι</strong></span> <span class='ocrx_word' id='word_1_154' title='bbox 2032 2018 2197 2072; x_wconf 79' lang='lat' dir='ltr'><strong>Male.-</strong></span> 
     </span>
    </p>
   </div>
   <div class='ocr_carea' id='block_1_23' title="bbox 613 2105 2195 2177">
    <p class='ocr_par' dir='ltr' id='par_1_23' title="bbox 613 2105 2195 2177">
     <span class='ocr_line' id='line_1_23' title="bbox 613 2105 2195 2177; baseline 0.003 -19"><span class='ocrx_word' id='word_1_155' title='bbox 613 2105 792 2159; x_wconf 85' lang='lat' dir='ltr'><strong>dictus</strong></span> <span class='ocrx_word' id='word_1_156' title='bbox 811 2105 987 2159; x_wconf 92' lang='lat' dir='ltr'><strong>omnis</strong></span> <span class='ocrx_word' id='word_1_157' title='bbox 1022 2106 1112 2174; x_wconf 90' lang='lat' dir='ltr'><strong>qui</strong></span> <span class='ocrx_word' id='word_1_158' title='bbox 1140 2120 1245 2159; x_wconf 89' lang='lat' dir='ltr'><strong>non</strong></span> <span class='ocrx_word' id='word_1_159' title='bbox 1272 2116 1453 2161; x_wconf 86' lang='lat' dir='ltr'><strong>manet</strong></span> <span class='ocrx_word' id='word_1_160' title='bbox 1483 2107 1535 2160; x_wconf 92' lang='lat' dir='ltr'><strong>in</strong></span> <span class='ocrx_word' id='word_1_161' title='bbox 1558 2108 1812 2162; x_wconf 88' lang='lat' dir='ltr'><strong>omnibus</strong></span> <span class='ocrx_word' id='word_1_162' title='bbox 1842 2123 1963 2177; x_wconf 68' lang='lat' dir='ltr'><strong>qua:</strong></span> <span class='ocrx_word' id='word_1_163' title='bbox 1994 2109 2195 2177; x_wconf 88' lang='lat' dir='ltr'><strong>scripta</strong></span> 
     </span>
    </p>
   </div>
   <div class='ocr_carea' id='block_1_24' title="bbox 613 2194 1889 2265">
    <p class='ocr_par' dir='ltr' id='par_1_24' title="bbox 613 2194 1889 2265">
     <span class='ocr_line' id='line_1_24' title="bbox 613 2194 1889 2265; baseline 0.002 -16"><span class='ocrx_word' id='word_1_164' title='bbox 613 2205 740 2249; x_wconf 87' lang='lat' dir='ltr'><strong>sunt</strong></span> <span class='ocrx_word' id='word_1_165' title='bbox 769 2197 822 2248; x_wconf 87' lang='lat' dir='ltr'><strong>in</strong></span> <span class='ocrx_word' id='word_1_166' title='bbox 862 2196 980 2264; x_wconf 86' lang='lat' dir='ltr'><strong>lege</strong></span> <span class='ocrx_word' id='word_1_167' title='bbox 1005 2194 1128 2250; x_wconf 88' lang='lat' dir='ltr'><strong>libri</strong></span> <span class='ocrx_word' id='word_1_168' title='bbox 1173 2196 1357 2265; x_wconf 88' lang='lat' dir='ltr'><strong>hujus,</strong></span> <span class='ocrx_word' id='word_1_169' title='bbox 1394 2206 1454 2250; x_wconf 87' lang='lat' dir='ltr'><strong>ut</strong></span> <span class='ocrx_word' id='word_1_170' title='bbox 1481 2211 1543 2251; x_wconf 85' lang='lat' dir='ltr'><strong>ea</strong></span> <span class='ocrx_word' id='word_1_171' title='bbox 1577 2196 1745 2253; x_wconf 78' lang='lat' dir='ltr'><strong>faciat</strong></span> <span class='ocrx_word' id='word_1_172' title='bbox 1769 2199 1836 2253; x_wconf 83' lang='lat'><strong>&quot;.</strong></span> <span class='ocrx_word' id='word_1_173' title='bbox 1870 2218 1889 2251; x_wconf 76' lang='grc' dir='ltr'><strong>ι</strong></span> 
     </span>
    </p>
   </div>
   <div class='ocr_carea' id='block_1_25' title="bbox 2302 572 3883 657">
    <p class='ocr_par' dir='ltr' id='par_1_25' title="bbox 2302 572 3883 657">
     <span class='ocr_line' id='line_1_25' title="bbox 2302 572 3883 657; baseline 0.008 -30"><span class='ocrx_word' id='word_1_174' title='bbox 2302 572 2422 639; x_wconf 85' lang='grc' dir='ltr'>τοῦ,</span> <span class='ocrx_word' id='word_1_175' title='bbox 2458 576 2552 629; x_wconf 72' lang='grc' dir='ltr'><strong>καὶ</strong></span> <span class='ocrx_word' id='word_1_176' title='bbox 2572 577 2693 638; x_wconf 83' lang='grc' dir='ltr'>ταῖς</span> <span class='ocrx_word' id='word_1_177' title='bbox 2725 573 2822 628; x_wconf 91' lang='grc' dir='ltr'><strong>τοῦ</strong></span> <span class='ocrx_word' id='word_1_178' title='bbox 2848 575 3016 648; x_wconf 88' lang='grc' dir='ltr'>νόμου</span> <span class='ocrx_word' id='word_1_179' title='bbox 3046 578 3423 650; x_wconf 82' lang='grc' dir='ltr'>παραϐάσεσιν</span> <span class='ocrx_word' id='word_1_180' title='bbox 3448 583 3631 654; x_wconf 72' lang='grc' dir='ltr'>ἔνοχος</span> <span class='ocrx_word' id='word_1_181' title='bbox 3654 586 3883 657; x_wconf 82' lang='grc' dir='ltr'>εὑρεθή-</span> 
     </span>
    </p>
   </div>
   <div class='ocr_carea' id='block_1_26' title="bbox 2306 664 3885 742">
    <p class='ocr_par' dir='ltr' id='par_1_26' title="bbox 2306 664 3885 742">
     <span class='ocr_line' id='line_1_26' title="bbox 2306 664 3885 742; baseline 0.009 -26"><span class='ocrx_word' id='word_1_182' title='bbox 2306 678 2476 718; x_wconf 88' lang='grc' dir='ltr'>σεται.</span> <span class='ocrx_word' id='word_1_183' title='bbox 2505 664 2695 729; x_wconf 69' lang='grc' dir='ltr'>Οὐδεὶς</span> <span class='ocrx_word' id='word_1_184' title='bbox 2717 665 2826 737; x_wconf 84' lang='grc' dir='ltr'>γὰρ</span> <span class='ocrx_word' id='word_1_185' title='bbox 2858 666 3053 736; x_wconf 84' lang='grc' dir='ltr'>γέγονε</span> <span class='ocrx_word' id='word_1_186' title='bbox 3078 670 3335 735; x_wconf 86' lang='grc' dir='ltr'>τοσοῦτος</span> <span class='ocrx_word' id='word_1_187' title='bbox 3369 674 3428 726; x_wconf 86' lang='grc' dir='ltr'><strong>ἐν</strong></span> <span class='ocrx_word' id='word_1_188' title='bbox 3468 674 3767 741; x_wconf 78' lang='grc' dir='ltr'><strong>Ἰουδαίοις,</strong></span> <span class='ocrx_word' id='word_1_189' title='bbox 3811 678 3885 742; x_wconf 84' lang='grc' dir='ltr'><strong>ὡς</strong></span> 
     </span>
    </p>
   </div>
   <div class='ocr_carea' id='block_1_27' title="bbox 2303 754 3887 839">
    <p class='ocr_par' dir='ltr' id='par_1_27' title="bbox 2303 754 3887 839">
     <span class='ocr_line' id='line_1_27' title="bbox 2303 754 3887 839; baseline 0.011 -33"><span class='ocrx_word' id='word_1_190' title='bbox 2303 754 2445 807; x_wconf 80' lang='grc' dir='ltr'>κατὰ</span> <span class='ocrx_word' id='word_1_191' title='bbox 2480 755 2685 825; x_wconf 80' lang='grc' dir='ltr'>μηδένα</span> <span class='ocrx_word' id='word_1_192' title='bbox 2713 757 2912 826; x_wconf 83' lang='grc' dir='ltr'>τρόπον</span> <span class='ocrx_word' id='word_1_193' title='bbox 2931 758 3213 813; x_wconf 79' lang='grc' dir='ltr'>διαπεσεῖν</span> <span class='ocrx_word' id='word_1_194' title='bbox 3234 777 3249 792; x_wconf 92' lang='grc'><strong>·</strong></span> <span class='ocrx_word' id='word_1_195' title='bbox 3276 780 3295 813; x_wconf 82' lang='grc' dir='ltr'><strong>ι</strong></span> <span class='ocrx_word' id='word_1_196' title='bbox 3325 764 3532 829; x_wconf 80' lang='grc' dir='ltr'><strong>Πάντες</strong></span> <span class='ocrx_word' id='word_1_197' title='bbox 3572 767 3685 837; x_wconf 78' lang='grc' dir='ltr'>γὰρ</span> <span class='ocrx_word' id='word_1_198' title='bbox 3714 769 3887 839; x_wconf 81' lang='grc' dir='ltr'>ἥμαρ-</span> 
     </span>
    </p>
   </div>
   <div class='ocr_carea' id='block_1_28' title="bbox 2302 844 3886 928">
    <p class='ocr_par' dir='ltr' id='par_1_28' title="bbox 2302 844 3886 928">
     <span class='ocr_line' id='line_1_28' title="bbox 2302 844 3886 928; baseline 0.011 -35"><span class='ocrx_word' id='word_1_199' title='bbox 2302 858 2413 907; x_wconf 87' lang='grc' dir='ltr'>τον,</span> <span class='ocrx_word' id='word_1_200' title='bbox 2439 845 2535 897; x_wconf 77' lang='grc' dir='ltr'><strong>καὶ</strong></span> <span class='ocrx_word' id='word_1_201' title='bbox 2567 844 2916 914; x_wconf 79' lang='grc' dir='ltr'><strong>ὑστεροῦνται</strong></span> <span class='ocrx_word' id='word_1_202' title='bbox 2943 848 3042 918; x_wconf 86' lang='grc' dir='ltr'>τῆς</span> <span class='ocrx_word' id='word_1_203' title='bbox 3068 849 3227 919; x_wconf 83' lang='grc' dir='ltr'><strong>δόξης</strong></span> <span class='ocrx_word' id='word_1_204' title='bbox 3258 848 3353 904; x_wconf 88' lang='grc' dir='ltr'><strong>τοῦ</strong></span> <span class='ocrx_word' id='word_1_205' title='bbox 3383 853 3539 919; x_wconf 87' lang='grc' dir='ltr'>Θεοῦ,</span> <span class='ocrx_word' id='word_1_206' title='bbox 3573 855 3886 928; x_wconf 81' lang='grc' dir='ltr'>δικαιούμε-</span> 
     </span>
    </p>
   </div>
   <div class='ocr_carea' id='block_1_29' title="bbox 2301 933 3888 1016">
    <p class='ocr_par' dir='ltr' id='par_1_29' title="bbox 2301 933 3888 1016">
     <span class='ocr_line' id='line_1_29' title="bbox 2301 933 3888 1016; baseline 0.011 -30"><span class='ocrx_word' id='word_1_207' title='bbox 2301 949 2383 986; x_wconf 92' lang='grc' dir='ltr'><strong>νοι</strong></span> <span class='ocrx_word' id='word_1_208' title='bbox 2403 933 2612 1006; x_wconf 83' lang='grc' dir='ltr'>δωρεὰν</span> <span class='ocrx_word' id='word_1_209' title='bbox 2640 939 2704 1008; x_wconf 78' lang='grc' dir='ltr'>τῇ</span> <span class='ocrx_word' id='word_1_210' title='bbox 2732 938 2899 991; x_wconf 79' lang='grc' dir='ltr'>αὐτοῦ</span> <span class='ocrx_word' id='word_1_211' title='bbox 2925 938 3273 1011; x_wconf 82' lang='grc' dir='ltr'>χάριτι.⁹οτι</span> <span class='ocrx_word' id='word_1_212' title='bbox 3299 942 3355 995; x_wconf 84' lang='grc' dir='ltr'><strong>δέ</strong></span> <span class='ocrx_word' id='word_1_213' title='bbox 3378 944 3636 1016; x_wconf 85' lang='grc' dir='ltr'>ἀνόνητος</span> <span class='ocrx_word' id='word_1_214' title='bbox 3657 947 3753 1002; x_wconf 84' lang='grc' dir='ltr'>καὶ</span> <span class='ocrx_word' id='word_1_215' title='bbox 3778 954 3888 1013; x_wconf 85' lang='grc' dir='ltr'>τοῖς</span> 
     </span>
    </p>
   </div>
   <div class='ocr_carea' id='block_1_30' title="bbox 2301 1026 3887 1108">
    <p class='ocr_par' dir='ltr' id='par_1_30' title="bbox 2301 1026 3887 1108">
     <span class='ocr_line' id='line_1_30' title="bbox 2301 1026 3887 1108; baseline 0.009 -30"><span class='ocrx_word' id='word_1_216' title='bbox 2301 1026 2443 1079; x_wconf 79' lang='grc' dir='ltr'>κατὰ</span> <span class='ocrx_word' id='word_1_217' title='bbox 2461 1027 2621 1096; x_wconf 90' lang='grc' dir='ltr'>νόμον</span> <span class='ocrx_word' id='word_1_218' title='bbox 2640 1028 3074 1100; x_wconf 81' lang='grc' dir='ltr'>τετελειωμένοις</span> <span class='ocrx_word' id='word_1_219' title='bbox 3097 1032 3131 1103; x_wconf 80' lang='grc' dir='ltr'><strong>ἡ</strong></span> <span class='ocrx_word' id='word_1_220' title='bbox 3153 1034 3232 1097; x_wconf 81' lang='grc' dir='ltr'><strong>είς</strong></span> <span class='ocrx_word' id='word_1_221' title='bbox 3248 1034 3404 1088; x_wconf 87' lang='grc' dir='ltr'>τοῦτο</span> <span class='ocrx_word' id='word_1_222' title='bbox 3425 1038 3657 1108; x_wconf 78' lang='grc' dir='ltr'>σπουδὴ,</span> <span class='ocrx_word' id='word_1_223' title='bbox 3685 1039 3787 1108; x_wconf 83' lang='grc' dir='ltr'>τῆς</span> <span class='ocrx_word' id='word_1_224' title='bbox 3802 1040 3887 1093; x_wconf 80' lang='grc' dir='ltr'>διὰ</span> 
     </span>
    </p>
   </div>
   <div class='ocr_carea' id='block_1_31' title="bbox 2302 1114 3886 1195">
    <p class='ocr_par' dir='ltr' id='par_1_31' title="bbox 2302 1114 3886 1195">
     <span class='ocr_line' id='line_1_31' title="bbox 2302 1114 3886 1195; baseline 0.011 -29"><span class='ocrx_word' id='word_1_225' title='bbox 2302 1114 2540 1185; x_wconf 80' lang='grc' dir='ltr'><strong>Χριστοῦ</strong></span> <span class='ocrx_word' id='word_1_226' title='bbox 2590 1116 2816 1187; x_wconf 89' lang='grc' dir='ltr'>χάριτος</span> <span class='ocrx_word' id='word_1_227' title='bbox 2862 1119 2925 1171; x_wconf 86' lang='grc' dir='ltr'><strong>ού</strong></span> <span class='ocrx_word' id='word_1_228' title='bbox 2985 1122 3490 1195; x_wconf 83' lang='grc' dir='ltr'>προσειλημμὲνης,</span> <span class='ocrx_word' id='word_1_229' title='bbox 3523 1126 3886 1183; x_wconf 76' lang='grc' dir='ltr'>διαδείκνυσιν</span> 
     </span>
    </p>
   </div>
   <div class='ocr_carea' id='block_1_32' title="bbox 2302 1203 3888 1283">
    <p class='ocr_par' dir='ltr' id='par_1_32' title="bbox 2302 1203 3888 1283">
     <span class='ocr_line' id='line_1_32' title="bbox 2302 1203 3888 1283; baseline 0.009 -24"><span class='ocrx_word' id='word_1_230' title='bbox 2302 1203 2361 1260; x_wconf 78' lang='grc' dir='ltr'><strong>εὖ</strong></span> <span class='ocrx_word' id='word_1_231' title='bbox 2390 1208 2533 1277; x_wconf 85' lang='grc' dir='ltr'>μάλα</span> <span class='ocrx_word' id='word_1_232' title='bbox 2558 1210 2670 1261; x_wconf 78' lang='grc' dir='ltr'>τισὶ</span> <span class='ocrx_word' id='word_1_233' title='bbox 2701 1209 2999 1279; x_wconf 82' lang='grc' dir='ltr'>γεγραφὼς</span> <span class='ocrx_word' id='word_1_234' title='bbox 3019 1212 3048 1264; x_wconf 84' lang='grc' dir='ltr'>ὁ</span> <span class='ocrx_word' id='word_1_235' title='bbox 3068 1214 3346 1283; x_wconf 84' lang='grc' dir='ltr'>πάνσοφος</span> <span class='ocrx_word' id='word_1_236' title='bbox 3375 1216 3610 1281; x_wconf 79' lang='grc' dir='ltr'><strong>Παῦλος,</strong></span> <span class='ocrx_word' id='word_1_237' title='bbox 3641 1219 3728 1272; x_wconf 79' lang='grc' dir='ltr'>ὅτι</span> <span class='ocrx_word' id='word_1_238' title='bbox 3762 1221 3888 1273; x_wconf 81' lang='grc' dir='ltr'>σκύ-</span> 
     </span>
    </p>
   </div>
   <div class='ocr_carea' id='block_1_33' title="bbox 2301 1298 3886 1383">
    <p class='ocr_par' dir='ltr' id='par_1_33' title="bbox 2301 1298 3886 1383">
     <span class='ocr_line' id='line_1_33' title="bbox 2301 1298 3886 1383; baseline 0.009 -32"><span class='ocrx_word' id='word_1_239' title='bbox 2301 1298 2441 1352; x_wconf 74' lang='grc' dir='ltr'>ϐαλα</span> <span class='ocrx_word' id='word_1_240' title='bbox 2479 1299 2579 1368; x_wconf 82' lang='grc' dir='ltr'>μὲν</span> <span class='ocrx_word' id='word_1_241' title='bbox 2608 1301 2855 1371; x_wconf 83' lang='grc' dir='ltr'>ἡγήσατο</span> <span class='ocrx_word' id='word_1_242' title='bbox 2899 1303 2967 1357; x_wconf 85' lang='grc' dir='ltr'>τὰ</span> <span class='ocrx_word' id='word_1_243' title='bbox 3006 1306 3065 1358; x_wconf 88' lang='grc' dir='ltr'><strong>ἐν</strong></span> <span class='ocrx_word' id='word_1_244' title='bbox 3092 1305 3241 1375; x_wconf 86' lang='grc' dir='ltr'>νόμῳ</span> <span class='ocrx_word' id='word_1_245' title='bbox 3272 1307 3472 1373; x_wconf 88' lang='grc' dir='ltr'>πάντα,</span> <span class='ocrx_word' id='word_1_246' title='bbox 3520 1311 3606 1364; x_wconf 85' lang='grc' dir='ltr'>ἴνα</span> <span class='ocrx_word' id='word_1_247' title='bbox 3652 1312 3886 1383; x_wconf 78' lang='grc' dir='ltr'>Χριστὸν</span> 
     </span>
    </p>
   </div>
   <div class='ocr_carea' id='block_1_34' title="bbox 2301 1388 3885 1472">
    <p class='ocr_par' dir='ltr' id='par_1_34' title="bbox 2301 1388 3885 1472">
     <span class='ocr_line' id='line_1_34' title="bbox 2301 1388 3885 1472; baseline 0.011 -33"><span class='ocrx_word' id='word_1_248' title='bbox 2301 1388 2557 1460; x_wconf 80' lang='grc' dir='ltr'>κερδάνῃ,</span> <span class='ocrx_word' id='word_1_249' title='bbox 2603 1392 2698 1442; x_wconf 82' lang='grc' dir='ltr'>καὶ</span> <span class='ocrx_word' id='word_1_250' title='bbox 2744 1391 2945 1464; x_wconf 79' lang='grc' dir='ltr'>εὑρεθῇ</span> <span class='ocrx_word' id='word_1_251' title='bbox 2998 1395 3057 1447; x_wconf 91' lang='grc' dir='ltr'><strong>ἐν</strong></span> <span class='ocrx_word' id='word_1_252' title='bbox 3102 1395 3251 1466; x_wconf 82' lang='grc' dir='ltr'>αύτῷ</span> <span class='ocrx_word' id='word_1_253' title='bbox 3289 1398 3364 1469; x_wconf 81' lang='grc' dir='ltr'>μὴ</span> <span class='ocrx_word' id='word_1_254' title='bbox 3393 1398 3531 1469; x_wconf 80' lang='grc' dir='ltr'>ἔχων</span> <span class='ocrx_word' id='word_1_255' title='bbox 3584 1402 3687 1472; x_wconf 75' lang='grc' dir='ltr'><strong>τὴν</strong></span> <span class='ocrx_word' id='word_1_256' title='bbox 3726 1402 3885 1456; x_wconf 77' lang='grc' dir='ltr'>αὑτοῦ</span> 
     </span>
    </p>
   </div>
   <div class='ocr_carea' id='block_1_35' title="bbox 2300 1475 3885 1563">
    <p class='ocr_par' dir='ltr' id='par_1_35' title="bbox 2300 1475 3885 1563">
     <span class='ocr_line' id='line_1_35' title="bbox 2300 1475 3885 1563; baseline 0.012 -34"><span class='ocrx_word' id='word_1_257' title='bbox 2300 1475 2682 1547; x_wconf 84' lang='grc' dir='ltr'>δικαιοσύνην,</span> <span class='ocrx_word' id='word_1_258' title='bbox 2716 1482 2994 1543; x_wconf 83' lang='grc' dir='ltr'>τουτέστι.</span> <span class='ocrx_word' id='word_1_259' title='bbox 3030 1483 3128 1551; x_wconf 78' lang='grc' dir='ltr'><strong>τὴν</strong></span> <span class='ocrx_word' id='word_1_260' title='bbox 3176 1487 3233 1538; x_wconf 88' lang='grc' dir='ltr'><strong>ἐν</strong></span> <span class='ocrx_word' id='word_1_261' title='bbox 3266 1488 3435 1559; x_wconf 83' lang='grc' dir='ltr'>νόμῳ,</span> <span class='ocrx_word' id='word_1_262' title='bbox 3480 1491 3616 1544; x_wconf 79' lang='grc' dir='ltr'>ἀλλὰ</span> <span class='ocrx_word' id='word_1_263' title='bbox 3652 1494 3756 1563; x_wconf 78' lang='grc' dir='ltr'>τὴν</span> <span class='ocrx_word' id='word_1_264' title='bbox 3802 1493 3885 1548; x_wconf 76' lang='grc' dir='ltr'>διὰ</span> 
     </span>
    </p>
   </div>
   <div class='ocr_carea' id='block_1_36' title="bbox 2303 1566 3885 1653">
    <p class='ocr_par' dir='ltr' id='par_1_36' title="bbox 2303 1566 3885 1653">
     <span class='ocr_line' id='line_1_36' title="bbox 2303 1566 3885 1653; baseline 0.011 -33"><span class='ocrx_word' id='word_1_265' title='bbox 2303 1566 2539 1630; x_wconf 83' lang='grc' dir='ltr'>πίστεως</span> <span class='ocrx_word' id='word_1_266' title='bbox 2571 1567 2745 1639; x_wconf 87' lang='grc' dir='ltr'>Ἰησοῦ</span> <span class='ocrx_word' id='word_1_267' title='bbox 2778 1571 3039 1642; x_wconf 88' lang='grc' dir='ltr'>Χριστοῦ.</span> <span class='ocrx_word' id='word_1_268' title='bbox 3084 1575 3356 1646; x_wconf 75' lang='grc' dir='ltr'>Γράφεται</span> <span class='ocrx_word' id='word_1_269' title='bbox 3388 1579 3445 1632; x_wconf 82' lang='grc' dir='ltr'>δὲ</span> <span class='ocrx_word' id='word_1_270' title='bbox 3478 1580 3671 1653; x_wconf 82' lang='grc' dir='ltr'>ὥσπερ</span> <span class='ocrx_word' id='word_1_271' title='bbox 3703 1585 3885 1647; x_wconf 83' lang='grc' dir='ltr'>ἀνοίας</span> 
     </span>
    </p>
   </div>
   <div class='ocr_carea' id='block_1_37' title="bbox 2301 1658 3887 1744">
    <p class='ocr_par' dir='ltr' id='par_1_37' title="bbox 2301 1658 3887 1744">
     <span class='ocr_line' id='line_1_37' title="bbox 2301 1658 3887 1744; baseline 0.013 -36"><span class='ocrx_word' id='word_1_272' title='bbox 2301 1658 2427 1720; x_wconf 80' lang='grc' dir='ltr'>τοὺς</span> <span class='ocrx_word' id='word_1_273' title='bbox 2459 1659 2774 1725; x_wconf 84' lang='grc' dir='ltr'>Ἰουδαίους,</span> <span class='ocrx_word' id='word_1_274' title='bbox 2813 1661 2956 1715; x_wconf 78' lang='grc' dir='ltr'>οὕτω</span> <span class='ocrx_word' id='word_1_275' title='bbox 2988 1663 3182 1732; x_wconf 83' lang='grc' dir='ltr'>λέγων·</span> <span class='ocrx_word' id='word_1_276' title='bbox 3228 1685 3247 1717; x_wconf 82' lang='grc' dir='ltr'><strong>ι</strong></span> <span class='ocrx_word' id='word_1_277' title='bbox 3289 1667 3636 1735; x_wconf 82' lang='grc' dir='ltr'>Ἀγνοοῦντες</span> <span class='ocrx_word' id='word_1_278' title='bbox 3652 1674 3765 1744; x_wconf 78' lang='grc' dir='ltr'>γὰρ</span> <span class='ocrx_word' id='word_1_279' title='bbox 3792 1675 3887 1744; x_wconf 73' lang='grc' dir='ltr'><strong>τὴν</strong></span> 
     </span>
    </p>
   </div>
   <div class='ocr_carea' id='block_1_38' title="bbox 2302 1746 3886 1833">
    <p class='ocr_par' dir='ltr' id='par_1_38' title="bbox 2302 1746 3886 1833">
     <span class='ocr_line' id='line_1_38' title="bbox 2302 1746 3886 1833; baseline 0.012 -34"><span class='ocrx_word' id='word_1_280' title='bbox 2302 1746 2396 1800; x_wconf 91' lang='grc' dir='ltr'><strong>τοῦ</strong></span> <span class='ocrx_word' id='word_1_281' title='bbox 2419 1749 2553 1801; x_wconf 87' lang='grc' dir='ltr'>Θεοῦ</span> <span class='ocrx_word' id='word_1_282' title='bbox 2574 1750 2942 1823; x_wconf 86' lang='grc' dir='ltr'>δικαιοσύνην,</span> <span class='ocrx_word' id='word_1_283' title='bbox 2969 1754 3064 1807; x_wconf 76' lang='grc' dir='ltr'><strong>καὶ</strong></span> <span class='ocrx_word' id='word_1_284' title='bbox 3087 1757 3189 1827; x_wconf 81' lang='grc' dir='ltr'><strong>τὴν</strong></span> <span class='ocrx_word' id='word_1_285' title='bbox 3217 1758 3349 1812; x_wconf 76' lang='grc' dir='ltr'>ἰδίαν</span> <span class='ocrx_word' id='word_1_286' title='bbox 3372 1762 3667 1831; x_wconf 80' lang='grc' dir='ltr'>ζητοῦντες</span> <span class='ocrx_word' id='word_1_287' title='bbox 3691 1764 3886 1833; x_wconf 78' lang='grc' dir='ltr'>στῆσαι</span> 
     </span>
    </p>
   </div>
   <div class='ocr_carea' id='block_1_39' title="bbox 2301 1840 3885 1926">
    <p class='ocr_par' dir='ltr' id='par_1_39' title="bbox 2301 1840 3885 1926">
     <span class='ocr_line' id='line_1_39' title="bbox 2301 1840 3885 1926; baseline 0.012 -35"><span class='ocrx_word' id='word_1_288' title='bbox 2301 1841 2368 1909; x_wconf 84' lang='grc' dir='ltr'>τῇ</span> <span class='ocrx_word' id='word_1_289' title='bbox 2396 1840 2709 1915; x_wconf 79' lang='grc' dir='ltr'>δικαιοσύνῃ</span> <span class='ocrx_word' id='word_1_290' title='bbox 2742 1845 2837 1926; x_wconf 88' lang='grc' dir='ltr'><strong>τοῦ</strong></span> <span class='ocrx_word' id='word_1_291' title='bbox 2874 1844 3010 1899; x_wconf 85' lang='grc' dir='ltr'>Θεοῦ</span> <span class='ocrx_word' id='word_1_292' title='bbox 3040 1848 3139 1918; x_wconf 83' lang='grc' dir='ltr'>οὐχ</span> <span class='ocrx_word' id='word_1_293' title='bbox 3171 1850 3545 1923; x_wconf 83' lang='grc' dir='ltr'>ὑπετάγησαν.</span> <span class='ocrx_word' id='word_1_294' title='bbox 3579 1856 3751 1918; x_wconf 81' lang='grc' dir='ltr'>Τέλος</span> <span class='ocrx_word' id='word_1_295' title='bbox 3783 1858 3885 1926; x_wconf 75' lang='grc' dir='ltr'><strong>γάρ</strong></span> 
     </span>
    </p>
   </div>
   <div class='ocr_carea' id='block_1_40' title="bbox 2302 1925 3881 2013">
    <p class='ocr_par' dir='ltr' id='par_1_40' title="bbox 2302 1925 3881 2013">
     <span class='ocr_line' id='line_1_40' title="bbox 2302 1925 3881 2013; baseline 0.007 -28"><span class='ocrx_word' id='word_1_296' title='bbox 2302 1932 2468 2002; x_wconf 88' lang='grc' dir='ltr'>νόμου</span> <span class='ocrx_word' id='word_1_297' title='bbox 2494 1934 2731 2004; x_wconf 79' lang='grc' dir='ltr'>Χριστὸς</span> <span class='ocrx_word' id='word_1_298' title='bbox 2752 1925 2832 1999; x_wconf 62' lang='lat' dir='ltr'><strong>sic}</strong></span> <span class='ocrx_word' id='word_1_299' title='bbox 2851 1937 3202 2009; x_wconf 86' lang='grc' dir='ltr'>δικαιοσύνην</span> <span class='ocrx_word' id='word_1_300' title='bbox 3230 1944 3392 1995; x_wconf 78' lang='grc' dir='ltr'>παντὶ</span> <span class='ocrx_word' id='word_1_301' title='bbox 3413 1944 3491 2013; x_wconf 85' lang='grc' dir='ltr'>τῷ</span> <span class='ocrx_word' id='word_1_302' title='bbox 3514 1925 3881 1999; x_wconf 54' lang='grc' dir='ltr'>πιστεύονται</span> 
     </span>
    </p>
   </div>
   <div class='ocr_carea' id='block_1_41' title="bbox 2305 2021 3889 2102">
    <p class='ocr_par' dir='ltr' id='par_1_41' title="bbox 2305 2021 3889 2102">
     <span class='ocr_line' id='line_1_41' title="bbox 2305 2021 3889 2102; baseline 0.011 -31"><span class='ocrx_word' id='word_1_303' title='bbox 2305 2022 2452 2090; x_wconf 84' lang='grc' dir='ltr'><strong>Ἔφη</strong></span> <span class='ocrx_word' id='word_1_304' title='bbox 2479 2021 2535 2077; x_wconf 76' lang='grc' dir='ltr'>δὲ</span> <span class='ocrx_word' id='word_1_305' title='bbox 2567 2022 2760 2077; x_wconf 76' lang='grc' dir='ltr'>πάλινο</span> <span class='ocrx_word' id='word_1_306' title='bbox 2802 2043 2821 2077; x_wconf 86' lang='grc' dir='ltr'><strong>ι</strong></span> <span class='ocrx_word' id='word_1_307' title='bbox 2854 2026 3045 2098; x_wconf 84' lang='grc' dir='ltr'>Ἡμεῖς</span> <span class='ocrx_word' id='word_1_308' title='bbox 3078 2028 3237 2097; x_wconf 84' lang='grc' dir='ltr'>φύσει</span> <span class='ocrx_word' id='word_1_309' title='bbox 3278 2031 3539 2100; x_wconf 83' lang='grc' dir='ltr'>Ἰουδαῖοι,</span> <span class='ocrx_word' id='word_1_310' title='bbox 3572 2036 3671 2089; x_wconf 72' lang='grc' dir='ltr'>καὶ</span> <span class='ocrx_word' id='word_1_311' title='bbox 3703 2037 3805 2089; x_wconf 77' lang='grc' dir='ltr'><strong>οὐκ</strong></span> <span class='ocrx_word' id='word_1_312' title='bbox 3834 2036 3889 2102; x_wconf 74' lang='grc' dir='ltr'>ἐξ</span> 
     </span>
    </p>
   </div>
   <div class='ocr_carea' id='block_1_42' title="bbox 2300 2110 3891 2184">
    <p class='ocr_par' dir='ltr' id='par_1_42' title="bbox 2300 2110 3891 2184">
     <span class='ocr_line' id='line_1_42' title="bbox 2300 2110 3891 2184; baseline 0.011 -21"><span class='ocrx_word' id='word_1_313' title='bbox 2300 2110 2472 2165; x_wconf 84' lang='grc' dir='ltr'>ἐθνῶν</span> <span class='ocrx_word' id='word_1_314' title='bbox 2517 2113 2865 2184; x_wconf 74' lang='grc' dir='ltr'>ἁμαρτωλοίο</span> <span class='ocrx_word' id='word_1_315' title='bbox 2905 2118 3109 2183; x_wconf 75' lang='grc' dir='ltr'>ειδότες</span> <span class='ocrx_word' id='word_1_316' title='bbox 3136 2120 3195 2175; x_wconf 87' lang='grc' dir='ltr'><strong>δέ</strong></span> <span class='ocrx_word' id='word_1_317' title='bbox 3235 2122 3317 2174; x_wconf 80' lang='grc' dir='ltr'>ὅτι</span> <span class='ocrx_word' id='word_1_318' title='bbox 3348 2124 3408 2176; x_wconf 83' lang='grc' dir='ltr'><strong>οὐ</strong></span> <span class='ocrx_word' id='word_1_319' title='bbox 3443 2125 3758 2181; x_wconf 83' lang='grc' dir='ltr'>δικαιοῦται</span> <span class='ocrx_word' id='word_1_320' title='bbox 3801 2128 3891 2180; x_wconf 78' lang='grc' dir='ltr'>άν-</span> 
     </span>
    </p>
   </div>
   <div class='ocr_carea' id='block_1_43' title="bbox 2301 2202 3887 2288">
    <p class='ocr_par' dir='ltr' id='par_1_43' title="bbox 2301 2202 3887 2288">
     <span class='ocr_line' id='line_1_43' title="bbox 2301 2202 3887 2288; baseline 0.011 -33"><span class='ocrx_word' id='word_1_321' title='bbox 2301 2202 2523 2275; x_wconf 86' lang='grc' dir='ltr'>θρωπος</span> <span class='ocrx_word' id='word_1_322' title='bbox 2550 2205 2609 2272; x_wconf 84' lang='grc' dir='ltr'><strong>ἐξ</strong></span> <span class='ocrx_word' id='word_1_323' title='bbox 2636 2205 2814 2276; x_wconf 76' lang='grc' dir='ltr'>ἔργων</span> <span class='ocrx_word' id='word_1_324' title='bbox 2851 2208 3039 2280; x_wconf 86' lang='grc' dir='ltr'>νόμου,</span> <span class='ocrx_word' id='word_1_325' title='bbox 3073 2211 3169 2264; x_wconf 83' lang='grc' dir='ltr'>ἐὰν</span> <span class='ocrx_word' id='word_1_326' title='bbox 3200 2212 3276 2284; x_wconf 82' lang='grc' dir='ltr'>μὴ</span> <span class='ocrx_word' id='word_1_327' title='bbox 3304 2213 3394 2266; x_wconf 80' lang='grc' dir='ltr'><strong>διὰ</strong></span> <span class='ocrx_word' id='word_1_328' title='bbox 3434 2215 3674 2281; x_wconf 82' lang='grc' dir='ltr'>πίστεως</span> <span class='ocrx_word' id='word_1_329' title='bbox 3718 2219 3887 2288; x_wconf 75' lang='grc' dir='ltr'>Ἰησοῦ</span> 
     </span>
    </p>
   </div>
   <div class='ocr_carea' id='block_1_44' title="bbox 612 2289 3887 2383">
    <p class='ocr_par' dir='ltr' id='par_1_44' title="bbox 612 2289 3887 2383">
     <span class='ocr_line' id='line_1_44' title="bbox 612 2289 3887 2383; baseline 0.008 -40"><span class='ocrx_word' id='word_1_330' title='bbox 612 2289 874 2361; x_wconf 83' lang='grc' dir='ltr'>Χριστοῦ,</span> <span class='ocrx_word' id='word_1_331' title='bbox 900 2290 993 2342; x_wconf 72' lang='grc' dir='ltr'><strong>καὶ</strong></span> <span class='ocrx_word' id='word_1_332' title='bbox 1028 2292 1191 2361; x_wconf 79' lang='grc' dir='ltr'>ἡμεῖς</span> <span class='ocrx_word' id='word_1_333' title='bbox 1216 2291 1296 2353; x_wconf 87' lang='grc' dir='ltr'>εἰς</span> <span class='ocrx_word' id='word_1_334' title='bbox 1354 2291 1592 2362; x_wconf 85' lang='grc' dir='ltr'>Χριστὸν</span> <span class='ocrx_word' id='word_1_335' title='bbox 1630 2292 2055 2365; x_wconf 84' lang='grc' dir='ltr'>ἐπιστεύσαμεν.</span> <span class='ocrx_word' id='word_1_336' title='bbox 2088 2312 2107 2347; x_wconf 81' lang='grc' dir='ltr'><strong>ι</strong></span> <span class='ocrx_word' id='word_1_337' title='bbox 2149 2297 2551 2369; x_wconf 78' lang='grc' dir='ltr'>Κεχρημάτικε</span> <span class='ocrx_word' id='word_1_338' title='bbox 2607 2299 2664 2353; x_wconf 88' lang='grc' dir='ltr'><strong>δέ</strong></span> <span class='ocrx_word' id='word_1_339' title='bbox 2694 2300 2784 2354; x_wconf 82' lang='grc' dir='ltr'>διὰ</span> <span class='ocrx_word' id='word_1_340' title='bbox 2835 2302 2997 2358; x_wconf 82' lang='grc' dir='ltr'>τοῦτο</span> <span class='ocrx_word' id='word_1_341' title='bbox 3024 2306 3242 2377; x_wconf 84' lang='grc' dir='ltr'>κατάρα</span> <span class='ocrx_word' id='word_1_342' title='bbox 3258 2308 3512 2378; x_wconf 81' lang='grc' dir='ltr'>Χριστὸς,</span> <span class='ocrx_word' id='word_1_343' title='bbox 3549 2312 3637 2366; x_wconf 86' lang='grc' dir='ltr'><strong>ῖνα</strong></span> <span class='ocrx_word' id='word_1_344' title='bbox 3671 2313 3773 2383; x_wconf 78' lang='grc' dir='ltr'>τῆς</span> <span class='ocrx_word' id='word_1_345' title='bbox 3797 2316 3887 2367; x_wconf 83' lang='grc' dir='ltr'><strong>τοῦ</strong></span> 
     </span>
    </p>
   </div>
   <div class='ocr_carea' id='block_1_45' title="bbox 612 2380 2227 2457">
    <p class='ocr_par' dir='ltr' id='par_1_45' title="bbox 612 2380 2227 2457">
     <span class='ocr_line' id='line_1_45' title="bbox 612 2380 2227 2457; baseline 0.002 -21"><span class='ocrx_word' id='word_1_346' title='bbox 612 2383 775 2452; x_wconf 74' lang='grc' dir='ltr'>νόμον</span> <span class='ocrx_word' id='word_1_347' title='bbox 803 2381 1049 2452; x_wconf 85' lang='grc' dir='ltr'>κατάρας</span> <span class='ocrx_word' id='word_1_348' title='bbox 1099 2380 1348 2452; x_wconf 78' lang='grc' dir='ltr'><strong>ἐξέληται</strong></span> <span class='ocrx_word' id='word_1_349' title='bbox 1374 2384 1501 2447; x_wconf 81' lang='grc' dir='ltr'>τοὺς</span> <span class='ocrx_word' id='word_1_350' title='bbox 1556 2384 1649 2437; x_wconf 82' lang='grc' dir='ltr'>ὑπ’</span> <span class='ocrx_word' id='word_1_351' title='bbox 1719 2385 1857 2457; x_wconf 80' lang='grc' dir='ltr'>αὐτῇ</span> <span class='ocrx_word' id='word_1_352' title='bbox 1900 2388 2227 2455; x_wconf 84' lang='grc' dir='ltr'>γεγονότας·</span> 
     </span>
    </p>
   </div>
   <div class='ocr_carea' id='block_1_46' title="bbox 2305 2390 3888 2469">
    <p class='ocr_par' dir='ltr' id='par_1_46' title="bbox 2305 2390 3888 2469">
     <span class='ocr_line' id='line_1_46' title="bbox 2305 2390 3888 2469; baseline 0.011 -26"><span class='ocrx_word' id='word_1_353' title='bbox 2305 2390 2619 2462; x_wconf 81' lang='grc' dir='ltr'>γέγραπται</span> <span class='ocrx_word' id='word_1_354' title='bbox 2650 2392 2759 2465; x_wconf 83' lang='grc' dir='ltr'><strong>γὰρ</strong></span> <span class='ocrx_word' id='word_1_355' title='bbox 2788 2435 2802 2459; x_wconf 88' lang='grc'><strong>,</strong></span> <span class='ocrx_word' id='word_1_356' title='bbox 2831 2395 2915 2448; x_wconf 82' lang='grc' dir='ltr'>ὅτι</span> <span class='ocrx_word' id='word_1_357' title='bbox 2942 2414 2961 2446; x_wconf 84' lang='grc' dir='ltr'><strong>ι</strong></span> <span class='ocrx_word' id='word_1_358' title='bbox 3006 2395 3440 2469; x_wconf 80' lang='grc' dir='ltr'>Ἐπικατάρατος</span> <span class='ocrx_word' id='word_1_359' title='bbox 3486 2404 3629 2465; x_wconf 78' lang='grc' dir='ltr'>πᾶς,</span> <span class='ocrx_word' id='word_1_360' title='bbox 3677 2405 3740 2467; x_wconf 85' lang='grc' dir='ltr'>ὃς</span> <span class='ocrx_word' id='word_1_361' title='bbox 3792 2409 3888 2462; x_wconf 77' lang='grc' dir='ltr'>οὐκ</span> 
     </span>
    </p>
   </div>
   <div class='ocr_carea' id='block_1_47' title="bbox 610 2476 3293 2560">
    <p class='ocr_par' dir='ltr' id='par_1_47' title="bbox 610 2476 3293 2560">
     <span class='ocr_line' id='line_1_47' title="bbox 610 2476 3293 2560; baseline 0.005 -30"><span class='ocrx_word' id='word_1_362' title='bbox 610 2476 839 2549; x_wconf 77' lang='grc' dir='ltr'>ἐμμένει</span> <span class='ocrx_word' id='word_1_363' title='bbox 877 2477 1011 2529; x_wconf 78' lang='grc' dir='ltr'>πᾶσι</span> <span class='ocrx_word' id='word_1_364' title='bbox 1064 2477 1177 2539; x_wconf 89' lang='grc' dir='ltr'>τοῖς</span> <span class='ocrx_word' id='word_1_365' title='bbox 1215 2478 1627 2548; x_wconf 83' lang='grc' dir='ltr'>γεγραμμένοις</span> <span class='ocrx_word' id='word_1_366' title='bbox 1680 2480 1739 2531; x_wconf 83' lang='grc' dir='ltr'><strong>ἐν</strong></span> <span class='ocrx_word' id='word_1_367' title='bbox 1782 2480 1860 2550; x_wconf 85' lang='grc' dir='ltr'>τῷ</span> <span class='ocrx_word' id='word_1_368' title='bbox 1898 2479 2048 2551; x_wconf 82' lang='grc' dir='ltr'>νόμῳ</span> <span class='ocrx_word' id='word_1_369' title='bbox 2094 2479 2187 2534; x_wconf 88' lang='grc' dir='ltr'><strong>τοῦ</strong></span> <span class='ocrx_word' id='word_1_370' title='bbox 2228 2481 2436 2551; x_wconf 81' lang='grc' dir='ltr'>βιϐλίου</span> <span class='ocrx_word' id='word_1_371' title='bbox 2464 2485 2681 2552; x_wconf 87' lang='grc' dir='ltr'>τούτου,</span> <span class='ocrx_word' id='word_1_372' title='bbox 2707 2486 2802 2541; x_wconf 87' lang='grc' dir='ltr'><strong>τοῦ</strong></span> <span class='ocrx_word' id='word_1_373' title='bbox 2829 2489 3055 2560; x_wconf 79' lang='grc' dir='ltr'>ποιῆσαι</span> <span class='ocrx_word' id='word_1_374' title='bbox 3085 2491 3243 2547; x_wconf 84' lang='grc' dir='ltr'>αὑτά.</span> <span class='ocrx_word' id='word_1_375' title='bbox 3273 2511 3293 2544; x_wconf 74' lang='grc' dir='ltr'><strong>ι</strong></span> 
     </span>
    </p>
   </div>
   <div class='ocr_carea' id='block_1_48' title="bbox 756 2566 2199 2641">
    <p class='ocr_par' dir='ltr' id='par_1_48' title="bbox 756 2566 2199 2641">
     <span class='ocr_line' id='line_1_48' title="bbox 756 2566 2199 2641; baseline 0.002 -19"><span class='ocrx_word' id='word_1_376' title='bbox 756 2568 916 2622; x_wconf 71' lang='lat' dir='ltr'><strong>Vsus.</strong></span> <span class='ocrx_word' id='word_1_377' title='bbox 957 2566 1148 2620; x_wconf 62' lang='lat' dir='ltr'><strong>2l-24.</strong></span> <span class='ocrx_word' id='word_1_378' title='bbox 1222 2568 1287 2620; x_wconf 75' lang='lat' dir='ltr'><strong>Et</strong></span> <span class='ocrx_word' id='word_1_379' title='bbox 1352 2569 1688 2637; x_wconf 68' lang='lat' dir='ltr'><strong>aediﬁcabant</strong></span> <span class='ocrx_word' id='word_1_380' title='bbox 1752 2571 1955 2636; x_wconf 86' lang='lat' dir='ltr'><strong>domos,</strong></span> <span class='ocrx_word' id='word_1_381' title='bbox 2006 2581 2054 2626; x_wconf 88' lang='lat' dir='ltr'><strong>et</strong></span> <span class='ocrx_word' id='word_1_382' title='bbox 2096 2572 2199 2641; x_wconf 86' lang='lat' dir='ltr'><strong>ipsi</strong></span> 
     </span>
    </p>
   </div>
   <div class='ocr_carea' id='block_1_49' title="bbox 608 2658 2195 2731">
    <p class='ocr_par' dir='ltr' id='par_1_49' title="bbox 608 2658 2195 2731">
     <span class='ocr_line' id='line_1_49' title="bbox 608 2658 2195 2731; baseline 0.004 -19"><span class='ocrx_word' id='word_1_383' title='bbox 608 2659 1016 2721; x_wconf 77' lang='lat' dir='ltr'><strong>inhabitabant;</strong></span> <span class='ocrx_word' id='word_1_384' title='bbox 1055 2658 1365 2725; x_wconf 86' lang='lat' dir='ltr'><strong>plantabuut</strong></span> <span class='ocrx_word' id='word_1_385' title='bbox 1431 2661 1628 2727; x_wconf 76' lang='lat' dir='ltr'><strong>vineas,</strong></span> <span class='ocrx_word' id='word_1_386' title='bbox 1671 2671 1719 2715; x_wconf 87' lang='lat' dir='ltr'><strong>et</strong></span> <span class='ocrx_word' id='word_1_387' title='bbox 1781 2664 1882 2731; x_wconf 89' lang='lat' dir='ltr'><strong>ipsi</strong></span> <span class='ocrx_word' id='word_1_388' title='bbox 1927 2663 2195 2718; x_wconf 82' lang='lat' dir='ltr'><strong>comedent</strong></span> 
     </span>
    </p>
   </div>
   <div class='ocr_carea' id='block_1_50' title="bbox 608 2750 2193 2819">
    <p class='ocr_par' dir='ltr' id='par_1_50' title="bbox 608 2750 2193 2819">
     <span class='ocr_line' id='line_1_50' title="bbox 608 2750 2193 2819; baseline 0.001 -15"><span class='ocrx_word' id='word_1_389' title='bbox 608 2754 839 2818; x_wconf 74' lang='lat' dir='ltr'><strong>fructum</strong></span> <span class='ocrx_word' id='word_1_390' title='bbox 895 2767 1098 2804; x_wconf 86' lang='lat' dir='ltr'><strong>earum.</strong></span> <span class='ocrx_word' id='word_1_391' title='bbox 1144 2750 1209 2802; x_wconf 83' lang='lat' dir='ltr'><strong>Et</strong></span> <span class='ocrx_word' id='word_1_392' title='bbox 1267 2767 1371 2804; x_wconf 88' lang='lat' dir='ltr'><strong>non</strong></span> <span class='ocrx_word' id='word_1_393' title='bbox 1433 2752 1796 2819; x_wconf 73' lang='lat' dir='ltr'><strong>wdiﬁcabunt,</strong></span> <span class='ocrx_word' id='word_1_394' title='bbox 1843 2762 1890 2807; x_wconf 89' lang='lat' dir='ltr'><strong>et</strong></span> <span class='ocrx_word' id='word_1_395' title='bbox 1951 2753 2045 2807; x_wconf 83' lang='lat' dir='ltr'><strong>alii</strong></span> <span class='ocrx_word' id='word_1_396' title='bbox 2110 2754 2193 2806; x_wconf 88' lang='lat' dir='ltr'><strong>in-</strong></span> 
     </span>
    </p>
   </div>
   <div class='ocr_carea' id='block_1_51' title="bbox 606 2843 2190 2914">
    <p class='ocr_par' dir='ltr' id='par_1_51' title="bbox 606 2843 2190 2914">
     <span class='ocr_line' id='line_1_51' title="bbox 606 2843 2190 2914; baseline 0.003 -19"><span class='ocrx_word' id='word_1_397' title='bbox 606 2844 965 2907; x_wconf 72' lang='lat' dir='ltr'><strong>habitabant;</strong></span> <span class='ocrx_word' id='word_1_398' title='bbox 1005 2854 1051 2897; x_wconf 84' lang='lat' dir='ltr'><strong>et</strong></span> <span class='ocrx_word' id='word_1_399' title='bbox 1110 2860 1212 2895; x_wconf 85' lang='lat' dir='ltr'><strong>non</strong></span> <span class='ocrx_word' id='word_1_400' title='bbox 1259 2843 1591 2914; x_wconf 82' lang='lat' dir='ltr'><strong>plantabunt,</strong></span> <span class='ocrx_word' id='word_1_401' title='bbox 1643 2853 1692 2897; x_wconf 85' lang='lat' dir='ltr'><strong>et</strong></span> <span class='ocrx_word' id='word_1_402' title='bbox 1747 2843 1845 2896; x_wconf 83' lang='lat' dir='ltr'><strong>alii</strong></span> <span class='ocrx_word' id='word_1_403' title='bbox 1900 2844 2190 2900; x_wconf 83' lang='lat' dir='ltr'><strong>comedent.</strong></span> 
     </span>
    </p>
   </div>
   <div class='ocr_carea' id='block_1_52' title="bbox 609 2935 2190 3005">
    <p class='ocr_par' dir='ltr' id='par_1_52' title="bbox 609 2935 2190 3005">
     <span class='ocr_line' id='line_1_52' title="bbox 609 2935 2190 3005; baseline 0 -14"><span class='ocrx_word' id='word_1_404' title='bbox 609 2936 750 2991; x_wconf 80' lang='lat' dir='ltr'><strong>Nam</strong></span> <span class='ocrx_word' id='word_1_405' title='bbox 798 2948 850 2991; x_wconf 83' lang='lat' dir='ltr'><strong>ut</strong></span> <span class='ocrx_word' id='word_1_406' title='bbox 915 2937 1022 2990; x_wconf 87' lang='lat' dir='ltr'><strong>dies</strong></span> <span class='ocrx_word' id='word_1_407' title='bbox 1071 2935 1199 3005; x_wconf 84' lang='lat' dir='ltr'><strong>ligni</strong></span> <span class='ocrx_word' id='word_1_408' title='bbox 1256 2937 1397 3002; x_wconf 67' lang='lat' dir='ltr'><strong>vita,</strong></span> <span class='ocrx_word' id='word_1_409' title='bbox 1452 2945 1602 2990; x_wconf 84' lang='lat' dir='ltr'><strong>erunt</strong></span> <span class='ocrx_word' id='word_1_410' title='bbox 1655 2936 1766 2989; x_wconf 85' lang='lat' dir='ltr'><strong>dies</strong></span> <span class='ocrx_word' id='word_1_411' title='bbox 1821 2936 2003 3005; x_wconf 79' lang='lat' dir='ltr'><strong>populi</strong></span> <span class='ocrx_word' id='word_1_412' title='bbox 2054 2937 2190 2991; x_wconf 85' lang='lat' dir='ltr'><strong>mei:</strong></span> 
     </span>
    </p>
   </div>
   <div class='ocr_carea' id='block_1_53' title="bbox 606 3024 2188 3097">
    <p class='ocr_par' dir='ltr' id='par_1_53' title="bbox 606 3024 2188 3097">
     <span class='ocr_line' id='line_1_53' title="bbox 606 3024 2188 3097; baseline -0.001 -13"><span class='ocrx_word' id='word_1_413' title='bbox 606 3045 763 3097; x_wconf 86' lang='lat' dir='ltr'><strong>opera</strong></span> <span class='ocrx_word' id='word_1_414' title='bbox 811 3045 1063 3083; x_wconf 82' lang='lat' dir='ltr'><strong>manuum</strong></span> <span class='ocrx_word' id='word_1_415' title='bbox 1109 3044 1327 3082; x_wconf 82' lang='lat' dir='ltr'><strong>suarum</strong></span> <span class='ocrx_word' id='word_1_416' title='bbox 1400 3028 1795 3081; x_wconf 79' lang='lat' dir='ltr'><strong>inveterascent.</strong></span> <span class='ocrx_word' id='word_1_417' title='bbox 1856 3024 2021 3080; x_wconf 86' lang='lat' dir='ltr'><strong>Electi</strong></span> <span class='ocrx_word' id='word_1_418' title='bbox 2085 3027 2188 3082; x_wconf 86' lang='lat' dir='ltr'><strong>mei</strong></span> 
     </span>
    </p>
   </div>
   <div class='ocr_carea' id='block_1_54' title="bbox 603 3117 2188 3187">
    <p class='ocr_par' dir='ltr' id='par_1_54' title="bbox 603 3117 2188 3187">
     <span class='ocr_line' id='line_1_54' title="bbox 603 3117 2188 3187; baseline -0.003 -11"><span class='ocrx_word' id='word_1_419' title='bbox 603 3137 711 3177; x_wconf 87' lang='lat' dir='ltr'><strong>non</strong></span> <span class='ocrx_word' id='word_1_420' title='bbox 741 3120 1054 3175; x_wconf 72' lang='lat' dir='ltr'><strong>laborabunt</strong></span> <span class='ocrx_word' id='word_1_421' title='bbox 1093 3121 1317 3187; x_wconf 78' lang='lat' dir='ltr'><strong>frustra,</strong></span> <span class='ocrx_word' id='word_1_422' title='bbox 1343 3134 1506 3187; x_wconf 86' lang='lat' dir='ltr'><strong>neque</strong></span> <span class='ocrx_word' id='word_1_423' title='bbox 1569 3118 1708 3185; x_wconf 80' lang='lat' dir='ltr'><strong>filios</strong></span> <span class='ocrx_word' id='word_1_424' title='bbox 1756 3117 2075 3187; x_wconf 81' lang='lat' dir='ltr'><strong>generabant</strong></span> <span class='ocrx_word' id='word_1_425' title='bbox 2130 3119 2188 3171; x_wconf 86' lang='lat' dir='ltr'><strong>in</strong></span> 
     </span>
    </p>
   </div>
   <div class='ocr_carea' id='block_1_55' title="bbox 602 3204 2186 3278">
    <p class='ocr_par' dir='ltr' id='par_1_55' title="bbox 602 3204 2186 3278">
     <span class='ocr_line' id='line_1_55' title="bbox 602 3204 2186 3278; baseline -0.001 -15"><span class='ocrx_word' id='word_1_426' title='bbox 602 3207 1025 3265; x_wconf 86' lang='lat' dir='ltr'><strong>maledictionem</strong></span> <span class='ocrx_word' id='word_1_427' title='bbox 1053 3224 1071 3261; x_wconf 87' lang='lat'><strong><em>:</em></strong></span> <span class='ocrx_word' id='word_1_428' title='bbox 1128 3208 1252 3277; x_wconf 87' lang='lat' dir='ltr'><strong>quia</strong></span> <span class='ocrx_word' id='word_1_429' title='bbox 1290 3204 1458 3278; x_wconf 53' lang='lat' dir='ltr'><strong>90E</strong></span> <span class='ocrx_word' id='word_1_430' title='bbox 1494 3222 1667 3261; x_wconf 80' lang='lat' dir='ltr'><strong>semen</strong></span> <span class='ocrx_word' id='word_1_431' title='bbox 1729 3206 2058 3261; x_wconf 82' lang='lat' dir='ltr'><strong>benedictum</strong></span> <span class='ocrx_word' id='word_1_432' title='bbox 2113 3216 2186 3261; x_wconf 82' lang='lat' dir='ltr'><strong>est</strong></span> 
     </span>
    </p>
   </div>
   <div class='ocr_carea' id='block_1_56' title="bbox 604 3297 2188 3368">
    <p class='ocr_par' dir='ltr' id='par_1_56' title="bbox 604 3297 2188 3368">
     <span class='ocr_line' id='line_1_56' title="bbox 604 3297 2188 3368; baseline -0.002 -14"><span class='ocrx_word' id='word_1_433' title='bbox 604 3316 638 3354; x_wconf 90' lang='lat' dir='ltr'><strong>a</strong></span> <span class='ocrx_word' id='word_1_434' title='bbox 702 3298 949 3353; x_wconf 87' lang='lat' dir='ltr'><strong>Domino.</strong></span> <span class='ocrx_word' id='word_1_435' title='bbox 1003 3297 1070 3351; x_wconf 81' lang='lat' dir='ltr'><strong>Et</strong></span> <span class='ocrx_word' id='word_1_436' title='bbox 1101 3298 1214 3367; x_wconf 81' lang='lat' dir='ltr'><strong>fiet,</strong></span> <span class='ocrx_word' id='word_1_437' title='bbox 1277 3308 1558 3368; x_wconf 86' lang='lat' dir='ltr'><strong>antequam</strong></span> <span class='ocrx_word' id='word_1_438' title='bbox 1619 3298 1846 3352; x_wconf 84' lang='lat' dir='ltr'><strong>clament</strong></span> <span class='ocrx_word' id='word_1_439' title='bbox 1908 3298 2029 3367; x_wconf 83' lang='lat' dir='ltr'><strong>ipsi,</strong></span> <span class='ocrx_word' id='word_1_440' title='bbox 2094 3313 2188 3367; x_wconf 86' lang='lat' dir='ltr'><strong>ego</strong></span> 
     </span>
    </p>
   </div>
   <div class='ocr_carea' id='block_1_57' title="bbox 601 3386 2188 3459">
    <p class='ocr_par' dir='ltr' id='par_1_57' title="bbox 601 3386 2188 3459">
     <span class='ocr_line' id='line_1_57' title="bbox 601 3386 2188 3459; baseline -0.001 -16"><span class='ocrx_word' id='word_1_441' title='bbox 601 3389 884 3443; x_wconf 68' lang='lat' dir='ltr'><strong>exaudiam</strong></span> <span class='ocrx_word' id='word_1_442' title='bbox 921 3405 1028 3443; x_wconf 86' lang='lat' dir='ltr'><strong>eos.</strong></span> <span class='ocrx_word' id='word_1_443' title='bbox 1072 3390 1255 3442; x_wconf 80' lang='lat' dir='ltr'><strong>Adhuc</strong></span> <span class='ocrx_word' id='word_1_444' title='bbox 1283 3387 1609 3459; x_wconf 81' lang='lat' dir='ltr'><strong>loquentibus</strong></span> <span class='ocrx_word' id='word_1_445' title='bbox 1637 3387 1777 3453; x_wconf 89' lang='lat' dir='ltr'><strong>illis,</strong></span> <span class='ocrx_word' id='word_1_446' title='bbox 1808 3386 1983 3441; x_wconf 82' lang='lat' dir='ltr'><strong>dicant</strong></span> <span class='ocrx_word' id='word_1_447' title='bbox 2003 3428 2020 3457; x_wconf 88' lang='lat'><strong>,</strong></span> <span class='ocrx_word' id='word_1_448' title='bbox 2062 3388 2188 3458; x_wconf 84' lang='lat' dir='ltr'><strong>quid</strong></span> 
     </span>
    </p>
   </div>
   <div class='ocr_carea' id='block_1_58' title="bbox 601 3481 727 3533">
    <p class='ocr_par' dir='ltr' id='par_1_58' title="bbox 601 3481 727 3533">
     <span class='ocr_line' id='line_1_58' title="bbox 601 3481 727 3533; baseline -0.008 0"><span class='ocrx_word' id='word_1_449' title='bbox 601 3491 674 3533; x_wconf 82' lang='lat' dir='ltr'><strong>est</strong></span> <span class='ocrx_word' id='word_1_450' title='bbox 702 3481 727 3532; x_wconf 79' lang='lat'><strong><em>7</em></strong></span> 
     </span>
    </p>
   </div>
   <div class='ocr_carea' id='block_1_59' title="bbox 672 3652 2187 3723">
    <p class='ocr_par' dir='ltr' id='par_1_59' title="bbox 672 3652 2187 3723">
     <span class='ocr_line' id='line_1_59' title="bbox 672 3652 2187 3723; baseline 0 -15"><span class='ocrx_word' id='word_1_451' title='bbox 672 3654 869 3709; x_wconf 87' lang='lat' dir='ltr'><strong>Pacem</strong></span> <span class='ocrx_word' id='word_1_452' title='bbox 900 3652 1006 3709; x_wconf 90' lang='lat' dir='ltr'><strong>illis</strong></span> <span class='ocrx_word' id='word_1_453' title='bbox 1053 3668 1175 3723; x_wconf 68' lang='lat' dir='ltr'><strong>quae</strong></span> <span class='ocrx_word' id='word_1_454' title='bbox 1203 3666 1310 3709; x_wconf 93' lang='lat' dir='ltr'><strong>non</strong></span> <span class='ocrx_word' id='word_1_455' title='bbox 1365 3652 1817 3719; x_wconf 86' lang='lat' dir='ltr'><strong>labelactabitur,</strong></span> <span class='ocrx_word' id='word_1_456' title='bbox 1874 3652 2187 3711; x_wconf 78' lang='lat' dir='ltr'><strong>misericor-</strong></span> 
     </span>
    </p>
   </div>
   <div class='ocr_carea' id='block_1_60' title="bbox 603 3744 2187 3816">
    <p class='ocr_par' dir='ltr' id='par_1_60' title="bbox 603 3744 2187 3816">
     <span class='ocr_line' id='line_1_60' title="bbox 603 3744 2187 3816; baseline -0.001 -14"><span class='ocrx_word' id='word_1_457' title='bbox 603 3747 773 3811; x_wconf 86' lang='lat' dir='ltr'><strong>diam,</strong></span> <span class='ocrx_word' id='word_1_458' title='bbox 827 3745 1303 3816; x_wconf 89' lang='lat' dir='ltr'><strong>propitiationem,</strong></span> <span class='ocrx_word' id='word_1_459' title='bbox 1340 3745 1643 3801; x_wconf 89' lang='lat' dir='ltr'><strong>bonitatem</strong></span> <span class='ocrx_word' id='word_1_460' title='bbox 1690 3754 1749 3800; x_wconf 89' lang='lat' dir='ltr'><strong>et</strong></span> <span class='ocrx_word' id='word_1_461' title='bbox 1794 3744 2187 3801; x_wconf 85' lang='lat' dir='ltr'><strong>humanitatem</strong></span> 
     </span>
    </p>
   </div>
   <div class='ocr_carea' id='block_1_61' title="bbox 600 3834 2190 3908">
    <p class='ocr_par' dir='ltr' id='par_1_61' title="bbox 600 3834 2190 3908">
     <span class='ocr_line' id='line_1_61' title="bbox 600 3834 2190 3908; baseline 0.001 -15"><span class='ocrx_word' id='word_1_462' title='bbox 600 3836 960 3908; x_wconf 74' lang='lat' dir='ltr'><strong>adpromittit.</strong></span> <span class='ocrx_word' id='word_1_463' title='bbox 1000 3836 1311 3908; x_wconf 81' lang='lat' dir='ltr'><strong>Antiquitus</strong></span> <span class='ocrx_word' id='word_1_464' title='bbox 1342 3836 1486 3892; x_wconf 89' lang='lat' dir='ltr'><strong>enim</strong></span> <span class='ocrx_word' id='word_1_465' title='bbox 1519 3850 1583 3892; x_wconf 79' lang='lat' dir='ltr'><strong>ex</strong></span> <span class='ocrx_word' id='word_1_466' title='bbox 1611 3836 1877 3905; x_wconf 75' lang='lat' dir='ltr'><strong>sanguine</strong></span> <span class='ocrx_word' id='word_1_467' title='bbox 1895 3835 2061 3891; x_wconf 87' lang='lat' dir='ltr'><strong>lsrael</strong></span> <span class='ocrx_word' id='word_1_468' title='bbox 2084 3834 2190 3894; x_wconf 62' lang='lat' dir='ltr'><strong>oris</strong></span> 
     </span>
    </p>
   </div>
   <div class='ocr_carea' id='block_1_62' title="bbox 602 3927 2188 3999">
    <p class='ocr_par' dir='ltr' id='par_1_62' title="bbox 602 3927 2188 3999">
     <span class='ocr_line' id='line_1_62' title="bbox 602 3927 2188 3999; baseline 0 -16"><span class='ocrx_word' id='word_1_469' title='bbox 602 3930 756 3997; x_wconf 93' lang='lat' dir='ltr'><strong>undi,</strong></span> <span class='ocrx_word' id='word_1_470' title='bbox 805 3929 1002 3999; x_wconf 83' lang='lat' dir='ltr'><strong>insigni</strong></span> <span class='ocrx_word' id='word_1_471' title='bbox 1069 3928 1304 3994; x_wconf 89' lang='lat' dir='ltr'><strong>insania,</strong></span> <span class='ocrx_word' id='word_1_472' title='bbox 1332 3927 1722 3998; x_wconf 89' lang='lat' dir='ltr'><strong>multiplicibus</strong></span> <span class='ocrx_word' id='word_1_473' title='bbox 1753 3928 1926 3993; x_wconf 80' lang='lat' dir='ltr'><strong>vitiis,</strong></span> <span class='ocrx_word' id='word_1_474' title='bbox 1964 3938 2017 3983; x_wconf 88' lang='lat' dir='ltr'><strong>et</strong></span> <span class='ocrx_word' id='word_1_475' title='bbox 2046 3930 2188 3997; x_wconf 89' lang='lat' dir='ltr'><strong>quod</strong></span> 
     </span>
    </p>
   </div>
   <div class='ocr_carea' id='block_1_63' title="bbox 601 4019 2191 4084">
    <p class='ocr_par' dir='ltr' id='par_1_63' title="bbox 601 4019 2191 4084">
     <span class='ocr_line' id='line_1_63' title="bbox 601 4019 2191 4084; baseline 0 -10"><span class='ocrx_word' id='word_1_476' title='bbox 601 4029 747 4076; x_wconf 89' lang='lat' dir='ltr'><strong>recte</strong></span> <span class='ocrx_word' id='word_1_477' title='bbox 793 4021 974 4075; x_wconf 76' lang='lat' dir='ltr'><strong>vivere</strong></span> <span class='ocrx_word' id='word_1_478' title='bbox 1038 4019 1261 4084; x_wconf 87' lang='lat' dir='ltr'><strong>nollent,</strong></span> <span class='ocrx_word' id='word_1_479' title='bbox 1296 4020 1641 4074; x_wconf 88' lang='lat' dir='ltr'><strong>continenter</strong></span> <span class='ocrx_word' id='word_1_480' title='bbox 1683 4021 2058 4073; x_wconf 90' lang='lat' dir='ltr'><strong>universorum</strong></span> <span class='ocrx_word' id='word_1_481' title='bbox 2092 4020 2191 4074; x_wconf 87' lang='lat' dir='ltr'><strong>do-</strong></span> 
     </span>
    </p>
   </div>
   <div class='ocr_carea' id='block_1_64' title="bbox 597 4109 2187 4178">
    <p class='ocr_par' dir='ltr' id='par_1_64' title="bbox 597 4109 2187 4178">
     <span class='ocr_line' id='line_1_64' title="bbox 597 4109 2187 4178; baseline 0.001 -12"><span class='ocrx_word' id='word_1_482' title='bbox 597 4111 920 4167; x_wconf 87' lang='lat' dir='ltr'><strong>minatorem</strong></span> <span class='ocrx_word' id='word_1_483' title='bbox 952 4110 1119 4167; x_wconf 85' lang='lat' dir='ltr'><strong>Deum</strong></span> <span class='ocrx_word' id='word_1_484' title='bbox 1157 4109 1469 4178; x_wconf 84' lang='lat' dir='ltr'><strong>irritabant;</strong></span> <span class='ocrx_word' id='word_1_485' title='bbox 1504 4112 1647 4166; x_wconf 91' lang='lat' dir='ltr'><strong>hanc</strong></span> <span class='ocrx_word' id='word_1_486' title='bbox 1674 4110 1744 4166; x_wconf 91' lang='lat' dir='ltr'><strong>ob</strong></span> <span class='ocrx_word' id='word_1_487' title='bbox 1794 4126 2015 4166; x_wconf 86' lang='lat' dir='ltr'><strong>causam</strong></span> <span class='ocrx_word' id='word_1_488' title='bbox 2046 4112 2187 4167; x_wconf 87' lang='lat' dir='ltr'><strong>mul-</strong></span> 
     </span>
    </p>
   </div>
   <div class='ocr_carea' id='block_1_65' title="bbox 601 4200 2190 4272">
    <p class='ocr_par' dir='ltr' id='par_1_65' title="bbox 601 4200 2190 4272">
     <span class='ocr_line' id='line_1_65' title="bbox 601 4200 2190 4272; baseline 0.003 -17"><span class='ocrx_word' id='word_1_489' title='bbox 601 4202 671 4256; x_wconf 86' lang='lat' dir='ltr'><strong>tis</strong></span> <span class='ocrx_word' id='word_1_490' title='bbox 725 4202 901 4258; x_wconf 86' lang='lat' dir='ltr'><strong>modis</strong></span> <span class='ocrx_word' id='word_1_491' title='bbox 963 4202 1137 4271; x_wconf 87' lang='lat' dir='ltr'><strong>puniti</strong></span> <span class='ocrx_word' id='word_1_492' title='bbox 1190 4212 1340 4258; x_wconf 89' lang='lat' dir='ltr'><strong>sunt.</strong></span> <span class='ocrx_word' id='word_1_493' title='bbox 1378 4200 1536 4257; x_wconf 86' lang='lat' dir='ltr'><strong>Nunc</strong></span> <span class='ocrx_word' id='word_1_494' title='bbox 1558 4202 1758 4258; x_wconf 86' lang='lat' dir='ltr'><strong>etenim</strong></span> <span class='ocrx_word' id='word_1_495' title='bbox 1789 4216 1911 4272; x_wconf 63' lang='lat' dir='ltr'><strong>qua</strong></span> <span class='ocrx_word' id='word_1_496' title='bbox 1947 4203 2003 4257; x_wconf 91' lang='lat' dir='ltr'><strong>in</strong></span> <span class='ocrx_word' id='word_1_497' title='bbox 2044 4204 2190 4271; x_wconf 78' lang='lat' dir='ltr'><strong>agris</strong></span> 
     </span>
    </p>
   </div>
   <div class='ocr_carea' id='block_1_66' title="bbox 600 4291 2189 4363">
    <p class='ocr_par' dir='ltr' id='par_1_66' title="bbox 600 4291 2189 4363">
     <span class='ocr_line' id='line_1_66' title="bbox 600 4291 2189 4363; baseline -0.001 -15"><span class='ocrx_word' id='word_1_498' title='bbox 600 4302 757 4348; x_wconf 86' lang='lat' dir='ltr'><strong>erant</strong></span> <span class='ocrx_word' id='word_1_499' title='bbox 804 4291 1290 4363; x_wconf 88' lang='lat' dir='ltr'><strong>corrumpebantur</strong></span> <span class='ocrx_word' id='word_1_500' title='bbox 1321 4307 1335 4345; x_wconf 90' lang='lat'><strong>:</strong></span> <span class='ocrx_word' id='word_1_501' title='bbox 1363 4300 1418 4347; x_wconf 85' lang='lat' dir='ltr'><strong>et</strong></span> <span class='ocrx_word' id='word_1_502' title='bbox 1446 4291 1523 4347; x_wconf 91' lang='lat' dir='ltr'><strong>rei</strong></span> <span class='ocrx_word' id='word_1_503' title='bbox 1551 4291 1766 4347; x_wconf 67' lang='lat' dir='ltr'><strong>rusticae</strong></span> <span class='ocrx_word' id='word_1_504' title='bbox 1797 4291 2024 4348; x_wconf 84' lang='lat' dir='ltr'><strong>sudores</strong></span> <span class='ocrx_word' id='word_1_505' title='bbox 2074 4292 2189 4347; x_wconf 89' lang='lat' dir='ltr'><strong>lru-</strong></span> 
     </span>
    </p>
   </div>
   <div class='ocr_carea' id='block_1_67' title="bbox 600 4377 2188 4450">
    <p class='ocr_par' dir='ltr' id='par_1_67' title="bbox 600 4377 2188 4450">
     <span class='ocr_line' id='line_1_67' title="bbox 600 4377 2188 4450; baseline 0.002 -17"><span class='ocrx_word' id='word_1_506' title='bbox 600 4388 713 4434; x_wconf 86' lang='lat' dir='ltr'><strong>stra</strong></span> <span class='ocrx_word' id='word_1_507' title='bbox 769 4377 1079 4441; x_wconf 88' lang='lat' dir='ltr'><strong>tolerantes,</strong></span> <span class='ocrx_word' id='word_1_508' title='bbox 1132 4378 1272 4434; x_wconf 82' lang='lat' dir='ltr'><strong>fame</strong></span> <span class='ocrx_word' id='word_1_509' title='bbox 1320 4378 1696 4450; x_wconf 85' lang='lat' dir='ltr'><strong>cingebantur.</strong></span> <span class='ocrx_word' id='word_1_510' title='bbox 1762 4378 2036 4450; x_wconf 88' lang='lat' dir='ltr'><strong>Scriptum</strong></span> <span class='ocrx_word' id='word_1_511' title='bbox 2103 4391 2188 4438; x_wconf 88' lang='lat' dir='ltr'><strong>est</strong></span> 
     </span>
    </p>
   </div>
   <div class='ocr_carea' id='block_1_68' title="bbox 599 4469 2186 4536">
    <p class='ocr_par' dir='ltr' id='par_1_68' title="bbox 599 4469 2186 4536">
     <span class='ocr_line' id='line_1_68' title="bbox 599 4469 2186 4536; baseline 0.001 -10"><span class='ocrx_word' id='word_1_512' title='bbox 599 4470 742 4526; x_wconf 89' lang='lat' dir='ltr'><strong>enim</strong></span> <span class='ocrx_word' id='word_1_513' title='bbox 765 4488 777 4524; x_wconf 90' lang='lat'><strong>:</strong></span> <span class='ocrx_word' id='word_1_514' title='bbox 802 4488 820 4523; x_wconf 86' lang='grc' dir='ltr'><strong>ι</strong></span> <span class='ocrx_word' id='word_1_515' title='bbox 842 4469 968 4525; x_wconf 91' lang='lat' dir='ltr'><strong>Dedi</strong></span> <span class='ocrx_word' id='word_1_516' title='bbox 994 4470 1213 4536; x_wconf 63' lang='lat' dir='ltr'><strong>mrugini</strong></span> <span class='ocrx_word' id='word_1_517' title='bbox 1246 4470 1453 4525; x_wconf 79' lang='lat' dir='ltr'><strong>fructus</strong></span> <span class='ocrx_word' id='word_1_518' title='bbox 1472 4484 1662 4525; x_wconf 88' lang='lat' dir='ltr'><strong>eorum</strong></span> <span class='ocrx_word' id='word_1_519' title='bbox 1690 4478 1745 4525; x_wconf 89' lang='lat' dir='ltr'><strong>et</strong></span> <span class='ocrx_word' id='word_1_520' title='bbox 1766 4471 1979 4526; x_wconf 84' lang='lat' dir='ltr'><strong>labores</strong></span> <span class='ocrx_word' id='word_1_521' title='bbox 1998 4486 2186 4527; x_wconf 91' lang='lat' dir='ltr'><strong>eorum</strong></span> 
     </span>
    </p>
   </div>
   <div class='ocr_carea' id='block_1_69' title="bbox 598 4559 2189 4631">
    <p class='ocr_par' dir='ltr' id='par_1_69' title="bbox 598 4559 2189 4631">
     <span class='ocr_line' id='line_1_69' title="bbox 598 4559 2189 4631; baseline 0.001 -14"><span class='ocrx_word' id='word_1_522' title='bbox 598 4561 822 4617; x_wconf 71' lang='lat' dir='ltr'><strong>locusta:</strong></span> <span class='ocrx_word' id='word_1_523' title='bbox 846 4560 946 4614; x_wconf 75' lang='grc'><strong>⁷⁸.»</strong></span> <span class='ocrx_word' id='word_1_524' title='bbox 969 4559 1182 4616; x_wconf 84' lang='lat' dir='ltr'><strong>Dictum</strong></span> <span class='ocrx_word' id='word_1_525' title='bbox 1221 4569 1302 4615; x_wconf 86' lang='lat' dir='ltr'><strong>est</strong></span> <span class='ocrx_word' id='word_1_526' title='bbox 1323 4561 1483 4615; x_wconf 87' lang='lat' dir='ltr'><strong>etiam</strong></span> <span class='ocrx_word' id='word_1_527' title='bbox 1504 4560 1607 4616; x_wconf 92' lang='lat' dir='ltr'><strong>illis</strong></span> <span class='ocrx_word' id='word_1_528' title='bbox 1632 4576 1727 4631; x_wconf 87' lang='lat' dir='ltr'><strong>per</strong></span> <span class='ocrx_word' id='word_1_529' title='bbox 1743 4578 1904 4616; x_wconf 91' lang='lat' dir='ltr'><strong>unum</strong></span> <span class='ocrx_word' id='word_1_530' title='bbox 1932 4578 1963 4617; x_wconf 88' lang='lat' dir='ltr'><strong>e</strong></span> <span class='ocrx_word' id='word_1_531' title='bbox 1986 4565 2189 4619; x_wconf 89' lang='lat' dir='ltr'><strong>sanctis</strong></span> 
     </span>
    </p>
   </div>
   <div class='ocr_carea' id='block_1_70' title="bbox 597 4649 2180 4722">
    <p class='ocr_par' dir='ltr' id='par_1_70' title="bbox 597 4649 2180 4722">
     <span class='ocr_line' id='line_1_70' title="bbox 597 4649 2180 4722; baseline 0.002 -16"><span class='ocrx_word' id='word_1_532' title='bbox 597 4651 910 4722; x_wconf 86' lang='lat' dir='ltr'><strong>prophetis:</strong></span> <span class='ocrx_word' id='word_1_533' title='bbox 940 4649 1049 4704; x_wconf 70' lang='lat' dir='ltr'><strong>«Tu</strong></span> <span class='ocrx_word' id='word_1_534' title='bbox 1068 4664 1239 4715; x_wconf 89' lang='lat' dir='ltr'><strong>seres,</strong></span> <span class='ocrx_word' id='word_1_535' title='bbox 1259 4659 1314 4705; x_wconf 92' lang='lat' dir='ltr'><strong>et</strong></span> <span class='ocrx_word' id='word_1_536' title='bbox 1336 4664 1439 4704; x_wconf 94' lang='lat' dir='ltr'><strong>non</strong></span> <span class='ocrx_word' id='word_1_537' title='bbox 1458 4658 1631 4705; x_wconf 90' lang='lat' dir='ltr'><strong>metes</strong></span> <span class='ocrx_word' id='word_1_538' title='bbox 1652 4668 1666 4717; x_wconf 91' lang='lat'><strong>;</strong></span> <span class='ocrx_word' id='word_1_539' title='bbox 1689 4657 1745 4705; x_wconf 90' lang='lat' dir='ltr'><strong>tu</strong></span> <span class='ocrx_word' id='word_1_540' title='bbox 1761 4668 1974 4722; x_wconf 87' lang='lat' dir='ltr'><strong>premes</strong></span> <span class='ocrx_word' id='word_1_541' title='bbox 1988 4653 2180 4721; x_wconf 86' lang='lat' dir='ltr'><strong>oleam,</strong></span> 
     </span>
    </p>
   </div>
   <div class='ocr_carea' id='block_1_71' title="bbox 607 4742 2183 4812">
    <p class='ocr_par' dir='ltr' id='par_1_71' title="bbox 607 4742 2183 4812">
     <span class='ocr_line' id='line_1_71' title="bbox 607 4742 2183 4812; baseline 0.002 -15"><span class='ocrx_word' id='word_1_542' title='bbox 607 4752 664 4797; x_wconf 90' lang='lat' dir='ltr'><strong>et</strong></span> <span class='ocrx_word' id='word_1_543' title='bbox 709 4758 815 4798; x_wconf 95' lang='lat' dir='ltr'><strong>non</strong></span> <span class='ocrx_word' id='word_1_544' title='bbox 877 4742 1240 4812; x_wconf 80' lang='lat' dir='ltr'><strong>ungerisuleo</strong></span> <span class='ocrx_word' id='word_1_545' title='bbox 1265 4759 1282 4809; x_wconf 89' lang='lat'><strong>;</strong></span> <span class='ocrx_word' id='word_1_546' title='bbox 1312 4743 1520 4804; x_wconf 81' lang='lat' dir='ltr'><strong>vinum.</strong></span> <span class='ocrx_word' id='word_1_547' title='bbox 1547 4753 1603 4798; x_wconf 90' lang='lat' dir='ltr'><strong>et</strong></span> <span class='ocrx_word' id='word_1_548' title='bbox 1647 4758 1753 4798; x_wconf 92' lang='lat' dir='ltr'><strong>non</strong></span> <span class='ocrx_word' id='word_1_549' title='bbox 1806 4744 1958 4799; x_wconf 84' lang='lat' dir='ltr'><strong>bibes</strong></span> <span class='ocrx_word' id='word_1_550' title='bbox 1982 4746 2081 4799; x_wconf 79' lang='grc'><strong>⁷⁸.»</strong></span> <span class='ocrx_word' id='word_1_551' title='bbox 2118 4745 2183 4800; x_wconf 83' lang='lat' dir='ltr'><strong>Et</strong></span> 
     </span>
    </p>
   </div>
   <div class='ocr_carea' id='block_1_72' title="bbox 598 4832 2180 4904">
    <p class='ocr_par' dir='ltr' id='par_1_72' title="bbox 598 4832 2180 4904">
     <span class='ocr_line' id='line_1_72' title="bbox 598 4832 2180 4904; baseline 0.003 -16"><span class='ocrx_word' id='word_1_552' title='bbox 598 4847 827 4890; x_wconf 81' lang='lat' dir='ltr'><strong>rursus:</strong></span> <span class='ocrx_word' id='word_1_553' title='bbox 858 4852 877 4886; x_wconf 81' lang='grc' dir='ltr'><strong>ι</strong></span> <span class='ocrx_word' id='word_1_554' title='bbox 910 4833 1106 4889; x_wconf 89' lang='lat' dir='ltr'><strong>Domos</strong></span> <span class='ocrx_word' id='word_1_555' title='bbox 1146 4832 1337 4904; x_wconf 88' lang='lat' dir='ltr'><strong>politas</strong></span> <span class='ocrx_word' id='word_1_556' title='bbox 1366 4833 1725 4901; x_wconf 78' lang='lat' dir='ltr'><strong>:edillcabitis,</strong></span> <span class='ocrx_word' id='word_1_557' title='bbox 1752 4844 1807 4889; x_wconf 91' lang='lat' dir='ltr'><strong>et</strong></span> <span class='ocrx_word' id='word_1_558' title='bbox 1830 4850 1935 4889; x_wconf 95' lang='lat' dir='ltr'><strong>non</strong></span> <span class='ocrx_word' id='word_1_559' title='bbox 1970 4837 2180 4892; x_wconf 81' lang='lat' dir='ltr'><strong>habita-</strong></span> 
     </span>
    </p>
   </div>
   <div class='ocr_carea' id='block_1_73' title="bbox 600 4922 2170 4996">
    <p class='ocr_par' dir='ltr' id='par_1_73' title="bbox 600 4922 2170 4996">
     <span class='ocr_line' id='line_1_73' title="bbox 600 4922 2170 4996; baseline 0.003 -19"><span class='ocrx_word' id='word_1_560' title='bbox 600 4922 727 4977; x_wconf 88' lang='lat' dir='ltr'><strong>bitis</strong></span> <span class='ocrx_word' id='word_1_561' title='bbox 759 4923 811 4976; x_wconf 95' lang='lat' dir='ltr'><strong>in</strong></span> <span class='ocrx_word' id='word_1_562' title='bbox 836 4923 957 4988; x_wconf 89' lang='lat' dir='ltr'><strong>eis;</strong></span> <span class='ocrx_word' id='word_1_563' title='bbox 989 4923 1173 4979; x_wconf 84' lang='lat' dir='ltr'><strong>vineas</strong></span> <span class='ocrx_word' id='word_1_564' title='bbox 1204 4923 1589 4980; x_wconf 86' lang='lat' dir='ltr'><strong>desiderabiles</strong></span> <span class='ocrx_word' id='word_1_565' title='bbox 1620 4923 1950 4996; x_wconf 88' lang='lat' dir='ltr'><strong>plantabitis,</strong></span> <span class='ocrx_word' id='word_1_566' title='bbox 1983 4935 2039 4982; x_wconf 91' lang='lat' dir='ltr'><strong>et</strong></span> <span class='ocrx_word' id='word_1_567' title='bbox 2067 4942 2170 4983; x_wconf 91' lang='lat' dir='ltr'><strong>non</strong></span> 
     </span>
    </p>
   </div>
   <div class='ocr_carea' id='block_1_74' title="bbox 560 5013 2176 5090">
    <p class='ocr_par' dir='ltr' id='par_1_74' title="bbox 560 5013 2176 5090">
     <span class='ocr_line' id='line_1_74' title="bbox 560 5013 2176 5090; baseline 0.006 -23"><span class='ocrx_word' id='word_1_568' title='bbox 560 5013 795 5069; x_wconf 59' lang='lat' dir='ltr'><strong>illibetis</strong></span> <span class='ocrx_word' id='word_1_569' title='bbox 837 5015 1022 5070; x_wconf 83' lang='lat' dir='ltr'><strong>vinum</strong></span> <span class='ocrx_word' id='word_1_570' title='bbox 1067 5030 1252 5070; x_wconf 88' lang='lat' dir='ltr'><strong>earum</strong></span> <span class='ocrx_word' id='word_1_571' title='bbox 1286 5016 1353 5074; x_wconf 83' lang='lat'><strong>&quot;.</strong></span> <span class='ocrx_word' id='word_1_572' title='bbox 1386 5036 1403 5066; x_wconf 80' lang='grc' dir='ltr'><strong>ι</strong></span> <span class='ocrx_word' id='word_1_573' title='bbox 1441 5016 1769 5090; x_wconf 83' lang='lat' dir='ltr'><strong>lngruehant</strong></span> <span class='ocrx_word' id='word_1_574' title='bbox 1813 5020 1956 5074; x_wconf 83' lang='lat' dir='ltr'><strong>enim</strong></span> <span class='ocrx_word' id='word_1_575' title='bbox 2002 5020 2176 5077; x_wconf 89' lang='lat' dir='ltr'><strong>inter-</strong></span> 
     </span>
    </p>
   </div>
   <div class='ocr_carea' id='block_1_75' title="bbox 600 5102 2171 5180">
    <p class='ocr_par' dir='ltr' id='par_1_75' title="bbox 600 5102 2171 5180">
     <span class='ocr_line' id='line_1_75' title="bbox 600 5102 2171 5180; baseline 0.007 -25"><span class='ocrx_word' id='word_1_576' title='bbox 600 5102 727 5156; x_wconf 88' lang='lat' dir='ltr'><strong>dum</strong></span> <span class='ocrx_word' id='word_1_577' title='bbox 805 5103 1039 5158; x_wconf 90' lang='lat' dir='ltr'><strong>hostium</strong></span> <span class='ocrx_word' id='word_1_578' title='bbox 1112 5104 1526 5173; x_wconf 73' lang='lat' dir='ltr'><strong>impressiones,</strong></span> <span class='ocrx_word' id='word_1_579' title='bbox 1584 5115 1641 5161; x_wconf 89' lang='lat' dir='ltr'><strong>ut</strong></span> <span class='ocrx_word' id='word_1_580' title='bbox 1715 5110 1908 5178; x_wconf 86' lang='lat' dir='ltr'><strong>partim</strong></span> <span class='ocrx_word' id='word_1_581' title='bbox 1977 5109 2171 5180; x_wconf 75' lang='lat' dir='ltr'><strong>gladiis</strong></span> 
     </span>
    </p>
   </div>
   <div class='ocr_carea' id='block_1_76' title="bbox 598 5196 2171 5269">
    <p class='ocr_par' dir='ltr' id='par_1_76' title="bbox 598 5196 2171 5269">
     <span class='ocr_line' id='line_1_76' title="bbox 598 5196 2171 5269; baseline 0.006 -22"><span class='ocrx_word' id='word_1_582' title='bbox 598 5209 787 5249; x_wconf 87' lang='lat' dir='ltr'><strong>eorum</strong></span> <span class='ocrx_word' id='word_1_583' title='bbox 841 5196 1313 5259; x_wconf 80' lang='lat' dir='ltr'><strong>consumerentur,</strong></span> <span class='ocrx_word' id='word_1_584' title='bbox 1347 5198 1542 5267; x_wconf 89' lang='lat' dir='ltr'><strong>partim</strong></span> <span class='ocrx_word' id='word_1_585' title='bbox 1586 5198 1703 5253; x_wconf 63' lang='lat' dir='ltr'><strong>haec</strong></span> <span class='ocrx_word' id='word_1_586' title='bbox 1747 5200 2011 5269; x_wconf 87' lang='lat' dir='ltr'><strong>supplicia</strong></span> <span class='ocrx_word' id='word_1_587' title='bbox 2059 5215 2171 5256; x_wconf 88' lang='lat' dir='ltr'><strong>me-</strong></span> 
     </span>
    </p>
   </div>
   <div class='ocr_carea' id='block_1_77' title="bbox 601 5286 2174 5361">
    <p class='ocr_par' dir='ltr' id='par_1_77' title="bbox 601 5286 2174 5361">
     <span class='ocr_line' id='line_1_77' title="bbox 601 5286 2174 5361; baseline 0.007 -23"><span class='ocrx_word' id='word_1_588' title='bbox 601 5295 890 5351; x_wconf 86' lang='lat' dir='ltr'><strong>tuentes,e</strong></span> <span class='ocrx_word' id='word_1_589' title='bbox 953 5286 1112 5342; x_wconf 92' lang='lat' dir='ltr'><strong>domo</strong></span> <span class='ocrx_word' id='word_1_590' title='bbox 1166 5304 1261 5342; x_wconf 88' lang='lat' dir='ltr'><strong>sua</strong></span> <span class='ocrx_word' id='word_1_591' title='bbox 1314 5304 1379 5343; x_wconf 88' lang='lat' dir='ltr'><strong>ac</strong></span> <span class='ocrx_word' id='word_1_592' title='bbox 1441 5291 1614 5359; x_wconf 84' lang='lat' dir='ltr'><strong>patria</strong></span> <span class='ocrx_word' id='word_1_593' title='bbox 1660 5290 1973 5361; x_wconf 80' lang='lat' dir='ltr'><strong>eﬂ‘ugerent,</strong></span> <span class='ocrx_word' id='word_1_594' title='bbox 2008 5303 2064 5349; x_wconf 91' lang='lat' dir='ltr'><strong>et</strong></span> <span class='ocrx_word' id='word_1_595' title='bbox 2106 5296 2174 5349; x_wconf 88' lang='lat' dir='ltr'><strong>ad</strong></span> 
     </span>
    </p>
   </div>
   <div class='ocr_carea' id='block_1_78' title="bbox 600 5375 2173 5455">
    <p class='ocr_par' dir='ltr' id='par_1_78' title="bbox 600 5375 2173 5455">
     <span class='ocr_line' id='line_1_78' title="bbox 600 5375 2173 5455; baseline 0.006 -26"><span class='ocrx_word' id='word_1_596' title='bbox 600 5376 733 5432; x_wconf 89' lang='lat' dir='ltr'><strong>alias</strong></span> <span class='ocrx_word' id='word_1_597' title='bbox 776 5375 933 5432; x_wconf 89' lang='lat' dir='ltr'><strong>sedes</strong></span> <span class='ocrx_word' id='word_1_598' title='bbox 955 5392 1013 5433; x_wconf 89' lang='lat' dir='ltr'><strong>se</strong></span> <span class='ocrx_word' id='word_1_599' title='bbox 1039 5379 1363 5448; x_wconf 89' lang='lat' dir='ltr'><strong>reciperent.</strong></span> <span class='ocrx_word' id='word_1_600' title='bbox 1394 5379 1499 5435; x_wconf 88' lang='lat' dir='ltr'><strong>Sed</strong></span> <span class='ocrx_word' id='word_1_601' title='bbox 1532 5381 1649 5437; x_wconf 67' lang='lat' dir='ltr'><strong>haec</strong></span> <span class='ocrx_word' id='word_1_602' title='bbox 1699 5383 1860 5451; x_wconf 90' lang='lat' dir='ltr'><strong>prisci</strong></span> <span class='ocrx_word' id='word_1_603' title='bbox 1901 5384 1974 5439; x_wconf 89' lang='lat' dir='ltr'><strong>illi</strong></span> <span class='ocrx_word' id='word_1_604' title='bbox 2033 5387 2173 5455; x_wconf 87' lang='lat' dir='ltr'><strong>passi</strong></span> 
     </span>
    </p>
   </div>
   <div class='ocr_carea' id='block_1_79' title="bbox 600 5466 2175 5541">
    <p class='ocr_par' dir='ltr' id='par_1_79' title="bbox 600 5466 2175 5541">
     <span class='ocr_line' id='line_1_79' title="bbox 600 5466 2175 5541; baseline 0.008 -22"><span class='ocrx_word' id='word_1_605' title='bbox 600 5471 748 5532; x_wconf 86' lang='lat' dir='ltr'><strong>sunt,</strong></span> <span class='ocrx_word' id='word_1_606' title='bbox 778 5481 877 5522; x_wconf 87' lang='lat' dir='ltr'><strong>nec</strong></span> <span class='ocrx_word' id='word_1_607' title='bbox 901 5466 1089 5533; x_wconf 88' lang='lat' dir='ltr'><strong>semel,</strong></span> <span class='ocrx_word' id='word_1_608' title='bbox 1116 5477 1341 5538; x_wconf 87' lang='lat' dir='ltr'><strong>propter</strong></span> <span class='ocrx_word' id='word_1_609' title='bbox 1403 5470 1570 5525; x_wconf 89' lang='lat' dir='ltr'><strong>multa</strong></span> <span class='ocrx_word' id='word_1_610' title='bbox 1618 5482 1859 5541; x_wconf 87' lang='lat' dir='ltr'><strong>peccata.</strong></span> <span class='ocrx_word' id='word_1_611' title='bbox 1903 5472 2005 5541; x_wconf 87' lang='lat' dir='ltr'><strong>Qui</strong></span> <span class='ocrx_word' id='word_1_612' title='bbox 2046 5488 2175 5532; x_wconf 89' lang='lat' dir='ltr'><strong>vero</strong></span> 
     </span>
    </p>
   </div>
   <div class='ocr_carea' id='block_1_80' title="bbox 672 5660 2182 5736">
    <p class='ocr_par' dir='ltr' id='par_1_80' title="bbox 672 5660 2182 5736">
     <span class='ocr_line' id='line_1_80' title="bbox 672 5660 2182 5736; baseline 0.01 -25"><span class='ocrx_word' id='word_1_613' title='bbox 672 5662 716 5736; x_wconf 51' lang='grc' dir='ltr'><strong>ἢν</strong></span> <span class='ocrx_word' id='word_1_614' title='bbox 740 5660 899 5715; x_wconf 82' lang='lat' dir='ltr'><strong>Rom.</strong></span> <span class='ocrx_word' id='word_1_615' title='bbox 930 5679 1012 5736; x_wconf 72' lang='grc' dir='ltr'>ιιι,</span> <span class='ocrx_word' id='word_1_616' title='bbox 1042 5663 1132 5719; x_wconf 73' lang='grc'><strong>25.</strong></span> <span class='ocrx_word' id='word_1_617' title='bbox 1246 5666 1293 5698; x_wconf 78' lang='grc' dir='ltr'><strong><em>το</em></strong></span> <span class='ocrx_word' id='word_1_618' title='bbox 1327 5663 1564 5736; x_wconf 88' lang='lat' dir='ltr'><strong>Philipp.</strong></span> <span class='ocrx_word' id='word_1_619' title='bbox 1604 5683 1688 5734; x_wconf 82' lang='lat' dir='ltr'><strong>tu,</strong></span> <span class='ocrx_word' id='word_1_620' title='bbox 1714 5669 1770 5736; x_wconf 89' lang='lat'><strong>8,</strong></span> <span class='ocrx_word' id='word_1_621' title='bbox 1798 5672 1852 5726; x_wconf 89' lang='lat'><strong>9.</strong></span> <span class='ocrx_word' id='word_1_622' title='bbox 1956 5672 2000 5703; x_wconf 77' lang='grc' dir='ltr'><strong>τι</strong></span> <span class='ocrx_word' id='word_1_623' title='bbox 2025 5669 2182 5726; x_wconf 84' lang='lat' dir='ltr'><strong>Rom.</strong></span> 
     </span>
    </p>
   </div>
   <div class='ocr_carea' id='block_1_81' title="bbox 600 5728 2190 5818">
    <p class='ocr_par' dir='ltr' id='par_1_81' title="bbox 600 5728 2155 5813">
     <span class='ocr_line' id='line_1_81' title="bbox 600 5728 2155 5813; baseline 0.006 -27"><span class='ocrx_word' id='word_1_624' title='bbox 600 5728 774 5789; x_wconf 64' lang='grc' dir='ltr'><strong>(ἴδιαι.</strong></span> <span class='ocrx_word' id='word_1_625' title='bbox 807 5746 886 5797; x_wconf 86' lang='grc' dir='ltr'>ιιι,</span> <span class='ocrx_word' id='word_1_626' title='bbox 922 5733 1009 5790; x_wconf 80' lang='lat' dir='ltr'><strong>ll).</strong></span> <span class='ocrx_word' id='word_1_627' title='bbox 1087 5736 1133 5766; x_wconf 74' lang='grc'><strong>⁷⁵</strong></span> <span class='ocrx_word' id='word_1_628' title='bbox 1164 5736 1307 5792; x_wconf 87' lang='lat' dir='ltr'><strong>Psal.</strong></span> <span class='ocrx_word' id='word_1_629' title='bbox 1339 5728 1621 5802; x_wconf 62' lang='lat' dir='ltr'><strong>vatt&#39;,&#39;46.</strong></span> <span class='ocrx_word' id='word_1_630' title='bbox 1676 5728 1926 5813; x_wconf 19' lang='lat' dir='ltr'><strong>fl&#39;Mich.</strong></span> <span class='ocrx_word' id='word_1_631' title='bbox 1966 5756 2041 5809; x_wconf 75' lang='lat' dir='ltr'><strong>vr,</strong></span> <span class='ocrx_word' id='word_1_632' title='bbox 2069 5742 2155 5797; x_wconf 80' lang='grc'><strong>15.</strong></span> 
     </span>
    </p>
   </div>
   <div class='ocr_carea' id='block_1_82' title="bbox 2293 5728 2666 5818">
    <p class='ocr_par' dir='ltr' id='par_1_82' title="bbox 2298 5728 2666 5817">
     <span class='ocr_line' id='line_1_82' title="bbox 2298 5728 2666 5817; baseline 0.024 -19"><span class='ocrx_word' id='word_1_633' title='bbox 2298 5728 2548 5817; x_wconf 30' lang='lat' dir='ltr'><strong>Amos-vv,</strong></span> <span class='ocrx_word' id='word_1_634' title='bbox 2581 5751 2666 5808; x_wconf 80' lang='lat' dir='ltr'><strong>ll.</strong></span> 
     </span>
    </p>
   </div>
   <div class='ocr_carea' id='block_1_83' title="bbox 2372 2577 3887 2658">
    <p class='ocr_par' dir='ltr' id='par_1_83' title="bbox 2372 2577 3887 2658">
     <span class='ocr_line' id='line_1_83' title="bbox 2372 2577 3887 2658; baseline 0.009 -28"><span class='ocrx_word' id='word_1_635' title='bbox 2372 2578 2480 2630; x_wconf 84' lang='lat' dir='ltr'><strong>Kstl</strong></span> <span class='ocrx_word' id='word_1_636' title='bbox 2505 2577 3019 2648; x_wconf 65' lang='grc' dir='ltr'>οἰκοδομήσωσιν</span> <span class='ocrx_word' id='word_1_637' title='bbox 3053 2583 3267 2649; x_wconf 68' lang='grc' dir='ltr'>οἰκίας,</span> <span class='ocrx_word' id='word_1_638' title='bbox 3317 2585 3413 2639; x_wconf 73' lang='grc' dir='ltr'>καὶ</span> <span class='ocrx_word' id='word_1_639' title='bbox 3447 2587 3617 2642; x_wconf 74' lang='grc' dir='ltr'>αὐτοὶ</span> <span class='ocrx_word' id='word_1_640' title='bbox 3651 2589 3887 2658; x_wconf 74' lang='grc' dir='ltr'>ἐνοική-</span> 
     </span>
    </p>
   </div>
   <div class='ocr_carea' id='block_1_84' title="bbox 2300 2669 3884 2745">
    <p class='ocr_par' dir='ltr' id='par_1_84' title="bbox 2300 2669 3884 2745">
     <span class='ocr_line' id='line_1_84' title="bbox 2300 2669 3884 2745; baseline 0.011 -26"><span class='ocrx_word' id='word_1_641' title='bbox 2300 2681 2507 2721; x_wconf 83' lang='grc' dir='ltr'>σουσι·</span> <span class='ocrx_word' id='word_1_642' title='bbox 2560 2669 2660 2723; x_wconf 78' lang='grc' dir='ltr'>καὶ</span> <span class='ocrx_word' id='word_1_643' title='bbox 2713 2674 3280 2739; x_wconf 72' lang='grc' dir='ltr'>καταφυτεύσαυσιν</span> <span class='ocrx_word' id='word_1_644' title='bbox 3344 2676 3729 2745; x_wconf 76' lang='grc' dir='ltr'>ἀμπελῶνας,</span> <span class='ocrx_word' id='word_1_645' title='bbox 3790 2685 3884 2737; x_wconf 68' lang='grc' dir='ltr'><strong>καί</strong></span> 
     </span>
    </p>
   </div>
   <div class='ocr_carea' id='block_1_85' title="bbox 2296 2759 3883 2842">
    <p class='ocr_par' dir='ltr' id='par_1_85' title="bbox 2296 2759 3883 2842">
     <span class='ocr_line' id='line_1_85' title="bbox 2296 2759 3883 2842; baseline 0.01 -30"><span class='ocrx_word' id='word_1_646' title='bbox 2296 2760 2465 2813; x_wconf 81' lang='grc' dir='ltr'>αὐτοὶ</span> <span class='ocrx_word' id='word_1_647' title='bbox 2502 2759 2791 2828; x_wconf 60' lang='grc' dir='ltr'>φαίνονται</span> <span class='ocrx_word' id='word_1_648' title='bbox 2843 2762 2953 2815; x_wconf 75' lang='grc' dir='ltr'><strong>τὸν</strong></span> <span class='ocrx_word' id='word_1_649' title='bbox 3004 2766 3240 2833; x_wconf 76' lang='grc' dir='ltr'>καρπὸν</span> <span class='ocrx_word' id='word_1_650' title='bbox 3268 2766 3486 2822; x_wconf 79' lang='grc' dir='ltr'>αὐτῶν.</span> <span class='ocrx_word' id='word_1_651' title='bbox 3522 2771 3631 2824; x_wconf 80' lang='grc' dir='ltr'><strong>Καὶ</strong></span> <span class='ocrx_word' id='word_1_652' title='bbox 3683 2775 3758 2826; x_wconf 85' lang='grc' dir='ltr'>οὐ</span> <span class='ocrx_word' id='word_1_653' title='bbox 3797 2775 3883 2842; x_wconf 80' lang='grc' dir='ltr'>μὴ</span> 
     </span>
    </p>
   </div>
   <div class='ocr_carea' id='block_1_86' title="bbox 2294 2846 3885 2931">
    <p class='ocr_par' dir='ltr' id='par_1_86' title="bbox 2294 2846 3885 2931">
     <span class='ocr_line' id='line_1_86' title="bbox 2294 2846 3885 2931; baseline 0.012 -33"><span class='ocrx_word' id='word_1_654' title='bbox 2294 2846 2762 2916; x_wconf 80' lang='grc' dir='ltr'>οίκοδομήσωσι,</span> <span class='ocrx_word' id='word_1_655' title='bbox 2786 2850 2886 2903; x_wconf 75' lang='grc' dir='ltr'>καὶ</span> <span class='ocrx_word' id='word_1_656' title='bbox 2923 2850 3101 2906; x_wconf 72' lang='grc' dir='ltr'><em>ἄλλοι</em></span> <span class='ocrx_word' id='word_1_657' title='bbox 3143 2852 3489 2919; x_wconf 55' lang='grc' dir='ltr'>οἰκήσουσα</span> <span class='ocrx_word' id='word_1_658' title='bbox 3537 2860 3634 2913; x_wconf 73' lang='grc' dir='ltr'>καὶ</span> <span class='ocrx_word' id='word_1_659' title='bbox 3678 2864 3755 2915; x_wconf 85' lang='grc' dir='ltr'><strong>οὐ</strong></span> <span class='ocrx_word' id='word_1_660' title='bbox 3800 2864 3885 2931; x_wconf 78' lang='grc' dir='ltr'>μὴ</span> 
     </span>
    </p>
   </div>
   <div class='ocr_carea' id='block_1_87' title="bbox 2290 2938 3887 3022">
    <p class='ocr_par' dir='ltr' id='par_1_87' title="bbox 2290 2938 3887 3022">
     <span class='ocr_line' id='line_1_87' title="bbox 2290 2938 3887 3022; baseline 0.012 -32"><span class='ocrx_word' id='word_1_661' title='bbox 2290 2938 2660 3006; x_wconf 76' lang='grc' dir='ltr'>φυτεύσωσι,</span> <span class='ocrx_word' id='word_1_662' title='bbox 2700 2939 2800 2993; x_wconf 75' lang='grc' dir='ltr'>καὶ</span> <span class='ocrx_word' id='word_1_663' title='bbox 2837 2940 3017 2995; x_wconf 72' lang='grc' dir='ltr'>ἄλλοι</span> <span class='ocrx_word' id='word_1_664' title='bbox 3070 2942 3381 3014; x_wconf 71' lang='grc' dir='ltr'>φάγονται.</span> <span class='ocrx_word' id='word_1_665' title='bbox 3426 2950 3591 3003; x_wconf 83' lang='grc' dir='ltr'>Κατὰ</span> <span class='ocrx_word' id='word_1_666' title='bbox 3631 2952 3749 3022; x_wconf 61' lang='grc' dir='ltr'>γὰρ</span> <span class='ocrx_word' id='word_1_667' title='bbox 3780 2957 3887 3019; x_wconf 84' lang='grc' dir='ltr'>τὰς</span> 
     </span>
    </p>
   </div>
   <div class='ocr_carea' id='block_1_88' title="bbox 2289 3027 3889 3114">
    <p class='ocr_par' dir='ltr' id='par_1_88' title="bbox 2289 3027 3889 3114">
     <span class='ocr_line' id='line_1_88' title="bbox 2289 3027 3889 3114; baseline 0.013 -34"><span class='ocrx_word' id='word_1_668' title='bbox 2289 3027 2516 3096; x_wconf 73' lang='grc' dir='ltr'>ἡμέρας</span> <span class='ocrx_word' id='word_1_669' title='bbox 2546 3030 2653 3084; x_wconf 89' lang='grc' dir='ltr'><strong>τοῦ</strong></span> <span class='ocrx_word' id='word_1_670' title='bbox 2684 3029 2878 3095; x_wconf 74' lang='grc' dir='ltr'>ξύλου</span> <span class='ocrx_word' id='word_1_671' title='bbox 2925 3031 3035 3100; x_wconf 83' lang='grc' dir='ltr'>τῆς</span> <span class='ocrx_word' id='word_1_672' title='bbox 3078 3032 3225 3102; x_wconf 74' lang='grc' dir='ltr'>ζωῆς</span> <span class='ocrx_word' id='word_1_673' title='bbox 3280 3039 3525 3094; x_wconf 78' lang='grc' dir='ltr'>ἔσονται</span> <span class='ocrx_word' id='word_1_674' title='bbox 3566 3046 3625 3096; x_wconf 89' lang='lat' dir='ltr'><strong>al</strong></span> <span class='ocrx_word' id='word_1_675' title='bbox 3672 3045 3889 3114; x_wconf 66' lang='grc' dir='ltr'>ἡμέραι</span> 
     </span>
    </p>
   </div>
   <div class='ocr_carea' id='block_1_89' title="bbox 2292 3119 3889 3191">
    <p class='ocr_par' dir='ltr' id='par_1_89' title="bbox 2292 3119 3889 3191">
     <span class='ocr_line' id='line_1_89' title="bbox 2292 3119 3889 3191; baseline 0.011 -20"><span class='ocrx_word' id='word_1_676' title='bbox 2292 3119 2398 3173; x_wconf 87' lang='grc' dir='ltr'><strong>τοῦ</strong></span> <span class='ocrx_word' id='word_1_677' title='bbox 2420 3120 2574 3175; x_wconf 79' lang='grc' dir='ltr'>λαοῦ</span> <span class='ocrx_word' id='word_1_678' title='bbox 2588 3138 2709 3188; x_wconf 81' lang='grc' dir='ltr'><strong>μου</strong></span> <span class='ocrx_word' id='word_1_679' title='bbox 2734 3138 2748 3154; x_wconf 77' lang='grc' dir='ltr'><strong><em>ο</em></strong></span> <span class='ocrx_word' id='word_1_680' title='bbox 2776 3121 2849 3175; x_wconf 88' lang='grc' dir='ltr'>τὰ</span> <span class='ocrx_word' id='word_1_681' title='bbox 2870 3124 3013 3191; x_wconf 72' lang='grc' dir='ltr'>ἔργα</span> <span class='ocrx_word' id='word_1_682' title='bbox 3038 3122 3156 3177; x_wconf 81' lang='grc' dir='ltr'><strong>τῶν</strong></span> <span class='ocrx_word' id='word_1_683' title='bbox 3175 3128 3378 3181; x_wconf 78' lang='grc' dir='ltr'>πόνων</span> <span class='ocrx_word' id='word_1_684' title='bbox 3397 3128 3598 3184; x_wconf 77' lang='grc' dir='ltr'>αὐτῶν</span> <span class='ocrx_word' id='word_1_685' title='bbox 3626 3135 3889 3188; x_wconf 74' lang='grc' dir='ltr'>παλαιῶ-</span> 
     </span>
    </p>
   </div>
   <div class='ocr_carea' id='block_1_90' title="bbox 2289 3210 3887 3291">
    <p class='ocr_par' dir='ltr' id='par_1_90' title="bbox 2289 3210 3887 3291">
     <span class='ocr_line' id='line_1_90' title="bbox 2289 3210 3887 3291; baseline 0.012 -31"><span class='ocrx_word' id='word_1_686' title='bbox 2289 3222 2533 3262; x_wconf 80' lang='grc' dir='ltr'>σουσιν.</span> <span class='ocrx_word' id='word_1_687' title='bbox 2570 3213 2636 3264; x_wconf 88' lang='lat' dir='ltr'><strong>Ol</strong></span> <span class='ocrx_word' id='word_1_688' title='bbox 2665 3210 2735 3265; x_wconf 79' lang='grc' dir='ltr'>δὲ</span> <span class='ocrx_word' id='word_1_689' title='bbox 2776 3212 3052 3267; x_wconf 73' lang='grc' dir='ltr'>ἐκλεκτοί</span> <span class='ocrx_word' id='word_1_690' title='bbox 3080 3233 3194 3283; x_wconf 88' lang='grc' dir='ltr'><strong>μου</strong></span> <span class='ocrx_word' id='word_1_691' title='bbox 3230 3219 3303 3272; x_wconf 83' lang='grc' dir='ltr'>οὐ</span> <span class='ocrx_word' id='word_1_692' title='bbox 3336 3221 3751 3277; x_wconf 76' lang='grc' dir='ltr'>κοπιάσουσιγ</span> <span class='ocrx_word' id='word_1_693' title='bbox 3800 3228 3887 3291; x_wconf 80' lang='grc' dir='ltr'>εις</span> 
     </span>
    </p>
   </div>
   <div class='ocr_carea' id='block_1_91' title="bbox 2292 3299 3886 3380">
    <p class='ocr_par' dir='ltr' id='par_1_91' title="bbox 2292 3299 3886 3380">
     <span class='ocr_line' id='line_1_91' title="bbox 2292 3299 3886 3380; baseline 0.011 -30"><span class='ocrx_word' id='word_1_694' title='bbox 2292 3299 2489 3364; x_wconf 78' lang='grc' dir='ltr'>κενὸν,</span> <span class='ocrx_word' id='word_1_695' title='bbox 2538 3301 2684 3356; x_wconf 82' lang='grc' dir='ltr'>οὐδὲ</span> <span class='ocrx_word' id='word_1_696' title='bbox 2725 3303 3280 3372; x_wconf 76' lang='grc' dir='ltr'>τεκνοποιήσουσιν</span> <span class='ocrx_word' id='word_1_697' title='bbox 3327 3312 3421 3375; x_wconf 80' lang='grc' dir='ltr'>εἰς</span> <span class='ocrx_word' id='word_1_698' title='bbox 3469 3314 3762 3380; x_wconf 62' lang='grc' dir='ltr'>κατάραν</span> <span class='ocrx_word' id='word_1_699' title='bbox 3800 3316 3886 3368; x_wconf 82' lang='grc' dir='ltr'>ὅτι</span> 
     </span>
    </p>
   </div>
   <div class='ocr_carea' id='block_1_92' title="bbox 2289 3386 3885 3462">
    <p class='ocr_par' dir='ltr' id='par_1_92' title="bbox 2289 3386 3885 3462">
     <span class='ocr_line' id='line_1_92' title="bbox 2289 3386 3885 3462; baseline 0.013 -22"><span class='ocrx_word' id='word_1_700' title='bbox 2289 3386 2528 3458; x_wconf 77' lang='grc' dir='ltr'>σπέρμα</span> <span class='ocrx_word' id='word_1_701' title='bbox 2560 3392 2978 3462; x_wconf 73' lang='grc' dir='ltr'>εὐλογημένον</span> <span class='ocrx_word' id='word_1_702' title='bbox 3008 3396 3128 3448; x_wconf 80' lang='grc' dir='ltr'><strong>ὑπὸ</strong></span> <span class='ocrx_word' id='word_1_703' title='bbox 3171 3398 3321 3451; x_wconf 82' lang='grc' dir='ltr'>Θεοῦ</span> <span class='ocrx_word' id='word_1_704' title='bbox 3354 3400 3508 3455; x_wconf 80' lang='grc' dir='ltr'>ἐστι.</span> <span class='ocrx_word' id='word_1_705' title='bbox 3548 3403 3662 3456; x_wconf 88' lang='lat' dir='ltr'><strong>Kal</strong></span> <span class='ocrx_word' id='word_1_706' title='bbox 3710 3405 3885 3461; x_wconf 72' lang='grc' dir='ltr'>ἔσται</span> 
     </span>
    </p>
   </div>
   <div class='ocr_carea' id='block_1_93' title="bbox 2290 3476 3886 3559">
    <p class='ocr_par' dir='ltr' id='par_1_93' title="bbox 2290 3476 3886 3559">
     <span class='ocr_line' id='line_1_93' title="bbox 2290 3476 3886 3559; baseline 0.014 -31"><span class='ocrx_word' id='word_1_707' title='bbox 2290 3476 2435 3543; x_wconf 78' lang='grc' dir='ltr'>πρὶν</span> <span class='ocrx_word' id='word_1_708' title='bbox 2462 3478 2745 3547; x_wconf 79' lang='grc' dir='ltr'>κεκράξαι</span> <span class='ocrx_word' id='word_1_709' title='bbox 2769 3481 3013 3548; x_wconf 85' lang='grc' dir='ltr'>αὐτοὺς,</span> <span class='ocrx_word' id='word_1_710' title='bbox 3044 3483 3161 3553; x_wconf 71' lang='grc' dir='ltr'><strong>ἐγὼ</strong></span> <span class='ocrx_word' id='word_1_711' title='bbox 3194 3487 3635 3559; x_wconf 82' lang='grc' dir='ltr'>είσακούσομαι</span> <span class='ocrx_word' id='word_1_712' title='bbox 3665 3494 3886 3549; x_wconf 79' lang='grc' dir='ltr'>αὐτῶν.</span> 
     </span>
    </p>
   </div>
   <div class='ocr_carea' id='block_1_94' title="bbox 2294 3567 3586 3643">
    <p class='ocr_par' dir='ltr' id='par_1_94' title="bbox 2294 3567 3586 3643">
     <span class='ocr_line' id='line_1_94' title="bbox 2294 3567 3586 3643; baseline 0.014 -26"><span class='ocrx_word' id='word_1_713' title='bbox 2294 3567 2416 3619; x_wconf 82' lang='grc' dir='ltr'>Ἔτι</span> <span class='ocrx_word' id='word_1_714' title='bbox 2453 3569 2809 3624; x_wconf 74' lang='grc' dir='ltr'><strong>λαλούντων</strong></span> <span class='ocrx_word' id='word_1_715' title='bbox 2843 3571 3065 3637; x_wconf 81' lang='grc' dir='ltr'>αὐτῶν,</span> <span class='ocrx_word' id='word_1_716' title='bbox 3106 3572 3238 3641; x_wconf 80' lang='grc' dir='ltr'><strong>ἐρῶ·</strong></span> <span class='ocrx_word' id='word_1_717' title='bbox 3284 3578 3349 3630; x_wconf 82' lang='lat' dir='ltr'><strong>Tl</strong></span> <span class='ocrx_word' id='word_1_718' title='bbox 3374 3578 3586 3643; x_wconf 75' lang='grc' dir='ltr'>ἐστινξ</span> 
     </span>
    </p>
   </div>
   <div class='ocr_carea' id='block_1_95' title="bbox 2360 3660 3889 3746">
    <p class='ocr_par' dir='ltr' id='par_1_95' title="bbox 2360 3660 3889 3746">
     <span class='ocr_line' id='line_1_95' title="bbox 2360 3660 3889 3746; baseline 0.012 -35"><span class='ocrx_word' id='word_1_719' title='bbox 2360 3660 2594 3730; x_wconf 83' lang='grc' dir='ltr'>Είρήνην</span> <span class='ocrx_word' id='word_1_720' title='bbox 2634 3661 2817 3725; x_wconf 82' lang='grc' dir='ltr'>αὐτοῖς</span> <span class='ocrx_word' id='word_1_721' title='bbox 2860 3663 2959 3733; x_wconf 85' lang='grc' dir='ltr'><strong>τὴν</strong></span> <span class='ocrx_word' id='word_1_722' title='bbox 3009 3663 3365 3734; x_wconf 85' lang='grc' dir='ltr'>ἁκράδαντον,</span> <span class='ocrx_word' id='word_1_723' title='bbox 3401 3673 3567 3739; x_wconf 81' lang='grc' dir='ltr'>φειδῶ</span> <span class='ocrx_word' id='word_1_724' title='bbox 3595 3676 3694 3727; x_wconf 77' lang='grc' dir='ltr'>καὶ</span> <span class='ocrx_word' id='word_1_725' title='bbox 3726 3676 3889 3746; x_wconf 75' lang='grc' dir='ltr'>εὑρέ-</span> 
     </span>
    </p>
   </div>
   <div class='ocr_carea' id='block_1_96' title="bbox 2290 3750 3884 3829">
    <p class='ocr_par' dir='ltr' id='par_1_96' title="bbox 2290 3750 3884 3829">
     <span class='ocr_line' id='line_1_96' title="bbox 2290 3750 3884 3829; baseline 0.012 -29"><span class='ocrx_word' id='word_1_726' title='bbox 2290 3764 2460 3812; x_wconf 88' lang='grc' dir='ltr'>νειαν,</span> <span class='ocrx_word' id='word_1_727' title='bbox 2500 3750 2851 3820; x_wconf 76' lang='grc' dir='ltr'>χρηστότητα</span> <span class='ocrx_word' id='word_1_728' title='bbox 2883 3755 2977 3804; x_wconf 73' lang='grc' dir='ltr'>καὶ</span> <span class='ocrx_word' id='word_1_729' title='bbox 3011 3753 3423 3824; x_wconf 75' lang='grc' dir='ltr'>φιλανθρωπίαν</span> <span class='ocrx_word' id='word_1_730' title='bbox 3463 3761 3884 3829; x_wconf 81' lang='grc' dir='ltr'>ἐπαγγέλλεται.</span> 
     </span>
    </p>
   </div>
   <div class='ocr_carea' id='block_1_97' title="bbox 2290 3839 3886 3929">
    <p class='ocr_par' dir='ltr' id='par_1_97' title="bbox 2290 3839 3886 3929">
     <span class='ocr_line' id='line_1_97' title="bbox 2290 3839 3886 3929; baseline 0.013 -39"><span class='ocrx_word' id='word_1_731' title='bbox 2290 3839 2465 3892; x_wconf 86' lang='grc' dir='ltr'>Πάλαι</span> <span class='ocrx_word' id='word_1_732' title='bbox 2510 3841 2608 3909; x_wconf 86' lang='grc' dir='ltr'><strong>μὲν</strong></span> <span class='ocrx_word' id='word_1_733' title='bbox 2657 3840 2766 3912; x_wconf 85' lang='grc' dir='ltr'><strong>γάρ</strong></span> <span class='ocrx_word' id='word_1_734' title='bbox 2799 3843 2848 3894; x_wconf 86' lang='grc' dir='ltr'>οἱ</span> <span class='ocrx_word' id='word_1_735' title='bbox 2899 3842 2958 3909; x_wconf 81' lang='grc' dir='ltr'><strong>ἐξ</strong></span> <span class='ocrx_word' id='word_1_736' title='bbox 3012 3844 3243 3914; x_wconf 82' lang='grc' dir='ltr'>αἵματος</span> <span class='ocrx_word' id='word_1_737' title='bbox 3277 3848 3513 3921; x_wconf 80' lang='grc' dir='ltr'>Ἰσραὴλ,</span> <span class='ocrx_word' id='word_1_738' title='bbox 3551 3852 3642 3906; x_wconf 79' lang='grc' dir='ltr'>διὰ</span> <span class='ocrx_word' id='word_1_739' title='bbox 3692 3856 3886 3929; x_wconf 73' lang='grc' dir='ltr'>πολλῆς</span> 
     </span>
    </p>
   </div>
   <div class='ocr_carea' id='block_1_98' title="bbox 2289 3930 3886 4015">
    <p class='ocr_par' dir='ltr' id='par_1_98' title="bbox 2289 3930 3886 4015">
     <span class='ocr_line' id='line_1_98' title="bbox 2289 3930 3886 4015; baseline 0.013 -31"><span class='ocrx_word' id='word_1_740' title='bbox 2289 3930 2428 3999; x_wconf 76' lang='grc' dir='ltr'>ἄγαν</span> <span class='ocrx_word' id='word_1_741' title='bbox 2456 3931 2737 3997; x_wconf 83' lang='grc' dir='ltr'>ἀπονοίας,</span> <span class='ocrx_word' id='word_1_742' title='bbox 2792 3935 2888 3987; x_wconf 76' lang='grc' dir='ltr'><strong>καὶ</strong></span> <span class='ocrx_word' id='word_1_743' title='bbox 2935 3938 3247 4003; x_wconf 83' lang='grc' dir='ltr'>πολυειδοῦς</span> <span class='ocrx_word' id='word_1_744' title='bbox 3275 3942 3631 4015; x_wconf 87' lang='grc' dir='ltr'>φαυλότητος,</span> <span class='ocrx_word' id='word_1_745' title='bbox 3666 3950 3764 4002; x_wconf 81' lang='grc' dir='ltr'><strong>καὶ</strong></span> <span class='ocrx_word' id='word_1_746' title='bbox 3796 3950 3886 4003; x_wconf 85' lang='grc' dir='ltr'><strong>τοῦ</strong></span> 
     </span>
    </p>
   </div>
   <div class='ocr_carea' id='block_1_99' title="bbox 2292 4022 3886 4103">
    <p class='ocr_par' dir='ltr' id='par_1_99' title="bbox 2292 4022 3886 4103">
     <span class='ocr_line' id='line_1_99' title="bbox 2292 4022 3886 4103; baseline 0.013 -29"><span class='ocrx_word' id='word_1_747' title='bbox 2292 4022 2368 4092; x_wconf 83' lang='grc' dir='ltr'>μὴ</span> <span class='ocrx_word' id='word_1_748' title='bbox 2397 4022 2801 4096; x_wconf 79' lang='grc' dir='ltr'>άνέχεσθαιζῇν</span> <span class='ocrx_word' id='word_1_749' title='bbox 2828 4026 3026 4097; x_wconf 84' lang='grc' dir='ltr'>ὀρθῶς,</span> <span class='ocrx_word' id='word_1_750' title='bbox 3056 4032 3483 4103; x_wconf 88' lang='grc' dir='ltr'>παροτρύνοντες</span> <span class='ocrx_word' id='word_1_751' title='bbox 3502 4035 3780 4094; x_wconf 82' lang='grc' dir='ltr'>διετέλουν</span> <span class='ocrx_word' id='word_1_752' title='bbox 3800 4042 3886 4094; x_wconf 73' lang='grc' dir='ltr'><strong>τὸν</strong></span> 
     </span>
    </p>
   </div>
   <div class='ocr_carea' id='block_1_100' title="bbox 2289 4113 3886 4199">
    <p class='ocr_par' dir='ltr' id='par_1_100' title="bbox 2289 4113 3886 4199">
     <span class='ocr_line' id='line_1_100' title="bbox 2289 4113 3886 4199; baseline 0.014 -35"><span class='ocrx_word' id='word_1_753' title='bbox 2289 4113 2398 4165; x_wconf 85' lang='grc' dir='ltr'><strong>τῶν</strong></span> <span class='ocrx_word' id='word_1_754' title='bbox 2419 4113 2556 4167; x_wconf 83' lang='grc' dir='ltr'>ὅλων</span> <span class='ocrx_word' id='word_1_755' title='bbox 2605 4116 2909 4185; x_wconf 88' lang='grc' dir='ltr'>κρατοῦντα</span> <span class='ocrx_word' id='word_1_756' title='bbox 2941 4119 3102 4174; x_wconf 72' lang='grc' dir='ltr'>Θεόνο</span> <span class='ocrx_word' id='word_1_757' title='bbox 3139 4123 3343 4194; x_wconf 82' lang='grc' dir='ltr'>ταύτης</span> <span class='ocrx_word' id='word_1_758' title='bbox 3373 4124 3536 4180; x_wconf 78' lang='grc' dir='ltr'>ἕνεκα</span> <span class='ocrx_word' id='word_1_759' title='bbox 3570 4128 3675 4199; x_wconf 83' lang='grc' dir='ltr'>τῆς</span> <span class='ocrx_word' id='word_1_760' title='bbox 3707 4133 3886 4197; x_wconf 83' lang='grc' dir='ltr'>αἰτίας</span> 
     </span>
    </p>
   </div>
   <div class='ocr_carea' id='block_1_101' title="bbox 2290 4204 3884 4293">
    <p class='ocr_par' dir='ltr' id='par_1_101' title="bbox 2290 4204 3884 4293">
     <span class='ocr_line' id='line_1_101' title="bbox 2290 4204 3884 4293; baseline 0.014 -36"><span class='ocrx_word' id='word_1_761' title='bbox 2290 4204 2433 4258; x_wconf 82' lang='grc' dir='ltr'>κατὰ</span> <span class='ocrx_word' id='word_1_762' title='bbox 2461 4207 2687 4271; x_wconf 80' lang='grc' dir='ltr'>πολλοὺς</span> <span class='ocrx_word' id='word_1_763' title='bbox 2712 4210 2964 4280; x_wconf 69' lang='grc' dir='ltr'>ᾐκίζοντο</span> <span class='ocrx_word' id='word_1_764' title='bbox 2991 4213 3226 4283; x_wconf 82' lang='grc' dir='ltr'>τρόπους</span> <span class='ocrx_word' id='word_1_765' title='bbox 3246 4230 3264 4246; x_wconf 80' lang='grc'><em>’</em></span> <span class='ocrx_word' id='word_1_766' title='bbox 3294 4217 3423 4271; x_wconf 86' lang='grc' dir='ltr'>ποτὲ</span> <span class='ocrx_word' id='word_1_767' title='bbox 3453 4219 3552 4286; x_wconf 86' lang='grc' dir='ltr'>μὲν</span> <span class='ocrx_word' id='word_1_768' title='bbox 3608 4224 3723 4293; x_wconf 77' lang='grc' dir='ltr'><strong>γάρ</strong></span> <span class='ocrx_word' id='word_1_769' title='bbox 3752 4241 3884 4278; x_wconf 81' lang='grc' dir='ltr'>κατ-</span> 
     </span>
    </p>
   </div>
   <div class='ocr_carea' id='block_1_102' title="bbox 2294 4295 3885 4384">
    <p class='ocr_par' dir='ltr' id='par_1_102' title="bbox 2294 4295 3885 4384">
     <span class='ocr_line' id='line_1_102' title="bbox 2294 4295 3885 4384; baseline 0.014 -37"><span class='ocrx_word' id='word_1_770' title='bbox 2294 4295 2608 4368; x_wconf 77' lang='grc' dir='ltr'>εφθείροντο</span> <span class='ocrx_word' id='word_1_771' title='bbox 2633 4298 2702 4352; x_wconf 85' lang='grc' dir='ltr'>τὰ</span> <span class='ocrx_word' id='word_1_772' title='bbox 2725 4301 2781 4352; x_wconf 82' lang='grc' dir='ltr'><strong>ἐν</strong></span> <span class='ocrx_word' id='word_1_773' title='bbox 2809 4302 3017 4372; x_wconf 86' lang='grc' dir='ltr'>ἀγροῖς,</span> <span class='ocrx_word' id='word_1_774' title='bbox 3044 4304 3137 4358; x_wconf 75' lang='grc' dir='ltr'><strong>καὶ</strong></span> <span class='ocrx_word' id='word_1_775' title='bbox 3161 4307 3288 4367; x_wconf 78' lang='grc' dir='ltr'>τοὺς</span> <span class='ocrx_word' id='word_1_776' title='bbox 3324 4310 3416 4361; x_wconf 78' lang='grc' dir='ltr'><strong>ἐπὶ</strong></span> <span class='ocrx_word' id='word_1_777' title='bbox 3452 4314 3573 4376; x_wconf 86' lang='grc' dir='ltr'>ταῖς</span> <span class='ocrx_word' id='word_1_778' title='bbox 3596 4316 3885 4384; x_wconf 84' lang='grc' dir='ltr'>γηπονίαις</span> 
     </span>
    </p>
   </div>
   <div class='ocr_carea' id='block_1_103' title="bbox 2292 4388 3884 4474">
    <p class='ocr_par' dir='ltr' id='par_1_103' title="bbox 2292 4388 3884 4474">
     <span class='ocr_line' id='line_1_103' title="bbox 2292 4388 3884 4474; baseline 0.011 -35"><span class='ocrx_word' id='word_1_779' title='bbox 2292 4388 2522 4458; x_wconf 84' lang='grc' dir='ltr'>ἱδρῶτας</span> <span class='ocrx_word' id='word_1_780' title='bbox 2545 4389 2901 4461; x_wconf 78' lang='grc' dir='ltr'>ὑφιστάμενοι</span> <span class='ocrx_word' id='word_1_781' title='bbox 2932 4394 3131 4463; x_wconf 88' lang='grc' dir='ltr'>μάτην,</span> <span class='ocrx_word' id='word_1_782' title='bbox 3154 4394 3297 4467; x_wconf 82' lang='grc' dir='ltr'>λιμῷ</span> <span class='ocrx_word' id='word_1_783' title='bbox 3323 4402 3725 4472; x_wconf 81' lang='grc' dir='ltr'>κατετρύχοντο</span> <span class='ocrx_word' id='word_1_784' title='bbox 3742 4420 3760 4437; x_wconf 91' lang='grc'><strong>·</strong></span> <span class='ocrx_word' id='word_1_785' title='bbox 3795 4409 3884 4474; x_wconf 83' lang='grc' dir='ltr'><strong>τέ-</strong></span> 
     </span>
    </p>
   </div>
   <div class='ocr_carea' id='block_1_104' title="bbox 2289 4481 3885 4569">
    <p class='ocr_par' dir='ltr' id='par_1_104' title="bbox 2289 4481 3885 4569">
     <span class='ocr_line' id='line_1_104' title="bbox 2289 4481 3885 4569; baseline 0.014 -40"><span class='ocrx_word' id='word_1_786' title='bbox 2289 4495 2533 4549; x_wconf 82' lang='grc' dir='ltr'>γραπται</span> <span class='ocrx_word' id='word_1_787' title='bbox 2559 4481 2690 4550; x_wconf 83' lang='grc' dir='ltr'>γὰρ,</span> <span class='ocrx_word' id='word_1_788' title='bbox 2714 4482 2796 4534; x_wconf 83' lang='grc' dir='ltr'><strong>ὅτι</strong></span> <span class='ocrx_word' id='word_1_789' title='bbox 2831 4499 2850 4533; x_wconf 82' lang='grc' dir='ltr'><strong>ι</strong></span> <span class='ocrx_word' id='word_1_790' title='bbox 2886 4484 2995 4536; x_wconf 76' lang='grc' dir='ltr'><strong>Καὶ</strong></span> <span class='ocrx_word' id='word_1_791' title='bbox 3029 4484 3196 4537; x_wconf 79' lang='grc' dir='ltr'>ἔδωκε</span> <span class='ocrx_word' id='word_1_792' title='bbox 3217 4490 3283 4557; x_wconf 83' lang='grc' dir='ltr'>τῇ</span> <span class='ocrx_word' id='word_1_793' title='bbox 3313 4490 3542 4563; x_wconf 81' lang='grc' dir='ltr'>ὲρυσίδῃ</span> <span class='ocrx_word' id='word_1_794' title='bbox 3586 4496 3719 4559; x_wconf 80' lang='grc' dir='ltr'>τοὺς</span> <span class='ocrx_word' id='word_1_795' title='bbox 3752 4515 3885 4569; x_wconf 82' lang='grc' dir='ltr'>καρ-</span> 
     </span>
    </p>
   </div>
   <div class='ocr_carea' id='block_1_105' title="bbox 2294 4570 3877 4657">
    <p class='ocr_par' dir='ltr' id='par_1_105' title="bbox 2294 4570 3877 4657">
     <span class='ocr_line' id='line_1_105' title="bbox 2294 4570 3877 4657; baseline 0.015 -37"><span class='ocrx_word' id='word_1_796' title='bbox 2294 4570 2428 4632; x_wconf 77' lang='grc' dir='ltr'>ποὺς</span> <span class='ocrx_word' id='word_1_797' title='bbox 2457 4570 2658 4638; x_wconf 83' lang='grc' dir='ltr'>αὐτῶν,</span> <span class='ocrx_word' id='word_1_798' title='bbox 2700 4574 2793 4626; x_wconf 75' lang='grc' dir='ltr'>καὶ</span> <span class='ocrx_word' id='word_1_799' title='bbox 2842 4574 2971 4637; x_wconf 84' lang='grc' dir='ltr'>τοὺς</span> <span class='ocrx_word' id='word_1_800' title='bbox 3018 4576 3215 4640; x_wconf 80' lang='grc' dir='ltr'>πόνους</span> <span class='ocrx_word' id='word_1_801' title='bbox 3258 4579 3438 4635; x_wconf 77' lang='grc' dir='ltr'>αὐτῶν</span> <span class='ocrx_word' id='word_1_802' title='bbox 3489 4586 3557 4655; x_wconf 81' lang='grc' dir='ltr'>τῇ</span> <span class='ocrx_word' id='word_1_803' title='bbox 3605 4586 3815 4657; x_wconf 82' lang='grc' dir='ltr'>άκρίδι.</span> <span class='ocrx_word' id='word_1_804' title='bbox 3859 4611 3877 4642; x_wconf 78' lang='grc' dir='ltr'><strong>ι</strong></span> 
     </span>
    </p>
   </div>
   <div class='ocr_carea' id='block_1_106' title="bbox 2292 4660 3883 4749">
    <p class='ocr_par' dir='ltr' id='par_1_106' title="bbox 2292 4660 3883 4749">
     <span class='ocr_line' id='line_1_106' title="bbox 2292 4660 3883 4749; baseline 0.014 -37"><span class='ocrx_word' id='word_1_805' title='bbox 2292 4660 2521 4731; x_wconf 77' lang='grc' dir='ltr'>Εἴρηται</span> <span class='ocrx_word' id='word_1_806' title='bbox 2543 4661 2601 4715; x_wconf 80' lang='grc' dir='ltr'>δέ</span> <span class='ocrx_word' id='word_1_807' title='bbox 2627 4679 2733 4716; x_wconf 91' lang='grc' dir='ltr'><strong>που</strong></span> <span class='ocrx_word' id='word_1_808' title='bbox 2774 4664 2912 4733; x_wconf 81' lang='grc' dir='ltr'>πρὸς</span> <span class='ocrx_word' id='word_1_809' title='bbox 2940 4665 3139 4731; x_wconf 81' lang='grc' dir='ltr'>αὐτοὺς</span> <span class='ocrx_word' id='word_1_810' title='bbox 3172 4670 3267 4723; x_wconf 73' lang='grc' dir='ltr'><strong>καὶ</strong></span> <span class='ocrx_word' id='word_1_811' title='bbox 3298 4671 3366 4725; x_wconf 81' lang='grc' dir='ltr'>δι’</span> <span class='ocrx_word' id='word_1_812' title='bbox 3398 4673 3518 4738; x_wconf 77' lang='grc' dir='ltr'>ἐνὸς</span> <span class='ocrx_word' id='word_1_813' title='bbox 3547 4676 3659 4730; x_wconf 85' lang='grc' dir='ltr'><strong>τῶν</strong></span> <span class='ocrx_word' id='word_1_814' title='bbox 3708 4681 3883 4749; x_wconf 78' lang='grc' dir='ltr'>ἁγίων</span> 
     </span>
    </p>
   </div>
   <div class='ocr_carea' id='block_1_107' title="bbox 2289 4752 3881 4839">
    <p class='ocr_par' dir='ltr' id='par_1_107' title="bbox 2289 4752 3881 4839">
     <span class='ocr_line' id='line_1_107' title="bbox 2289 4752 3881 4839; baseline 0.015 -36"><span class='ocrx_word' id='word_1_815' title='bbox 2289 4752 2603 4823; x_wconf 82' lang='grc' dir='ltr'>προφητῶν·</span> <span class='ocrx_word' id='word_1_816' title='bbox 2646 4774 2663 4806; x_wconf 80' lang='grc' dir='ltr'><strong>ι</strong></span> <span class='ocrx_word' id='word_1_817' title='bbox 2712 4755 2785 4809; x_wconf 79' lang='grc' dir='ltr'><strong>Σὺ</strong></span> <span class='ocrx_word' id='word_1_818' title='bbox 2832 4759 3073 4825; x_wconf 87' lang='grc' dir='ltr'>σπερεῖς,</span> <span class='ocrx_word' id='word_1_819' title='bbox 3118 4760 3214 4813; x_wconf 82' lang='grc' dir='ltr'>καὶ</span> <span class='ocrx_word' id='word_1_820' title='bbox 3249 4763 3311 4815; x_wconf 90' lang='grc' dir='ltr'><strong>ού</strong></span> <span class='ocrx_word' id='word_1_821' title='bbox 3373 4764 3450 4836; x_wconf 78' lang='grc' dir='ltr'>μὴ</span> <span class='ocrx_word' id='word_1_822' title='bbox 3501 4767 3739 4839; x_wconf 82' lang='grc' dir='ltr'>ἀμήσεις</span> <span class='ocrx_word' id='word_1_823' title='bbox 3768 4790 3780 4803; x_wconf 71' lang='grc' dir='ltr'><strong>ο</strong></span> <span class='ocrx_word' id='word_1_824' title='bbox 3818 4775 3881 4828; x_wconf 76' lang='grc' dir='ltr'>σὺ</span> 
     </span>
    </p>
   </div>
   <div class='ocr_carea' id='block_1_108' title="bbox 2287 4844 3883 4925">
    <p class='ocr_par' dir='ltr' id='par_1_108' title="bbox 2287 4844 3883 4925">
     <span class='ocr_line' id='line_1_108' title="bbox 2287 4844 3883 4925; baseline 0.016 -30"><span class='ocrx_word' id='word_1_825' title='bbox 2287 4844 2497 4907; x_wconf 81' lang='grc' dir='ltr'>πιέσεις</span> <span class='ocrx_word' id='word_1_826' title='bbox 2522 4844 2727 4911; x_wconf 84' lang='grc' dir='ltr'>ἐλαίαν,</span> <span class='ocrx_word' id='word_1_827' title='bbox 2772 4848 2867 4900; x_wconf 74' lang='grc' dir='ltr'>καὶ</span> <span class='ocrx_word' id='word_1_828' title='bbox 2896 4850 2958 4901; x_wconf 88' lang='grc' dir='ltr'><strong>ού</strong></span> <span class='ocrx_word' id='word_1_829' title='bbox 3000 4852 3074 4921; x_wconf 84' lang='grc' dir='ltr'>μὴ</span> <span class='ocrx_word' id='word_1_830' title='bbox 3109 4852 3304 4925; x_wconf 73' lang='grc' dir='ltr'>ἀλείψῃ</span> <span class='ocrx_word' id='word_1_831' title='bbox 3336 4854 3537 4923; x_wconf 75' lang='grc' dir='ltr'>ἔλαιον,</span> <span class='ocrx_word' id='word_1_832' title='bbox 3585 4865 3684 4915; x_wconf 74' lang='grc' dir='ltr'>καὶ</span> <span class='ocrx_word' id='word_1_833' title='bbox 3738 4860 3883 4919; x_wconf 77' lang='grc' dir='ltr'>οἶνον</span> 
     </span>
    </p>
   </div>
   <div class='ocr_carea' id='block_1_109' title="bbox 2280 4935 3883 5019">
    <p class='ocr_par' dir='ltr' id='par_1_109' title="bbox 2280 4935 3883 5019">
     <span class='ocr_line' id='line_1_109' title="bbox 2280 4935 3883 5019; baseline 0.016 -32"><span class='ocrx_word' id='word_1_834' title='bbox 2280 4935 2340 4987; x_wconf 84' lang='grc' dir='ltr'><strong>ού</strong></span> <span class='ocrx_word' id='word_1_835' title='bbox 2376 4935 2451 5007; x_wconf 83' lang='grc' dir='ltr'>μὴ</span> <span class='ocrx_word' id='word_1_836' title='bbox 2501 4936 2679 5008; x_wconf 84' lang='grc' dir='ltr'>πίητε.</span> <span class='ocrx_word' id='word_1_837' title='bbox 2716 4958 2736 4992; x_wconf 80' lang='grc' dir='ltr'><strong>ι</strong></span> <span class='ocrx_word' id='word_1_838' title='bbox 2774 4941 2884 4994; x_wconf 80' lang='grc' dir='ltr'><strong>Καὶ</strong></span> <span class='ocrx_word' id='word_1_839' title='bbox 2942 4943 3124 4997; x_wconf 88' lang='grc' dir='ltr'>πάλιν·</span> <span class='ocrx_word' id='word_1_840' title='bbox 3172 4964 3192 4996; x_wconf 81' lang='grc' dir='ltr'><strong>ι</strong></span> <span class='ocrx_word' id='word_1_841' title='bbox 3236 4947 3432 5011; x_wconf 86' lang='grc' dir='ltr'>Οίκους</span> <span class='ocrx_word' id='word_1_842' title='bbox 3477 4950 3708 5019; x_wconf 75' lang='grc' dir='ltr'>ξυστοὺς</span> <span class='ocrx_word' id='word_1_843' title='bbox 3739 4960 3883 5012; x_wconf 73' lang='grc' dir='ltr'>οἰκο-</span> 
     </span>
    </p>
   </div>
   <div class='ocr_carea' id='block_1_110' title="bbox 2276 5026 3882 5117">
    <p class='ocr_par' dir='ltr' id='par_1_110' title="bbox 2276 5026 3882 5117">
     <span class='ocr_line' id='line_1_110' title="bbox 2276 5026 3882 5117; baseline 0.015 -38"><span class='ocrx_word' id='word_1_844' title='bbox 2276 5026 2561 5099; x_wconf 80' lang='grc' dir='ltr'>δομήσετε,</span> <span class='ocrx_word' id='word_1_845' title='bbox 2597 5032 2690 5084; x_wconf 79' lang='grc' dir='ltr'><strong>καὶ</strong></span> <span class='ocrx_word' id='word_1_846' title='bbox 2721 5032 2783 5086; x_wconf 88' lang='grc' dir='ltr'><strong>ού</strong></span> <span class='ocrx_word' id='word_1_847' title='bbox 2810 5033 2885 5106; x_wconf 80' lang='grc' dir='ltr'>μὴ</span> <span class='ocrx_word' id='word_1_848' title='bbox 2914 5036 3279 5108; x_wconf 80' lang='grc' dir='ltr'>κατοικήσητε</span> <span class='ocrx_word' id='word_1_849' title='bbox 3301 5040 3358 5093; x_wconf 89' lang='grc' dir='ltr'><strong>ἐν</strong></span> <span class='ocrx_word' id='word_1_850' title='bbox 3377 5042 3594 5107; x_wconf 82' lang='grc' dir='ltr'>αὐτοῖς·</span> <span class='ocrx_word' id='word_1_851' title='bbox 3618 5049 3882 5117; x_wconf 80' lang='grc' dir='ltr'>ἀμπελῶ-</span> 
     </span>
    </p>
   </div>
   <div class='ocr_carea' id='block_1_111' title="bbox 2277 5120 3879 5205">
    <p class='ocr_par' dir='ltr' id='par_1_111' title="bbox 2277 5120 3879 5205">
     <span class='ocr_line' id='line_1_111' title="bbox 2277 5120 3879 5205; baseline 0.014 -35"><span class='ocrx_word' id='word_1_852' title='bbox 2277 5135 2371 5182; x_wconf 90' lang='grc' dir='ltr'><strong>νας</strong></span> <span class='ocrx_word' id='word_1_853' title='bbox 2392 5120 2763 5191; x_wconf 71' lang='grc' dir='ltr'>ἐπιθυμητοὺς</span> <span class='ocrx_word' id='word_1_854' title='bbox 2783 5124 3097 5193; x_wconf 86' lang='grc' dir='ltr'>φυτεύσετε,</span> <span class='ocrx_word' id='word_1_855' title='bbox 3122 5129 3217 5180; x_wconf 78' lang='grc' dir='ltr'>καὶ</span> <span class='ocrx_word' id='word_1_856' title='bbox 3242 5129 3302 5181; x_wconf 85' lang='grc' dir='ltr'><strong>οὐ</strong></span> <span class='ocrx_word' id='word_1_857' title='bbox 3331 5130 3405 5201; x_wconf 83' lang='grc' dir='ltr'><strong>μὴ</strong></span> <span class='ocrx_word' id='word_1_858' title='bbox 3427 5133 3588 5205; x_wconf 81' lang='grc' dir='ltr'>πίητε</span> <span class='ocrx_word' id='word_1_859' title='bbox 3620 5138 3707 5190; x_wconf 72' lang='grc' dir='ltr'><strong>τὸν</strong></span> <span class='ocrx_word' id='word_1_860' title='bbox 3734 5135 3879 5193; x_wconf 80' lang='grc' dir='ltr'>οἶνον</span> 
     </span>
    </p>
   </div>
   <div class='ocr_carea' id='block_1_112' title="bbox 2276 5210 3877 5290">
    <p class='ocr_par' dir='ltr' id='par_1_112' title="bbox 2276 5210 3877 5290">
     <span class='ocr_line' id='line_1_112' title="bbox 2276 5210 3877 5290; baseline 0.013 -29"><span class='ocrx_word' id='word_1_861' title='bbox 2276 5210 2471 5265; x_wconf 78' lang='grc' dir='ltr'>αὐτῶν.</span> <span class='ocrx_word' id='word_1_862' title='bbox 2523 5231 2541 5263; x_wconf 77' lang='grc' dir='ltr'><strong>ι</strong></span> <span class='ocrx_word' id='word_1_863' title='bbox 2594 5213 2951 5285; x_wconf 76' lang='grc' dir='ltr'>Ἐπεφέροντο</span> <span class='ocrx_word' id='word_1_864' title='bbox 2975 5216 3082 5290; x_wconf 83' lang='grc' dir='ltr'><strong>γάρ</strong></span> <span class='ocrx_word' id='word_1_865' title='bbox 3108 5218 3292 5283; x_wconf 83' lang='grc' dir='ltr'>αὐτοῖς</span> <span class='ocrx_word' id='word_1_866' title='bbox 3329 5221 3442 5274; x_wconf 78' lang='grc' dir='ltr'>ἐσθ’</span> <span class='ocrx_word' id='word_1_867' title='bbox 3463 5224 3553 5277; x_wconf 86' lang='grc' dir='ltr'>ὅτε</span> <span class='ocrx_word' id='word_1_868' title='bbox 3588 5228 3689 5281; x_wconf 78' lang='grc' dir='ltr'>καὶ</span> <span class='ocrx_word' id='word_1_869' title='bbox 3712 5231 3877 5282; x_wconf 81' lang='grc' dir='ltr'>πολέ-</span> 
     </span>
    </p>
   </div>
   <div class='ocr_carea' id='block_1_113' title="bbox 2278 5303 3875 5380">
    <p class='ocr_par' dir='ltr' id='par_1_113' title="bbox 2278 5303 3875 5380">
     <span class='ocr_line' id='line_1_113' title="bbox 2278 5303 3875 5380; baseline 0.014 -29"><span class='ocrx_word' id='word_1_870' title='bbox 2278 5318 2394 5371; x_wconf 86' lang='grc' dir='ltr'><strong>μων</strong></span> <span class='ocrx_word' id='word_1_871' title='bbox 2424 5303 2675 5373; x_wconf 73' lang='grc' dir='ltr'>ἐμϐολαὶ,</span> <span class='ocrx_word' id='word_1_872' title='bbox 2702 5305 2842 5359; x_wconf 81' lang='grc' dir='ltr'>ὥστε</span> <span class='ocrx_word' id='word_1_873' title='bbox 2874 5309 3000 5372; x_wconf 79' lang='grc' dir='ltr'>τοὺς</span> <span class='ocrx_word' id='word_1_874' title='bbox 3033 5313 3132 5380; x_wconf 74' lang='grc' dir='ltr'>μὲν</span> <span class='ocrx_word' id='word_1_875' title='bbox 3170 5315 3285 5376; x_wconf 88' lang='grc' dir='ltr'>τοῖς</span> <span class='ocrx_word' id='word_1_876' title='bbox 3312 5313 3493 5369; x_wconf 84' lang='grc' dir='ltr'>αὐτῶν</span> <span class='ocrx_word' id='word_1_877' title='bbox 3530 5316 3875 5373; x_wconf 78' lang='grc' dir='ltr'>δαπανᾶσθαι</span> 
     </span>
    </p>
   </div>
   <div class='ocr_carea' id='block_1_114' title="bbox 2274 5392 3879 5469">
    <p class='ocr_par' dir='ltr' id='par_1_114' title="bbox 2274 5392 3879 5469">
     <span class='ocr_line' id='line_1_114' title="bbox 2274 5392 3879 5469; baseline 0.012 -25"><span class='ocrx_word' id='word_1_878' title='bbox 2274 5392 2474 5461; x_wconf 74' lang='grc' dir='ltr'>ξίφεσι,</span> <span class='ocrx_word' id='word_1_879' title='bbox 2510 5395 2634 5457; x_wconf 74' lang='grc' dir='ltr'>τοὺς</span> <span class='ocrx_word' id='word_1_880' title='bbox 2665 5396 2720 5449; x_wconf 90' lang='grc' dir='ltr'>δὲ</span> <span class='ocrx_word' id='word_1_881' title='bbox 2768 5397 2831 5449; x_wconf 83' lang='grc' dir='ltr'>τὸ</span> <span class='ocrx_word' id='word_1_882' title='bbox 2881 5399 3076 5456; x_wconf 86' lang='grc' dir='ltr'>παθεῖν</span> <span class='ocrx_word' id='word_1_883' title='bbox 3129 5403 3391 5469; x_wconf 86' lang='grc' dir='ltr'>δεδιότας,</span> <span class='ocrx_word' id='word_1_884' title='bbox 3427 5406 3522 5459; x_wconf 81' lang='grc' dir='ltr'><strong>καὶ</strong></span> <span class='ocrx_word' id='word_1_885' title='bbox 3568 5409 3737 5461; x_wconf 76' lang='grc' dir='ltr'>οἴκων</span> <span class='ocrx_word' id='word_1_886' title='bbox 3777 5413 3879 5463; x_wconf 74' lang='grc' dir='ltr'>αύ-</span> 
     </span>
    </p>
   </div>
   <div class='ocr_carea' id='block_1_115' title="bbox 2276 5480 3878 5572">
    <p class='ocr_par' dir='ltr' id='par_1_115' title="bbox 2276 5480 3878 5572">
     <span class='ocr_line' id='line_1_115' title="bbox 2276 5480 3878 5572; baseline 0.013 -38"><span class='ocrx_word' id='word_1_887' title='bbox 2276 5480 2385 5538; x_wconf 85' lang='grc' dir='ltr'>τῶν</span> <span class='ocrx_word' id='word_1_888' title='bbox 2425 5484 2519 5536; x_wconf 77' lang='grc' dir='ltr'><strong>καὶ</strong></span> <span class='ocrx_word' id='word_1_889' title='bbox 2561 5485 2661 5556; x_wconf 82' lang='grc' dir='ltr'>τῆς</span> <span class='ocrx_word' id='word_1_890' title='bbox 2698 5488 3030 5563; x_wconf 78' lang='grc' dir='ltr'>ἐνεγκούσης</span> <span class='ocrx_word' id='word_1_891' title='bbox 3085 5494 3389 5567; x_wconf 78' lang='grc' dir='ltr'>άποπηδᾷν,</span> <span class='ocrx_word' id='word_1_892' title='bbox 3444 5495 3537 5551; x_wconf 79' lang='grc' dir='ltr'>καὶ</span> <span class='ocrx_word' id='word_1_893' title='bbox 3571 5500 3655 5563; x_wconf 88' lang='grc' dir='ltr'><strong>είς</strong></span> <span class='ocrx_word' id='word_1_894' title='bbox 3680 5501 3878 5572; x_wconf 82' lang='grc' dir='ltr'>ἐτέρας</span> 
     </span>
    </p>
   </div>
   <div class='ocr_carea' id='block_1_116' title="bbox 2280 5676 3874 5767">
    <p class='ocr_par' dir='ltr' id='par_1_116' title="bbox 2280 5676 3874 5767">
     <span class='ocr_line' id='line_1_116' title="bbox 2280 5676 3874 5767; baseline 0.008 -28"><span class='ocrx_word' id='word_1_895' title='bbox 2280 5676 2527 5767; x_wconf 29' lang='lat' dir='ltr'><strong>nia}:</strong></span> <span class='ocrx_word' id='word_1_896' title='bbox 2586 5684 2645 5767; x_wconf 52' lang='lat' dir='ltr'><strong>ff</strong></span> <span class='ocrx_word' id='word_1_897' title='bbox 2672 5684 2849 5743; x_wconf 80' lang='lat' dir='ltr'><strong>Galat.</strong></span> <span class='ocrx_word' id='word_1_898' title='bbox 2877 5703 2941 5757; x_wconf 87' lang='grc' dir='ltr'><strong>ιι,</strong></span> <span class='ocrx_word' id='word_1_899' title='bbox 2983 5690 3071 5758; x_wconf 82' lang='lat' dir='ltr'><strong>l5,</strong></span> <span class='ocrx_word' id='word_1_900' title='bbox 3114 5691 3201 5747; x_wconf 80' lang='lat' dir='ltr'><strong>l6.</strong></span> <span class='ocrx_word' id='word_1_901' title='bbox 3306 5694 3352 5727; x_wconf 81' lang='lat'><strong>&quot;</strong></span> <span class='ocrx_word' id='word_1_902' title='bbox 3372 5694 3529 5753; x_wconf 86' lang='lat' dir='ltr'><strong>Deut.</strong></span> <span class='ocrx_word' id='word_1_903' title='bbox 3566 5696 3874 5767; x_wconf 76' lang='lat' dir='ltr'><strong>xxvn.27;</strong></span> 
     </span>
    </p>
   </div>
  </div>
