  <div class='ocr_page' id='page_1' title='image "/cluster/home/n/w/nwhite01/storage/ocr_20150623/70/hvd.32044019207901/720.png"; bbox 0 0 4096 6496; ppageno 0'>
   <div class='ocr_carea' id='block_1_1' title="bbox 251 399 393 457">
    <p class='ocr_par' dir='ltr' id='par_1_1' title="bbox 251 399 393 457">
     <span class='ocr_line' id='line_1_1' title="bbox 251 399 393 457; baseline 0 -1"><span class='ocrx_word' id='word_1_1' title='bbox 251 399 393 457; x_wconf 72' lang='grc'><strong>1425</strong></span> 
     </span>
    </p>
   </div>
   <div class='ocr_carea' id='block_1_2' title="bbox 1378 403 2388 465">
    <p class='ocr_par' dir='ltr' id='par_1_2' title="bbox 1378 403 2388 465">
     <span class='ocr_line' id='line_1_2' title="bbox 1378 403 2388 465; baseline 0.003 -4"><span class='ocrx_word' id='word_1_2' title='bbox 1378 406 1446 461; x_wconf 78' lang='lat' dir='ltr'><strong>IN</strong></span> <span class='ocrx_word' id='word_1_3' title='bbox 1483 405 1713 464; x_wconf 76' lang='lat' dir='ltr'><strong>ISAIAM</strong></span> <span class='ocrx_word' id='word_1_4' title='bbox 1754 403 1883 461; x_wconf 84' lang='lat' dir='ltr'><strong>LIB.</strong></span> <span class='ocrx_word' id='word_1_5' title='bbox 1923 405 1988 461; x_wconf 83' lang='lat' dir='ltr'><strong>V.</strong></span> <span class='ocrx_word' id='word_1_6' title='bbox 2029 405 2262 465; x_wconf 81' lang='lat' dir='ltr'><strong>TOMUS</strong></span> <span class='ocrx_word' id='word_1_7' title='bbox 2302 407 2388 464; x_wconf 78' lang='grc' dir='ltr'>νι.</span> 
     </span>
    </p>
   </div>
   <div class='ocr_carea' id='block_1_3' title="bbox 3359 411 3494 469">
    <p class='ocr_par' dir='ltr' id='par_1_3' title="bbox 3359 411 3494 469">
     <span class='ocr_line' id='line_1_3' title="bbox 3359 411 3494 469; baseline 0 0"><span class='ocrx_word' id='word_1_8' title='bbox 3359 411 3494 469; x_wconf 74' lang='grc' dir='ltr'><strong>ΗΞϐ</strong></span> 
     </span>
    </p>
   </div>
   <div class='ocr_carea' id='block_1_4' title="bbox 250 510 1816 594">
    <p class='ocr_par' dir='ltr' id='par_1_4' title="bbox 250 510 1816 592">
     <span class='ocr_line' id='line_1_4' title="bbox 250 510 1816 592; baseline 0.004 -28"><span class='ocrx_word' id='word_1_9' title='bbox 250 510 669 583; x_wconf 74' lang='grc' dir='ltr'><strong>μετανίστασθαι</strong></span> <span class='ocrx_word' id='word_1_10' title='bbox 723 513 939 585; x_wconf 82' lang='grc' dir='ltr'>χώρας·</span> <span class='ocrx_word' id='word_1_11' title='bbox 1000 516 1139 571; x_wconf 79' lang='grc' dir='ltr'>ἀλλὰ</span> <span class='ocrx_word' id='word_1_12' title='bbox 1184 522 1344 573; x_wconf 76' lang='grc' dir='ltr'>ταυτὶ</span> <span class='ocrx_word' id='word_1_13' title='bbox 1384 520 1484 592; x_wconf 82' lang='grc' dir='ltr'>μὲν</span> <span class='ocrx_word' id='word_1_14' title='bbox 1510 523 1558 574; x_wconf 70' lang='lat' dir='ltr'><strong>oi</strong></span> <span class='ocrx_word' id='word_1_15' title='bbox 1604 518 1816 574; x_wconf 73' lang='grc' dir='ltr'>παλαιοὶ</span> 
     </span>
    </p>
   </div>
   <div class='ocr_carea' id='block_1_5' title="bbox 1915 510 3496 594">
    <p class='ocr_par' dir='ltr' id='par_1_5' title="bbox 1924 518 3496 594">
     <span class='ocr_line' id='line_1_5' title="bbox 1924 518 3496 594; baseline 0.005 -22"><span class='ocrx_word' id='word_1_16' title='bbox 1924 518 2148 589; x_wconf 83' lang='lat' dir='ltr'><strong>gratiam</strong></span> <span class='ocrx_word' id='word_1_17' title='bbox 2172 520 2373 576; x_wconf 87' lang='lat' dir='ltr'><strong>Christi</strong></span> <span class='ocrx_word' id='word_1_18' title='bbox 2423 535 2521 590; x_wconf 89' lang='lat' dir='ltr'><strong>per</strong></span> <span class='ocrx_word' id='word_1_19' title='bbox 2566 521 2723 579; x_wconf 82' lang='lat' dir='ltr'><strong>ﬁdem</strong></span> <span class='ocrx_word' id='word_1_20' title='bbox 2793 520 3160 594; x_wconf 90' lang='lat' dir='ltr'><strong>arripuerunt,</strong></span> <span class='ocrx_word' id='word_1_21' title='bbox 3189 531 3244 580; x_wconf 88' lang='lat' dir='ltr'><strong>et</strong></span> <span class='ocrx_word' id='word_1_22' title='bbox 3306 524 3496 580; x_wconf 86' lang='lat' dir='ltr'><strong>sordes</strong></span> 
     </span>
    </p>
   </div>
   <div class='ocr_carea' id='block_1_6' title="bbox 248 603 1819 683">
    <p class='ocr_par' dir='ltr' id='par_1_6' title="bbox 248 603 1819 683">
     <span class='ocr_line' id='line_1_6' title="bbox 248 603 1819 683; baseline 0.005 -26"><span class='ocrx_word' id='word_1_23' title='bbox 248 603 569 671; x_wconf 75' lang='grc' dir='ltr'><strong>πεπόνθασι,</strong></span> <span class='ocrx_word' id='word_1_24' title='bbox 596 606 691 659; x_wconf 80' lang='grc' dir='ltr'><strong>καὶ</strong></span> <span class='ocrx_word' id='word_1_25' title='bbox 705 607 801 677; x_wconf 86' lang='grc' dir='ltr'><strong>οὐχ</strong></span> <span class='ocrx_word' id='word_1_26' title='bbox 822 607 990 673; x_wconf 79' lang='grc' dir='ltr'>ἅπαξ,</span> <span class='ocrx_word' id='word_1_27' title='bbox 1022 610 1110 663; x_wconf 85' lang='grc' dir='ltr'>διὰ</span> <span class='ocrx_word' id='word_1_28' title='bbox 1134 610 1335 683; x_wconf 78' lang='grc' dir='ltr'>πολλὴν</span> <span class='ocrx_word' id='word_1_29' title='bbox 1367 612 1659 683; x_wconf 79' lang='grc' dir='ltr'>ἁμαρτίαν·</span> <span class='ocrx_word' id='word_1_30' title='bbox 1678 613 1731 665; x_wconf 85' lang='grc' dir='ltr'><strong>οῖ</strong></span> <span class='ocrx_word' id='word_1_31' title='bbox 1757 628 1819 681; x_wconf 75' lang='grc' dir='ltr'><strong>γε</strong></span> 
     </span>
    </p>
   </div>
   <div class='ocr_carea' id='block_1_7' title="bbox 251 696 1817 775">
    <p class='ocr_par' dir='ltr' id='par_1_7' title="bbox 251 696 1817 775">
     <span class='ocr_line' id='line_1_7' title="bbox 251 696 1817 775; baseline 0.006 -27"><span class='ocrx_word' id='word_1_32' title='bbox 251 696 358 768; x_wconf 80' lang='grc' dir='ltr'>μὴν</span> <span class='ocrx_word' id='word_1_33' title='bbox 384 696 442 751; x_wconf 80' lang='grc' dir='ltr'>ὲν</span> <span class='ocrx_word' id='word_1_34' title='bbox 468 697 686 768; x_wconf 83' lang='grc' dir='ltr'>Χριστῷ</span> <span class='ocrx_word' id='word_1_35' title='bbox 716 700 815 770; x_wconf 81' lang='grc' dir='ltr'>τὴν</span> <span class='ocrx_word' id='word_1_36' title='bbox 846 700 933 755; x_wconf 87' lang='grc' dir='ltr'><strong>διά</strong></span> <span class='ocrx_word' id='word_1_37' title='bbox 982 701 1215 767; x_wconf 86' lang='grc' dir='ltr'>πίστεως</span> <span class='ocrx_word' id='word_1_38' title='bbox 1254 703 1595 774; x_wconf 82' lang='grc' dir='ltr'>ἁρπάσαντες</span> <span class='ocrx_word' id='word_1_39' title='bbox 1639 704 1817 775; x_wconf 82' lang='grc' dir='ltr'><strong>χάριν,</strong></span> 
     </span>
    </p>
   </div>
   <div class='ocr_carea' id='block_1_8' title="bbox 246 787 1820 866">
    <p class='ocr_par' dir='ltr' id='par_1_8' title="bbox 246 787 1820 866">
     <span class='ocr_line' id='line_1_8' title="bbox 246 787 1820 866; baseline 0.005 -26"><span class='ocrx_word' id='word_1_40' title='bbox 246 787 344 840; x_wconf 84' lang='grc' dir='ltr'><strong>καὶ</strong></span> <span class='ocrx_word' id='word_1_41' title='bbox 386 788 513 851; x_wconf 79' lang='grc' dir='ltr'>τοὺς</span> <span class='ocrx_word' id='word_1_42' title='bbox 539 788 603 841; x_wconf 85' lang='grc' dir='ltr'>ὲκ</span> <span class='ocrx_word' id='word_1_43' title='bbox 631 788 732 859; x_wconf 89' lang='grc' dir='ltr'>τῆς</span> <span class='ocrx_word' id='word_1_44' title='bbox 759 790 1035 863; x_wconf 81' lang='grc' dir='ltr'>ἁμαρτίας</span> <span class='ocrx_word' id='word_1_45' title='bbox 1076 792 1477 865; x_wconf 81' lang='grc' dir='ltr'><strong>ἀπονιψάμενοι</strong></span> <span class='ocrx_word' id='word_1_46' title='bbox 1510 794 1820 866; x_wconf 78' lang='grc' dir='ltr'>μολυσμοὺς</span> 
     </span>
    </p>
   </div>
   <div class='ocr_carea' id='block_1_9' title="bbox 245 876 1818 957">
    <p class='ocr_par' dir='ltr' id='par_1_9' title="bbox 245 876 1818 957">
     <span class='ocr_line' id='line_1_9' title="bbox 245 876 1818 957; baseline 0.005 -28"><span class='ocrx_word' id='word_1_47' title='bbox 245 876 337 930; x_wconf 78' lang='grc' dir='ltr'>διὰ</span> <span class='ocrx_word' id='word_1_48' title='bbox 365 877 459 931; x_wconf 83' lang='grc' dir='ltr'>τοῦ</span> <span class='ocrx_word' id='word_1_49' title='bbox 492 878 649 947; x_wconf 82' lang='grc' dir='ltr'><strong>ἁγίου</strong></span> <span class='ocrx_word' id='word_1_50' title='bbox 690 880 1083 953; x_wconf 83' lang='grc' dir='ltr'><strong>βαπτίσματος,</strong></span> <span class='ocrx_word' id='word_1_51' title='bbox 1128 885 1190 938; x_wconf 86' lang='grc' dir='ltr'>οὐ</span> <span class='ocrx_word' id='word_1_52' title='bbox 1222 887 1334 949; x_wconf 86' lang='grc' dir='ltr'>τοῖς</span> <span class='ocrx_word' id='word_1_53' title='bbox 1384 886 1608 941; x_wconf 79' lang='grc' dir='ltr'>ἐκείνων</span> <span class='ocrx_word' id='word_1_54' title='bbox 1661 902 1818 957; x_wconf 89' lang='grc' dir='ltr'>περι-</span> 
     </span>
    </p>
   </div>
   <div class='ocr_carea' id='block_1_10' title="bbox 248 968 1818 1049">
    <p class='ocr_par' dir='ltr' id='par_1_10' title="bbox 248 968 1818 1049">
     <span class='ocr_line' id='line_1_10' title="bbox 248 968 1818 1049; baseline 0.008 -29"><span class='ocrx_word' id='word_1_55' title='bbox 248 968 536 1023; x_wconf 87' lang='grc' dir='ltr'>πεσοῦνται</span> <span class='ocrx_word' id='word_1_56' title='bbox 569 974 779 1037; x_wconf 80' lang='grc' dir='ltr'><strong>κακοῖς,</strong></span> <span class='ocrx_word' id='word_1_57' title='bbox 808 973 931 1028; x_wconf 75' lang='grc' dir='ltr'>οὔτε</span> <span class='ocrx_word' id='word_1_58' title='bbox 975 975 1083 1047; x_wconf 85' lang='grc' dir='ltr'>μὴν</span> <span class='ocrx_word' id='word_1_59' title='bbox 1129 976 1238 1031; x_wconf 89' lang='grc' dir='ltr'><strong>τῶν</strong></span> <span class='ocrx_word' id='word_1_60' title='bbox 1274 977 1460 1041; x_wconf 80' lang='grc' dir='ltr'>αὐτοῖς</span> <span class='ocrx_word' id='word_1_61' title='bbox 1506 979 1818 1049; x_wconf 82' lang='grc' dir='ltr'>πεπονημέ-</span> 
     </span>
    </p>
   </div>
   <div class='ocr_carea' id='block_1_11' title="bbox 244 1062 1818 1139">
    <p class='ocr_par' dir='ltr' id='par_1_11' title="bbox 244 1062 1818 1139">
     <span class='ocr_line' id='line_1_11' title="bbox 244 1062 1818 1139; baseline 0.008 -30"><span class='ocrx_word' id='word_1_62' title='bbox 244 1073 354 1110; x_wconf 88' lang='grc' dir='ltr'><strong>νων</strong></span> <span class='ocrx_word' id='word_1_63' title='bbox 392 1062 774 1131; x_wconf 79' lang='grc' dir='ltr'><strong>πνευματικῶς</strong></span> <span class='ocrx_word' id='word_1_64' title='bbox 816 1063 1074 1134; x_wconf 86' lang='grc' dir='ltr'><strong>ἀδόκητον</strong></span> <span class='ocrx_word' id='word_1_65' title='bbox 1119 1066 1448 1139; x_wconf 80' lang='grc' dir='ltr'>ὑπομενοῦσι</span> <span class='ocrx_word' id='word_1_66' title='bbox 1474 1067 1707 1139; x_wconf 82' lang='grc' dir='ltr'><strong>ζημίαν·</strong></span> <span class='ocrx_word' id='word_1_67' title='bbox 1739 1068 1818 1121; x_wconf 84' lang='grc' dir='ltr'><strong>ὲν-</strong></span> 
     </span>
    </p>
   </div>
   <div class='ocr_carea' id='block_1_12' title="bbox 244 1150 1817 1231">
    <p class='ocr_par' dir='ltr' id='par_1_12' title="bbox 244 1150 1817 1231">
     <span class='ocr_line' id='line_1_12' title="bbox 244 1150 1817 1231; baseline 0.009 -32"><span class='ocrx_word' id='word_1_68' title='bbox 244 1150 579 1220; x_wconf 81' lang='grc' dir='ltr'>τρυφήσουσι</span> <span class='ocrx_word' id='word_1_69' title='bbox 592 1150 648 1205; x_wconf 83' lang='grc' dir='ltr'>δὲ</span> <span class='ocrx_word' id='word_1_70' title='bbox 670 1153 866 1222; x_wconf 78' lang='grc' dir='ltr'>μᾶλλον</span> <span class='ocrx_word' id='word_1_71' title='bbox 883 1158 995 1219; x_wconf 83' lang='grc' dir='ltr'>τοῖς</span> <span class='ocrx_word' id='word_1_72' title='bbox 1019 1157 1223 1212; x_wconf 79' lang='grc' dir='ltr'>ἑαυτῶν</span> <span class='ocrx_word' id='word_1_73' title='bbox 1243 1159 1647 1231; x_wconf 84' lang='grc' dir='ltr'>κατορθώμασι,</span> <span class='ocrx_word' id='word_1_74' title='bbox 1675 1159 1817 1213; x_wconf 88' lang='grc' dir='ltr'><strong>κατά</strong></span> 
     </span>
    </p>
   </div>
   <div class='ocr_carea' id='block_1_13' title="bbox 240 1239 1814 1323">
    <p class='ocr_par' dir='ltr' id='par_1_13' title="bbox 240 1239 1814 1323">
     <span class='ocr_line' id='line_1_13' title="bbox 240 1239 1814 1323; baseline 0.008 -29"><span class='ocrx_word' id='word_1_75' title='bbox 240 1239 304 1294; x_wconf 81' lang='grc' dir='ltr'>τὸ</span> <span class='ocrx_word' id='word_1_76' title='bbox 328 1242 385 1293; x_wconf 80' lang='grc' dir='ltr'>ὲν</span> <span class='ocrx_word' id='word_1_77' title='bbox 406 1242 653 1314; x_wconf 79' lang='grc' dir='ltr'><strong>Ψαλμοῖς</strong></span> <span class='ocrx_word' id='word_1_78' title='bbox 683 1246 1047 1319; x_wconf 84' lang='grc' dir='ltr'>ὑμνούμενον·</span> <span class='ocrx_word' id='word_1_79' title='bbox 1086 1269 1103 1302; x_wconf 82' lang='grc' dir='ltr'><strong>ι</strong></span> <span class='ocrx_word' id='word_1_80' title='bbox 1138 1250 1277 1315; x_wconf 84' lang='grc' dir='ltr'>Τοὺς</span> <span class='ocrx_word' id='word_1_81' title='bbox 1307 1251 1500 1314; x_wconf 82' lang='grc' dir='ltr'>πόνους</span> <span class='ocrx_word' id='word_1_82' title='bbox 1533 1251 1640 1305; x_wconf 90' lang='grc' dir='ltr'><strong>τῶν</strong></span> <span class='ocrx_word' id='word_1_83' title='bbox 1678 1268 1814 1323; x_wconf 85' lang='grc' dir='ltr'>καρ-</span> 
     </span>
    </p>
   </div>
   <div class='ocr_carea' id='block_1_14' title="bbox 243 1330 1815 1412">
    <p class='ocr_par' dir='ltr' id='par_1_14' title="bbox 243 1330 1815 1412">
     <span class='ocr_line' id='line_1_14' title="bbox 243 1330 1815 1412; baseline 0.01 -30"><span class='ocrx_word' id='word_1_84' title='bbox 243 1330 361 1384; x_wconf 86' lang='grc' dir='ltr'><strong>πῶν</strong></span> <span class='ocrx_word' id='word_1_85' title='bbox 384 1348 477 1384; x_wconf 90' lang='grc' dir='ltr'><strong>σου</strong></span> <span class='ocrx_word' id='word_1_86' title='bbox 508 1334 762 1403; x_wconf 76' lang='grc' dir='ltr'><strong>φάγεσαι·</strong></span> <span class='ocrx_word' id='word_1_87' title='bbox 802 1356 821 1391; x_wconf 72' lang='grc' dir='ltr'><strong>ι</strong></span> <span class='ocrx_word' id='word_1_88' title='bbox 856 1339 1084 1411; x_wconf 85' lang='grc' dir='ltr'>καρπῶν</span> <span class='ocrx_word' id='word_1_89' title='bbox 1110 1341 1417 1412; x_wconf 83' lang='grc' dir='ltr'>λεγομένων</span> <span class='ocrx_word' id='word_1_90' title='bbox 1441 1342 1549 1397; x_wconf 90' lang='grc' dir='ltr'><strong>τῶν</strong></span> <span class='ocrx_word' id='word_1_91' title='bbox 1571 1343 1815 1398; x_wconf 81' lang='grc' dir='ltr'>κάτωθεν</span> 
     </span>
    </p>
   </div>
   <div class='ocr_carea' id='block_1_15' title="bbox 240 1421 1811 1505">
    <p class='ocr_par' dir='ltr' id='par_1_15' title="bbox 240 1421 1811 1505">
     <span class='ocr_line' id='line_1_15' title="bbox 240 1421 1811 1505; baseline 0.01 -32"><span class='ocrx_word' id='word_1_92' title='bbox 240 1421 344 1491; x_wconf 79' lang='grc' dir='ltr'>τῆς</span> <span class='ocrx_word' id='word_1_93' title='bbox 380 1423 637 1497; x_wconf 88' lang='grc' dir='ltr'>παλάμης</span> <span class='ocrx_word' id='word_1_94' title='bbox 668 1428 904 1499; x_wconf 85' lang='grc' dir='ltr'>σαρκῶν.</span> <span class='ocrx_word' id='word_1_95' title='bbox 946 1432 1226 1487; x_wconf 79' lang='grc' dir='ltr'>Ἐκϐάλλει</span> <span class='ocrx_word' id='word_1_96' title='bbox 1246 1434 1358 1505; x_wconf 85' lang='grc' dir='ltr'>γὰρ</span> <span class='ocrx_word' id='word_1_97' title='bbox 1383 1434 1580 1499; x_wconf 79' lang='grc' dir='ltr'>αὐτοὺς</span> <span class='ocrx_word' id='word_1_98' title='bbox 1603 1434 1775 1499; x_wconf 84' lang='grc' dir='ltr'>ούδείς</span> <span class='ocrx_word' id='word_1_99' title='bbox 1795 1452 1811 1467; x_wconf 94' lang='grc'><strong>·</strong></span> 
     </span>
    </p>
   </div>
   <div class='ocr_carea' id='block_1_16' title="bbox 238 1512 1815 1597">
    <p class='ocr_par' dir='ltr' id='par_1_16' title="bbox 238 1512 1815 1597">
     <span class='ocr_line' id='line_1_16' title="bbox 238 1512 1815 1597; baseline 0.013 -33"><span class='ocrx_word' id='word_1_100' title='bbox 238 1512 365 1567; x_wconf 71' lang='grc' dir='ltr'>οὔτε</span> <span class='ocrx_word' id='word_1_101' title='bbox 394 1514 501 1584; x_wconf 76' lang='grc' dir='ltr'>μὴν</span> <span class='ocrx_word' id='word_1_102' title='bbox 533 1517 862 1593; x_wconf 76' lang='grc' dir='ltr'>άποσοόήσει</span> <span class='ocrx_word' id='word_1_103' title='bbox 907 1524 1037 1577; x_wconf 79' lang='grc' dir='ltr'>ποτὲ</span> <span class='ocrx_word' id='word_1_104' title='bbox 1082 1525 1178 1594; x_wconf 85' lang='grc' dir='ltr'>τῆς</span> <span class='ocrx_word' id='word_1_105' title='bbox 1229 1525 1593 1597; x_wconf 74' lang='grc' dir='ltr'>δοθησομένης</span> <span class='ocrx_word' id='word_1_106' title='bbox 1628 1526 1815 1590; x_wconf 83' lang='grc' dir='ltr'>αὐτοῖς</span> 
     </span>
    </p>
   </div>
   <div class='ocr_carea' id='block_1_17' title="bbox 240 1603 1809 1688">
    <p class='ocr_par' dir='ltr' id='par_1_17' title="bbox 240 1603 1809 1688">
     <span class='ocr_line' id='line_1_17' title="bbox 240 1603 1809 1688; baseline 0.01 -34"><span class='ocrx_word' id='word_1_107' title='bbox 240 1603 394 1673; x_wconf 82' lang='grc' dir='ltr'>παρὰ</span> <span class='ocrx_word' id='word_1_108' title='bbox 410 1604 542 1659; x_wconf 85' lang='grc' dir='ltr'><strong>Θεοῦ</strong></span> <span class='ocrx_word' id='word_1_109' title='bbox 574 1609 758 1680; x_wconf 85' lang='grc' dir='ltr'>μονῆς.</span> <span class='ocrx_word' id='word_1_110' title='bbox 791 1612 988 1669; x_wconf 73' lang='grc' dir='ltr'><strong>Πολ)ιαῖ⁵</strong></span> <span class='ocrx_word' id='word_1_111' title='bbox 1010 1614 1119 1685; x_wconf 77' lang='grc' dir='ltr'><strong>γάρ</strong></span> <span class='ocrx_word' id='word_1_112' title='bbox 1145 1618 1302 1685; x_wconf 73' lang='grc' dir='ltr'>μοναὶ</span> <span class='ocrx_word' id='word_1_113' title='bbox 1327 1615 1475 1688; x_wconf 86' lang='grc' dir='ltr'><strong>παρά</strong></span> <span class='ocrx_word' id='word_1_114' title='bbox 1499 1615 1578 1687; x_wconf 82' lang='grc' dir='ltr'><strong>τῷ</strong></span> <span class='ocrx_word' id='word_1_115' title='bbox 1602 1617 1776 1688; x_wconf 83' lang='grc' dir='ltr'>Πατρί</span> <span class='ocrx_word' id='word_1_116' title='bbox 1796 1632 1809 1647; x_wconf 93' lang='grc'><strong>·</strong></span> 
     </span>
    </p>
   </div>
   <div class='ocr_carea' id='block_1_18' title="bbox 239 1694 1810 1779">
    <p class='ocr_par' dir='ltr' id='par_1_18' title="bbox 239 1694 1810 1779">
     <span class='ocr_line' id='line_1_18' title="bbox 239 1694 1810 1779; baseline 0.01 -33"><span class='ocrx_word' id='word_1_117' title='bbox 239 1694 358 1747; x_wconf 84' lang='grc' dir='ltr'>ἀλλ’</span> <span class='ocrx_word' id='word_1_118' title='bbox 387 1697 494 1750; x_wconf 81' lang='grc' dir='ltr'>οὐδ’</span> <span class='ocrx_word' id='word_1_119' title='bbox 529 1698 594 1752; x_wconf 83' lang='grc' dir='ltr'>ἂν</span> <span class='ocrx_word' id='word_1_120' title='bbox 623 1700 1019 1759; x_wconf 80' lang='grc' dir='ltr'>ἀποπεσοῦνται</span> <span class='ocrx_word' id='word_1_121' title='bbox 1048 1705 1141 1759; x_wconf 77' lang='grc' dir='ltr'>τοῦ</span> <span class='ocrx_word' id='word_1_122' title='bbox 1170 1706 1371 1778; x_wconf 86' lang='grc' dir='ltr'>κλήρου</span> <span class='ocrx_word' id='word_1_123' title='bbox 1396 1706 1489 1761; x_wconf 84' lang='grc' dir='ltr'><strong>τοῦ</strong></span> <span class='ocrx_word' id='word_1_124' title='bbox 1516 1707 1810 1779; x_wconf 85' lang='grc' dir='ltr'>δοθησομέ-</span> 
     </span>
    </p>
   </div>
   <div class='ocr_carea' id='block_1_19' title="bbox 239 1790 1807 1872">
    <p class='ocr_par' dir='ltr' id='par_1_19' title="bbox 239 1790 1807 1872">
     <span class='ocr_line' id='line_1_19' title="bbox 239 1790 1807 1872; baseline 0.009 -33"><span class='ocrx_word' id='word_1_125' title='bbox 239 1804 332 1840; x_wconf 90' lang='grc' dir='ltr'><strong>νου</strong></span> <span class='ocrx_word' id='word_1_126' title='bbox 360 1790 453 1842; x_wconf 75' lang='grc' dir='ltr'>καὶ</span> <span class='ocrx_word' id='word_1_127' title='bbox 489 1792 787 1862; x_wconf 78' lang='grc' dir='ltr'>πρέποντος</span> <span class='ocrx_word' id='word_1_128' title='bbox 818 1799 937 1862; x_wconf 88' lang='grc' dir='ltr'>ταῖς</span> <span class='ocrx_word' id='word_1_129' title='bbox 976 1800 1193 1870; x_wconf 81' lang='grc' dir='ltr'>νοηταῖς</span> <span class='ocrx_word' id='word_1_130' title='bbox 1225 1799 1404 1853; x_wconf 81' lang='grc' dir='ltr'>αὐτῶν</span> <span class='ocrx_word' id='word_1_131' title='bbox 1447 1799 1772 1872; x_wconf 83' lang='grc' dir='ltr'>εὐκαρπίαις</span> <span class='ocrx_word' id='word_1_132' title='bbox 1794 1817 1807 1831; x_wconf 96' lang='grc'><strong>·</strong></span> 
     </span>
    </p>
   </div>
   <div class='ocr_carea' id='block_1_20' title="bbox 1921 609 3494 679">
    <p class='ocr_par' dir='ltr' id='par_1_20' title="bbox 1921 609 3494 679">
     <span class='ocr_line' id='line_1_20' title="bbox 1921 609 3494 679; baseline 0 -16"><span class='ocrx_word' id='word_1_133' title='bbox 1921 609 2126 679; x_wconf 90' lang='lat' dir='ltr'><strong>peccati</strong></span> <span class='ocrx_word' id='word_1_134' title='bbox 2155 624 2251 679; x_wconf 93' lang='lat' dir='ltr'><strong>per</strong></span> <span class='ocrx_word' id='word_1_135' title='bbox 2289 625 2501 665; x_wconf 91' lang='lat' dir='ltr'><strong>sacrum</strong></span> <span class='ocrx_word' id='word_1_136' title='bbox 2534 611 2813 667; x_wconf 85' lang='lat' dir='ltr'><strong>lavacrum</strong></span> <span class='ocrx_word' id='word_1_137' title='bbox 2848 612 3156 677; x_wconf 88' lang='lat' dir='ltr'><strong>abluerunt,</strong></span> <span class='ocrx_word' id='word_1_138' title='bbox 3191 612 3243 666; x_wconf 93' lang='lat' dir='ltr'><strong>in</strong></span> <span class='ocrx_word' id='word_1_139' title='bbox 3282 611 3494 665; x_wconf 89' lang='lat' dir='ltr'><strong>illorum</strong></span> 
     </span>
    </p>
   </div>
   <div class='ocr_carea' id='block_1_21' title="bbox 1920 700 3492 773">
    <p class='ocr_par' dir='ltr' id='par_1_21' title="bbox 1920 700 3492 773">
     <span class='ocr_line' id='line_1_21' title="bbox 1920 700 3492 773; baseline 0.001 -18"><span class='ocrx_word' id='word_1_140' title='bbox 1920 700 2060 755; x_wconf 87' lang='lat' dir='ltr'><strong>mala</strong></span> <span class='ocrx_word' id='word_1_141' title='bbox 2091 714 2194 756; x_wconf 88' lang='lat' dir='ltr'><strong>non</strong></span> <span class='ocrx_word' id='word_1_142' title='bbox 2225 702 2484 768; x_wconf 85' lang='lat' dir='ltr'><strong>incident,</strong></span> <span class='ocrx_word' id='word_1_143' title='bbox 2518 718 2620 759; x_wconf 88' lang='lat' dir='ltr'><strong>nec</strong></span> <span class='ocrx_word' id='word_1_144' title='bbox 2654 718 2867 768; x_wconf 85' lang='lat' dir='ltr'><strong>eorum,</strong></span> <span class='ocrx_word' id='word_1_145' title='bbox 2900 703 2953 759; x_wconf 86' lang='lat' dir='ltr'><strong>in</strong></span> <span class='ocrx_word' id='word_1_146' title='bbox 2988 704 3188 773; x_wconf 86' lang='lat' dir='ltr'><strong>quibus</strong></span> <span class='ocrx_word' id='word_1_147' title='bbox 3245 703 3492 759; x_wconf 87' lang='lat' dir='ltr'><strong>elabora-</strong></span> 
     </span>
    </p>
   </div>
   <div class='ocr_carea' id='block_1_22' title="bbox 1916 791 3489 863">
    <p class='ocr_par' dir='ltr' id='par_1_22' title="bbox 1916 791 3489 863">
     <span class='ocr_line' id='line_1_22' title="bbox 1916 791 3489 863; baseline 0.003 -20"><span class='ocrx_word' id='word_1_148' title='bbox 1916 798 2113 845; x_wconf 86' lang='lat' dir='ltr'><strong>verunt</strong></span> <span class='ocrx_word' id='word_1_149' title='bbox 2138 791 2511 859; x_wconf 86' lang='lat' dir='ltr'><strong>spiritualiter,</strong></span> <span class='ocrx_word' id='word_1_150' title='bbox 2553 794 2806 847; x_wconf 85' lang='lat' dir='ltr'><strong>damnum</strong></span> <span class='ocrx_word' id='word_1_151' title='bbox 2842 792 3320 863; x_wconf 82' lang='lat' dir='ltr'><strong>inexspectandum</strong></span> <span class='ocrx_word' id='word_1_152' title='bbox 3365 808 3489 848; x_wconf 57' lang='lat' dir='ltr'><strong>sus.</strong></span> 
     </span>
    </p>
   </div>
   <div class='ocr_carea' id='block_1_23' title="bbox 1918 879 3483 957">
    <p class='ocr_par' dir='ltr' id='par_1_23' title="bbox 1918 879 3483 957">
     <span class='ocr_line' id='line_1_23' title="bbox 1918 879 3483 957; baseline 0.004 -23"><span class='ocrx_word' id='word_1_153' title='bbox 1918 879 2204 949; x_wconf 89' lang='lat' dir='ltr'><strong>tinebunt;</strong></span> <span class='ocrx_word' id='word_1_154' title='bbox 2246 883 2341 937; x_wconf 86' lang='lat' dir='ltr'><strong>sed</strong></span> <span class='ocrx_word' id='word_1_155' title='bbox 2371 884 2784 939; x_wconf 86' lang='lat' dir='ltr'><strong>delectabuntur</strong></span> <span class='ocrx_word' id='word_1_156' title='bbox 2830 886 2941 941; x_wconf 88' lang='lat' dir='ltr'><strong>suis</strong></span> <span class='ocrx_word' id='word_1_157' title='bbox 2991 887 3250 957; x_wconf 65' lang='lat' dir='ltr'><strong>prmelare</strong></span> <span class='ocrx_word' id='word_1_158' title='bbox 3303 886 3483 950; x_wconf 87' lang='lat' dir='ltr'><strong>factis,</strong></span> 
     </span>
    </p>
   </div>
   <div class='ocr_carea' id='block_1_24' title="bbox 1914 970 3489 1043">
    <p class='ocr_par' dir='ltr' id='par_1_24' title="bbox 1914 970 3489 1043">
     <span class='ocr_line' id='line_1_24' title="bbox 1914 970 3489 1043; baseline 0.004 -18"><span class='ocrx_word' id='word_1_159' title='bbox 1914 970 2208 1027; x_wconf 81' lang='lat' dir='ltr'><strong>secundum</strong></span> <span class='ocrx_word' id='word_1_160' title='bbox 2276 974 2329 1028; x_wconf 91' lang='lat' dir='ltr'><strong>id</strong></span> <span class='ocrx_word' id='word_1_161' title='bbox 2384 976 2527 1043; x_wconf 89' lang='lat' dir='ltr'><strong>quod</strong></span> <span class='ocrx_word' id='word_1_162' title='bbox 2576 976 2628 1029; x_wconf 92' lang='lat' dir='ltr'><strong>in</strong></span> <span class='ocrx_word' id='word_1_163' title='bbox 2694 974 2921 1032; x_wconf 81' lang='lat' dir='ltr'><strong>Psalmis</strong></span> <span class='ocrx_word' id='word_1_164' title='bbox 2981 979 3322 1033; x_wconf 88' lang='lat' dir='ltr'><strong>decantatum</strong></span> <span class='ocrx_word' id='word_1_165' title='bbox 3370 988 3489 1033; x_wconf 90' lang='lat' dir='ltr'><strong>est:</strong></span> 
     </span>
    </p>
   </div>
   <div class='ocr_carea' id='block_1_25' title="bbox 1921 1062 3489 1131">
    <p class='ocr_par' dir='ltr' id='par_1_25' title="bbox 1921 1062 3489 1131">
     <span class='ocr_line' id='line_1_25' title="bbox 1921 1062 3489 1131; baseline 0.004 -16"><span class='ocrx_word' id='word_1_166' title='bbox 1921 1062 2179 1119; x_wconf 72' lang='lat' dir='ltr'><strong>«Fructus</strong></span> <span class='ocrx_word' id='word_1_167' title='bbox 2206 1064 2446 1119; x_wconf 89' lang='lat' dir='ltr'><strong>laborum</strong></span> <span class='ocrx_word' id='word_1_168' title='bbox 2465 1077 2676 1121; x_wconf 84' lang='lat' dir='ltr'><strong>tuorum</strong></span> <span class='ocrx_word' id='word_1_169' title='bbox 2708 1069 3054 1124; x_wconf 90' lang='lat' dir='ltr'><strong>manducahis</strong></span> <span class='ocrx_word' id='word_1_170' title='bbox 3076 1071 3151 1123; x_wconf 70' lang='grc' dir='ltr'><strong>’τε</strong></span> <span class='ocrx_word' id='word_1_171' title='bbox 3186 1070 3489 1131; x_wconf 71' lang='lat' dir='ltr'><strong>olaborum,</strong></span> 
     </span>
    </p>
   </div>
   <div class='ocr_carea' id='block_1_26' title="bbox 1915 1152 3491 1227">
    <p class='ocr_par' dir='ltr' id='par_1_26' title="bbox 1915 1152 3491 1227">
     <span class='ocr_line' id='line_1_26' title="bbox 1915 1152 3491 1227; baseline 0.004 -20"><span class='ocrx_word' id='word_1_172' title='bbox 1915 1152 2007 1224; x_wconf 91' lang='lat' dir='ltr'><strong>qui</strong></span> <span class='ocrx_word' id='word_1_173' title='bbox 2039 1154 2107 1209; x_wconf 89' lang='lat' dir='ltr'><strong>ab</strong></span> <span class='ocrx_word' id='word_1_174' title='bbox 2159 1154 2512 1212; x_wconf 83' lang='lat' dir='ltr'><strong>inferioribus</strong></span> <span class='ocrx_word' id='word_1_175' title='bbox 2578 1160 2896 1227; x_wconf 83' lang='lat' dir='ltr'><strong>corporibus</strong></span> <span class='ocrx_word' id='word_1_176' title='bbox 2950 1158 3263 1215; x_wconf 83' lang='lat' dir='ltr'><strong>tolerantur.</strong></span> <span class='ocrx_word' id='word_1_177' title='bbox 3322 1159 3491 1214; x_wconf 82' lang='lat' dir='ltr'><strong>Nemo</strong></span> 
     </span>
    </p>
   </div>
   <div class='ocr_carea' id='block_1_27' title="bbox 1913 1242 3489 1319">
    <p class='ocr_par' dir='ltr' id='par_1_27' title="bbox 1913 1242 3489 1319">
     <span class='ocr_line' id='line_1_27' title="bbox 1913 1242 3489 1319; baseline 0.006 -23"><span class='ocrx_word' id='word_1_178' title='bbox 1913 1243 2055 1297; x_wconf 91' lang='lat' dir='ltr'><strong>enim</strong></span> <span class='ocrx_word' id='word_1_179' title='bbox 2076 1242 2194 1301; x_wconf 91' lang='lat' dir='ltr'><strong>illos</strong></span> <span class='ocrx_word' id='word_1_180' title='bbox 2222 1245 2427 1316; x_wconf 87' lang='lat' dir='ltr'><strong>ejiciet,</strong></span> <span class='ocrx_word' id='word_1_181' title='bbox 2461 1261 2561 1303; x_wconf 83' lang='lat' dir='ltr'><strong>nec</strong></span> <span class='ocrx_word' id='word_1_182' title='bbox 2593 1262 2828 1319; x_wconf 83' lang='lat' dir='ltr'><strong>unquam</strong></span> <span class='ocrx_word' id='word_1_183' title='bbox 2884 1264 2913 1301; x_wconf 90' lang='lat' dir='ltr'><strong>a</strong></span> <span class='ocrx_word' id='word_1_184' title='bbox 2955 1250 3129 1303; x_wconf 89' lang='lat' dir='ltr'><strong>danda</strong></span> <span class='ocrx_word' id='word_1_185' title='bbox 3161 1248 3293 1319; x_wconf 88' lang='lat' dir='ltr'><strong>ipsis</strong></span> <span class='ocrx_word' id='word_1_186' title='bbox 3320 1264 3350 1303; x_wconf 89' lang='lat' dir='ltr'><strong>a</strong></span> <span class='ocrx_word' id='word_1_187' title='bbox 3379 1249 3489 1305; x_wconf 87' lang='lat' dir='ltr'><strong>Deo</strong></span> 
     </span>
    </p>
   </div>
   <div class='ocr_carea' id='block_1_28' title="bbox 1911 1333 3487 1411">
    <p class='ocr_par' dir='ltr' id='par_1_28' title="bbox 1911 1333 3487 1411">
     <span class='ocr_line' id='line_1_28' title="bbox 1911 1333 3487 1411; baseline 0.004 -24"><span class='ocrx_word' id='word_1_188' title='bbox 1911 1333 2038 1389; x_wconf 83' lang='lat' dir='ltr'><strong>sede</strong></span> <span class='ocrx_word' id='word_1_189' title='bbox 2061 1334 2324 1392; x_wconf 74' lang='lat' dir='ltr'><strong>detrudat.</strong></span> <span class='ocrx_word' id='word_1_190' title='bbox 2356 1336 2533 1394; x_wconf 69' lang='lat' dir='ltr'><strong>Multae</strong></span> <span class='ocrx_word' id='word_1_191' title='bbox 2571 1341 2712 1393; x_wconf 88' lang='lat' dir='ltr'><strong>enim</strong></span> <span class='ocrx_word' id='word_1_192' title='bbox 2742 1340 2896 1395; x_wconf 83' lang='lat' dir='ltr'><strong>sedes</strong></span> <span class='ocrx_word' id='word_1_193' title='bbox 2926 1351 3051 1395; x_wconf 90' lang='lat' dir='ltr'><strong>sunt</strong></span> <span class='ocrx_word' id='word_1_194' title='bbox 3086 1340 3223 1411; x_wconf 84' lang='lat' dir='ltr'><strong>apud</strong></span> <span class='ocrx_word' id='word_1_195' title='bbox 3250 1339 3487 1394; x_wconf 88' lang='lat' dir='ltr'><strong>Patrem.</strong></span> 
     </span>
    </p>
   </div>
   <div class='ocr_carea' id='block_1_29' title="bbox 1912 1424 3489 1502">
    <p class='ocr_par' dir='ltr' id='par_1_29' title="bbox 1912 1424 3489 1502">
     <span class='ocr_line' id='line_1_29' title="bbox 1912 1424 3489 1502; baseline 0.003 -23"><span class='ocrx_word' id='word_1_196' title='bbox 1912 1424 2018 1480; x_wconf 86' lang='lat' dir='ltr'><strong>Sed</strong></span> <span class='ocrx_word' id='word_1_197' title='bbox 2051 1440 2149 1482; x_wconf 89' lang='lat' dir='ltr'><strong>nec</strong></span> <span class='ocrx_word' id='word_1_198' title='bbox 2178 1442 2209 1481; x_wconf 89' lang='lat' dir='ltr'><strong>a</strong></span> <span class='ocrx_word' id='word_1_199' title='bbox 2238 1436 2383 1484; x_wconf 89' lang='lat' dir='ltr'><strong>sorte</strong></span> <span class='ocrx_word' id='word_1_200' title='bbox 2409 1429 2582 1485; x_wconf 85' lang='lat' dir='ltr'><strong>danda</strong></span> <span class='ocrx_word' id='word_1_201' title='bbox 2608 1440 2661 1486; x_wconf 92' lang='lat' dir='ltr'><strong>et</strong></span> <span class='ocrx_word' id='word_1_202' title='bbox 2690 1445 2816 1501; x_wconf 62' lang='lat' dir='ltr'><strong>quae</strong></span> <span class='ocrx_word' id='word_1_203' title='bbox 2851 1430 3117 1502; x_wconf 77' lang='lat' dir='ltr'><strong>spirituali</strong></span> <span class='ocrx_word' id='word_1_204' title='bbox 3173 1446 3359 1487; x_wconf 90' lang='lat' dir='ltr'><strong>eorum</strong></span> <span class='ocrx_word' id='word_1_205' title='bbox 3405 1430 3489 1485; x_wconf 81' lang='lat' dir='ltr'><strong>fe-</strong></span> 
     </span>
    </p>
   </div>
   <div class='ocr_carea' id='block_1_30' title="bbox 1910 1516 3482 1585">
    <p class='ocr_par' dir='ltr' id='par_1_30' title="bbox 1910 1516 3482 1585">
     <span class='ocr_line' id='line_1_30' title="bbox 1910 1516 3482 1585; baseline 0.001 -15"><span class='ocrx_word' id='word_1_206' title='bbox 1910 1516 2169 1571; x_wconf 86' lang='lat' dir='ltr'><strong>cunditati</strong></span> <span class='ocrx_word' id='word_1_207' title='bbox 2198 1519 2470 1585; x_wconf 80' lang='lat' dir='ltr'><strong>convenit,</strong></span> <span class='ocrx_word' id='word_1_208' title='bbox 2504 1520 2770 1576; x_wconf 89' lang='lat' dir='ltr'><strong>decident.</strong></span> <span class='ocrx_word' id='word_1_209' title='bbox 2811 1521 2928 1575; x_wconf 87' lang='lat' dir='ltr'><strong>Erit</strong></span> <span class='ocrx_word' id='word_1_210' title='bbox 2952 1521 3096 1576; x_wconf 89' lang='lat' dir='ltr'><strong>enim</strong></span> <span class='ocrx_word' id='word_1_211' title='bbox 3126 1522 3231 1575; x_wconf 85' lang='lat' dir='ltr'><strong>vita</strong></span> <span class='ocrx_word' id='word_1_212' title='bbox 3267 1535 3482 1581; x_wconf 91' lang='lat' dir='ltr'><strong>eorum,</strong></span> 
     </span>
    </p>
   </div>
   <div class='ocr_carea' id='block_1_31' title="bbox 1910 1605 3488 1682">
    <p class='ocr_par' dir='ltr' id='par_1_31' title="bbox 1910 1605 3488 1682">
     <span class='ocr_line' id='line_1_31' title="bbox 1910 1605 3488 1682; baseline 0.003 -21"><span class='ocrx_word' id='word_1_213' title='bbox 1910 1605 2103 1677; x_wconf 87' lang='lat' dir='ltr'><strong>inquit,</strong></span> <span class='ocrx_word' id='word_1_214' title='bbox 2156 1619 2215 1663; x_wconf 89' lang='lat' dir='ltr'><strong>ut</strong></span> <span class='ocrx_word' id='word_1_215' title='bbox 2277 1611 2390 1665; x_wconf 91' lang='lat' dir='ltr'><strong>dies</strong></span> <span class='ocrx_word' id='word_1_216' title='bbox 2446 1612 2571 1682; x_wconf 80' lang='lat' dir='ltr'><strong>ligni</strong></span> <span class='ocrx_word' id='word_1_217' title='bbox 2624 1614 2747 1668; x_wconf 68' lang='lat' dir='ltr'><strong>vita:</strong></span> <span class='ocrx_word' id='word_1_218' title='bbox 2783 1630 2797 1667; x_wconf 87' lang='lat'><strong>:</strong></span> <span class='ocrx_word' id='word_1_219' title='bbox 2832 1613 2883 1668; x_wconf 91' lang='lat' dir='ltr'><strong>id</strong></span> <span class='ocrx_word' id='word_1_220' title='bbox 2933 1622 3038 1677; x_wconf 82' lang='lat' dir='ltr'><strong>est,</strong></span> <span class='ocrx_word' id='word_1_221' title='bbox 3095 1621 3303 1667; x_wconf 88' lang='lat' dir='ltr'><strong>sancta.</strong></span> <span class='ocrx_word' id='word_1_222' title='bbox 3339 1611 3488 1666; x_wconf 83' lang='lat' dir='ltr'><strong>Talis</strong></span> 
     </span>
    </p>
   </div>
   <div class='ocr_carea' id='block_1_32' title="bbox 1912 1698 3483 1774">
    <p class='ocr_par' dir='ltr' id='par_1_32' title="bbox 1912 1698 3483 1774">
     <span class='ocr_line' id='line_1_32' title="bbox 1912 1698 3483 1774; baseline 0.004 -23"><span class='ocrx_word' id='word_1_223' title='bbox 1912 1698 2055 1752; x_wconf 85' lang='lat' dir='ltr'><strong>enim</strong></span> <span class='ocrx_word' id='word_1_224' title='bbox 2088 1709 2225 1767; x_wconf 89' lang='lat' dir='ltr'><strong>erat,</strong></span> <span class='ocrx_word' id='word_1_225' title='bbox 2254 1712 2379 1757; x_wconf 86' lang='lat' dir='ltr'><strong>ante</strong></span> <span class='ocrx_word' id='word_1_226' title='bbox 2407 1706 2886 1774; x_wconf 76' lang='lat' dir='ltr'><strong>transgressionem</strong></span> <span class='ocrx_word' id='word_1_227' title='bbox 2915 1744 2930 1771; x_wconf 94' lang='lat'><strong>,</strong></span> <span class='ocrx_word' id='word_1_228' title='bbox 2957 1705 3011 1759; x_wconf 91' lang='lat' dir='ltr'><strong>in</strong></span> <span class='ocrx_word' id='word_1_229' title='bbox 3046 1704 3234 1773; x_wconf 90' lang='lat' dir='ltr'><strong>primis</strong></span> <span class='ocrx_word' id='word_1_230' title='bbox 3281 1717 3483 1772; x_wconf 86' lang='lat' dir='ltr'><strong>paren-</strong></span> 
     </span>
    </p>
   </div>
   <div class='ocr_carea' id='block_1_33' title="bbox 1914 1787 3486 1865">
    <p class='ocr_par' dir='ltr' id='par_1_33' title="bbox 1914 1787 3486 1865">
     <span class='ocr_line' id='line_1_33' title="bbox 1914 1787 3486 1865; baseline 0.003 -24"><span class='ocrx_word' id='word_1_231' title='bbox 1914 1787 2082 1853; x_wconf 86' lang='lat' dir='ltr'><strong>tibus,</strong></span> <span class='ocrx_word' id='word_1_232' title='bbox 2108 1806 2230 1847; x_wconf 90' lang='lat' dir='ltr'><strong>cum</strong></span> <span class='ocrx_word' id='word_1_233' title='bbox 2261 1793 2425 1849; x_wconf 89' lang='lat' dir='ltr'><strong>etiam</strong></span> <span class='ocrx_word' id='word_1_234' title='bbox 2457 1794 2647 1851; x_wconf 88' lang='lat' dir='ltr'><strong>liceret</strong></span> <span class='ocrx_word' id='word_1_235' title='bbox 2695 1794 2804 1850; x_wconf 82' lang='lat' dir='ltr'><strong>illis</strong></span> <span class='ocrx_word' id='word_1_236' title='bbox 2840 1794 2969 1865; x_wconf 88' lang='lat' dir='ltr'><strong>ligni</strong></span> <span class='ocrx_word' id='word_1_237' title='bbox 3004 1795 3125 1849; x_wconf 76' lang='lat' dir='ltr'><strong>vita:</strong></span> <span class='ocrx_word' id='word_1_238' title='bbox 3159 1793 3272 1849; x_wconf 79' lang='lat' dir='ltr'><strong>fieri</strong></span> <span class='ocrx_word' id='word_1_239' title='bbox 3316 1790 3486 1861; x_wconf 89' lang='lat' dir='ltr'><strong>parti-</strong></span> 
     </span>
    </p>
   </div>
   <div class='ocr_carea' id='block_1_34' title="bbox 239 1874 1816 1962">
    <p class='ocr_par' dir='ltr' id='par_1_34' title="bbox 239 1878 1813 1962">
     <span class='ocr_line' id='line_1_34' title="bbox 239 1878 1813 1962; baseline 0.008 -32"><span class='ocrx_word' id='word_1_240' title='bbox 239 1878 393 1933; x_wconf 72' lang='grc' dir='ltr'>Ξσται</span> <span class='ocrx_word' id='word_1_241' title='bbox 414 1880 542 1953; x_wconf 84' lang='grc' dir='ltr'>γάρ,</span> <span class='ocrx_word' id='word_1_242' title='bbox 575 1886 809 1958; x_wconf 45' lang='lat' dir='ltr'><strong>(multa?)</strong></span> <span class='ocrx_word' id='word_1_243' title='bbox 840 1887 952 1961; x_wconf 74' lang='grc' dir='ltr'><strong>ζωὴ</strong></span> <span class='ocrx_word' id='word_1_244' title='bbox 980 1890 1160 1943; x_wconf 83' lang='grc' dir='ltr'>αὐτῶν</span> <span class='ocrx_word' id='word_1_245' title='bbox 1186 1891 1329 1945; x_wconf 78' lang='grc' dir='ltr'>κατὰ</span> <span class='ocrx_word' id='word_1_246' title='bbox 1355 1890 1454 1951; x_wconf 76' lang='grc' dir='ltr'>τὰς</span> <span class='ocrx_word' id='word_1_247' title='bbox 1482 1890 1694 1962; x_wconf 75' lang='grc' dir='ltr'>ἡμέρας</span> <span class='ocrx_word' id='word_1_248' title='bbox 1718 1889 1813 1943; x_wconf 82' lang='grc' dir='ltr'><strong>τοῦ</strong></span> 
     </span>
    </p>
   </div>
   <div class='ocr_carea' id='block_1_35' title="bbox 1915 1874 3487 1962">
    <p class='ocr_par' dir='ltr' id='par_1_35' title="bbox 1915 1878 3487 1954">
     <span class='ocr_line' id='line_1_35' title="bbox 1915 1878 3487 1954; baseline 0.002 -23"><span class='ocrx_word' id='word_1_249' title='bbox 1915 1878 2081 1947; x_wconf 84' lang='lat' dir='ltr'><strong>cipes,</strong></span> <span class='ocrx_word' id='word_1_250' title='bbox 2120 1883 2557 1939; x_wconf 84' lang='lat' dir='ltr'><strong>exsecratissimo</strong></span> <span class='ocrx_word' id='word_1_251' title='bbox 2607 1894 2660 1939; x_wconf 89' lang='lat' dir='ltr'><strong>et</strong></span> <span class='ocrx_word' id='word_1_252' title='bbox 2720 1885 2826 1940; x_wconf 92' lang='lat' dir='ltr'><strong>Deo</strong></span> <span class='ocrx_word' id='word_1_253' title='bbox 2874 1885 3045 1939; x_wconf 86' lang='lat' dir='ltr'><strong>inviso</strong></span> <span class='ocrx_word' id='word_1_254' title='bbox 3102 1891 3322 1954; x_wconf 82' lang='lat' dir='ltr'><strong>peccato</strong></span> <span class='ocrx_word' id='word_1_255' title='bbox 3351 1895 3487 1935; x_wconf 90' lang='lat' dir='ltr'><strong>non-</strong></span> 
     </span>
    </p>
   </div>
   <div class='ocr_carea' id='block_1_36' title="bbox 241 1966 1818 2051">
    <p class='ocr_par' dir='ltr' id='par_1_36' title="bbox 241 1966 1818 2051">
     <span class='ocr_line' id='line_1_36' title="bbox 241 1966 1818 2051; baseline 0.008 -31"><span class='ocrx_word' id='word_1_256' title='bbox 241 1966 398 2033; x_wconf 79' lang='grc' dir='ltr'>ξύλου</span> <span class='ocrx_word' id='word_1_257' title='bbox 429 1970 527 2041; x_wconf 86' lang='grc' dir='ltr'>τῆς</span> <span class='ocrx_word' id='word_1_258' title='bbox 550 1970 715 2043; x_wconf 78' lang='grc' dir='ltr'>ζωῆς,</span> <span class='ocrx_word' id='word_1_259' title='bbox 755 1976 1025 2031; x_wconf 84' lang='grc' dir='ltr'>τουτέστιν</span> <span class='ocrx_word' id='word_1_260' title='bbox 1063 1976 1289 2050; x_wconf 85' lang='grc' dir='ltr'>ἀγία[ν].</span> <span class='ocrx_word' id='word_1_261' title='bbox 1328 1977 1561 2051; x_wconf 78' lang='grc' dir='ltr'>Τοιαύτη</span> <span class='ocrx_word' id='word_1_262' title='bbox 1601 1978 1709 2050; x_wconf 81' lang='grc' dir='ltr'><strong>γάρ</strong></span> <span class='ocrx_word' id='word_1_263' title='bbox 1749 1974 1818 2050; x_wconf 79' lang='grc' dir='ltr'>ἦν</span> 
     </span>
    </p>
   </div>
   <div class='ocr_carea' id='block_1_37' title="bbox 240 2060 1818 2138">
    <p class='ocr_par' dir='ltr' id='par_1_37' title="bbox 240 2060 1818 2138">
     <span class='ocr_line' id='line_1_37' title="bbox 240 2060 1818 2138; baseline 0.006 -27"><span class='ocrx_word' id='word_1_264' title='bbox 240 2060 345 2131; x_wconf 80' lang='grc' dir='ltr'>πρὸ</span> <span class='ocrx_word' id='word_1_265' title='bbox 375 2061 474 2131; x_wconf 81' lang='grc' dir='ltr'>τῆς</span> <span class='ocrx_word' id='word_1_266' title='bbox 496 2064 858 2135; x_wconf 79' lang='grc' dir='ltr'>παραϐάσεως</span> <span class='ocrx_word' id='word_1_267' title='bbox 882 2067 940 2121; x_wconf 84' lang='grc' dir='ltr'>ὲν</span> <span class='ocrx_word' id='word_1_268' title='bbox 970 2071 1082 2132; x_wconf 87' lang='grc' dir='ltr'>τοῖς</span> <span class='ocrx_word' id='word_1_269' title='bbox 1112 2067 1578 2138; x_wconf 88' lang='grc' dir='ltr'>πρωτοπλάστοις,</span> <span class='ocrx_word' id='word_1_270' title='bbox 1611 2069 1698 2122; x_wconf 82' lang='grc' dir='ltr'>ὅτε</span> <span class='ocrx_word' id='word_1_271' title='bbox 1722 2070 1818 2123; x_wconf 77' lang='grc' dir='ltr'>καὶ</span> 
     </span>
    </p>
   </div>
   <div class='ocr_carea' id='block_1_38' title="bbox 239 2150 1815 2230">
    <p class='ocr_par' dir='ltr' id='par_1_38' title="bbox 239 2150 1815 2230">
     <span class='ocr_line' id='line_1_38' title="bbox 239 2150 1815 2230; baseline 0.006 -28"><span class='ocrx_word' id='word_1_272' title='bbox 239 2150 368 2222; x_wconf 79' lang='grc' dir='ltr'><strong>ἐξῆν</strong></span> <span class='ocrx_word' id='word_1_273' title='bbox 402 2153 583 2218; x_wconf 81' lang='grc' dir='ltr'>αὐτοῖς</span> <span class='ocrx_word' id='word_1_274' title='bbox 615 2155 674 2208; x_wconf 84' lang='grc' dir='ltr'>ὲν</span> <span class='ocrx_word' id='word_1_275' title='bbox 701 2155 915 2227; x_wconf 79' lang='grc' dir='ltr'>μεθέξει</span> <span class='ocrx_word' id='word_1_276' title='bbox 939 2157 1191 2226; x_wconf 86' lang='grc' dir='ltr'>γενέσθαι</span> <span class='ocrx_word' id='word_1_277' title='bbox 1214 2158 1308 2212; x_wconf 80' lang='grc' dir='ltr'><strong>τοῦ</strong></span> <span class='ocrx_word' id='word_1_278' title='bbox 1343 2157 1501 2226; x_wconf 81' lang='grc' dir='ltr'>ξύλου</span> <span class='ocrx_word' id='word_1_279' title='bbox 1528 2159 1628 2229; x_wconf 81' lang='grc' dir='ltr'>τῆς</span> <span class='ocrx_word' id='word_1_280' title='bbox 1650 2158 1815 2230; x_wconf 80' lang='grc' dir='ltr'>ζωῆς,</span> 
     </span>
    </p>
   </div>
   <div class='ocr_carea' id='block_1_39' title="bbox 238 2240 1818 2321">
    <p class='ocr_par' dir='ltr' id='par_1_39' title="bbox 238 2240 1818 2321">
     <span class='ocr_line' id='line_1_39' title="bbox 238 2240 1818 2321; baseline 0.006 -27"><span class='ocrx_word' id='word_1_281' title='bbox 238 2240 391 2295; x_wconf 70' lang='grc' dir='ltr'>οὔπω</span> <span class='ocrx_word' id='word_1_282' title='bbox 426 2244 526 2315; x_wconf 81' lang='grc' dir='ltr'>τῆς</span> <span class='ocrx_word' id='word_1_283' title='bbox 558 2244 949 2319; x_wconf 87' lang='grc' dir='ltr'>βδελυροτάτης</span> <span class='ocrx_word' id='word_1_284' title='bbox 980 2248 1073 2303; x_wconf 70' lang='grc' dir='ltr'>καὶ</span> <span class='ocrx_word' id='word_1_285' title='bbox 1119 2248 1406 2321; x_wconf 82' lang='grc' dir='ltr'>θεομισοῦς</span> <span class='ocrx_word' id='word_1_286' title='bbox 1429 2250 1703 2320; x_wconf 84' lang='grc' dir='ltr'>ἁμαρτίας</span> <span class='ocrx_word' id='word_1_287' title='bbox 1725 2249 1818 2304; x_wconf 89' lang='grc' dir='ltr'><strong>λα-</strong></span> 
     </span>
    </p>
   </div>
   <div class='ocr_carea' id='block_1_40' title="bbox 238 2334 1817 2412">
    <p class='ocr_par' dir='ltr' id='par_1_40' title="bbox 238 2334 1817 2412">
     <span class='ocr_line' id='line_1_40' title="bbox 238 2334 1817 2412; baseline 0.005 -25"><span class='ocrx_word' id='word_1_288' title='bbox 238 2334 441 2406; x_wconf 76' lang='grc' dir='ltr'>ὀούσης</span> <span class='ocrx_word' id='word_1_289' title='bbox 470 2337 632 2391; x_wconf 81' lang='grc' dir='ltr'>τόπον</span> <span class='ocrx_word' id='word_1_290' title='bbox 656 2339 714 2391; x_wconf 81' lang='grc' dir='ltr'>ὲν</span> <span class='ocrx_word' id='word_1_291' title='bbox 741 2340 944 2404; x_wconf 81' lang='grc' dir='ltr'>αὐτοῖς.</span> <span class='ocrx_word' id='word_1_292' title='bbox 978 2341 1321 2412; x_wconf 83' lang='grc' dir='ltr'>Προσεπάγει</span> <span class='ocrx_word' id='word_1_293' title='bbox 1362 2359 1416 2395; x_wconf 92' lang='grc' dir='ltr'><strong>τι</strong></span> <span class='ocrx_word' id='word_1_294' title='bbox 1443 2340 1679 2395; x_wconf 84' lang='grc' dir='ltr'>τοιοῦτον</span> <span class='ocrx_word' id='word_1_295' title='bbox 1722 2341 1817 2395; x_wconf 77' lang='grc' dir='ltr'>καὶ</span> 
     </span>
    </p>
   </div>
   <div class='ocr_carea' id='block_1_41' title="bbox 236 2427 1815 2505">
    <p class='ocr_par' dir='ltr' id='par_1_41' title="bbox 236 2427 1815 2505">
     <span class='ocr_line' id='line_1_41' title="bbox 236 2427 1815 2505; baseline 0.004 -26"><span class='ocrx_word' id='word_1_296' title='bbox 236 2427 427 2497; x_wconf 71' lang='grc' dir='ltr'>ἕτερον</span> <span class='ocrx_word' id='word_1_297' title='bbox 482 2428 582 2498; x_wconf 82' lang='grc' dir='ltr'>τῆς</span> <span class='ocrx_word' id='word_1_298' title='bbox 640 2432 975 2501; x_wconf 82' lang='grc' dir='ltr'>προφητείας</span> <span class='ocrx_word' id='word_1_299' title='bbox 1027 2435 1056 2486; x_wconf 83' lang='grc' dir='ltr'>ὁ</span> <span class='ocrx_word' id='word_1_300' title='bbox 1113 2432 1300 2502; x_wconf 84' lang='grc' dir='ltr'>λόγος·</span> <span class='ocrx_word' id='word_1_301' title='bbox 1333 2450 1351 2485; x_wconf 85' lang='grc' dir='ltr'><strong>ι</strong></span> <span class='ocrx_word' id='word_1_302' title='bbox 1392 2431 1475 2486; x_wconf 88' lang='grc' dir='ltr'>Τά</span> <span class='ocrx_word' id='word_1_303' title='bbox 1511 2432 1620 2505; x_wconf 84' lang='grc' dir='ltr'><strong>γὰρ</strong></span> <span class='ocrx_word' id='word_1_304' title='bbox 1659 2432 1815 2504; x_wconf 79' lang='grc' dir='ltr'>ἔργα,</span> 
     </span>
    </p>
   </div>
   <div class='ocr_carea' id='block_1_42' title="bbox 236 2516 1814 2591">
    <p class='ocr_par' dir='ltr' id='par_1_42' title="bbox 236 2516 1814 2591">
     <span class='ocr_line' id='line_1_42' title="bbox 236 2516 1814 2591; baseline 0.005 -22"><span class='ocrx_word' id='word_1_305' title='bbox 236 2516 392 2589; x_wconf 71' lang='grc' dir='ltr'>φησὶ,</span> <span class='ocrx_word' id='word_1_306' title='bbox 442 2517 552 2573; x_wconf 88' lang='grc' dir='ltr'><strong>τῶν</strong></span> <span class='ocrx_word' id='word_1_307' title='bbox 579 2521 775 2591; x_wconf 83' lang='grc' dir='ltr'>χειρῶν</span> <span class='ocrx_word' id='word_1_308' title='bbox 836 2523 1015 2577; x_wconf 83' lang='grc' dir='ltr'>αὐτῶν</span> <span class='ocrx_word' id='word_1_309' title='bbox 1044 2523 1432 2589; x_wconf 83' lang='grc' dir='ltr'>παλαιώσουσι,</span> <span class='ocrx_word' id='word_1_310' title='bbox 1468 2543 1487 2576; x_wconf 73' lang='grc' dir='ltr'><strong>ι</strong></span> <span class='ocrx_word' id='word_1_311' title='bbox 1518 2523 1814 2589; x_wconf 83' lang='grc' dir='ltr'>τουτέστιν,</span> 
     </span>
    </p>
   </div>
   <div class='ocr_carea' id='block_1_43' title="bbox 235 2609 1817 2686">
    <p class='ocr_par' dir='ltr' id='par_1_43' title="bbox 235 2609 1817 2686">
     <span class='ocr_line' id='line_1_43' title="bbox 235 2609 1817 2686; baseline 0.003 -24"><span class='ocrx_word' id='word_1_312' title='bbox 235 2609 677 2682; x_wconf 75' lang='grc' dir='ltr'>ἀναμετάσλητον</span> <span class='ocrx_word' id='word_1_313' title='bbox 710 2611 890 2677; x_wconf 76' lang='grc' dir='ltr'>ἕξουσι</span> <span class='ocrx_word' id='word_1_314' title='bbox 923 2614 1022 2685; x_wconf 87' lang='grc' dir='ltr'>τὴν</span> <span class='ocrx_word' id='word_1_315' title='bbox 1050 2614 1159 2668; x_wconf 87' lang='grc' dir='ltr'><strong>τῶν</strong></span> <span class='ocrx_word' id='word_1_316' title='bbox 1195 2614 1481 2686; x_wconf 84' lang='grc' dir='ltr'>πρακτέων</span> <span class='ocrx_word' id='word_1_317' title='bbox 1522 2614 1658 2670; x_wconf 83' lang='grc' dir='ltr'>ὁδόν.</span> <span class='ocrx_word' id='word_1_318' title='bbox 1692 2609 1817 2669; x_wconf 75' lang='grc' dir='ltr'>Οίον</span> 
     </span>
    </p>
   </div>
   <div class='ocr_carea' id='block_1_44' title="bbox 234 2700 1815 2777">
    <p class='ocr_par' dir='ltr' id='par_1_44' title="bbox 234 2700 1815 2777">
     <span class='ocr_line' id='line_1_44' title="bbox 234 2700 1815 2777; baseline 0.003 -23"><span class='ocrx_word' id='word_1_319' title='bbox 234 2700 299 2771; x_wconf 85' lang='grc' dir='ltr'>δή</span> <span class='ocrx_word' id='word_1_320' title='bbox 330 2700 383 2753; x_wconf 94' lang='grc' dir='ltr'><strong>τί</strong></span> <span class='ocrx_word' id='word_1_321' title='bbox 415 2718 577 2772; x_wconf 88' lang='grc' dir='ltr'>φημι.</span> <span class='ocrx_word' id='word_1_322' title='bbox 598 2702 816 2757; x_wconf 87' lang='grc' dir='ltr'>Δέδοται</span> <span class='ocrx_word' id='word_1_323' title='bbox 845 2704 944 2775; x_wconf 82' lang='grc' dir='ltr'>μὲν</span> <span class='ocrx_word' id='word_1_324' title='bbox 975 2706 1084 2777; x_wconf 87' lang='grc' dir='ltr'><strong>γάρ</strong></span> <span class='ocrx_word' id='word_1_325' title='bbox 1102 2708 1212 2770; x_wconf 88' lang='grc' dir='ltr'>τοῖς</span> <span class='ocrx_word' id='word_1_326' title='bbox 1229 2704 1289 2771; x_wconf 76' lang='grc' dir='ltr'><strong>ἐξ</strong></span> <span class='ocrx_word' id='word_1_327' title='bbox 1330 2705 1549 2777; x_wconf 80' lang='grc' dir='ltr'>Ἰσραὴλ</span> <span class='ocrx_word' id='word_1_328' title='bbox 1578 2705 1665 2760; x_wconf 87' lang='grc' dir='ltr'>διὰ</span> <span class='ocrx_word' id='word_1_329' title='bbox 1687 2706 1815 2759; x_wconf 79' lang='grc' dir='ltr'><strong>Μω-</strong></span> 
     </span>
    </p>
   </div>
   <div class='ocr_carea' id='block_1_45' title="bbox 239 2790 1815 2868">
    <p class='ocr_par' dir='ltr' id='par_1_45' title="bbox 239 2790 1815 2868">
     <span class='ocr_line' id='line_1_45' title="bbox 239 2790 1815 2868; baseline 0.003 -24"><span class='ocrx_word' id='word_1_330' title='bbox 239 2792 379 2856; x_wconf 88' lang='grc' dir='ltr'>σέως</span> <span class='ocrx_word' id='word_1_331' title='bbox 405 2793 433 2845; x_wconf 82' lang='grc' dir='ltr'><em>ὁ</em></span> <span class='ocrx_word' id='word_1_332' title='bbox 455 2792 637 2863; x_wconf 86' lang='grc' dir='ltr'>νόμος·</span> <span class='ocrx_word' id='word_1_333' title='bbox 671 2794 784 2848; x_wconf 78' lang='grc' dir='ltr'>ἀλλ’</span> <span class='ocrx_word' id='word_1_334' title='bbox 818 2790 885 2868; x_wconf 86' lang='grc' dir='ltr'>ἦν</span> <span class='ocrx_word' id='word_1_335' title='bbox 917 2797 975 2849; x_wconf 79' lang='grc' dir='ltr'>ἐν</span> <span class='ocrx_word' id='word_1_336' title='bbox 1002 2795 1152 2866; x_wconf 81' lang='grc' dir='ltr'>αὐτῷ</span> <span class='ocrx_word' id='word_1_337' title='bbox 1176 2795 1306 2851; x_wconf 86' lang='grc' dir='ltr'>σκιά</span> <span class='ocrx_word' id='word_1_338' title='bbox 1332 2797 1424 2850; x_wconf 73' lang='grc' dir='ltr'>καὶ</span> <span class='ocrx_word' id='word_1_339' title='bbox 1452 2795 1642 2860; x_wconf 88' lang='grc' dir='ltr'>τύπος,</span> <span class='ocrx_word' id='word_1_340' title='bbox 1677 2796 1815 2866; x_wconf 79' lang='grc' dir='ltr'>ἔχων</span> 
     </span>
    </p>
   </div>
   <div class='ocr_carea' id='block_1_46' title="bbox 243 2882 1813 2959">
    <p class='ocr_par' dir='ltr' id='par_1_46' title="bbox 243 2882 1813 2959">
     <span class='ocr_line' id='line_1_46' title="bbox 243 2882 1813 2959; baseline 0.003 -23"><span class='ocrx_word' id='word_1_341' title='bbox 243 2883 343 2954; x_wconf 81' lang='grc' dir='ltr'>μὲν</span> <span class='ocrx_word' id='word_1_342' title='bbox 364 2882 461 2954; x_wconf 84' lang='grc' dir='ltr'>τῆς</span> <span class='ocrx_word' id='word_1_343' title='bbox 485 2883 739 2955; x_wconf 84' lang='grc' dir='ltr'>ἀληθείας</span> <span class='ocrx_word' id='word_1_344' title='bbox 765 2886 864 2956; x_wconf 75' lang='grc' dir='ltr'>τὴν</span> <span class='ocrx_word' id='word_1_345' title='bbox 895 2887 1196 2958; x_wconf 85' lang='grc' dir='ltr'>μόρφωσιν,</span> <span class='ocrx_word' id='word_1_346' title='bbox 1231 2886 1370 2959; x_wconf 83' lang='grc' dir='ltr'>πλὴν</span> <span class='ocrx_word' id='word_1_347' title='bbox 1398 2886 1551 2941; x_wconf 76' lang='grc' dir='ltr'>οὔπω</span> <span class='ocrx_word' id='word_1_348' title='bbox 1582 2887 1675 2940; x_wconf 78' lang='grc' dir='ltr'>καὶ</span> <span class='ocrx_word' id='word_1_349' title='bbox 1714 2889 1813 2941; x_wconf 84' lang='grc' dir='ltr'>αύ-</span> 
     </span>
    </p>
   </div>
   <div class='ocr_carea' id='block_1_47' title="bbox 235 2974 1810 3048">
    <p class='ocr_par' dir='ltr' id='par_1_47' title="bbox 235 2974 1810 3048">
     <span class='ocr_line' id='line_1_47' title="bbox 235 2974 1810 3048; baseline 0.003 -21"><span class='ocrx_word' id='word_1_350' title='bbox 235 2974 334 3043; x_wconf 82' lang='grc' dir='ltr'>τὴν</span> <span class='ocrx_word' id='word_1_351' title='bbox 365 2974 463 3045; x_wconf 78' lang='grc' dir='ltr'>τὴν</span> <span class='ocrx_word' id='word_1_352' title='bbox 498 2974 775 3046; x_wconf 80' lang='grc' dir='ltr'>ἀλήθειαν.</span> <span class='ocrx_word' id='word_1_353' title='bbox 824 2976 1039 3048; x_wconf 82' lang='grc' dir='ltr'>Ἐπειδὴ</span> <span class='ocrx_word' id='word_1_354' title='bbox 1068 2976 1125 3030; x_wconf 83' lang='grc' dir='ltr'>δὲ</span> <span class='ocrx_word' id='word_1_355' title='bbox 1157 2976 1469 3047; x_wconf 75' lang='grc' dir='ltr'>ἐπέλαμψεν</span> <span class='ocrx_word' id='word_1_356' title='bbox 1500 2979 1529 3031; x_wconf 85' lang='grc' dir='ltr'><strong>ὁ</strong></span> <span class='ocrx_word' id='word_1_357' title='bbox 1560 2978 1810 3048; x_wconf 82' lang='grc' dir='ltr'>Χριστὸς,</span> 
     </span>
    </p>
   </div>
   <div class='ocr_carea' id='block_1_48' title="bbox 239 3063 1814 3140">
    <p class='ocr_par' dir='ltr' id='par_1_48' title="bbox 239 3063 1814 3140">
     <span class='ocr_line' id='line_1_48' title="bbox 239 3063 1814 3140; baseline 0.004 -23"><span class='ocrx_word' id='word_1_358' title='bbox 239 3065 536 3138; x_wconf 72' lang='grc' dir='ltr'>μετέϐαλον</span> <span class='ocrx_word' id='word_1_359' title='bbox 571 3067 621 3120; x_wconf 78' lang='grc' dir='ltr'>οἱ</span> <span class='ocrx_word' id='word_1_360' title='bbox 642 3064 801 3121; x_wconf 89' lang='grc' dir='ltr'>τύποι</span> <span class='ocrx_word' id='word_1_361' title='bbox 825 3066 960 3138; x_wconf 79' lang='grc' dir='ltr'>πρὸς</span> <span class='ocrx_word' id='word_1_362' title='bbox 990 3066 1269 3139; x_wconf 82' lang='grc' dir='ltr'>ἀλήθειαν,</span> <span class='ocrx_word' id='word_1_363' title='bbox 1294 3069 1387 3122; x_wconf 75' lang='grc' dir='ltr'>καὶ</span> <span class='ocrx_word' id='word_1_364' title='bbox 1414 3063 1526 3122; x_wconf 74' lang='grc' dir='ltr'>οἷον</span> <span class='ocrx_word' id='word_1_365' title='bbox 1564 3068 1814 3140; x_wconf 83' lang='grc' dir='ltr'>μετεκλί-</span> 
     </span>
    </p>
   </div>
   <div class='ocr_carea' id='block_1_49' title="bbox 236 3157 1884 3254">
    <p class='ocr_par' dir='ltr' id='par_1_49' title="bbox 236 3157 1884 3254">
     <span class='ocr_line' id='line_1_49' title="bbox 236 3157 1884 3254; baseline 0.004 -45"><span class='ocrx_word' id='word_1_366' title='bbox 236 3157 409 3227; x_wconf 85' lang='grc' dir='ltr'>θησαν</span> <span class='ocrx_word' id='word_1_367' title='bbox 432 3159 486 3211; x_wconf 77' lang='grc' dir='ltr'><strong>αἱ</strong></span> <span class='ocrx_word' id='word_1_368' title='bbox 520 3158 667 3212; x_wconf 77' lang='grc' dir='ltr'>σκιαὶ</span> <span class='ocrx_word' id='word_1_369' title='bbox 701 3158 796 3211; x_wconf 70' lang='grc' dir='ltr'>καὶ</span> <span class='ocrx_word' id='word_1_370' title='bbox 835 3158 1261 3227; x_wconf 86' lang='grc' dir='ltr'>πεπαλαίωνται,</span> <span class='ocrx_word' id='word_1_371' title='bbox 1295 3160 1593 3225; x_wconf 85' lang='grc' dir='ltr'>τουτέστιν,</span> <span class='ocrx_word' id='word_1_372' title='bbox 1628 3161 1690 3217; x_wconf 81' lang='grc' dir='ltr'>οὐ</span> <span class='ocrx_word' id='word_1_373' title='bbox 1728 3161 1815 3233; x_wconf 85' lang='grc' dir='ltr'>μέ·</span> <span class='ocrx_word' id='word_1_374' title='bbox 1842 3196 1884 3254; x_wconf 77' lang='lat' dir='ltr'>C</span> 
     </span>
    </p>
   </div>
   <div class='ocr_carea' id='block_1_50' title="bbox 236 3249 1809 3325">
    <p class='ocr_par' dir='ltr' id='par_1_50' title="bbox 236 3249 1809 3325">
     <span class='ocr_line' id='line_1_50' title="bbox 236 3249 1809 3325; baseline 0.003 -24"><span class='ocrx_word' id='word_1_375' title='bbox 236 3266 329 3320; x_wconf 83' lang='grc' dir='ltr'>χρι</span> <span class='ocrx_word' id='word_1_376' title='bbox 394 3249 593 3314; x_wconf 79' lang='grc' dir='ltr'>παντὸς</span> <span class='ocrx_word' id='word_1_377' title='bbox 645 3249 952 3321; x_wconf 84' lang='grc' dir='ltr'>κεκράτηκε</span> <span class='ocrx_word' id='word_1_378' title='bbox 992 3249 1095 3320; x_wconf 83' lang='grc' dir='ltr'>τῆς</span> <span class='ocrx_word' id='word_1_379' title='bbox 1146 3252 1205 3303; x_wconf 75' lang='grc' dir='ltr'><strong>έν</strong></span> <span class='ocrx_word' id='word_1_380' title='bbox 1262 3250 1411 3321; x_wconf 85' lang='grc' dir='ltr'>νόμῳ</span> <span class='ocrx_word' id='word_1_381' title='bbox 1471 3251 1809 3325; x_wconf 78' lang='grc' dir='ltr'>πολιτείαςή</span> 
     </span>
    </p>
   </div>
   <div class='ocr_carea' id='block_1_51' title="bbox 234 3336 1811 3410">
    <p class='ocr_par' dir='ltr' id='par_1_51' title="bbox 234 3336 1811 3410">
     <span class='ocr_line' id='line_1_51' title="bbox 234 3336 1811 3410; baseline 0.003 -21"><span class='ocrx_word' id='word_1_382' title='bbox 234 3336 483 3407; x_wconf 87' lang='grc' dir='ltr'>δύναμις.</span> <span class='ocrx_word' id='word_1_383' title='bbox 520 3337 730 3393; x_wconf 79' lang='grc' dir='ltr'>Οὐκοῦν</span> <span class='ocrx_word' id='word_1_384' title='bbox 744 3339 794 3391; x_wconf 79' lang='grc' dir='ltr'>οἱ</span> <span class='ocrx_word' id='word_1_385' title='bbox 827 3338 925 3409; x_wconf 84' lang='grc' dir='ltr'>μὲν</span> <span class='ocrx_word' id='word_1_386' title='bbox 953 3337 1012 3403; x_wconf 75' lang='grc' dir='ltr'><strong>ἐξ</strong></span> <span class='ocrx_word' id='word_1_387' title='bbox 1045 3338 1274 3409; x_wconf 78' lang='grc' dir='ltr'>αἵματος</span> <span class='ocrx_word' id='word_1_388' title='bbox 1308 3337 1523 3410; x_wconf 81' lang='grc' dir='ltr'>Ἰσραὴλ</span> <span class='ocrx_word' id='word_1_389' title='bbox 1545 3340 1646 3393; x_wconf 77' lang='grc' dir='ltr'>οὐκ</span> <span class='ocrx_word' id='word_1_390' title='bbox 1674 3341 1811 3394; x_wconf 71' lang='grc' dir='ltr'><strong>ἑπαο</strong></span> 
     </span>
    </p>
   </div>
   <div class='ocr_carea' id='block_1_52' title="bbox 235 3428 1811 3503">
    <p class='ocr_par' dir='ltr' id='par_1_52' title="bbox 235 3428 1811 3503">
     <span class='ocr_line' id='line_1_52' title="bbox 235 3428 1811 3503; baseline 0.003 -22"><span class='ocrx_word' id='word_1_391' title='bbox 235 3428 477 3483; x_wconf 82' lang='grc' dir='ltr'>λαίωσαν</span> <span class='ocrx_word' id='word_1_392' title='bbox 517 3429 585 3484; x_wconf 84' lang='grc' dir='ltr'><strong>τά</strong></span> <span class='ocrx_word' id='word_1_393' title='bbox 627 3429 767 3503; x_wconf 84' lang='grc' dir='ltr'>ἔργα</span> <span class='ocrx_word' id='word_1_394' title='bbox 820 3430 1039 3495; x_wconf 83' lang='grc' dir='ltr'>αύτῶν’(</span> <span class='ocrx_word' id='word_1_395' title='bbox 1080 3429 1335 3500; x_wconf 82' lang='grc' dir='ltr'>ἀνόνητος</span> <span class='ocrx_word' id='word_1_396' title='bbox 1382 3431 1491 3502; x_wconf 85' lang='grc' dir='ltr'><strong>γάρ</strong></span> <span class='ocrx_word' id='word_1_397' title='bbox 1537 3433 1571 3502; x_wconf 77' lang='grc' dir='ltr'>ἡ</span> <span class='ocrx_word' id='word_1_398' title='bbox 1616 3432 1811 3503; x_wconf 81' lang='grc' dir='ltr'>νομικὴ</span> 
     </span>
    </p>
   </div>
   <div class='ocr_carea' id='block_1_53' title="bbox 238 3519 1813 3593">
    <p class='ocr_par' dir='ltr' id='par_1_53' title="bbox 238 3519 1813 3593">
     <span class='ocr_line' id='line_1_53' title="bbox 238 3519 1813 3593; baseline 0.002 -19"><span class='ocrx_word' id='word_1_399' title='bbox 238 3521 483 3591; x_wconf 85' lang='grc' dir='ltr'>λατρεία,</span> <span class='ocrx_word' id='word_1_400' title='bbox 495 3522 556 3576; x_wconf 88' lang='grc' dir='ltr'><strong>τό</strong></span> <span class='ocrx_word' id='word_1_401' title='bbox 584 3539 648 3592; x_wconf 84' lang='grc' dir='ltr'><strong>γε</strong></span> <span class='ocrx_word' id='word_1_402' title='bbox 663 3519 807 3593; x_wconf 71' lang='grc' dir='ltr'>ἧκον</span> <span class='ocrx_word' id='word_1_403' title='bbox 828 3525 907 3586; x_wconf 79' lang='grc' dir='ltr'><strong>εἰς</strong></span> <span class='ocrx_word' id='word_1_404' title='bbox 935 3521 1180 3591; x_wconf 79' lang='grc' dir='ltr'>τύπους),</span> <span class='ocrx_word' id='word_1_405' title='bbox 1203 3522 1576 3576; x_wconf 86' lang='grc' dir='ltr'>παλαιώσουσι</span> <span class='ocrx_word' id='word_1_406' title='bbox 1605 3522 1726 3578; x_wconf 84' lang='grc' dir='ltr'>δὲοὶ</span> <span class='ocrx_word' id='word_1_407' title='bbox 1755 3525 1813 3577; x_wconf 83' lang='grc' dir='ltr'>ὲν</span> 
     </span>
    </p>
   </div>
   <div class='ocr_carea' id='block_1_54' title="bbox 240 3612 1815 3685">
    <p class='ocr_par' dir='ltr' id='par_1_54' title="bbox 240 3612 1815 3685">
     <span class='ocr_line' id='line_1_54' title="bbox 240 3612 1815 3685; baseline 0.001 -19"><span class='ocrx_word' id='word_1_408' title='bbox 240 3612 479 3683; x_wconf 82' lang='grc' dir='ltr'>Χριστῷ.</span> <span class='ocrx_word' id='word_1_409' title='bbox 525 3615 599 3667; x_wconf 83' lang='grc' dir='ltr'><strong>Οὐ</strong></span> <span class='ocrx_word' id='word_1_410' title='bbox 630 3614 738 3685; x_wconf 86' lang='grc' dir='ltr'><strong>γάρ</strong></span> <span class='ocrx_word' id='word_1_411' title='bbox 777 3613 962 3684; x_wconf 75' lang='grc' dir='ltr'>ἕτερος</span> <span class='ocrx_word' id='word_1_412' title='bbox 990 3612 1171 3675; x_wconf 80' lang='grc' dir='ltr'>αὐτοῖς</span> <span class='ocrx_word' id='word_1_413' title='bbox 1199 3613 1481 3685; x_wconf 80' lang='grc' dir='ltr'>δοθήσεται</span> <span class='ocrx_word' id='word_1_414' title='bbox 1514 3614 1696 3685; x_wconf 86' lang='grc' dir='ltr'>νόμος,</span> <span class='ocrx_word' id='word_1_415' title='bbox 1740 3615 1815 3678; x_wconf 85' lang='grc' dir='ltr'>ὼς</span> 
     </span>
    </p>
   </div>
   <div class='ocr_carea' id='block_1_55' title="bbox 243 3705 1815 3779">
    <p class='ocr_par' dir='ltr' id='par_1_55' title="bbox 243 3705 1815 3779">
     <span class='ocr_line' id='line_1_55' title="bbox 243 3705 1815 3779; baseline -0.001 -19"><span class='ocrx_word' id='word_1_416' title='bbox 243 3707 503 3779; x_wconf 80' lang='grc' dir='ltr'>μεθιστᾷν</span> <span class='ocrx_word' id='word_1_417' title='bbox 523 3706 618 3759; x_wconf 70' lang='grc' dir='ltr'><strong>ἐπὶ</strong></span> <span class='ocrx_word' id='word_1_418' title='bbox 638 3706 699 3760; x_wconf 84' lang='grc' dir='ltr'>τὸ</span> <span class='ocrx_word' id='word_1_419' title='bbox 729 3707 952 3777; x_wconf 85' lang='grc' dir='ltr'>άμεινον</span> <span class='ocrx_word' id='word_1_420' title='bbox 985 3708 1091 3761; x_wconf 85' lang='grc' dir='ltr'><strong>τῶν</strong></span> <span class='ocrx_word' id='word_1_421' title='bbox 1116 3705 1487 3775; x_wconf 83' lang='grc' dir='ltr'>εύαγγελικῶν</span> <span class='ocrx_word' id='word_1_422' title='bbox 1520 3705 1815 3776; x_wconf 85' lang='grc' dir='ltr'>θεσπισμά-</span> 
     </span>
    </p>
   </div>
   <div class='ocr_carea' id='block_1_56' title="bbox 240 3796 1816 3870">
    <p class='ocr_par' dir='ltr' id='par_1_56' title="bbox 240 3796 1816 3870">
     <span class='ocr_line' id='line_1_56' title="bbox 240 3796 1816 3870; baseline -0.003 -17"><span class='ocrx_word' id='word_1_423' title='bbox 240 3816 349 3853; x_wconf 87' lang='grc' dir='ltr'><strong>των</strong></span> <span class='ocrx_word' id='word_1_424' title='bbox 398 3797 493 3869; x_wconf 85' lang='grc' dir='ltr'>τὴν</span> <span class='ocrx_word' id='word_1_425' title='bbox 542 3797 790 3870; x_wconf 86' lang='grc' dir='ltr'>δύναμιν.</span> <span class='ocrx_word' id='word_1_426' title='bbox 830 3799 1058 3870; x_wconf 72' lang='grc' dir='ltr'>Εἴρηται</span> <span class='ocrx_word' id='word_1_427' title='bbox 1110 3797 1217 3867; x_wconf 87' lang='grc' dir='ltr'><strong>γάρ</strong></span> <span class='ocrx_word' id='word_1_428' title='bbox 1264 3815 1365 3850; x_wconf 89' lang='grc' dir='ltr'><strong>που</strong></span> <span class='ocrx_word' id='word_1_429' title='bbox 1412 3796 1551 3867; x_wconf 86' lang='grc' dir='ltr'>πρὸς</span> <span class='ocrx_word' id='word_1_430' title='bbox 1581 3796 1673 3852; x_wconf 87' lang='grc' dir='ltr'>τὸν</span> <span class='ocrx_word' id='word_1_431' title='bbox 1705 3796 1816 3850; x_wconf 88' lang='grc' dir='ltr'><strong>τῶν</strong></span> 
     </span>
    </p>
   </div>
   <div class='ocr_carea' id='block_1_57' title="bbox 239 3886 1815 3961">
    <p class='ocr_par' dir='ltr' id='par_1_57' title="bbox 239 3886 1815 3961">
     <span class='ocr_line' id='line_1_57' title="bbox 239 3886 1815 3961; baseline -0.001 -19"><span class='ocrx_word' id='word_1_432' title='bbox 239 3889 380 3943; x_wconf 77' lang='grc' dir='ltr'>ὅλων</span> <span class='ocrx_word' id='word_1_433' title='bbox 414 3890 641 3961; x_wconf 83' lang='grc' dir='ltr'>Σωτῆρα</span> <span class='ocrx_word' id='word_1_434' title='bbox 662 3890 893 3961; x_wconf 81' lang='grc' dir='ltr'>Χριστὸν</span> <span class='ocrx_word' id='word_1_435' title='bbox 917 3890 1003 3943; x_wconf 85' lang='grc' dir='ltr'><strong>διά</strong></span> <span class='ocrx_word' id='word_1_436' title='bbox 1027 3890 1125 3961; x_wconf 82' lang='grc' dir='ltr'>τῆς</span> <span class='ocrx_word' id='word_1_437' title='bbox 1157 3889 1249 3943; x_wconf 80' lang='grc' dir='ltr'>τοῦ</span> <span class='ocrx_word' id='word_1_438' title='bbox 1275 3887 1583 3951; x_wconf 79' lang='grc' dir='ltr'>Ψάλλοντος</span> <span class='ocrx_word' id='word_1_439' title='bbox 1608 3886 1815 3958; x_wconf 81' lang='grc' dir='ltr'>φωνῆς·</span> 
     </span>
    </p>
   </div>
   <div class='ocr_carea' id='block_1_58' title="bbox 1921 1969 3487 2030">
    <p class='ocr_par' dir='ltr' id='par_1_58' title="bbox 1921 1969 3487 2030">
     <span class='ocr_line' id='line_1_58' title="bbox 1921 1969 3487 2030; baseline 0.001 -6"><span class='ocrx_word' id='word_1_440' title='bbox 1921 1969 2045 2024; x_wconf 88' lang='lat' dir='ltr'><strong>dum</strong></span> <span class='ocrx_word' id='word_1_441' title='bbox 2095 1972 2270 2028; x_wconf 90' lang='lat' dir='ltr'><strong>locum</strong></span> <span class='ocrx_word' id='word_1_442' title='bbox 2302 1973 2356 2029; x_wconf 91' lang='lat' dir='ltr'><strong>iu</strong></span> <span class='ocrx_word' id='word_1_443' title='bbox 2386 1974 2493 2029; x_wconf 89' lang='lat' dir='ltr'><strong>illis</strong></span> <span class='ocrx_word' id='word_1_444' title='bbox 2553 1974 2805 2030; x_wconf 84' lang='lat' dir='ltr'><strong>habente.</strong></span> <span class='ocrx_word' id='word_1_445' title='bbox 2861 1974 3021 2029; x_wconf 79' lang='lat' dir='ltr'><strong>Aliud</strong></span> <span class='ocrx_word' id='word_1_446' title='bbox 3076 1989 3179 2028; x_wconf 88' lang='lat' dir='ltr'><strong>non</strong></span> <span class='ocrx_word' id='word_1_447' title='bbox 3225 1970 3487 2029; x_wconf 83' lang='lat' dir='ltr'><strong>dissimile</strong></span> 
     </span>
    </p>
   </div>
   <div class='ocr_carea' id='block_1_59' title="bbox 1918 2060 3484 2135">
    <p class='ocr_par' dir='ltr' id='par_1_59' title="bbox 1918 2060 3484 2135">
     <span class='ocr_line' id='line_1_59' title="bbox 1918 2060 3484 2135; baseline -0.003 -16"><span class='ocrx_word' id='word_1_448' title='bbox 1918 2064 2161 2134; x_wconf 86' lang='lat' dir='ltr'><strong>adjungit</strong></span> <span class='ocrx_word' id='word_1_449' title='bbox 2199 2064 2512 2135; x_wconf 89' lang='lat' dir='ltr'><strong>prophetica</strong></span> <span class='ocrx_word' id='word_1_450' title='bbox 2576 2064 2776 2119; x_wconf 88' lang='lat' dir='ltr'><strong>oratio.</strong></span> <span class='ocrx_word' id='word_1_451' title='bbox 2809 2081 2827 2115; x_wconf 82' lang='grc' dir='ltr'><strong>ι</strong></span> <span class='ocrx_word' id='word_1_452' title='bbox 2856 2061 3029 2134; x_wconf 85' lang='lat' dir='ltr'><strong>Opera</strong></span> <span class='ocrx_word' id='word_1_453' title='bbox 3084 2062 3251 2129; x_wconf 86' lang='lat' dir='ltr'><strong>enim,</strong></span> <span class='ocrx_word' id='word_1_454' title='bbox 3281 2060 3484 2131; x_wconf 89' lang='lat' dir='ltr'><strong>inquit,</strong></span> 
     </span>
    </p>
   </div>
   <div class='ocr_carea' id='block_1_60' title="bbox 1917 2149 3482 2222">
    <p class='ocr_par' dir='ltr' id='par_1_60' title="bbox 1917 2149 3482 2222">
     <span class='ocr_line' id='line_1_60' title="bbox 1917 2149 3482 2222; baseline -0.004 -11"><span class='ocrx_word' id='word_1_455' title='bbox 1917 2169 2170 2211; x_wconf 90' lang='lat' dir='ltr'><strong>manuum</strong></span> <span class='ocrx_word' id='word_1_456' title='bbox 2217 2169 2436 2209; x_wconf 87' lang='lat' dir='ltr'><strong>suarum</strong></span> <span class='ocrx_word' id='word_1_457' title='bbox 2474 2154 2888 2219; x_wconf 86' lang='lat' dir='ltr'><strong>inveterascent,</strong></span> <span class='ocrx_word' id='word_1_458' title='bbox 2940 2153 2992 2208; x_wconf 90' lang='lat' dir='ltr'><strong>id</strong></span> <span class='ocrx_word' id='word_1_459' title='bbox 3026 2161 3130 2216; x_wconf 87' lang='lat' dir='ltr'><strong>est,</strong></span> <span class='ocrx_word' id='word_1_460' title='bbox 3154 2149 3321 2222; x_wconf 77' lang='lat'><strong>905</strong></span> <span class='ocrx_word' id='word_1_461' title='bbox 3354 2164 3482 2205; x_wconf 89' lang='lat' dir='ltr'><strong>cur-</strong></span> 
     </span>
    </p>
   </div>
   <div class='ocr_carea' id='block_1_61' title="bbox 1916 2244 3483 2315">
    <p class='ocr_par' dir='ltr' id='par_1_61' title="bbox 1916 2244 3483 2315">
     <span class='ocr_line' id='line_1_61' title="bbox 1916 2244 3483 2315; baseline -0.004 -13"><span class='ocrx_word' id='word_1_462' title='bbox 1916 2261 2035 2302; x_wconf 89' lang='lat' dir='ltr'><strong>sum</strong></span> <span class='ocrx_word' id='word_1_463' title='bbox 2088 2247 2139 2302; x_wconf 92' lang='lat' dir='ltr'><strong>in</strong></span> <span class='ocrx_word' id='word_1_464' title='bbox 2170 2246 2329 2303; x_wconf 85' lang='lat' dir='ltr'><strong>rebus</strong></span> <span class='ocrx_word' id='word_1_465' title='bbox 2364 2248 2616 2315; x_wconf 86' lang='lat' dir='ltr'><strong>gerendis</strong></span> <span class='ocrx_word' id='word_1_466' title='bbox 2639 2255 2845 2302; x_wconf 87' lang='lat' dir='ltr'><strong>certum</strong></span> <span class='ocrx_word' id='word_1_467' title='bbox 2892 2246 3167 2301; x_wconf 79' lang='lat' dir='ltr'><strong>habebunt</strong></span> <span class='ocrx_word' id='word_1_468' title='bbox 3197 2253 3251 2300; x_wconf 91' lang='lat' dir='ltr'><strong>et</strong></span> <span class='ocrx_word' id='word_1_469' title='bbox 3289 2244 3483 2299; x_wconf 90' lang='lat' dir='ltr'><strong>immu-</strong></span> 
     </span>
    </p>
   </div>
   <div class='ocr_carea' id='block_1_62' title="bbox 1918 2334 3485 2403">
    <p class='ocr_par' dir='ltr' id='par_1_62' title="bbox 1918 2334 3485 2403">
     <span class='ocr_line' id='line_1_62' title="bbox 1918 2334 3485 2403; baseline -0.002 -12"><span class='ocrx_word' id='word_1_470' title='bbox 1918 2337 2154 2395; x_wconf 82' lang='lat' dir='ltr'><strong>labilem.</strong></span> <span class='ocrx_word' id='word_1_471' title='bbox 2182 2336 2333 2403; x_wconf 84' lang='lat' dir='ltr'><strong>Quod</strong></span> <span class='ocrx_word' id='word_1_472' title='bbox 2392 2338 2531 2403; x_wconf 90' lang='lat' dir='ltr'><strong>dico,</strong></span> <span class='ocrx_word' id='word_1_473' title='bbox 2582 2338 2656 2393; x_wconf 90' lang='lat' dir='ltr'><strong>ita</strong></span> <span class='ocrx_word' id='word_1_474' title='bbox 2710 2352 2769 2392; x_wconf 91' lang='lat' dir='ltr'><strong>se</strong></span> <span class='ocrx_word' id='word_1_475' title='bbox 2820 2338 2999 2393; x_wconf 83' lang='lat' dir='ltr'><strong>habet.</strong></span> <span class='ocrx_word' id='word_1_476' title='bbox 3030 2335 3160 2390; x_wconf 88' lang='lat' dir='ltr'><strong>Data</strong></span> <span class='ocrx_word' id='word_1_477' title='bbox 3214 2344 3298 2390; x_wconf 87' lang='lat' dir='ltr'><strong>est</strong></span> <span class='ocrx_word' id='word_1_478' title='bbox 3339 2334 3485 2389; x_wconf 86' lang='lat' dir='ltr'><strong>enim</strong></span> 
     </span>
    </p>
   </div>
   <div class='ocr_carea' id='block_1_63' title="bbox 1916 2425 3483 2502">
    <p class='ocr_par' dir='ltr' id='par_1_63' title="bbox 1916 2425 3483 2502">
     <span class='ocr_line' id='line_1_63' title="bbox 1916 2425 3483 2502; baseline -0.002 -20"><span class='ocrx_word' id='word_1_479' title='bbox 1916 2427 2173 2485; x_wconf 89' lang='lat' dir='ltr'><strong>lsraelitis</strong></span> <span class='ocrx_word' id='word_1_480' title='bbox 2204 2446 2301 2501; x_wconf 91' lang='lat' dir='ltr'><strong>per</strong></span> <span class='ocrx_word' id='word_1_481' title='bbox 2348 2430 2567 2502; x_wconf 76' lang='lat' dir='ltr'><strong>Moysen</strong></span> <span class='ocrx_word' id='word_1_482' title='bbox 2598 2430 2718 2496; x_wconf 80' lang='lat' dir='ltr'><strong>lex;</strong></span> <span class='ocrx_word' id='word_1_483' title='bbox 2759 2429 2852 2485; x_wconf 87' lang='lat' dir='ltr'><strong>sed</strong></span> <span class='ocrx_word' id='word_1_484' title='bbox 2898 2430 2948 2483; x_wconf 92' lang='lat' dir='ltr'><strong>in</strong></span> <span class='ocrx_word' id='word_1_485' title='bbox 2983 2428 3072 2482; x_wconf 92' lang='lat' dir='ltr'><strong>illa</strong></span> <span class='ocrx_word' id='word_1_486' title='bbox 3117 2436 3236 2482; x_wconf 86' lang='lat' dir='ltr'><strong>erat</strong></span> <span class='ocrx_word' id='word_1_487' title='bbox 3295 2425 3483 2480; x_wconf 85' lang='lat' dir='ltr'><strong>umbra</strong></span> 
     </span>
    </p>
   </div>
   <div class='ocr_carea' id='block_1_64' title="bbox 1914 2518 3482 2593">
    <p class='ocr_par' dir='ltr' id='par_1_64' title="bbox 1914 2518 3482 2593">
     <span class='ocr_line' id='line_1_64' title="bbox 1914 2518 3482 2593; baseline -0.003 -18"><span class='ocrx_word' id='word_1_488' title='bbox 1914 2530 1971 2576; x_wconf 91' lang='lat' dir='ltr'><strong>et</strong></span> <span class='ocrx_word' id='word_1_489' title='bbox 2000 2532 2174 2593; x_wconf 82' lang='lat' dir='ltr'><strong>typus,</strong></span> <span class='ocrx_word' id='word_1_490' title='bbox 2196 2523 2430 2592; x_wconf 89' lang='lat' dir='ltr'><strong>speciem</strong></span> <span class='ocrx_word' id='word_1_491' title='bbox 2466 2523 2710 2577; x_wconf 81' lang='lat' dir='ltr'><strong>veritatis</strong></span> <span class='ocrx_word' id='word_1_492' title='bbox 2748 2522 2972 2586; x_wconf 88' lang='lat' dir='ltr'><strong>habens,</strong></span> <span class='ocrx_word' id='word_1_493' title='bbox 3016 2518 3251 2575; x_wconf 87' lang='lat' dir='ltr'><strong>nondum</strong></span> <span class='ocrx_word' id='word_1_494' title='bbox 3305 2526 3482 2572; x_wconf 87' lang='lat' dir='ltr'><strong>tamen</strong></span> 
     </span>
    </p>
   </div>
   <div class='ocr_carea' id='block_1_65' title="bbox 1917 2608 3481 2683">
    <p class='ocr_par' dir='ltr' id='par_1_65' title="bbox 1917 2608 3481 2683">
     <span class='ocr_line' id='line_1_65' title="bbox 1917 2608 3481 2683; baseline -0.006 -14"><span class='ocrx_word' id='word_1_495' title='bbox 1917 2614 2087 2683; x_wconf 87' lang='lat' dir='ltr'><strong>ipsam</strong></span> <span class='ocrx_word' id='word_1_496' title='bbox 2125 2615 2430 2671; x_wconf 85' lang='lat' dir='ltr'><strong>veritatem.</strong></span> <span class='ocrx_word' id='word_1_497' title='bbox 2466 2612 2815 2669; x_wconf 86' lang='lat' dir='ltr'><strong>illucescente</strong></span> <span class='ocrx_word' id='word_1_498' title='bbox 2844 2611 3080 2678; x_wconf 86' lang='lat' dir='ltr'><strong>Christo,</strong></span> <span class='ocrx_word' id='word_1_499' title='bbox 3111 2608 3301 2664; x_wconf 87' lang='lat' dir='ltr'><strong>mutati</strong></span> <span class='ocrx_word' id='word_1_500' title='bbox 3354 2615 3481 2662; x_wconf 88' lang='lat' dir='ltr'><strong>sunt</strong></span> 
     </span>
    </p>
   </div>
   <div class='ocr_carea' id='block_1_66' title="bbox 1918 2699 3485 2778">
    <p class='ocr_par' dir='ltr' id='par_1_66' title="bbox 1918 2699 3485 2778">
     <span class='ocr_line' id='line_1_66' title="bbox 1918 2699 3485 2778; baseline -0.004 -20"><span class='ocrx_word' id='word_1_501' title='bbox 1918 2706 2104 2778; x_wconf 83' lang='lat' dir='ltr'><strong>typiiu</strong></span> <span class='ocrx_word' id='word_1_502' title='bbox 2149 2706 2427 2761; x_wconf 80' lang='lat' dir='ltr'><strong>veritatem</strong></span> <span class='ocrx_word' id='word_1_503' title='bbox 2487 2713 2543 2759; x_wconf 92' lang='lat' dir='ltr'><strong>et</strong></span> <span class='ocrx_word' id='word_1_504' title='bbox 2584 2704 2791 2759; x_wconf 65' lang='lat' dir='ltr'><strong>umbrae</strong></span> <span class='ocrx_word' id='word_1_505' title='bbox 2852 2700 2999 2757; x_wconf 84' lang='lat' dir='ltr'><strong>velut</strong></span> <span class='ocrx_word' id='word_1_506' title='bbox 3054 2699 3383 2755; x_wconf 89' lang='lat' dir='ltr'><strong>inclinarunt</strong></span> <span class='ocrx_word' id='word_1_507' title='bbox 3427 2703 3485 2752; x_wconf 89' lang='lat' dir='ltr'><strong>et</strong></span> 
     </span>
    </p>
   </div>
   <div class='ocr_carea' id='block_1_67' title="bbox 1917 2790 3482 2863">
    <p class='ocr_par' dir='ltr' id='par_1_67' title="bbox 1917 2790 3482 2863">
     <span class='ocr_line' id='line_1_67' title="bbox 1917 2790 3482 2863; baseline -0.005 -12"><span class='ocrx_word' id='word_1_508' title='bbox 1917 2800 2324 2863; x_wconf 88' lang='lat' dir='ltr'><strong>inveteraruut,</strong></span> <span class='ocrx_word' id='word_1_509' title='bbox 2382 2795 2434 2850; x_wconf 90' lang='lat' dir='ltr'><strong>id</strong></span> <span class='ocrx_word' id='word_1_510' title='bbox 2487 2803 2591 2860; x_wconf 87' lang='lat' dir='ltr'><strong>est,</strong></span> <span class='ocrx_word' id='word_1_511' title='bbox 2680 2810 2787 2848; x_wconf 89' lang='lat' dir='ltr'><strong>non</strong></span> <span class='ocrx_word' id='word_1_512' title='bbox 2865 2806 3078 2861; x_wconf 84' lang='lat' dir='ltr'><strong>semper</strong></span> <span class='ocrx_word' id='word_1_513' title='bbox 3116 2790 3281 2847; x_wconf 89' lang='lat' dir='ltr'><strong>robur</strong></span> <span class='ocrx_word' id='word_1_514' title='bbox 3322 2802 3482 2845; x_wconf 86' lang='lat' dir='ltr'><strong>suum</strong></span> 
     </span>
    </p>
   </div>
   <div class='ocr_carea' id='block_1_68' title="bbox 1916 2878 3480 2959">
    <p class='ocr_par' dir='ltr' id='par_1_68' title="bbox 1916 2878 3480 2959">
     <span class='ocr_line' id='line_1_68' title="bbox 1916 2878 3480 2959; baseline -0.006 -16"><span class='ocrx_word' id='word_1_515' title='bbox 1916 2888 2104 2944; x_wconf 85' lang='lat' dir='ltr'><strong>habuit</strong></span> <span class='ocrx_word' id='word_1_516' title='bbox 2153 2889 2344 2959; x_wconf 85' lang='lat' dir='ltr'><strong>legalis</strong></span> <span class='ocrx_word' id='word_1_517' title='bbox 2367 2884 2803 2942; x_wconf 86' lang='lat' dir='ltr'><strong>conversationis</strong></span> <span class='ocrx_word' id='word_1_518' title='bbox 2833 2884 3030 2940; x_wconf 84' lang='lat' dir='ltr'><strong>virtus.</strong></span> <span class='ocrx_word' id='word_1_519' title='bbox 3062 2880 3251 2953; x_wconf 87' lang='lat' dir='ltr'><strong>Itaque</strong></span> <span class='ocrx_word' id='word_1_520' title='bbox 3302 2878 3480 2935; x_wconf 79' lang='lat' dir='ltr'><strong>Israe-</strong></span> 
     </span>
    </p>
   </div>
   <div class='ocr_carea' id='block_1_69' title="bbox 1915 2967 3478 3049">
    <p class='ocr_par' dir='ltr' id='par_1_69' title="bbox 1915 2967 3478 3049">
     <span class='ocr_line' id='line_1_69' title="bbox 1915 2967 3478 3049; baseline -0.006 -16"><span class='ocrx_word' id='word_1_521' title='bbox 1915 2978 2022 3035; x_wconf 75' lang='lat' dir='ltr'><strong>lita:</strong></span> <span class='ocrx_word' id='word_1_522' title='bbox 2048 2993 2212 3049; x_wconf 90' lang='lat' dir='ltr'><strong>opera</strong></span> <span class='ocrx_word' id='word_1_523' title='bbox 2254 2992 2349 3033; x_wconf 86' lang='lat' dir='ltr'><strong>sua</strong></span> <span class='ocrx_word' id='word_1_524' title='bbox 2378 2977 2775 3033; x_wconf 85' lang='lat' dir='ltr'><strong>inveterascere</strong></span> <span class='ocrx_word' id='word_1_525' title='bbox 2805 2988 2912 3029; x_wconf 94' lang='lat' dir='ltr'><strong>non</strong></span> <span class='ocrx_word' id='word_1_526' title='bbox 2955 2972 3199 3028; x_wconf 86' lang='lat' dir='ltr'><strong>fecerunt</strong></span> <span class='ocrx_word' id='word_1_527' title='bbox 3223 2969 3243 3041; x_wconf 91' lang='lat'>(</span> <span class='ocrx_word' id='word_1_528' title='bbox 3268 2967 3478 3024; x_wconf 88' lang='lat' dir='ltr'><strong>inutilis</strong></span> 
     </span>
    </p>
   </div>
   <div class='ocr_carea' id='block_1_70' title="bbox 1914 3061 3480 3140">
    <p class='ocr_par' dir='ltr' id='par_1_70' title="bbox 1914 3061 3480 3140">
     <span class='ocr_line' id='line_1_70' title="bbox 1914 3061 3480 3140; baseline -0.004 -19"><span class='ocrx_word' id='word_1_529' title='bbox 1914 3070 2113 3139; x_wconf 85' lang='lat' dir='ltr'><strong>quippe</strong></span> <span class='ocrx_word' id='word_1_530' title='bbox 2156 3078 2239 3124; x_wconf 87' lang='lat' dir='ltr'><strong>est</strong></span> <span class='ocrx_word' id='word_1_531' title='bbox 2262 3068 2445 3140; x_wconf 89' lang='lat' dir='ltr'><strong>legalis</strong></span> <span class='ocrx_word' id='word_1_532' title='bbox 2502 3068 2703 3131; x_wconf 91' lang='lat' dir='ltr'><strong>cultus,</strong></span> <span class='ocrx_word' id='word_1_533' title='bbox 2752 3066 2895 3136; x_wconf 91' lang='lat' dir='ltr'><strong>quod</strong></span> <span class='ocrx_word' id='word_1_534' title='bbox 2941 3065 3008 3119; x_wconf 90' lang='lat' dir='ltr'><strong>ad</strong></span> <span class='ocrx_word' id='word_1_535' title='bbox 3043 3074 3195 3134; x_wconf 85' lang='lat' dir='ltr'><strong>typos</strong></span> <span class='ocrx_word' id='word_1_536' title='bbox 3221 3062 3413 3116; x_wconf 84' lang='lat' dir='ltr'><strong>attinet</strong></span> <span class='ocrx_word' id='word_1_537' title='bbox 3436 3061 3480 3129; x_wconf 89' lang='lat'><strong>).</strong></span> 
     </span>
    </p>
   </div>
   <div class='ocr_carea' id='block_1_71' title="bbox 1915 3150 3483 3232">
    <p class='ocr_par' dir='ltr' id='par_1_71' title="bbox 1915 3150 3483 3232">
     <span class='ocr_line' id='line_1_71' title="bbox 1915 3150 3483 3232; baseline -0.007 -17"><span class='ocrx_word' id='word_1_538' title='bbox 1915 3170 1971 3216; x_wconf 87' lang='lat' dir='ltr'><strong>at</strong></span> <span class='ocrx_word' id='word_1_539' title='bbox 2012 3160 2183 3232; x_wconf 89' lang='lat' dir='ltr'><strong>quiin</strong></span> <span class='ocrx_word' id='word_1_540' title='bbox 2219 3160 2432 3216; x_wconf 85' lang='lat' dir='ltr'><strong>Christo</strong></span> <span class='ocrx_word' id='word_1_541' title='bbox 2455 3167 2584 3216; x_wconf 92' lang='lat' dir='ltr'><strong>sunt</strong></span> <span class='ocrx_word' id='word_1_542' title='bbox 2609 3158 2900 3213; x_wconf 89' lang='lat' dir='ltr'><strong>durabunt.</strong></span> <span class='ocrx_word' id='word_1_543' title='bbox 2938 3155 3055 3211; x_wconf 77' lang='lat' dir='ltr'><strong>Non</strong></span> <span class='ocrx_word' id='word_1_544' title='bbox 3078 3154 3223 3210; x_wconf 91' lang='lat' dir='ltr'><strong>enim</strong></span> <span class='ocrx_word' id='word_1_545' title='bbox 3248 3151 3351 3207; x_wconf 83' lang='lat' dir='ltr'><strong>alia</strong></span> <span class='ocrx_word' id='word_1_546' title='bbox 3377 3150 3483 3206; x_wconf 85' lang='lat' dir='ltr'><strong>illis</strong></span> 
     </span>
    </p>
   </div>
   <div class='ocr_carea' id='block_1_72' title="bbox 1915 3240 3484 3321">
    <p class='ocr_par' dir='ltr' id='par_1_72' title="bbox 1915 3240 3484 3321">
     <span class='ocr_line' id='line_1_72' title="bbox 1915 3240 3484 3321; baseline -0.008 -15"><span class='ocrx_word' id='word_1_547' title='bbox 1915 3252 2003 3308; x_wconf 80' lang='lat' dir='ltr'><strong>lex</strong></span> <span class='ocrx_word' id='word_1_548' title='bbox 2041 3251 2257 3308; x_wconf 89' lang='lat' dir='ltr'><strong>dabitur</strong></span> <span class='ocrx_word' id='word_1_549' title='bbox 2319 3265 2439 3321; x_wconf 70' lang='lat' dir='ltr'><strong>quae</strong></span> <span class='ocrx_word' id='word_1_550' title='bbox 2470 3247 2905 3321; x_wconf 79' lang='lat' dir='ltr'><strong>evangelicorum</strong></span> <span class='ocrx_word' id='word_1_551' title='bbox 2937 3245 3282 3303; x_wconf 89' lang='lat' dir='ltr'><strong>oraculorum</strong></span> <span class='ocrx_word' id='word_1_552' title='bbox 3313 3240 3484 3296; x_wconf 86' lang='lat' dir='ltr'><strong>virtu-</strong></span> 
     </span>
    </p>
   </div>
   <div class='ocr_carea' id='block_1_73' title="bbox 1914 3330 3485 3402">
    <p class='ocr_par' dir='ltr' id='par_1_73' title="bbox 1914 3330 3485 3402">
     <span class='ocr_line' id='line_1_73' title="bbox 1914 3330 3485 3402; baseline -0.01 -2"><span class='ocrx_word' id='word_1_553' title='bbox 1914 3354 2020 3400; x_wconf 90' lang='lat' dir='ltr'><strong>tem</strong></span> <span class='ocrx_word' id='word_1_554' title='bbox 2046 3344 2101 3399; x_wconf 90' lang='lat' dir='ltr'><strong>in</strong></span> <span class='ocrx_word' id='word_1_555' title='bbox 2130 3344 2321 3398; x_wconf 88' lang='lat' dir='ltr'><strong>melius</strong></span> <span class='ocrx_word' id='word_1_556' title='bbox 2348 3349 2662 3397; x_wconf 88' lang='lat' dir='ltr'><strong>commutet.</strong></span> <span class='ocrx_word' id='word_1_557' title='bbox 2702 3338 2915 3394; x_wconf 88' lang='lat' dir='ltr'><strong>Dictum</strong></span> <span class='ocrx_word' id='word_1_558' title='bbox 2941 3344 3025 3392; x_wconf 87' lang='lat' dir='ltr'><strong>est</strong></span> <span class='ocrx_word' id='word_1_559' title='bbox 3053 3334 3199 3390; x_wconf 90' lang='lat' dir='ltr'><strong>enim</strong></span> <span class='ocrx_word' id='word_1_560' title='bbox 3235 3346 3332 3402; x_wconf 87' lang='lat' dir='ltr'><strong>per</strong></span> <span class='ocrx_word' id='word_1_561' title='bbox 3359 3330 3485 3386; x_wconf 78' lang='lat' dir='ltr'><strong>uni-</strong></span> 
     </span>
    </p>
   </div>
   <div class='ocr_carea' id='block_1_74' title="bbox 1913 3422 3479 3493">
    <p class='ocr_par' dir='ltr' id='par_1_74' title="bbox 1913 3422 3479 3493">
     <span class='ocr_line' id='line_1_74' title="bbox 1913 3422 3479 3493; baseline -0.01 -2"><span class='ocrx_word' id='word_1_562' title='bbox 1913 3450 2191 3491; x_wconf 73' lang='lat' dir='ltr'><strong>versarunt</strong></span> <span class='ocrx_word' id='word_1_563' title='bbox 2256 3432 2596 3489; x_wconf 85' lang='lat' dir='ltr'><strong>Servatorem</strong></span> <span class='ocrx_word' id='word_1_564' title='bbox 2642 3428 2940 3493; x_wconf 88' lang='lat' dir='ltr'><strong>Christum,</strong></span> <span class='ocrx_word' id='word_1_565' title='bbox 2995 3440 3127 3483; x_wconf 88' lang='lat' dir='ltr'><strong>voce</strong></span> <span class='ocrx_word' id='word_1_566' title='bbox 3161 3422 3479 3479; x_wconf 84' lang='lat' dir='ltr'><strong>Psallentis:</strong></span> 
     </span>
    </p>
   </div>
   <div class='ocr_carea' id='block_1_75' title="bbox 1920 3515 3486 3596">
    <p class='ocr_par' dir='ltr' id='par_1_75' title="bbox 1920 3515 3486 3596">
     <span class='ocr_line' id='line_1_75' title="bbox 1920 3515 3486 3596; baseline -0.006 -17"><span class='ocrx_word' id='word_1_567' title='bbox 1920 3525 2523 3596; x_wconf 71' lang='lat' dir='ltr'><strong>«Justitiatua,justitia</strong></span> <span class='ocrx_word' id='word_1_568' title='bbox 2562 3524 2617 3578; x_wconf 85' lang='lat' dir='ltr'><strong>in</strong></span> <span class='ocrx_word' id='word_1_569' title='bbox 2641 3521 2916 3586; x_wconf 60' lang='lat' dir='ltr'><strong>saeculum,</strong></span> <span class='ocrx_word' id='word_1_570' title='bbox 2962 3526 3017 3573; x_wconf 89' lang='lat' dir='ltr'><strong>et</strong></span> <span class='ocrx_word' id='word_1_571' title='bbox 3056 3517 3143 3572; x_wconf 81' lang='lat' dir='ltr'><strong>lex</strong></span> <span class='ocrx_word' id='word_1_572' title='bbox 3194 3524 3284 3573; x_wconf 89' lang='lat' dir='ltr'><strong>tua</strong></span> <span class='ocrx_word' id='word_1_573' title='bbox 3343 3515 3486 3570; x_wconf 89' lang='lat' dir='ltr'><strong>veri-</strong></span> 
     </span>
    </p>
   </div>
   <div class='ocr_carea' id='block_1_76' title="bbox 1915 3607 3481 3684">
    <p class='ocr_par' dir='ltr' id='par_1_76' title="bbox 1915 3607 3481 3684">
     <span class='ocr_line' id='line_1_76' title="bbox 1915 3607 3481 3684; baseline -0.009 -9"><span class='ocrx_word' id='word_1_574' title='bbox 1915 3627 1999 3675; x_wconf 86' lang='lat' dir='ltr'><strong>tas</strong></span> <span class='ocrx_word' id='word_1_575' title='bbox 2023 3620 2086 3673; x_wconf 84' lang='grc'><strong>⁷⁸.</strong></span> <span class='ocrx_word' id='word_1_576' title='bbox 2116 3638 2135 3672; x_wconf 78' lang='grc' dir='ltr'><strong>ι</strong></span> <span class='ocrx_word' id='word_1_577' title='bbox 2171 3648 2235 3659; x_wconf 90' lang='lat'><strong>—-</strong></span> <span class='ocrx_word' id='word_1_578' title='bbox 2266 3636 2285 3670; x_wconf 83' lang='grc' dir='ltr'><strong>ι</strong></span> <span class='ocrx_word' id='word_1_579' title='bbox 2309 3616 2476 3674; x_wconf 86' lang='lat' dir='ltr'><strong>Electi</strong></span> <span class='ocrx_word' id='word_1_580' title='bbox 2510 3625 2712 3678; x_wconf 87' lang='lat' dir='ltr'><strong>autem,</strong></span> <span class='ocrx_word' id='word_1_581' title='bbox 2744 3614 2942 3684; x_wconf 75' lang='lat' dir='ltr'><strong>inquit,</strong></span> <span class='ocrx_word' id='word_1_582' title='bbox 2986 3611 3090 3668; x_wconf 86' lang='lat' dir='ltr'><strong>mei</strong></span> <span class='ocrx_word' id='word_1_583' title='bbox 3134 3624 3240 3667; x_wconf 91' lang='lat' dir='ltr'><strong>non</strong></span> <span class='ocrx_word' id='word_1_584' title='bbox 3270 3607 3481 3665; x_wconf 83' lang='lat' dir='ltr'><strong>labora-</strong></span> 
     </span>
    </p>
   </div>
   <div class='ocr_carea' id='block_1_77' title="bbox 1915 3698 3480 3776">
    <p class='ocr_par' dir='ltr' id='par_1_77' title="bbox 1915 3698 3480 3776">
     <span class='ocr_line' id='line_1_77' title="bbox 1915 3698 3480 3776; baseline -0.007 -12"><span class='ocrx_word' id='word_1_585' title='bbox 1915 3710 2050 3765; x_wconf 87' lang='lat' dir='ltr'><strong>bunt</strong></span> <span class='ocrx_word' id='word_1_586' title='bbox 2095 3708 2313 3771; x_wconf 82' lang='lat' dir='ltr'><strong>frustra,</strong></span> <span class='ocrx_word' id='word_1_587' title='bbox 2353 3721 2527 3776; x_wconf 84' lang='lat' dir='ltr'><strong>neque</strong></span> <span class='ocrx_word' id='word_1_588' title='bbox 2565 3706 2762 3760; x_wconf 87' lang='lat' dir='ltr'><strong>liberos</strong></span> <span class='ocrx_word' id='word_1_589' title='bbox 2792 3703 3012 3775; x_wconf 86' lang='lat' dir='ltr'><strong>gignent</strong></span> <span class='ocrx_word' id='word_1_590' title='bbox 3041 3701 3093 3755; x_wconf 91' lang='lat' dir='ltr'><strong>in</strong></span> <span class='ocrx_word' id='word_1_591' title='bbox 3143 3698 3480 3755; x_wconf 82' lang='lat' dir='ltr'><strong>maledictio-</strong></span> 
     </span>
    </p>
   </div>
   <div class='ocr_carea' id='block_1_78' title="bbox 1918 3791 3478 3859">
    <p class='ocr_par' dir='ltr' id='par_1_78' title="bbox 1918 3791 3478 3859">
     <span class='ocr_line' id='line_1_78' title="bbox 1918 3791 3478 3859; baseline -0.009 -2"><span class='ocrx_word' id='word_1_592' title='bbox 1918 3816 2063 3858; x_wconf 87' lang='lat' dir='ltr'><strong>nem.</strong></span> <span class='ocrx_word' id='word_1_593' title='bbox 2096 3818 2114 3853; x_wconf 73' lang='grc' dir='ltr'><strong>ι</strong></span> <span class='ocrx_word' id='word_1_594' title='bbox 2145 3799 2350 3853; x_wconf 78' lang='lat' dir='ltr'><strong>Rursus</strong></span> <span class='ocrx_word' id='word_1_595' title='bbox 2380 3796 2554 3859; x_wconf 87' lang='lat' dir='ltr'><strong>docet,</strong></span> <span class='ocrx_word' id='word_1_596' title='bbox 2586 3794 2733 3849; x_wconf 90' lang='lat' dir='ltr'><strong>velut</strong></span> <span class='ocrx_word' id='word_1_597' title='bbox 2753 3807 2820 3854; x_wconf 76' lang='lat' dir='ltr'><strong>ex</strong></span> <span class='ocrx_word' id='word_1_598' title='bbox 2845 3791 3193 3852; x_wconf 76' lang='lat' dir='ltr'><strong>contentione</strong></span> <span class='ocrx_word' id='word_1_599' title='bbox 3218 3798 3274 3844; x_wconf 92' lang='lat' dir='ltr'><strong>et</strong></span> <span class='ocrx_word' id='word_1_600' title='bbox 3311 3805 3478 3858; x_wconf 91' lang='lat' dir='ltr'><strong>oppo—</strong></span> 
     </span>
    </p>
   </div>
   <div class='ocr_carea' id='block_1_79' title="bbox 1917 3878 3482 3955">
    <p class='ocr_par' dir='ltr' id='par_1_79' title="bbox 1917 3878 3482 3955">
     <span class='ocr_line' id='line_1_79' title="bbox 1917 3878 3482 3955; baseline -0.009 -8"><span class='ocrx_word' id='word_1_601' title='bbox 1917 3890 2113 3948; x_wconf 87' lang='lat' dir='ltr'><strong>sitione</strong></span> <span class='ocrx_word' id='word_1_602' title='bbox 2136 3902 2320 3944; x_wconf 88' lang='lat' dir='ltr'><strong>eorum</strong></span> <span class='ocrx_word' id='word_1_603' title='bbox 2369 3901 2488 3955; x_wconf 71' lang='lat' dir='ltr'><strong>quae</strong></span> <span class='ocrx_word' id='word_1_604' title='bbox 2528 3885 2797 3953; x_wconf 83' lang='lat' dir='ltr'><strong>quondam</strong></span> <span class='ocrx_word' id='word_1_605' title='bbox 2860 3881 3124 3951; x_wconf 69' lang='lat' dir='ltr'><strong>praafectis</strong></span> <span class='ocrx_word' id='word_1_606' title='bbox 3168 3878 3482 3934; x_wconf 70' lang='lat' dir='ltr'><strong>Iudaeorum</strong></span> 
     </span>
    </p>
   </div>
   <div class='ocr_carea' id='block_1_80' title="bbox 250 3966 1816 4052">
    <p class='ocr_par' dir='ltr' id='par_1_80' title="bbox 250 3978 1816 4052">
     <span class='ocr_line' id='line_1_80' title="bbox 250 3978 1816 4052; baseline 0.001 -21"><span class='ocrx_word' id='word_1_607' title='bbox 250 3999 269 4031; x_wconf 80' lang='grc' dir='ltr'><strong>ι</strong></span> <span class='ocrx_word' id='word_1_608' title='bbox 308 3980 375 4033; x_wconf 87' lang='grc' dir='ltr'><strong>Ἦ</strong></span> <span class='ocrx_word' id='word_1_609' title='bbox 390 3979 699 4052; x_wconf 85' lang='grc' dir='ltr'>δικαιοσύνη</span> <span class='ocrx_word' id='word_1_610' title='bbox 745 3997 837 4034; x_wconf 92' lang='grc' dir='ltr'><strong>σου</strong></span> <span class='ocrx_word' id='word_1_611' title='bbox 865 3979 1179 4049; x_wconf 89' lang='grc' dir='ltr'>δικαιοσύνη</span> <span class='ocrx_word' id='word_1_612' title='bbox 1209 3980 1289 4043; x_wconf 82' lang='grc' dir='ltr'><strong>εἰς</strong></span> <span class='ocrx_word' id='word_1_613' title='bbox 1319 3978 1410 4032; x_wconf 82' lang='grc' dir='ltr'>τὸν</span> <span class='ocrx_word' id='word_1_614' title='bbox 1437 3978 1629 4043; x_wconf 64' lang='grc' dir='ltr'>αἰῶνα,</span> <span class='ocrx_word' id='word_1_615' title='bbox 1663 3980 1759 4032; x_wconf 78' lang='grc' dir='ltr'>καὶ</span> <span class='ocrx_word' id='word_1_616' title='bbox 1789 3980 1816 4032; x_wconf 84' lang='grc' dir='ltr'><strong><em>ὁ</em></strong></span> 
     </span>
    </p>
   </div>
   <div class='ocr_carea' id='block_1_81' title="bbox 1915 3966 3485 4052">
    <p class='ocr_par' dir='ltr' id='par_1_81' title="bbox 1918 3966 3485 4049">
     <span class='ocr_line' id='line_1_81' title="bbox 1918 3966 3485 4049; baseline -0.01 -12"><span class='ocrx_word' id='word_1_617' title='bbox 1918 3982 2300 4049; x_wconf 79' lang='lat' dir='ltr'><strong>contigerunt:</strong></span> <span class='ocrx_word' id='word_1_618' title='bbox 2338 3976 2391 4031; x_wconf 91' lang='lat' dir='ltr'><strong>hi</strong></span> <span class='ocrx_word' id='word_1_619' title='bbox 2429 3983 2607 4029; x_wconf 87' lang='lat' dir='ltr'><strong>autem</strong></span> <span class='ocrx_word' id='word_1_620' title='bbox 2653 3980 2780 4027; x_wconf 88' lang='lat' dir='ltr'><strong>sunt</strong></span> <span class='ocrx_word' id='word_1_621' title='bbox 2834 3970 3036 4026; x_wconf 75' lang='lat' dir='ltr'><strong>Scriba:</strong></span> <span class='ocrx_word' id='word_1_622' title='bbox 3074 3978 3129 4024; x_wconf 86' lang='lat' dir='ltr'><strong>et</strong></span> <span class='ocrx_word' id='word_1_623' title='bbox 3184 3966 3485 4031; x_wconf 78' lang='lat' dir='ltr'><strong>Pharisaei,</strong></span> 
     </span>
    </p>
   </div>
   <div class='ocr_carea' id='block_1_82' title="bbox 242 4057 1816 4143">
    <p class='ocr_par' dir='ltr' id='par_1_82' title="bbox 242 4068 1816 4142">
     <span class='ocr_line' id='line_1_82' title="bbox 242 4068 1816 4142; baseline -0.003 -18"><span class='ocrx_word' id='word_1_624' title='bbox 242 4069 409 4140; x_wconf 88' lang='grc' dir='ltr'>νόμος</span> <span class='ocrx_word' id='word_1_625' title='bbox 437 4087 528 4124; x_wconf 90' lang='grc' dir='ltr'><strong>σου</strong></span> <span class='ocrx_word' id='word_1_626' title='bbox 562 4068 809 4142; x_wconf 82' lang='grc' dir='ltr'>ἀλήθεια.</span> <span class='ocrx_word' id='word_1_627' title='bbox 846 4100 917 4111; x_wconf 85' lang='lat'><strong>--</strong></span> <span class='ocrx_word' id='word_1_628' title='bbox 939 4072 999 4124; x_wconf 87' lang='grc' dir='ltr'><strong>Οἱ</strong></span> <span class='ocrx_word' id='word_1_629' title='bbox 1032 4069 1088 4123; x_wconf 81' lang='grc' dir='ltr'>δὲ</span> <span class='ocrx_word' id='word_1_630' title='bbox 1116 4069 1362 4123; x_wconf 76' lang='grc' dir='ltr'>ἐκλεκτοί</span> <span class='ocrx_word' id='word_1_631' title='bbox 1422 4085 1522 4139; x_wconf 90' lang='grc' dir='ltr'><strong>μου</strong></span> <span class='ocrx_word' id='word_1_632' title='bbox 1543 4106 1558 4132; x_wconf 93' lang='grc'><strong>,</strong></span> <span class='ocrx_word' id='word_1_633' title='bbox 1623 4068 1816 4139; x_wconf 77' lang='grc' dir='ltr'>φησὶν,</span> 
     </span>
    </p>
   </div>
   <div class='ocr_carea' id='block_1_83' title="bbox 1915 4057 3485 4143">
    <p class='ocr_par' dir='ltr' id='par_1_83' title="bbox 1920 4057 3485 4143">
     <span class='ocr_line' id='line_1_83' title="bbox 1920 4057 3485 4143; baseline -0.011 -16"><span class='ocrx_word' id='word_1_634' title='bbox 1920 4072 2036 4143; x_wconf 88' lang='lat' dir='ltr'><strong>qui,</strong></span> <span class='ocrx_word' id='word_1_635' title='bbox 2068 4072 2185 4143; x_wconf 87' lang='lat' dir='ltr'><strong>lege</strong></span> <span class='ocrx_word' id='word_1_636' title='bbox 2239 4068 2447 4134; x_wconf 88' lang='lat' dir='ltr'><strong>relicta,</strong></span> <span class='ocrx_word' id='word_1_637' title='bbox 2470 4075 2525 4123; x_wconf 90' lang='lat' dir='ltr'><strong>et</strong></span> <span class='ocrx_word' id='word_1_638' title='bbox 2573 4065 2832 4123; x_wconf 88' lang='lat' dir='ltr'><strong>docentes</strong></span> <span class='ocrx_word' id='word_1_639' title='bbox 2895 4060 3191 4127; x_wconf 88' lang='lat' dir='ltr'><strong>doctrinas,</strong></span> <span class='ocrx_word' id='word_1_640' title='bbox 3233 4057 3485 4114; x_wconf 86' lang='lat' dir='ltr'><strong>mandata</strong></span> 
     </span>
    </p>
   </div>
   <div class='ocr_carea' id='block_1_84' title="bbox 240 4151 1816 4233">
    <p class='ocr_par' dir='ltr' id='par_1_84' title="bbox 240 4157 1816 4229">
     <span class='ocr_line' id='line_1_84' title="bbox 240 4157 1816 4229; baseline 0 -19"><span class='ocrx_word' id='word_1_641' title='bbox 240 4157 308 4210; x_wconf 85' lang='grc' dir='ltr'><strong>ού</strong></span> <span class='ocrx_word' id='word_1_642' title='bbox 357 4158 709 4213; x_wconf 87' lang='grc' dir='ltr'>κοπιάσουσιν</span> <span class='ocrx_word' id='word_1_643' title='bbox 740 4159 820 4221; x_wconf 87' lang='grc' dir='ltr'><strong>είς</strong></span> <span class='ocrx_word' id='word_1_644' title='bbox 850 4158 1024 4227; x_wconf 81' lang='grc' dir='ltr'>κενὸν,</span> <span class='ocrx_word' id='word_1_645' title='bbox 1059 4158 1180 4213; x_wconf 84' lang='grc' dir='ltr'>οὐδὲ</span> <span class='ocrx_word' id='word_1_646' title='bbox 1238 4158 1713 4229; x_wconf 82' lang='grc' dir='ltr'>τεκνοποιήσουσιν</span> <span class='ocrx_word' id='word_1_647' title='bbox 1741 4158 1816 4221; x_wconf 80' lang='grc' dir='ltr'>εἰς</span> 
     </span>
    </p>
   </div>
   <div class='ocr_carea' id='block_1_85' title="bbox 1915 4151 3483 4233">
    <p class='ocr_par' dir='ltr' id='par_1_85' title="bbox 1923 4151 3483 4233">
     <span class='ocr_line' id='line_1_85' title="bbox 1923 4151 3483 4233; baseline -0.011 -12"><span class='ocrx_word' id='word_1_648' title='bbox 1923 4164 2225 4227; x_wconf 89' lang='lat' dir='ltr'><strong>hominum,</strong></span> <span class='ocrx_word' id='word_1_649' title='bbox 2278 4169 2461 4233; x_wconf 84' lang='lat' dir='ltr'><strong>patres</strong></span> <span class='ocrx_word' id='word_1_650' title='bbox 2515 4158 2733 4228; x_wconf 87' lang='lat' dir='ltr'><strong>quidem</strong></span> <span class='ocrx_word' id='word_1_651' title='bbox 2787 4154 3107 4210; x_wconf 83' lang='lat' dir='ltr'><strong>exstiterunt</strong></span> <span class='ocrx_word' id='word_1_652' title='bbox 3156 4151 3483 4216; x_wconf 85' lang='lat' dir='ltr'><strong>liberorum,</strong></span> 
     </span>
    </p>
   </div>
   <div class='ocr_carea' id='block_1_86' title="bbox 243 4241 1816 4329">
    <p class='ocr_par' dir='ltr' id='par_1_86' title="bbox 243 4249 1816 4322">
     <span class='ocr_line' id='line_1_86' title="bbox 243 4249 1816 4322; baseline 0.002 -21"><span class='ocrx_word' id='word_1_653' title='bbox 243 4250 513 4320; x_wconf 85' lang='grc' dir='ltr'>κατάραν.</span> <span class='ocrx_word' id='word_1_654' title='bbox 560 4268 578 4302; x_wconf 72' lang='grc' dir='ltr'><strong>ι</strong></span> <span class='ocrx_word' id='word_1_655' title='bbox 612 4250 1039 4305; x_wconf 85' lang='grc' dir='ltr'>Διδάσκειπάλιν</span> <span class='ocrx_word' id='word_1_656' title='bbox 1071 4250 1147 4315; x_wconf 85' lang='grc' dir='ltr'>ὠς</span> <span class='ocrx_word' id='word_1_657' title='bbox 1172 4252 1236 4305; x_wconf 72' lang='grc' dir='ltr'>ἐκ</span> <span class='ocrx_word' id='word_1_658' title='bbox 1252 4249 1622 4322; x_wconf 83' lang='grc' dir='ltr'>παραθέσεως,</span> <span class='ocrx_word' id='word_1_659' title='bbox 1655 4250 1816 4319; x_wconf 69' lang='grc' dir='ltr'>ἤγουν</span> 
     </span>
    </p>
   </div>
   <div class='ocr_carea' id='block_1_87' title="bbox 1915 4241 3515 4329">
    <p class='ocr_par' dir='ltr' id='par_1_87' title="bbox 1922 4241 3515 4329">
     <span class='ocr_line' id='line_1_87' title="bbox 1922 4241 3515 4329; baseline -0.012 -17"><span class='ocrx_word' id='word_1_660' title='bbox 1922 4272 2019 4327; x_wconf 92' lang='lat' dir='ltr'><strong>per</strong></span> <span class='ocrx_word' id='word_1_661' title='bbox 2054 4253 2411 4324; x_wconf 78' lang='lat' dir='ltr'><strong>disciplinam,</strong></span> <span class='ocrx_word' id='word_1_662' title='bbox 2451 4251 2658 4307; x_wconf 89' lang='lat' dir='ltr'><strong>scilicet</strong></span> <span class='ocrx_word' id='word_1_663' title='bbox 2690 4256 2785 4311; x_wconf 78' lang='lat' dir='ltr'><strong>:at</strong></span> <span class='ocrx_word' id='word_1_664' title='bbox 2820 4246 3019 4300; x_wconf 81' lang='lat' dir='ltr'><strong>frustra</strong></span> <span class='ocrx_word' id='word_1_665' title='bbox 3041 4282 3058 4310; x_wconf 96' lang='lat'><strong>,</strong></span> <span class='ocrx_word' id='word_1_666' title='bbox 3099 4251 3153 4298; x_wconf 91' lang='lat' dir='ltr'><strong>et</strong></span> <span class='ocrx_word' id='word_1_667' title='bbox 3178 4243 3231 4297; x_wconf 91' lang='lat' dir='ltr'><strong>in</strong></span> <span class='ocrx_word' id='word_1_668' title='bbox 3265 4241 3515 4329; x_wconf 26' lang='lat' dir='ltr'><strong>maledi-i</strong></span> 
     </span>
    </p>
   </div>
   <div class='ocr_carea' id='block_1_88' title="bbox 243 4332 1816 4414">
    <p class='ocr_par' dir='ltr' id='par_1_88' title="bbox 243 4340 1816 4414">
     <span class='ocr_line' id='line_1_88' title="bbox 243 4340 1816 4414; baseline -0.001 -18"><span class='ocrx_word' id='word_1_669' title='bbox 243 4340 630 4411; x_wconf 82' lang='grc' dir='ltr'>ἁντεξαγωγῆς</span> <span class='ocrx_word' id='word_1_670' title='bbox 664 4341 769 4395; x_wconf 86' lang='grc' dir='ltr'><strong>τῶν</strong></span> <span class='ocrx_word' id='word_1_671' title='bbox 815 4342 982 4397; x_wconf 90' lang='grc' dir='ltr'>πάλαι</span> <span class='ocrx_word' id='word_1_672' title='bbox 1038 4342 1464 4414; x_wconf 69' lang='grc' dir='ltr'>ωμόεὸηκότων</span> <span class='ocrx_word' id='word_1_673' title='bbox 1514 4344 1628 4405; x_wconf 90' lang='grc' dir='ltr'>τοῖς</span> <span class='ocrx_word' id='word_1_674' title='bbox 1687 4343 1816 4395; x_wconf 87' lang='grc' dir='ltr'>Ἰου-</span> 
     </span>
    </p>
   </div>
   <div class='ocr_carea' id='block_1_89' title="bbox 1915 4332 3518 4414">
    <p class='ocr_par' dir='ltr' id='par_1_89' title="bbox 1923 4332 3518 4414">
     <span class='ocr_line' id='line_1_89' title="bbox 1923 4332 3518 4414; baseline -0.011 -11"><span class='ocrx_word' id='word_1_675' title='bbox 1923 4348 2178 4405; x_wconf 89' lang='lat' dir='ltr'><strong>ctionem.</strong></span> <span class='ocrx_word' id='word_1_676' title='bbox 2222 4343 2336 4398; x_wconf 77' lang='lat' dir='ltr'><strong>iloc</strong></span> <span class='ocrx_word' id='word_1_677' title='bbox 2364 4343 2527 4397; x_wconf 87' lang='lat' dir='ltr'><strong>etiam</strong></span> <span class='ocrx_word' id='word_1_678' title='bbox 2593 4354 2690 4394; x_wconf 90' lang='lat' dir='ltr'><strong>nos</strong></span> <span class='ocrx_word' id='word_1_679' title='bbox 2721 4338 2904 4393; x_wconf 88' lang='lat' dir='ltr'><strong>docuit</strong></span> <span class='ocrx_word' id='word_1_680' title='bbox 2950 4335 3226 4399; x_wconf 80' lang='lat' dir='ltr'><strong>Servator,</strong></span> <span class='ocrx_word' id='word_1_681' title='bbox 3272 4332 3518 4414; x_wconf 58' lang='lat' dir='ltr'><strong>Scrihas,</strong></span> 
     </span>
    </p>
   </div>
   <div class='ocr_carea' id='block_1_90' title="bbox 242 4412 1816 4519">
    <p class='ocr_par' dir='ltr' id='par_1_90' title="bbox 242 4412 1816 4506">
     <span class='ocr_line' id='line_1_90' title="bbox 242 4412 1816 4506; baseline 0.001 -20"><span class='ocrx_word' id='word_1_682' title='bbox 242 4432 410 4487; x_wconf 83' lang='grc' dir='ltr'>δαίων</span> <span class='ocrx_word' id='word_1_683' title='bbox 434 4433 769 4504; x_wconf 86' lang='grc' dir='ltr'>καθηγηταῖς</span> <span class='ocrx_word' id='word_1_684' title='bbox 789 4451 802 4466; x_wconf 95' lang='grc'><strong>·</strong></span> <span class='ocrx_word' id='word_1_685' title='bbox 840 4412 1189 4506; x_wconf 81' lang='grc' dir='ltr'>Γραμματεῖς</span> <span class='ocrx_word' id='word_1_686' title='bbox 1232 4412 1290 4488; x_wconf 68' lang='grc' dir='ltr'><strong>δέ</strong></span> <span class='ocrx_word' id='word_1_687' title='bbox 1328 4425 1473 4487; x_wconf 70' lang='grc' dir='ltr'>οὗτοι</span> <span class='ocrx_word' id='word_1_688' title='bbox 1516 4433 1612 4488; x_wconf 72' lang='grc' dir='ltr'>καὶ</span> <span class='ocrx_word' id='word_1_689' title='bbox 1658 4434 1816 4504; x_wconf 77' lang='grc' dir='ltr'>Φαρι-</span> 
     </span>
    </p>
   </div>
   <div class='ocr_carea' id='block_1_91' title="bbox 1915 4412 3523 4519">
    <p class='ocr_par' dir='ltr' id='par_1_91' title="bbox 1923 4412 3523 4519">
     <span class='ocr_line' id='line_1_91' title="bbox 1923 4412 3523 4519; baseline -0.011 -25"><span class='ocrx_word' id='word_1_690' title='bbox 1923 4447 1977 4496; x_wconf 92' lang='lat' dir='ltr'><strong>et</strong></span> <span class='ocrx_word' id='word_1_691' title='bbox 2021 4435 2322 4492; x_wconf 66' lang='lat' dir='ltr'><strong>Pharisaeos</strong></span> <span class='ocrx_word' id='word_1_692' title='bbox 2365 4431 2784 4499; x_wconf 87' lang='lat' dir='ltr'><strong>reprehendens.</strong></span> <span class='ocrx_word' id='word_1_693' title='bbox 2822 4427 2965 4481; x_wconf 78' lang='lat' dir='ltr'><strong>Dixit</strong></span> <span class='ocrx_word' id='word_1_694' title='bbox 3018 4424 3201 4480; x_wconf 89' lang='lat' dir='ltr'><strong>enim:</strong></span> <span class='ocrx_word' id='word_1_695' title='bbox 3241 4442 3259 4475; x_wconf 82' lang='grc' dir='ltr'><strong>ι</strong></span> <span class='ocrx_word' id='word_1_696' title='bbox 3288 4424 3377 4478; x_wconf 70' lang='lat' dir='ltr'><strong>Va:</strong></span> <span class='ocrx_word' id='word_1_697' title='bbox 3407 4412 3523 4519; x_wconf 37' lang='lat' dir='ltr'><strong>vo-i</strong></span> 
     </span>
    </p>
   </div>
   <div class='ocr_carea' id='block_1_92' title="bbox 246 4513 1816 4595">
    <p class='ocr_par' dir='ltr' id='par_1_92' title="bbox 246 4522 1816 4595">
     <span class='ocr_line' id='line_1_92' title="bbox 246 4522 1816 4595; baseline 0 -19"><span class='ocrx_word' id='word_1_698' title='bbox 246 4526 410 4588; x_wconf 88' lang='grc' dir='ltr'>σαῖοι,</span> <span class='ocrx_word' id='word_1_699' title='bbox 438 4524 489 4578; x_wconf 83' lang='grc' dir='ltr'><strong>οῖ</strong></span> <span class='ocrx_word' id='word_1_700' title='bbox 516 4524 605 4577; x_wconf 81' lang='grc' dir='ltr'>τὸν</span> <span class='ocrx_word' id='word_1_701' title='bbox 634 4524 797 4595; x_wconf 87' lang='grc' dir='ltr'>νόμον</span> <span class='ocrx_word' id='word_1_702' title='bbox 814 4524 1061 4594; x_wconf 86' lang='grc' dir='ltr'>ἀφέντες,</span> <span class='ocrx_word' id='word_1_703' title='bbox 1086 4525 1179 4579; x_wconf 72' lang='grc' dir='ltr'><strong>καὶ</strong></span> <span class='ocrx_word' id='word_1_704' title='bbox 1203 4523 1543 4586; x_wconf 87' lang='grc' dir='ltr'>διδάσκοντες</span> <span class='ocrx_word' id='word_1_705' title='bbox 1568 4522 1816 4577; x_wconf 89' lang='grc' dir='ltr'>διδασκα-</span> 
     </span>
    </p>
   </div>
   <div class='ocr_carea' id='block_1_93' title="bbox 1915 4513 3521 4595">
    <p class='ocr_par' dir='ltr' id='par_1_93' title="bbox 1928 4513 3521 4595">
     <span class='ocr_line' id='line_1_93' title="bbox 1928 4513 3521 4595; baseline -0.012 -10"><span class='ocrx_word' id='word_1_706' title='bbox 1928 4531 2035 4595; x_wconf 86' lang='lat' dir='ltr'><strong>bis,</strong></span> <span class='ocrx_word' id='word_1_707' title='bbox 2078 4528 2281 4583; x_wconf 66' lang='lat' dir='ltr'><strong>Scriba:</strong></span> <span class='ocrx_word' id='word_1_708' title='bbox 2309 4533 2364 4579; x_wconf 89' lang='lat' dir='ltr'><strong>et</strong></span> <span class='ocrx_word' id='word_1_709' title='bbox 2387 4521 2647 4577; x_wconf 65' lang='lat' dir='ltr'><strong>Pharismi</strong></span> <span class='ocrx_word' id='word_1_710' title='bbox 2703 4519 3016 4590; x_wconf 55' lang='lat' dir='ltr'><strong>hypocrita,</strong></span> <span class='ocrx_word' id='word_1_711' title='bbox 3064 4515 3191 4585; x_wconf 87' lang='lat' dir='ltr'><strong>quia</strong></span> <span class='ocrx_word' id='word_1_712' title='bbox 3250 4513 3521 4595; x_wconf 40' lang='lat' dir='ltr'><strong>circuitis}</strong></span> 
     </span>
    </p>
   </div>
   <div class='ocr_carea' id='block_1_94' title="bbox 244 4606 1816 4688">
    <p class='ocr_par' dir='ltr' id='par_1_94' title="bbox 244 4614 1816 4688">
     <span class='ocr_line' id='line_1_94' title="bbox 244 4614 1816 4688; baseline -0.001 -18"><span class='ocrx_word' id='word_1_713' title='bbox 244 4615 368 4670; x_wconf 88' lang='grc' dir='ltr'>λίαν</span> <span class='ocrx_word' id='word_1_714' title='bbox 420 4616 727 4687; x_wconf 72' lang='grc' dir='ltr'>ἐντάλματα</span> <span class='ocrx_word' id='word_1_715' title='bbox 774 4616 1096 4688; x_wconf 86' lang='grc' dir='ltr'>ἀνθρώπων,</span> <span class='ocrx_word' id='word_1_716' title='bbox 1144 4614 1381 4687; x_wconf 80' lang='grc' dir='ltr'>πατέρες</span> <span class='ocrx_word' id='word_1_717' title='bbox 1432 4614 1530 4685; x_wconf 82' lang='grc' dir='ltr'>μὲν</span> <span class='ocrx_word' id='word_1_718' title='bbox 1564 4614 1816 4684; x_wconf 82' lang='grc' dir='ltr'>γεγόνασι</span> 
     </span>
    </p>
   </div>
   <div class='ocr_carea' id='block_1_95' title="bbox 1915 4606 3493 4688">
    <p class='ocr_par' dir='ltr' id='par_1_95' title="bbox 1927 4606 3493 4679">
     <span class='ocr_line' id='line_1_95' title="bbox 1927 4606 3493 4679; baseline -0.011 -3"><span class='ocrx_word' id='word_1_719' title='bbox 1927 4635 2079 4676; x_wconf 87' lang='lat' dir='ltr'><strong>mare</strong></span> <span class='ocrx_word' id='word_1_720' title='bbox 2104 4628 2158 4675; x_wconf 95' lang='lat' dir='ltr'><strong>et</strong></span> <span class='ocrx_word' id='word_1_721' title='bbox 2199 4617 2428 4679; x_wconf 88' lang='lat' dir='ltr'><strong>aridam,</strong></span> <span class='ocrx_word' id='word_1_722' title='bbox 2460 4621 2519 4668; x_wconf 90' lang='lat' dir='ltr'><strong>ut</strong></span> <span class='ocrx_word' id='word_1_723' title='bbox 2554 4610 2767 4667; x_wconf 80' lang='lat' dir='ltr'><strong>faciatis</strong></span> <span class='ocrx_word' id='word_1_724' title='bbox 2818 4623 2981 4663; x_wconf 90' lang='lat' dir='ltr'><strong>unum</strong></span> <span class='ocrx_word' id='word_1_725' title='bbox 3028 4606 3397 4679; x_wconf 87' lang='lat' dir='ltr'><strong>proselytum:</strong></span> <span class='ocrx_word' id='word_1_726' title='bbox 3438 4612 3493 4659; x_wconf 91' lang='lat' dir='ltr'><strong>et</strong></span> 
     </span>
    </p>
   </div>
   <div class='ocr_carea' id='block_1_96' title="bbox 245 4696 1816 4779">
    <p class='ocr_par' dir='ltr' id='par_1_96' title="bbox 245 4706 1816 4779">
     <span class='ocr_line' id='line_1_96' title="bbox 245 4706 1816 4779; baseline 0.001 -19"><span class='ocrx_word' id='word_1_727' title='bbox 245 4707 452 4762; x_wconf 82' lang='grc' dir='ltr'>τέκνων</span> <span class='ocrx_word' id='word_1_728' title='bbox 470 4707 580 4761; x_wconf 88' lang='grc' dir='ltr'><strong>τῶν</strong></span> <span class='ocrx_word' id='word_1_729' title='bbox 612 4707 752 4761; x_wconf 76' lang='grc' dir='ltr'>κατὰ</span> <span class='ocrx_word' id='word_1_730' title='bbox 792 4708 1024 4779; x_wconf 90' lang='grc' dir='ltr'>μάθησιν</span> <span class='ocrx_word' id='word_1_731' title='bbox 1054 4707 1317 4777; x_wconf 85' lang='grc' dir='ltr'>δηλονότι,</span> <span class='ocrx_word' id='word_1_732' title='bbox 1354 4706 1495 4777; x_wconf 80' lang='grc' dir='ltr'>πλὴν</span> <span class='ocrx_word' id='word_1_733' title='bbox 1527 4706 1606 4770; x_wconf 81' lang='grc' dir='ltr'><strong>είς</strong></span> <span class='ocrx_word' id='word_1_734' title='bbox 1646 4706 1816 4772; x_wconf 83' lang='grc' dir='ltr'>κενὸν.</span> 
     </span>
    </p>
   </div>
   <div class='ocr_carea' id='block_1_97' title="bbox 1915 4696 3493 4779">
    <p class='ocr_par' dir='ltr' id='par_1_97' title="bbox 1925 4696 3493 4772">
     <span class='ocr_line' id='line_1_97' title="bbox 1925 4696 3493 4772; baseline -0.014 -1"><span class='ocrx_word' id='word_1_735' title='bbox 1925 4729 2049 4771; x_wconf 89' lang='lat' dir='ltr'><strong>cum</strong></span> <span class='ocrx_word' id='word_1_736' title='bbox 2074 4710 2239 4767; x_wconf 87' lang='lat' dir='ltr'><strong>fuerit</strong></span> <span class='ocrx_word' id='word_1_737' title='bbox 2288 4708 2481 4772; x_wconf 87' lang='lat' dir='ltr'><strong>factus,</strong></span> <span class='ocrx_word' id='word_1_738' title='bbox 2539 4704 2716 4759; x_wconf 84' lang='lat' dir='ltr'><strong>facitis</strong></span> <span class='ocrx_word' id='word_1_739' title='bbox 2759 4702 2906 4758; x_wconf 89' lang='lat' dir='ltr'><strong>illum</strong></span> <span class='ocrx_word' id='word_1_740' title='bbox 2964 4699 3132 4754; x_wconf 80' lang='lat' dir='ltr'><strong>illium</strong></span> <span class='ocrx_word' id='word_1_741' title='bbox 3193 4696 3493 4766; x_wconf 59' lang='lat' dir='ltr'><strong>gehennae,</strong></span> 
     </span>
    </p>
   </div>
   <div class='ocr_carea' id='block_1_98' title="bbox 249 4787 1816 4877">
    <p class='ocr_par' dir='ltr' id='par_1_98' title="bbox 249 4798 1816 4871">
     <span class='ocr_line' id='line_1_98' title="bbox 249 4798 1816 4871; baseline 0.002 -20"><span class='ocrx_word' id='word_1_742' title='bbox 249 4800 347 4852; x_wconf 77' lang='grc' dir='ltr'>καὶ</span> <span class='ocrx_word' id='word_1_743' title='bbox 374 4801 453 4863; x_wconf 81' lang='grc' dir='ltr'><strong>είς</strong></span> <span class='ocrx_word' id='word_1_744' title='bbox 475 4800 735 4871; x_wconf 89' lang='grc' dir='ltr'>κατάραν·</span> <span class='ocrx_word' id='word_1_745' title='bbox 774 4800 920 4869; x_wconf 78' lang='grc' dir='ltr'>ἡμᾶς</span> <span class='ocrx_word' id='word_1_746' title='bbox 957 4799 1051 4852; x_wconf 75' lang='grc' dir='ltr'><strong>καὶ</strong></span> <span class='ocrx_word' id='word_1_747' title='bbox 1078 4798 1235 4853; x_wconf 77' lang='grc' dir='ltr'>τοῦτο</span> <span class='ocrx_word' id='word_1_748' title='bbox 1263 4799 1498 4865; x_wconf 71' lang='grc' dir='ltr'>ἐδίδαξεν</span> <span class='ocrx_word' id='word_1_749' title='bbox 1539 4802 1567 4853; x_wconf 88' lang='grc' dir='ltr'>ὁ</span> <span class='ocrx_word' id='word_1_750' title='bbox 1611 4798 1816 4869; x_wconf 81' lang='grc' dir='ltr'>Σωτὴρ,</span> 
     </span>
    </p>
   </div>
   <div class='ocr_carea' id='block_1_99' title="bbox 1915 4787 3496 4877">
    <p class='ocr_par' dir='ltr' id='par_1_99' title="bbox 1929 4787 3496 4877">
     <span class='ocr_line' id='line_1_99' title="bbox 1929 4787 3496 4877; baseline -0.013 -14"><span class='ocrx_word' id='word_1_751' title='bbox 1929 4806 2090 4877; x_wconf 84' lang='lat' dir='ltr'><strong>duplo</strong></span> <span class='ocrx_word' id='word_1_752' title='bbox 2116 4802 2287 4871; x_wconf 88' lang='lat' dir='ltr'><strong>magis</strong></span> <span class='ocrx_word' id='word_1_753' title='bbox 2315 4813 2475 4869; x_wconf 90' lang='lat' dir='ltr'><strong>quam</strong></span> <span class='ocrx_word' id='word_1_754' title='bbox 2502 4811 2599 4853; x_wconf 88' lang='lat' dir='ltr'><strong>vos</strong></span> <span class='ocrx_word' id='word_1_755' title='bbox 2625 4796 2757 4851; x_wconf 87' lang='lat' dir='ltr'><strong>estis</strong></span> <span class='ocrx_word' id='word_1_756' title='bbox 2778 4794 2844 4847; x_wconf 82' lang='lat'><strong>&quot;’.</strong></span> <span class='ocrx_word' id='word_1_757' title='bbox 2880 4811 2899 4846; x_wconf 73' lang='grc' dir='ltr'><strong>ι</strong></span> <span class='ocrx_word' id='word_1_758' title='bbox 2931 4790 3119 4860; x_wconf 86' lang='lat' dir='ltr'><strong>Itaque</strong></span> <span class='ocrx_word' id='word_1_759' title='bbox 3168 4788 3243 4844; x_wconf 89' lang='lat' dir='ltr'><strong>illi</strong></span> <span class='ocrx_word' id='word_1_760' title='bbox 3295 4787 3496 4843; x_wconf 90' lang='lat' dir='ltr'><strong>liberos</strong></span> 
     </span>
    </p>
   </div>
   <div class='ocr_carea' id='block_1_100' title="bbox 248 4880 1816 4970">
    <p class='ocr_par' dir='ltr' id='par_1_100' title="bbox 248 4888 1816 4961">
     <span class='ocr_line' id='line_1_100' title="bbox 248 4888 1816 4961; baseline -0.001 -19"><span class='ocrx_word' id='word_1_761' title='bbox 248 4891 367 4953; x_wconf 87' lang='grc' dir='ltr'>τοῖς</span> <span class='ocrx_word' id='word_1_762' title='bbox 415 4888 806 4960; x_wconf 82' lang='grc' dir='ltr'>Γραμματεῦσι</span> <span class='ocrx_word' id='word_1_763' title='bbox 858 4891 952 4943; x_wconf 76' lang='grc' dir='ltr'>καὶ</span> <span class='ocrx_word' id='word_1_764' title='bbox 1000 4889 1314 4958; x_wconf 80' lang='grc' dir='ltr'>Φαρισαίοις</span> <span class='ocrx_word' id='word_1_765' title='bbox 1367 4890 1632 4961; x_wconf 79' lang='grc' dir='ltr'>ἐπιτιμῶν</span> <span class='ocrx_word' id='word_1_766' title='bbox 1680 4889 1816 4960; x_wconf 73' lang='grc' dir='ltr'>’ἔφη</span> 
     </span>
    </p>
   </div>
   <div class='ocr_carea' id='block_1_101' title="bbox 1915 4880 3496 4970">
    <p class='ocr_par' dir='ltr' id='par_1_101' title="bbox 1921 4880 3496 4970">
     <span class='ocr_line' id='line_1_101' title="bbox 1921 4880 3496 4970; baseline -0.012 -16"><span class='ocrx_word' id='word_1_767' title='bbox 1921 4903 2221 4970; x_wconf 86' lang='lat' dir='ltr'><strong>genuerunt</strong></span> <span class='ocrx_word' id='word_1_768' title='bbox 2255 4892 2309 4946; x_wconf 86' lang='lat' dir='ltr'><strong>in</strong></span> <span class='ocrx_word' id='word_1_769' title='bbox 2345 4887 2776 4945; x_wconf 86' lang='lat' dir='ltr'><strong>maledictionem</strong></span> <span class='ocrx_word' id='word_1_770' title='bbox 2818 4893 2875 4939; x_wconf 90' lang='lat' dir='ltr'><strong>et</strong></span> <span class='ocrx_word' id='word_1_771' title='bbox 2899 4883 2952 4937; x_wconf 88' lang='lat' dir='ltr'><strong>iu</strong></span> <span class='ocrx_word' id='word_1_772' title='bbox 2983 4895 3176 4937; x_wconf 90' lang='lat' dir='ltr'><strong>vanum</strong></span> <span class='ocrx_word' id='word_1_773' title='bbox 3206 4898 3220 4934; x_wconf 88' lang='lat'>:</span> <span class='ocrx_word' id='word_1_774' title='bbox 3247 4880 3358 4970; x_wconf 86' lang='lat' dir='ltr'><strong>sed</strong></span> <span class='ocrx_word' id='word_1_775' title='bbox 3391 4880 3496 4935; x_wconf 81' lang='lat' dir='ltr'><strong>ele-</strong></span> 
     </span>
    </p>
   </div>
   <div class='ocr_carea' id='block_1_102' title="bbox 245 4969 1816 5056">
    <p class='ocr_par' dir='ltr' id='par_1_102' title="bbox 245 4978 1816 5051">
     <span class='ocr_line' id='line_1_102' title="bbox 245 4978 1816 5051; baseline 0 -21"><span class='ocrx_word' id='word_1_776' title='bbox 245 4979 381 5049; x_wconf 79' lang='grc' dir='ltr'>γάρ,</span> <span class='ocrx_word' id='word_1_777' title='bbox 429 4979 510 5033; x_wconf 81' lang='grc' dir='ltr'>ὅτι</span> <span class='ocrx_word' id='word_1_778' title='bbox 548 4998 567 5031; x_wconf 83' lang='grc' dir='ltr'><strong>ι</strong></span> <span class='ocrx_word' id='word_1_779' title='bbox 617 4979 757 5033; x_wconf 75' lang='grc' dir='ltr'><strong>Οὐαὶ</strong></span> <span class='ocrx_word' id='word_1_780' title='bbox 794 4980 944 5051; x_wconf 84' lang='grc' dir='ltr'>ὑμῖν,</span> <span class='ocrx_word' id='word_1_781' title='bbox 996 4978 1351 5050; x_wconf 83' lang='grc' dir='ltr'>Γραμματεῑς</span> <span class='ocrx_word' id='word_1_782' title='bbox 1397 4979 1493 5033; x_wconf 75' lang='grc' dir='ltr'>καὶ</span> <span class='ocrx_word' id='word_1_783' title='bbox 1546 4981 1816 5049; x_wconf 78' lang='grc' dir='ltr'>Φαρισαῖοι</span> 
     </span>
    </p>
   </div>
   <div class='ocr_carea' id='block_1_103' title="bbox 1915 4969 3494 5056">
    <p class='ocr_par' dir='ltr' id='par_1_103' title="bbox 1921 4969 3494 5056">
     <span class='ocr_line' id='line_1_103' title="bbox 1921 4969 3494 5056; baseline -0.015 -10"><span class='ocrx_word' id='word_1_784' title='bbox 1921 4969 2016 5054; x_wconf 83' lang='lat' dir='ltr'><strong>cti,</strong></span> <span class='ocrx_word' id='word_1_785' title='bbox 2047 4985 2244 5056; x_wconf 87' lang='lat' dir='ltr'><strong>inquit,</strong></span> <span class='ocrx_word' id='word_1_786' title='bbox 2286 4981 2412 5047; x_wconf 87' lang='lat' dir='ltr'><strong>mei,</strong></span> <span class='ocrx_word' id='word_1_787' title='bbox 2442 4980 2494 5034; x_wconf 91' lang='lat' dir='ltr'><strong>id</strong></span> <span class='ocrx_word' id='word_1_788' title='bbox 2523 4986 2628 5044; x_wconf 88' lang='lat' dir='ltr'><strong>est,</strong></span> <span class='ocrx_word' id='word_1_789' title='bbox 2657 4975 2823 5031; x_wconf 87' lang='lat' dir='ltr'><strong>divini</strong></span> <span class='ocrx_word' id='word_1_790' title='bbox 2877 4971 3149 5043; x_wconf 90' lang='lat' dir='ltr'><strong>discipuli,</strong></span> <span class='ocrx_word' id='word_1_791' title='bbox 3175 4969 3259 5026; x_wconf 92' lang='lat' dir='ltr'><strong>vel</strong></span> <span class='ocrx_word' id='word_1_792' title='bbox 3316 4970 3494 5025; x_wconf 92' lang='lat' dir='ltr'><strong>omni-</strong></span> 
     </span>
    </p>
   </div>
   <div class='ocr_carea' id='block_1_104' title="bbox 249 5060 1816 5142">
    <p class='ocr_par' dir='ltr' id='par_1_104' title="bbox 249 5069 1816 5142">
     <span class='ocr_line' id='line_1_104' title="bbox 249 5069 1816 5142; baseline -0.001 -19"><span class='ocrx_word' id='word_1_793' title='bbox 249 5069 562 5140; x_wconf 76' lang='grc' dir='ltr'>ὑποκριταὶ,</span> <span class='ocrx_word' id='word_1_794' title='bbox 579 5070 662 5126; x_wconf 81' lang='grc' dir='ltr'>ὅτι</span> <span class='ocrx_word' id='word_1_795' title='bbox 691 5070 981 5139; x_wconf 81' lang='grc' dir='ltr'>περιάγετε</span> <span class='ocrx_word' id='word_1_796' title='bbox 1010 5070 1111 5142; x_wconf 81' lang='grc' dir='ltr'>τὴν</span> <span class='ocrx_word' id='word_1_797' title='bbox 1145 5069 1420 5125; x_wconf 86' lang='grc' dir='ltr'>θάλασσαν</span> <span class='ocrx_word' id='word_1_798' title='bbox 1480 5071 1576 5124; x_wconf 78' lang='grc' dir='ltr'>καὶ</span> <span class='ocrx_word' id='word_1_799' title='bbox 1604 5070 1703 5141; x_wconf 81' lang='grc' dir='ltr'>τὴν</span> <span class='ocrx_word' id='word_1_800' title='bbox 1731 5070 1816 5141; x_wconf 81' lang='grc' dir='ltr'><strong>ξη-</strong></span> 
     </span>
    </p>
   </div>
   <div class='ocr_carea' id='block_1_105' title="bbox 1915 5060 3498 5142">
    <p class='ocr_par' dir='ltr' id='par_1_105' title="bbox 1922 5060 3498 5136">
     <span class='ocr_line' id='line_1_105' title="bbox 1922 5060 3498 5136; baseline -0.013 -1"><span class='ocrx_word' id='word_1_801' title='bbox 1922 5096 1995 5136; x_wconf 90' lang='lat' dir='ltr'><strong>no</strong></span> <span class='ocrx_word' id='word_1_802' title='bbox 2057 5088 2301 5131; x_wconf 89' lang='lat' dir='ltr'><strong>meorum</strong></span> <span class='ocrx_word' id='word_1_803' title='bbox 2359 5068 2701 5127; x_wconf 85' lang='lat' dir='ltr'><strong>oraculorum</strong></span> <span class='ocrx_word' id='word_1_804' title='bbox 2742 5064 3065 5131; x_wconf 86' lang='lat' dir='ltr'><strong>administri,</strong></span> <span class='ocrx_word' id='word_1_805' title='bbox 3121 5075 3226 5116; x_wconf 92' lang='lat' dir='ltr'><strong>non</strong></span> <span class='ocrx_word' id='word_1_806' title='bbox 3278 5060 3498 5131; x_wconf 89' lang='lat' dir='ltr'><strong>gignent</strong></span> 
     </span>
    </p>
   </div>
   <div class='ocr_carea' id='block_1_106' title="bbox 252 5152 1816 5233">
    <p class='ocr_par' dir='ltr' id='par_1_106' title="bbox 252 5158 1816 5233">
     <span class='ocr_line' id='line_1_106' title="bbox 252 5158 1816 5233; baseline 0.001 -22"><span class='ocrx_word' id='word_1_807' title='bbox 252 5158 376 5231; x_wconf 84' lang='grc' dir='ltr'>ράν.</span> <span class='ocrx_word' id='word_1_808' title='bbox 400 5158 623 5229; x_wconf 77' lang='grc' dir='ltr'>ποιῆσαι</span> <span class='ocrx_word' id='word_1_809' title='bbox 639 5159 735 5214; x_wconf 74' lang='grc' dir='ltr'>ἕνα</span> <span class='ocrx_word' id='word_1_810' title='bbox 758 5161 1115 5233; x_wconf 83' lang='grc' dir='ltr'>προσήλυτον·</span> <span class='ocrx_word' id='word_1_811' title='bbox 1138 5163 1229 5215; x_wconf 72' lang='grc' dir='ltr'>καὶ</span> <span class='ocrx_word' id='word_1_812' title='bbox 1251 5162 1343 5215; x_wconf 72' lang='grc' dir='ltr'><strong>ἐὰν</strong></span> <span class='ocrx_word' id='word_1_813' title='bbox 1357 5162 1602 5231; x_wconf 87' lang='grc' dir='ltr'>γένηται,</span> <span class='ocrx_word' id='word_1_814' title='bbox 1628 5163 1816 5214; x_wconf 86' lang='grc' dir='ltr'>ποιεῖτε</span> 
     </span>
    </p>
   </div>
   <div class='ocr_carea' id='block_1_107' title="bbox 1915 5152 3496 5233">
    <p class='ocr_par' dir='ltr' id='par_1_107' title="bbox 1925 5152 3496 5225">
     <span class='ocr_line' id='line_1_107' title="bbox 1925 5152 3496 5225; baseline -0.013 0"><span class='ocrx_word' id='word_1_815' title='bbox 1925 5171 2126 5225; x_wconf 88' lang='lat' dir='ltr'><strong>liberos</strong></span> <span class='ocrx_word' id='word_1_816' title='bbox 2188 5166 2243 5220; x_wconf 90' lang='lat' dir='ltr'><strong>in</strong></span> <span class='ocrx_word' id='word_1_817' title='bbox 2312 5160 2740 5217; x_wconf 87' lang='lat' dir='ltr'><strong>maledictionem</strong></span> <span class='ocrx_word' id='word_1_818' title='bbox 2771 5197 2786 5222; x_wconf 94' lang='lat'><strong>,</strong></span> <span class='ocrx_word' id='word_1_819' title='bbox 2871 5169 3043 5224; x_wconf 88' lang='lat' dir='ltr'><strong>neque</strong></span> <span class='ocrx_word' id='word_1_820' title='bbox 3102 5152 3306 5209; x_wconf 81' lang='lat' dir='ltr'><strong>frustra</strong></span> <span class='ocrx_word' id='word_1_821' title='bbox 3367 5164 3496 5205; x_wconf 88' lang='lat' dir='ltr'><strong>suos</strong></span> 
     </span>
    </p>
   </div>
   <div class='ocr_carea' id='block_1_108' title="bbox 249 5245 1816 5332">
    <p class='ocr_par' dir='ltr' id='par_1_108' title="bbox 249 5248 1816 5323">
     <span class='ocr_line' id='line_1_108' title="bbox 249 5248 1816 5323; baseline 0.001 -22"><span class='ocrx_word' id='word_1_822' title='bbox 249 5248 414 5304; x_wconf 74' lang='grc' dir='ltr'>αὑτὸν</span> <span class='ocrx_word' id='word_1_823' title='bbox 438 5249 553 5303; x_wconf 82' lang='grc' dir='ltr'>υἱὸν</span> <span class='ocrx_word' id='word_1_824' title='bbox 574 5251 799 5321; x_wconf 82' lang='grc' dir='ltr'>γεέννης</span> <span class='ocrx_word' id='word_1_825' title='bbox 820 5251 1134 5323; x_wconf 83' lang='grc' dir='ltr'>διπλότερον</span> <span class='ocrx_word' id='word_1_826' title='bbox 1167 5251 1339 5320; x_wconf 83' lang='grc' dir='ltr'>ὑμῶν.</span> <span class='ocrx_word' id='word_1_827' title='bbox 1374 5270 1393 5303; x_wconf 72' lang='grc' dir='ltr'><strong>ι</strong></span> <span class='ocrx_word' id='word_1_828' title='bbox 1444 5250 1652 5305; x_wconf 75' lang='grc' dir='ltr'>Οὐκοῦν</span> <span class='ocrx_word' id='word_1_829' title='bbox 1677 5252 1816 5304; x_wconf 80' lang='grc' dir='ltr'>ἐκεῖ·</span> 
     </span>
    </p>
   </div>
   <div class='ocr_carea' id='block_1_109' title="bbox 1915 5245 3497 5332">
    <p class='ocr_par' dir='ltr' id='par_1_109' title="bbox 1925 5245 3497 5332">
     <span class='ocr_line' id='line_1_109' title="bbox 1925 5245 3497 5332; baseline -0.013 -18"><span class='ocrx_word' id='word_1_830' title='bbox 1925 5269 2190 5332; x_wconf 82' lang='lat' dir='ltr'><strong>posteros.</strong></span> <span class='ocrx_word' id='word_1_831' title='bbox 2248 5253 2444 5309; x_wconf 88' lang='lat' dir='ltr'><strong>Semen</strong></span> <span class='ocrx_word' id='word_1_832' title='bbox 2502 5250 2647 5306; x_wconf 90' lang='lat' dir='ltr'><strong>enim</strong></span> <span class='ocrx_word' id='word_1_833' title='bbox 2716 5246 3056 5302; x_wconf 89' lang='lat' dir='ltr'><strong>benedictum</strong></span> <span class='ocrx_word' id='word_1_834' title='bbox 3119 5245 3244 5309; x_wconf 89' lang='lat' dir='ltr'><strong>erit,</strong></span> <span class='ocrx_word' id='word_1_835' title='bbox 3310 5254 3497 5297; x_wconf 90' lang='lat' dir='ltr'><strong>semen</strong></span> 
     </span>
    </p>
   </div>
   <div class='ocr_carea' id='block_1_110' title="bbox 251 5334 1816 5415">
    <p class='ocr_par' dir='ltr' id='par_1_110' title="bbox 251 5337 1816 5415">
     <span class='ocr_line' id='line_1_110' title="bbox 251 5337 1816 5415; baseline 0.003 -25"><span class='ocrx_word' id='word_1_836' title='bbox 251 5354 332 5391; x_wconf 88' lang='grc' dir='ltr'><strong>νοι</strong></span> <span class='ocrx_word' id='word_1_837' title='bbox 378 5337 477 5409; x_wconf 84' lang='grc' dir='ltr'>μὲν</span> <span class='ocrx_word' id='word_1_838' title='bbox 518 5341 939 5412; x_wconf 77' lang='grc' dir='ltr'>ὲτεκνοποίησαν</span> <span class='ocrx_word' id='word_1_839' title='bbox 988 5343 1068 5406; x_wconf 77' lang='grc' dir='ltr'>εἰς</span> <span class='ocrx_word' id='word_1_840' title='bbox 1098 5343 1341 5415; x_wconf 90' lang='grc' dir='ltr'>κατάραν</span> <span class='ocrx_word' id='word_1_841' title='bbox 1381 5343 1473 5396; x_wconf 67' lang='grc' dir='ltr'>καὶ</span> <span class='ocrx_word' id='word_1_842' title='bbox 1509 5345 1590 5406; x_wconf 84' lang='grc' dir='ltr'><strong>είς</strong></span> <span class='ocrx_word' id='word_1_843' title='bbox 1628 5342 1782 5394; x_wconf 88' lang='grc' dir='ltr'>κενόν</span> <span class='ocrx_word' id='word_1_844' title='bbox 1804 5356 1816 5370; x_wconf 87' lang='grc'><strong>·</strong></span> 
     </span>
    </p>
   </div>
   <div class='ocr_carea' id='block_1_111' title="bbox 1915 5334 3501 5415">
    <p class='ocr_par' dir='ltr' id='par_1_111' title="bbox 1928 5334 3501 5408">
     <span class='ocr_line' id='line_1_111' title="bbox 1928 5334 3501 5408; baseline -0.013 -1"><span class='ocrx_word' id='word_1_845' title='bbox 1928 5367 2116 5408; x_wconf 90' lang='lat' dir='ltr'><strong>eorum</strong></span> <span class='ocrx_word' id='word_1_846' title='bbox 2146 5356 2201 5403; x_wconf 91' lang='lat' dir='ltr'><strong>et</strong></span> <span class='ocrx_word' id='word_1_847' title='bbox 2235 5345 2568 5402; x_wconf 86' lang='lat' dir='ltr'><strong>benedictum</strong></span> <span class='ocrx_word' id='word_1_848' title='bbox 2596 5357 2623 5395; x_wconf 90' lang='lat' dir='ltr'><strong>a</strong></span> <span class='ocrx_word' id='word_1_849' title='bbox 2650 5342 2776 5396; x_wconf 84' lang='lat' dir='ltr'><strong>Deo.</strong></span> <span class='ocrx_word' id='word_1_850' title='bbox 2803 5338 2957 5407; x_wconf 88' lang='lat' dir='ltr'><strong>Quod</strong></span> <span class='ocrx_word' id='word_1_851' title='bbox 2989 5347 3166 5393; x_wconf 90' lang='lat' dir='ltr'><strong>autem</strong></span> <span class='ocrx_word' id='word_1_852' title='bbox 3188 5335 3293 5389; x_wconf 90' lang='lat' dir='ltr'><strong>illis</strong></span> <span class='ocrx_word' id='word_1_853' title='bbox 3321 5334 3501 5388; x_wconf 65' lang='lat' dir='ltr'><strong>adhae-</strong></span> 
     </span>
    </p>
   </div>
   <div class='ocr_carea' id='block_1_112' title="bbox 252 5424 1816 5506">
    <p class='ocr_par' dir='ltr' id='par_1_112' title="bbox 252 5428 1816 5503">
     <span class='ocr_line' id='line_1_112' title="bbox 252 5428 1816 5503; baseline 0.004 -22"><span class='ocrx_word' id='word_1_854' title='bbox 252 5431 300 5481; x_wconf 82' lang='grc' dir='ltr'>οἱ</span> <span class='ocrx_word' id='word_1_855' title='bbox 329 5428 385 5481; x_wconf 81' lang='grc' dir='ltr'>δὲ</span> <span class='ocrx_word' id='word_1_856' title='bbox 414 5430 657 5485; x_wconf 72' lang='grc' dir='ltr'>ἐκλεκτοί</span> <span class='ocrx_word' id='word_1_857' title='bbox 685 5449 807 5502; x_wconf 89' lang='grc' dir='ltr'>μου,</span> <span class='ocrx_word' id='word_1_858' title='bbox 828 5433 979 5503; x_wconf 77' lang='grc' dir='ltr'>φησὶ,</span> <span class='ocrx_word' id='word_1_859' title='bbox 1006 5434 1301 5500; x_wconf 85' lang='grc' dir='ltr'>τουτέστιν,</span> <span class='ocrx_word' id='word_1_860' title='bbox 1332 5436 1380 5487; x_wconf 81' lang='lat' dir='ltr'><strong>oi</strong></span> <span class='ocrx_word' id='word_1_861' title='bbox 1409 5433 1683 5487; x_wconf 85' lang='grc' dir='ltr'>θεσπέσιοι</span> <span class='ocrx_word' id='word_1_862' title='bbox 1716 5450 1816 5503; x_wconf 78' lang='grc' dir='ltr'>μα·</span> 
     </span>
    </p>
   </div>
   <div class='ocr_carea' id='block_1_113' title="bbox 1915 5424 3495 5506">
    <p class='ocr_par' dir='ltr' id='par_1_113' title="bbox 1931 5424 3495 5506">
     <span class='ocr_line' id='line_1_113' title="bbox 1931 5424 3495 5506; baseline -0.012 -7"><span class='ocrx_word' id='word_1_863' title='bbox 1931 5442 2092 5506; x_wconf 81' lang='lat' dir='ltr'><strong>rebit,</strong></span> <span class='ocrx_word' id='word_1_864' title='bbox 2123 5440 2417 5495; x_wconf 89' lang='lat' dir='ltr'><strong>clementer</strong></span> <span class='ocrx_word' id='word_1_865' title='bbox 2441 5444 2494 5491; x_wconf 88' lang='lat' dir='ltr'><strong>et</strong></span> <span class='ocrx_word' id='word_1_866' title='bbox 2540 5433 2845 5488; x_wconf 87' lang='lat' dir='ltr'><strong>humaniter</strong></span> <span class='ocrx_word' id='word_1_867' title='bbox 2894 5431 2997 5486; x_wconf 86' lang='lat' dir='ltr'><strong>illis</strong></span> <span class='ocrx_word' id='word_1_868' title='bbox 3018 5427 3199 5484; x_wconf 86' lang='lat' dir='ltr'><strong>omnia</strong></span> <span class='ocrx_word' id='word_1_869' title='bbox 3238 5424 3495 5495; x_wconf 85' lang='lat' dir='ltr'><strong>largiens,</strong></span> 
     </span>
    </p>
   </div>
   <div class='ocr_carea' id='block_1_114' title="bbox 255 5514 1816 5598">
    <p class='ocr_par' dir='ltr' id='par_1_114' title="bbox 255 5520 1816 5597">
     <span class='ocr_line' id='line_1_114' title="bbox 255 5520 1816 5597; baseline 0.004 -25"><span class='ocrx_word' id='word_1_870' title='bbox 255 5520 435 5590; x_wconf 63' lang='grc' dir='ltr'>θηται,</span> <span class='ocrx_word' id='word_1_871' title='bbox 490 5523 657 5592; x_wconf 72' lang='grc' dir='ltr'>ἤγουν</span> <span class='ocrx_word' id='word_1_872' title='bbox 705 5524 961 5592; x_wconf 77' lang='grc' dir='ltr'>καθάπαξ</span> <span class='ocrx_word' id='word_1_873' title='bbox 1002 5526 1052 5578; x_wconf 79' lang='grc' dir='ltr'>οἱ</span> <span class='ocrx_word' id='word_1_874' title='bbox 1096 5526 1204 5580; x_wconf 88' lang='grc' dir='ltr'><strong>τῶν</strong></span> <span class='ocrx_word' id='word_1_875' title='bbox 1241 5526 1391 5596; x_wconf 77' lang='grc' dir='ltr'>ἐμῶν</span> <span class='ocrx_word' id='word_1_876' title='bbox 1438 5526 1816 5597; x_wconf 67' lang='grc' dir='ltr'>θεσπισμάτων</span> 
     </span>
    </p>
   </div>
   <div class='ocr_carea' id='block_1_115' title="bbox 1915 5514 3494 5598">
    <p class='ocr_par' dir='ltr' id='par_1_115' title="bbox 1930 5514 3494 5598">
     <span class='ocr_line' id='line_1_115' title="bbox 1930 5514 3494 5598; baseline -0.011 -14"><span class='ocrx_word' id='word_1_877' title='bbox 1930 5539 1983 5584; x_wconf 90' lang='lat' dir='ltr'><strong>et</strong></span> <span class='ocrx_word' id='word_1_878' title='bbox 2016 5529 2265 5598; x_wconf 86' lang='lat' dir='ltr'><strong>precibus</strong></span> <span class='ocrx_word' id='word_1_879' title='bbox 2310 5540 2494 5582; x_wconf 90' lang='lat' dir='ltr'><strong>eorum</strong></span> <span class='ocrx_word' id='word_1_880' title='bbox 2538 5522 2932 5591; x_wconf 84' lang='lat' dir='ltr'><strong>paratissimam</strong></span> <span class='ocrx_word' id='word_1_881' title='bbox 2988 5530 3171 5573; x_wconf 87' lang='lat' dir='ltr'><strong>aurem</strong></span> <span class='ocrx_word' id='word_1_882' title='bbox 3220 5514 3494 5583; x_wconf 68' lang='lat' dir='ltr'><strong>praebens,</strong></span> 
     </span>
    </p>
   </div>
   <div class='ocr_carea' id='block_1_116' title="bbox 258 5601 1816 5690">
    <p class='ocr_par' dir='ltr' id='par_1_116' title="bbox 258 5612 1816 5690">
     <span class='ocr_line' id='line_1_116' title="bbox 258 5612 1816 5690; baseline 0.004 -27"><span class='ocrx_word' id='word_1_883' title='bbox 258 5612 549 5685; x_wconf 72' lang='grc' dir='ltr'>ἱερουργοὶ,</span> <span class='ocrx_word' id='word_1_884' title='bbox 603 5614 701 5669; x_wconf 78' lang='grc' dir='ltr'>οὐκ</span> <span class='ocrx_word' id='word_1_885' title='bbox 748 5618 824 5681; x_wconf 81' lang='grc' dir='ltr'><strong>είς</strong></span> <span class='ocrx_word' id='word_1_886' title='bbox 876 5617 1123 5688; x_wconf 78' lang='grc' dir='ltr'>κατάραν</span> <span class='ocrx_word' id='word_1_887' title='bbox 1162 5619 1660 5690; x_wconf 80' lang='grc' dir='ltr'>τεκνοποιήσουσιν,</span> <span class='ocrx_word' id='word_1_888' title='bbox 1701 5616 1816 5670; x_wconf 72' lang='grc' dir='ltr'>οὗτε</span> 
     </span>
    </p>
   </div>
   <div class='ocr_carea' id='block_1_117' title="bbox 1915 5601 3499 5690">
    <p class='ocr_par' dir='ltr' id='par_1_117' title="bbox 1931 5601 3499 5685">
     <span class='ocr_line' id='line_1_117' title="bbox 1931 5601 3499 5685; baseline -0.013 -8"><span class='ocrx_word' id='word_1_889' title='bbox 1931 5619 2199 5685; x_wconf 89' lang='lat' dir='ltr'><strong>ostendit,</strong></span> <span class='ocrx_word' id='word_1_890' title='bbox 2233 5632 2352 5673; x_wconf 90' lang='lat' dir='ltr'><strong>cum</strong></span> <span class='ocrx_word' id='word_1_891' title='bbox 2395 5616 2570 5671; x_wconf 87' lang='lat' dir='ltr'><strong>dicit:</strong></span> <span class='ocrx_word' id='word_1_892' title='bbox 2606 5632 2624 5666; x_wconf 78' lang='grc' dir='ltr'><strong>ι</strong></span> <span class='ocrx_word' id='word_1_893' title='bbox 2651 5612 2965 5681; x_wconf 83' lang='lat' dir='ltr'><strong>Priusquam</strong></span> <span class='ocrx_word' id='word_1_894' title='bbox 2992 5608 3225 5664; x_wconf 82' lang='lat' dir='ltr'><strong>clament</strong></span> <span class='ocrx_word' id='word_1_895' title='bbox 3274 5601 3373 5668; x_wconf 91' lang='lat' dir='ltr'><strong>illi,</strong></span> <span class='ocrx_word' id='word_1_896' title='bbox 3399 5616 3499 5672; x_wconf 87' lang='lat' dir='ltr'><strong>ego</strong></span> 
     </span>
    </p>
   </div>
   <div class='ocr_carea' id='block_1_118' title="bbox 323 5787 1816 5857">
    <p class='ocr_par' dir='ltr' id='par_1_118' title="bbox 323 5787 1816 5853">
     <span class='ocr_line' id='line_1_118' title="bbox 323 5787 1816 5853; baseline -0.001 -10"><span class='ocrx_word' id='word_1_897' title='bbox 323 5787 370 5821; x_wconf 82' lang='grc'><strong>⁷⁷</strong></span> <span class='ocrx_word' id='word_1_898' title='bbox 400 5788 542 5846; x_wconf 74' lang='lat' dir='ltr'><strong>Psal.</strong></span> <span class='ocrx_word' id='word_1_899' title='bbox 584 5806 785 5847; x_wconf 77' lang='lat' dir='ltr'><strong>cxxvu.</strong></span> <span class='ocrx_word' id='word_1_900' title='bbox 814 5790 865 5847; x_wconf 69' lang='grc' dir='ltr'><strong>Ξ.</strong></span> <span class='ocrx_word' id='word_1_901' title='bbox 944 5794 988 5825; x_wconf 79' lang='grc'><strong>⁷⁸</strong></span> <span class='ocrx_word' id='word_1_902' title='bbox 1024 5794 1160 5847; x_wconf 83' lang='lat' dir='ltr'><strong>Psal.</strong></span> <span class='ocrx_word' id='word_1_903' title='bbox 1196 5810 1382 5853; x_wconf 70' lang='lat' dir='ltr'><strong>mnu.</strong></span> <span class='ocrx_word' id='word_1_904' title='bbox 1427 5795 1541 5849; x_wconf 60' lang='lat' dir='ltr'><strong>liii.</strong></span> <span class='ocrx_word' id='word_1_905' title='bbox 1619 5795 1664 5827; x_wconf 74' lang='grc' dir='ltr'><strong>ν’</strong></span> <span class='ocrx_word' id='word_1_906' title='bbox 1702 5793 1816 5847; x_wconf 67' lang='lat' dir='ltr'><strong>Mati</strong></span> 
     </span>
    </p>
   </div>
   <div class='ocr_carea' id='block_1_119' title="bbox 1915 5787 2195 5857">
    <p class='ocr_par' dir='ltr' id='par_1_119' title="bbox 1926 5794 2195 5857">
     <span class='ocr_line' id='line_1_119' title="bbox 1926 5794 2195 5857; baseline -0.011 -9"><span class='ocrx_word' id='word_1_907' title='bbox 1926 5809 2077 5857; x_wconf 66' lang='lat' dir='ltr'><strong>tum,</strong></span> <span class='ocrx_word' id='word_1_908' title='bbox 2114 5794 2195 5845; x_wconf 62' lang='lat' dir='ltr'><strong>lii.</strong></span> 
     </span>
    </p>
   </div>
  </div>
