4148 6500
633 409 772 465 M27
1624 412 1681 469 S.
1722 412 1999 472 CYRlLl‘a
2040 415 2203 472 A‘LE}

2307 413 2519 471 lDRINI
2556 410 2879 471 ARCI‘HEP.
3774 411 3927 473 μω

629 524 914 580 exaudiam
974 539 1091 580 eos.
1136 524 1325 579 Adhuc
1390 524 1734 594 loquentibus
1806 529 1931 593 illis,
1984 528 2200 583 dicam:

2311 528 2418 597 μὴν
2447 526 2528 589 εἰς
2557 524 2734 590 κενὸν,
2786 522 2908 577 κατ’
2952 521 3194 583 ἐκείνους
3218 539 3230 551 ·
3283 521 3507 593 σπέρμα
3537 523 3646 595 γὰρ
3679 524 3915 596 suam-

630 614 769 679 Quid
800 616 924 669 est?
954 634 973 667 ι
2316 615 2475 684 μένον
2508 615 2661 666 ἔσται
2695 614 2755 666 τὸ
2793 612 3013 682 σπέρμα
3059 610 3259 674 αὐτῶν,
3308 611 3673 682 εὐλογημένον
3715 613 3773 665 δὲ
3806 614 3913 666 ὑπὸ

628 704 786 757 Θεοῦ.
821 706 944 757 Ὅτι
1007 704 1062 756 δὲ
1095 703 1480 775 προσκείσεται
1502 704 1618 759 λίαν
1658 707 1863 772 αὐτοῖς,
1930 708 1997 761 τὰ
2038 708 2117 773 ἐξ·
2156 705 2495 777 ἡμερότητος
2545 704 2640 757 καὶ⁸
2685 702 3097 773 φιλανθρωπίας
3147 701 3506 771 δωρούμενος,
3564 704 3914 774 ἐτοιμότατόν

586 830 589 833 λ
627 812 685 848 τε
728 796 787 849 τὸ
817 794 909 858 οὖς
951 795 1167 866 ὑπέχων
1202 799 1321 853 ταῖς
1376 797 1510 867 παρ’
1547 797 1723 850 αὐτῶν
1765 798 2043 865 ἱκετείαις,
2099 796 2457 851 διαδείκνυσιν
2485 794 2675 858 είπὼν,
2714 795 2795 847 ὅτι
2828 814 2843 845 t
2888 793 3022 863 Πρὶν
3058 792 3327 864 κεκράξαι
3393 794 3613 858 αὐτοὺς,
3641 794 3756 862 ἐγὼ
3796 797 3912 847 είσ-

626 885 930 955 ακούσομαι
973 886 1181 940 αύτῶνι
1223 889 1343 941 Ἔτι
1405 888 1709 941 λαλούντων
1756 890 1956 954 αὐτῶν,
2005 890 2135 961 ἐρῶ·
2189 887 2252 941 Τί
2292 889 2469 949 ἐστιν;
2508 906 2527 938 ι

2392 982 2528 1034 Τότε
2554 982 2730 1034 λύκοι
2778 980 2875 1035 καί
2902 980 3079 1049 ἄρνες
3097 981 3601 1047 βοσκηθήσονται
3634 980 3779 1049 ἅμα.
3811 970 3909 1033 καὶ

2312 1071 2469 1123 λέων
2508 1072 2588 1137 ὡς
2634 1072 2791 1137 βοῦς
2834 1071 3080 1142 φάγεται
3113 1071 3329 1140 ἄχυρα,
3386 1070 3523 1138 ὄφις
3566 1071 3637 1124 δὲ
3674 1070 3797 1141 γῆν
3831 1071 3913 1135 ὡς

2310 1161 2511 1229 ἄρτον.
2541 1164 2661 1216 Οὐκ
2697 1162 3123 1228 ἀδικήσουσιν,
3159 1162 3287 1215 οὐδ’
3318 1163 3392 1215 οὺ
3431 1162 3521 1231 μὴ
3569 1160 3913 1230 λυμανοῦν-

2311 1266 2403 1301 ται
2436 1249 2533 1302 ἐπὶ
2558 1249 2638 1314 τῷ
2661 1252 2782 1319 ὄρει
2812 1251 2890 1316 τῷ
2912 1252 3060 1320 ἁγίῳ
3077 1268 3217 1319 μου,
3245 1250 3409 1314 λέγει
3431 1252 3668 1318 Κύριος.

2383 1340 2539 1391 Κατὰ
2571 1340 2663 1393 δύο
2692 1341 2926 1411 τρόπους
2956 1340 3169 1413 ἐκλήψῃ
3196 1341 3288 1393 καὶ
3308 1340 3483 1394 ταῦτα
3506 1356 3520 1370 ’
3568 1340 3603 1409 ἦ
3650 1338 3763 1409 γὰρ
3799 1338 3910 1392 τῶν

710 976 871 1032 Vens.
925 977 1014 1031 25.
1061 978 1204 1032 Tunc
1227 980 1336 1048 lupi
1372 992 1419 1034 et
1454 985 1574 1051 agni
1596 993 1874 1050 pascentur
1924 985 2103 1045 simul,
2164 992 2211 1035 et

626 1067 707 1119 leo
738 1067 891 1135 quasi
952 1069 1040 1121 bos
1092 1072 1321 1124 comedet
1376 1072 1576 1138 paleas,
1642 1084 1690 1125 et
1725 1090 1931 1138 serpens
1987 1082 2204 1136 terram,

625 1156 778 1221 quasi
820 1172 1026 1223 panem.
1069 1156 1189 1210 Non
1239 1161 1513 1224 nocebunt,
1558 1177 1720 1229 neque
1758 1171 2096 1231 corrumpem
2150 1164 2205 1215 in

626 1252 801 1298 monte
827 1257 1004 1301 sancto
1028 1264 1159 1311 meo,
1194 1250 1325 1301 dicit
1359 1250 1631 1304 Dominus.

696 1334 864 1408 906
905 1337 1157 1394 Bilariam
1199 1342 1315 1395 haec
1358 1343 1610 1411 accipies.
1654 1342 1750 1399 Vel
1787 1345 1930 1399 enim
1975 1347 2203 1400 duorum

612 1414 949 1497 "populorum
992 1446 1089 1501 per
1131 1431 1289 1488 ﬁdem
1335 1434 1590 1489 unionem
1656 1437 1965 1507 signiﬁcare
2030 1447 2208 1509 potest

625 1518 891 1573 sententia
935 1521 1248 1590 prophetica
1277 1524 1402 1589 :vel
1446 1526 1534 1591 qui
1579 1530 1848 1596 quondam
1912 1532 2202 1599 agrestium

627 1606 867 1662 [orarum
909 1625 1057 1664 more
1104 1617 1307 1668 sanctis
1364 1614 1778 1683 iusuitaveruut,
1807 1628 1862 1673 et
1907 1620 2205 1676 Ecclesiam

626 1698 879 1755 insectati
943 1711 1089 1767 sunt,
1134 1706 1476 1774 serpentibus
1537 1724 1642 1763 non
1702 1710 1990 1767 dissimiles
2021 1751 2037 1777 ,
2081 1728 2202 1767 cum

625 1790 733 1846 illis
795 1794 847 1847 in
912 1810 1075 1849 unum
1140 1794 1389 1852 alit-ctum
1458 1801 1731 1870 animique
1792 1805 2206 1860 consensionem

626 1885 960 1950 eoalcscent.
990 1887 1205 1942 vinculo
1251 1891 1399 1957 pacis
1440 1894 1603 1946 etiam
1650 1893 1887 1964 colligati
1933 1910 2029 1964 per
2050 1896 2205 1951 Chri-

626 1986 793 2045 stum,
819 1980 912 2049 qui
952 1980 1219 2047 justiticat
1261 1983 1481 2051 impium
1510 1987 1730 2055 etquod
1774 1986 2075 2056 dispersum
2122 1998 2204 2044 est

628 2068 849 2139 colligit.
894 2086 957 2124 ac
1021 2071 1139 2126 luce
1201 2074 1402 2141 divina,
1455 2078 1691 2131 tenebris
1754 2078 2046 2133 involutum
2094 2081 2204 2135 col~

630 2159 844 2226 lustrat,
894 2164 1181 2233 omniaque
1222 2168 1489 2222 convertit
1530 2168 1582 2222 iu
1610 2170 1819 2223 melius.
1871 2170 2025 2225 Facit
2060 2172 2201 2225 euiut

627 2253 808 2307 omnia
837 2294 851 2316 .
897 2264 951 2309 et
995 2257 1385 2324 transformat,
1420 2260 1496 2314 uti
1539 2260 1802 2330 scriptum
1841 2270 1923 2315 est
1959 2261 2027 2314 ⁸⁸.
2057 2262 2201 2317 Haedi

627 2356 758 2412 ergo
812 2353 864 2397 et
927 2342 1057 2415 agni
1114 2362 1183 2401 ex
1232 2346 1349 2419 lege
1408 2359 1563 2404 erant
1630 2358 1843 2405 sacrata
1900 2361 1953 2404 et
2006 2354 2203 2407 munda

628 2432 879 2487 animalia
908 2474 923 2498 ,
963 2436 1098 2490 adeo
1144 2446 1203 2491 u-t
1239 2438 1304 2491 ad
1366 2439 1610 2494 divinum
1659 2441 1832 2495 altare
1874 2441 2204 2495 adduceren-

629 2536 738 2593 tur,
785 2530 931 2583 etin
960 2531 1186 2586 odorem
1232 2534 1413 2588 suavis
1456 2534 1764 2605 fragrantia:
1795 2538 1902 2591 Deo
1950 2538 2207 2592 offerren-

626 2624 737 2673 tur.
772 2616 955 2689 Lupus
989 2632 1165 2677 autem
1210 2632 1265 2678 et
1314 2624 1417 2690 leo,
1453 2625 1673 2693 profana
1720 2642 1782 2681 ac
1828 2628 2125 2692 immunda,
2152 2639 2204 2682 et

627 2706 716 2761 bis
770 2723 890 2778 quae
939 2711 1589 2769 nominavimusinl'esta.
1641 2713 1876 2783 Serpens
1920 2727 2202 2783 prtetcrea,

2310 1429 2403 1483 δύο
2430 1430 2574 1484 λαῶν
2594 1430 2691 1501 τὴν
2710 1430 2800 1484 διὰ
2832 1432 3071 1495 πίστεως
3103 1432 3299 1484 ἕνωσιν
3351 1432 3795 1501 κατασημήνειεν
3844 1431 3919 1484 ἂν

2310 1520 2409 1589 τῆς
2439 1522 2772 1593 προφητείας
2804 1525 2841 1593 ή
2867 1522 3117 1593 δύναμις,
3149 1523 3317 1593 ἤγουν
3338 1522 3419 1575 ὅτι
3444 1524 3537 1575 καὶ
3566 1523 3615 1574 οἱ
3648 1522 3785 1575 ποτὲ
3817 1522 3911 1592 θη-

2312 1614 2443 1683 ρίων
2492 1614 2699 1685 ἀγρίων
2739 1614 2895 1685 δίκην
2930 1616 3046 1677 τοῖς
3069 1613 3245 1682 ἁγίοις
3302 1614 3766 1684 ἐπιπηδήσαντες,
3812 1616 3903 1667 καὶ

2304 1704 2593 1770 διώξαντες
2610 1705 2712 1776 τὴν
2722 1706 3071 1777 Ἐκκλησίαν,
3081 1705 3259 1775 ὄφεών
3269 1722 3327 1758 τε
3348 1704 3716 1774 διενεγκόντες
3726 1706 3895 1769 οὐδὲν,

2307 1796 2673 1865 συμϐήσονται
2695 1795 2833 1867 πρὸς
2849 1796 3069 1859 αὐτοὺς,
3086 1795 3229 1849 κατὰ
3240 1794 3583 1850 διὰθεσινκαὶ
3597 1795 3912 1866 όμοψυχίαν

2236 1666 2277 1721 Β

2304 1885 2382 1955 τῷ
2408 1886 2687 1957 συνδέσμῳ
2715 1887 2815 1957 τῆς
2853 1888 3076 1957 εἰρήνης
3114 1885 3539 1957 κατεσφιγμένοι
3573 1886 3716 1957 πρὸς
3748 1886 3909 1941 τοῦτο

2304 1976 2393 2029 διὰ
2410 1978 2669 2048 Χριστοῦ.
2690 1977 2785 2030 τοῦ
2805 1978 3140 2043 δικαιοῦντος
3158 1981 3250 2033 τὸν
3272 1980 3463 2051 ἀσεϐῆ,
3490 1981 3587 2035 καὶ
3613 1981 3907 2051 συλλέγον-

2304 2084 2397 2130 τος
2444 2067 2506 2120 τὸ
2544 2068 2998 2138 ἐσκορπισμένον,
3035 2070 3127 2122 καὶ
3154 2071 3295 2139 φωτὶ
3335 2071 3413 2141 τῷ
3460 2072 3593 2143 θείῳ
3634 2091 3904 2141 καταφαιο

2305 2158 2591 2229 δρύνοντος
2632 2161 2692 2211 τὸ
2723 2160 3131 2230 ἐσκοτισμένον,
3165 2162 3353 2215 καὶτὰ
3393 2166 3573 2218 πάντα
3604 2165 3911 2235 μεθιστῶν-

2304 2268 2394 2313 τος
2420 2250 2511 2303 ἐπὶ
2536 2252 2597 2303 τὸ
2626 2251 2869 2321 ἄμεινον.
2896 2255 3049 2307 Ποιεῖ
3076 2254 3182 2324 γὰρ
3209 2254 3386 2306 πάντα
3424 2256 3517 2307 καὶ
3560 2256 3913 2325 μετασκευάρν

2305 2339 2408 2406 ζει,
2435 2340 2573 2395 κατὰ
2597 2342 2657 2395 τὸ
2680 2343 3088 2414 γεγραμμένον.
3124 2345 3453 2415 Ἔριφοιμέν
3473 2342 3567 2399 οὖν
3595 2348 3693 2400 καὶ
3715 2350 3901 2417 ἄρνες,

2307 2434 2426 2502 ἱερά
2464 2432 2523 2485 τέ
2559 2435 2673 2485 ἐστι
2726 2434 2821 2487 καὶ
2850 2433 3068 2505 καθαρὰ
3099 2434 3215 2499 ζῶα
3243 2436 3385 2487 κατὰ
3415 2436 3507 2489 τὸν
3534 2438 3728 2506 νόμον,
3763 2437 3902 2491 ὥστε

2306 2525 2401 2576 καὶ
2417 2524 2494 2594 τῷ
2514 2524 2641 2596 θείῳ
2663 2525 3074 2596 προσφέρεσθαι
3102 2526 3497 2597 θυσιαστηρίῳ,
3517 2529 3617 2581 καὶ
3632 2531 3715 2591 εὶς
3727 2529 3904 2599 ὀσμὴν

2306 2615 2532 2677 εὐωδίας
2576 2615 2940 2686 ἀναφέρεσθαι
2983 2616 3059 2685 τῷ
3105 2616 3259 2686 Θεῷ·
3305 2617 3468 2681 λύκος
3494 2618 3550 2671 δὲ
3585 2621 3681 2673 καὶ
3741 2622 3911 2688 λέων,

2306 2705 2519 2775 ἀνίερα,
2539 2706 2632 2758 καὶ
2658 2706 2964 2776 ἀκάθαρτα,
2995 2707 3090 2759 καὶ
3112 2707 3283 2777 ἐχθρὰ
3313 2711 3423 2768 τοῖς
3447 2707 3868 2780 ὠνομασμένας
3884 2728 3899 2741 ·

627 2797 830 2853 homini
901 2800 1338 2869 inimicissimus,
1364 2812 1421 2858 et
1466 2815 1670 2859 natura:
1728 2805 1935 2874 legibus
1988 2808 2053 2861 ad
2104 2807 2203 2861 hoc

2307 2796 2427 2864 όφις
2474 2796 2529 2848 δὲ
2569 2797 2705 2868 πρὸς
2746 2798 2957 2861 τούτοις
3006 2798 3280 2871 ἀνθρώπῳ
3335 2800 3767 2871 πολεμιώτατος,
3806 2804 3906 2859 καὶ

631 2890 910 2947 incitatus.
965 2891 1164 2949 Verum
1212 2909 1337 2949 cum
1386 2896 1470 2950 ltis
1513 2898 1604 2965 qui
1646 2896 1697 2950 in
1739 2896 1958 2951 Christo
2009 2913 2203 2965 purga-

2307 2890 2419 2951 τοῖς
2459 2888 2559 2957 τῆς
2597 2890 2814 2958 φύσεως
2843 2890 3029 2956 νόμοις
3067 2892 3147 2953 είς
3176 2891 3335 2944 τοῦτο
3363 2894 3726 2964 ὴκονημένος,
3763 2894 3907 2948 ἀλλὰ

632 2988 671 3042 ti
718 2999 869 3054 sunt,
902 2998 955 3044 et
1000 2998 1246 3046 sanctam
1303 3002 1360 3047 et
1409 2992 1667 3047 eximiam
1746 2992 1912 3046 vitam
1964 2993 2203 3049 institue~

2311 2982 2423 3043 τοῖς
2448 2980 2505 3032 ἐν
2534 2979 2753 3051 Χριστῷ
2798 2980 3255 3052 κεκαθαρμένοις,
3301 2984 3449 3055 ίεράν
3470 3001 3531 3037 τε
3576 2987 3673 3039 καὶ
3698 2985 3905 3057 ἐξῃρηο

628 3088 779 3143 ιηηιι,
806 3094 901 3149 per
938 3081 1305 3149 evangelicum
1343 3082 1788 3152 praedicationem
1811 3082 1864 3137 in
1908 3097 2069 3137 unam
2095 3084 2203 3137 ani-

2311 3071 2479 3142 μένην
2514 3070 2772 3141 ἐσχηκόσι
2806 3071 2971 3143 ζωὴν,
2995 3072 3084 3125 διὰ
3128 3073 3239 3126 τῶν
3274 3074 3645 3144 εὑαγγελικῶν
3685 3095 3909 3151 κηρυγο

628 3184 853 3225 morum
893 3174 1328 3237 consensionem,
1384 3188 1506 3244 quae
1575 3182 1660 3229 est
1729 3174 1780 3229 in
1846 3174 1971 3241 ﬁde,
2030 3175 2203 3230 coale-

2311 3162 2496 3233 μάτων
2582 3162 2983 3234 συμϐήσονται,
3036 3163 3173 3236 πρὸς
3271 3167 3580 3239 ὁμοψυχίαν
3647 3170 3750 3241 τὴν
3814 3170 3912 3225 διὰ

628 3271 805 3329 scent,
840 3264 1004 3319 etiam
1029 3265 1083 3320 hi
1122 3266 1426 3321 detestandi
1455 3267 1727 3336 quondam
1781 3276 1837 3321 et
1896 3267 2154 3322 immundi
2188 3307 2203 3333 ,

2307 3252 2561 3318 πίστεως,
2595 3255 2645 3307 oi
2687 3253 2931 3329 βδελυροί
2966 3273 3095 3309 ποτε
3161 3256 3257 3311 καὶ
3285 3257 3609 3331 ἀκάθαρτοι,
3632 3260 3729 3314 καὶ
3761 3260 3906 3331 ὡμό-

631 3359 695 3408 ct
732 3352 979 3409 belluina»
1022 3354 1346 3411 crudelitate
1378 3365 1567 3424 pectus
1604 3354 1862 3410 refertum
1903 3357 2203 3411 habentes:

2307 3360 2467 3412 τητος
2499 3343 2903 3416 θηριοπρεποῦς
2955 3348 3156 3418 μεστὴν
3217 3347 3432 3419 ἔχοντες
3479 3350 3578 3421 τὴν
3628 3347 3898 3422 ἰιιιαρδίαν⁸

633 3459 663 3495 σ
688 3441 751 3498 li
794 3444 941 3499 nihil
970 3448 1237 3500 nocebunt
1266 3488 1280 3512 ,
1304 3465 1322 3497 ι
1351 3448 1544 3516 inquit,
1569 3462 1741 3517 neque
1769 3450 1991 3516 perdent
2017 3464 2203 3518 quem-

2314 3455 2333 3487 ι
2367 3428 2558 3501 Οὗτοι,
2613 3438 2796 3508 φησιν,
2852 3437 3003 3491 οὐδὲν
3050 3439 3423 3510 ἀδικήσουσιν,
3463 3440 3589 3494 οὔτε
3634 3441 3746 3512 μὴν
3783 3442 3901 3496 δια-

628 3550 793 3605 quam
863 3538 915 3591 in
990 3547 1171 3593 monte
1230 3548 1421 3593 sancto
1469 3554 1624 3603 meo,
1669 3541 1719 3594 id
1768 3550 1889 3605 est,
1939 3540 2203 3596 Ecclesia.

2308 3524 2670 3597 λυμανοῦνται
2714 3545 2824 3581 τισι
2865 3529 2975 3581 τῶν
3022 3530 3087 3583 ἐν
3130 3529 3209 3600 τῷ
3254 3531 3371 3603 δρει
3415 3531 3493 3602 τῷ
3524 3532 3668 3604 ἁγίῳ
3697 3551 3825 3604 μου,
3873 3551 3897 3585 ι

626 3627 925 3683 Cometlent
976 3628 1117 3683 enim
1173 3643 1294 3682 cum
1346 3631 1644 3685 mansuetis
1697 3629 1942 3686 eﬂ‘erata.
1995 3632 2203 3688 Deliciat

2308 3618 2574 3683 τουτέστι,
2640 3622 2705 3690 τῇ
2763 3620 3077 3692 Ἐκκλησία.
3130 3622 3396 3690 Φάγονται
3453 3623 3563 3694 γὰρ
3622 3624 3722 3677 σὺν
3784 3626 3902 3687 τοῖς

625 3736 760 3776 vero
786 3721 892 3776 illis
940 3719 1190 3777 Christus
1240 3722 1415 3793 (panis
1471 3723 1753 3786 vivus,de
1790 3723 1929 3777 caalo
1986 3724 2203 3780 descen-

2311 3711 2537 3782 ἡμέροις
2564 3712 2633 3765 τὰ
2665 3712 2852 3783 ἄγρια·
2890 3713 3065 3784 τροφὴ
3093 3714 3149 3766 δὲ
3179 3715 3363 3779 αὐτοῖς
3393 3716 3421 3768 ό
3461 3716 3699 3786 Χριστὸς
3740 3718 3769 3769 ὁ
3796 3716 3900 3785 ἅρ-

627 3812 831 3882 dcns),
889 3820 945 3867 et
1014 3813 1179 3866 vitam
1238 3813 1374 3867 dans
1449 3814 1649 3869 mundo
1679 3814 1747 3870 ⁸⁸.
1790 3814 1968 3869 Nutrit
2028 3829 2207 3872 autem

624 3912 742 3960 tum
787 3918 951 3959 carne
990 3905 1229 3973 propria,
1283 3905 1349 3957 ad
1422 3904 1881 3961 immortalitatem
1941 3922 2003 3961 ac
2041 3909 2208 3961 vitam

624 4010 729 4052 nos
767 3995 1053 4068 reﬁngens,
1083 4006 1191 4050 tum
1215 3997 1327 4051 suis
1357 3997 1843 4065 praedicationibus,
1871 3998 1921 4053 t'd
1941 4009 2023 4053 est
2051 4015 2212 4055 evan-

625 4086 833 4157 gelicis.
882 4105 901 4137 ι
935 4084 1051 4141 Νοη
1095 4087 1240 4142 enim
1289 4087 1340 4140 in
1397 4087 1523 4140 solo
1574 4100 1712 4155 pane
1769 4089 1948 4153 vivet,
2003 4090 2208 4160 inquit,

626 4178 812 4241 homo,
860 4176 954 4231 sed
1021 4177 1076 4231 in
1119 4178 1271 4233 omnia
1339 4180 1505 4233 verbo
1553 4180 1693 4247 quod
1771 4181 1949 4248 prodit
1991 4196 2059 4235 ex
2118 4196 2213 4237 ore

626 4271 725 4326 Dei
751 4271 820 4327 δ’,
852 4288 872 4324 ι
907 4268 1149 4326 Observa
1180 4280 1356 4326 autem
1392 4287 1557 4342 agnos
1586 4280 1643 4325 et
1684 4271 1865 4326 haedos
1911 4270 2122 4326 leonum
2153 4281 2203 4327 et

2314 4262 2429 4315 ἀλλ’
2462 4262 2554 4313 ἐπὶ
2586 4261 2747 4315 παντὶ
2793 4263 2996 4331 ῥήματι
3033 4262 3454 4332 ἐκπορευομένῳ
3502 4260 3588 4313 διὰ
3617 4260 3911 4330 στόματος

626 4361 877 4431 luporum
923 4362 1077 4418 cibos
1101 4378 1215 4418 non!
1244 4335 1642 4431 ederefNeque
1682 4363 1827 4417 enim
1872 4362 2042 4417 dixit:
2094 4362 2201 4419 Co-

2309 4352 2464 4405 θεοῦ.
2510 4354 2868 4424 Ἐπιτήρησον
2900 4352 2955 4404 δὲ
2992 4353 3193 4405 ὅτιούκ
3232 4352 3395 4422 ἄρνες
3424 4353 3516 4404 καὶ
3545 4350 3747 4422 ἔριφοι,
3792 4351 3902 4414 τὰς

625 4453 843 4508 medent
876 4467 1090 4519 carnes,
1132 4454 1226 4508 sed
1256 4454 1364 4523 lupi
1416 4463 1471 4508 et
1517 4452 1697 4507 leones
1724 4455 2019 4509 mansuetis
2045 4463 2203 4509 uten-

2307 4444 2409 4497 τῶν
2431 4444 2659 4498 λεόντων
2710 4445 2803 4497 καὶ
2827 4443 3004 4496 λύκων
3030 4444 3236 4498 ἔδονται
3267 4443 3474 4512 τροφὰς
3504 4443 3603 4513 (οὐ
3626 4444 3737 4514 γὰρ
3760 4443 3896 4513 ἐφη·

625 4554 717 4601 tur
744 4544 880 4601 cibis
902 4545 1145 4601 cicurum
1187 4544 1520 4611 animalium,
1552 4559 1671 4613 qua:
1700 4544 1977 4613 palearum
2025 4546 2200 4601 nomi-

2307 4536 2574 4605 Φάγονται
2608 4534 2787 4606 κρέα),
2822 4534 2937 4589 ἀλλ’
2966 4537 3015 4588 oi
3052 4534 3206 4587 λύκοι
3244 4535 3339 4587 καὶ
3369 4534 3581 4597 λέοντες
3618 4534 3739 4596 ταῖς
3782 4534 3901 4586 τῶν

621 4651 695 4694 ne
722 4636 1117 4709 signiﬁcantur.
1166 4637 1281 4693 Non
1312 4646 1612 4705 sequentur
1661 4646 1842 4693 autem
1888 4638 2195 4694 immundos

2307 4626 2527 4696 ἡμέρων
2551 4625 2931 4695 κεχρήσονται,
2963 4623 3020 4676 αἶ
3049 4622 3137 4676 διὰ
3178 4622 3289 4675 τῶν
3335 4621 3554 4693 ἀχύρων
3596 4622 3901 4690 σημαίνον-

621 4730 809 4786 mundi
842 4742 1053 4799 tneque
1103 4728 1313 4784 illorum
1374 4728 1677 4783 institutum
1723 4742 1787 4783 ac
1824 4728 1989 4782 vitam
2033 4742 2195 4783 aemu-

2308 4733 2435 4771 ται·
2480 4715 2579 4786 οὐχ
2628 4714 2849 4784 ἕψονται
2892 4713 2949 4767 δὲ
3000 4712 3334 4785 ἀκαθάρτοις
3362 4714 3546 4777 αὐτοῖς
3580 4712 3788 4783 μᾶλλον
3847 4714 3901 4765 oi

622 4820 1012 4885 labuntur,’sed
1038 4818 1247 4889 profani
1272 4820 1450 4889 potius
1474 4820 1695 4876 mitium
1712 4829 1773 4876 et
1792 4834 2049 4890 purorum
2074 4835 2199 4891 pro-

2308 4809 2561 4880 καθαροὶ,
2596 4808 2715 4861 οὐδὲ
2745 4808 2845 4878 τὴν
2876 4807 3105 4862 ἐκείνων
3131 4807 3433 4878 ζηλώσουσι
3464 4807 3746 4861 πολιτείαν
3800 4808 3902 4859 καὶ

620 4913 849 4971 bitatem
898 4913 1281 4969 imitabuntur.

2308 4898 2486 4969 ζωήν·
2527 4897 2639 4950 ἀλλ’
2677 4900 2725 4950 οἱ
2751 4897 2965 4967 βέϐηλοι
2997 4898 3217 4968 μᾶλλον,
3254 4900 3374 4961 ταῖς
3416 4898 3525 4950 τῶν
3559 4898 3757 4967 πράων
3800 4899 3901 4950 καὶ

2311 4988 2735 5058 κεκαθαρμένων
2764 4990 3089 5051 ἐπιεικείαις
3131 4989 3610 5059 ἀκολουθήσουσιν.

2372 5079 2535 5132 Οὕτω
2550 5079 2710 5149 λέγει
2730 5081 2946 5148 Κύριος
2963 5097 2977 5110 ·
3018 5080 3079 5133 '0
3102 5081 3357 5148 οὐρανός
3369 5098 3471 5149 μοι
3493 5081 3727 5148 θρόνος,
3756 5081 3799 5148 ἦ
3830 5080 3904 5133 δέ

2308 5170 2382 5239 γῆ
2418 5171 2751 5225 ὑποπόδιον
2779 5172 2900 5225 τῶν
2929 5170 3133 5224 ποδῶν
3157 5188 3297 5240 μου.
3326 5170 3509 5225 Ποῖον
3540 5166 3713 5224 οἷκον
3734 5173 3901 5224 οἰκος

2304 5261 2600 5331 δομήσετέ
2622 5280 2760 5332 μου
2791 5264 2829 5332 ἣ
2860 5263 3030 5331 ποῖος
3073 5264 3255 5329 τόπος
3309 5262 3419 5331 τῆς
3456 5262 3905 5328 καταπαύσεώς

2304 5371 2464 5424 you;
2520 5356 2721 5409 Πάντα
2764 5355 2873 5424 γὰρ
2924 5355 3111 5408 ταῦτα
3157 5355 3449 5421 ἐποίησεν
3500 5355 3537 5421 ή
3582 5354 3715 5422 χείρ
3743 5371 3902 5421 μου,

2310 5445 2406 5498 καὶ
2444 5447 2616 5500 ἔστιν
2642 5448 2752 5515 ἐμὰ
2782 5446 2979 5500 πάντα
3032 5447 3237 5509 ταῦτα,
3282 5446 3447 5515 λέγει
3493 5446 3727 5513 Κύριος.
3780 5447 3901 5498 Kal

2306 5535 2407 5588 ἐπὶ
2441 5537 2574 5590 τίνα
2596 5538 2917 5605 ἐπιϐλέψω,
2953 5539 3091 5592 ἀλλ’
3120 5537 3158 5603 ἣ
3189 5537 3287 5591 ἐπὶ
3310 5537 3417 5590 τὸν
3448 5537 3756 5598 ταπεινὸν,
3794 5539 3900 5589 καὶ

2308 5629 2590 5701 ἡσύχιον,
2636 5630 2732 5684 καὶ
2765 5629 3051 5699 τίέμοντα
3076 5629 3213 5695 τοὺς
3246 5629 3469 5696 λόγους
3510 5643 3665 5698 μους
3706 5626 3776 5680 Ὀ
3834 5628 3911 5679 δὲ

2310 3821 2402 3867 τος
2429 3807 2456 3857 ό
2486 3803 2593 3867 ζῶν
2627 3806 2654 3857 ὀ
2683 3804 2747 3855 ἐκ
2788 3803 2883 3858 τοῦ
2935 3804 3164 3875 ούρανοῦ
3210 3806 3476 3869 καταϐὰς,
3513 3806 3606 3859 καὶ
3635 3806 3785 3875 ζωὴν
3818 3806 3900 3859 διο

2309 3896 2433 3958 δοὺς
2459 3896 2535 3965 τῷ
2577 3897 2799 3965 κόσμῳ·
2840 3896 3025 3966 τρέφει
3070 3898 3126 3950 δὲ
3167 3898 3261 3950 καὶ
3288 3899 3452 3969 σαρκὶ
3496 3901 3562 3969 τῇ
3591 3898 3721 3968 ἰδίᾳ,
3754 3898 3901 3969 πρὸς

2310 3988 2617 4058 ἀφθαρσίαν
2670 3989 2819 4058 ἡμᾶς
2867 3970 3199 4058 ἀναμορφῶν
3262 3991 3356 4043 καὶ
3405 3990 3567 4060 ζωὴν,
3635 3990 3734 4042 καὶ
3780 3991 3901 4052 τοῖς

2312 4078 2505 4130 ἐαυτοῦ
2549 4078 2888 4148 κηρύγμασι,
2938 4079 3205 4142 τουτέστι,
3239 4082 3351 4142 τοῖς
3391 4080 3763 4147 εὖαγγελικοῖς
3788 4096 3802 4107 ⁸
3834 4079 3899 4131 οὗ

2310 4170 2417 4241 γὰρ
2457 4172 2541 4223 ἐπ’
2583 4171 2732 4240 ἄρτῳ
2779 4170 2923 4241 μόνῳ
2979 4169 3222 4241 ζήσεται,
3272 4170 3458 4239 φησὶν,
3507 4172 3533 4223 ὁ
3580 4169 3899 4239 ἄνθρωπος.

691 5084 816 5139 CAP.
858 5083 1041 5139 LXVI.
1077 5084 1238 5139 Vens.
1279 5083 1345 5137 l-
1371 5083 1427 5136 '5.
1459 5083 1550 5138 Sic
1578 5084 1719 5137 dicit
1746 5084 1999 5138 Dominus
2022 5100 2041 5138 :
2084 5085 2199 5140 Cm-

620 5174 731 5227 Ium
778 5175 906 5227 mihi
959 5174 1169 5236 solium,
1206 5192 1268 5225 m'
1293 5183 1432 5227 terra
1491 5174 1771 5227 scabellum
1819 5174 2007 5241 pedum
2055 5192 2198 5229 meo-

620 5282 758 5321 rum.
811 5264 1031 5330 Qualem
1077 5265 1287 5317 domum
1330 5264 1659 5332 (edi/icabitis
1714 5264 1884 5318 mihi?
1938 5276 2027 5319 aut
2079 5268 2197 5336 quis

619 5358 762 5410 locus
813 5356 1053 5425 requietis
1103 5372 1230 5409 mea!
1258 5356 1293 5409 ?'
1356 5354 1547 5409 Omnia
1584 5359 1721 5409 enim
1769 5357 1879 5409 lucc
1930 5357 2048 5426 fecit
2090 5374 2204 5411 ma-

619 5465 716 5501 nus
777 5464 911 5511 mea,
972 5457 1093 5501 sunt
1152 5463 1266 5501 mea
1330 5448 1439 5501 haec
1504 5450 1699 5511 omnia,
1734 5449 1859 5501 dicit
1925 5448 2196 5502 Dominus.

615 5538 949 5609 9070mm
972 5540 1268 5605 respiciam,
1295 5539 1397 5591 nisi
1427 5539 1496 5591 ad
1516 5539 1761 5592 humilem
1784 5548 1831 5592 et
1857 5538 2110 5607 quietum,
2138 5553 2200 5591 ac

619 5633 921 5678 trementem
984 5641 1243 5680 sermones
1304 5626 1579 5680 meosRAt
1627 5626 1839 5696 iniquus
1883 5627 1972 5695 qui
2032 5627 2198 5680 sacri-

692 5800 738 5835 “
764 5807 928 5870 Apoc.
960 5818 1073 5869 κει,
1102 5803 1156 5859 5.
1230 5804 1270 5835 ⁸¹
1298 5801 1451 5857 Joan.
1485 5818 1556 5868 νι,
1590 5801 1676 5858 55.
1768 5802 1810 5833 ⁸³
1836 5801 1964 5857 Luc.
1997 5817 2069 5869 tv,
2100 5802 2163 5856 4-
