4148 6494
328 395 466 453 “29

1460 385 1526 440 IN
1561 382 1794 440 lSAlAM
1838 381 1968 438 ΜΒ.
2012 382 2076 440 γ.
2113 377 2350 436 TOMUS
2386 378 2454 432 Vl

3439 361 3580 430 M30

317 507 541 577 ἄνομος
598 504 630 557 ό
673 502 831 556 θύων
881 517 984 570 μοι
1036 499 1295 568 μόσχον,
1332 497 1413 564 ὡς
1457 501 1491 552 ὁ
1528 496 1902 552 ἀποκτείνων

2031 493 2126 545 icat
2201 491 2331 545 mihi
2419 486 2661 552 uitulum,
2709 485 2860 556 quasi
2924 484 3015 552 qui
3093 483 3295 536 occulat
3360 497 3582 548 canem,-

317 598 493 650 κύνα·
531 596 564 647 ό
596 591 665 644 δὲ
693 590 1007 658 ἀναφέρων
1058 587 1398 657 σεμίδαλιν,
1424 586 1504 652 ὠς
1542 581 1683 655 αἷμα
1721 584 1906 637 ὕειον·

319 691 353 744 ὁ
375 687 444 740 δὲ
491 684 698 748 διδοὺς
739 682 991 736 λίϐανον
1024 683 1112 746 εἷς
1136 681 1566 752 μνημόσυνον,
1609 677 1688 742 ὡς
1717 674 1918 740 βλάσ-

318 792 538 846 φημοςο

409 866 712 935 Ἐξυφήνας
748 861 1115 933 ἀποχρώντως
1155 859 1246 913 τὸν
1277 859 1413 929 πρός
1455 875 1518 925 γε
1563 856 1632 908 τὰ
1665 854 1792 923 ἔθνη
1822 853 1910 906 λό-

323 975 440 1030 γον,
473 954 874 1028 μεθίστησιτὴν
928 950 1316 1022 μυσταγωγίαν
1349 949 1486 1018 πρὸς
1505 947 1667 1000 αὑτὸν
1694 947 1795 1015 ’ήδη
1823 945 1912 998 τὸν

339 1048 584 1121 Ἰσραήλ.
621 1045 878 1098 Βούλεται
911 1043 1020 1114 γὰρ
1072 1042 1165 1096 καὶ
1197 1041 1396 1101 αὐτοὺς
1427 1039 1525 1108 τῆς
1569 1037 1713 1090 κατά
1747 1037 1911 1106 νόμον

327 1141 635 1210 ἀποστῆσαι
681 1137 879 1200 κακίας
922 1134 1022 1206 (1),
1072 1132 1322 1190 καθάπερ
1375 1128 1569 1199 ἀμέλει
1622 1126 1911 1189 κάκείνους

327 1232 629 1301 ἀποφοιτᾷν
664 1228 882 1281 ἐκέλευε
926 1226 1024 1297 τῆς
1053 1223 1287 1295 ἀρχαίας
1318 1221 1557 1290 ἀπάτης,
1593 1220 1687 1272 καὶ
1718 1219 1819 1288 τῆς
1850 1219 1908 1270 ὲν

327 1324 408 1395 τῷ
465 1320 770 1376 πλανᾶσθαι
821 1316 1050 1388 βεϐήλου
1098 1315 1280 1384 ζωῆς·
1339 1313 1422 1365 ὅτι
1474 1311 1651 1364 τοίνυν
1698 1311 1799 1380 τῆς
1851 1311 1910 1362 ὲν

331 1413 602 1484 πνεύματι
649 1409 906 1482 λατρείας
955 1408 1332 1479 μεταποιεῖται
1385 1402 1608 1474 μᾶλλον,
1656 1401 1815 1469 λόγου
1853 1400 1910 1454 δὲ

331 1505 477 1572 ἀξιοῖ
503 1501 784 1564 παντελῶς
816 1499 1051 1563 οὐδενὸς,
1076 1497 1174 1569 τήν
1206 1496 1282 1560 ὡς
1307 1495 1368 1548 ὲν
1397 1496 1578 1556 σκιαῖς
1600 1493 1695 1546 καὶ
1713 1491 1909 1555 τύποις

330 1597 570 1650 διδάσκει
621 1592 809 1662 σαφῶς
835 1608 850 1623 ·
899 1589 1147 1662 βούλεται
1202 1588 1259 1642 δέ
1299 1605 1354 1640 τι
1406 1586 1542 1658 πρὸς
1587 1583 1759 1655 τούτῳ
1817 1584 1912 1638 καὶ

331 1689 518 1758 ἕτερον
571 1685 770 1748 αὐτοὺς
825 1683 1044 1747 εἰδέναι,
1094 1682 1172 1744 ὡς
1219 1679 1315 1735 καὶ
1375 1678 1488 1732 ἀνω
1537 1676 1752 1746 αἴρουσι
1807 1675 1910 1746 τὴν

2023 586 2112 654 qui
2170 593 2341 637 autem
2382 583 2536 651 offert
2587 579 2835 642 similam,
2880 578 3031 649 quasi
3083 578 3388 645 sanguinem
3448 577 3583 630 suil-

2020 675 2163 738 lum;
2219 674 2308 742 qui
2348 674 2436 726 dat
2499 671 2615 725 thus
2669 671 2722 723 in
2776 665 3076 722 memoriale
3149 667 3302 736 quasi
3349 664 3586 734 blasphe-

2085 858 2218 913 Cum
2243 857 2452 910 abunde
2485 869 2787 910 sermonem
2831 866 2983 906 suum
3007 851 3072 905 ad
3097 859 3284 921 gentes
3307 856 3593 919 pertexue-

2017 951 2108 1014 rit,
2139 949 2525 1020 mystagogiam
2549 948 2613 1002 ad
2643 948 2816 1016 ipsum
2853 945 2965 1015 jam
3016 943 3271 999 lsraelem
3299 941 3588 998 convertit.

2019 1040 2140 1095 Vult
2164 1040 2308 1094 enim
2337 1054 2430 1095 eos
2463 1053 2492 1092 a
2511 1039 2667 1107 legali
2690 1037 2852 1092 etiam
2878 1035 3065 1089 umbra
3089 1033 3412 1100 desciscere,
3433 1031 3592 1087 sicuti

2014 1130 2263 1186 videlicet
2290 1129 2408 1184 illos
2429 1143 2638 1198 quoque
2662 1126 2848 1195 jussit,
2881 1140 2909 1177 a
2944 1123 3169 1192 pristino
3201 1135 3406 1188 errore,
3432 1121 3594 1176 sedu-

2012 1223 2190 1278 ctione
2209 1231 2264 1277 et
2284 1218 2508 1290 profana
2536 1218 2646 1272 vita
2674 1215 2948 1272 recedere.
2969 1213 3170 1282 Aperte
3204 1215 3386 1282 itaque
3414 1211 3593 1273 docet,

2012 1327 2073 1366 sc
2105 1309 2441 1380 spiritualem
2467 1308 2645 1378 potius
2697 1304 2899 1360 cultum
2935 1301 3205 1358 aestimare
3257 1309 3328 1356 et.
3371 1315 3594 1366 curare;

2013 1400 2354 1456 umbratilem
2381 1409 2435 1455 et
2460 1399 2700 1470 typicum
2727 1395 3104 1452 nihililacere.
3132 1391 3258 1446 Vult
3293 1406 3453 1460 porro
3478 1389 3599 1444 illos

2011 1502 2066 1550 et
2106 1493 2251 1552 aliud
2309 1494 2473 1560 scire,
2521 1491 2662 1561 quod
2704 1487 3051 1558 supercilium
3102 1483 3313 1553 erigant
3355 1489 3410 1536 et
3452 1481 3518 1536 de
3542 1495 3599 1534 re

2011 1584 2166 1640 nihili
2195 1584 2358 1638 altum
2378 1583 2610 1650 sapiant,
2634 1580 2724 1651 qui
2751 1576 3306 1650 Hierosolymitanum
3340 1570 3600 1642 templum

2011 1677 2337 1734 excitarunt.
2359 1676 2750 1731 Existimaruut
2767 1671 2910 1728 enim
2943 1671 3060 1725 loco
3089 1665 3354 1724 contineri
3397 1663 3598 1718 divini-

331 1755 525 1850 ὀφρὺν,
558 1775 652 1830 καὶ
681 1776 767 1827 ἐπ’
799 1773 974 1827 οὐδενὶ
1015 1771 1125 1824 τῶν
1161 1769 1476 1839 ἀναγκαίων
1529 1767 1905 1838 πεφρονήκασι

2037 1779 2201 1832 atem,
2235 1779 2288 1822 et
2336 1767 2390 1822 in
2439 1764 2763 1820 manulactis
2816 1760 3029 1830 templis
3093 1755 3501 1823 circumscripte
3549 1759 3604 1806 et

337 1835 630 1938 μέγαίτὸν
669 1867 725 1918 ἐν
751 1866 866 1926 τοῖς
895 1835 1290 1933 Ἰεροσολύμοις
1322 1835 1730 1928 ἀναστήσαντες
1757 1835 1903 1908 ναόν·

2031 1861 2233 1917 lelinite
2257 1858 2502 1912 habitare
2533 1872 2546 1908 :
2576 1855 2719 1910 sicut
2745 1852 2820 1908 illi
2877 1850 3015 1907 falso
3041 1846 3339 1916 nuncupati
3368 1841 3482 1910 dii,
3509 1840 3603 1912 qui

333 1956 503 2028 ᾤοντο
541 1955 674 2027 γὰρ,
709 1955 790 2008 ὅτι
817 1953 913 2008 καὶ
944 1954 1096 2022 τόπῳ
1127 1947 1460 2022 περιληπτὸν
1497 1947 1558 2000 τὸ
1590 1945 1743 1999 Θεῖόν
1773 1945 1908 2008 ἐστι,

336 2050 432 2102 καὶ
481 2051 539 2102 ὲν
581 2046 979 2119 χειροποιήτοις
1023 2045 1174 2105 ναοῖς
1234 2041 1479 2094 κατοικεῖ
1528 2035 1911 2108 περιεκτικῶς,

337 2138 484 2193 καθά
509 2137 604 2192 καὶ
637 2137 688 2190 oi
711 2135 818 2189 τῶν
847 2133 1017 2188 ἐθνῶν
1045 2131 1408 2201 ψευδώνυμοι,
1443 2129 1538 2182 καὶ
1577 2127 1730 2181 οὐδὲν
1759 2125 1914 2188 ὄντες

338 2228 638 2293 παντελῶς,
661 2227 799 2297 πλὴν
827 2227 908 2279 ὅτι
937 2224 1068 2290 ξύλα
1101 2241 1160 2276 τε
1196 2223 1288 2276 καὶ
1315 2221 1484 2274 λίθοι·
1519 2220 1613 2273 καὶ
1640 2218 1727 2272 διά
1756 2216 1916 2270 τοῦτό

339 2335 538 2390 φησιν·
566 2319 630 2371 Ὢ
664 2319 763 2388 τῆς
806 2314 954 2378 θείας
1003 2313 1161 2383 δόξης
1208 2312 1306 2368 οὐκ
1357 2311 1558 2374 εἰδότες
1603 2309 1703 2379 τὴν
1748 2309 1915 2376 ὑπερο

338 2412 508 2484 οχήνί
552 2407 598 2462 ὣ
631 2408 740 2461 τῶν
788 2406 914 2478 ἐμοὶ
959 2404 1269 2475 προσόντων
1316 2401 1638 2474 ἀξιωμάτων
1689 2400 1790 2452 οὐκ
1826 2399 1915 2450 ὲν-

341 2504 588 2567 νοοῢντες
617 2503 677 2558 τὸ
708 2501 969 2572 μέγεθοςῑ
1003 2518 1021 2550 ι
1056 2497 1302 2570 Οὐρανός
1333 2513 1422 2566 μοι
1455 2494 1664 2564 θρόνος,
1700 2494 1733 2562 ἡ
1763 2492 1819 2544 δὲ
1844 2491 1919 2560 γῆ

342 2593 630 2648 ὑποπόδιον
655 2591 765 2646 τῶν
806 2589 981 2642 ποδῶν
1009 2600 1136 2659 μοῡ.
1180 2587 1339 2639 Ποῖον
1365 2581 1513 2636 οἷκον
1541 2580 1920 2652 οἰκοδομήσετέ

347 2703 472 2757 μοις
523 2685 557 2756 ἢ
613 2686 763 2748 ποῖος
827 2681 989 2743 τόπος
1045 2680 1147 2748 τῆς
1205 2673 1605 2737 καταπαύσεώς
1686 2691 1825 2743 μους
1899 2692 1916 2723 ι

345 2778 551 2847 Πληροῖ
577 2774 686 2844 γὰρ
713 2772 782 2825 τά
809 2771 986 2824 πάντα
1013 2767 1076 2847 τὸ
1107 2768 1261 2820 Θεϊον
1279 2781 1292 2793 ·
1325 2765 1462 2835 μετά
1489 2763 1545 2816 δὲ
1571 2761 1735 2818 αὐτοῦ
1767 2760 1838 2828 γῆ
1865 2776 1924 2811 τε

347 2845 696 2938 καὶνούρανός
719 2882 734 2930 ;
760 2861 1014 2934 Εἱρήσθω
1043 2845 1106 2929 δὴ
1133 2853 1616 2928 ἁνθρωποπρεπῶς
1637 2892 1652 2916 ,
1683 2853 1763 2905 ὅτι
1799 2851 1924 2920 θρό-

348 2982 438 3017 νον
466 2963 604 3034 ἔχων
629 2963 718 3014 τὸν
749 2958 978 3031 οὐρανὸν
996 2997 1011 3020 ,
1042 2954 1330 3008 ὑποπόδιον
1362 2953 1418 3004 δὲ
1454 2950 1642 3018 ὥσπερ
1668 2966 1722 3001 τι
1753 2949 1925 3000 ποιεῖ-

347 3075 438 3112 ται
465 3058 562 3128 τὴν
587 3056 712 3125 γῆν.
737 3054 896 3115 Heio;
921 3045 1012 3104 οὖν
1042 3049 1204 3102 αὐτὸν
1231 3047 1440 3113 δέξεται
1466 3043 1677 3114 χῶρος;
1709 3041 1741 3114 ἢ
1777 3043 1928 3103 ποῖος

2016 1968 2205 2008 revera
2238 1951 2373 2007 nihil
2421 1957 2569 2015 sunt,
2622 1960 2781 2017 quam
2835 1944 2980 2015 ligna
3037 1950 3092 1998 et
3139 1939 3366 2011 lapides.
3393 1935 3616 1996 ldcireo-

2017 2043 2090 2097 ait
2121 2059 2134 2095 :
2168 2040 2213 2098 Ο
2242 2057 2338 2096 vos
2355 2039 2446 2110 qui
2477 2038 2674 2093 divinae
2698 2033 3001 2106 majestatis
3047 2028 3416 2102 praestantiam
3446 2024 3600 2097 igno-

2017 2134 2170 2198 ratis,
2205 2132 2296 2202 qui
2333 2128 2612 2200 dignitatis
2637 2142 2774 2181 meae
2813 2123 3243 2194 magnitudinem
3289 2133 3395 2173 non
3423 2115 3603 2172 consi-

2025 2227 2227 2282 deratis
2256 2240 2271 2276 :
2321 2242 2340 2275 ι
2375 2220 2587 2277 leum
2625 2217 2983 2273 mihisolium
3002 2223 3104 2279 est,
3128 2221 3185 2268 et
3210 2219 3371 2266 terra
3395 2207 3608 2266 scabel-

2021 2317 2128 2372 lum
2147 2315 2339 2386 pedum
2355 2309 2845 2378 meorum.Qualem
2863 2308 3078 2364 domum
3093 2302 3356 2360 aediﬁcabi
3366 2301 3436 2357 tis
3453 2298 3612 2355 mihi?
3630 2332 3639 2340 -.

2021 2409 2128 2462 Aut
2167 2405 2287 2475 quis
2315 2405 2468 2459 locus
2495 2401 2767 2472 requietis.
2787 2398 2954 2453 mete?
2991 2417 3010 2450 ι
3041 2394 3230 2465 Implet
3253 2393 3402 2448 enim
3427 2389 3610 2446 omnia

2023 2497 2294 2562 divinitas,
2347 2505 2398 2551 et
2443 2495 2598 2565 plena
2643 2491 2761 2562 ejus
2821 2498 2948 2545 sunt
2997 2496 3139 2542 terra
3195 2494 3252 2539 et
3307 2480 3615 2559 callum”.

2024 2591 2270 2647 llumano
2296 2602 2445 2644 more
2469 2587 2672 2642 dictum
2691 2581 2988 2649 sit,solium
3021 2577 3363 2634 eumhabere
3387 2573 3612 2638 calum,

2024 2694 2078 2739 et
2105 2682 2395 2740 scabellum
2422 2679 2570 2734 velut
2595 2677 2862 2747 quoddam
2894 2673 3002 2728 sibi
3029 2681 3227 2726 terram
3261 2680 3598 2738 supponere.

2026 2774 2156 2842 Quis
2181 2774 2323 2828 enim
2351 2772 2500 2824 locus
2545 2783 2666 2823 eum
2709 2764 2922 2834 capiet?
2965 2770 3056 2815 aut
3091 2774 3212 2830 qua;
3254 2757 3446 2811 domus
3474 2753 3608 2811 satis

2027 2868 2131 2921 erit
2155 2865 2326 2935 ampla
2349 2864 2415 2916 ad
2435 2853 3031 2931 comprehendendum?
3055 2870 3072 2902 ι
3094 2850 3281 2903 Omnia
3309 2849 3450 2903 enim
3477 2846 3614 2910 haec,

2030 2958 2227 3028 inquit,
2275 2954 2401 3009 fecit
2431 2966 2622 3006 manus
2655 2963 2771 3003 mea
2796 2985 2812 3012 ,
2837 2954 2892 2998 et
2933 2959 3051 2998 mea
3081 2940 3342 2996 sunthaec
3372 2935 3609 2992 omnia.»

2029 3048 2160 3117 Quae
2185 3055 2362 3103 autem
2398 3044 2545 3099 hmo?
2570 3039 2836 3096 Videlicet
2863 3049 2984 3106 qua:
3015 3039 3313 3089 cernuntur
3333 3069 3348 3094 ,
3373 3037 3430 3084 et
3486 3042 3608 3096 qua:

348 3144 497 3211 οἶκος
520 3121 786 3217 ’ἀρκέσει-
825 3137 1204 3212 περιληπτόςς
1264 3154 1284 3186 ι
1323 3133 1508 3187 Πάντα
1560 3131 1668 3202 γὰρ
1723 3129 1924 3191 ταῦτα,

2036 3140 2185 3196 cerni
2215 3145 2507 3207 nequeunt.
2575 3132 2704 3202 Ejus
2751 3129 2894 3185 enim
2945 3135 3031 3182 est
3087 3121 3266 3179 omnis
3324 3126 3608 3183 creatura;

351 3209 536 3313 φησίν,
589 3209 850 3306 έποίησεν
947 3209 1067 3302 χείρ
1099 3244 1230 3300 μου·
1280 3227 1375 3280 καὶ
1417 3225 1561 3278 ἔστιν
1604 3222 1712 3293 ἐ.μά
1755 3221 1924 3275 ταῦτα

2036 3229 2154 3298 ejus
2183 3236 2312 3282 nutu
2348 3232 2530 3280 creata
2566 3232 2622 3277 et
2673 3227 2789 3275 orta
2831 3225 2959 3272 sunt
3005 3229 3125 3285 quae
3169 3209 3462 3281 aliquando
3509 3222 3618 3262 non

353 3333 552 3386 πάντα.
592 3349 610 3382 ι
646 3330 783 3382 Ποῖα
829 3326 886 3380 δὲ
923 3323 1122 3388 mina;
1151 3320 1320 3390 Δῆλον
1352 3319 1409 3372 δὲ
1451 3318 1532 3371 ὃτι
1566 3317 1660 3369 καὶ
1687 3315 1753 3368 τὰ
1790 3312 1929 3385 ὁρώ-

357 3442 516 3495 μενα,
549 3422 643 3476 καὶ
671 3421 780 3474 τῶν
810 3415 1107 3490 ὁρωμένων
1141 3413 1436 3466 ἐπέκεινα·
1471 3409 1567 3463 καὶ
1613 3407 1777 3462 αὐτοῦ
1824 3407 1932 3476 γὰρ

354 3519 390 3589 ὴ
431 3515 607 3579 κτίσις
636 3513 847 3576 ἅπασα,
887 3510 984 3564 καὶ
1014 3509 1128 3570 τοῖς
1175 3503 1339 3560 αὑτοῦ
1395 3501 1631 3572 νεύμασι
1675 3498 1931 3570 παρήχθη

354 3603 494 3675 πρὸς
550 3601 763 3670 γένεσιν
801 3597 871 3652 τά
917 3598 1019 3652 οὐκ
1077 3594 1206 3649 ὄντα
1243 3592 1395 3648 ποτέ.
1447 3591 1514 3644 Τί
1563 3589 1740 3643 τοίνυν
1786 3588 1935 3658 αὐτῷ

354 3693 722 3769 προσοίσομεν
769 3691 845 3755 ὡς
875 3691 976 3744 οὐκ
1023 3686 1224 3753 αὐτοῦ;
1281 3683 1522 3739 τοιοῦτόν
1575 3683 1628 3736 τί
1673 3699 1808 3753 φησι
1842 3683 1935 3735 καὶ

353 3787 444 3842 διὰ
455 3787 555 3857 τῆς
577 3784 672 3838 τοῦ
707 3783 1018 3845 Ψάλλοντος
1073 3782 1275 3850 φωνῆς·
1307 3796 1325 3829 ι
1351 3776 1477 3830 Ἐὰν
1499 3774 1760 3839 πεινάσω,
1779 3774 1840 3828 οὐ
1859 3775 1932 3844 μή

360 3893 446 3930 σοι
471 3875 640 3928 είπω·
667 3871 777 3942 ὲμά
803 3871 910 3942 γάρ
938 3872 1056 3923 ἐστι
1093 3869 1269 3922 πάντα
1298 3866 1368 3920 τά
1405 3865 1572 3935 θηρία
1600 3862 1694 3916 τοῦ
1737 3864 1931 3934 ἀγροῦ,

356 3969 530 4039 κτήνη
591 3967 650 4018 ὲν
692 3965 804 4027 τοῖς
843 3963 995 4034 ὄρεσι
1041 3960 1137 4013 καὶ
1184 3958 1321 4028 βόες.
1358 3957 1614 4024 Ἔγνωκα
1653 3953 1832 4007 πάντα
1867 3954 1934 4006 τὰ

356 4058 522 4130 θηρία
545 4055 639 4110 τοῦ
659 4053 853 4126 ἀγροῦ,
880 4053 977 4106 καὶ
1001 4051 1177 4105 πάντα
1207 4049 1275 4102 τὰ
1301 4065 1368 4100 πε
1383 4047 1535 4100 τεινά
1555 4044 1650 4098 τοῦ
1679 4043 1932 4116 ούρανοῦ,

354 4152 452 4206 καὶ
483 4148 751 4219 ὡραιότης
783 4144 954 4215 ἀγροῦ
1001 4143 1116 4214 μετ’
1163 4139 1298 4210 ὲμοῦ
1341 4142 1510 4192 ἐστιν.
1569 4157 1587 4188 ι
1652 4136 1775 4190 Ἐπὶ
1815 4136 1937 4189 τίνα

351 4241 420 4312 δὴ
459 4235 552 4294 οὗν
589 4235 886 4305 ὲπιὸλέψω,
938 4232 1128 4304 φησίν;
1192 4233 1262 4284 Ἢ
1314 4231 1530 4293 πάντως
1570 4246 1670 4281 που
1717 4227 1810 4280 ἐπὶ
1847 4227 1936 4280 τὸν

352 4331 610 4388 ταπεινὸν
671 4330 768 4384 καὶ
795 4327 1038 4399 ήσύχιον,
1088 4322 1358 4386 τουτέστι,
1410 4322 1501 4375 τὸν
1543 4320 1783 4374 είκτικδν
1845 4318 1939 4372 καὶ

356 4425 552 4495 πρᾶον,
583 4423 676 4475 καὶ
715 4420 824 4473 τῶν
855 4419 1003 4490 ὲμῶν
1033 4417 1355 4488 θελημάτων
1388 4415 1610 4484 γνήσιον
1639 4411 1933 4483 ὑπουργὸν,

2037 3295 2212 3378 erant.
2239 3319 2374 3386 Quid
2406 3317 2569 3386 igitur
2599 3313 2649 3370 ei
2680 3311 2989 3376 oll'ereutus,
3035 3305 3178 3376 quod
3224 3303 3340 3373 ejus
3373 3316 3480 3356 non
3512 3295 3624 3354 sit!

2039 3414 2168 3469 Tale
2196 3411 2452 3482 quiddam
2474 3405 2782 3463 dicitetiam
2808 3418 2940 3458 voce
2981 3395 3308 3454 Psallentis;
3342 3411 3361 3445 ι
3405 3391 3462 3448 Si
3493 3405 3620 3482 esu-

2042 3479 2336 3568 riero,_non
2363 3498 2536 3552 dicam
2574 3495 2665 3550 tibi
2697 3509 2710 3546 :
2737 3507 2872 3548 mae
2909 3490 3054 3545 enim
3087 3496 3215 3543 sunt
3260 3496 3468 3540 omnes.
3504 3479 3623 3538 ani-

2041 3599 2252 3648 mantes
2279 3589 2415 3660 agri,
2439 3587 2674 3652 iumenta
2725 3584 2778 3638 in
2823 3580 3099 3638 montibus
3139 3587 3196 3632 et
3247 3575 3435 3630 boves.
3484 3571 3622 3628 Novi

2038 3683 2221 3738 omnia
2267 3678 2508 3736 volatilia
2567 3676 2712 3743 caeli,
2769 3682 2822 3730 et
2870 3669 3212 3744 pulchritudo
3267 3668 3379 3738 agri
3409 3679 3620 3721 mecum

2039 3784 2121 3829 est
2148 3774 2214 3825 “.
2241 3801 2314 3819 —-.
2342 3771 2512 3836 Quem
2544 3769 2705 3838 igitur.
2733 3763 3061 3835 respiciam?
3097 3782 3116 3815 ι
3157 3761 3332 3830 inquit
3359 3777 3376 3813 :-
3402 3777 3424 3812 ι
3484 3757 3614 3814 0m-

2039 3867 2165 3922 nino
2195 3865 2261 3919 ad
2298 3861 2554 3918 humilem
2581 3869 2636 3914 et
2664 3860 2928 3927 quietum,
2961 3873 2978 3904 ι
3011 3855 3062 3908 id
3088 3861 3192 3919 est,
3232 3863 3522 3921 sequacem
3569 3857 3624 3903 ei

2041 3956 2328 4020 mitem,et
2375 3967 2506 4008 mea:
2552 3948 2844 4006 voluntatis
2883 3948 3173 4016 ingenuum
3219 3956 3282 3996 ac
3304 3953 3614 4011 germanum

2037 4049 2368 4110 eﬂ'ectorem,
2401 4052 2463 4098 ut
2486 4043 2553 4098 ad
2576 4040 2743 4096 verba
2779 4053 2897 4094 mea
2919 4028 3616 4101 contremiseat.Signilicat

2040 4149 2219 4195 autem
2238 4138 2324 4193 bis
2344 4134 2703 4203 evangelicam
2730 4146 2793 4185 ac
2814 4129 2983 4200 908
3013 4125 3306 4182 salutarem
3367 4119 3621 4191 praedica-

2042 4232 2264 4286 tionem.
2289 4227 2399 4283 lios
2425 4227 2676 4294 dignatur
2696 4221 2916 4286 intueri,
2951 4215 3168 4272 etvelut
3197 4205 3429 4268 humiles
3446 4209 3619 4279 inspi-

2042 4337 2186 4378 cere.
2209 4321 2398 4376 Audax
2426 4318 2570 4373 enim
2593 4325 2648 4371 et
2669 4327 2954 4382 arrogans,
2985 4309 3077 4379 qui
3112 4307 3313 4362 divinis
3342 4305 3460 4376 ejus
3487 4302 3624 4358 resi-

2043 4415 2136 4470 stit
2193 4413 2399 4483 legibus
2444 4421 2499 4467 et
2558 4425 2620 4465 ex
2677 4420 2865 4476 magna
2912 4398 3294 4462 inohedientia,
3339 4394 3627 4464 superbam

355 4515 500 4569 ὥστε
531 4514 624 4568 καὶ
655 4513 878 4583 τρέμειν
909 4511 1036 4571 τοὺς
1061 4509 1221 4578 οἵπερ
1253 4507 1317 4561 ἂν
1351 4506 1595 4574 γένοιντο
1631 4504 1760 4574 παρ’
1799 4502 1924 4572 ὲμοῐ

2047 4505 2190 4561 velut
2234 4514 2290 4558 et
2323 4503 2514 4557 duram
2567 4500 2834 4556 cervicem
2867 4493 3062 4550 mentis
3107 4505 3219 4546 suae
3250 4496 3441 4544 contra
3479 4484 3628 4539 illum

361 4608 527 4676 λόγοι.
569 4572 832 4676 Σημαίνει
869 4602 927 4656 δὲ
972 4602 1059 4654 διά
1104 4572 1306 4654 τού-των
1352 4572 1414 4651 τὸ
1453 4572 1807 4664 εὐαγγελικδν
1845 4595 1924 4648 κατ

2044 4595 2274 4652 extollit.
2301 4594 2462 4663 Legis
2501 4605 2629 4646 vero
2646 4589 2846 4644 cultum
2880 4600 2939 4641 se
2959 4599 3069 4638 non
3103 4580 3364 4650 recipere,
3391 4583 3448 4632 et
3501 4572 3630 4633 odio

360 4699 629 4769 σωτήριον
658 4696 952 4766 κήρυγμα·
1006 4691 1226 4753 τούτους
1273 4689 1475 4759 ὲφορᾷν
1506 4685 1677 4752 ἀξιοῖ,
1725 4685 1822 4739 καὶ
1864 4684 1941 4748 ὼς

359 4788 654 4851 ταπεινοὺς
682 4783 1136 4840 ἐπισκέπτεσθαι.
1180 4780 1401 4853 Θρασὺς
1431 4779 1539 4850 γὰρ
1585 4776 1680 4832 καὶ
1725 4775 1940 4841 ἀλαζὼν

359 4883 392 4935 ὁ
433 4882 548 4944 τοῖς
580 4879 744 4941 θείοις
777 4876 942 4930 αὐτοῦ
971 4875 1160 4946 νόμοις
1209 4871 1691 4942 ἀντανιστὰμενος,
1727 4873 1822 4925 καὶ
1853 4871 1942 4924 διὰ

366 4971 571 5042 πολλῆς
619 4968 928 5033 ἀπειθείας,
975 4964 1181 5036 γαῦρον
1212 4963 1400 5035 ὥσπερ
1428 4963 1552 5017 τινὰ
1585 4963 1680 5017 καὶ
1710 4961 1944 5034 σκληρὸν

321 5099 325 5107 -
373 5061 648 5118 ἀνατείνει
676 5059 825 5130 αὐτῷ
858 5063 947 5111 τὸν
973 5059 1071 5129 τῆς
1094 5055 1286 5111 ἑαυτοῦ
1313 5053 1553 5118 διανοίας
1587 5053 1792 5124 αὐχένα
1814 5069 1827 5084 ·
1861 5054 1944 5106 ὅτι

2049 4689 2276 4752 habere,
2309 4685 2487 4756 palam
2510 4682 2673 4738 faciet
2714 4694 2838 4735 cum
2876 4676 3094 4746 inquit:
3133 4690 3155 4725 ι
3215 4669 3315 4737 Qui
3362 4664 3631 4723 sacriﬁcat

2053 4779 2183 4836 mihi
2211 4779 2461 4842 vitulum,
2491 4787 2571 4829 est
2621 4772 2842 4843 perinde
2871 4784 2933 4824 ac
2953 4768 2998 4822 is
3046 4765 3137 4836 qui
3173 4760 3374 4819 occidit
3399 4770 3627 4817 canem;

2051 4869 2140 4938 qui
2165 4865 2319 4922 oﬂ'ert
2347 4865 2600 4927 similam,
2629 4860 2783 4930 quasi
2814 4859 2904 4928 qui
2933 4853 3250 4925 sanguinem
3292 4848 3452 4905 offert
3499 4844 3630 4901 suil-

2053 4937 2191 5024 lum;
2212 4959 2302 5026 qui
2327 4959 2418 5011 dat
2439 4957 2584 5018 thus,
2611 4953 2680 5008 ad
2718 4949 3034 5008 memoriam
3064 4945 3171 5010 sui,
3203 4951 3287 4998 est
3329 4939 3486 5011 quasi
3521 4937 3634 4994 bla-

2051 5052 2328 5120 sphemus.
2359 5067 2378 5100 ι
2424 5048 2719 5104 Considera
2749 5045 2912 5116 igitur
2956 5055 3081 5098 eum
3147 5051 3256 5092 non
3303 5035 3476 5091 solum
3523 5045 3631 5086 non

368 5152 430 5205 δὲ
458 5121 840 5222 ἀπαράδεκτον
862 5121 1104 5201 ποιεῖται
1132 5147 1230 5214 τὴν
1260 5144 1346 5198 διὰ
1374 5145 1538 5215 νόμου
1567 5121 1841 5214 λατρείαν,
1857 5161 1924 5197 κα

2045 5143 2333 5197 admittere
2360 5155 2480 5211 qua:
2511 5141 2564 5194 iu
2599 5137 2808 5194 umbris
2861 5150 2926 5191 ac
2963 5132 3109 5204 typis
3132 5128 3307 5202 posita
3338 5132 3486 5190 sunt,
3514 5121 3630 5185 sed.

359 5240 450 5294 διὰ
485 5239 676 5309 μίσους
707 5238 840 5308 ἔχει,
882 5239 1137 5306 σαφηνιεῖ
1165 5236 1337 5304 λέγων
1359 5251 1371 5266 ·
1409 5253 1426 5285 t
1470 5234 1528 5287 '0
1562 5233 1703 5287 θύων
1731 5251 1818 5304 μοι
1849 5233 1944 5304 μό-

365 5347 514 5401 σχον,
549 5329 624 5391 6);
652 5331 680 5381 ὁ
720 5328 1062 5382 ἀποκτείνων
1091 5326 1258 5379 κύνα·
1304 5328 1332 5378 ὁ
1369 5326 1425 5379 δὲ
1455 5324 1740 5395 ἀναφέρων
1785 5323 1940 5394 σεμί-

362 5420 537 5486 δαλιν,
563 5419 636 5483 ὡς
662 5414 800 5490 αἷμα
835 5419 977 5472 ὕειον
999 5433 1010 5446 ·
1051 5419 1080 5469 ὁ
1110 5417 1164 5470 δὲ
1193 5417 1316 5480 δοὺς
1347 5417 1562 5470 λίϐανον
1606 5417 1683 5479 εἰς
1731 5434 1834 5488 μνη
1845 5416 1941 5486 μό·-

438 5600 485 5633 ⁸³
515 5599 655 5655 Paul.
685 5615 793 5660 LXI,
823 5599 908 5654 '19.
987 5597 1030 5630 ⁸·
1060 5595 1196 5651 Psal.
1234 5610 1377 5657 nux,
1415 5593 1570 5647 lO-lz’.

441 5779 519 5848 (Ι)
555 5776 742 5834 11ιιιι1ἰ·.
788 5778 936 5839 σκιᾶς

2050 5242 2110 5287 ut
2137 5233 2485 5298 dixi,odisse.
2513 5230 2680 5287 Vituli
2728 5228 2872 5284 enim
2925 5227 3148 5288 caedem,
3199 5219 3351 5276 cauis
3390 5221 3622 5269 mortem

2050 5325 2360 5388 existimat,
2415 5333 2469 5379 et
2497 5339 2608 5379 rem
2636 5323 2924 5391 impuram,
2955 5315 3192 5373 similam
3233 5310 3353 5365 oleo
3375 5318 3630 5374 consper-

2055 5433 2189 5474 sam.
2227 5417 2510 5486 Signiﬁcat
2543 5416 2686 5473 enim
2719 5416 2840 5482 hoc,
2873 5419 2932 5468 ut
2959 5411 3169 5483 opinor,
3203 5405 3328 5460 dum
3358 5413 3477 5455 eam
3501 5409 3632 5454 san-
