4096 6494
593 378 727 437 ΗΜ
1581 380 1641 435 S.
1679 379 1957 435 CYRILLI
1994 378 2464 437 ALEXANDRINI
2501 380 2818 436 ARCIIIEP.
3652 424 3657 429 .
3704 378 3848 433 1332

595 498 746 568 guini
780 497 892 555 suis
919 503 1214 567 comparat.
1248 495 1459 565 lmpura
1482 503 1565 551 est
1586 507 1761 551 autem
1804 513 1916 559 sus,
1940 514 2003 551 ex
2034 499 2165 566 legis

2272 515 2452 559 συνον,
2507 499 2583 562 ὡς
2626 498 2966 568 βλάσφημον.
3000 514 3020 549 ι
3054 494 3247 565 Ἀθρει
3282 492 3347 563 δὴ
3375 489 3466 546 οὖν
3492 495 3642 554 ὅπως
3668 492 3740 545 τά
3768 492 3848 555 ὡς

595 589 928 659 praescripto.
974 589 1042 643 Et
1089 587 1262 642 thuris
1306 587 1479 641 fumos
1504 588 1622 655 pari
1679 588 1799 643 loco
1840 588 2020 652 habet,
2056 604 2163 658 quo

2272 591 2322 642 ὲν
2355 592 2533 653 σκιαῖς
2569 569 2663 643 καὶ
2694 589 2907 654 τύποις,
2941 586 3040 641 οὐκ
3072 584 3357 655 ἀπόὸλητα
3386 585 3619 636 ποιεῖται
3651 584 3841 653 μόνον,

594 695 781 737 vocem
809 680 1199 749 blasphemam.
1229 677 1512 732 Transfert
1534 676 1696 747 igitur
1723 678 1808 733 bis
1842 679 2018 733 verbis
2048 695 2163 742 eos,

2272 682 2404 737 ἀλλά
2436 682 2545 753 γὰρ
2576 682 2671 735 καὶ
2702 681 3030 753 μεμίσηκεν,
3056 677 3133 742 ὡς
3166 676 3303 747 εφην
3323 691 3336 705 ·
3368 674 3467 745 τὴν
3493 674 3687 743 γάρτοι
3747 673 3847 742 μό-

594 771 841 825 utveliut
898 784 1002 823 non
1050 768 1199 837 iusta
1245 768 1491 822 umbram
1533 766 1684 837 legis,
1717 768 1811 822 sed
1857 769 2163 839 evangelica

2272 789 2399 843 σχου
2430 772 2664 843 σφαγὴν,
2712 772 2875 834 κυνὸς
2905 771 3119 841 ἡγεῖται
3149 766 3396 827 θάνατον,
3444 764 3760 833 ἀκάθαρτον
3786 764 3844 814 δὲ

593 862 795 915 vivere.
2267 866 2361 919 καὶ
2386 865 2663 935 σεμίδαλιν
2694 860 3102 933 ὲλεόδευῘσ]τον.
3129 857 3292 928 Δηλοί
3317 858 3446 925 γὰρ,
3482 850 3664 923 οἶμαι,
3692 853 3844 905 τουτὶ

592 952 671 1023 τῷ
698 953 822 1016 συὸς
855 953 1046 1023 αἵματι
1067 950 1419 1020 παρεικάζειν
1444 949 1647 1019 αὐτήνο
1684 948 1995 1021 ἀκάθαρτον
2028 952 2085 1004 δὲ
2112 953 2253 1007 κατά
2290 956 2382 1009 τὸν
2413 957 2577 1025 νόμον
2600 958 2629 1009 ὁ
2654 951 2744 1019 bc“
2778 956 2906 1019 τοὺς
2949 956 3007 1009 δέ
3032 972 3095 1023 γε
3127 956 3191 1008 ὲκ
3220 953 3441 1006 λιϐάνου
3486 949 3754 1009 καπνοὺς.
3787 948 3848 998 ὲν

594 1045 694 1115 ίσῳ
738 1043 944 1098 τίθεται
991 1042 1347 1112 παλιμφήμου
1391 1042 1594 1112 φωνῆς.
1639 1040 1941 1109 Μεθίστησι
1982 1042 2157 1097 τοίνυν
2227 1044 2315 1099 διὰ
2378 1046 2581 1101 τούτων
2622 1046 2819 1110 αὐτοὺς
2864 1046 2947 1112 εἷς
2982 1064 3047 1114 γε
3096 1045 3161 1099 τὸ
3194 1042 3479 1115 βούλεσθαι
3522 1039 3719 1109 διαζῇν
3748 1037 3844 1090 εύ-

593 1135 920 1203 αγγελικῶς,
951 1134 1045 1186 καὶ
1082 1131 1255 1195 οὕτως
1279 1130 1392 1202 [τσ.
1420 1130 1593 1203 οὗτοι]
1641 1148 1744 1185 που
1785 1132 1985 1201 μᾶλλον
2015 1134 2155 1187 κατά
2192 1151 2257 1203 γε
2280 1137 2380 1207 τὴν
2407 1133 2575 1192 οὖσαν
2601 1138 2660 1191 ιν
2684 1136 2764 1209 τῷ
2792 1137 2940 1208 νόμῳ
2977 1138 3154 1191 σκιάν.

669 1226 830 1281 Vsus.
868 1226 923 1280 4.
969 1224 1035 1278 Et
1064 1225 1166 1291 ipsi
1195 1222 1463 1293 elegerunt
1494 1225 1602 1278 vias
1630 1239 1776 1289 suas,
1798 1232 1847 1277 et
1889 1222 2161 1277 abomina-

2332 1229 2442 1283 Καὶ
2466 1224 2633 1286 οὗτοι
2670 1228 3029 1293 ἐξελέξαντο
3054 1226 3161 1292 τὰς
3189 1225 3370 1291 ὀδοὺς
3389 1222 3611 1282 αὐτῶν,
3635 1220 3740 1274 καὶ
3772 1220 3845 1272 τὸ

598 1319 761 1372 tiones
803 1333 950 1381 suas,
979 1333 1114 1386 quas
1143 1316 1319 1369 anima
1339 1329 1521 1369 eorum
1548 1315 1732 1368 voluit.
1781 1312 1843 1367 Et
1862 1330 1953 1383 ego
1975 1314 2163 1385 eligam

2272 1319 2653 1389 βδελύγματα
2693 1316 2912 1381 αὐτῶν,
2957 1314 2997 1371 d
3028 1316 3067 1383 ἠ
3102 1314 3275 1384 ψυχὴ
3317 1311 3516 1368 αὐτῶν
3550 1309 3837 1379 ἠθέλησε.

596 1409 824 1462 ludibria
844 1424 1045 1469 eorum,
1064 1418 1111 1460 et
1141 1418 1351 1475 peccata
1390 1422 1569 1459 eorum
1600 1408 1880 1459 retribuam
1904 1407 1999 1459 eis.
2026 1406 2164 1469 Quia

2272 1409 2445 1480 Κάγὼ
2472 1410 2790 1477 ἐκλέξομαι
2829 1410 2902 1463 τὰ
2929 1409 3305 1478 έμπαίτματα
3338 1402 3561 1464 αὐτῶν,
3600 1401 3702 1455 καί
3736 1402 3839 1459 τὰς

602 1501 781 1553 vocavi
830 1516 939 1565 eos,
979 1511 1025 1554 et
1074 1514 1177 1552 non
1220 1498 1605 1562 obedierunt,et
1645 1509 1858 1566 egerunt
1890 1498 2086 1552 malum
2113 1502 2165 1554 in

2272 1497 2558 1566 ἁμαρτίας
2580 1497 2776 1552 αὐτῶν
2792 1495 3197 1551 ἀνταποδώσω
3224 1492 3448 1559 αὐτοῖς,
3462 1492 3553 1545 ὅτι
3573 1488 3841 1543 ἐκάλεσα

598 1599 871 1659 conspectu
896 1605 1029 1645 meo.
1056 1589 1147 1654 Et,
1168 1604 1282 1658 quae
1306 1587 1567 1652 nolebam,
1596 1586 1879 1658 elegerunt.

669 1855 879 1911 Rursus
935 1855 1163 1911 adornat
1204 1853 1529 1925 apologiam,
1598 1870 1928 1926 causamque
1987 1867 2172 1926 aperte

602 1946 799 2011 reddit,
848 1961 947 2003 cur
992 1947 1314 2016 repudiatus
1376 1947 1537 2002 fuerit
1600 1946 1787 2013 Israel,
1832 1951 2173 2019 quantumvis

600 2038 989 2109 primogenitus
1016 2038 1212 2101 dictus,
1229 2046 1285 2092 et
1310 2052 1426 2093 sors
1456 2040 1548 2093 Dei
1601 2049 1956 2109 nuncupatus.
1982 2061 2001 2093 ι
2048 2042 2169 2097 Ele-

598 2137 792 2199 gerunt
828 2130 995 2193 enim,
1038 2128 1233 2197 inquit,
1279 2129 1396 2184 vias
1459 2144 1605 2191 suas,
1667 2138 1721 2184 et
1745 2131 2171 2188 abominationes

598 2234 746 2283 suas,
811 2234 947 2289 quas
1013 2220 1189 2273 anima
1242 2219 1483 2287 ipsorum
1518 2220 1704 2275 voluit.
1762 2239 1782 2274 ι
1829 2222 1962 2278 Cum
2019 2223 2169 2289 dicit,

604 2330 626 2362 ι
661 2311 1001 2382 Ειεεοτυηι,›
1028 2311 1267 2366 declarat
1291 2325 1385 2366 eos
1406 2310 1616 2379 iudices
1635 2326 1755 2367 esse
1781 2328 1889 2368 non
1923 2323 2098 2371 rectos
2117 2316 2168 2368 in

602 2402 761 2457 rebus
789 2402 1131 2467 necessariis,
1167 2404 1261 2459 sed
1301 2403 1478 2475 potius
1518 2422 1538 2455 ι
1578 2404 1769 2461 Dicere
1795 2405 1993 2460 bonum
2064 2420 2173 2460 ma-

600 2492 730 2557 lum,
758 2501 812 2547 et
842 2502 1049 2549 vertere
1080 2493 1323 2549 tenebras
1347 2496 1402 2549 in
1431 2494 1629 2558 lucem,
1658 2504 1712 2549 et
1730 2496 1902 2550 lucem
1942 2494 1993 2549 in
2022 2504 2172 2550 tene-

599 2584 746 2650 bras,
772 2598 1014 2637 amarum
1037 2583 1090 2638 in
1114 2582 1359 2647 dulce,et
1373 2585 1525 2639 dulce
1554 2585 1606 2639 in
1629 2599 1872 2639 amarum
1892 2585 1961 2638 ⁸⁵.
1990 2603 2009 2638 ι
2037 2585 2169 2641 Cum

598 2673 745 2727 enim
771 2672 1013 2728 licuisset
1051 2673 1183 2743 ipsis
1208 2688 1303 2743 per
1328 2675 1544 2729 oracula
1562 2676 1872 2742 evangelica
1896 2675 1963 2731 ad
1984 2691 2173 2731 omnes

600 2764 823 2818 virtutes
851 2763 1292 2832 praeclarissimas
1347 2766 1564 2832 adduci,
1612 2781 1843 2837 cumque
1896 2780 2062 2836 penes
2092 2766 2173 2836 ip-

599 2868 688 2909 sos
704 2863 848 2909 esset
879 2854 1007 2909 vitia
1052 2854 1378 2924 relinquere,
1414 2856 1663 2925 amplecti
1718 2856 1858 2927 quod
1878 2866 1963 2911 est
2000 2856 2167 2913 utile:

602 2944 700 3009 illi,
736 2944 929 3014 inquit,
949 2944 1234 3001 voluerunt
1256 2945 1373 3001 vias
1405 2960 1553 3010 suas,
1578 2961 1606 3000 a
1632 2946 1749 3016 lege
1792 2946 2019 3010 alienas,
2051 2962 2170 3015 qua:

2269 1588 2510 1654 αὐτοὺς,
2553 1588 2651 1643 καὶ
2702 1590 2816 1657 οὐχ
2858 1588 3245 1656 ὑπήκουσαν,
3288 1584 3387 1639 καί
3428 1584 3736 1649 ἐποίησαν
3774 1580 3841 1633 τὸ

2270 1679 2535 1747 πονηρὸν
2575 1680 2849 1733 ἐναντίον
2880 1696 3019 1748 μου.
3064 1679 3177 1735 Καὶ
3222 1677 3263 1733 d
3312 1681 3425 1734 οὐκ
3461 1676 3838 1745 ἠϐουλόμην.

2271 1770 2596 1835 ἐξελέξαντ
3192 1766 3195 1767 ⁷
3460 1842 3465 1847 δ

2356 1864 2721 1931 Ἀπολογετται
2770 1863 2952 1927 πάλιν,
2987 1862 3096 1932 ικαὶ
3141 1862 3354 1934 ἐμφανῆ
3396 1860 3696 1930 καθίστησι
3744 1860 3841 1928 τὴν

2272 1954 2467 2018 αἰτίαν,
2515 1949 2669 2026 ὲφ’ᾖ
2708 1956 2804 2008 καὶ
2848 1954 3208 2025 ἀπόπεμπτος
3253 1954 3475 2021 γέγονεν
3516 1954 3549 2006 ό
3604 1951 3837 2021 Ἰσραὴλ.

2272 2043 2446 2096 καίτοι
2488 2042 2829 2113 πρωτότοκος
2875 2042 3283 2113 ὠνομασμένος,
3327 2042 3421 2095 καὶ
3465 2041 3671 2113 κλῆρος
3707 2040 3839 2094 Θεοῦ

2271 2134 2637 2205 χρηματίσας.
2669 2153 2688 2185 ι
2733 2133 3087 2198 Ἐπελέξαντο
3142 2134 3272 2203 γὰρ,
3323 2133 3507 2203 φησὶν,
3554 2130 3711 2185 αὐτοὶ
3740 2130 3833 2192 τὰς

2270 2226 2423 2289 ὁδοὺς
2457 2223 2655 2291 αὐτῶν,
2698 2225 2885 2279 καὶτὰ
2919 2225 3263 2295 βδελύγματα
3308 2225 3509 2287 αὐτῶν,
3552 2224 3589 2277 ἃ.
3632 2226 3665 2292 ἡ
3700 2222 3837 2291 ψυχὴ

2270 2317 2447 2373 αὐτῶν
2486 2317 2747 2389 ἠθέλησε’
2785 2337 2803 2369 ι
2835 2318 2992 2383 τὸδὲ,
3016 2338 3035 2369 ι
3058 2316 3429 2382 Ἐπελέξαντο,
3465 2335 3484 2367 ι
3516 2315 3716 2383 λέγων,
3744 2316 3839 2367 οὒκ

2270 2406 2445 2478 ὀρθῶς
2477 2408 2723 2478 ἀπέφηνε
2760 2407 3021 2471 δικαστάς
3050 2409 3107 2460 ὲν
3136 2407 3459 2474 ἀναγκαίοις
3492 2406 3833 2477 πράγμασιν,

2276 2516 2293 2549 t
2328 2497 2593 2562 Είπόντας
2620 2499 2676 2552 δὲ
2708 2499 2907 2569 μᾶλλον
2937 2499 3030 2553 καὶ
3057 2499 3119 2551 τὸ
3148 2498 3309 2552 καλὸν
3345 2498 3607 2567 πονηρὸν,
3632 2496 3728 2550 καὶ
3752 2495 3837 2549 θε-

2274 2587 2466 2658 μένους
2489 2587 2554 2641 τὸ
2583 2588 2772 2651 σκότος
2798 2590 2876 2652 είς
2907 2588 3042 2657 φῶς,
3072 2589 3168 2642 καὶ
3197 2588 3259 2640 τὸ
3286 2588 3401 2656 φῶς
3424 2586 3637 2649 σκότος,
3662 2584 3758 2637 καὶ
3784 2586 3841 2636 τὸ

2273 2677 2469 2747 πικρὸν
2510 2677 2705 2745 γλυκὺ,
2760 2677 2853 2731 καὶ
2898 2677 2959 2730 τὸ
3004 2677 3173 2745 γλυκὺ
3213 2676 3430 2747 πικρόν.
3471 2695 3490 2727 ι
3546 2674 3699 2739 Ἐξὺν
3736 2674 3843 2743 γὰρ

2271 2768 2453 2828 αὐτοῖς
2481 2766 2569 2821 διά
2598 2767 2705 2820 τῶν
2741 2767 3108 2835 εὐαγγελικῶν
3141 2767 3527 2837 θεσπισμάτων
3557 2766 3695 2835 πρὸς
3737 2767 3839 2817 πᾶν

2270 2859 2446 2913 ὁτιοῦν
2478 2858 2848 2929 ἀποφέρεσθαι
2896 2858 3005 2912 τῶν
3029 2860 3269 2929 ἀρίστων
3310 2856 3839 2928 ἀνδραγαθημάτων,

2273 2951 2365 3004 καὶ
2392 2950 2757 3021 προκειμένης
2787 2950 2969 3013 αὐτοῖς
2998 2950 3248 3016 ἔξουσίας
3280 2951 3588 3019 ἀποστῆναι
3613 2948 3715 3017 μὲν
3735 2947 3843 2999 τῶν

602 3034 655 3088 in
684 3045 797 3092 rete
821 3036 1013 3092 mortis
1040 3036 1164 3091 etin
1193 3036 1515 3105 profundum
1542 3037 1736 3093 inferni
1766 3052 1860 3093 eos
1880 3038 2168 3092 adducunt.

2272 3043 2370 3113 τῆς
2412 3040 2746 3111 φαυλότητος
2786 3041 3026 3112 τρδπων,
3078 3040 3395 3094 ἀνθελέσθαι
3420 3041 3480 3093 δὲ
3505 3040 3568 3091 τὸ
3599 3039 3840 3107 πεφυκὸς

600 3126 838 3182 Revocat.
891 3136 1069 3182 autem
1105 3127 1213 3183 illis
1260 3128 1311 3183 in
1350 3129 1664 3183 memoriam
1713 3129 1938 3199 pristina
1984 3142 2169 3184 eorum

596 3227 837 3289 peccata.
868 3220 1109 3276 Fuerunt
1135 3221 1278 3276 enim
1300 3221 1426 3276 olim
1457 3220 1753 3277 idololatria
1797 3231 1852 3277 et
1898 3221 2173 3277 abomina-

599 3310 805 3367 tionum
860 3311 1115 3368 cultores.
1172 3330 1193 3364 ι
1240 3311 1376 3380 Quia
1461 3312 1626 3382 igitur
1676 3313 1853 3370 vocati
1898 3323 2044 3377 sunt,
2089 3312 2173 3366 in-

599 3403 735 3472 quit,
784 3412 841 3457 et
888 3419 994 3458 non
1052 3403 1394 3467 audiverunt,
1448 3424 1467 3457 r
1497 3405 1662 3476 909
1706 3419 1879 3474 neque
1927 3403 2174 3459 attende.

598 3502 725 3547 runt
758 3494 935 3548 verbis
970 3494 1074 3549 illis
1104 3510 1225 3563 quae
1246 3497 1311 3547 ad
1342 3496 1485 3562 ipsos
1510 3495 1643 3557 feci;
1667 3495 1776 3549 dixi
1794 3495 1970 3549 enim:
2005 3512 2025 3546 ι
2063 3494 2171 3563 Ego

599 3600 717 3640 sum
744 3584 832 3639 lux
865 3586 1069 3652 mundi,
1103 3593 1158 3641 et
1187 3586 1278 3654 qui
1318 3586 1494 3641 credit
1518 3587 1569 3639 in
1592 3601 1697 3651 me,
1744 3586 1958 3642 etiamsi
1980 3586 2173 3640 moria-

599 3684 709 3738 tur,
730 3676 871 3729 vivet
901 3675 978 3740 ⁸⁶;
1037 3694 1057 3729 ι
1096 3690 1160 3731 ac
1182 3677 1376 3730 iterum
1410 3692 1423 3729 :
1456 3694 1475 3728 ι
1514 3676 1706 3731 Venite
1729 3677 1795 3729 ad
1837 3690 1943 3741 me,
1972 3691 2162 3731 omnes

598 3766 688 3836 qui
714 3767 968 3822 laboratis
998 3777 1051 3823 et
1078 3769 1286 3823 onerati
1308 3768 1457 3833 estis,
1479 3778 1533 3821 et
1553 3782 1651 3837 ego
1681 3768 1918 3823 reﬁciam
1938 3783 2033 3821 vos
2048 3768 2115 3820 δέ
2146 3786 2165 3819 ι

598 3859 725 3913 hinc
750 3857 917 3914 feram
957 3861 1013 3914 in
1044 3859 1164 3915 illos
1199 3861 1340 3916 hanc
1366 3869 1615 3915 sanctam
1635 3860 1976 3924 sententiam,
1996 3868 2051 3914 et
2071 3875 2170 3930 ego

598 3950 790 4020 eligam
823 3952 1050 4007 ludibria
1079 3966 1289 4017 eorum,
1312 3953 1364 4005 id
1393 3961 1496 4015 est,
1528 3952 1619 4021 qui
1673 3951 1970 4017 ludillcent,
2016 3968 2083 4008 ac
2116 3951 2169 4006 in

600 4041 748 4107 ipsos
780 4041 1195 4098 debacchentur.
1247 4040 1503 4111 Designat
1536 4049 1713 4094 autem
1742 4054 1835 4095 eos
1861 4041 1951 4110 qui
1993 4049 2171 4095 vasta-

602 4139 728 4182 runt
761 4128 1001 4185 ludaeam
1033 4139 1087 4182 et
1130 4137 1542 4184 concremarunt
1598 4138 1840 4182 sanctam
1897 4129 2168 4199 quondam

600 4228 655 4270 et
680 4217 947 4271 celebrem
978 4218 1278 4284 civitatem,
1324 4232 1518 4287 nempe
1564 4216 1928 4272 Romanorum
1976 4219 2165 4275 duces.

2271 3130 2527 3199 ὠφελεῖν·
2558 3129 2736 3193 αὐτοὶ,
2792 3132 2980 3200 φησὶν,
3012 3128 3285 3201 ἠθέλησαν
3315 3128 3415 3193 τάς
3461 3129 3619 3190 ὁδοὺς
3665 3126 3841 3180 αὐτῶν

2271 3221 2369 3284 τὰς
2397 3220 2501 3286 ἔξω
2534 3221 2715 3292 νόμων
2739 3221 2850 3274 τῶν
2877 3221 3060 3293 ἱερῶν,
3086 3224 3186 3284 τὰς
3213 3220 3448 3290 παγίδας
3474 3219 3733 3283 θανάτου,
3750 3220 3840 3273 καὶ

2271 3314 2352 3378 είς
2382 3315 2652 3386 πέταυρον
2681 3314 2809 3386 ᾅδου
2844 3312 3321 3385 κατακομιζούσας
3350 3312 3547 3375 αὐτούς
3567 3327 3582 3341 ·
3621 3310 3840 3366 ἀναϐαί-

2271 3420 2353 3456 νει
2384 3402 2440 3456 δὲ
2466 3403 2563 3456 καὶ
2593 3404 2674 3467 είς
2704 3404 3007 3475 ἀνάμνησιν
3049 3402 3409 3474 ἀρχαιοτέρας
3448 3403 3637 3465 αὐτοῖς
3662 3403 3838 3471 ἀμαρ-

2270 3493 2392 3557 τίας
2410 3508 2426 3526 '
2455 3493 2709 3561 γεγόνασι
2732 3492 2840 3563 γὰρ
2868 3493 3010 3546 κατά
3035 3494 3278 3563 καιροὺς,
3307 3492 3403 3544 καὶ
3430 3491 3835 3559 εἰδωλολάτραι.

2274 3584 2370 3639 καὶ
2412 3583 2799 3655 βδελυγμάτων
2874 3584 3268 3655 προσκυνηταί.
3315 3601 3335 3635 ι
3378 3582 3601 3652 Ἐπειδὴ
3667 3581 3843 3633 τοίνυν

2272 3674 2593 3745 κέκληνται,
2640 3674 2803 3745 φησὶ,
2844 3675 2938 3728 καὶ
2987 3676 3083 3744 οὐχ
3128 3675 3475 3745 ὑπήκουσαν,
3511 3692 3528 3723 ι
3568 3672 3694 3725 οὔτε
3736 3672 3836 3741 μὴν

2273 3766 2733 3837 προσεσχήκασιν,
2760 3759 2842 3829 οἷς
2876 3767 3013 3837 πρὸς
3042 3766 3239 3829 αὐτοὺς
3289 3764 3596 3835 πεποίημαι
3629 3765 3836 3831 λόγους.

2277 3858 2456 3927 Ἔςρην
2480 3856 2611 3927 γάρ,
2646 3858 2729 3909 ὅτι
2783 3856 2967 3926 «Ἐγώ
3028 3858 3145 3927 είμι
3197 3857 3259 3909 τὸ
3296 3856 3411 3925 φῶς
3460 3855 3558 3908 τοῦ
3613 3855 3836 3925 κόσμου,

2272 3948 2366 4002 καὶ
2409 3950 2438 4001 ὁ
2483 3948 2756 4002 πιστεύων
2802 3949 2882 4012 είς
2930 3947 3057 4017 ἐμὲ,
3101 3948 3203 4002 κᾶν
3236 3947 3484 4019 ἀποθάνῃ
3516 3946 3779 4017 ζήσεται·
3817 3964 3839 3995 ι

2272 4039 2368 4092 καὶ
2406 4038 2597 4092 πάλινσ
2630 4057 2649 4089 ι
2685 4036 2847 4091 Δεῦτε
2878 4038 3015 4109 πρός
3064 4055 3154 4108 με,
3205 4038 3405 4100 πάντες
3446 4039 3500 4091 οἱ
3544 4036 3841 4095 κοπιῶντες

2272 4130 2366 4184 καὶ
2396 4129 2841 4200 πεφορτισμένοι,
2874 4128 3031 4198 κάγὼ
3063 4128 3368 4183 ἀναπαύσω
3386 4130 3554 4199 ὑμᾶς.
3598 4148 3618 4180 ι
3659 4127 3843 4195 Ταύτῃ

2269 4224 2336 4291 τῇ
2369 4220 2536 4291 ψήφῳ
2576 4218 2763 4273 λοιπὸν
2804 4220 3145 4291 κεχρήσομαι
3187 4221 3254 4290 τῇ
3299 4220 3422 4272 κατ’
3469 4218 3654 4277 αὐτῶν
3701 4218 3841 4287 ὁσία,

606 4324 628 4357 ι
662 4306 981 4362 Retribuam
1035 4309 1202 4375 enim,
1248 4307 1441 4375 inquit,
1498 4306 1605 4362 illis
1657 4319 1876 4375 peccata
1908 4323 2003 4364 sua
2030 4310 2097 4363 “.
2142 4329 2161 4360 ι

2272 4310 2426 4379 κάγὼ
2453 4309 2743 4381 ὲκλέξομαι
2793 4310 2863 4363 τὰ
2918 4311 3280 4381 ὲμπαίγματα
3326 4310 3531 4374 αὐτῶν,
3572 4311 3840 4370 τουτέστι,

598 4397 734 4453 Nam
776 4414 895 4470 qua:
916 4413 1022 4469 ego
1038 4401 1125 4454 odi
1165 4410 1217 4455 et
1250 4400 1415 4465 nolui,
1446 4400 1543 4468 ipsi
1579 4400 1873 4469 elegerunt.

2275 4404 2401 4467 τοὺς
2449 4401 2852 4472 ἐμπαίζοντας,
2899 4402 3066 4472 ἢγουν
3116 4401 3589 4472 ὲμπαροινοῦντας
3640 4400 3839 4460 αύτοξ.

596 4493 767 4565 Δηλοῐ·
797 4493 855 4548 δὲ
898 4494 1116 4556 πάντως
1146 4493 1275 4556 τοὺς
1306 4494 1719 4565 πεπορθηκότας
1778 4494 1879 4564 τὴν
1918 4494 2196 4557 Ἰουδαίαν,
2239 4495 2335 4547 καὶ
2397 4496 2899 4565 κατεμπρήσαντας
2932 4494 3033 4566 τὴν
3073 4493 3236 4563 ἀγίαν
3269 4493 3399 4546 ποτὲ
3436 4493 3535 4546 καὶ
3560 4492 3839 4563 διαϐόητον

601 4584 791 4639 πόλιν*
836 4584 995 4655 δῆλον
1044 4583 1102 4637 δὲ
1153 4584 1238 4637 ὅτι
1291 4585 1417 4647 τοὺς
1464 4584 1751 4654 Ῥωμαίων
1804 4584 2161 4655 στρατηγούς.
2207 4603 2225 4635 ι
2273 4584 2669 4638 Ἀνταποδώσω
2738 4584 2849 4655 γὰρ
2906 4584 3123 4646 αὐτοῖς,
3182 4582 3353 4653 φησὶ,
3403 4580 3503 4645 τάς
3568 4582 3841 4652 ἁμαρτίας

595 4677 798 4733 αὐτῶν.
833 4696 852 4729 ι
895 4680 962 4731 Ἀ
1007 4677 1123 4749 γὰρ
1175 4677 1455 4747 μεμίσηκά
1481 4718 1497 4743 ,
1550 4677 1646 4731 καὶ
1686 4678 1788 4731 ούκ
1833 4676 2163 4747 ἠϐουλόμην,
2206 4676 2538 4744 ἐξελέξαντο.

674 4769 833 4823 Vsus.
859 4769 912 4824 5.
936 4770 1127 4823 Audite
1152 4770 1359 4823 uerbum
1400 4768 1613 4821 Domini
1638 4770 1725 4837 qui
1774 4769 1997 4822 tremitis
2058 4785 2169 4821 ser-

2358 4770 2681 4824 Ἀκούσατε
2719 4768 2786 4822 τὸ
2810 4768 2975 4837 ῥῆμα
2999 4768 3239 4835 Κυρίου,
3284 4768 3336 4819 οι
3384 4764 3703 4832 τρέμοντες
3742 4763 3838 4814 τὸν

596 4877 801 4914 monent
856 4860 1015 4929 ejus;
1068 4860 1246 4922 dicite,
1281 4861 1469 4927 fratres
1506 4860 1668 4913 nostri
1717 4859 1782 4911 iis
1831 4860 1919 4928 qui
1952 4860 2169 4912 oderunt

2275 4862 2463 4925 ,λόγον
2498 4860 2720 4915 αὑτοῦ*
2765 4860 3003 4924 εἴπατε,
3050 4858 3298 4927 ἀδελφοὶ
3344 4855 3546 4925 ἡμῶν,
3589 4855 3715 4919 τοῖς
3753 4874 3835 4922 μί·

596 4960 767 5013 vos,et
800 4951 1190 5016 abominantur,
1221 4962 1276 5004 ut
1331 4966 1519 5004 nomen
1576 4950 1788 5003 Domini
1828 4950 2170 5019 gloriﬁcetur,

596 5050 643 5093 et
698 5050 950 5107 appareat
995 5042 1051 5095 in
1096 5042 1283 5096 latitia
1340 5056 1549 5102 eorum,
1608 5048 1660 5094 et
1695 5040 1781 5095 illi
1849 5040 2169 5109 confunden-

595 5138 703 5181 tur.

668 5215 948 5273 Transfert
970 5219 1274 5284 orationem
1297 5220 1362 5275 ad
1379 5234 1593 5275 omnem
1626 5219 1901 5285 humilem,
1939 5231 1993 5277 et
2024 5221 2175 5290 quie-

600 5317 736 5374 tum,
768 5324 833 5365 ac
864 5318 1181 5366 trementem
1205 5325 1484 5367 sermones
1507 5313 1624 5381 ejus
1654 5328 1668 5365 :
1704 5328 1930 5382 quorum
1949 5314 2166 5382 quidem

599 5400 849 5468 primitiae
901 5409 956 5454 et
1001 5399 1161 5470 primi
1207 5398 1455 5463 luerunt.
1498 5412 1555 5455 et
1598 5404 1896 5458 secretioue
1934 5406 2164 5471 quadam

599 5489 809 5557 selecti,
833 5489 998 5545 divini
1034 5491 1302 5561 discipuli.
1333 5491 1672 5547 Protrahitur
1703 5502 1879 5548 autem
1914 5496 1995 5549 vis
2026 5509 2164 5563 prae-

598 5580 739 5648 cepti
762 5582 828 5634 ad
849 5595 1038 5636 omnes
1063 5581 1155 5652 qui
1183 5580 1437 5651 deinceps
1463 5582 1830 5652 praeticiuutur
1852 5583 2174 5654 populo,qui.

2278 4950 2505 5005 σοῦσιν
2527 4950 2684 5019 ὑμᾶς
2718 4950 2817 5004 καὶ
2842 4946 3389 5016 βδελυσσομένοις,
3426 4946 3531 4998 ἵνα
3565 4945 3634 4998 τὸ
3658 4945 3831 5011 ὄνομα

2280 5040 2496 5108 Κυρίου
2544 5039 2815 5108 δοξασθῇ
2865 5039 2967 5095 καὶ
3019 5038 3175 5107 ὀφθῇ
3238 5038 3309 5091 ἐν
3365 5035 3439 5103 τῇ
3497 5037 3839 5104 εὐφροσύνη

2276 5130 2462 5199 ὑμῶν,
2487 5130 2751 5185 κάκεῖνοι
2783 5130 3325 5198 αἰσχυνθήσονται.

2348 5221 2645 5291 Μεθίστησι
2677 5222 2803 5284 τοὺς
2842 5220 3033 5290 λόγους
3072 5222 3165 5274 ἐπὶ
3212 5220 3387 5274 πάντα
3437 5216 3693 5270 ταπεινὸν
3753 5215 3833 5266 καὶ

2279 5311 2523 5383 ἡσύχιον,
2556 5313 2651 5367 καὶ
2672 5311 2943 5383 τρέμοντα
2964 5313 3089 5374 τοὺς
3115 5312 3307 5379 λόγους
3336 5309 3526 5372 αὑτοῦ,
3563 5303 3641 5362 ὧν
3662 5307 3724 5376 δὴ
3751 5305 3834 5357 καὶ

2274 5401 2558 5469 γεγόνασιν
2586 5402 2831 5473 ἀπαρχὴ,
2870 5402 2964 5455 καὶ
2994 5419 3219 5473 πρωτοι,
3252 5402 3345 5453 καὶ
3373 5397 3679 5468 ἀπολέγδην
3709 5396 3833 5461 ἐξει-

2276 5491 2525 5563 λεγμένοι
2562 5494 2610 5544 οἱ
2638 5490 2916 5545 θεσπέσιοι
2948 5492 3204 5563 μαθηταί.
3248 5490 3446 5561 Τρέχει
3484 5489 3541 5541 δὲ
3568 5489 3666 5557 τῆς
3696 5488 3831 5537 ivro-

2275 5583 2371 5653 λῆς
2415 5582 2448 5653 ἡ
2484 5580 2713 5651 δύναμις
2761 5583 2855 5637 καὶ
2900 5584 2994 5637 ἐπὶ
3026 5582 3231 5645 πάντας
3280 5577 3477 5653 ἐφεξῆς
3525 5579 3650 5642 τοὺς
3697 5575 3831 5633 λαῶν

669 5754 717 5791 ⁸⁸
743 5754 844 5811 lsa.
874 5772 927 5828 v,
954 5757 1045 5815 20.
1121 5758 1166 5791 “
1193 5757 1344 5816 Joan.
1384 5772 1463 5827 x1,
1490 5756 1579 5813 26.
1656 5759 1699 5792 ⁸⁷
1732 5757 1920 5817 Matth.
1957 5774 2031 5826 χι,
2060 5758 2149 5812 ‘28.

2308 5755 2463 5815 [διον.
2491 5772 2589 5825 xu,
2624 5756 2699 5811 Η»
