4096 6514
224 400 360 457 «Ιιῖιῦ

1280 387 1347 443 1N
1388 387 1619 444 ISAIAM
1659 385 1786 442 LlB.
1822 387 1884 445 V.
1921 340 2159 444 TOMliS
2191 388 2281 442 Vl.

3340 388 3475 443 1454

229 511 584 587 ἡγουμένους,
646 506 695 560 οἳ
754 504 921 577 ψήφῳ
972 503 1095 575 θεία
1158 504 1629 575 κεχειροτόνηνται
1686 502 1797 556 τῶν

1926 503 2082 557 livino
2118 502 2326 558 calculo
2386 502 2697 573 deliguntur
2746 511 3061 559 sanctarum
3108 503 3473 560 Ecclesiarurn

223 606 397 674 ἀγίων
457 597 793 669 Ἐκκλησιῶν
814 636 830 662 ,
888 596 985 650 καὶ
1034 594 1145 648 τῶν
1215 595 1374 666 ἱερῶν
1432 592 1801 665 κηρυγμάτων

1926 602 1958 649 ιι
1974 595 2279 651 divinorum
2307 596 2649 664 praemiorum
2683 595 2996 651 administri
3023 612 3041 650 :
3072 596 3157 651 his
3178 598 3232 650 in
3259 598 3479 651 manda-

230 693 522 769 ίερουργοί.
566 690 790 754 Τούτοις
836 688 1119 742 ἐπιτάττει
1158 686 1355 754 λέγων·
1391 705 1409 738 ι
1445 688 1652 741 Εἴπατε
1691 688 1805 750 τοῖς

1907 691 1978 744 tis
2002 688 2113 751 dat,
2144 688 2427 756 inquiens:
2494 705 2513 739 ι
2560 688 2730 743 Dicite
2773 690 2839 742 iis
2888 688 2980 758 qui
3013 688 3246 744 oderunt
3276 704 3389 753 vos,
3425 695 3479 744 et

229 786 480 858 μισοῦσιν
507 784 651 854 ὑμᾶς
676 780 771 835 καὶ
805 779 1270 851 βδελυσσομένοις’
1292 778 1545 847 ’Δδελφοῖ
1571 776 1749 848 ήμῶν.
1778 795 1797 828 ι

1926 779 2318 846 Ibominantur,
2365 779 2562 833 fratres
2593 780 2788 834 nostri.
2829 800 2847 833 ι
2883 782 2987 834 Aut
3036 780 3179 835 enim
3230 782 3340 835 vult
3387 797 3481 835 eos

231 880 303 932 Ἢ
346 878 454 950 γάρ
488 874 699 947 πράους
748 872 945 935 αὐτοὺς
1013 869 1256 939 βούλεται
1305 872 1401 923 καὶ
1449 867 1807 935 ἀνεξικάκους

228 965 394 1031 εἶναι,
421 968 563 1022 κατά
593 982 657 1034 γε
687 964 788 1028 τάς
820 961 1187 1031 εὺαηελικάς
1226 959 1569 1031 παραδόσεις,
1600 958 1695 1013 καὶ
1720 958 1809 1012 διά

228 1061 327 1132 τῆς
350 1060 430 1123 είς
458 1057 613 1128 λῆξιν
638 1052 1021 1127 μακροθυμίας
1054 1050 1374 1122 σαγηνεύειν
1396 1054 1476 1114 εἰς
1502 1050 1809 1120 οἰκειότητα

232 1151 629 1222 πνευματικὴν,
653 1148 781 1212 τοὺς
805 1146 1188 1209 ἀνανεύοντας,
1218 1143 1314 1198 nati.
1335 1142 1810 1214 παραιτουμένους

231 1242 331 1310 τὴν
365 1240 502 1311 πρὸς
527 1238 726 1302 αὐτοὺς
764 1236 1051 1293 κοινωνίαν
1072 1253 1085 1266 ο
1126 1236 1297 1306 ήγουν
1324 1233 1500 1287 ὲκεῖνό
1529 1250 1633 1286 που
1673 1232 1812 1302 τάχα

231 1330 620 1393 διακελεύεται,
646 1329 707 1383 τὸ
729 1327 987 1400 κηρύξαι,
1021 1327 1188 1397 φημὶ,
1216 1328 1330 1389 τοῖς
1358 1324 1557 1390 ἔθνεσι,
1579 1323 1674 1377 καὶ
1713 1340 1813 1376 κα-

233 1421 386 1475 λέσαι
414 1419 550 1489 πρὸς
584 1418 915 1487 θεογνωσίαν
942 1416 1041 1487 τὴν
1075 1414 1274 1486 ἀληθῆ,
1304 1414 1430 1477 τοὺς
1456 1410 1704 1481 πεπλανη
1715 1410 1813 1481 μέ-

236 1529 396 1577 νους,
435 1510 530 1565 καὶ
558 1508 665 1573 τῶν
710 1507 1039 1577 ἀκαθάρτων
1070 1504 1396 1574 πνευμάτων
1432 1498 1815 1571 προσκυνητάς

249 1599 567 1666 Ἰουδαίους,
614 1601 697 1653 ὅτι
745 1598 819 1670 μὴ
868 1597 988 1652 κατ’
1032 1597 1233 1659 αὐτοὺς
1271 1593 1516 1663 ἐδέχοντο
1562 1590 1660 1662 τὴν
1709 1607 1811 1643 πο-

235 1693 477 1757 λυθεῖαν,
526 1690 625 1745 ἕνα
674 1690 731 1743 δὲ
781 1689 876 1743 καὶ
945 1688 1105 1758 φύσει
1141 1687 1237 1741 καὶ
1299 1686 1459 1756 μόνον
1503 1683 1819 1754 ὡμολόγουν

237 1781 391 1836 Θεόνο
424 1782 539 1836 ἀλλ’
572 1784 621 1835 εί
649 1782 741 1835 καὶ
781 1781 1163 1850 «Μεμισήκασι
1185 1777 1390 1849 ,φησὶν,
1422 1776 1592 1845 ὑμᾶς,
1633 1774 1819 1845 βδελυ-

1910 870 2069 926 mites
2108 880 2297 926 esseet
2324 871 2585 926 malorum
2633 870 2949 939 tolerantes,
2970 871 3264 927 secundum
3312 874 3482 925 tradi-

1914 963 2087 1019 tiones
2124 963 2484 1033 evangelicas,
2536 970 2591 1016 et
2652 977 2861 1017 summa
2915 964 3193 1033 patientia,
3229 964 3296 1017 ad
3322 964 3485 1033 spiri—

1912 1055 2111 1111 tualem
2148 1055 2583 1124 coniunctionem
2606 1054 2853 1111 inescare
2883 1071 2976 1111 eos
3021 1057 3111 1126 qui
3155 1066 3389 1111 renuunt
3432 1066 3486 1111 et

1914 1144 2186 1216 refugiunt
2236 1145 2475 1214 ipsorum
2534 1146 2876 1211 sodalitium;
2930 1155 3022 1200 aut
3058 1147 3184 1201 illud
3242 1146 3488 1201 fortassis

1915 1237 2134 1291 mandat
2158 1245 2215 1290 ut
2240 1236 2555 1305 praedicent,
2580 1238 2774 1308 inquit,
2806 1237 3075 1307 gentibus,
3105 1246 3159 1291 et
3183 1246 3374 1291 vocent
3420 1236 3488 1291 ad

1916 1340 2095 1380 veram
2132 1325 2224 1380 Dei
2248 1326 2607 1395 cognitionem
2632 1342 2724 1382 eos
2757 1328 2846 1396 qui
2885 1334 3226 1388 erraverunt,
3252 1324 3492 1381 Judteos-

1915 1430 2022 1484 qne
2085 1415 2487 1471 immundorum
2549 1416 2838 1485 spirituum
2898 1413 3173 1478 cultores;
3213 1415 3339 1483 quia
3387 1427 3492 1467 non

1921 1508 1994 1573 bi,
2025 1514 2083 1562 ut
2105 1506 2179 1561 illi
2215 1506 2507 1561 multorum
2532 1508 2755 1563 deorum
2781 1508 2983 1563 cultum
3016 1514 3359 1573 receperunt,
3402 1504 3493 1559 sed

1919 1614 2082 1652 unum
2108 1608 2163 1653 et
2185 1607 2376 1653 natura
2400 1614 2466 1654 ac
2507 1599 2680 1655 solum
2714 1600 2877 1655 Deum
2929 1598 3162 1653 confessi
3191 1606 3333 1651 sunt.
3391 1594 3497 1652 Sed

1920 1692 2156 1755 etiamsi,
2197 1691 2392 1761 inquit,
2420 1711 2439 1744 ι
2476 1693 2601 1748 odio
2630 1702 3029 1763 prosequantur
3058 1706 3175 1756 vos,
3198 1700 3253 1745 et
3280 1690 3499 1745 credant

1924 1796 2021 1836 vos
2066 1796 2185 1837 esse
2238 1781 2651 1849 abominabiles,
2698 1782 3202 1853 proferaturtamen
3240 1779 3319 1834 sic
3360 1777 3499 1847 apud

242 1873 371 1944 ροὺς
417 1868 557 1927 εἶναι
616 1870 1117 1942 καταλογιζόμενοι,
1178 1867 1546 1941 προτεινέσθω
1590 1867 1687 1920 καὶ
1725 1864 1818 1919 οῦ-

1926 1889 2016 1928 eos
2048 1873 2247 1937 oratio,
2304 1882 2359 1927 et
2397 1874 2624 1929 fratrum
2652 1874 2771 1930 loco
2820 1877 3109 1937 ducantur,
3184 1880 3246 1927 ut
3306 1884 3499 1925 nomen

238 1983 348 2029 τως
377 1965 563 2029 αὐτοῖς
593 1965 623 2017 ό
649 1964 780 2034 παρ’
812 1964 965 2033 ὑμῶν
1006 1961 1181 2031 λόγος,
1231 1960 1327 2014 κα)⁵
1371 1961 1430 2013 ὲν
1464 1958 1616 2023 τάξει
1648 1974 1818 2012 κατα-

240 2055 644 2126 λογιζέσθωσαν
673 2054 938 2123 ἀδελφῶν,
992 2055 1080 2109 ἵνα
1116 2054 1178 2106 τὸ
1213 2053 1383 2122 ὄνομα
1413 2051 1621 2122 Κυρίου
1662 2050 1820 2116 δοξαο

243 2143 366 2215 σθῇ.
403 2162 423 2197 ι
456 2144 860 2215 Σεσαγήνευται
909 2142 1019 2215 γάρ
1056 2140 1166 2195 τῶν
1196 2141 1364 2196 ἐθνῶν
1408 2141 1442 2211 ή
1489 2140 1697 2213 πληθῷς
1742 2140 1823 2204 είς

240 2234 396 2299 δόξαν
424 2234 664 2307 Χριστοῦ
689 2276 703 2300 ,
741 2236 835 2289 καί¹
884 2235 1108 2303 γέγονεν
1147 2233 1398 2305 ἐμφανὴς
1432 2235 1489 2286 ὲν
1519 2236 1585 2305 τῇ
1628 2232 1823 2305 εὐφρο-

245 2323 380 2396 σύνῃ
399 2352 404 2358 ~
423 2324 637 2378 αὐτῶν·
688 2309 1128 2397 εὐφραινομένων
1153 2323 1263 2395 γάρ
1291 2323 1399 2377 τῶν
1432 2322 1598 2377 ἐθνῶν
1637 2323 1730 2378 ἐπὶ
1755 2326 1822 2395 τῇ

243 2415 377 2486 παρ’
408 2413 575 2468 αὐτοῦ
621 2414 803 2486 χάριτι
837 2415 932 2469 καὶ
976 2415 1221 2486 σωτηρίᾳ
1241 2452 1256 2477 ,
1287 2412 1738 2485 κατῃσχύνθησαν
1774 2416 1825 2468 oi

244 2506 306 2571 ἐξ
364 2506 582 2578 Ἰσραὴλ
635 2506 711 2571 ὡς
768 2507 1087 2577 ἀπόϐλητοι,
1134 2506 1231 2560 καὶ
1280 2506 1669 2577 μεμισημένοι,
1730 2508 1825 2559 καὶ

245 2597 504 2671 ἀμέτοχοι
537 2599 816 2661 παντελῶς
853 2599 955 2669 τῆς
992 2598 1101 2652 τῶν
1129 2598 1301 2667 ἁγίων
1335 2598 1571 2663 ἐλπίδος,
1592 2600 1690 2652 καὶ
1718 2599 1827 2653 τῶν

247 2693 381 2765 παρ’
406 2690 573 2746 αὐτοῦ
599 2691 805 2763 δεδωρη
816 2689 993 2761 μένων
1017 2692 1131 2753 τοῖς
1161 2687 1505 2743 πιστεύουσιν
1530 2692 1609 2753 είς
1639 2690 1824 2743 αὐτόν⁸

248 2784 451 2840 ειδέναι
486 2783 543 2837 δὲ
572 2784 896 2851 ἀναγκαῖον,
941 2781 1024 2835 ὅτι
1070 2780 1301 2851 νομικὴν
1332 2780 1556 2833 λέλυκεν
1584 2780 1826 2851 ἐντολὴν,

248 2876 513 2944 ἀδελφοὺς
540 2873 832 2945 ὀνομάζειν
863 2870 1127 2935 κελεύσας
1151 2872 1280 2935 τοὺς
1308 2870 1368 2936 ἐξ
1403 2870 1599 2925 ὲθνῶν.
1644 2869 1829 2925 Ἀπεί-

250 2982 387 3041 ρητο
417 2965 527 3037 γάρ
552 2968 665 3029 τοῖς
691 2965 751 3031 ἐξ
792 2963 1009 3036 Ἰσραὴλ
1034 2963 1095 3017 τὸ
1122 2962 1625 3017 ωναναπλέκεσθαι
1654 2962 1831 3033 φιλεῖν

248 3060 364 3122 τοῖς
390 3056 849 3130 πεπλανημένοις.
886 3076 904 3107 ι
937 3056 1014 3109 Οὐ
1043 3056 1151 3127 γάρ
1175 3053 1433 3126 λαλήσεις
1465 3057 1649 3120 αὐτοῖς
1677 3056 1832 3128 είρη-

1925 1963 2135 2017 Domini
2159 1962 2393 2033 gloriose
2424 1964 2764 2033 praedicetur.
2798 1984 2817 2015 ι
2854 1964 3063 2019 lrretita
3090 1963 3236 2017 enim
3269 1972 3345 2017 est
3367 1976 3500 2031 gen-

1927 2054 2058 2108 tium
2096 2054 2382 2111 multitudo
2405 2057 2468 2109 ad
2500 2056 2723 2125 gloriam
2748 2054 2971 2119 Christi,
3006 2055 3134 2109 etin
3161 2067 3345 2107 earum
3368 2051 3502 2104 lmti-

1928 2147 1996 2201 tia
2020 2148 2288 2217 apparuit.
2308 2147 2643 2203 Laetantibus
2655 2148 2799 2203 enim
2833 2146 3083 2216 gentibus
3107 2144 3173 2200 de
3186 2144 3358 2212 gratia
3377 2142 3495 2208 ejus

1925 2246 1984 2293 et
2020 2238 2217 2305 salute,
2251 2238 2461 2294 confusi
2490 2249 2617 2295 sunt
2641 2239 2913 2306 lsraelitaa,
2938 2246 2996 2292 ut
3027 2235 3209 2307 reiecti
3242 2233 3408 2305 910
3453 2241 3508 2287 et

1925 2331 2051 2386 odio
2082 2330 2359 2397 babiti,ac
2391 2332 2611 2388 omnino
2641 2342 2892 2401 expertes
2942 2331 3055 2400 spei
3096 2338 3431 2392 sanctorum,
3454 2333 3509 2380 et

1926 2434 2110 2476 eorum
2138 2436 2259 2492 quae
2285 2421 2411 2476 data
2440 2432 2567 2477 sunt
2586 2422 2658 2475 ab
2682 2422 2797 2491 ipso
2822 2419 3187 2476 credentibus.
3217 2416 3506 2472 Sciendum

1929 2520 2109 2567 autem
2140 2522 2223 2569 est
2264 2513 2573 2568 necessario
2600 2511 2826 2568 solvisse
2845 2525 2968 2567 eum
2995 2510 3130 2580 legis
3148 2512 3507 2578 prteceptum‘,

1928 2621 2049 2662 cum
2085 2606 2273 2675 iubeat
2302 2606 2583 2659 nominare
2615 2604 2814 2659 fratres
2843 2617 2937 2659 eos
2965 2602 3056 2672 qui
3102 2609 3228 2656 sunt
3252 2614 3321 2655 ex
3379 2614 3512 2669 gen-

1931 2697 2096 2754 tibus.
2124 2695 2409 2751 lnterdixit
2436 2697 2575 2751 enim
2602 2694 2881 2759 lsraelitis,
2912 2707 2981 2747 ne
2999 2689 3389 2747 commercium
3417 2687 3513 2743 ha-

1930 2790 2124 2846 herent
2150 2805 2271 2843 cum
2305 2788 2504 2858 bisqui
2540 2788 2593 2842 in
2620 2801 2808 2842 errore
2871 2786 3069 2840 versati
3115 2790 3263 2837 sunt.
3317 2798 3337 2832 ι
3396 2778 3512 2834 Non

1932 2882 2076 2937 enim
2140 2881 2377 2950 loqueris
2423 2895 2608 2949 pacem
2660 2878 2802 2943 illis,
2871 2876 3046 2945 inquit
3106 2876 3189 2929 lex
3241 2873 3504 2938 Mosaica,

1934 2987 2032 3027 nec
2059 2972 2295 3027 elocabis
2326 2971 2431 3027 illis
2478 2971 2643 3025 flliam
2693 2980 2863 3033 tuam,
2901 2982 3000 3024 ncc
3035 2965 3192 3021 dabis
3230 2964 3341 3020 ﬁlio
3372 2962 3515 3032 ejus.

1935 3078 2036 3119 nec
2066 3063 2229 3117 filiam
2270 3061 2391 3132 ejus
2416 3062 2651 3132 accipies
2672 3061 2781 3115 lilio
2809 3069 2925 3124 tuo,
2966 3072 3031 3112 ne
3077 3062 3287 3111 avertat
3348 3055 3516 3109 [ilium

255 3150 385 3204 νικά
415 3169 435 3203 ι
472 3149 636 3220 φησὶν
676 3151 704 3203 ό
730 3148 819 3202 διά
868 3148 1113 3211 Μωσέως
1157 3147 1355 3217 νόμος,
1391 3165 1409 3198 ι
1443 3146 1563 3200 οὐδὲ
1599 3144 1674 3217 μή
1712 3147 1825 3199 ἑπι-

1936 3165 2131 3209 tuuma
2167 3170 2271 3219 me,
2308 3164 2364 3211 et
2413 3156 2575 3210 abeat
2626 3154 2939 3221 serviatque
3006 3149 3110 3206 diis
3148 3148 3338 3203 alienis
3396 3147 3465 3200 ⁸⁸.
3494 3165 3513 3198 ι

253 3239 627 3312 γαμϐρεύσεις
650 3240 861 3303 αὐτοῖς·
892 3238 991 3309 τὴν
1022 3236 1296 3308 θυγατέρα
1328 3254 1421 3290 σου
1450 3237 1511 3290 οὐ
1538 3235 1731 3300 δώσεις
1754 3234 1825 3307 τῷ

1943 3245 2137 3302 Verum
2178 3245 2231 3301 in
2264 3246 2481 3301 Christo
2504 3245 2643 3299 facta
2676 3252 2803 3299 sunt
2835 3244 2996 3300 ambo
3041 3256 3233 3307 unum,
3262 3250 3317 3296 et
3375 3238 3521 3293 solu-

257 3332 361 3404 υίῷ
406 3330 596 3398 αὐτοῦ,
642 3331 763 3385 οὐδὲ
790 3330 888 3400 τήν
916 3328 1192 3399 θυγατέρα
1238 3326 1406 3382 αὑτοῦ
1439 3326 1582 3399 λήψῃ
1618 3325 1697 3397 τῷ
1733 3325 1835 3398 υἱῷ

1943 3345 2058 3391 tum
2112 3336 2461 3391 interstitinm
2519 3335 2790 3400 macerie,
2810 3342 2865 3389 et
2896 3333 3097 3389 abolita
3121 3340 3208 3387 est
3245 3330 3331 3386 lex
3368 3342 3515 3400 prae-

259 3441 380 3479 σου·
408 3423 519 3494 ιἵνα
552 3422 627 3495 μὴ
656 3423 945 3494 ἀποστήσῃ
972 3419 1064 3473 τὸν
1115 3420 1231 3473 υίόν
1288 3437 1382 3473 σου
1415 3420 1511 3473 ἀπ’
1540 3418 1697 3489 ἐμοῦ,
1742 3419 1825 3473 καῖ

1948 3434 2229 3496 ceptornm
2282 3425 2338 3479 in
2384 3423 2677 3495 dogmatis.
2726 3438 2747 3473 ι
2794 3420 2891 3477 Est
2937 3420 3080 3476 enim
3126 3419 3240 3488 ipse
3280 3430 3379 3486 pax
3430 3428 3522 3468 no-

259 3515 547 3589 πορευθεὶς
579 3515 849 3588 λατρεῦσῃ
885 3514 1027 3577 θεοῖς
1050 3512 1277 3583 ἑτέροις.
1308 3530 1327 3564 ι
1373 3510 1511 3569 Ἀλλ’
1547 3512 1604 3564 ὲν
1626 3512 1845 3584 Χριστῷ
1954 3526 2071 3572 sua
2093 3518 2161 3570 ’°.
2198 3536 2218 3569 ι
3044 3504 3047 3507 ’

259 3612 453 3681 γέγονε
479 3610 547 3664 τά
573 3610 865 3681 ἀμφότερα
910 3608 988 3673 ἓν,
1020 3610 1115 3661 καὶ
1182 3606 1403 3660 λέλυται
1446 3605 1508 3659 τὸ
1556 3607 1869 3679 μεσότοιχον
1942 3611 2038 3666 τοῦ
2094 3610 2372 3683 φραγμοῦ,
2420 3609 2767 3681 κατήργηται
2821 3605 2880 3661 δὲ
2937 3603 3035 3658 καὶ
3084 3602 3114 3655 ό
3169 3600 3354 3672 νόμος,
3413 3596 3528 3652 τῶν

260 3703 493 3759 ἐντολῶν
517 3704 576 3756 ὲν
602 3702 864 3772 δόγμασι·
902 3719 920 3752 ι
956 3701 1065 3754 Καὶ
1083 3699 1193 3771 γάρ
1222 3702 1371 3753 ἐστιν
1429 3698 1591 3761 αὐτὸς
1616 3700 1649 3768 ἠ
1682 3699 1872 3773 είρήνη
1913 3704 2093 3773 ήμῶν.
2129 3722 2149 3755 ι

337 3816 509 3884 Φωνὴ
562 3813 829 3884 κραυγῆς
861 3814 931 3867 ἐκ
984 3813 1249 3878 πόλεως,
1324 3811 1493 3879 φωνὴ
1538 3810 1606 3863 ἐκ
1660 3809 1835 3874 ναοῦ,

265 3909 439 3982 φωνὴ
482 3909 704 3978 Κυρίου
731 3903 1238 3968 ἁνταστοδιδόντος
1276 3901 1692 3956 ἀνταπόδοσιν
1716 3902 1842 3968 τοῖς

264 3998 718 4067 ἀντικειμένοις.

338 4090 545 4156 Εἰπὼν,
568 4091 651 4144 ὅτι
689 4108 706 4142 ι
738 4087 911 4157 Κάγὼ
933 4085 1222 4156 ὲκλέξομαι
1258 4082 1327 4137 τά
1352 4082 1713 4153 ἐμπαίγματα
1752 4081 1846 4133 αὖε

266 4183 403 4246 τῶν,
430 4181 527 4236 καὶ
554 4182 653 4245 τάς
686 4180 961 4252 ἁμαρτίας
989 4176 1168 4231 αὐτῶν
1191 4173 1555 4229 ἀνταποδώσω
1584 4174 1791 4236 αὐτοῖς,
1819 4190 1838 4224 ι

268 4274 629 4329 διαδείκνυσιν
658 4272 822 4336 εὐθὺς
867 4270 976 4323 τῶν
1024 4267 1426 4339 ἀπειληθέντων
1473 4265 1572 4337 τὴν
1603 4263 1849 4330 ἔκϐασιν,

2016 3794 2179 3847 Vens.
2205 3792 2258 3847 6.
2301 3789 2414 3843 Vox
2441 3787 2687 3844 clamoris
2722 3786 2789 3840 de
2842 3785 3072 3848 civitate,
3130 3795 3232 3835 vos
3271 3780 3337 3833 de
3396 3791 3527 3833 tens-

1943 3885 2051 3954 plo,
2095 3899 2194 3938 vos:
2250 3880 2463 3936 Domini
2494 3876 2837 3933 retribnentis
2898 3872 3298 3927 retributionem
3342 3870 3531 3924 adaer-

1947 3976 2127 4029 sariis.

2019 4067 2153 4123 Cum
2184 4064 2425 4121 dixerit:
2467 4079 2487 4114 ι
2526 4059 2593 4114 Ει
2615 4073 2717 4127 ego
2737 4057 2934 4127 eligam
2966 4052 3199 4108 ludibria
3227 4064 3443 4115 eorum,
3475 4058 3533 4105 et

1948 4166 2168 4229 peccata
2200 4169 2389 4211 eorum
2425 4150 2718 4207 retribuam
2736 4147 2865 4209 illis,
2901 4164 2920 4197 ι
2946 4143 3129 4199 statim
3176 4139 3416 4198 ostendit
3440 4154 3533 4195 eo-

1950 4264 2068 4304 rnm
2108 4261 2228 4317 quae
2259 4243 2621 4301 comminatus
2649 4247 2734 4295 est
2756 4236 2986 4299 exitum,
3018 4242 3074 4289 et
3107 4232 3220 4300 jam
3243 4230 3400 4302 quasi
3433 4230 3532 4286 bo,-

270 4365 367 4420 καὶ
397 4364 473 4428 ὡς
497 4363 597 4435 ἤδη
623 4362 730 4415 τῶν
765 4322 1040 4430 πολεμίων
1083 4358 1184 4428 τήν
1208 4322 1289 4409 ’τε
1333 4355 1488 4408 πόλιν
1518 4322 1722 4417 αὐτῶν,
1757 4369 1825 4405 κα

1950 4342 2111 4395 stium
2139 4338 2413 4394 civitatem
2472 4335 2646 4404 ipsam
2700 4340 2757 4386 et
2821 4324 3079 4395 templum
3116 4322 3540 4385 devastantium,

270 4455 367 4510 τὸν
389 4454 516 4510 ναὸν
540 4451 846 4524 ᾑρηκότων,
878 4448 1060 4519 φωνὴν
1094 4448 1160 4499 ὲκ
1192 4446 1422 4511 πόλεως,
1450 4445 1543 4498 καὶ
1573 4442 1756 4514 φωνήν
1784 4445 1851 4496 ὲκ

274 4547 408 4603 ναοῦ
435 4546 687 4616 γενέσθαι
717 4541 903 4614 φησὶν,
933 4540 1009 4602 ὠς
1053 4538 1256 4608 ἀναμὶξ
1289 4536 1586 4591 κλαιόντων
1634 4535 1852 4606 ἱερουρ-

1882 4413 1927 4468 Ῐ)
1958 4444 2141 4486 vocem
2162 4429 2231 4484 de
2260 4426 2570 4489 civitate,et
2593 4436 2777 4476 vocem
2808 4420 2875 4474 de
2909 4415 3107 4485 templo
3157 4412 3356 4467 editam
3415 4423 3536 4464 esse

1957 4521 2109 4585 dicit,
2130 4528 2186 4575 et
2224 4518 2597 4572 ministrorum
2647 4510 2807 4569 simul
2890 4524 3012 4563 cum
3046 4504 3241 4576 populo
3268 4500 3543 4561 ﬂentium,

273 4588 412 4707 γῶν,
449 4588 561 4690 ,καὶ
603 4588 1046 4706 συνθγρηνοῦντῶν
1092 4588 1486 4700 ἀλλήλοιςτῶν
1524 4588 1711 4679 λαῶνζ
1755 4588 1825 4678 κά

1957 4622 2012 4669 et
2041 4612 2183 4666 inter
2202 4625 2261 4665 se
2285 4603 2756 4677 complorantinm.
2789 4599 2921 4654 Nam
2951 4611 3073 4652 cum
3106 4594 3233 4650 belli
3262 4588 3541 4647 calamita-

1989 4704 2019 4707 “
2141 4700 2161 4707 ⁸
2307 4700 2337 4707 ⁸·
2904 4699 2918 4707 ι
2974 4689 3097 4707 ﬂ-—-
3154 4698 3244 4707 --.-
3295 4696 3393 4707 nn-
3436 4678 3537 4707 1ης.

277 4730 390 4800 γάρ
417 4724 487 4800 ἦν
520 4726 684 4791 είκδς,
719 4725 821 4794 τῆς
855 4723 949 4777 τοῦ
988 4721 1226 4792 πολέμου
1263 4720 1545 4790 συμφορᾶς
1574 4734 1856 4788 κατακρα-

1967 4704 2109 4758 tibus
2135 4700 2370 4756 ferendis
2390 4712 2549 4766 pares
2600 4710 2705 4751 non
2738 4699 2943 4755 essent,
2973 4689 3101 4743 ﬂere
3150 4698 3247 4740 eos
3295 4696 3393 4752 par
3436 4678 3542 4734 fuit

274 4771 478 4890 τοῦγσηις
507 4771 706 4883 αὐτῶν,
736 4771 953 4886 θρῖηνεῖν
991 4830 1053 4866 τε
1090 4771 1590 4880 κὲιόιοῷέρὲσθῖιι
1610 4824 1625 4838 ·
1658 4807 1720 4859 οὐ
1750 4771 1821 4873 γά

1964 4804 2020 4851 et
2051 4794 2284 4865 plorare.
2319 4789 2473 4845 Nulla
2531 4788 2677 4844 enim
2694 4794 2813 4841 erat
2845 4782 2971 4837 mali
3011 4776 3285 4834 evitatiou
3326 4771 3542 4828 Domini

2454 4881 2473 4890 -
2510 4882 2523 4890 .
2693 4877 2724 4890 ιο
2765 4877 2799 4890 ο.
2955 4871 3038 4890 ..-ει
3065 4868 3240 4890 ____.:-
3294 4863 3503 4890 --ι-ει...

277 4909 348 4984 ἦν
376 4910 668 4972 ἀπόνευσις
712 4906 807 4961 τοῦ
837 4904 1029 4967 κακοῦ,
1066 4902 1272 4973 Κυρίου
1292 4901 1350 4954 δὲ
1381 4899 1565 4971 φωνὴν
1602 4898 1854 4968 γενέσθαι
1931 4896 2146 4984 finem

279 5004 449 5077 φησὶν
478 5020 500 5055 ι
533 5000 976 5062 ἀνταποδιδόντος
1007 4994 1368 5052 ἀνταπόδοσιν
1409 4997 1522 5057 τοῖς
1549 4991 1861 5062 ἀντικειμέ-

2206 4897 2397 4939 vocem
2450 4881 2616 4935 fuisse
2674 4877 2841 4941 dicit,
2892 4868 3243 4928 retrilinentis
3294 4863 3537 4920 retribu-

1931 4970 2167 5034 'tionem
2224 4972 2570 5036 adversariis,
2599 4988 2618 5023 ι
2654 4978 2711 5023 et
2753 4964 3118 5037 praecipientis
3156 4975 3223 5015 ac
3248 4959 3527 5028 imperans

282 5048 417 5159 ἔοις,
456 5113 476 5145 ι
512 5086 625 5145 οἷον
676 5091 1056 5152 ὲπιτάττοντος
1105 5086 1203 5139 καὶ
1246 5082 1694 5152 διακελευομένου
1744 5048 1825 5133 τοῖ

1968 5070 2037 5123 tis
2088 5067 2447 5122 vastatoribus
2486 5071 2556 5133 ,ιιι
2604 5059 2802 5116 nullius
2855 5055 3057 5125 captivi
3111 5048 3543 5108 misericordiam

282 5139 652 5259 6103mm“,
694 5139 987 5252 φείδεσθαι
1005 5139 1125 5232 τῶν
1168 5177 1404 5232 ἁλόντων
1450 5139 1690 5237 οὐδενὸς,
1732 5175 1825 5225 ἐπι

1963 5160 2200 5230 capiant,
2229 5159 2322 5214 sed
2357 5164 2417 5212 ut
2443 5154 2732 5211 crudeliter
2761 5151 2998 5207 insiliant
3059 5148 3113 5202 in
3162 5139 3545 5259 adversariop;

2092 5256 2100 5259 _
2190 5256 2198 5259 Α
2416 5246 2428 5259 .
2494 5242 2805 5259 ικιιηηηέ-
2845 5240 3044 5259 2...“..-
3101 5233 3193 5259 -..Α
3233 5239 3283 5259 ι..
3340 5230 3460 5259 ,ιιι-η
3488 5224 3540 5259 ..ς

287 5226 549 5350 δὲ
578 5226 776 5347 μ’άλλτον
806 5271 1013 5342 ἀγρίως
1032 5272 1147 5334 τοῖς
1172 5226 1591 5337 ἀντικειμένοις,
1619 5226 1715 5319 καὶ
1746 5262 1825 5316 οῦπ

1966 5226 2067 5305 nec
2088 5246 2466 5302 tantummodo
2494 5242 2811 5298 bellantium
2845 5240 3068 5307 impetu,
3100 5233 3194 5291 sed
3230 5239 3286 5288 et
3340 5226 3542 5284 domini

2040 5340 2052 5350 .
2143 5349 2148 5350 ν
2198 5347 2204 5350 .
2286 5338 2324 5350 ..
2497 5334 2509 5347 .
2741 5332 2787 5350 ,_
3009 5326 3107 5350 Μ,
3168 5337 3263 5350 Μ,
3288 5330 3542 5350 unum

709 5366 831 5427 ταῖς
856 5326 1011 5416 ’τῶνν
1038 5326 1418 5430 πολεμούντων
1458 5326 1675 5429 ὁρμαῖς,
1724 5355 1823 5409 ἀλλ

1968 5340 2263 5399 voluntate.
2285 5338 2394 5392 Hoc
2425 5334 2568 5390 enim
2599 5333 2707 5388 illis
2740 5332 2794 5387 in
2815 5343 2980 5388 causa
3009 5326 3130 5394 fuit,
3166 5337 3263 5380 cur
3286 5330 3549 5389 caperem

288 5461 399 5533 γάρ
441 5426 710 5529 θελήμασι
752 5426 864 5517 τοῖς
907 5426 1246 5514 δεσποτικοῖς
1285 5466 1298 5480 ο
1324 5426 1501 5503 τοῦτον
1530 5426 1643 5519 γάρ
1680 5447 1870 5512 αὐτοῖς
1972 5442 2061 5487 ῐυΐ
2091 5438 2145 5485 ei
2161 5426 2542 5498 θωίεθτεηῐυτο

288 5554 484 5623 γέγονε
516 5550 773 5623 πρόξενον
799 5546 894 5600 τοῦ
926 5545 1021 5599 καὶ
1053 5543 1277 5607 ἀλῶναι,
1307 5542 1401 5596 καὶ
1438 5542 1656 5596 παθεῖν.

363 5644 515 5713 Πρὶν
539 5642 577 5712 ἢ
617 5641 731 5711 τὴν
757 5639 1101 5694 ὠδίνουσαν
1122 5633 1338 5699 τεκεῖν,
1369 5633 1509 5701 πρὶν
1538 5631 1740 5689 ἐλθεῖν
1764 5632 1869 5686 τὸν

367 5820 412 5854 ⁸³
443 5818 596 5875 Deut.
631 5834 727 5885 ιἰι,
764 5816 881 5869 2-4.
962 5814 1005 5845 9°
1029 5809 1223 5880 Ephes.
1264 5824 1321 5873 ll,
1362 5807 1443 5863 Η.

2052 5628 2211 5683 Vens.
2252 5625 2368 5681 7-9.
2394 5622 2682 5693 Antequam
2708 5612 3011 5688 parturiens
3026 5614 3227 5681 pariat,
3265 5609 3537 5673 antequon
