4096 6496
612 365 635 418 1
649 367 748 423 455

1607 379 1664 432 S.
1705 378 1977 434 CYRILLI
2012 380 2481 439 ALEXANDRINI
2518 385 2839 442 ARCHIEP.

3728 392 3869 449 M36

609 509 779 563 ueniat
809 512 959 565 labor
986 514 1391 584 parturiginum,
1420 492 1633 587 e/fugit,
1670 528 1717 571 et
1764 522 1956 586 peperit
1986 537 2163 574 mascu

2291 505 2482 557 πόνον
2529 503 2649 557 τῶν
2682 504 2912 557 ὠδίνων
2944 507 3226 574 ἐξέφυγε,
3256 505 3354 557 καὶ
3407 506 3611 558 ἔτεκεν
3641 506 3859 574 ἄρσεν.

611 598 739 654 lum.
773 600 901 665 Quis
920 605 1118 657 audivit
1157 606 1329 659 tales?
1360 610 1533 675 etquis
1566 609 1812 663 vidils.’c?
1836 608 1979 664 Num
2002 624 2188 680 partu-

611 692 733 745 rivi:
777 703 919 747 terra
969 712 1071 749 uno
1116 696 1219 759 die,
1245 707 1334 749 aut
1353 699 1510 751 etiam
1539 701 1749 753 condita
1772 710 1849 755 est
1899 719 2024 771 gens
2076 713 2185 757 tota

610 783 795 845 simul,
839 786 962 852 quia
1016 790 1313 853 parturivit,
1342 798 1390 841 et
1410 792 1601 857 peperit
1645 790 1773 845 Sion
1808 792 1996 847 liberos
2022 795 2188 847 suos?

611 872 724 942 Ego
748 887 919 929 autem
948 879 1068 932 dedi
1093 884 1521 947 exspectationem
1546 884 1701 948 lianc,
1726 894 1773 938 et
1803 902 1903 937 non
1948 888 2187 940 recorda-

613 975 665 1018 ta
682 973 752 1018 est
772 971 891 1030 mei,
914 970 1045 1022 dixit
1069 970 1342 1026 Dominus.
1370 972 1555 1028 Nonne
1578 991 1667 1044 ego
1694 977 1974 1036 parientem
2016 987 2064 1031 et
2085 988 2186 1031 sle-

613 1056 759 1109 rilem
790 1056 905 1122 feri,
926 1061 1059 1112 dixit
1090 1061 1341 1116 Dominus
1362 1065 1387 1115 7

598 1182 603 1187 -
684 1148 878 1202 lterum
922 1153 1078 1205 docet
1106 1169 1210 1207 non
1237 1154 1476 1208 funditus
1514 1156 1777 1223 perditum
1809 1157 1873 1211 iri
1907 1156 2180 1215 lsraelcm.

612 1236 901 1307 Postquam
934 1243 1074 1295 enim
1109 1244 1161 1295 in
1216 1245 1527 1299 universum
1586 1248 1831 1316 praedixit
1884 1248 2180 1305 Jerusalem

611 1332 1217 1399 captivitatem;rursus
1242 1338 1400 1406 911
1456 1338 1586 1393 facit
1640 1341 1970 1395 mentionem
2053 1343 2181 1397 reli-

611 1438 860 1493 quiarum
896 1440 960 1479 ex
998 1427 1277 1481 electione.
1324 1428 1543 1485 Servata
1583 1432 1828 1501 estenim
1864 1448 1968 1488 non
1992 1434 2180 1503 exigua

610 1516 918 1579 multitudo,
939 1532 1034 1585 per
1066 1518 1222 1573 tidem
1249 1520 1497 1575 videlicet
1528 1521 1579 1574 in
1604 1520 1840 1577 Christo.
1867 1523 1977 1577 Hoc
2000 1532 2180 1578 autem

610 1606 915 1674 signiﬁcare
937 1608 1095 1664 vult:
1148 1609 1472 1665 Debacchati
1508 1612 1653 1665 enim
1721 1621 1847 1667 sunt
1900 1614 1953 1666 in
2009 1614 2178 1682 ipsum

609 1694 801 1761 Jualazi,
829 1707 883 1751 et
906 1700 1202 1768 principem
1240 1702 1365 1756 vitae
1423 1694 1833 1759 interfecerunt.
1885 1703 2178 1784 Postquam

611 1795 789 1840 autem
822 1789 1039 1853 revixit,
1088 1790 1293 1845 calcata
1350 1801 1545 1857 morte,
1588 1793 1852 1863 rediitque
1904 1795 1970 1849 ad
2018 1796 2153 1849 caele

2292 596 2386 660 Τίς
2417 594 2644 662 ἤκουσε
2675 596 2965 661 τοιοῦτον;
3010 596 3109 649 καὶ
3140 598 3232 662 τίς
3260 597 3517 664 ἑώρακεν
3546 596 3765 661 οὕτως-ς
3790 597 3866 650 ει

2284 689 2459 742 ὧδινε
2488 689 2562 758 τῆ
2583 690 2653 743 ἐν
2673 689 2774 757 μιᾷ
2802 691 3008 760 ἡμέρῃ,
3050 689 3087 756 ἡ
3124 688 3498 760 καὶὲτέθ[χ]η
3533 688 3710 753 ἔθνος
3731 690 3863 742 εἰσ-

2285 779 2468 843 άπαξ,
2503 780 2593 833 ὅτι
2614 782 2787 835 ὡδινε
2816 782 2911 835 καὶ
2938 782 3103 834 ἔτεκε
3134 780 3286 833 Σιὼν
3307 780 3378 833 τὰ
3406 779 3615 833 παιδία
3644 777 3866 845 αὐτῆς

2298 870 2444 940 Ἐγὼ
2473 871 2540 923 δὲ
2564 872 2754 925 ἔδωκα
2782 872 2896 939 τὴν
2922 873 3294 935 προσδοκίαν
3337 872 3584 937 ταύτην,
3607 870 3709 923 καὶ
3744 869 3863 921 οὐκ

2284 960 2555 1029 ἐμνήσθη
2585 980 2724 1030 μου,
2766 959 2895 1016 εἶπε
2923 964 3154 1031 Κύριος.
3194 964 3315 1016 Οὐκ
3346 961 3604 1029 ίδοὺὲγὼ
3639 960 3862 1031 τεν-νῶι-

2284 1053 2428 1107 σαν“
2448 1055 2541 1107 καὶ
2572 1055 2815 1122 στεῖραν
2846 1056 3103 1121 ἐποίησα
3121 1097 3134 1118 ,
3163 1056 3294 1108 εἷπε
3315 1056 3570 1122 Κύριος;

2360 1148 2479 1199 ’Ὁτι
2517 1146 2589 1216 μὴ
2622 1146 2897 1216 ὁλόρριζος
2947 1148 2975 1198 ὁ
3030 1145 3246 1218 Ἰσραὴλ
3268 1145 3581 1211 ἀπολεῖται,
3611 1143 3861 1196 διδάσκει

2284 1241 2463 1294 πάλιν.
2505 1239 2721 1309 Ἐπειδὴ
2754 1238 2862 1308 γὰρ
2899 1239 3035 1301 ὅλως
3082 1239 3585 1308 προαναπεφώνηκε
3646 1239 3715 1306 τῇ
3761 1236 3863 1287 Ἱε-

2285 1329 2565 1402 ρουσαλὴμ
2596 1330 2693 1395 τὴν
2736 1329 2957 1392 ἅλωσιν,
2997 1328 3366 1399 διαμέμνηται
3399 1328 3566 1381 πάλιν
3599 1326 3698 1379 τοῦ
3738 1325 3862 1378 κατ’

2280 1420 2509 1490 ἐκλογὴν
2557 1420 3027 1489 καταλείμματοςο
3083 1421 3351 1473 σέσωσται
3398 1418 3506 1489 γὰρ
3550 1418 3654 1471 οὐκ
3704 1416 3857 1484 ὀλίγη

2280 1512 2512 1582 πληθὺς,
2568 1512 2653 1564 διὰ
2700 1511 2933 1574 πίστεως
2974 1511 3029 1564 δὲ
3057 1511 3298 1581 δηλονότι
3343 1513 3443 1581 τῆς
3492 1511 3550 1562 ὲν
3590 1507 3818 1578 Χριστῷ
3843 1525 3855 1535 '

2281 1603 2529 1674 βούλεται
2570 1602 2628 1657 δέ
2665 1620 2717 1657 τι
2753 1602 2994 1656 τοιοῦτον
3034 1601 3362 1672 ὑποδηλοῦν·
3420 1602 3860 1672 πεπαρῳνήκασι

2278 1693 2385 1766 γὰρ
2408 1696 2488 1757 είς
2519 1694 2678 1747 αὑτὸν
2718 1692 2977 1758 Ἰουδαῖοι,
3008 1693 3103 1745 καὶ
3134 1694 3467 1747 ἀπεκτόνασι
3489 1693 3581 1745 τὸν
3616 1690 3862 1760 ἀρχηγὸν

2277 1787 2375 1857 τῆς
2412 1786 2575 1856 ζωῆς.
2622 1786 2835 1857 Ἐπειδὴ
2857 1788 2912 1840 δὲ
2936 1786 3156 1851 ἀνεϐίω,
3191 1786 3442 1856 πατήσας
3488 1785 3580 1836 τὸν
3608 1783 3857 1842 θάνατον,

610 1884 744 1928 stem
768 1875 980 1933 Patrem
1014 1894 1089 1933 ac-
1128 1879 1319 1949 Deum,
1350 1883 1710 1952 praedicarunt
1738 1902 1858 1941 eum
1879 1887 2043 1941 divini
2096 1888 2170 1942 di-

2281 1875 2686 1947 ἀναπεφοίτηκέ
2703 1894 2762 1929 τε
2785 1876 2919 1947 πρὸς
2934 1876 3023 1931 τὸν
3048 1878 3105 1929 έν
3130 1878 3243 1941 τοῖς
3256 1877 3505 1947 οὐρανοῖς
3529 1874 3751 1944 Πατέρα
3768 1872 3860 1924 καὶ

608 1968 831 2037 scipuli,
875 1969 1203 2041 alloquentes
1235 1989 1442 2039 omnes,
1503 1976 1664 2030 etiam
1713 1977 1801 2046 qui
1858 1977 2171 2033 debacchati

608 2068 753 2121 sunt.
786 2068 839 2115 et
870 2072 1125 2117 vocantes
1154 2063 1219 2116 ad
1253 2065 1675 2133 resipiscentiam
1718 2081 1781 2122 ac
1813 2069 2037 2122 salutem
2079 2086 2173 2139 per

610 2148 791 2212 tidem,
827 2158 880 2203 et
910 2153 1283 2207 remissionem
1323 2169 1664 2224 peccatorum
1698 2175 1796 2229 per
1815 2171 2057 2215 sanctum
2092 2163 2171 2215 la-

607 2254 850 2296 vacrum.
878 2240 1178 2297 Dixitenim
1210 2244 1398 2301 Petrus
1429 2266 1442 2302 :
1481 2266 1499 2299 ι
1533 2248 1597 2302 Ει
1629 2266 1788 2314 nunc,
1815 2252 2030 2318 fratres,
2049 2254 2171 2308 novi

607 2346 704 2386 vos
726 2346 792 2385 ex
824 2333 1119 2402 ignorantia
1139 2335 1348 2403 fecisse.
1374 2339 1512 2393 sicut
1534 2349 1587 2394 ct
1615 2343 1882 2411 principes
1907 2346 2072 2399 vestri
2103 2348 2169 2399 “.

608 2422 986 2480 Paenitentiam
1009 2427 1172 2495 igitur
1212 2431 1373 2497 agite,
1392 2442 1445 2485 et
1474 2433 1774 2500 baptizetur
1807 2437 2173 2505 unusquisque

609 2523 839 2579 vestrum
874 2517 924 2570 in
956 2520 1167 2572 nomine
1198 2519 1320 2574 Jesu
1344 2522 1561 2583 Christi,
1586 2532 1639 2577 et
1672 2526 1945 2594 accipietis
1972 2527 2169 2581 donum

609 2604 846 2672 Spiritus
894 2608 1087 2662 sancti.
1134 2607 1381 2663 Vestrum
1416 2611 1556 2664 enim
1605 2617 1732 2663 sunt
1767 2612 2180 2679 promissiones,

607 2702 661 2749 et
705 2697 939 2752 ﬁliorum
984 2710 1287 2754 vestrorum
1330 2702 1396 2754 θ’.
1447 2720 1464 2752 ι
1518 2702 1644 2755 Haec
1692 2702 1950 2770 loquente
1999 2701 2183 2756 divino

605 2780 787 2849 Petro,
814 2786 965 2839 multi
995 2788 1358 2843 crediderunt.
1386 2790 1653 2861 Scriptum
1684 2802 1768 2847 est
1830 2796 2093 2863 siquidem
2117 2797 2168 2850 in

602 2875 755 2929 Actis
792 2887 1099 2932 sanctorum
1133 2881 1495 2948 apostolorum
1526 2883 1763 2950 adiectas
1810 2900 1931 2941 esse
1963 2888 2049 2941 die
2082 2888 2170 2943 illo

604 2966 813 3020 animas
835 2966 953 3034 plus
984 2970 1162 3024 minus
1189 2982 1269 3025 ter
1299 2973 1525 3028 mille”.
1551 2973 1776 3043 Semper
1797 2977 1980 3047 itaque
2004 2979 2169 3033 divini

603 3052 848 3123 discipuli
879 3056 1172 3123 instabant,
1200 3070 1476 3117 monentes
1508 3061 1878 3129 lsraelitas,et
1913 3067 1977 3120 ad
2010 3066 2168 3123 ﬁdem

601 3155 995 3204 convertentes.
1026 3149 1291 3220 Tempore
1319 3153 1509 3209 deinde
1532 3156 1834 3225 interjecto,
1860 3158 2055 3214 inﬂicta
2085 3171 2167 3214 est

600 3233 818 3290 demum
873 3235 1178 3294 Judaaorum
1229 3243 1431 3312 regioni
1490 3245 1727 3315 ipsisque
1786 3248 2171 3321 Hierosolymis

599 3325 783 3381 divina
818 3327 923 3393 ira,
956 3327 1211 3398 ingressis
1228 3331 1339 3401 jam
1375 3333 1456 3387 his
1484 3335 1574 3403 qui
1634 3334 1699 3389 ad
1756 3337 2169 3393 moderatiorem

598 3417 813 3474 vivendi
842 3421 1105 3475 rationem
1134 3424 1310 3478 vocati
1364 3435 1509 3479 sunt.
1537 3424 1604 3480 Hl
1638 3440 1767 3481 vero
1801 3426 2020 3483 fuerunt
2046 3430 2172 3485 reli-

598 3508 777 3577 quite:
809 3511 952 3578 quod
982 3510 1160 3575 docet,
1208 3527 1329 3567 cum
1362 3514 1534 3583 inquit
1566 3532 1580 3569 :
1624 3533 1644 3567 ι
1688 3518 1989 3586 Antequam
2046 3536 2172 3590 par-

601 3599 809 3654 turiens
837 3601 1032 3668 pariat,
1070 3611 1358 3672 antequam
1385 3605 1563 3660 veniat
1584 3606 1737 3663 labor
1765 3609 2007 3664 dolorum
2055 3628 2172 3680 par-

600 3698 685 3744 tus
709 3688 914 3760 eﬂ'ugit,
941 3698 995 3746 et
1020 3694 1226 3763 peperit
1254 3695 1572 3753 masculum.
1622 3716 1641 3751 ›
1671 3698 1803 3753 Nam
1853 3702 2163 3773 priusquam

598 3784 863 3837 instarent
900 3784 1033 3837 dura
1071 3794 1337 3855 tempora.
1364 3796 1418 3841 et
1450 3788 1611 3842 veluti
1654 3805 1806 3845 acres
1848 3793 2051 3847 bellicae
2079 3810 2168 3848 ca-

595 3870 858 3926 lamitatis
905 3874 1116 3930 dolores
1151 3876 1524 3932 incumberent
1585 3878 1988 3951 Hierosolymis,
2035 3884 2170 3938 eil‘u-

595 3962 694 4033 git,
741 3963 795 4018 id
825 3973 926 4030 est,
989 3974 1114 4021 ante
1145 3968 1438 4036 periculum
1465 3972 1673 4039 peperit
1710 3972 2003 4026 masculum
2033 3991 2046 4027 :
2076 3977 2165 4044 qui

593 4063 780 4123 partus
816 4056 1111 4124 praeclarus
1145 4067 1227 4112 est
1252 4066 1305 4113 et
1332 4060 1722 4128 optatissimus.
1756 4061 1887 4116 Nam
1909 4079 2027 4133 qum
2076 4082 2167 4133 pa-

594 4144 761 4210 riunt,
791 4145 956 4200 fetum
991 4148 1282 4202 masculum
1329 4150 1483 4203 alteri
1537 4151 1866 4220 praeferunt;
1901 4156 1984 4209 vel
2030 4157 2167 4213 forte

592 4234 866 4290 masculus
891 4246 973 4291 est
989 4237 1165 4292 editus
1193 4253 1207 4290 :
1238 4254 1342 4291 non
1370 4241 1512 4293 enim
1542 4240 1885 4297 effeminatur
1939 4247 2164 4300 mollitia

593 4327 932 4381 Christianus
962 4328 1211 4397 populus.
1233 4329 1405 4384 Sensu
1432 4331 1575 4385 enim
1602 4334 1743 4387 virili
1775 4336 2033 4404 praeditus
2079 4347 2165 4393 est

590 4428 646 4474 et
665 4419 907 4487 juvenili.
932 4420 1097 4490 Cujus
1129 4423 1279 4477 testis
1311 4431 1393 4477 est
1416 4424 1604 4480 beatus
1626 4426 1842 4492 Paulus,
1867 4431 2114 4485 scribens
2143 4448 2156 4484 :

596 4528 615 4562 ι
653 4509 757 4578 Qui
788 4510 989 4566 Christi
1015 4526 1231 4567 carnem
1264 4514 1648 4571 cruciﬁxerunt
1705 4533 1828 4573 cum
1878 4520 2160 4576 affectibus
2193 4555 2233 4608 ο

586 4600 1034 4671 etcupiditatibus
1068 4601 1135 4657 ³⁵.
1164 4622 1184 4655 ι
1215 4603 1345 4659 Dein
1367 4606 1520 4674 quasi
1552 4608 1725 4661 divina
1753 4611 1991 4678 potentia
2022 4611 2160 4667 hanc

586 4706 701 4747 rem
733 4691 996 4762 insignem
1022 4704 1301 4763 cperante,
1331 4696 1648 4751 miraculum
1665 4698 1892 4766 extollit,
1923 4700 2110 4756 dicens
2139 4718 2154 4755 :

593 4801 613 4835 σ
641 4783 775 4850 Quis
804 4783 935 4838 vidit
964 4784 1083 4838 sic?
1113 4783 1249 4839 Num
1279 4788 1566 4851 parturivit
1609 4797 1753 4842 terra
1803 4804 1908 4844 uno
1933 4789 2037 4855 die,
2064 4802 2156 4845 aut

586 4874 745 4927 etiam
765 4875 978 4929 condita
1008 4886 1092 4930 est
1113 4890 1246 4946 gens
1267 4884 1375 4932 tota
1394 4878 1551 4932 simul
1576 4920 1590 4943 ,
1637 4880 1763 4947 quia
1792 4880 2076 4950 parturivit
2100 4890 2155 4937 et

585 4961 793 5029 peperit
823 4961 951 5035 Sion
985 4964 1184 5019 liberos
1218 4980 1362 5021 suos.
1404 4984 1422 5017 ι
1470 4966 1598 5032 Quis
1625 4968 1767 5022 enim
1796 4968 2018 5034 audivit,
2076 4958 2177 5023 in?

583 5049 724 5120 quit,
750 5049 972 5120 velquis
996 5054 1129 5108 vidit
1169 5064 1388 5123 terram,
1424 5057 1508 5111 vel
1534 5060 1807 5128 regionem
1828 5068 2014 5125 totam,
2045 5077 2156 5118 uno

584 5138 672 5194 die
702 5140 1093 5209 germinantem
1112 5156 1205 5199 eos
1231 5146 1320 5214 qui
1351 5162 1470 5200 eam
1508 5148 1728 5217 implere
1748 5149 1996 5205 valeant?
2015 5149 2151 5205 Num

582 5232 725 5287 enim
756 5232 940 5295 semel,
980 5234 1157 5301 idest,
1196 5237 1358 5307 912
1384 5255 1488 5295 uno
1539 5251 1812 5297 momento
1873 5258 2005 5313 gens
2046 5252 2153 5299 tota

586 5340 824 5395 unquam
847 5332 969 5380 nata
990 5328 1109 5381 est?
1138 5328 1207 5381 At
1234 5332 1332 5396 sic,
1372 5332 1563 5402 inquit,
1598 5353 1617 5385 ι
1653 5333 1778 5389 Sion
1834 5337 2042 5405 peperit
2088 5338 2152 5390 li-

585 5416 743 5474 beros
762 5433 910 5475 suos.
950 5438 969 5473 ›
1002 5419 1211 5474 Etenim
1242 5438 1346 5477 uno
1379 5425 1464 5479 die
1495 5427 1593 5480 tria
1658 5426 1821 5481 millia
1847 5429 2150 5484 animarum

587 5508 789 5577 adjecta
815 5526 959 5579 esse,
992 5522 1045 5567 et
1075 5513 1409 5582 spiritualem
1465 5519 1923 5583 regenerationem
1955 5536 2052 5589 per
2088 5521 2149 5575 ti-

586 5596 707 5653 dem
742 5608 795 5654 et
831 5614 1231 5660 sacrosancmm
1277 5604 1541 5675 baptisma
1584 5611 1883 5678 suscepisse
1919 5630 1930 5665 :
1969 5613 2150 5680 quidni

2279 1967 2429 2032 Θεὸν,
2452 1969 2601 2039 διεκή
2611 1985 2800 2038 ρυττον
2820 1969 2978 2022 αὐτὸν
2998 1969 3049 2022 οἱ
3071 1969 3344 2022 θεσπέσιοι
3373 1965 3615 2036 μαθηταὶ
3632 1965 3861 2031 προσλα-

2278 2060 2493 2123 λοῦντες
2516 2060 2708 2122 ἅπασι,
2738 2060 2829 2113 καὶ
2854 2063 2965 2123 τοῖς
2987 2060 3431 2131 πεπαρῳνηκόσι,
3450 2058 3545 2111 καὶ
3572 2055 3858 2118 καλοῦντες

2279 2152 2358 2213 εἰς
2394 2150 2752 2221 μετάγνωσιν,
2794 2152 2886 2203 καὶ
2924 2153 3004 2214 είς
3030 2149 3303 2220 σωτηρίαν
3336 2149 3436 2219 τὴν
3473 2148 3565 2201 διὰ
3600 2148 3853 2209 πίστεως,

2280 2242 2372 2295 καὶ
2405 2244 2483 2306 είς
2520 2244 2712 2310 ἄφεσιν
2749 2241 3033 2313 ἁμαρτιῶν
3063 2240 3161 2311 τὴν
3189 2240 3277 2294 διὰ
3309 2240 3402 2293 τοῦ
3440 2240 3601 2306 ἁγίου
3636 2238 3808 2307 βαπτί
3832 2265 3855 2275 -

2280 2344 2505 2396 σματος.
2535 2331 2676 2399 Ἔφη
2721 2330 2831 2400 γὰρ
2872 2333 2900 2383 ὁ
2943 2329 3185 2399 Πέτρος’
3247 2348 3265 2379 ι
3295 2329 3405 2381 Καὶ
3448 2327 3566 2389 νῦν,
3616 2327 3849 2393 ἀδελςοᾎ

2277 2412 2413 2481 οἶδα,
2472 2419 2552 2470 ὅτι
2610 2418 2751 2473 κατὰ
2803 2420 3023 2487 ἄγνοιαν
3079 2418 3374 2490 ἐπράξατε,
3435 2417 3626 2486 ὥσπερ
3660 2418 3754 2468 καὶ
3803 2417 3850 2468 οξ

2278 2508 2535 2578 ἄρχοντες
2576 2510 2750 2579 ὑμῶν.
2802 2541 2874 2552 -
2914 2512 3300 2581 Μετανοήσατε
3344 2505 3459 2572 οὖν,
3510 2509 3609 2563 καὶ
3660 2510 3850 2578 βαπτι-

2279 2597 2460 2669 σθήτω
2517 2600 2748 2665 ἕκαστος
2786 2602 2940 2672 ὑμῶν
2984 2603 3076 2654 ἐπὶ
3118 2602 3197 2673 τῷ
3232 2603 3455 2673 ὀνόματι
3504 2600 3683 2670 Ἰησοῦ
3722 2601 3852 2670 Χρι-

2279 2689 2426 2751 στοῦ,
2445 2690 2537 2742 καὶ
2555 2690 2788 2759 λήψεσθε
2815 2693 2915 2762 τὴν
2939 2692 3144 2761 δωρεὰν
3166 2691 3259 2744 τοῦ
3281 2692 3436 2759 ἁγίου
3465 2691 3798 2759 Πνεῦματος.
3826 2708 3842 2739 ι

2288 2782 2471 2849 ’Υμῶν
2508 2782 2616 2853 γάρ
2662 2786 2797 2836 εἰσιν
2844 2786 2897 2837 αἱ
2945 2784 3286 2852 ἐπαγγελίαι,
3336 2784 3430 2835 καὶ
3483 2786 3597 2845 τοῖς
3646 2782 3849 2842 τέκνοις

2277 2870 2450 2940 ὑμῶν.
2487 2872 2671 2924 Ταῦτα
2699 2873 2951 2941 λέγοντος
2982 2874 3076 2927 τοῦ
3111 2874 3397 2927 Θεσπεσίου
3434 2874 3640 2941 Πέτρου
3691 2888 3849 2923 πεπι-

2278 2963 2533 3016 στεύκασι
2568 2965 2773 3020 πολλοί.
2830 2967 3141 3038 Γέγραπται
3187 2967 3317 3036 γοῦν
3354 2969 3411 3019 ὲν
3453 2969 3573 3028 ταῖς
3622 2964 3849 3032 Πράξεσι

2274 3052 2383 3105 τῶν
2446 3054 2614 3122 ἁγίων
2671 3057 3006 3123 ἀποστόλων,
3076 3059 3159 3111 ὅτι
3223 3056 3635 3128 προσετέθησαν
3679 3056 3739 3106 ὲν
3785 3056 3847 3122 τῇ

2275 3145 2457 3217 ἡμέρᾳ
2485 3148 2665 3220 ἐκείνῃ
2694 3148 2861 3218 ψυχαὶ
2902 3149 3034 3202 ὡσεὶ
3067 3149 3379 3220 τρισχίλιαι.
3436 3146 3848 3200 Διατετελέκασι

2199 3230 2243 3288 C
2271 3237 2450 3289 τοίνυν
2499 3239 2546 3290 οί
2593 3238 2867 3293 θεσπέσιοι
2922 3241 3163 3311 μαθηταὶ
3207 3240 3580 3309 νουθετοῦντες
3624 3240 3750 3300 τοὺς
3794 3237 3848 3301 ἐξ

2285 3327 2498 3397 Ἰσραὴλ
2539 3330 2928 3400 σαγηνεύοντες
2961 3333 3041 3393 είς
3074 3331 3290 3385 πίστινο
3335 3324 3452 3384 εἶτα
3498 3330 3695 3400 χρόνου
3741 3330 3849 3381 δια-

2270 3418 2570 3485 γεγονότος,
2625 3421 2895 3492 ἐπηνέχθη
2956 3422 3138 3475 λοιπὸν
3188 3426 3254 3493 τῇ
3308 3440 3365 3475 τε
3420 3424 3529 3475 τῶν
3588 3421 3851 3474 Ἰουδαίων

2270 3507 2443 3580 χώρᾳ,
2474 3512 2568 3564 καὶ
2599 3512 2783 3576 αὐτοῖς
2808 3512 2865 3565 δὲ
2895 3516 3006 3577 τοῖς
3043 3513 3437 3585 Ἰεροσολύμοις
3480 3514 3551 3567 τὰ
3594 3514 3656 3565 ὲκ
3705 3513 3848 3573 θεέας

2268 3602 2462 3673 ὀργῆς,
2500 3600 2577 3667 ὡς
2615 3604 3017 3675 είσσεόηκότων
3046 3607 3171 3678 ἤδη,
3220 3607 3313 3660 καὶ
3356 3606 3717 3675 κεκλημένων
3746 3605 3847 3657 τῶν

2270 3693 2707 3763 ἐπιεικεστέρων,
2737 3690 2880 3767 ἦσαν
2908 3696 2965 3749 δὲ
2997 3689 3142 3750 οὗτοι
3171 3697 3231 3750 τὸ
3258 3697 3612 3766 κατάλειμμα
3632 3714 3647 3727 ’
3697 3695 3845 3749 τοῦτο

2268 3780 2505 3835 διδάσκει
2559 3782 2754 3850 λέγων·
2826 3785 3005 3854 «Πρὶν
3062 3785 3094 3855 ἢ
3154 3787 3253 3855 τὴν
3298 3785 3597 3839 ὠδίνουσαν
3648 3788 3841 3846 τεκεῖν,

2271 3872 2399 3942 πρὶν
2452 3872 2626 3926 ἐλθεῖν
2666 3875 2757 3927 τὸν
2803 3876 2965 3929 πόνον
3016 3877 3125 3929 τῶν
3180 3876 3386 3929 ὠδίνων
3433 3877 3688 3944 ἐξέφυγε,
3758 3876 3843 3928 καὶ

2269 3961 2452 4014 ἔτεκεν
2486 3963 2670 4030 ἄρσεν.
2696 3982 2713 4012 ι
2756 3964 2891 4033 Πρὶν
2932 3966 3041 4035 γὰρ
3084 3967 3371 4037 ἐπιστῆναι
3414 3967 3481 4018 τὰ
3524 3967 3697 4023 δεινὰ,
3754 3967 3841 4018 καὶ

2267 4049 2377 4106 οἷόν
2404 4071 2556 4116 τινας
2584 4055 2787 4124 πικρὰς
2813 4055 3006 4117 ὠδῖνας
3040 4057 3139 4120 τὰς
3185 4061 3248 4109 ἐκ
3293 4057 3386 4109 τοῦ
3425 4057 3667 4125 πολέμου
3705 4073 3840 4125 συμ-

2270 4147 2443 4216 φορὰς
2477 4148 2825 4217 κατασκῆψαι
2861 4149 2959 4218 τῆς
2989 4149 3361 4219 Ἰερουσαλὴμ,
3397 4150 3655 4217 ἐξέφυγε,
3691 4164 3839 4201 τουτ-

2268 4237 2401 4296 έστι,
2435 4239 2540 4309 πρὸ
2569 4239 2658 4292 τοῦ
2681 4240 2925 4293 κινδύνου
2953 4240 3137 4293 ἔτεκεν
3180 4242 3365 4312 ἄρσεν,
3406 4242 3433 4293 ὅ
3470 4244 3588 4293 ἐστι
3651 4240 3837 4311 κύημα

2266 4331 2427 4383 καλὸν
2480 4332 2571 4385 καὶ
2600 4333 2926 4403 τριπόθητον
2956 4350 2969 4363 ⁸
2993 4337 3113 4396 ταῖς
3145 4334 3253 4405 γὰρ
3282 4334 3593 4397 τικτούσαις
3622 4336 3837 4405 cippst-

2263 4424 2419 4476 τοκία
2458 4424 2657 4494 μᾶλλον
2686 4424 2914 4496 θατέρου
2944 4427 3304 4495 προτέτακται
3329 4444 3343 4457 ο
3449 4428 3593 4496 τάχα
3626 4444 3727 4479 που
3753 4426 3833 4480 καὶ

2267 4517 2430 4589 ἄρσεν
2446 4517 2506 4569 τὸ
2521 4516 2711 4586 τεχθέν
2727 4533 2741 4548 ο
2762 4518 2822 4571 οὐ
2843 4518 2952 4588 γὰρ
2974 4518 3261 4588 θηλύνεται
3282 4519 3417 4589 πρὸς
3446 4520 3821 4589 μαλακισμοὺς

2266 4610 2294 4660 ὁ
2327 4610 2385 4660 ὲν
2423 4608 2643 4679 Χριστῷ
2671 4609 2817 4673 λαός.
2852 4611 3108 4681 Φρόνημα
3147 4611 3254 4681 γὰρ
3291 4612 3667 4681 ἀνδροπρεπές
3694 4614 3830 4663 ἐστιν

2264 4701 2322 4754 έν
2358 4700 2504 4772 αὐτῷ
2560 4702 2655 4757 καὶ
2681 4702 2945 4765 νεανικὸν,
2992 4703 3087 4757 καὶ
3125 4704 3311 4758 τούτου
3353 4705 3567 4774 μάρτυς
3605 4705 3636 4755 ὁ

2263 4810 2378 4864 ριος
2418 4792 2627 4856 Παῦλος
2673 4794 2936 4864 γράφων·
2996 4796 3097 4848 «Οἱ
3142 4794 3199 4847 δὲ
3237 4794 3330 4847 τοῦ
3373 4794 3548 4865 Ἰησοῦ
3602 4792 3827 4864 Χριστοῦ

2257 4883 2355 4954 τὴν
2385 4882 2562 4954 σάρκα
2594 4885 2965 4956 ἐσταύρωσαν,
3001 4887 3097 4939 σὺν
3124 4889 3236 4949 τοῖς
3262 4885 3548 4956 παθήμασι
3601 4887 3693 4938 καὶ
3720 4886 3827 4945 ταῖς

2257 4974 2593 5045 ἐπιθυμίαις.
2621 4994 2639 5028 ι
2671 4970 2804 5029 Εἶτα
2842 4978 2942 5048 τῆς
2969 4977 3118 5040 θείας
3149 4977 3427 5047 δυνάμεως
3464 4977 3566 5049 τὴν
3606 4976 3823 5047 ὑπερϐο-

2255 5061 2370 5134 λὴν,
2403 5064 2477 5128 ὡς
2509 5067 2883 5137 ὲνεργησάσης
2903 5068 3192 5131 καὶτοῦτο,
3219 5068 3350 5121 πολὺ
3383 5068 3568 5137 θαῦμα
3601 5072 3821 5121 ποιεῖται

2255 5155 2447 5223 λέγων·
2507 5176 2525 5208 ‹
2554 5157 2650 5220 Τίς
2700 5156 2944 5227 ἑώρακεν
2988 5157 3190 5223 οὖτωςς
3245 5160 3293 5211 εἰ
3341 5158 3498 5211 ὥδινε
3537 5160 3607 5226 γῆ
3648 5161 3705 5210 ἐν
3734 5158 3821 5227 μιᾷ

2247 5248 2448 5319 ἡμέρᾳ,
2483 5248 2516 5319 ἢ
2548 5250 2641 5301 καὶ
2667 5249 2859 5319 ἐτέχθη
2913 5249 3063 5313 ἔθνος
3117 5249 3370 5313 εἰσάπαξ,
3409 5251 3491 5302 ὅτι
3536 5248 3692 5302 ὢδινε
3737 5248 3818 5300 καὶ

2249 5337 2399 5391 ἔτεκε
2428 5338 2566 5391 Σιὼν
2593 5339 2662 5392 τὰ
2697 5339 2880 5392 παιδία
2917 5340 3088 5409 αὐτῆς
3110 5358 3123 5405 ;
3146 5359 3163 5392 ι
3211 5339 3307 5404 Τίς
3348 5339 3456 5410 γὰρ
3494 5342 3523 5392 ὁ
3564 5340 3813 5401 ἀκούσας,

2250 5431 2435 5501 φησὶν,
2466 5431 2500 5501 ἢ
2548 5431 2633 5495 τίς
2682 5431 2894 5502 ἑώρακε
2940 5432 3063 5504 γῆν,
3111 5433 3229 5503 ἦτοι
3281 5432 3461 5503 χώραν
3513 5433 3810 5501 ὁλόκληρον,

2250 5521 2736 5593 ἁναϐλαστήσασαν
2767 5524 2825 5577 ἐν
2862 5524 3046 5595 ἡμέρα
3083 5525 3180 5594 μιᾷ
3207 5524 3333 5587 τοὺς
3359 5523 3647 5594 πληρῶσαι
3667 5523 3803 5576 δυνασ

2253 5612 2444 5681 μένους
2470 5614 2670 5684 αὖτήν;
2707 5609 2849 5686 ’Ἃρα
2878 5613 2983 5685 γὰρ
3013 5614 3259 5682 εἰσάπαξ,
3300 5615 3597 5679 τουτέστιν,
3643 5614 3728 5683 ὑφ’
3758 5611 3809 5665 ἒν

662 5771 706 5857 ξ’
731 5774 848 5830 Act.
878 5790 957 5842 lli,
994 5777 1077 5831 Π.
1155 5780 1197 5810 ⁹²
1219 5778 1338 5835 Act.
1368 5796 1427 5848 ll,
1456 5780 1544 5837 58.
1620 5783 1663 5813 9’
1696 5782 1823 5839 ibid.
1851 5785 1937 5838 41.
2016 5787 2058 5817 ⁹⁵
2080 5785 2249 5841 Gulul.
2279 5801 2329 5849 γ,
2369 5788 2455 5843 2i.
