4148 6542
560 421 585 475 1
597 420 699 475 459

1546 418 1604 473 S.
1645 418 1925 474 CYRILLI
1965 416 2440 473 ALEXANDRINI
2479 417 2805 476 ARCIHEP.

3748 234 3774 264 Ι

3689 415 3841 472 1140

564 544 810 590 nostrum
830 533 1013 591 Iesum
1051 534 1325 591 Christum
1351 538 1667 608 porrigitur,
1694 541 1743 592 td
1777 549 1878 604 est,
1908 548 2058 593 tener
2095 549 2147 593 et

2261 537 2387 609 πρὸς
2419 538 2589 608 αὐτὴν
2629 538 2721 591 καὶ
2751 538 2810 591 ἐν
2842 539 2907 607 τῇ
2935 536 3041 589 τῶν
3079 534 3384 606 ’ᾼσμάτων,
3430 534 3512 588 ὅτι
3557 552 3577 585 ι
3613 533 3841 596 ’Δγαθοί

565 625 793 694 simplex
815 641 997 682 sermo
1035 629 1407 685 catecheseos.
1440 628 1535 683 Sic
1561 631 1705 683 enim
1756 630 1954 685 Paulus
1978 647 2144 701 quos-

564 716 686 770 dam
719 717 1021 786 alloquens,
1047 718 1156 773 ait:
1199 737 1217 770 ι
1248 718 1356 774 Lac
1382 720 1537 775 vobis
1567 720 1633 775 ad
1678 722 1973 790 potandum
1998 722 2139 786 dedi,

568 826 675 865 non
712 810 912 865 cibum.
939 809 1187 866 Nondum
1218 812 1361 866 enim
1386 813 1665 882 poteratis,
1698 814 1791 869 sed
1826 828 1924 868 nec
1971 815 2145 871 adhuc

571 899 789 968 quidem
819 900 1104 966 potestis‘.
1133 919 1150 951 ι
1189 900 1340 968 Quod
1368 909 1546 956 autem
1577 920 1679 958 non
1718 918 1934 973 semper
1968 905 2146 959 infan-

570 998 652 1044 tes
683 999 738 1043 et
762 1004 882 1045 esse
914 998 970 1044 ct
987 990 1156 1045 videri
1195 993 1482 1046 conveniat
1510 1007 1625 1055 eos,
1648 994 1738 1062 qui
1785 992 1950 1048 semel
1997 1002 2145 1048 cate-

569 1081 790 1134 cln-seos
815 1096 1118 1136 sermonem
1141 1081 1428 1147 imbibunt,
1458 1084 1621 1138 sedin
1647 1085 1819 1136 virum
1848 1082 2142 1152 perfectum

568 1180 621 1226 et
657 1172 708 1225 in
745 1187 1052 1226 mensuram
1082 1172 1257 1227 aetatis
1286 1173 1629 1243 plenitudinis
1660 1173 1858 1228 Christi
1918 1176 2147 1229 evadere

570 1266 883 1331 oporteat',
921 1272 978 1316 ut
1008 1274 1253 1319 exactam
1286 1274 1341 1320 et
1384 1266 1711 1334 exquisitam
1741 1264 1857 1334 ejus
1883 1266 2150 1335 cognitio-

573 1371 697 1409 nem
725 1356 979 1426 deinceps
1033 1365 1456 1427 consequantur,
1485 1357 1688 1421 docuit,
1727 1372 1849 1411 cum
1908 1357 2104 1424 adjecit
2133 1376 2148 1413 :

578 1466 598 1501 ι
638 1447 1030 1517 υι,ι)οδιίμιοηι
1051 1449 1330 1510 suxeritis,
1357 1447 1694 1502 delectemini
1720 1448 1939 1503 introitu
1971 1447 2154 1517 gloria:

569 1538 705 1608 ejus.
746 1557 764 1591 ι
796 1538 893 1594 Ubi
932 1539 1208 1606 suxeritis,
1236 1540 1385 1603 dicit,
1428 1555 1547 1608 pro.
1578 1554 1697 1592 cum
1716 1540 1785 1595 ab
1815 1541 2070 1595 uberibus
2096 1548 2153 1595 et

572 1646 805 1686 mamma
844 1631 1103 1686 abstrami
1153 1632 1307 1694 estis,
1359 1630 1441 1685 vel
1494 1646 1616 1685 cum
1640 1632 1891 1686 ablactati
1920 1632 2071 1697 estis,
2101 1632 2152 1688 id

571 1727 657 1771 est
684 1733 698 1768 :
731 1732 837 1771 non
865 1716 1096 1773 infantes
1125 1718 1373 1783 manetis,
1394 1719 1484 1774 sed
1516 1719 1660 1773 velut
1688 1720 1741 1774 in
1782 1720 2005 1789 ephebis
2039 1719 2151 1787 jam

573 1816 631 1862 et
649 1808 777 1863 viris
812 1811 1266 1873 numerantini,et
1306 1810 1539 1865 solidum
1590 1811 1771 1865 cibum
1813 1821 2149 1881 expetentes.

2248 629 2444 700 μαστοί
2471 647 2566 683 σου
2600 630 2741 701 ὑπὲρ
2768 624 2929 683 οἶνον.
2963 648 2982 680 ι
3019 626 3218 699 Πρώτη
3261 627 3317 680 δὲ
3352 628 3567 691 πάντως
3600 629 3714 689 τοῖς
3740 627 3840 697 τὴν

2248 722 2434 775 πίστιν
2472 721 2853 794 προσιεμένοις
2887 720 2986 791 τὴν
3029 721 3111 784 εἰς
3138 719 3229 773 τὸν
3263 717 3394 772 Θεὸν
3431 718 3591 789 ήμῶν
3627 717 3841 788 Ἰησοῦν

2245 810 2335 863 τὸν
2374 810 2608 880 Χριστὸν
2642 808 3023 881 νηπιοπρεπής
3060 807 3396 877 προσάγεται
3420 804 3603 876 τροφὴ
3627 846 3643 871 ,
3679 822 3843 858 τουτ-

2245 902 2426 967 ἐστιν,
2486 903 2515 954 6
2565 901 2837 973 τρυφερὸς
2904 900 3000 954 καί
3047 897 3254 961 ἁπλοῦς
3315 897 3417 965 τῆς
3475 896 3843 966 κατηχήσεως

2243 993 2400 1062 λόγος
2424 1008 2439 1022 ·
2482 992 2627 1046 οὕτω
2665 993 2774 1062 γάρ
2816 1009 2921 1045 που
2949 991 3043 1045 καὶ
3082 992 3113 1044 6
3147 988 3359 1052 Παῦλος
3395 986 3844 1059 προσπεφώνηκέ

2241 1100 2415 1149 τισιν,
2450 1081 2642 1136 εἰπών·
2681 1102 2699 1136 ι
2726 1082 2870 1136 Γάλα
2902 1082 3046 1151 ὑμᾶς
3065 1081 3311 1144 ἐπότισα,
3341 1079 3403 1133 οὐ
3430 1078 3632 1149 βρῶμα
3653 1094 3668 1110 ο
3689 1078 3847 1131 οὔπω

2246 1176 2355 1246 γάρ
2377 1176 2664 1246 ἠδύνασθε,
2698 1175 2816 1228 ἀλλ’
2843 1174 2965 1228 οὐδὲ
3003 1172 3086 1226 ἐτι
3114 1172 3212 1226 νῦν
3251 1171 3499 1228 δύνασθε.
3532 1190 3554 1223 ι
3611 1173 3741 1225 Ὀτι
3790 1172 3844 1223 δέ

2246 1268 2347 1321 οὐκ
2379 1266 2469 1320 ἀεὶ
2493 1265 2720 1337 νηπίους
2745 1282 2807 1319 τε
2845 1260 2987 1318 εἶναι
3024 1264 3120 1318 καὶ
3172 1262 3405 1335 ὁρᾶσθαι
3444 1262 3677 1333 πρέπει,
3715 1262 3843 1322 τοὺς

2247 1358 2407 1430 οἵπερ
2437 1357 2504 1412 ἂν
2534 1358 2673 1420 ὅλως
2699 1357 2790 1410 τὸν
2814 1356 2916 1426 τῆς
2941 1355 3302 1425 κατηχήσεως
3337 1354 3621 1407 ἐκπίνουσι
3660 1352 3840 1419 λόγον,

2249 1450 2452 1519 χρῆναι
2483 1447 2541 1501 δὲ
2586 1446 2786 1517 μᾶλλον
2818 1446 3139 1519 άναφοιτᾷν,
3172 1445 3268 1498 καὶ
3298 1446 3379 1509 εἰς
3406 1443 3577 1514 ἄνδρα
3610 1442 3840 1502 τέλειον,

2250 1542 2345 1594 καὶ
2373 1541 2455 1604 εἰς
2478 1539 2676 1612 μέτρον
2701 1538 2916 1610 ήλικίας
2938 1538 3031 1591 τοῦ
3054 1536 3423 1608 πληρώματος
3450 1534 3544 1590 τοῦ
3574 1533 3840 1607 Χριστοῦ,

2252 1633 2338 1686 ἵνα
2389 1631 2480 1684 τὸν
2535 1630 2742 1702 ἁκριδῆ
2787 1630 2883 1682 καὶ
2929 1627 3297 1698 ἐξητασμένον
3345 1627 3433 1680 ἐπ’
3477 1625 3627 1696 αὐτῷ
3683 1624 3842 1690 λόγον

2252 1721 2491 1776 συνιέναι
2516 1720 2779 1773 δύνωνται
2805 1718 3013 1782 λοιπὸν,
3048 1716 3254 1782 ἐδίδαξε
3292 1714 3605 1782 προστιθείς
3631 1730 3647 1743 ο
3680 1732 3699 1763 r
3727 1713 3844 1764 Ἵνα

2252 1814 2657 1884 ἐκθηλάσαντες
2686 1812 3029 1884 τρυφήσητε,
3055 1811 3163 1865 ἀπὸ
3191 1809 3395 1863 εἰσόδου
3424 1806 3583 1878 δόξης
3611 1804 3839 1875 αὐτῆς.»

575 1899 973 1955 delectabimini
1026 1904 1245 1958 introitu
1303 1903 1485 1971 gloria:
1532 1904 1669 1973 ejus.
1714 1903 1951 1961 Gloriam
1995 1914 2154 1959 vocat

2261 1907 2329 1960 Τὸ
2376 1882 2778 1977 ἐκθηλάσαντες
2824 1882 2882 1956 δέ
2911 1919 3096 1972 φησιν,
3134 1900 3258 1954 ἀντί
3299 1897 3418 1963 τοῦ,
3466 1896 3693 1968 μαστῶν
3740 1894 3845 1960 ἔξω

575 1989 884 2058 Christum;
914 1992 991 2048 sic
1016 1995 1160 2047 enim
1192 2004 1246 2049 et
1287 1992 1496 2050 Psaltes
1533 1999 1599 2051 de
1662 2010 1725 2051 eo
1758 2011 1771 2047 :
1828 2014 1846 2048 ι
1889 1996 1955 2053 Ut
2001 1996 2155 2051 habi-

578 2091 655 2138 tet
677 2084 847 2155 gloria
880 2085 934 2138 in
968 2093 1109 2139 terra
1143 2096 1324 2140 nostra
1344 2087 1385 2140 ³.
1409 2104 1426 2137 ›
1457 2087 1735 2141 introitum
1767 2103 1915 2152 vero,
1935 2088 2153 2158 dispert-

576 2176 806 2231 sationis
843 2177 895 2231 in
938 2191 1106 2232 carne
1159 2179 1497 2249 mysterium.
1557 2179 1696 2234 Deus
1747 2180 1892 2234 enim
1939 2190 2153 2244 natura,

576 2265 756 2321 factus
787 2276 871 2320 est
901 2267 1083 2334 homo,
1111 2277 1165 2321 et
1193 2267 1338 2321 velut
1377 2268 1654 2337 ingressus
1692 2279 1775 2323 est
1816 2268 1957 2323 hunc
1999 2284 2156 2322 mun-

577 2357 704 2411 dum
730 2366 952 2426 propter
976 2358 1422 2413 incarnationem.
1457 2359 1800 2414 Delectantur
1851 2359 2015 2430 igitur
2063 2359 2154 2428 qui

577 2455 721 2510 hunc
755 2465 1059 2507 sermonem
1081 2451 1147 2506 de
1175 2450 1264 2506 illo
1286 2450 1350 2504 ad
1380 2450 1610 2521 ungueni
1659 2461 1866 2519 tenent,
1889 2464 1943 2509 et
1966 2472 2156 2525 quem-

576 2545 866 2601 admodum
916 2543 969 2598 in
1014 2543 1206 2599 orbem
1245 2542 1462 2598 intrarit
1486 2546 1737 2614 gloria,id
1759 2557 1863 2612 est,
1884 2547 2156 2619 Christus,

579 2643 935 2704 cognoscunt.
964 2632 1258 2701 Propterea
1281 2642 1337 2688 et
1385 2633 1599 2690 divinus
1649 2637 1911 2706 propheta
1972 2642 2155 2696 statim

574 2734 632 2781 et
662 2740 693 2781 e
724 2724 953 2795 vestigio
984 2725 1373 2793 apparitionem
1404 2727 1521 2797 ejus
1562 2743 1683 2783 cum
1732 2744 1893 2784 carne
1929 2731 2156 2785 manife-

578 2827 717 2873 stam
745 2832 810 2872 ac
843 2817 1186 2887 perspicuam
1224 2818 1374 2873 facit.
1408 2818 1701 2875 Personam
1741 2822 1885 2876 enim
1916 2823 2033 2892 ejus
2076 2823 2157 2879 lo-

578 2917 833 2977 quentem
866 2908 994 2965 facit
1022 2927 1036 2963 :
1070 2928 1088 2961 ι
1124 2909 1263 2965 Ecce
1290 2909 1502 2966 declino
1532 2910 1585 2964 in
1632 2925 1727 2967 eos
1768 2920 2026 2983 tanquam
2061 2914 2161 2969 ilu-

580 3015 703 3055 men
736 3001 902 3071 pacis,
926 3000 1091 3072 914
1119 3013 1172 3056 et
1224 3011 1476 3072 tanquam
1542 3014 1750 3058 torrens
1798 3005 1888 3074 qui
1937 3005 2162 3060 inundat

578 3091 806 3160 gloriam
824 3093 1086 3162 gentium.
1131 3113 1149 3145 ι
1189 3092 1412 3148 Flumen
1452 3094 1615 3164 igitur
1650 3097 1797 3163 pacis
1845 3105 1901 3152 et
1950 3108 2161 3153 torrens

580 3183 896 3239 deliciarum
929 3193 1032 3251 est,
1053 3184 1323 3240 Christus.
1351 3185 1443 3241 Sic
1464 3188 1610 3243 enim
1632 3188 1779 3244 illum
1814 3188 2028 3243 divinus
2056 3189 2160 3243 Da-
2188 3210 2235 3273 ρ

581 3276 673 3332 vid
705 3285 1049 3342 vocat,.cum
1104 3276 1283 3346 inquit
1314 3294 1329 3331 :
1367 3296 1386 3329 ι
1451 3277 1625 3344 Quam
1662 3278 2018 3349 multiplicata
2078 3289 2165 3338 est

581 3366 956 3424 misericordia
1026 3376 1148 3432 tua,
1232 3383 1267 3423 ο
1322 3367 1499 3424 Deus!
1559 3368 1683 3425 Filii
1747 3371 2030 3426 hominum
2109 3374 2161 3429 in

581 3456 897 3513 umbraculo
983 3458 1190 3513 alarum
1267 3467 1478 3514 tuarum
1566 3462 1883 3531 sperabunt.
1922 3462 2165 3519 Inebria-

582 3549 786 3604 buntur
824 3548 892 3602 ab
954 3550 1199 3603 ubertate
1266 3549 1456 3604 domus
1491 3559 1615 3618 tute,
1673 3560 1729 3608 et
1779 3562 2018 3609 torrente
2073 3569 2168 3610 vo-

584 3639 811 3708 luptatis
836 3646 940 3694 tua:
1009 3638 1223 3709 potabis
1266 3654 1360 3695 eos
1389 3640 1430 3695 ⁸.
1470 3657 1490 3692 ι
1547 3641 1613 3695 Et
1652 3642 1887 3698 iterum:
1960 3662 1981 3697 ι
2036 3645 2166 3701 Flu-

585 3731 751 3787 minis
830 3730 1064 3801 impetus
1120 3732 1356 3787 lmtilicat
1416 3732 1691 3789 civitatem
1747 3734 1839 3790 Dei
1874 3737 1916 3789 ⁸.
1979 3755 1999 3791 ι
2060 3738 2166 3793 De-

584 3820 809 3876 clinavit
834 3835 961 3876 vero
985 3829 1039 3877 et
1070 3821 1361 3878 uberrimis
1400 3822 1593 3879 rivulis
1636 3824 1914 3880 inundavit
1937 3825 2166 3896 gloriam

587 3911 848 3981 gentium,
873 3910 925 3965 id
955 3920 1059 3975 est,
1083 3912 1227 3981 quod
1265 3920 1353 3966 est
1388 3911 1534 3968 inter
1561 3922 1751 3984 gentes
1784 3914 2084 3984 pretiosum
2116 3926 2170 3973 et

585 4001 808 4055 omnino
845 4000 1163 4070 gloriosum.
1214 3998 1332 4056 Non
1386 4002 1532 4058 enim
1569 4018 1760 4060 omnes
1798 4006 2168 4073 crediderunt,

588 4106 765 4161 neque
787 4091 957 4162 gloria
984 4091 1158 4148 evecti
1181 4101 1328 4161 sunt,
1361 4093 1456 4149 sed
1473 4102 1533 4149 ut
1555 4093 1754 4151 Paulus
1800 4096 1932 4152 dicit
1968 4098 2033 4152 de
2060 4099 2170 4155 Deo

587 4192 644 4237 et
669 4182 830 4237 Patre
862 4200 876 4237 :
915 4201 934 4235 ι
967 4183 1114 4249 Quos
1165 4184 1457 4252 praescivit,
1500 4193 1556 4241 et
1624 4187 2026 4256 praedestinavit
2049 4204 2175 4244 con-

590 4272 792 4329 formes
808 4273 924 4327 ﬁeri
960 4273 1211 4342 imaginis
1252 4273 1373 4329 Filii
1407 4276 1516 4341 sui,
1553 4276 1650 4330 hos
1677 4287 1732 4332 et
1771 4282 2001 4334 vocavit.
2025 4281 2172 4348 Quos

592 4364 828 4426 vocavit,
850 4378 945 4419 eos
970 4373 1026 4419 et
1047 4364 1364 4434 gloriﬁcavit
1398 4368 1440 4424 ⁸.
1477 4366 1646 4422 ιϐιιιιι
1672 4370 1821 4435 dicit,
1855 4390 1874 4423 ι
1897 4370 2167 4440 Declina,»

596 4455 726 4511 illud
748 4455 1054 4512 subindicat
1081 4471 1096 4511 :
1136 4455 1303 4513 Recta
1320 4459 1404 4514 via
1431 4468 1488 4515 et
1513 4459 1615 4514 iter
1644 4461 1693 4515 ei
1726 4461 1825 4517 l’uit
1873 4478 1940 4517 ex
1980 4479 2176 4535 propo-

2254 2000 2348 2053 καί⁵
2408 1998 2576 2069 θηλῆς
2626 1995 2931 2066 γεγονότες,
2994 1995 3161 2062 ἤγουν
3216 1986 3844 2060 ἀπογεγαλακτισμένοι,

2253 2088 2553 2155 τουτέστιν,
2602 2087 2701 2141 οὐκ
2750 2085 2831 2140 ἔτι
2879 2086 3134 2156 μένοντες
3192 2084 3399 2150 νήπιοι,
3455 2078 3745 2141 τελοῦντες
3790 2078 3848 2130 δὲ

2255 2181 2442 2253 ὥσπερ
2474 2182 2531 2233 ἐν
2555 2180 2783 2251 ἐφήϐοις
2832 2178 2932 2250 ήδη
2976 2178 3071 2232 καί
3104 2177 3351 2247 ἀνδράσι,
3371 2173 3465 2227 καὶ
3488 2173 3590 2243 τῆς
3618 2172 3849 2241 στερεᾶς

2255 2273 2531 2343 ἐφιέμενοι
2579 2270 2808 2342 τροφῆς,
2859 2267 3237 2339 ἐντρυφύσητε
3273 2266 3382 2319 ἀπὸ
3430 2264 3641 2318 εἰσόδου
3684 2261 3847 2331 δόξης

2256 2364 2455 2434 αὐτῆς·
2498 2363 2591 2416 καὶ
2614 2360 2770 2425 δόξαν
2804 2361 2900 2432 μὲν
2932 2360 3191 2432 ὀνομάζει
3243 2358 3520 2428 Χριστὸν(
3557 2356 3708 2408 οὕτω
3740 2355 3847 2422 γάρ

2258 2471 2361 2507 που
2393 2454 2488 2505 καὶ
2516 2453 2544 2505 6
2568 2452 2799 2506 Ψάλλων
2832 2453 2966 2523 φησί
3001 2451 3130 2522 περὶ
3167 2448 3353 2514 αὐτοῦ,
3393 2468 3410 2499 ι
3437 2447 3545 2500 Τοῦ
3572 2461 3850 2513 κατασκηο

2255 2544 2427 2600 νῶσαι
2454 2542 2612 2608 δόξαν
2644 2545 2701 2596 ἐν
2727 2546 2792 2615 τῇ
2818 2545 2888 2614 γῇ
2924 2541 3082 2613 ἡμῶν
3105 2542 3153 2614 ι)
3174 2557 3187 2571 ’
3205 2540 3409 2594 εἴσοδον
3449 2538 3529 2603 δὲ,
3556 2538 3660 2606 τῆς
3708 2536 3849 2607 μετά

2258 2636 2461 2708 σαρκὸς
2517 2635 2831 2705 οἰκονομίας
2885 2634 2946 2686 τὸ
3003 2632 3302 2704 μυστήριον
3331 2647 3345 2661 ·
3379 2630 3511 2693 Θεὸς
3558 2630 3634 2681 ὣν
3689 2627 3850 2696 φύσει

2258 2726 2483 2793 γέγονεν
2543 2723 2861 2794 ἄνθρωπος,
2907 2721 3004 2774 καὶ
3054 2715 3164 2775 οἷον
3212 2718 3533 2789 εξσόέϐηκεν
3576 2719 3657 2780 εἰς
3700 2717 3851 2770 τόνδε

2259 2818 2352 2870 τὸν
2384 2818 2589 2887 κόσμον
2617 2815 2707 2869 διὰ
2738 2815 2836 2886 τήν
2868 2815 3167 2883 σάρκωσιν.
3211 2810 3553 2883 Ἐντρυφῶσί
3578 2810 3763 2861 τοίνυν
3801 2811 3851 2862 οἰ

2259 2911 2351 2965 τὸν
2401 2908 2608 2981 ἀκριϐῆ
2647 2909 2746 2978 τῆς
2788 2906 2918 2978 περί
2967 2904 3133 2958 αὐτοῦ
3182 2904 3417 2966 πίστεως
3477 2899 3679 2962 εἰδότες
3734 2898 3849 2969 [αι.

2260 3003 2479 3076 δόντες]
2513 3004 2690 3072 λόγον,
2730 3000 2827 3056 καὶ
2870 2999 2993 3055 τίνα
3041 2997 3246 3069 τρόπον
3270 2994 3592 3063 εἰσδέϐηκεν
3630 2992 3713 3054 εἰς
3756 2989 3855 3059 τὴν

2259 3095 2586 3166 οἰκουμένην
2623 3091 2827 3165 ἡδόξα,
2861 3090 3108 3144 τουτέστι
3157 3085 3417 3159 Χριστὸς,
3451 3082 3850 3154 μανθάνοντες·

2260 3189 2349 3242 διὰ
2371 3186 2532 3241 τοῦτο
2550 3186 2647 3240 καὶ
2671 3185 2701 3237 ὁ
2725 3182 3011 3246 θεσπέσιος
3038 3181 3328 3252 προφήτης
3368 3176 3549 3241 εὐθὺς,
3583 3175 3678 3228 xal.
3714 3190 3858 3244 παρ-

2265 3279 2636 3350 εξευγμένως,
2684 3277 2784 3348 τήν
2821 3276 3123 3348 ἐμφάνειαν
3154 3270 3322 3328 αὐτοῦ
3349 3269 3447 3340 τὴν
3481 3265 3620 3339 μετὰ
3649 3264 3855 3333 σαρκὸς

2265 3369 2589 3439 καθίστησιν
2623 3369 2824 3439 ἐναργῆ
2856 3383 2869 3397 ο
2909 3366 3090 3435 ἵστησι
3121 3362 3234 3433 γάρ
3267 3359 3329 3414 τὺ
3361 3357 3527 3414 αὑτοῦ
3560 3357 3858 3427 πρόσωπον

2264 3462 2535 3530 λέγοντος,
2573 3461 2656 3514 ὅτι
2702 3477 2721 3511 ι
2767 3458 2897 3512 Ἰδοὺ
2935 3456 3173 3511 ἐκκλίνω
3207 3453 3294 3507 ἐπ’
3331 3451 3550 3514 αὐτοὺς,
3579 3449 3658 3514 ὡς
3682 3466 3855 3503 ποτα-

2270 3554 2369 3623 μὸς
2409 3553 2654 3623 εἰρήνης,
2709 3550 2805 3604 καὶ
2852 3548 2928 3613 ὡς
2973 3547 3307 3620 χειμάρρους
3350 3543 3659 3609 ἐπικλύζων
3702 3543 3859 3607 δόξαν

2268 3642 2458 3699 ἐθνῶν.
2494 3661 2515 3694 ι
2550 3640 2803 3712 Ποταμὸς
2841 3639 2942 3708 μέν
2972 3635 3064 3692 οῦν
3094 3639 3337 3710 εἰρήνης,
3382 3636 3474 3690 καί
3521 3635 3861 3706 χειμάρρους

2267 3733 2500 3804 τρυφῆς,
2525 3732 2554 3784 6
2581 3730 2854 3800 Χριστὸς(
2890 3728 3033 3782 οὕτω
3061 3728 3172 3799 γὰρ
3201 3728 3363 3781 αὑτὸν
3397 3727 3491 3779 καὶ
3516 3726 3544 3778 6
3573 3724 3861 3785 θεσπέσιος

2268 3822 2434 3878 Δαδίδ
2457 3823 2713 3893 ὀνομάζει
2740 3820 2937 3889 λέγων’
2982 3838 3000 3871 ι
3037 3820 3124 3881 Ὠς
3151 3817 3460 3889 ἐπλήθυνας
3482 3816 3543 3870 τὸ
3582 3816 3734 3878 ἔλεός
3764 3832 3859 3868 σου

2269 3916 2297 3969 6
2329 3914 2490 3979 Θεόςί
2514 3914 2564 3967 οἰ
2586 3912 2642 3966 δέ
2660 3912 2764 3965 υἱοὶ
2792 3909 3243 3981 τῶνάνθρώπων,
3289 3910 3349 3962 ἐν
3375 3908 3552 3977 σκέπῃ
3579 3907 3692 3960 τῶν
3727 3923 3860 3959 πτε-

2272 4005 2456 4077 ρύγων
2499 4020 2593 4057 σου
2642 4001 2929 4057 ἐλπιοῦσιο
2980 3999 3411 4071 μεθυσθήσονται
3450 3999 3558 4052 άπὸ
3595 3997 3697 4065 τῆς
3743 3996 3861 4049 m6-

2270 4112 2433 4166 τητος
2462 4092 2559 4148 τοῦ
2585 4094 2737 4147 οἴκου
2769 4110 2885 4157 σου,
2919 4091 3015 4145 καί
3040 4091 3131 4145 τὸν
3160 4090 3497 4162 χειμάρρουν
3519 4089 3619 4160 τῆς
3649 4088 3862 4159 τρυφῆς

2273 4205 2369 4242 σου
2390 4186 2595 4250 ποτιεῖς
2628 4185 2847 4249 αὐτούς.
2876 4203 2895 4237 ι
2943 4182 3054 4239 Καὶ
3086 4182 3280 4237 πάλιν
3321 4201 3339 4233 ι
3363 4180 3469 4235 Τοῦ
3507 4180 3758 4251 ποταμοῦ
3797 4180 3863 4233 τὰ

2271 4278 2571 4349 ὁρμήματα
2609 4276 2959 4346 εὐφραίνουσι
2987 4274 3087 4344 τὴν
3121 4273 3274 4329 πόλιν
3300 4272 3395 4326 τοῦ
3423 4271 3560 4327 Θεοῦ
3590 4273 3663 4341 ›)’
3708 4272 3865 4325 ἐκκέο

2274 4368 2429 4424 κλικε
2452 4368 2527 4433 δὲ,
2557 4368 2650 4421 καὶ
2677 4362 2787 4421 οἷον
2815 4363 3316 4437 άμφιλαφεστάτοις
3336 4362 3570 4433 νάμασιν
3593 4363 3863 4416 ἐπέκλυσε

2275 4459 2382 4514 τῶν
2409 4457 2579 4513 ἐθνῶν
2607 4458 2708 4530 τὴν
2733 4458 2912 4523 δόξαν,
2936 4457 3204 4519 τουτέστι,
3233 4455 3296 4509 τδ
3326 4455 3507 4525 τίμιον
3533 4454 3645 4508 τῶν
3672 4453 3862 4515 ἐθνῶν,

592 4544 703 4602 sito
732 4553 787 4599 et
812 4544 1092 4600 voluntate
1123 4544 1318 4613 Patris,
1364 4549 1431 4602 ad
1474 4546 1771 4606 Israelitas.
1813 4550 1999 4621 Itaque
2059 4555 2161 4608 ait:

2280 4555 2399 4627 ἦτοι
2446 4553 2509 4607 τὸ
2539 4551 2928 4622 δεδοξασμένον
2962 4548 3129 4603 ἅπαν.
3191 4547 3268 4600 Οὐ
3317 4546 3427 4617 γὰρ
3467 4545 3671 4607 πάντες
3702 4561 3865 4598 πεπιο

599 4655 622 4690 ι
658 4634 773 4691 Νοη
821 4635 1018 4692 missus
1072 4652 1190 4693 sum
1239 4639 1343 4695 nisi
1403 4640 1471 4695 ad
1520 4641 1763 4710 perditas
1821 4657 1950 4700 oves
1977 4645 2171 4702 domus

592 4726 759 4781 Israel
786 4727 828 4781 ⁷.
858 4746 877 4779 ι
903 4727 1036 4783 Cum
1064 4744 1195 4785 vero
1223 4730 1297 4785 illi
1328 4730 1489 4787 ﬁdem
1553 4734 1877 4803 respuerint,
1926 4736 2169 4792 declina-

591 4815 674 4869 vit
694 4815 762 4870 ab
802 4815 929 4880 illis,
949 4816 1108 4872 sicuti
1143 4818 1404 4887 scriptum
1430 4828 1534 4883 est,
1561 4829 1619 4875 et
1659 4822 1899 4891 gentium
1951 4839 2174 4896 congre-

592 4906 862 4977 gationem
880 4922 947 4963 ex
976 4908 1149 4964 sacris
1183 4909 1367 4966 rivulis
1414 4911 1786 4969 consolatione
1830 4914 2086 4985 perfudit,
2118 4917 2174 4974 id

592 5005 697 5060 est,
723 4997 1028 5067 evangelica
1056 5008 1111 5055 et
1166 5000 1386 5056 salutari
1428 5004 1833 5072 praedicatione,
1864 5021 1962 5077 per
2009 5022 2171 5077 quam

592 5099 783 5154 pacem
814 5087 955 5155 apud
1001 5104 1122 5143 eum
1165 5090 1575 5158 lucrifecerunt,
1620 5102 1677 5149 et
1703 5109 1800 5164 per
1854 5110 2018 5167 quem
2060 5097 2173 5167 spi-

595 5172 778 5229 rituali
834 5174 1094 5233 societate
1143 5177 1417 5247 conjuncti
1467 5189 1596 5238 sunt
1631 5196 1754 5239 cum
1794 5184 1907 5241 Deo
1943 5194 2001 5242 et
2067 5185 2174 5242 Pa-

598 5276 703 5322 tre.

2281 4646 2591 4709 στεύκασιν,
2628 4643 2754 4698 οὔτε
2787 4642 2895 4713 μὴν
2921 4639 3307 4708 ἐδοξάσθησαν,
3337 4636 3454 4692 ἀλλ’
3493 4638 3570 4700 ὼς
3595 4639 3625 4690 6
3654 4636 3866 4700 Παῦλός

2279 4755 2413 4810 φησι
2452 4737 2582 4807 περί
2626 4735 2721 4788 τοῦ
2771 4733 2906 4787 Θεοῦ
2963 4733 3059 4787 κει.)⁸
3099 4730 3342 4802 Πατρὺς’,
3416 4748 3435 4781 ί
3468 4728 3576 4793 Οὓς
3617 4727 3868 4799 προέγνω

2280 4832 2377 4885 καὶ
2428 4826 2703 4901 προώρισε
2749 4823 3107 4895 συμμόρφους
3156 4821 3260 4891 τῆς
3316 4820 3524 4883 εἰκόνος
3586 4817 3684 4871 τοῦ
3737 4817 3865 4871 Υἰοῦ

2279 4920 2465 4985 αὑτοῦ,
2506 4918 2730 4981 τούτους
2774 4917 2868 4970 καί
2895 4913 3187 4968 ἐκάλεσενο
3226 4910 3320 4975 οὓς
3350 4910 3407 4964 δέ
3442 4909 3695 4970 ἐκάλεσε,
3747 4908 3867 4962 τοὺ-

2277 5026 2405 5071 τους
2441 5008 2536 5063 καὶ
2560 5007 2798 5075 ἐδόξασε.
2829 5023 2849 5057 ι
2874 5003 2947 5057 Τό
2974 5019 3037 5071 γε
3069 5003 3224 5073 μὴν,‹
3247 4998 3611 5071 Ἐκκλίνω[ν],
3633 5020 3653 5051 ι
3674 4998 3865 5067 λέγων,

2278 5098 2464 5153 δίδωσι
2497 5096 2742 5151 τοιοῦτον
2779 5096 3001 5149 ἐννοεῖν.
3055 5093 3119 5145 Ἦ
3152 5093 3250 5159 μέν
3287 5090 3398 5162 γὰρ
3439 5090 3558 5153 ὁδὸς
3590 5090 3745 5160 αὑτῷ
3777 5091 3867 5143 καί

2280 5189 2499 5260 πορεία,
2529 5188 2674 5243 κατὰ
2693 5186 2951 5258 πρόθεσιν
2975 5184 3070 5238 καὶ
3096 5182 3345 5236 εὐδοκίαν
3368 5180 3463 5234 τοῦ
3493 5182 3708 5250 Πατρὸς
3737 5180 3869 5250 πρὸς

2279 5282 2406 5345 τοὺς
2451 5280 2514 5346 ἐξ
2550 5280 2785 5350 αἵματος
2826 5276 3077 5348 Ἰσραήλ·
3128 5272 3231 5345 ἔφη
3266 5272 3396 5341 γοῦν
3424 5274 3507 5326 ὅτι
3556 5291 3574 5324 ι
3603 5272 3720 5326 Οὐκ
3763 5272 3867 5324 ἀπο

598 5357 855 5432 εστάλην,
910 5356 1071 5430 εἰμὴ
1117 5360 1199 5424 εἰς
1242 5358 1315 5414 τὰ
1362 5360 1681 5419 ἀπολωλότα
1734 5364 1983 5435 πρόϐατα
2024 5367 2175 5421 οἴκου
2227 5369 2467 5443 Ἰσραήλ.
2532 5390 2551 5424 ι
2604 5368 2827 5439 Ἐπειδὴ
2874 5367 2931 5421 δέ
2981 5364 3305 5420 ἀπεώσαντο
3344 5365 3444 5434 τὴν
3530 5362 3737 5427 πίστιν,
3783 5360 3867 5426 ἐξ·

597 5447 807 5534 ἔκλινεν
846 5448 941 5503 ἀπ’
979 5448 1157 5505 αὐτῶν
1206 5448 1348 5503 καθά
1375 5449 1726 5521 γέγραπται,
1780 5455 1875 5509 καὶ
1923 5459 2048 5521 ταῖς
2072 5456 2182 5513 τῶν
2253 5459 2426 5514 ἐθνῶν
2485 5459 2711 5529 ἀγέλαις
2740 5457 2840 5529 τὴν
2867 5458 2931 5509 ἐκ
2972 5453 3081 5508 τῶν
3115 5452 3275 5525 ἰερῶν
3306 5451 3561 5523 ναμάτων
3589 5448 3871 5539 παράκλη-

606 5531 700 5595 σιν
715 5541 1022 5611 ἐχαρίσατο,
1058 5540 1330 5608 τουτέστι,
1360 5541 1422 5595 τό
1477 5545 1833 5614 εὑαγγελικὸν
1872 5549 1965 5602 καὶ
2018 5549 2284 5620 σωτήριον
2348 5553 2635 5623 κήρυγμα,
2662 5550 2731 5605 δι’
2760 5542 2821 5602 οὗ
2851 5548 2950 5619 τὴν
3014 5545 3150 5617 πρὸς
3224 5544 3386 5597 αὑτὸν
3418 5544 3643 5615 εἰρήνην
3673 5531 3865 5613 κεκερ-

602 5632 824 5704 δήκασι,
871 5634 965 5687 καὶ
1008 5633 1075 5686 δι’
1108 5631 1273 5687 αὐτοῦ
1306 5635 1657 5709 συνήφθησαν
1709 5640 1828 5694 κατ’
1869 5640 2179 5713 οἰκειότητα
2214 5642 2315 5714 τὴν
2349 5642 2727 5716 πνευματικὴν
2754 5640 2832 5712 τῷ
2860 5638 2979 5710 Θεῷ
3008 5638 3103 5692 καὶ
3123 5637 3327 5708 Πατρί.

679 5767 697 5797 ³
725 5766 909 5843 ἔροιτ-
932 5784 1014 5843 ut,
1042 5768 1097 5843 2.
1178 5773 1198 5803 ³
1234 5770 1433 5843 Ephes.
1470 5789 1545 5843 tv,
1580 5774 1662 5830 15.
1745 5777 1763 5807 ³
1791 5776 1933 5834 Ρείιι.
1962 5795 2161 5837 Lxxxw

2261 5780 2297 5836 l.
2379 5781 2399 5814 ⁵
2429 5781 2574 5840 Psal.
2603 5797 2744 5838 xxxv
2794 5782 2830 5837 8
2873 5780 2925 5835 9.
3004 5776 3024 5808 ⁸
3052 5774 3192 5832 Psal.
3229 5788 3351 5838 XLV,
3384 5772 3432 5829 5'.
3513 5774 3534 5805 ⁸
3562 5772 3723 5828 Rom.
3749 5783 3865 5836 vm,

608 5834 701 5902 29,
725 5836 815 5892 ὅθ.
890 5839 909 5870 ⁷
944 5838 1132 5893 Matth.
1168 5856 1254 5909 κν,
1280 5834 1377 5896 ει.
