4096 6504
266 353 401 409 ull

1392 344 1459 399 ΙΝ
1503 342 1739 400 ιδΑιΑιι
1781 342 1907 397 LIB.
1942 340 2008 396 ν.
2043 339 2277 397 TOMUS
2319 340 2404 396 Vl.

3394 342 3535 400 141ιῖ

342 466 419 521 Τὰ
470 464 677 518 παιδία
729 462 927 517 αὐτῶν
973 462 1067 515 ἐπ’
1106 462 1279 532 ὤμων
1317 460 1707 530 ἀρθήσονται,
1758 460 1854 513 καί

2035 457 2197 513 Vens.
2234 456 2417 522 13,14.
2440 453 2663 510 Parvuli
2680 472 2857 510 eorum
2888 458 2942 511 in
2975 458 3209 512 humeris
3261 461 3530 530 tollentur,

263 558 363 613 ἐπὶ
393 556 618 625 γόνατα
644 553 1236 621 παρακληθήσονται.
1287 553 1383 618 Ὠς
1405 552 1462 606 ει
1492 568 1626 606 τινα
1652 550 1851 621 μήτηρ

263 644 700 715 παρακαλέσει,
775 643 968 708 οὕτως
1010 643 1174 713 κάγὼ
1227 642 1627 711 παρακαλέσω
1674 641 1848 711 ὑμᾶς.

266 740 375 794 Kal
405 738 478 792 ἐν
520 734 923 805 Ἰερουσαλὴμ
956 733 1524 802 παρακληθήσεσθε,
1575 730 1674 785 καὶ
1714 731 1853 799 ὄψε-

263 834 399 895 σθε,
432 829 531 883 καί
554 826 885 897 χαρήσεται
920 826 1083 895 ὑμῶν
1111 827 1149 893 ἠ
1180 824 1413 891 καρδία,
1456 822 1554 876 καὶ
1597 823 1669 876 τὰ
1703 821 1852 876 ὀστᾶ

261 920 434 990 ὑμῶν
464 920 545 983 ὠς
576 916 811 983 ,ϐοτάνη
853 915 1147 970 ἀνατελεῖ.
1192 913 1302 967 Καὶ
1352 913 1764 983 γνωσθήσεται
1811 913 1850 981 ή

263 1010 342 1080 γῆ
386 1010 606 1077 Κυρίου
638 1005 764 1072 τοῖς
790 1005 1138 1074 σεϐομένοις
1164 1005 1371 1058 αὐτόν.

346 1097 865 1169 ’Λμφιλαφεστάτην
901 1097 1038 1165 ἡμῖν
1067 1093 1166 1165 τὴν
1209 1092 1558 1165 παράκλησιν
1585 1090 1853 1159 ἐπαγγέλ-

266 1188 441 1252 λεται,
473 1187 569 1240 καὶ
600 1185 818 1256 φειδοῦς
855 1184 1075 1254 ἀπάσης
1104 1184 1364 1248 ἐπίδοσιν,
1392 1182 1536 1236 ὥστε
1561 1183 1657 1236 καὶ
1685 1182 1851 1235 πόνου

261 1276 389 1345 δίχα
418 1273 622 1336 παντὸς
660 1270 960 1342 κατορθοῦν
1001 1270 1259 1325 δύνασθαι
1296 1271 1357 1323 τὸ
1395 1271 1629 1340 ἀρέσκον
1679 1268 1848 1339 αὐτῷ.

266 1369 328 1420 Ol
374 1365 483 1436 γὰρ
522 1364 603 1417 ἔτι
648 1364 1008 1435 νηπιάζοντες
1045 1364 1101 1415 ὲν
1150 1362 1356 1428 αὐτοῖς,
1394 1362 1548 1432 φησι,
1597 1362 1695 1415 καὶ
1752 1360 1852 1424 τὰς

268 1458 470 1529 φρένας
493 1455 644 1509 οῦπω
671 1454 1101 1525 τετελειωμένοι,
1128 1453 1384 1525 βρέφεσιν
1421 1456 1479 1508 ὲν
1513 1454 1611 1525 ἴσῳ
1635 1457 1851 1524 μικροῖς

270 1549 359 1602 ἐπ’
392 1548 561 1619 ὤμων
592 1546 947 1619 ἀρθήσονται,
982 1548 1079 1600 κα)⁸
1122 1547 1214 1600 ἐπὶ
1242 1547 1483 1614 γονάτων
1504 1545 1854 1618 παρακληθή-

269 1618 488 1695 σονται·
545 1618 815 1708 ἔθοςθγάρ
847 1637 989 1691 οὓτω
1025 1636 1293 1707 μητράσιν
1338 1636 1712 1706 ἐπιμελεῖσθαι
1753 1652 1851 1708 νη-

267 1735 429 1789 πίων.
495 1734 683 1802 Ὀλίγα
738 1733 938 1797 τοίνυν,
992 1733 1149 1802 φησὶ,
1222 1733 1614 1804 παραχωρήσω
1658 1731 1847 1802 μητρὶ,

1952 558 2002 604 et
2022 563 2176 615 super
2200 560 2369 617 genua
2395 546 2803 601 consolationem
2856 548 3139 603 habebunt.
3180 549 3535 615 Quemadmo—

1953 641 2079 694 dum
2101 639 2467 709 siquemiiam
2516 648 2686 692 mater
2739 640 3057 703 consoletur,
3081 641 3156 695 sic
3204 652 3251 696 et
3308 660 3401 711 ego
3446 662 3534 699 vos

1952 730 2286 787 consolabor.
2312 729 2377 781 Et
2415 732 2468 782 in
2502 728 2797 788 Jerusalem
2818 731 3230 788 consolationem
3253 736 3531 800 habebitis,

1952 832 1999 877 et
2033 821 2302 883 videbitis;
2327 831 2370 871 et
2399 819 2641 887 gaudebit
2682 837 2774 874 cor
2822 832 3070 889 vestrum,
3103 834 3152 877 et
3186 840 3304 879 ossa
3365 837 3533 880 uestra

1952 913 2087 966 sicut
2111 912 2267 964 herba
2298 910 2684 980 germinabunt.
2720 911 2789 965 Et
2824 913 3103 969 innotescet
3139 925 3292 971 terra:
3322 917 3535 972 Domini
3570 912 3579 949 ³

1960 1002 2247 1057 colentibus
2271 1017 2409 1053 eum.

2029 1092 2413 1162 Largissimam
2445 1090 2872 1149 consolationem
2902 1104 2957 1149 et
2983 1098 3163 1153 omnis
3213 1098 3533 1155 misericor-

1952 1184 2054 1239 dia:
2076 1182 2347 1237 cumulum
2370 1181 2526 1235 nohis
2545 1183 2902 1250 adpromittit,
2938 1186 3098 1255 idque
3139 1187 3285 1242 circa
3319 1202 3533 1242 omnem

1952 1272 2212 1339 laborem,
2249 1273 2467 1342 utquod
2496 1274 2595 1343 ipsi
2623 1273 2819 1342 placet,
2880 1277 3060 1343 possis
3119 1278 3367 1346 exsequi.
3432 1279 3533 1345 Qui

1951 1364 2094 1416 enim
2146 1362 2343 1427 adhuc,
2377 1361 2571 1431 inquit,
2607 1361 2843 1416 infantes
2893 1372 3042 1429 sunt,
3064 1376 3117 1418 et
3158 1366 3338 1419 animo
3385 1382 3537 1420 non-

1952 1453 2077 1507 dum
2109 1452 2355 1522 perfecti,
2389 1453 2535 1507 velut
2566 1453 2774 1522 parvuli
2799 1453 3033 1508 infantes
3066 1455 3117 1509 in
3172 1455 3412 1511 humeris
3435 1457 3536 1510 tol-

1951 1543 2151 1610 lentur,
2198 1552 2253 1598 et
2344 1559 2505 1614 super
2546 1558 2717 1615 genua
2759 1548 3185 1602 consolationem
3240 1549 3530 1604 habebunt.

1951 1633 2300 1689 Solentcnim
2333 1645 2533 1690 matres
2561 1651 2746 1690 curam
2783 1651 2971 1707 gerere
3002 1638 3373 1707 parvulorum.
3405 1639 3524 1696 Non

1952 1727 2178 1780 multum
2212 1740 2362 1798 ergo,
2392 1728 2587 1796 inquit,
2622 1728 2781 1782 matri
2838 1742 3074 1791 cessero,
3095 1729 3187 1782 sed
3218 1730 3535 1785 consolabor

265 1824 636 1898 παρακαλέσω
679 1823 735 1878 δὲ
784 1822 930 1878 οὕτω
982 1824 1110 1886 τοὺς
1165 1823 1371 1895 ἀδρανῆ
1433 1823 1572 1887 τέως
1609 1823 1847 1893 ,ἔχοντας

1955 1819 2030 1874 sic
2056 1834 2148 1875 eos
2173 1820 2265 1888 qui
2298 1819 2731 1875 inﬂrmosuntet
2780 1819 2986 1891 dejecto
3036 1822 3237 1885 animo,
3285 1830 3344 1876 ut
3398 1822 3533 1875 nihil

236 1988 237 1991 η
267 1916 411 1980 νοῦν,
442 1915 516 1979 ὡς
542 1913 781 1984 ὲλλετψαι
820 1915 985 1985 μηδὲν
1017 1914 1125 1967 τῶν
1164 1914 1460 1967 τελούντων
1501 1917 1580 1977 είς
1615 1914 1851 1967 ἀνάπαυ-

268 2024 351 2060 σιν
400 2008 623 2070 αὐτοῖς⁹
662 2004 1047 2077 τιθηνούμενοι
1102 2005 1161 2058 δὲ
1203 2005 1364 2069 οὕτω,
1420 2005 1576 2075 φησι,
1625 2006 1719 2057 καὶ
1764 2004 1851 2057 διὰ

267 2099 450 2169 πάσης
494 2098 662 2160 ἰόντες
704 2095 921 2166 φειδοῦς
972 2096 1067 2149 καὶ
1111 2095 1356 2165 ἀγάπης,
1414 2094 1612 2164 ὄψεσθέ
1659 2111 1719 2147 τε
1763 2093 1851 2147 διά

268 2182 488 2255 καιροῦ⁸
520 2185 614 2236 καὶ
641 2183 738 2254 τὴν
766 2184 879 2237 ἄνω
903 2182 1057 2234 πόλιν
1080 2181 1179 2253 τὴν
1219 2183 1543 2253 ἐπουράνιον
1581 2181 1852 2253 Ἰερουσα-

268 2274 399 2343 λήμο
450 2272 826 2345 πλησθήσεσθε
875 2272 1161 2343 θυμηδίας,
1208 2272 1301 2326 καὶ
1332 2273 1408 2336 ὡς
1436 2275 1493 2326 ὲν
1527 2270 1853 2336 τάξειῗίπόας

267 2363 600 2434 ἀύαθαλήσει
646 2365 716 2418 τὰ
761 2364 979 2418 πάντων
1014 2363 1170 2433 ὑμῶν
1213 2363 1366 2420 ὀστᾶ.
1433 2363 1851 2434 Ἐγερθήσονται

267 2456 378 2527 γὰρ
414 2456 465 2508 οἱ
491 2454 696 2523 νεκροὶ,
718 2454 813 2508 καὶ
840 2456 1234 2526 ἀναστήσονται
1262 2457 1308 2509 οἱ
1334 2457 1391 2508 ἐν
1412 2457 1522 2517 τοῖς
1546 2454 1849 2525 μνημείοις,

268 2546 367 2616 τὴν
400 2544 556 2615 παρά
586 2544 825 2615 Χριστοῦ
879 2544 1277 2617 πλουτήσαντες
1324 2547 1535 2617 δρόσον,
1583 2546 1848 2608 τουτέστι,

268 2637 330 2690 τὸ
378 2636 598 2707 πνεῦμα
651 2637 712 2689 τὸ
756 2635 1054 2699 ζωοποιόν’
1116 2637 1258 2691 οὕτω
1310 2639 1420 2709 γάρ
1456 2638 1557 2691 πού
1609 2654 1773 2709 φησιν
1826 2638 1854 2689 ὁ

270 2726 499 2781 γάλλων
533 2726 671 2797 πρὸς
722 2726 816 2778 τὸν
854 2726 985 2778 Θεὸν
1025 2727 1153 2796 περ)⁸
1193 2727 1302 2780 τῶν
1354 2728 1413 2780 ὲν
1451 2731 1523 2798 γῇ
1562 2727 1850 2797 κειμένων⁹

277 2837 296 2870 ι
317 2817 731 2883 Ἐξαποστελεῖς
747 2816 808 2869 τὸ
825 2815 958 2869 πνεῦ
974 2816 1057 2888 μά
1085 2834 1202 2877 σου,
1222 2818 1314 2871 καὶ
1340 2819 1743 2887 κτισθήσονται,
1762 2817 1857 2869 καὶ

269 2909 601 2971 ἀνακαινιείς
622 2908 681 2960 τὸ
705 2909 996 2978 πρόσωπον
1030 2908 1130 2974 τῆς
1146 2908 1266 2977 γῆς.
1292 2927 1309 2958 ι
1346 2908 1555 2979 Ὠσπερ
1592 2904 1684 2961 οῦν
1709 2908 1776 2960 τὰ
1798 2909 1856 2959 ἐν

271 3002 463 3069 ἀγροῖς
495 2999 808 3068 ἀνθήσαντα
841 2998 979 3069 μετά
1013 2998 1185 3069 βραχὺ
1216 3000 1424 3062 πίπτει,
1475 3000 1566 3052 καὶ
1599 2999 1855 3071 μαραίνε-

273 3107 359 3144 ται
389 3090 607 3163 ὲαρινοῦ
635 3107 695 3158 γε
743 3090 846 3160 μὴν
879 3091 1165 3154 ἐνστάντος
1196 3090 1412 3161 καιροῦ,
1443 3092 1605 3144 πάλιν
1624 3091 1853 3162 ἀνίσχειο

273 3182 369 3235 καὶ
428 3182 702 3249 φαίνεται⁸
740 3180 884 3233 οὕτω
936 3180 1004 3234 τὰ
1053 3183 1110 3234 ὲν
1166 3184 1231 3253 τῇ
1280 3185 1351 3254 γῇ
1398 3183 1507 3238 τῶν
1550 3182 1858 3236 τεθνεώτων

273 3272 525 3342 λείψανα,
559 3270 699 3325 κατά
726 3271 818 3325 τὸν
836 3272 934 3342 τῆς
954 3272 1383 3341 παλιγγενεσίας
1409 3275 1601 3345 καιρὸν
1634 3276 1858 3346 ἀρρήτῳ

273 3364 502 3433 δυνάμει
559 3361 696 3416 Θεοῦ
771 3363 934 3417 πάλιν
980 3363 1351 3418 ἀνατελοῦσιν.
1440 3366 1857 3437 Ἑγερθήσονται

276 3455 409 3525 γὰρ,
440 3454 516 3518 ὸς
554 3453 710 3524 ἔφην.
778 3472 796 3504 ι
816 3453 949 3507 Τότε
998 3454 1086 3524 δὴ,
1122 3455 1243 3508 τότε
1271 3455 1643 3526 γνωσθήσεται
1672 3459 1706 3528 ή
1738 3456 1859 3528 χεὶρ

280 3545 486 3616 Κυρίου
532 3547 643 3608 τοῖς
669 3544 981 3615 σεϐομένοις
1014 3546 1195 3600 αὐτόν.
1231 3566 1249 3599 ι
1303 3548 1476 3618 Χεϊρά
1526 3564 1589 3613 γε
1641 3548 1748 3619 μὴν
1801 3551 1859 3601 ἐν

279 3638 513 3701 τούτοις,
549 3638 581 3708 ἢ
616 3637 716 3707 τὴν
743 3637 972 3709 δύναμιν
998 3638 1162 3703 αὑτοῦ
1191 3657 1378 3710 φησιν,
1425 3641 1593 3710 ἤγουν
1617 3641 1709 3694 τὸν
1744 3642 1860 3695 Κύ-

283 3747 397 3801 ριον
423 3729 581 3801 ἡμῶν
618 3728 826 3800 Ἰησοῦν
857 3729 946 3783 τὸν
977 3730 1233 3801 Χριστὸν,
1267 3731 1335 3784 δι’
1357 3725 1418 3783 οὗ
1442 3732 1510 3785 τά
1536 3733 1734 3792 πάντα,
1769 3734 1860 3785 καὶ

280 3821 338 3872 ἑν
370 3812 414 3887 ᾧ
440 3818 509 3871 τὰ
534 3818 729 3873 πάντα.
751 3820 832 3870 Δι’
853 3817 1017 3872 αὐτοῦ
1045 3818 1154 3889 γὰρ
1175 3819 1338 3872 πάλιν
1363 3820 1456 3872 καὶ
1478 3821 1511 3889 ἡ
1528 3820 1634 3872 τῶν
1652 3821 1860 3890 νεκρῶν

280 3907 595 3971 ἀναδίωσις.
644 3908 1017 3978 ’Δποτέλεσμα
1061 3908 1170 3979 γὰρ
1214 3909 1315 3979 τῆς
1357 3908 1521 3964 αὐτοῦ
1578 3909 1861 3980 δυνάμεως

280 4001 364 4071 εἴη
396 4000 484 4062 ἂν,
518 3999 614 4053 καὶ
658 3999 719 4052 τὸ
770 3998 986 4069 ἰσχύσαι
1020 4004 1380 4074 παρενεγκεῖν
1407 4002 1487 4062 είς
1516 4000 1752 4072 ὓπαρξιν
1791 4003 1860 4055 τὰ

279 4091 380 4145 οὐκ
399 4091 528 4144 ὄντα
560 4090 712 4151 ποτὲ,
745 4090 838 4143 καὶ
870 4090 1175 4146 πεπονθότα
1214 4092 1314 4164 τὴν
1347 4092 1575 4162 φθορὰν,
1632 4092 1859 4146 ἀνακαι-

280 4177 422 4230 νίσαι
454 4176 617 4230 πάλιν
654 4180 733 4240 είς
760 4178 823 4231 τὸ
856 4179 915 4232 ὲν
942 4180 1157 4250 ἀρχαῖς.
1814 4190 1817 4193 ’

351 4270 464 4324 Kal
497 4270 815 4340 ἀπειλήσει
849 4272 975 4338 τοῖς
1006 4274 1391 4329 ἀπειθοῦσιν
1437 4274 1583 4330 Ἰδοὺ
1612 4277 1722 4347 γὰρ
1751 4278 1862 4331 Κύ-

272 4381 407 4431 ριος
445 4363 525 4430 ὡς
568 4362 689 4431 πῦρ
728 4363 881 4431 ἣξει,
921 4364 1020 4420 καὶ
1062 4365 1143 4430 ὡς
1194 4367 1463 4436 καταιγίς
1511 4366 1585 4422 τὰ
1633 4368 1862 4437 ἅρματα

1953 1910 2060 1965 illis
2081 1911 2221 1965 desit
2253 1910 2321 1965 ad
2353 1912 2674 1980 requietem.
2702 1910 2794 1967 Sic
2820 1913 3121 1976 nntriti,sic
3139 1914 3281 1966 omni
3316 1914 3533 1968 miseri-

1952 2004 2133 2056 cordia
2161 2012 2215 2056 et
2234 2002 2498 2058 charitate
2533 2004 2771 2071 tractati,
2795 2004 3049 2059 videbitis
3084 2005 3249 2075 915
3270 2016 3529 2075 tempore.

1951 2108 2259 2162 supremam
2285 2093 2447 2148 etiam
2474 2094 2750 2149 civitatem
2774 2095 3053 2151 cmlestem
3108 2096 3427 2161 Jerusalem,
3481 2110 3536 2151 et

1952 2183 2667 2254 complehiminivoluptate,
2698 2194 2755 2239 et
2781 2186 2937 2253 quasi
2972 2186 3167 2251 herba,
3212 2191 3395 2246 omnia
3435 2204 3533 2243 ve-

1953 2285 2061 2329 stra
2085 2290 2209 2329 ossa
2245 2274 2614 2331 refloresceut.
2670 2277 3065 2332 Excitabunlur
3103 2280 3246 2334 enim
3304 2282 3533 2347 mortui,

1953 2375 2004 2418 et
2036 2366 2427 2435 resurgcntqui
2495 2366 2545 2420 in
2600 2368 2971 2421 monumentis
3013 2377 3174 2435 sunt,
3227 2367 3534 2438 locupletati

1953 2471 2049 2525 per
2080 2456 2357 2510 Christum
2378 2470 2521 2519 rore,
2558 2456 2608 2508 id
2634 2465 2740 2518 est,
2772 2457 2967 2525 spiritu
3006 2458 3239 2512 vit-ilico.
3281 2458 3373 2513 Sic
3390 2461 3532 2513 enim

1955 2547 2085 2600 dicit
2105 2545 2195 2612 qui
2224 2546 2289 2601 ad
2320 2547 2483 2600 Deum
2507 2546 2704 2616 psallit,
2732 2547 2800 2601 de
2830 2548 2914 2601 his
2940 2549 3029 2617 qui
3061 2551 3112 2602 in
3138 2559 3281 2603 terra
3302 2548 3483 2620 jacent
3518 2568 3532 2602 :

1961 2654 1980 2687 ι
2009 2636 2240 2691 Emittes
2306 2637 2553 2705 spiritum
2590 2648 2770 2705 tuum,
2805 2647 2861 2693 et
2889 2640 3240 2707 creahuntur,
3274 2650 3328 2695 et
3378 2656 3536 2696 reno-

1956 2727 2105 2782 vabis
2139 2727 2331 2781 faciem
2376 2736 2536 2783 terra:
2568 2729 2611 2782 ⁸.
2651 2748 2669 2782 ι
2704 2728 2935 2784 Perinde
2981 2730 3165 2800 igitur,
3206 2741 3265 2785 ut
3300 2747 3420 2802 quae
3479 2733 3534 2787 in

1957 2817 2099 2887 agris
2128 2815 2447 2883 ﬂoruerunt,
2481 2819 2641 2889 paulo
2680 2830 2799 2889 post
2825 2822 3081 2878 occidunt
3102 2831 3533 2885 etmarcescunt.

1955 2923 2125 2963 verno
2152 2919 2333 2965 autem
2368 2919 2608 2979 tempore
2640 2911 2896 2977 instante,
2962 2927 3149 2967 rursus
3190 2914 3438 2967 oriuntur
3482 2921 3538 2967 et

1958 3006 2216 3067 apparent
2244 3013 2257 3050 :
2290 2998 2369 3053 sic
2398 2998 2638 3067 reliquiae
2670 3011 3005 3054 mortuorum
3027 3002 3078 3055 in
3108 3011 3273 3067 terra,
3296 3010 3537 3070 tenipore

1960 3090 2392 3156 regenerationis
2420 3089 2938 3155 acinstauratiouis,
2994 3088 3247 3145 ineffabili
3296 3091 3535 3160 potentia

1885 3158 1926 3215 C
1960 3176 2053 3231 Dei
2080 3193 2269 3232 rursus
2299 3180 2632 3234 exorientur.
2669 3179 3067 3234 Excitahuntur
3091 3182 3259 3244 enim,
3285 3158 3361 3235 uti
3400 3182 3533 3235 dixi.

1965 3284 1983 3317 ε
2028 3265 2201 3330 Tunc,
2233 3273 2359 3319 tunc
2395 3267 2693 3322 innotescet
2729 3284 2917 3322 manus
2967 3268 3178 3322 Domini
3238 3268 3538 3325 colentibus

1959 3369 2104 3411 eum.
2129 3374 2147 3406 ι
2186 3355 2401 3409 Manum
2424 3356 2512 3410 hic
2553 3368 2728 3420 vocat,
2765 3357 2846 3409 vel
2894 3359 3189 3426 potentiam
3234 3372 3407 3422 suam,
3452 3357 3539 3413 vel

1962 3446 2246 3503 Dominum
2274 3457 2514 3501 nostrum
2548 3445 2731 3502 Jesum
2763 3448 3059 3513 Christum,
3104 3463 3200 3517 per
3235 3462 3390 3517 quem
3418 3463 3536 3503 om-

1962 3539 2072 3602 nia,
2105 3547 2160 3594 et
2192 3539 2243 3593 in
2276 3554 2383 3608 quo
2404 3540 2585 3593 omnia
2606 3540 2648 3592 ’.
2677 3537 2783 3593 Per
2805 3538 2954 3592 illum
3007 3541 3153 3592 enim
3206 3554 3393 3594 rursus
3454 3549 3540 3594 est

1962 3632 2308 3686 resuscitatio
2350 3643 2707 3687 mortuorum.
2786 3631 2896 3685 Hoc
2944 3640 3028 3683 est
3098 3631 3242 3684 enim
3284 3632 3540 3701 potentiae

1960 3725 2076 3794 ejus
2098 3740 2203 3778 non
2239 3724 2649 3788 Icveindiciutn,
2674 3737 2829 3790 posse
2872 3731 2928 3774 et
2960 3722 3015 3775 in
3079 3720 3251 3777 lucem
3295 3721 3540 3791 proferre

1960 3831 2081 3886 quas
2131 3816 2421 3886 aliquando
2476 3831 2581 3870 non
2629 3823 2803 3877 erant,
2874 3823 2928 3867 et
2996 3828 3116 3882 qua!
3193 3828 3349 3882 passa
3412 3826 3540 3869 sunt

1961 3908 2362 3977 corruptionem
2438 3916 2769 3969 restaurare,
2845 3906 2916 3958 ita
2966 3913 3025 3956 ut
3078 3906 3145 3958 ab
3215 3903 3371 3959 initio
3417 3904 3538 3960 fue-

1962 4007 2105 4051 runt.

2035 4273 2200 4328 Vens.
2231 4272 2411 4327 lii-l7.
2439 4273 2503 4326 Et
2557 4274 2848 4327 minabitur
2905 4274 3343 4327 contumacibus:
3402 4272 3538 4328 Ecce

1963 4367 2097 4419 enim
2134 4365 2387 4417 Dominus
2414 4367 2567 4435 quasi
2593 4365 2727 4433 ignis
2760 4366 2944 4431 veniet,
2985 4376 3031 4418 et
3069 4366 3220 4428 quasi
3265 4375 3536 4433 tempestas

278 4454 487 4521 αὑτοῦ,
544 4456 649 4509 τοῦ
694 4454 1024 4510 ἀποδοῦναι
1060 4457 1130 4509 ἐν
1161 4457 1324 4526 θυμῷ
1364 4458 1699 4529 ἐκδίκησιν,
1763 4460 1854 4513 καὶ

1967 4472 2151 4510 currus
2185 4455 2320 4524 ejus,
2362 4466 2415 4509 ut
2445 4457 2624 4509 reddat
2690 4456 2741 4507 in
2775 4455 2952 4522 furore
2982 4455 3251 4521 ultionem,
3284 4465 3333 4508 et
3365 4457 3537 4512 incre-

279 4546 814 4617 ἁποσκορακισμὸν
865 4547 935 4599 ἐν
986 4549 1164 4617 φλογὶ
1217 4550 1425 4618 πυρός.
1476 4553 1579 4605 Ἑν
1618 4552 1729 4621 γὰρ
1781 4551 1861 4619 τῷ

279 4637 425 4705 πυρί
482 4639 708 4706 Κυρίου
738 4638 1081 4706 κριθήσεται
1125 4637 1293 4693 πᾶσα
1337 4642 1376 4708 ἡ
1419 4640 1517 4709 γῆ,
1560 4642 1657 4694 καί
1688 4643 1757 4697 ἐν
1784 4642 1859 4712 τῇ

273 4727 541 4795 ῥομφαίᾳ
579 4727 765 4781 αὑτοῦ
818 4725 988 4781 πᾶσα
1032 4727 1220 4796 σάρξ·
1261 4732 1475 4785 πολλοὶ
1510 4737 1859 4804 τραυματίαι

279 4814 525 4870 ἔσονται
561 4815 682 4872 ὑπὸ
719 4816 963 4883 Κυρίου.
994 4818 1049 4870 ol
1082 4817 1445 4887 ἁγνιζόμενοι
1488 4822 1585 4875 καὶ
1624 4827 1858 4892 καθαριο

282 4906 509 4976 ζόμενοι
556 4908 643 4971 εις
682 4905 824 4972 τοὺς
854 4908 1106 4973 κήπους,
1143 4908 1238 4961 καὶ
1270 4910 1340 4962 ἐν
1369 4911 1492 4976 τοῖς
1542 4918 1858 4985 προθύροις

282 4999 567 5062 ἔσθοντες
609 4997 753 5065 κρέα
794 4997 921 5050 ὑῶν
953 4998 1053 5052 καὶ
1080 4999 1153 5053 τὰ
1178 4999 1572 5070 βδελύγματα
1606 5006 1704 5058 καὶ
1758 5008 1866 5060 τὸν

282 5090 431 5158 μῦν,
457 5091 553 5142 ἐπὶ
589 5089 655 5143 τὸ
689 5090 836 5143 αὐτὸ
876 5091 1389 5160 ἀναλωθήσονται,
1447 5091 1577 5150 εἷπε
1629 5099 1861 5166 Κύριος.

282 5179 455 5247 Κάγὼ
502 5180 572 5232 τὰ
618 5180 761 5247 ἔργα
823 5180 1022 5235 αὐτῶν
1068 5180 1166 5236 καὶ
1210 5181 1317 5235 τὸν
1346 5186 1637 5254 λογισμὸν
1671 5189 1863 5242 αὐτῶν

280 5269 627 5338 ἐπίσταμαι.

365 5358 758 5429 ’Δποχρώντως
793 5362 1181 5430 παρακαλέσας
1218 5367 1344 5431 τοὺς
1374 5369 1431 5422 ὲν
1476 5372 1539 5440 τῇ
1571 5372 1669 5443 νέα
1701 5371 1860 5439 Σιὼν,

281 5452 551 5518 τουτέστι,
598 5455 665 5523 τῇ
738 5454 1059 5525 Ἐκκλησίᾳ,
1098 5458 1191 5509 καὶ
1232 5459 1628 5532 διαρκεστὰτην
1682 5466 1864 5529 αὐτοῖς

282 5544 753 5615 ἐπαγγειλάμενος
784 5546 883 5617 τὴν
919 5546 1264 5618 παράκλησιν
1286 5590 1302 5614 ,
1348 5551 1440 5603 καὶ
1480 5554 1863 5623 πνευματικῶν

364 5715 694 5793 'Psal._cnt,
726 5722 814 5775 30.
891 5722 911 5752 ’
940 5722 957 5775 l
987 5721 1114 5778 Cor.
1147 5738 1263 5791 vui,
1290 5722 1344 5778 6.

1965 4551 2228 4618 pationem
2243 4550 2295 4602 in
2308 4546 2693 4617 fiummaignis.
2714 4546 2853 4600 Nam
2888 4547 2943 4599 in
2956 4550 3073 4615 igne
3089 4544 3301 4599 Domini
3320 4548 3535 4617 judica-

1966 4642 2105 4693 bitur
2131 4640 2298 4693 omnis
2315 4648 2476 4703 terra,
2507 4638 2626 4691 etin
2642 4637 2816 4705 gladio
2848 4637 3190 4707 ipsiusomnis
3219 4654 3363 4691 caro.
3393 4638 3536 4692 Mul-

1964 4733 2003 4785 ti
2028 4731 2287 4785 vulnerati
2335 4738 2546 4784 erunta
2586 4728 2834 4782 Domino.
2891 4728 2995 4792 Qui
3046 4728 3414 4797 puriﬁcantur,
3486 4739 3535 4783 et

1966 4820 2293 4875 mandantur
2318 4820 2375 4875 in
2433 4819 2621 4884 hortis,
2653 4827 2701 4871 et
2758 4818 2814 4871 in
2864 4818 3151 4885 liminibus,
3212 4819 3535 4874 comedentes

1961 4928 2171 4965 carnem
2196 4912 2427 4977 suillam,
2463 4920 2515 4965 et
2561 4909 2998 4972 abominationes,
3029 4920 3075 4963 et
3108 4926 3327 4973 murem,
3376 4911 3533 4964 simul

1961 5013 2351 5069 consumantur,
2383 5002 2519 5055 dixit
2551 5000 2827 5054 Dominus.
2864 4998 2975 5070 Ego
3013 5017 3132 5055 vero
3177 5018 3333 5071 opera
3354 5018 3532 5056 eorum

1961 5102 2007 5144 et
2035 5093 2399 5162 cogitationem
2427 5107 2604 5145 eorum
2648 5090 2777 5143 scio.

2033 5373 2254 5427 Abunde
2294 5372 2604 5428 consolatus
2632 5386 2726 5426 eos
2781 5371 2871 5441 qui
2906 5371 2959 5425 in
2999 5384 3135 5424 nova
3166 5366 3316 5431 Sion,
3351 5363 3401 5418 id
3427 5372 3530 5423 est.

1962 5465 2226 5530 Ecclesia,
2271 5475 2325 5519 et
2357 5463 2821 5520 aﬂluentissimam
2847 5461 3267 5519 consolationem
3300 5470 3362 5511 ac
3417 5456 3530 5523 spi-

1962 5554 2235 5611 ritualium
2268 5553 2532 5611 bonorum
2564 5554 2865 5611 subsidium
2891 5550 3181 5623 pollicitus,
3233 5556 3287 5603 et
3310 5555 3532 5617 pra-ter-
