4148 6492
612 340 752 397 1445

1592 349 1659 405 ’8.
1702 345 1973 406 CYlllLLl
2011 351 2488 409 ALEXANDRIN]
2530 350 2850 408 ARCHIEP.

3741 350 3883 406 NH

608 473 672 514 ea
728 460 1194 517 resnscitationem
1261 464 1561 533 emortuis,
1606 476 1660 520 et
1709 483 1992 538 supremas
2017 472 2172 527 sedes

2301 471 2519 540 ἀγαθῶν
2546 469 2834 542 χορηγίαν,
2865 467 2945 522 ἔτι
2975 484 3032 520 τε
3052 467 3187 538 πρὸς
3217 466 3427 530 τούτοις
3453 465 3551 537 τὴν
3575 465 3646 518 ὲκ
3673 465 3884 536 νεκρῶν

609 562 674 602 ac
702 562 820 618 quas
848 547 918 604 ibi
950 558 1053 616 est,
1077 550 1303 619 gloriam
1333 567 1435 607 non
1461 555 1676 623 impune
1698 556 1815 612 fore
1837 557 1971 613 dicit
2005 561 2190 616 inube-

609 639 877 696 dientibus
912 640 1014 695 hoc
1041 643 1214 695 audax
1238 653 1424 698 contra
1452 644 1568 700 illos
1593 647 1924 706 institutum.
1989 651 2189 708 Veniet

609 732 778 796 enim,
821 732 1012 800 inquit,
1066 734 1220 801 quasi
1245 734 1406 804 ignis.
1450 735 1755 792 Descendet
1781 755 2013 809 namque
2034 744 2188 797 coeli-

610 832 696 874 tus
722 823 772 875 iu
796 822 962 891 gloria
993 823 1170 880 Patris
1192 825 1273 879 sui
1300 841 1420 880 cum
1439 830 1639 882 sanctis
1668 831 1890 900 angelis.
1919 831 2015 887 llic
2045 835 2186 888 enim

608 920 692 965 est
716 927 908 968 currus
932 914 1073 984 ejus,
1105 916 1262 970 sicuti
1292 928 1344 970 et
1361 917 1424 971 “in
1448 918 1676 974 Psalmis
1707 923 2034 977 celebratum
2061 935 2142 979 est
2171 943 2185 979 τ

613 1018 633 1051 ι
672 1000 877 1057 Currus
903 1002 995 1058 Dei
1027 1005 1212 1059 decem
1267 1007 1504 1062 millibus
1544 1009 1847 1080 multiplex,
1879 1013 2043 1066 millia
2093 1013 2188 1068 la:-

607 1093 834 1148 tantium
863 1095 928 1149 ¹⁰.
973 1113 991 1147 ι
1031 1097 1218 1152 Veniet
1245 1107 1427 1154 autem
1461 1101 1772 1157 redditurus
1805 1105 2072 1160 ultionem
2133 1107 2186 1162 in

607 1181 811 1251 furore,
835 1193 888 1240 et
944 1186 1367 1258 increpationem
1423 1191 1477 1245 in
1515 1190 1742 1248 ﬂamma
1800 1197 1959 1266 ignis.
2022 1197 2190 1269 916

607 1271 910 1344 lncrepatio
936 1277 1158 1332 denotat
1180 1281 1561 1350 abjectionem.
1597 1283 1748 1338 Dicet
1777 1288 1920 1341 enim
1955 1289 2040 1342 bis
2091 1292 2184 1359 qui

607 1365 662 1420 in
687 1369 923 1434 peccatis
954 1372 1147 1425 mortui
1178 1382 1338 1427 sunt:
1371 1375 1676 1431 «Discedite
1708 1392 1736 1429 a
1766 1394 1870 1442 me,
1892 1381 2182 1447 maledicti,

607 1459 664 1514 in
703 1460 878 1530 ignem
915 1471 1197 1528 aeternum,
1223 1467 1316 1533 qui
1352 1477 1686 1536 praeparatus
1717 1479 1799 1524 est
1846 1472 2060 1526 diabolo
2132 1482 2184 1527 et

609 1552 814 1622 angelis
840 1553 956 1624 ejus
983 1555 1052 1604 ¹¹.
1096 1574 1115 1607 ι
1154 1555 1498 1614 Judicabitur
1551 1561 1717 1628 enim,
1750 1563 1946 1632 inquit,
2013 1565 2187 1620 omnis

609 1650 776 1709 terra,
801 1653 855 1699 et
884 1654 1135 1716 tanquam
1173 1649 1351 1718 gladio
1375 1648 1572 1705 divina:
1595 1651 1688 1705 iraa
1713 1656 1977 1722 percussi,
2035 1657 2186 1711 multi

607 1735 1055 1792 vulnera‘buntur.
1089 1739 1150 1794 lli
1189 1740 1406 1795 demum
1438 1752 1566 1797 sunt
1611 1744 1701 1813 qui
1740 1759 1928 1813 poenas
1947 1750 2186 1816 pendunt

2301 562 2620 626 ἀναϐίωσιν,
2655 561 2750 614 καὶ
2773 559 2872 623 τᾶς
2903 559 3014 613 ἄνω
3038 559 3224 629 μονάς,
3263 557 3357 611 καὶ
3384 557 3482 627 τὴν
3511 556 3700 611 αὐτόθι
3728 556 3884 622 δόξαν

2296 654 2395 706 οὐκ
2447 653 2682 724 ἀζήμιον
2717 649 2934 703 ἔσεσθαί
2977 666 3110 721 φησι
3155 650 3270 712 τοῖς
3307 647 3557 700 ἀπειθεῖν
3605 647 3884 716 ἑλομένοις

2296 742 2444 813 αὐτῷ
2473 742 2534 795 τὸ
2571 743 2664 794 ἐπὶ
2693 741 2902 804 τούτοις
2945 740 3271 810 ἐγχείρημα.
3303 738 3462 802 Ἥξει
3482 737 3594 808 γὰρ
3625 737 3702 800 ὡς
3745 735 3880 806 πῦρ,

2296 831 2429 902 φησί
2451 848 2463 860 ⁸
2502 831 2875 901 καταϐήσεται
2905 829 3013 898 γὰρ
3047 829 3106 894 ἐξ
3134 829 3397 900 οὐρανῶν,
3433 830 3490 882 ἐν
3516 832 3584 900 τῇ
3628 828 3755 898 δόξῃ
3789 826 3882 880 τοῦ

2294 921 2512 994 Πατρὸς
2546 923 2710 976 αὐτοῦ
2755 923 2892 994 μετὰ
2924 923 3030 976 τῶν
3066 923 3243 991 ἁγίων
3279 921 3544 990 ἀγγέλων.
3574 921 3749 974 Τοῦτο
3779 919 3883 990 γάρ

2293 1014 2356 1067 τὺ
2409 1015 2564 1085 ἆρμα
2610 1014 2796 1081 αὐτοῦ,
2835 1015 2979 1068 κατὰ
3026 1015 3088 1066 τδ
3140 1015 3197 1066 ὲν
3243 1013 3492 1083 Ψαλμοῖς
3522 1011 3879 1083 ὑμνούμενον,

2301 1122 2319 1156 ι
2349 1104 2422 1158 Τὸ
2459 1105 2612 1176 ἅρμα
2650 1103 2745 1158 τοῦ
2789 1103 2924 1158 Θεοῦ
2977 1103 3394 1175 μυριοπλάσιον,
3445 1101 3683 1172 χιλιάδες
3719 1099 3880 1169 εὐθη-

2292 1197 2549 1252 νούντων.
2582 1216 2602 1250 ι
2657 1196 2815 1262 Ἥξει
2861 1196 2920 1252 δὲ
2958 1195 3252 1250 ἀποδώσων
3288 1193 3566 1264 ἐκδίκησιν
3605 1194 3665 1246 ὲν
3703 1191 3880 1262 θυμῷ,

2294 1289 2389 1343 καὶ
2413 1289 2899 1360 ἀποσκορακισμὸν
2934 1289 2991 1341 ὲν
3023 1287 3182 1357 φλογὶ
3221 1285 3413 1357 πυρός.
3456 1286 3514 1338 '0
3549 1284 3609 1337 δὲ
3643 1284 3880 1338 ἀποσκοο

2297 1382 2565 1454 ρακισμδς
2591 1382 2744 1453 δηλοί
2765 1379 2863 1452 τὴν
2891 1380 3166 1451 ἀποϐολήν
3187 1396 3201 1411 ο
3235 1380 3350 1450 ὲρεῖ
3371 1377 3480 1449 γὰρ
3508 1379 3624 1440 τοῖς
3654 1374 3881 1429 τεθνεῶ-

2297 1491 2378 1527 σιν
2427 1477 2484 1526 ὲν
2525 1473 2844 1543 ἁμαρτίαις·
2899 1491 2919 1523 ι
2945 1469 3250 1543 Πορεύεσθε
3308 1469 3402 1521 ἀπ’
3438 1465 3571 1537 ἐμοῦ
3595 1509 3611 1532 ,
3641 1481 3882 1535 κατηρα-

2298 1568 2471 1638 μένοι,
2498 1569 2577 1630 είς
2597 1566 2657 1618 τὸ
2684 1565 2796 1636 πῦρ
2817 1565 2876 1617 τὸ
2897 1563 3136 1622 αἰώνιον,
3164 1561 3225 1613 τὸ
3240 1558 3642 1646 ἡτοιμασμένον
3666 1557 3750 1626 τῷ
3768 1558 3879 1610 δια-

2298 1659 2438 1730 ϐόλῳ
2519 1660 2613 1712 καὶ
2665 1661 2776 1721 τοῖς
2826 1656 3075 1724 ἀγγέλοις
3117 1655 3356 1706 αὐτοῦ’»
3407 1651 3733 1721 κριθήσεται
3779 1648 3881 1716 γὰρ

2293 1748 2457 1815 οὕτω,
2503 1749 2689 1818 φησὶν,
2721 1751 2753 1818 ή
2791 1748 3055 1817 σύμπασα
3088 1746 3180 1815 γῆ,
3225 1744 3316 1797 καὶ
3341 1743 3534 1814 ὥσπερ
3576 1739 3688 1796 ἀπὸ
3749 1743 3879 1812 ῥομ-

609 1825 969 1894 inevitabiles,
993 1839 1047 1884 et
1078 1831 1129 1885 in
1168 1829 1448 1887 ﬂammam
1502 1845 1730 1889 currunt
1783 1838 2178 1908 inexstinctam,

2291 1841 2457 1909 φαίας
2490 1841 2588 1910 τῆς
2618 1840 2768 1903 Θείας
2795 1838 2968 1909 ὀργῆς
2998 1837 3302 1908 πληγέντες
3335 1835 3522 1889 πολλοὶ
3545 1833 3880 1905 τραυματίαι

610 1917 925 1985 catenisque
954 1933 1175 1974 suorum
1213 1931 1559 1990 peccatorum
1589 1924 1893 1993 constricti,
1951 1930 2178 1982 maxime

2293 1937 2633 2007 γενήσονται.
2673 1929 2832 1988 Οὗτοι
2863 1933 2908 1986 δ’
2945 1934 3011 1987 ἂν
3059 1928 3168 1986 εἷεν
3210 1934 3258 1986 ol
3303 1932 3401 2003 τὴν
3441 1931 3686 1999 ἄφυκτον
3729 1927 3878 1996 δεχόο

606 2019 738 2062 vero
768 2006 998 2061 aliorum
1029 2009 1384 2079 subjicientur
1412 2011 1695 2082 supplicio,
1733 2013 1930 2084 inquit,
1990 2017 2178 2082 expiau‘

2296 2006 2452 2099 ¹μενοι
2480 2027 2658 2098 δίκην,
2690 2029 2786 2080 καὶ
2820 2029 2898 2090 είς
2932 2025 3198 2079 ἄσϐεστον
3227 2024 3514 2095 τρέχοντες
3555 2021 3756 2091 φλόγα,
3789 2019 3879 2072 καὶ

606 2107 663 2152 et
691 2099 902 2168 purgati
948 2101 1002 2154 in
1028 2101 1219 2167 hortis,
1253 2103 1304 2157 id
1339 2111 1442 2168 est,
1481 2105 1790 2175 rejicientes
1853 2107 2181 2178 redemptis-

2291 2121 2499 2190 σειραῖς
2531 2118 2641 2172 τῶν
2688 2118 2835 2171 ἰδίων
2878 2115 3368 2187 πλημμελημάτων
3403 2113 3835 2183 κατεσφιγμένοι
3859 2126 3877 2142 °

609 2205 731 2245 nem
772 2206 868 2261 per
902 2191 1217 2259 (Christum,
1251 2203 1307 2248 et
1364 2203 1772 2252 contemnentes
1821 2200 2050 2267 gratiam
2097 2215 2178 2269 pet

2292 2207 2526 2278 μάλιστα
2583 2207 2640 2260 δὲ
2686 2207 2798 2260 τῶν
2850 2207 3023 2262 ἄλλων
3086 2207 3542 2278 ὑπενεχθήσονται
3597 2208 3672 2276 τῇ
3728 2205 3877 2276 δίκῃ,

603 2293 1013 2338 sacrosanctum
1073 2283 1387 2354 baptisma,
1446 2301 1564 2355 qua:
1612 2287 1876 2356 justiﬁeat
1937 2290 2184 2359 impium,

605 2371 862 2440 omnique
919 2380 1100 2427 errato
1161 2373 1398 2428 absolvit
1450 2375 1688 2443 peccatis
1748 2388 2174 2448 conspurcatos,

605 2470 855 2516 amantes
898 2461 1130 2532 denique
1197 2463 1250 2518 in
1303 2476 1490 2519 errore
1540 2466 1719 2534 potius
1758 2477 1813 2524 et
1873 2469 2180 2540 ignorantia

603 2554 832 2620 versari,
861 2563 915 2610 et
945 2569 1051 2610 non
1085 2555 1215 2611 deos
1281 2557 1527 2625 adorare,
1579 2558 1670 2628 qui
1717 2560 1880 2615 etiam
1930 2562 2016 2616 usi
2063 2571 2188 2618 sunt

605 2647 1014 2704 lustrationibus
1084 2648 1310 2719 impuris
1387 2657 1442 2705 et
1500 2651 1814 2708 immundis.
1885 2654 2187 2724 Expiantar

602 2739 835 2791 enimut
886 2737 1218 2804 existimant,
1272 2752 1392 2792 cum
1448 2753 1575 2807 erga
1625 2740 1830 2811 seipsos
1879 2739 2181 2812 falluntur;

602 2829 686 2884 vel
716 2829 860 2884 enim
888 2829 1315 2900 aspergebantur
1339 2830 1512 2899 aquis,
1551 2830 1635 2885 vel
1662 2831 1812 2887 laces
1836 2833 2017 2904 igneas
2065 2846 2184 2889 tan-

604 2936 764 2992 quam
793 2922 845 2976 in
878 2923 1066 2977 orbem
1096 2921 1562 2990 circumferentes,
1602 2925 1812 2980 animas
1847 2940 1974 2981 suas
2026 2926 2183 2982 vitio-

603 3027 723 3067 rum
761 3012 1188 3082 inquinamentis
1222 3011 1453 3068 foedatas
1477 3013 1796 3083 abstergere
1825 3029 1881 3068 se
1898 3015 2176 3084 putabant.

603 3106 757 3172 Quod
820 3115 1000 3160 autem
1069 3105 1386 3160 munditiem
1436 3120 1649 3160 omnem
1711 3120 1775 3161 ac
1855 3107 2176 3174 probitatem

2293 2301 2486 2370 φησὶν,
2535 2301 2584 2353 ol
2634 2298 2977 2368 ἁγνιζόμενοι
3023 2300 3118 2354 καὶ
3166 2298 3585 2370 καθαριζόμενοι
3632 2299 3715 2359 είς
3753 2297 3878 2359 τοὺς

2288 2377 2524 2460 κήπους,
2570 2389 2886 2457 τουτέστιν,
2943 2390 2994 2442 οἱ
3042 2389 3431 2459 παρωσάμενοι
3482 2386 3580 2456 μὲν
3631 2383 3736 2454 τὴν
3791 2383 3876 2436 διὰ

2287 2477 2526 2550 Χριστοῦ
2554 2478 2844 2550 λύτρωσιν,
2870 2480 2964 2534 καὶ
2995 2479 3096 2550 τὴν
3124 2478 3214 2532 διὰ
3242 2477 3338 2532 τοῦ
3373 2477 3531 2546 ἁγίου
3561 2475 3878 2546 βαπτίσμα-

2284 2586 2377 2634 τες
2405 2571 2772 2642 ἀτιμάσαντες
2795 2572 2977 2642 χάριν,
3031 2569 3348 2624 δικαιοῦσαν
3395 2569 3487 2622 τὸν
3527 2567 3725 2636 ἀσεϐῆ,
3783 2567 3878 2620 καὶ

2285 2660 2488 2722 παντὸς
2519 2661 2846 2730 αίτιάματος
2873 2661 3325 2714 ἀπαλλάττουσαν
3369 2661 3493 2724 τοὺς
3535 2663 3656 2722 ταῖς
3693 2659 3877 2729 ἁμαρ-

2284 2749 2430 2812 τίαις
2461 2750 2907 2820 μεμολυσμένους
2933 2769 2947 2805 τ
2976 2751 3362 2820 ἀγαπήσαντες
3391 2751 3448 2805 δὲ
3479 2751 3679 2820 μᾶλλον
3721 2752 3784 2802 τὸ
3816 2753 3874 2802 ὲν

2286 2841 2463 2914 πλάνῃ
2540 2842 2634 2895 καὶ
2675 2841 2867 2914 ἀγνοίᾳ
2915 2845 3256 2913 περιπατεῖν,
3303 2844 3397 2896 καὶ
3432 2843 3574 2906 Θεοῖς
3610 2845 3725 2906 τοῖς
3775 2843 3875 2895 οὐκ

2283 2928 2403 2986 οὖσι
2432 2937 2776 3004 προσκυνεῖν,
2831 2935 2880 2986 οἳ
2918 2935 3013 2987 καὶ
3053 2935 3349 3006 κέχρηνται
3391 2938 3876 3007 περιρραντηρίοις

2282 3021 2612 3094 ἀκαθάρτοις
2655 3025 2749 3077 καὶ
2784 3027 3071 3095 ῥυπαροῖς.
3125 3025 3568 3095 Περιαγνξζονται
3615 3029 3749 3099 γάρ,
3797 3029 3875 3094 ὡς

2282 3117 2412 3186 γοῦν
2442 3119 2667 3185 οἴονται,
2705 3120 2844 3172 κατά
2874 3122 3013 3188 σφᾶς
3044 3121 3239 3185 αὐτοὺς
3270 3121 3573 3184 πλανῶντες
3611 3121 3704 3174 καὶ
3736 3121 3874 3174 πλα-

601 3212 826 3268 prorsus
849 3196 1210 3268 neglexerint,
1245 3207 1299 3251 et
1359 3211 1425 3251 ne
1463 3199 1692 3251 humana
1746 3199 1959 3266 quidem
2002 3209 2177 3255 mente

2283 3209 2534 3279 νώμενοι.
2574 3212 2646 3263 ’Ἦ
2673 3213 2782 3282 γὰρ
2825 3211 2979 3264 ὕδασι
3020 3214 3458 3282 κατερῤαἰνοντο,
3497 3214 3663 3282 ήγουν
3699 3213 3868 3283 δᾷδας

599 3287 809 3358 υνξεόίιί
860 3286 1081 3354 fuerint,
1137 3288 1232 3342 sed
1293 3287 1558 3358 jumentis
1611 3287 1998 3357 insipientibus
2045 3290 2179 3344 assi-

601 3380 776 3446 miles,
805 3381 1061 3443 ostendit,
1085 3395 1206 3434 cum
1234 3379 1400 3433 dicit:
1432 3378 1731 3448 Expiantur
1763 3381 1814 3434 in
1873 3381 2068 3447 hortis,
2125 3381 2177 3435 id

601 3480 710 3538 est,
749 3471 803 3525 in
836 3468 1159 3524 nemoribus
1197 3469 1282 3523 vel
1302 3469 1477 3534 silvis,
1508 3471 1608 3525 sub
1627 3484 1828 3538 quercu
1886 3481 1940 3526 et
1984 3471 2178 3542 papulo

599 3573 656 3616 et
695 3561 890 3616 arbore
949 3562 1224 3614 umbrosa.
1279 3559 1718 3615 Exstruebantur
1780 3577 2014 3631 namque
2070 3563 2178 3618 illic

599 3654 669 3708 ab
699 3653 828 3724 ipsis
889 3667 1000 3708 ara:
1019 3660 1076 3708 et
1127 3651 1347 3708 delubra
1389 3653 1741 3720 daemonibus,
1786 3655 1839 3709 in
1899 3655 2176 3712 vestibulis

598 3754 780 3800 autem
837 3744 1188 3801 delubrorum
1243 3745 1496 3800 carnibus
1569 3745 1742 3802 suillis
1797 3748 2172 3803 vescebantur.

597 3839 752 3907 Quod
782 3838 998 3909 quidem
1019 3847 1396 3909 argumentum
1419 3847 1504 3893 est
1545 3837 1795 3894 luxuriae.
1860 3841 2176 3895 Adorabant

598 3932 1030 3988 abominationes
1072 3938 1126 3986 et
1170 3945 1400 3986 murem.
1426 3929 1505 3985 Eo
1558 3935 1701 3988 enim
1737 3932 1981 3987 stultitia:
2038 3931 2172 4003 lapsi

593 4033 755 4082 erant
791 4023 1156 4095 superstitiosi
1175 4023 1404 4092 aliquot,
1427 4031 1485 4077 ut
1513 4024 1678 4078 etiam
1711 4023 1942 4078 murium
1970 4033 2173 4079 statuas

594 4133 658 4173 ac
688 4117 890 4186 ﬁguras
915 4116 1200 4172 baberent.
1277 4114 1383 4170 Sed
1415 4114 1466 4168 1ιί
1495 4127 1704 4180 omnes,
1765 4112 1961 4183 inquit,
2013 4111 2172 4168 simul

593 4224 760 4264 consu
771 4217 1003 4274 meatur,
1023 4207 1076 4262 id
1097 4204 1554 4276 est,pariter}cum
1579 4204 1766 4259 lsracli
1784 4205 1962 4275 tisﬁqui
1982 4205 2171 4261 inobe-

593 4298 806 4352 dientes
851 4295 1092 4352 fuerunt.
1150 4297 1363 4352 Etenim
1399 4311 1418 4347 ι
1457 4293 1569 4367 Ego
1591 4295 1711 4350 novi
1741 4309 1904 4364 opera
1955 4311 2164 4365 eorum,

591 4399 649 4444 et
675 4388 1060 4460 cogitationem
1094 4401 1301 4443 eorum.
1342 4405 1361 4439 ι
1414 4386 1805 4456 Cogitationem
1835 4387 1959 4442 dicit
2003 4389 2169 4443 ratio-

593 4481 756 4547 cinia,
805 4496 923 4552 quae
944 4478 1304 4545 secuti,l(eda
1334 4479 1448 4532 haec
1507 4476 1746 4532 facinora
1797 4480 2159 4534 invenerunt:

2279 3303 2394 3372 πῦρ
2429 3303 2872 3374 περιενεγκόντες
2907 3302 3114 3374 κύκλῳ,
3163 3304 3485 3374 διασμήχειν
3517 3304 3618 3366 τὰς
3660 3304 3872 3358 ἑαυτῶν

2279 3393 2458 3464 ψυχὰς
2489 3394 2594 3448 τῶν
2629 3397 2693 3447 ὲκ
2723 3393 3058 3465 φαυλότητος
3086 3395 3365 3464 λογισμῶν
3395 3394 3505 3466 [αι.
3532 3395 3868 3469 μολυσμῶν]

2278 3484 2468 3555 ᾠοντο.
2511 3485 2636 3538 Ὅτι
2689 3485 2745 3537 δὲ
2792 3485 3150 3555 κοσμιότητος
3200 3486 3294 3538 καὶ
3345 3485 3675 3548 ὲπιεικείας⁵
3693 3485 3871 3548 οὐδείς

2279 3577 2395 3630 ἐστι
2426 3577 2706 3639 παντελῶς
2733 3577 2883 3647 παρά
2915 3593 2978 3644 γε
3006 3578 3122 3640 τοῖς
3155 3576 3418 3641 τοιούτοις
3453 3578 3482 3629 ό
3525 3577 3707 3644 λόγος,
3752 3576 3866 3630 ἀλλ’

2277 3667 2398 3721 οὐδὲ
2444 3668 2569 3732 νοῦς
2615 3667 3121 3738 ἀνθρωποπρεπὴς,
3174 3666 3741 3738 παρασυνεὸλήθησαν
3806 3666 3864 3718 δὲ

2280 3760 2479 3829 μᾶλλον
2535 3763 2648 3822 τοῖς
2702 3763 2924 3831 κτήνεσι
2980 3761 3093 3823 τοῖς
3163 3760 3432 3828 ἀνοήτοις,
3503 3757 3865 3811 διαδείκνυσιν

2277 3849 2467 3915 εἰπὼν,
2499 3850 2581 3903 ὅτι
2625 3850 2935 3918 ἁγνίζονται
2974 3849 3072 3919 μὲν
3113 3848 3171 3900 ὲν
3199 3848 3418 3918 κήποις,
3455 3846 3756 3910 τουτέστιν,
3807 3845 3864 3897 ἐν

2277 3945 2391 4006 τοῖς
2444 3942 2687 4008 ἄλσεσιν,
2724 3942 2892 4012 ἤγουν
2934 3941 3194 4012 δρυμοῖς,
3240 3938 3499 3992 ὑποκάτω
3547 3936 3711 4006 δρυὸς
3769 3935 3865 3989 καὶ

2269 4030 2490 4102 λεύκης,
2532 4033 2626 4085 καὶ
2653 4032 2868 4104 δένδρου
2915 4031 3317 4094 συσκιάζοντος.
3375 4026 3850 4097 Ἐξῳκοδόμηνται

2271 4122 2381 4193 γὰρ
2408 4122 2538 4194 παρ’
2559 4122 2738 4176 αὐτῶν
2774 4123 2967 4177 αὐτόσε
3014 4121 3187 4194 βωμοὶ
3227 4121 3322 4175 καὶ¹
3358 4121 3560 4190 τεμένη
3590 4121 3708 4182 τοῖς
3745 4116 3861 4170 δαί-

2275 4231 2453 4285 μοσιν,
2496 4214 2556 4267 ὲν
2595 4214 2652 4268 δὲ
2694 4217 2810 4277 τοῖς
2868 4212 3163 4284 προθύροις
3211 4212 3320 4267 τῶν
3379 4209 3622 4282 τεμενῶν
3671 4208 3862 4281 ἢσθιον

2270 4305 2440 4376 κρέας
2464 4304 2628 4360 ὕειον.
2684 4305 2984 4372 Ἀπόδειξις
3011 4305 3068 4358 δὲ
3097 4305 3191 4358 καὶ
3219 4304 3380 4358 τοῦτο
3404 4303 3634 4374 τρυφῆς.
3679 4303 3861 4372 Προσ⁸

2270 4395 2498 4450 εκύνουν
2531 4397 2586 4450 δὲ
2617 4399 2713 4451 καὶ
2765 4397 2833 4452 τὰ
2869 4397 3210 4470 βδελύγματα
3257 4396 3353 4450 καὶ
3397 4395 3485 4448 τὸν
3537 4391 3663 4464 μῦν.
3710 4391 3861 4446 Καθ-

2273 4487 2447 4541 ίκοντο
2475 4489 2583 4559 γὰρ
2616 4489 2745 4554 ἴσως
2763 4492 2842 4554 είς
2881 4489 3039 4544 τοῦτο
3085 4487 3505 4561 φρενοϐλαϐείας
3542 4484 3654 4538 τῶν
3694 4484 3859 4537 δεισι-

593 4575 734 4629 unde
774 4575 886 4629 istae
937 4573 1098 4626 etiam
1144 4570 1577 4624 almminationes
1639 4571 1994 4640 irrepserunt,
2042 4587 2164 4627 cum

2283 4546 2741 4650 ΞαιμόνωνΙτινὲςξ
2767 4546 2843 4644 ὡς
2881 4581 2973 4634 καὶ
3024 4546 3174 4651 μυῶν
3216 4579 3360 4650 ἔχειν
3391 4579 3449 4630 ὲν
3486 4546 3676 4647 σηκοῖς
3712 4574 3856 4646 ἱδρύ-

592 4679 754 4719 unnm
780 4672 970 4716 natura
999 4672 1052 4715 et
1085 4676 1208 4715 vere
1256 4659 1424 4715 Deum
1452 4659 1628 4714 colere
1657 4661 2003 4730 Oportuissct.

2277 4670 2420 4738 ματά
2448 4687 2508 4722 τε
2542 4669 2637 4722 καὶ
2665 4670 2891 4733 τύπους.
2928 4671 3066 4723 Ἀλλ’
3089 4664 3232 4724 οῦτοι
3268 4671 3490 4732 πάντες,
3522 4667 3728 4737 ῖφησὶν,
3762 4665 3854 4717 ἐπὶ

590 4755 650 4807 τὸ
697 4753 827 4806 αὐτὸ
871 4750 1331 4821 άναλωθήσονται,
1373 4751 1864 4822 τουτέστιν,;όμοῦ
1932 4755 2044 4816 τοῖς
2092 4754 2454 4830 ἀπειθήσασιν
2510 4761 2568 4825 ἐξ
2639 4761 2890 4832 Ἰσραήλ·
2923 4779 2942 4812 ι
2997 4760 3140 4830 Ἐγὼ
3182 4759 3291 4830 γὰρ
3348 4759 3518 4826 ἔγνων
3587 4757 3659 4810 τὰ
3718 4754 3855 4826 ἔργα

589 4847 768 4900 αὐτῶν
799 4847 893 4900 καὶ
920 4845 1009 4897 τὸν
1060 4845 1319 4916 λογισμὸν
1343 4846 1542 4900 αὐτῶν.
1572 4865 1590 4898 ι
1634 4847 1909 4918 Λογισμδν
1943 4847 1998 4901 δέ
2035 4867 2166 4921 φησι
2239 4855 2336 4918 τὰς
2375 4855 2716 4928 ἐνθυμήσεις,
2751 4851 2838 4920 αἷς
2895 4855 3358 4928 ἀκολουθήσαντες
3380 4852 3621 4924 αἰσχρῶν
3656 4853 3857 4919 ἐπιχειο

593 4942 850 5012 ρημάτων
879 4940 1164 5008 γεγόνασιν
1195 4941 1437 5011 εὑρεταὶ,
1467 4941 1533 4994 δι’
1561 4935 1636 4995 ὧν
1675 4942 1858 5006 αὐτοῖς
1889 4945 1981 4997 καὶ
2035 4947 2067 5016 ἡ
2129 4946 2234 5001 τῶν
2275 4949 2659 5022 βδελυγμάτων
2701 4953 2924 5022 γέγονεν
2963 4951 3212 5024 εἰσφορὰ,
3258 4950 3437 5003 καίτοι
3481 4948 3600 5002 δέον
3656 4949 3739 5001 ἑνὶ
3776 4947 3852 5017 τῷ

589 5036 750 5107 φύσει
798 5034 892 5088 καὶ
923 5033 1136 5104 άληθῶς
1161 5035 1444 5106 λατρεύειν
1473 5036 1612 5108 Θεῷ.

663 5125 821 5182 Vsus.
859 5125 1042 5192 18,19.
1084 5122 1244 5179 Venio
1277 5135 1333 5179 ut
1354 5143 1659 5197 congregem
1689 5146 1863 5184 omnes
1891 5141 2066 5200 gentes
2114 5143 2162 5186 et

588 5220 816 5289 linguas.
847 5216 914 5270 Et
959 5217 1182 5280 venient,
1237 5235 1300 5272 ac
1324 5218 1571 5272 videbunt
1599 5220 1823 5289 gloriam
1860 5238 2074 5277 meam:
2124 5235 2172 5280 et

586 5311 847 5367 dimittam
895 5326 1052 5379 super
1108 5325 1194 5364 eos
1228 5311 1468 5379 signum:
1530 5311 1692 5382 917
1721 5323 1768 5367 et
1827 5317 2060 5370 emittam
2107 5334 2170 5371 ea:

588 5403 701 5457 illis
732 5405 822 5472 qui
857 5403 1048 5456 saluati
1097 5401 1293 5470 fuerint
1324 5405 1392 5455 ad
1429 5415 1625 5471 gentes,
1661 5415 1710 5459 et
1754 5406 1822 5458 ml
1862 5407 2094 5472 Tharsis,
2119 5421 2169 5464 et

583 5495 638 5548 in
668 5481 1007 5558 Phud,Lntl,
1039 5493 1274 5560 Mosae/1,
1326 5505 1374 5549 et
1423 5495 1634 5563 Thobel,
1697 5510 1742 5553 et
1779 5499 1833 5552 in
1883 5499 2161 5566 Graeciam,

581 5596 633 5640 et
678 5584 880 5640 insulas
907 5597 1151 5651 remotas,
1175 5587 1264 5658 qui
1298 5587 1698 5642 nonaudierunt
1727 5606 1911 5645 nomen
1965 5608 2157 5656 meum,

654 5757 702 5791 ⁸⁸
721 5758 868 5818 Psal.
897 5774 1064 5829 um,
1095 5760 1179 5815 1-8.
1259 5762 1296 5794 ’³
1331 5760 1519 5817 Matth.
1559 5779 1683 5829 xxv,
1717 5763 1804 5818 Η.

2345 5135 2624 5204 Ἔρχομαι
2662 5135 3027 5205 συναγαγεῖν
3062 5133 3258 5188 πάντα
3286 5133 3357 5188 τὰ
3395 5133 3561 5200 ἔθνη,
3600 5133 3701 5185 καί
3747 5134 3852 5198 τὰς

2269 5226 2572 5296 γλώσσας.
2611 5227 2721 5280 Καὶ
2759 5227 2999 5294 ἥξουσι,
3059 5227 3155 5281 καὶ
3202 5226 3454 5293 ὄψονται
3499 5223 3615 5291 τὴν
3659 5223 3851 5287 δόξαν

2260 5336 2399 5388 μου,
2461 5318 2563 5372 καὶ
2627 5319 2970 5386 καταλείψω
3017 5317 3110 5370 ἐπ’
3164 5316 3385 5380 αὐτοὺς
3439 5314 3691 5382 σημεῖα,
3749 5314 3848 5366 καὶ

2263 5406 2652 5474 ἐξαποστελῶ
2680 5407 2747 5472 ἐξ
2774 5406 2973 5461 αὐτῶν
3011 5405 3438 5475 σεσωσμένους
3463 5407 3552 5470 είς
3573 5405 3647 5456 τὰ
3674 5403 3845 5469 ἔθνη,

2263 5503 2358 5557 καί
2382 5505 2468 5569 είς
2489 5501 2760 5571 Θαρσεῖς,
2793 5500 2892 5554 καὶ
2934 5499 3231 5566 Φοὺδ,καὶ
3256 5497 3417 5553 Λοὺδ
3435 5537 3449 5560 ,
3483 5497 3577 5550 καὶ
3611 5494 3845 5563 Μοσὸχ,

2261 5594 2359 5650 καὶ
2392 5593 2598 5662 Θοϐὲλ,
2633 5591 2732 5648 καὶ
2755 5594 2841 5660 εἰς
2885 5591 2998 5661 τὴν
3043 5589 3328 5654 Ἑλλάδα,
3362 5588 3459 5642 καὶ
3487 5590 3571 5655 εις
3598 5587 3704 5653 τὰς
3735 5583 3847 5655 νή·-
