4148 6530
334 332 474 390 1445

1431 327 1501 381 1N
1541 326 1774 382 ISAIAM
1812 325 1942 382 ΠΒ.
1988 325 2050 380 ν.
2095 325 2328 382 TOMUS
2367 327 2452 382 Vl.

3447 326 3583 384 1446

331 465 487 516 σσυς
515 449 618 517 τὰς
644 451 862 518 adopto,
900 449 954 502 οἳ
988 451 1097 502 οὐκ
1125 450 1427 517 ἀκηκόασί
1453 467 1572 519 μου
1601 450 1668 501 τὸ
1709 449 1893 517 ὄνομα

2021 465 2182 518 neque
2215 449 2451 501 viderunt
2488 448 2708 516 gloriam
2741 462 2928 512 meam,
2959 447 3442 516 annuntiabuntque
3465 446 3578 516 glo-

332 541 476 596 οὺδὲ
518 541 812 610 ἑωράκασι
856 539 968 609 τὴν
996 541 1185 605 δόξαν
1205 559 1346 610 μου,
1379 541 1476 594 καί
1507 541 1900 611 (iram-etwa

2017 539 2149 591 riam
2185 553 2351 592 meam
2372 539 2508 591 inter
2523 545 2720 605 gentes.

327 650 431 702 μοι
460 631 576 701 τὴν
598 632 789 697 δόξαν
813 632 882 686 ἐν
907 633 1032 699 τοῖς
1068 635 1326 688 ἔθνεσιν.

430 723 914 793 Δνακεφαλαίωσιν
955 723 1142 795 ὥσπερ
1185 725 1306 778 τινὰ
1340 723 1434 776 τοῦ
1484 723 1681 786 παντὸς
1726 722 1904 790 λόγου,

333 813 424 865 καὶ
459 814 676 883 ἁπάσης
722 816 1061 886 προφητείας
1102 816 1188 868 διὰ
1229 815 1457 868 τουτωνὶ⁹
1495 818 1729 868 ποιεῖται
1776 815 1909 884 Χρι-

333 904 477 967 στὸς,
509 906 600 957 καὶ
628 905 703 968 ὼς
736 907 793 958 ὲν
850 905 1076 977 βραχέσι
1113 907 1208 960 ita).
1242 906 1686 976 συνεσταλμένως
1727 905 1908 973 ἀπαγ-

331 994 510 1064 γέλλει
560 995 628 1049 τὰ
684 997 779 1049 ἀπ’
831 998 1006 1068 ἀρχῆς
1047 997 1210 1068 μέχρι
1251 997 1459 1061 τέλους,
1490 997 1585 1050 καὶ
1629 997 1728 1066 τῆς
1770 994 1908 1066 μετά

277 1075 290 1084 ’
333 1087 534 1158 σαρκὸς
578 1087 892 1156 οἰκονομίας
935 1089 1034 1156 τὴν
1078 1089 1325 1158 δύναμιν.
1379 1088 1756 1158 Διαμέμνηται
1799 1087 1907 1159 γὰρ

329 1178 423 1231 καὶ
454 1178 552 1248 τῆς
575 1175 822 1248 κλήσεως
844 1177 953 1230 τῶν
983 1177 1170 1244 ὲθνῶν,
1200 1179 1294 1231 καὶ
1321 1179 1419 1249 τῆς
1442 1179 1550 1231 τῶν
1574 1180 1742 1248 ἁγίων
1772 1181 1907 1232 ἀπο-

330 1269 534 1322 σ.όλων
576 1269 915 1335 ἀναδείξεως,
961 1272 1054 1324 καὶ
1086 1271 1166 1324 ὅτι
1205 1271 1712 1343 προσκυνηθήσεται
1755 1272 1906 1342 παρά

321 1360 511 1432 πάσης
542 1361 640 1432 τῆς
671 1362 761 1413 ὑπ’
783 1361 1030 1431 οὐρανόν.
1081 1361 1137 1414 '0
1166 1363 1264 1432 μὲν
1292 1361 1399 1432 γὰρ
1435 1362 1602 1414 πάλαι
1632 1361 1813 1430 νόμος,
1846 1360 1905 1414 ἓν

325 1447 421 1499 καὶ
453 1447 611 1516 μόνον
637 1449 943 1518 συνήγαγεν
960 1447 1298 1519 ἔθνο;,δῆλον
1319 1450 1375 1501 δὲ
1394 1451 1475 1502 ὅτι
1494 1450 1553 1502 τὸ
1578 1451 1637 1514 ἐξ
1665 1449 1900 1521 Ἰσραὴλ,

326 1538 421 1591 καὶ
457 1539 586 1607 μίαν
617 1539 840 1592 ἐκάλεσε
873 1539 1144 1607 γλῶσσαν.
1177 1539 1236 1594 Ὀ
1279 1541 1335 1592 δὲ
1365 1541 1567 1610 Κύριος
1606 1540 1763 1610 ήμῶν
1802 1543 1904 1609 ’1η-

326 1629 453 1694 σοῦς
484 1630 718 1700 Χριστὸς
762 1631 884 1700 οὐχί
929 1631 1110 1700 μόνοις
1156 1634 1269 1694 τοῖς
1301 1633 1358 1697 ἐξ
1397 1633 1626 1701 αἵματος
1663 1633 1897 1703 Ἰσραὴλ,

321 1719 422 1787 τῆς
452 1721 590 1789 μετά
627 1720 824 1790 σαρκὸς
859 1721 1164 1790 οἰκονομίας
1194 1722 1294 1791 τὴν
1337 1722 1565 1792 δύναμιν
1596 1723 1898 1794 ἐχαρίζετο,

2080 712 2550 780 Anacephaiaeosin
2587 712 2880 782 quamdam
2911 712 3061 767 hisce
3117 712 3298 767 verbis
3332 711 3462 767 facit
3501 722 3579 768 to-

2010 801 2117 857 tius
2165 804 2429 858 orationis
2485 814 2539 858 et
2585 805 2749 860 tutius
2791 804 3086 874 prophetiae
3143 804 3390 860 Christus
3446 825 3461 860 :
3524 813 3581 860 et

2007 893 2246 948 breviter
2275 895 2536 965 quasique
2565 896 2838 950 succincte
2865 910 2985 965 quae
3011 895 3078 950 ab
3127 895 3280 950 initio
3307 896 3372 950 ad
3419 896 3578 950 linem
3606 901 3618 968 ᾖ

2008 997 2178 1053 usque
2225 981 2366 1037 facta
2420 994 2564 1048 sunt,
2636 987 2997 1054 virtutemque
3048 985 3467 1054 dispensationis
3521 971 3614 1039 in‘

2007 1089 2172 1130 carne
2196 1075 2430 1143 expedit.
2464 1074 2866 1130 Commemorat
2917 1077 3060 1130 enim
3123 1086 3177 1131 et
3237 1077 3578 1132 vocationem

2007 1166 2244 1236 gentium
2285 1177 2337 1220 et
2361 1177 2672 1222 sanctorum
2718 1167 3085 1236 apostolorum
3133 1166 3574 1238 patelactionem,

2007 1267 2060 1310 et
2101 1259 2241 1326 quod
2297 1260 2365 1314 ab
2425 1260 2677 1314 universo
2730 1267 2996 1314 terrarum
3049 1260 3181 1314 orbe
3240 1258 3574 1315 adorabitur.

2009 1346 2172 1402 Vetus
2201 1348 2345 1402 enim
2376 1348 2457 1402 lex
2487 1365 2642 1404 unam
2668 1350 2836 1406 solam
2867 1359 3105 1422 gentem,
3129 1351 3382 1405 nimirum
3406 1351 3579 1407 Israe-

2005 1436 2204 1492 liticam
2227 1441 2594 1510 congregavit,
2631 1452 2682 1495 et
2705 1458 2864 1496 unam
2893 1442 3128 1512 linguam
3170 1442 3406 1497 vocavit.
3468 1443 3572 1497 Do-

2005 1527 2180 1580 minus
2203 1536 2379 1582 autetn
2405 1538 2588 1582 noster
2615 1529 2770 1585 Jesus
2797 1530 3046 1585 Christus
3095 1546 3199 1585 non
3235 1531 3366 1586 solis
3402 1530 3576 1588 Israe-

2003 1617 2150 1672 litico
2171 1621 2432 1689 sanguine
2454 1622 2586 1676 ortis
2610 1622 2863 1676 virtutem
2889 1623 3312 1692 dispensationis
3349 1625 3400 1676 in
3454 1639 3576 1678 car-

2006 1724 2071 1763 ne
2099 1709 2384 1778 impertiit,
2412 1713 2506 1765 sed
2545 1714 2687 1765 Omni
2715 1723 2769 1766 et
2790 1714 2932 1781 genti
2958 1726 3014 1767 et
3055 1715 3266 1780 linguae.
3292 1715 3571 1783 Siquidem

323 1810 462 1864 ἀλλά
505 1811 610 1881 γὰρ
651 1811 793 1864 ἔθνει
827 1812 986 1863 παντὶ
1036 1812 1128 1863 καὶ
1164 1813 1399 1874 ἀπάσαις
1429 1811 1723 1880 γλώσσαις.
1758 1813 1900 1882 Ἔφη

2007 1801 2139 1854 dixit
2173 1817 2269 1870 per
2326 1803 2496 1873 lyram
2545 1803 2871 1860 Psallentis:
2935 1825 2952 1858 ι
2981 1808 3176 1860 Audite
3225 1808 3603 1879 haec,omnes.

323 1900 454 1969 γοῦν
499 1900 586 1954 διὰ
642 1901 742 1971 τῆς
787 1902 879 1954 τοῦ
925 1901 1235 1965 Ψὰλλοντος
1273 1902 1472 1972 λύραςο
1522 1918 1544 1955 ι
1611 1902 1901 1955 Ἀκούσατε

324 1989 522 2056 ταῦτα,
547 1991 727 2045 πάντα
757 1992 824 2044 τὰ
845 1991 972 2063 ἔθνη
995 2007 1008 2023 ο
1041 1991 1388 2057 ἐνωτίσασθε,
1414 1992 1613 2056 πάντες
1646 1995 1693 2046 oi
1723 2010 1904 2047 κατοι-

322 2081 546 2146 κοῦντες
570 2082 668 2154 τὴν
707 2083 1030 2153 οἰκουμένην
1055 2100 1068 2114 ’
1109 2101 1127 2134 ι
1165 2081 1359 2135 οὐκοῦν
1380 2083 1626 2146 ἅπαντας
1657 2085 1755 2152 μὲν
1779 2101 1902 2137 συν-

325 2169 458 2236 άξω,
481 2170 650 2241 φησιν
673 2187 687 2202 '
725 2191 744 2223 ‹
775 2173 1024 2239 Ἤξουσι,
1057 2173 1150 2225 καὶ
1171 2171 1394 2242 δψονται
1415 2171 1514 2243 τὴν
1538 2173 1692 2239 δόξαν
1727 2191 1848 2244 μου.
1874 2192 1894 2228 ι

321 2262 633 2334 Κέκληνται
660 2263 770 2335 γὰρ
789 2264 876 2317 διὰ
888 2264 1143 2327 πίστεως,
1167 2263 1262 2317 uati.
1279 2265 1328 2316 οί
1353 2263 1481 2318 ποτὲ
1505 2265 1724 2335 μακρὰν
1750 2265 1901 2328 ὄντες

323 2357 612 2423 γεγόνασιν
655 2357 842 2425 ἐγγὺς,
887 2357 979 2409 καὶ
1028 2355 1309 2409 τεθέανται
1353 2354 1452 2426 τὴν
1498 2355 1654 2420 δόξαν
1693 2355 1856 2410 αὑτοῦ
1882 2373 1895 2388 ο

324 2446 467 2512 πῶς,
506 2446 539 2518 ἢ
575 2447 696 2500 τίνα
723 2447 921 2518 τρόπον
973 2447 1266 2517 Ἀκηκόασι
1290 2446 1398 2518 γὰρ
1430 2446 1518 2500 διὰ
1542 2447 1650 2500 τῶν
1671 2447 1900 2518 εὐαγγε-

318 2538 487 2592 λικῶν
534 2539 927 2610 κηρυγμάτων,
961 2539 1042 2592 ὅτι
1076 2538 1170 2592 καὶ
1207 2538 1454 2609 ίσουργὸς
1483 2540 1578 2592 καὶ
1621 2539 1897 2612 ίσοσθενής

321 2629 437 2682 ἐστι
466 2627 543 2698 τῷ
569 2627 687 2698 Θεῷ
713 2629 808 2681 καὶ
836 2628 1033 2698 Πατρὶ,
1058 2628 1152 2680 καὶ
1180 2627 1286 2680 τῶν
1313 2628 1455 2700 ὑπὲρ
1491 2629 1647 2696 λόγον
1676 2631 1899 2698 γέγονεν

321 2716 707 2787 ἀποτελεστής,
725 2715 866 2772 ὥστε
885 2717 980 2770 καὶ
1004 2717 1233 2788 νεκροὺς
1250 2719 1314 2771 ὲκ
1343 2718 1641 2788 μνημάτων
1663 2721 1893 2791 ἐγεῖραι,

321 2809 417 2864 καὶ
447 2809 668 2879 τυφλοῖς
705 2810 904 2864 ἐνεῖναι
950 2808 1010 2861 τὸ
1043 2807 1178 2876 φῶς,
1215 2808 1377 2881 ἕτερά
1422 2816 1480 2860 τε
1515 2809 1652 2881 πρὸς
1689 2810 1898 2873 τούτοις

319 2899 658 2970 ἐργάσασθαι
693 2897 761 2951 τὰ
793 2897 993 2960 παντὸς
1031 2896 1156 2962 ἀξια
1188 2897 1282 2949 καὶ
1332 2897 1512 2964 λόγου,
1547 2899 1641 2950 καὶ
1690 2897 1897 2968 θαύμα-

319 3006 432 3054 τος.
459 2990 665 3058 Ἠγουν
689 2987 809 3042 καθ’
839 2988 1026 3058 ἕτερον
1059 2989 1280 3058 τρόπον’
1313 2987 1598 3041 τεθέανται
1620 2987 1716 3058 τὴν
1743 2989 1896 3055 δόξαν

320 3079 508 3144 αὐτοῦ,
556 3077 1077 3150 μυσταγωγηθέντες
1122 3080 1204 3132 ὅτι
1244 3077 1376 3139 Θεὸς
1404 3072 1471 3148 ἦν
1520 3080 1548 3129 6
1577 3079 1768 3145 Λόγος,
1801 3081 1894 3132 καὶ

319 3137 907 3242 γέγονεν.ἀνθρωπος’·
946 3171 1006 3222 οὐ
1037 3137 1145 3239 γὰρ
1181 3170 1322 3222 κατὰ
1357 3137 1484 3233 τους
1526 3137 1808 3234 Ἰουδαίους
1843 3174 1891 3224 οί
1923 3137 1966 3198 C

319 3261 382 3327 ἐξ
417 3260 586 3314 ὲθνῶν
625 3261 880 3331 εἰρήκασι
903 3275 916 3287 ·
954 3278 970 3310 ι
1019 3259 1171 3312 Διατί
1208 3260 1271 3311 σὺ
1299 3258 1581 3330 ἄνθρωπος
1605 3259 1680 3313 ὢν
1723 3263 1894 3325 ποιεῖς

320 3352 542 3405 σεαυτὸν
582 3351 752 3417 Θεόν;
806 3371 825 3402 ι
872 3349 1276 3418 Ἐπεγνωκότες
1329 3349 1385 3402 δὲ
1452 3349 1651 3420 μᾶλλον
1702 3350 1760 3403 τὸ
1809 3353 1894 3404 ἐπ’

315 3441 471 3512 αὐτῷ
506 3440 938 3511 μυστήριον,τὰς
969 3439 1118 3510 ἱερὰς
1142 3439 1358 3503 ὲκείνας
1380 3440 1650 3494 ἀναϐοῶσι
1679 3441 1892 3511 φωνάς’

323 3549 346 3584 c
392 3531 464 3584 Σὺ
489 3527 539 3584 εἶ
564 3533 593 3586 6
613 3531 846 3602 Χριστὸς
874 3533 901 3584 ὁ
934 3531 1060 3594 Tib;
1083 3530 1175 3584 τοῦ
1204 3530 1337 3584 Θεοῦ
1374 3532 1469 3584 τοῦ
1495 3531 1715 3599 ζῶντος,
1757 3551 1776 3584 ι
1803 3534 1896 3586 καὶ

321 3623 430 3694 μὴν
456 3624 673 3676 κάκεῖνο
704 3622 842 3693 πρὸς
876 3621 1049 3692 τούτῳ
1081 3622 1142 3675 τὸ
1183 3621 1272 3675 διὰ
1309 3622 1420 3677 τῶν
1464 3622 1632 3692 ἁγίων
1661 3625 1894 3678 ἀποστό-

312 3713 446 3780 λων,
486 3733 506 3766 ι
557 3713 798 3785 Ἀληθῶς
822 3714 956 3768 Θεοῦ
987 3715 1114 3778 Υἱὸς
1141 3711 1210 3768 εἴ.
1249 3734 1268 3767 ι
1309 3716 1558 3770 Τέθειται
1589 3717 1646 3770 δὲ
1684 3717 1778 3770 καὶ
1807 3718 1893 3771 ἐπ’

315 3807 503 3869 αὐτοῖς
543 3808 767 3878 σημεῖον
788 3822 801 3834 ·
833 3807 908 3870 ὡς
937 3806 1046 3878 γὰρ
1081 3809 1108 3859 6
1136 3807 1348 3870 Παῦλος
1388 3825 1553 3878 φησιν
1574 3847 1588 3873 ,
1619 3827 1638 3859 ‹
1661 3809 1896 3880 Ἐσφρα-

313 3897 584 3968 γίσθημεν
617 3897 696 3968 τῷ
729 3896 1000 3968 πνεύματι
1045 3899 1144 3970 τῆς
1175 3898 1622 3969 ἀπολυτρώσεως,
1650 3901 1746 3954 καὶ
1773 3902 1895 3963 ταῖς

315 3989 572 4044 ἁπάντων
623 3987 779 4061 ήμῶν
827 3989 1078 4060 καρδίαις
1133 3989 1486 4062 ὲνεμορφὼθη
1527 3991 1763 4061 Χριστὸς
1806 3992 1895 4046 διὰ

319 4081 554 4152 μετοχῆς
568 4079 663 4134 τοῦ
685 4081 841 4150 ἁγίου
865 4081 1004 4135 Πνεύ
1013 4098 1198 4152 ματος.
1223 4099 1242 4132 ι
1276 4082 1407 4134 Ἀπὸ
1425 4081 1482 4134 δέ
1497 4098 1560 4150 γε
1576 4082 1683 4134 τῶν
1701 4083 1895 4137 ἀνασε-

319 4171 636 4241 σωσμένων,
663 4173 844 4243 φησὶν,
871 4170 1152 4225 ἀποστελῶ
1172 4172 1252 4234 είς
1285 4171 1352 4224 τὰ
1386 4171 1535 4240 ἔθνη,
1584 4173 1665 4235 εἰς
1706 4172 1894 4226 τούσδε

319 4263 414 4316 καὶ
432 4263 639 4317 τούσδε.
664 4265 833 4334 Ἔθνη
856 4264 912 4316 δὲ
932 4263 1108 4317 ταῦτα
1136 4262 1204 4315 τὰ
1231 4263 1329 4334 μὲν
1359 4265 1439 4328 είς
1464 4264 1722 4335 ἑσπέραν,
1747 4265 1815 4319 τά
1836 4265 1894 4320 δὲ

317 4355 399 4418 εἰς
431 4353 536 4424 ήῶ,
569 4371 634 4407 τα
658 4355 713 4408 δὲ
746 4355 838 4408 καὶ
885 4355 945 4406 ὲν
994 4355 1106 4415 τοῖς
1129 4353 1511 4424 βορειοτέροις,
1545 4356 1710 4424 ’ήγουν
1753 4357 1896 4411 κατὰ

317 4447 420 4518 τὴν
458 4446 726 4518 Ἐλλήνων
765 4445 970 4519 χώραν,
1004 4447 1098 4498 καὶ
1143 4447 1222 4509 είς
1251 4445 1350 4508 τὰς
1382 4446 1638 4501 ἐπέκεινα
1677 4449 1893 4519 νήσους.
1929 4472 1972 4526 D

324 4556 342 4588 ι
365 4537 530 4603 Ἐκεῖ,
553 4537 739 4608 φησὶν,
771 4535 1127 4607 ἀναγγελοῦσι
1145 4536 1242 4606 τὴν
1262 4536 1402 4607 ἐμὴν
1420 4536 1596 4602 δόξαν.
1628 4556 1647 4590 ι
1683 4539 1757 4591 Οὐ
1790 4540 1897 4611 γὰρ

319 4630 675 4699 σεσιγήκασιν
705 4630 752 4681 οί
787 4628 1044 4698 μαθηταὶ,
1080 4628 1406 4698 διεκήρυξαν
1448 4629 1504 4682 δὲ
1533 4630 1809 4700 πανταχοῦ
1835 4631 1898 4683 τὸ

323 4739 342 4769 ι
376 4719 706 4788 Εὐαγγέλιον
735 4719 833 4790 τῆς
865 4717 1159 4789 βασιλείας,
1184 4718 1578 4790 καὶδτῶνίερῶν
1611 4722 1895 4792 κηρυγμά-

314 4823 424 4859 των
455 4808 554 4878 τήν
587 4808 837 4878 δύναμιν.

386 4895 496 4949 Kal
525 4895 745 4959 ἄξουσι
795 4895 938 4964 τοὺς
978 4896 1281 4967 ἀδελφοὺς
1330 4897 1495 4966 ὑμῶν
1535 4898 1603 4951 ἐκ
1648 4898 1892 4952 πάντων

312 4983 434 5038 τῶν
478 4984 670 5040 ἐθνῶν
709 4985 901 5057 δῶρον
943 4989 1140 5056 Κυρίῳ
1165 4988 1294 5059 μεθ’
1321 4990 1517 5042 ἵππων
1571 4991 1669 5043 καὶ
1709 4991 1890 5060 ἁρμά-

310 5093 452 5140 των,
483 5077 553 5131 ἐν
595 5078 940 5147 λαμπήναις
988 5079 1250 5148 ἡμιόνων
1280 5079 1431 5150 μετὰ
1462 5081 1772 5146 σκιαδίων,
1803 5083 1890 5146 εἰς

311 5166 430 5235 τὴν
479 5168 657 5238 ἁγίαν
688 5168 869 5222 πόλιν
908 5169 1316 5239 Ἰερουσαλὴμ,
1363 5171 1494 5223 εἷπε
1535 5172 1771 5238 Κύριος,
1807 5171 1888 5237 ὠς

311 5257 390 5312 ἂν
425 5259 786 5330 ἐνέγκαισαν
832 5263 885 5315 ol
914 5261 1031 5316 vlo!
1069 5262 1314 5331 Ἰσραὴλ
1343 5263 1469 5332 ἐμοὶ
1515 5262 1620 5328 τὰς
1673 5263 1889 5327 θυσίας

311 5350 512 5406 αὐτῶν
549 5352 700 5421 μετὰ
739 5353 998 5423 ψαλμῶν
1029 5357 1115 5419 εἰς
1159 5353 1264 5407 τὸν
1309 5351 1478 5408 οἷκον
1520 5354 1758 5421 Kivpt'ov,
1787 5355 1884 5408 καὶ

311 5442 413 5496 ἀπ’
484 5443 682 5497 αὐτῶν
737 5443 1007 5514 λήψομαι
1065 5445 1238 5512 ἱερεῖς
1285 5445 1383 5499 καὶ
1431 5447 1704 5513 Λευΐτας,
1754 5441 1886 5498 εἷπε

311 5533 545 5600 Κύριος.

2003 1903 2213 1960 gentes;
2254 1895 2554 1948 anscultate
2604 1911 2791 1951 omnes
2824 1898 2913 1966 qui
2973 1898 3228 1952 habitatis
3276 1899 3566 1953 orbem".»

2000 1982 2234 2038 Proinde
2281 2001 2490 2053 omnes,
2529 1988 2738 2058 inquit,
2767 1991 3126 2060 congregabo.
3181 2009 3200 2042 ι
3230 1990 3482 2055 Venient,
3516 2000 3571 2046 et

2005 2073 2259 2128 videbunt
2321 2077 2545 2146 gloriam
2605 2095 2800 2135 meam.
2833 2100 2851 2131 ι
2904 2080 3035 2134 Nam
3107 2098 3204 2151 per
3262 2082 3420 2136 ﬁdem
3477 2098 3573 2136 vo-

2002 2164 2106 2218 cati
2167 2174 2330 2232 sunt,
2379 2177 2434 2221 et
2471 2170 2559 2237 qui
2602 2174 2874 2238 quondam
2923 2172 3148 2226 aberant
3197 2174 3404 2241 procul,
3443 2172 3572 2228 facti

2001 2265 2127 2307 sunt
2156 2257 2460 2326 propinqui,
2505 2269 2558 2312 et
2594 2261 2940 2330 contemplati
2995 2271 3121 2317 sunt
3173 2263 3396 2333 gloriam
3435 2263 3572 2332 ejus.

1999 2341 2105 2407 Qui
2151 2351 2204 2397 et
2254 2346 2557 2413 quomodo?
2610 2349 2942 2404 Audiverunt
3004 2352 3146 2404 enim
3194 2367 3259 2405 ex
3299 2351 3573 2422 Evangelii

1998 2433 2400 2503 prmtlicatione,
2422 2452 2544 2491 eum
2573 2437 2830 2508 aequalem
2862 2448 2972 2493 tum
3020 2441 3272 2509 operibus
3314 2453 3423 2496 tum
3477 2458 3574 2513 po-

2001 2523 2165 2578 tentia
2209 2523 2317 2579 Deo
2370 2535 2424 2580 et
2470 2526 2615 2581 Patri
2666 2541 2808 2592 esse,
2865 2540 2920 2584 et
2948 2543 3012 2585 ea
3064 2531 3294 2600 gessisse
3339 2545 3457 2600 quae
3484 2545 3574 2587 ex-

1999 2615 2186 2683 plicari
2213 2619 2392 2671 verbis
2422 2633 2527 2674 non
2565 2632 2811 2688 possunt,
2841 2621 2974 2675 adeo
3003 2631 3059 2675 ut
3099 2631 3338 2677 mortuos
3365 2612 3571 2678 excita-

1999 2704 2070 2759 rit
2089 2721 2118 2760 e
2148 2708 2528 2776 monumentis,
2550 2717 2604 2764 et
2625 2710 2781 2765 caecis
2806 2710 2988 2765 lumen
3023 2712 3330 2777 immiserit,
3357 2712 3568 2782 aliaque

1997 2795 2064 2848 ad
2094 2796 2208 2851 inec
2235 2807 2486 2866 operatus
2513 2798 2693 2865 fuerit,
2730 2815 2848 2869 qua:
2878 2814 2978 2856 nec
3024 2816 3282 2858 enarrare
3324 2817 3423 2858 nec
3474 2805 3572 2857 ad-

1997 2886 2184 2941 mirari
2226 2889 2356 2943 satis
2415 2904 2717 2960 possumus.
2775 2890 2868 2947 Vel
2927 2893 3033 2947 alio
3077 2893 3234 2949 modo
3272 2912 3284 2948 :
3319 2894 3573 2950 viderunt

1997 2979 2221 3048 gloriam
2255 2979 2394 3047 ejus,
2441 2982 2666 3036 instituti
2692 2992 2747 3037 et
2774 2985 2967 3048 edocti,
3004 2983 3168 3039 Deum
3186 2999 3308 3041 esse
3336 2983 3570 3040 Verbum

1998 3079 2051 3122 et
2084 3070 2359 3124 hominem
2389 3087 2509 3127 esse
2534 3072 2756 3129 factum.
2788 3071 2902 3128 Non
2928 3075 3092 3139 enim,
3136 3086 3192 3130 ut
3240 3074 3431 3141 Judaei,
3491 3079 3570 3132 sic

1998 3171 2184 3230 gentes
2213 3163 2496 3217 dixerunt:
2535 3181 2554 3213 ι
2597 3164 2778 3230 Quare
2819 3175 2871 3220 tu
2934 3182 3056 3221 cum
3085 3167 3160 3221 sis
3211 3168 3388 3234 homo,
3436 3167 3571 3224 facis

2000 3264 2051 3310 te
2092 3256 2266 3326 ipsum
2327 3257 2493 3312 Deum
2518 3256 2656 3311 ἐξ).
2715 3259 2826 3314 lmo
2882 3276 3000 3316 cum
3053 3262 3399 3330 agnovissent
3455 3262 3571 3330 ejus

1997 3349 2335 3417 mysterium,
2395 3363 2579 3404 sacras
2639 3349 2754 3404 illas
2816 3361 3066 3405 resonant
3115 3368 3349 3406 voceszt
3386 3352 3464 3406 Tu
3511 3367 3570 3407 es

1995 3438 2238 3493 Christus
2269 3439 2433 3493 Filius
2459 3441 2548 3494 Dei
2585 3442 2810 3496 viventis
2837 3443 2936 3496 υ.»
2971 3444 3037 3496 Ει
3061 3444 3188 3497 illud
3216 3460 3396 3514 porro,
3427 3446 3569 3515 quod

1996 3541 2027 3581 a
2061 3529 2262 3582 sanctis
2291 3529 2548 3597 apostolis
2580 3530 2779 3584 dictum
2841 3541 2966 3586 est:
3004 3551 3022 3583 ι
3077 3531 3214 3588 Vere
3276 3533 3370 3591 Dei
3399 3533 3570 3590 Filius

1996 3631 2055 3672 es
2090 3617 2151 3671 ³³.
2187 3637 2204 3670 ι
2237 3619 2447 3672 Editum
2481 3629 2564 3674 est
2588 3636 2802 3689 quoque
2846 3625 3058 3693 signum
3095 3627 3234 3694 apud
3266 3640 3380 3681 eos.
3409 3623 3566 3693 Nam,

1997 3719 2053 3761 ut
2090 3709 2284 3764 Paulus
2304 3710 2422 3764 ait:
2466 3729 2485 3762 ε
2516 3711 2788 3781 Obsignati
2843 3729 3028 3770 sumus
3084 3717 3276 3783 spiritu
3339 3718 3569 3786 promis-

1994 3799 2183 3863 siouis,
2215 3801 2527 3854 etomnium
2554 3805 2805 3858 cordibus
2833 3805 3129 3874 impressus
3159 3816 3214 3861 et
3246 3807 3568 3862 informatus

1993 3899 2077 3944 est
2107 3890 2352 3946 Christus
2378 3893 2796 3963 participatione
2839 3896 3018 3950 sancti
3069 3896 3305 3966 Spiritus
3336 3899 3403 3953 “.
3436 3917 3455 3951 ι
3487 3899 3568 3954 Ex

1995 3981 2062 4036 iis
2093 3981 2400 4050 quisalvati
2445 3983 2668 4052 fuerint,
2725 3987 2918 4057 inquit,
2953 3988 3196 4043 emittam
3251 3988 3318 4044 ad
3374 4001 3568 4060 gentes

1996 4073 2130 4128 alias
2164 4085 2324 4143 atque
2349 4075 2504 4132 alias.
2538 4075 2676 4132 Sunt
2700 4079 2841 4132 enim
2894 4090 3083 4149 gentes
3119 4079 3222 4146 hae,
3254 4082 3447 4150 partim
3499 4083 3567 4137 ad

1995 4164 2350 4231 occidentem,
2405 4169 2601 4236 partim
2639 4169 2704 4222 ad
2771 4169 3262 4241 orientem.918
3321 4171 3564 4242 quadam

1998 4255 2048 4310 itt
2079 4257 2248 4327 plagis
2282 4259 2348 4312 ad
2372 4258 2677 4327 aquilonem
2721 4260 3087 4329 vergentibus,
3138 4272 3192 4316 et
3239 4263 3290 4316 in
3345 4263 3568 4332 regione

1996 4343 2307 4400 Gra'corum
2353 4361 2418 4400 ac
2460 4347 2650 4402 insulis
2710 4347 3076 4404 ulterioribus.
3114 4368 3134 4402 ι
3170 4349 3314 4416 Illic,
3365 4350 3561 4421 inquit,

2000 4436 2397 4492 annuntiabunt
2425 4437 2651 4506 gloriam
2683 4453 2911 4493 meam.»
2944 4439 3059 4495 Non
3109 4441 3252 4496 enim
3293 4441 3562 4497 siluerunt

2003 4527 2267 4597 discipuli,
2321 4531 2418 4584 sed
2478 4531 2677 4599 ubique
2703 4529 3049 4601 Evangelium
3081 4533 3229 4602 regni
3277 4541 3332 4588 et
3390 4548 3562 4590 sacrae

1995 4618 2389 4686 praedicationis
2413 4619 2666 4673 virtutem
2721 4622 3098 4689 prredicarunt.

2061 4900 2221 4957 Vens.
2260 4902 2349 4970 20,
2379 4904 2466 4957 ‘21.
2504 4905 2566 4958 Et
2593 4906 2848 4959 adducent
2885 4907 3077 4974 fratres
3116 4916 3306 4960 vestros
3340 4924 3404 4962 ex
3451 4909 3564 4963 om.

1995 4995 2144 5046 nibus
2176 4997 2410 5064 gentibus
2449 5001 2643 5050 donum
2684 4997 2906 5052 Domino
2954 5015 3069 5051 cum
3097 5001 3261 5068 equis,
3317 5003 3560 5058 curribus

1994 5097 2042 5140 et
2091 5089 2286 5143 lecticis
2339 5093 2620 5156 mulorum,
2683 5110 2800 5146 cum
2852 5096 3173 5150 umbraculis
3225 5097 3279 5150 in
3325 5109 3562 5151 sanctam

1994 5178 2253 5232 civitatem
2309 5179 2624 5247 Jerusalem,
2651 5182 2782 5236 dixit
2819 5183 3111 5239 Dominus:
3141 5188 3292 5250 quasi
3338 5186 3560 5254 afferant

1987 5268 2089 5334 ﬁlii
2151 5268 2322 5324 Israel
2376 5274 2503 5325 mihi
2538 5274 2736 5326 hostias
2773 5291 2900 5328 suas
2935 5293 3052 5329 rum
3097 5277 3312 5344 psalmis
3358 5279 3412 5330 in
3460 5277 3560 5329 do-

1990 5375 2128 5410 mum
2161 5359 2394 5422 Domini,
2427 5374 2472 5416 et
2507 5379 2570 5416 ea:
2595 5366 2667 5418 eis
2688 5381 2892 5419 sumam
2923 5369 3212 5421 sarerdotes
3242 5376 3289 5420 et
3349 5365 3556 5432 levitas,

1987 5450 2116 5504 dixit
2155 5451 2404 5507 Dominus
2422 5497 2433 5508 .

385 5712 428 5743 "
457 5710 596 5768 Psal.
630 5728 815 5777 sunt,
846 5712 899 5766 ἓ.
981 5713 1198 5768 “.loan.
1235 5727 1288 5777 ιι,
1314 5711 1404 5766 35.
1484 5713 1528 5743 "
1567 5704 1756 5768 Matth.
1790 5727 1898 5781 xvn,

2006 5753 2020 5767 .
2101 5715 2141 5746 ³⁵
2174 5714 2362 5770 Matth.
2393 5731 2502 5782 χεν,
2537 5718 2626 5772 55.
2664 5719 2706 5748 ¹⁶
2736 5716 2930 5787 Ephes.
2967 5733 3001 5782 I,
3035 5717 3118 5783 l3,
3156 5717 3237 5772 Η.
