4148 6492
592 285 729 347 ΗΠ

1577 284 1635 337 S.
1677 279 1957 341 CYRILLI
1996 280 2469 338 ALEXANDRINI
2509 280 2831 340 ARCHIEP.

3727 290 3871 347 1458

664 404 814 472 Quod
839 401 1024 457 eﬂicax
1059 400 1278 455 omnino
1301 400 1480 455 futura
1517 401 1585 455 sit
1626 409 1681 455 et
1708 400 1984 456 fructuosa
2011 413 2171 454 sanc-

2347 400 2470 455 Ὅτι
2523 401 2699 471 πάντη
2752 418 2813 453 τε
2859 401 2952 454 καὶ
2999 400 3216 466 πάντως
3272 403 3495 474 ἐνεργὸν
3564 405 3722 459 ἔσται
3773 411 3870 463 καὶ

594 510 771 550 torum
802 494 1163 563 apostolorum
1228 491 1558 561 praedicatio,
1608 492 1748 560 apud
1773 504 1964 561 gentes
2025 505 2162 561 quas

596 586 851 649 diximus,
880 566 934 639 et
966 584 1019 638 in
1051 598 1238 637 earum
1276 582 1609 652 regionibus,
1645 583 1728 635 his
1750 582 1927 637 verbis
1953 584 2172 636 demon-

594 687 751 732 strat:
795 694 814 727 ι
856 676 1076 729 Vestros
1131 673 1296 733 enim,
1348 672 1579 737 fratres,
1627 674 1801 742 inquit
1845 675 1954 745 (ut
1999 674 2172 727 oratio

594 771 661 821 ad
743 766 1010 822 Israelitas
1082 765 1365 819 credentes
1434 764 1761 834 habeatur),
1810 780 1875 819 ex
1927 764 2173 831 gentibus

596 859 866 914 adducent
892 858 1029 911 dona
1051 856 1328 910 Domino.»
1354 855 1650 924 Namivelut
1669 856 1953 909 anathema
1979 862 2033 908 et
2057 870 2174 907 mu-

596 965 703 1003 nus
736 950 800 1003 ad
831 948 1055 1017 gloriam
1082 946 1176 1000 Dei
1206 955 1581 1002 consecratum
1608 957 1744 1012 erat,
1776 944 2012 1016 gentium
2036 943 2174 999 mul-

598 1041 787 1103 titudo,
819 1054 913 1108 per
941 1038 1096 1093 ﬁdem
1132 1039 1199 1093 ab
1219 1038 1470 1093 omnibus
1519 1038 1669 1093 vitiis
1697 1036 1967 1103 absoluta,
2004 1043 2057 1092 et
2079 1052 2175 1106 per

596 1148 807 1187 sacrum
829 1132 1100 1186 lavacrum
1132 1131 1384 1185 omnibus
1405 1129 1629 1196 abiectis
1652 1130 1928 1193 sordibus,
1955 1136 2009 1182 et
2037 1143 2175 1197 qua-

596 1218 639 1271 si
671 1219 885 1272 xeninm
915 1232 980 1273 ac
1027 1217 1311 1271 donarium
1349 1216 1655 1288 apostolicae
1712 1217 2011 1280 industriae,
2067 1216 2175 1269 Deo

594 1309 855 1365 oblatum.
906 1309 981 1364 De
1012 1309 1114 1364 hoc
1180 1309 1359 1378 itaque
1400 1309 1725 1375 gloriantur,
1778 1308 2033 1377 gaudium
2082 1322 2177 1363 eos

595 1415 751 1454 suum
783 1408 836 1455 et
885 1415 1141 1454 coronam
1196 1414 1350 1454 snam
1405 1400 1765 1454 nominantes.
1834 1398 2173 1453 Facillimum

595 1500 775 1545 autem
809 1490 922 1544 fore
945 1505 1008 1545 ac
1037 1490 1233 1553 levem,
1267 1489 1386 1545 sine
1427 1489 1575 1544 omni
1632 1490 1849 1557 sudore,
1910 1488 2175 1544 industria

596 1590 651 1636 et
679 1581 882 1646 labore,
916 1581 1150 1651 gentium
1182 1582 1247 1634 ad
1301 1580 1467 1636 Deum
1518 1582 1908 1648 reversionem,
1940 1581 2180 1635 declarat

596 1681 801 1741 aperte,
837 1672 982 1726 velut
1012 1672 1261 1740 exemplo
1291 1687 1321 1727 a
1382 1672 1538 1727 nobis
1590 1680 1829 1741 sumpto,
1877 1686 1999 1725 eum
2050 1670 2179 1724 dicit

2272 490 2552 563 ἔγκαρπον
2604 492 2665 544 τὸ
2719 491 2809 545 διά
2864 490 2974 544 τῶν
3009 491 3180 559 ἁγίων
3226 494 3544 550 ἀποστόλων
3599 497 3871 570 κήρυγμα

2273 584 2425 655 παρά
2452 584 2563 648 τοῖς
2599 584 3012 656 ὡνομασμένοις
3046 585 3222 639 ἔθνεσι
3254 587 3349 640 καὶ
3381 588 3501 652 ταῖς
3543 588 3727 641 αὐτῶν
3771 588 3873 659 χώ-

2276 691 2416 745 ραις,
2449 674 2807 729 διαδείκνυσιν
2848 677 2908 729 ἐν
2953 675 3164 741 τούτοις
3192 694 3207 708 ο
3247 696 3267 729 ι
3292 678 3430 741 Τοὺς
3461 678 3572 750 γὰρ
3602 679 3872 747 ἀδελφοὺς

2274 764 2451 835 ὑμῶν,
2494 785 2512 818 ι
2546 766 2732 836 φησὶν,
2765 766 2829 819 ἵν’
2863 768 2891 819 ὁ
2939 766 3097 834 λόγος
3222 766 3359 838 πρὸς
3389 769 3512 831 τοὺς
3542 768 3604 832 ἐξ
3634 768 3875 838 αἵματος

2286 855 2503 927 Ἰσραὴλ
2533 855 2949 921 πιστεύσαντας,
2991 875 3008 908 ι
3053 856 3163 910 ἀπὸ
3200 857 3308 910 τῶν
3344 856 3511 911 ἐθνῶν
3544 857 3739 922 ἄξουσι
3763 858 3872 911 δῶ-

2279 963 2370 1017 ρον
2392 946 2470 1016 τῷ
2491 946 2700 1019 Κυρίῳ.
2734 965 2752 999 ι
2789 945 3071 1017 Ἀνάθημα
3100 947 3209 1019 γὰρ
3230 946 3421 1020 ῶσπερ
3448 950 3529 1014 είς
3548 950 3710 1017 δόξαν
3732 950 3873 1004 Θεοῦ

2273 1038 2383 1091 τῶν
2406 1038 2575 1091 ἐθνῶν
2604 1039 2827 1107 γέγονεν
2854 1042 2887 1110 ἡ
2922 1040 3153 1112 πληθὺς,
3180 1042 3575 1113 ἀπηλλαγμένη
3609 1041 3711 1112 μὲν
3736 1060 3876 1095 παν⁶

2276 1130 2365 1193 τὸς
2394 1130 2718 1199 αίτιάματος
2757 1129 2848 1183 διὰ
2889 1130 2986 1201 τῆς
3028 1132 3290 1195 πίστεως,
3326 1132 3419 1183 καὶ
3463 1132 3642 1185 πάντα
3697 1131 3869 1203 ῥύπον

2276 1217 2624 1271 ἀποϐαλοῦσα
2660 1217 2748 1270 διά
2798 1218 2893 1270 τοῦ
2942 1219 3099 1287 ἁγίου
3157 1217 3556 1289 βαπτίσματος,
3602 1218 3780 1285 ξένιον
3815 1218 3870 1270 is

2277 1308 2465 1379 ὥσπερ
2497 1309 2868 1363 ἁποστολικῶν
2899 1310 3331 1381 σπουδασμάτων
3354 1309 3868 1381 προσκομισθὲν,τῷ

2278 1401 2418 1472 Θεῷ.
2452 1402 2776 1471 Καυχῶνται
2798 1402 2930 1471 γοῦν
2959 1404 3046 1455 ἐπ’
3069 1401 3219 1473 αύτῷ
3250 1402 3315 1471 δὴ
3342 1402 3536 1472 τούτῳ,
3568 1401 3745 1473 χαρὰν
3774 1402 3869 1453 αύ-

2281 1492 2407 1555 τοὺς
2434 1492 2527 1545 καὶ
2555 1493 2817 1561 στέφανον
2844 1493 3052 1545 ἑαυτῶν
3088 1494 3464 1563 ὀνομάζοντες.
3497 1493 3621 1545 Ὅτι
3653 1492 3709 1544 δὲ
3734 1492 3870 1543 ἀπο·

2278 1587 2489 1657 νωτάτη
2519 1585 2659 1651 λίαν,
2692 1586 2787 1640 καὶ
2818 1585 3038 1656 ἱδρῶτος
3079 1585 3203 1656 δίχα
3235 1586 3463 1648 παντὸς,
3488 1586 3583 1637 καὶ
3626 1582 3865 1650 ἀγῶνος,

2281 1678 2376 1731 καὶ
2403 1678 2579 1732 πόνων
2611 1678 2641 1748 ἡ
2687 1676 2821 1748 πρὸς
2846 1676 2978 1729 Θεὸν
3020 1675 3328 1747 ἐπιστροφὴ
3361 1675 3469 1727 τῶν
3501 1673 3697 1737 ἐθνῶν,
3744 1672 3874 1725 καθ·

596 1764 937 1817 adducendas
965 1776 1086 1817 esse
1114 1776 1233 1816 cum
1275 1761 1452 1831 equis,
1517 1762 1784 1823 curribus,
1840 1760 2068 1825 lecticis,
2118 1771 2172 1815 et

2287 1768 2488 1838 ἱστησιν
2511 1765 2774 1835 ἐναργῶς,
2805 1765 2881 1828 ῶς
2908 1766 2971 1818 ἐκ
2990 1766 3431 1837 παραδείγματος
3451 1764 3543 1817 τοῦ
3570 1764 3693 1816 καθ’
3725 1764 3873 1833 ἡμᾶς

595 1853 946 1909 umbraculis.
976 1852 1106 1906 Nam
1132 1864 1191 1906 ut
1223 1853 1314 1921 qui
1347 1852 1430 1907 his
1457 1853 1615 1908 rebus
1664 1852 1767 1907 iter
1818 1867 1974 1908 suum
2008 1852 2175 1906 conli—

595 1945 767 2011 ciunt,
793 1944 937 1999 nullo
960 1944 1141 1999 labore
1171 1944 1505 2009 expediunt,
1538 1944 1617 1997 sic
1667 1942 1756 2011 qui
1808 1957 1838 1997 e
1878 1942 2179 2012 graecanico

594 2051 781 2091 errore
803 2036 869 2090 ad
905 2037 1068 2089 Deum
1095 2037 1342 2098 redeunt,
1373 2035 1457 2088 via
1484 2034 1639 2103 plana
1667 2044 1725 2088 et
1749 2033 1872 2086 trita
1932 2032 2175 2096 veniunt,

594 2141 660 2181 ac
690 2135 898 2181 tantum
926 2142 1031 2180 non
1064 2126 1224 2189 vecti,
1254 2135 1309 2179 et
1337 2124 1445 2179 Deo
1467 2124 1610 2180 omni
1636 2138 1729 2179 eos
1756 2122 2013 2191 requietis
2076 2138 2171 2193 ge-

597 2232 729 2274 nere
778 2218 1053 2287 dignante.
1082 2215 1312 2271 Venient
1358 2226 1535 2269 autem
1573 2214 1843 2284 quonam?
1866 2214 1916 2266 in
1940 2223 2180 2267 sanctam

597 2309 897 2374 civitatem,
936 2322 1129 2376 nempe
1160 2306 1480 2370 Jerusalem,
1519 2320 1639 2375 qua:
1686 2315 1770 2359 est
1798 2304 1887 2358 Dei
1954 2306 2185 2359 vivent-Is

597 2402 861 2457 Ecclesia.
896 2401 1173 2470 Eruutque
1224 2401 1360 2453 adeo
1411 2396 1629 2468 jucuudi
1688 2407 1743 2450 et
1800 2395 2031 2463 accepti,
2080 2395 2180 2463 qui

2280 1858 2452 1927 λέγων
2475 1900 2489 1922 ,
2521 1859 2601 1911 ὅτι
2644 1858 2970 1928 ἀχθήσονται
3006 1856 3125 1926 μεθ’
3153 1857 3337 1910 ἵππων
3389 1857 3481 1908 καὶ
3516 1856 3786 1925 ἁρμάτων
3816 1854 3873 1904 ἐν

2280 1947 2593 2019 λαμπήναις
2627 1948 2722 1999 καὶ
2757 1945 3051 2010 σκιαδίοιςο
3090 1943 3282 2016 ῶσπερ
3325 1943 3433 2013 γὰρ
3460 1943 3620 1997 οίδιά
3661 1940 3869 1993 τούτων

2280 2040 2583 2109 ὁδοιπορεῖν
2632 2037 2904 2103 εἰωθότες,
2952 2036 3310 2106 ἀπονωτάτην
3355 2034 3453 2105 τὴν
3496 2032 3873 2105 προκειμένην

2282 2131 2466 2193 αὐτοῖς
2502 2128 2826 2200 κατορθοῦσι
2866 2128 3054 2199 τρίϐον
3076 2145 3091 2158 σ
3121 2128 3293 2190 οὕτως
3318 2127 3368 2179 οἱ
3402 2128 3465 2177 ἐκ
3504 2126 3721 2195 πλάνης
3757 2122 3875 2174 Ἐλ-

2282 2222 2508 2292 ληνικῆς
2544 2221 2680 2291 πρὸς
2725 2219 2857 2273 Θεὸν
2908 2220 3331 2291 ἐπιστρέφοντες
3371 2217 3459 2270 διὰ
3503 2216 3655 2279 λείας
3686 2214 3877 2282 ῶσπερ

2284 2313 2378 2367 καὶ
2412 2310 2764 2382 ἐστρωμένης
2794 2309 3013 2380 ἥξουσιν
3046 2310 3189 2367 ὀδοῦ.
3231 2310 3326 2361 καὶ
3363 2307 3643 2378 μονονουχὶ
3673 2307 3773 2358 καὶ
3800 2305 3878 2357 δο-

2289 2401 2523 2475 ρυφορού
2534 2418 2705 2471 μενοι,
2734 2401 2828 2453 καὶ
2860 2400 3080 2468 ἀπάσης
3108 2400 3304 2462 αὐτοὺς
3327 2397 3648 2464 ἀναπαύλης
3670 2394 3882 2460 ἀξιοῦν-

598 2495 862 2549 accedunt
891 2493 956 2546 ad
981 2491 1169 2556 Deum,
1206 2490 1428 2560 perinde
1451 2489 1605 2561 quasi
1644 2486 1845 2552 hostia,
1874 2486 2183 2556 inquit,ad-

600 2587 887 2641 duceretur
907 2598 1028 2638 cum
1057 2583 1177 2637 odis
1215 2591 1269 2635 et
1295 2596 1473 2635 rerum
1500 2580 1803 2635 divinarum
1857 2578 2186 2634 celebratio-

606 2692 699 2733 ne.
732 2676 842 2731 Imo
868 2684 923 2731 et
954 2691 973 2725 ι
1006 2674 1081 2729 Ex
1104 2675 1221 2730 illis
1248 2688 1457 2729 sumam
1490 2671 1801 2727 sacerdotes
1823 2679 1877 2724 et
1926 2669 2139 2723 levitas.
2163 2686 2182 2720 ι

600 2769 677 2825 Ex
712 2767 945 2839 quibus?
969 2765 1078 2821 Nec
1106 2766 1252 2822 enim
1274 2765 1406 2820 satis
1422 2772 1641 2820 constat
1666 2772 1847 2816 utrum
1883 2775 1952 2815 ex
1990 2760 2056 2815 iis
2092 2758 2184 2829 qui

2289 2761 2643 2835 Θεῷ,ὠσανεὶ
2668 2761 2761 2815 καὶ
2784 2760 2942 2814 θυσία
2970 2758 3380 2830 προσαγομένη,
3402 2757 3555 2828 φησι,
3586 2758 3706 2827 μετ,
3734 2754 3882 2826 ᾠδῆς

601 2860 753 2915 missi
781 2858 988 2915 suntad
1013 2857 1313 2913 vocandum
1360 2863 1566 2925 gentes,
1597 2868 1664 2908 an
1684 2852 1866 2908 exillis
1882 2851 1971 2921 qui
2011 2850 2184 2903 vocati

2294 2856 2388 2909 καὶ
2435 2853 2761 2921 δοξολογίας.
2813 2850 2974 2904 Ἀλλὰ
3021 2851 3116 2903 καὶ
3149 2869 3168 2904 ι
3214 2850 3333 2902 Ἀπ’
3382 2850 3559 2901 αὐτῶν
3605 2847 3880 2918 λήψομαι,

598 2959 749 3005 sunt.
770 2948 1161 3005 Verumtamen
1184 2948 1519 3001 inveniemus
1534 2953 1586 2998 et
1603 2944 1705 2997 hoc
1718 2950 1771 2995 et
1788 2940 1955 3011 919
1971 2939 2097 2993 illud
2112 2954 2184 2992 es-

2293 2947 2448 3017 φησὶ,
2475 2946 2569 2998 καὶ
2602 2945 2790 3014 ἱερεῖς,
2822 2944 2916 2995 καὶ
2946 2941 3199 3005 Λευῖτας.
3243 2960 3261 2992 ‹
3308 2942 3427 2993 Ἀπ’
3462 2940 3645 2993 αὐτῶν
3685 2938 3765 3003 δὲ,
3797 2939 3881 2990 1i-

598 3056 677 3098 se.
700 3040 1176 3111 Namlsacerdotes
1220 3037 1564 3093 oraculorum
1615 3032 1820 3088 Christi
1861 3030 2184 3085 exstiterunt

2293 3053 2434 3101 νων;
2470 3034 2636 3089 Οὔπω
2664 3034 2809 3104 μάλα
2838 3034 3027 3102 σαφὲς,
3060 3032 3288 3105 πότερον
3316 3033 3379 3084 ἐκ
3409 3031 3516 3084 τῶν
3541 3028 3884 3083 ἀποσταλέν-

598 3146 815 3202 quoque
832 3130 999 3184 divini
1014 3128 1264 3198 discipuli
1281 3145 1295 3184 :
1310 3126 1484 3182 vocati
1498 3136 1674 3179 autem
1693 3133 1895 3178 suntex
1913 3118 2184 3173 Graecani-

2294 3144 2399 3180 των
2429 3128 2509 3190 είς
2554 3125 2615 3179 τὸ
2654 3103 2875 3179 καλέσαι
2905 3127 3031 3187 τοὺς
3075 3122 3135 3188 ἐξ
3174 3103 3363 3186 ἐθνῶν,
3395 3123 3561 3192 ἢγουν
3602 3120 3663 3187 ἐξ
3698 3120 3885 3174 αὐτῶν

596 3220 1023 3291 τιςτεεοῐηυιιί,
1043 3219 1284 3277 etadhuc
1298 3217 1635 3272 vocanturad
1654 3212 2038 3272 sacerdotium,
2073 3208 2184 3262 Deo

2293 3218 2404 3273 τῶν
2444 3217 2827 3289 κεκλημένωψ
2868 3215 3007 3285 πλὴν
3040 3213 3239 3283 ἀληθὲς
3278 3214 3337 3268 δν
3367 3214 3677 3285 εὑρήσομεν
3723 3209 3884 3264 τοῦτό

598 3314 718 3370 ilios
746 3315 813 3369 ad
838 3315 1131 3368 novitatem
1158 3312 1283 3366 vitae
1312 3319 1365 3364 et
1405 3307 1599 3363 mentis
1643 3301 2024 3360 transferente.
2051 3298 2182 3353 Nam

2290 3329 2351 3365 τε
2397 3312 2639 3364 κάκεῖνο.
2682 3307 2980 3379 ἰερουργοὶ
3032 3310 3142 3376 γαρ
3181 3308 3439 3375 γεγόνασι
3477 3305 3585 3360 τῶν
3616 3306 3706 3358 διὰ
3740 3306 3883 3374 Χρι-

598 3403 734 3459 ﬁdes
761 3403 905 3460 velut
933 3402 1148 3472 reﬁngit
1174 3401 1239 3455 ad
1270 3402 1319 3454 id
1349 3398 1491 3468 quod
1520 3398 1568 3451 ei
1604 3395 1797 3465 placet,
1822 3392 2044 3447 electos.

2295 3401 2421 3457 στοῦ
2474 3399 2861 3471 θεσπισμάτων
2916 3397 3012 3451 καὶ
3056 3398 3108 3449 oi
3156 3396 3433 3451 θεσπέσιοι
3482 3396 3757 3468 μαθηταίο
3790 3393 3881 3448 κέ-

598 3516 824 3587 κληνται
857 3515 913 3567 δὲ
938 3513 1072 3583 πρὸς
1098 3510 1417 3582 ἱερωσύνην,
1450 3509 1543 3561 καὶ
1580 3508 1659 3569 είς
1685 3504 1845 3575 δεῦρο
1890 3500 2180 3557 καλοῦνται
2218 3497 2402 3553 πολλοὶ
2436 3493 2547 3547 τῶν
2614 3493 2674 3557 ἐξ
2731 3490 2933 3560 ἀγέλης
2995 3490 3148 3552 ὄντες
3188 3488 3531 3561 Ἑλληνικῆς,
3556 3487 3696 3540 Θεοῦ
3750 3487 3883 3557 μεθ-

603 3580 850 3668 ιστάντος
894 3580 996 3665 εις-
1024 3580 1319 3671 καινδτητα
1367 3600 1512 3670 ζωῆς
1560 3598 1652 3652 καὶ
1700 3594 1927 3667 γνώμης
1975 3593 2193 3657 αὐτούς.
2245 3587 2628 3659 Ἀναχαλκεύει
2683 3584 2792 3656 γὰρ
2842 3584 3032 3653 ὥσπερ
3079 3584 3114 3654 ἡ
3148 3582 3333 3645 πίστις
3372 3584 3451 3642 εἰς
3508 3581 3569 3634 τὸ
3608 3580 3761 3652 αὐτῷ
3793 3580 3882 3633 δο-

2286 2512 2377 2558 τος
2404 2493 2538 2547 Θεοῦ
2555 2510 2567 2522 '
2596 2492 2785 2562 ἥξουσι
2807 2490 2885 2553 δὲ,
2908 2490 3010 2543 ποῦ
3032 2507 3046 2554 ;
3072 2491 3167 2553 Εἰς
3191 2489 3292 2559 τὴν
3319 2488 3479 2556 ἁγίαν
3502 2487 3680 2552 πόλιν,
3712 2488 3881 2558 ἤγουν

2301 2582 2676 2655 Ἰερουσαλὴμ,
2723 2581 2846 2651 ἣτις
2897 2581 3043 2633 ἐστὶν
3102 2579 3401 2648 Ἐκκλησία
3444 2577 3582 2630 Θεοῦ
3634 2577 3879 2642 qam;-

2290 2676 2501 2728 ἔσονται
2530 2672 2587 2727 δέ
2624 2670 2799 2733 οῦτως
2820 2669 2967 2738 ἡδεῖς
3011 2670 3103 2721 καὶ
3134 2667 3526 2739 εύπρόσδεκτοι
3556 2665 3883 2736 προσιόντες

600 3698 730 3754 κοῦν
754 3699 878 3759 τοὺς
909 3695 1343 3766 ἐξειλεγμένους.

675 3792 840 3847 Vitas.
871 3790 960 3855 22,
983 3790 1075 3843 '23.
1105 3788 1271 3854 Quem
1289 3786 1573 3841 admodum
1618 3784 1756 3838 enim
1794 3781 1980 3836 cretum
2007 3795 2195 3834 novum

601 3893 651 3937 et
687 3889 826 3936 terra
862 3894 1152 3949 nova,qua:
1179 3893 1273 3946 ego
1320 3876 1483 3943 facio,
1528 3875 1583 3927 in
1634 3884 1910 3943 conspectu
1942 3884 2054 3924 meo
2084 3884 2200 3920 ma-

601 3983 746 4039 nent,
761 3973 888 4027 dicit
910 3971 1204 4026 Dominus:
1224 3970 1301 4023 ita
1317 3969 1475 4021 stabit
1497 3981 1668 4020 semen
1691 3974 1917 4018 vestrum
1944 3970 1991 4014 et
2012 3974 2195 4012 nomen

600 4076 846 4128 vestrum,
895 4064 990 4118 erit
1021 4079 1120 4133 que
1156 4060 1350 4115 mensis
1373 4075 1438 4113 ex
1480 4074 1675 4118 mense,
1707 4066 1754 4109 et
1813 4052 2101 4109 Sobbatnm
2131 4065 2195 4101 ea:

602 4158 857 4214 Sabbato.
905 4155 1085 4208 Veniet
1130 4154 1299 4206 omnis
1344 4166 1508 4215 caro,
1562 4158 1614 4200 ut
1655 4150 1709 4199 in
1747 4152 2024 4213 conspectu
2085 4157 2196 4193 meo

603 4250 788 4303 adoret
814 4246 870 4299 in
891 4242 1213 4304 Jerusalem,
1237 4240 1371 4295 dixit
1396 4238 1655 4292 Dominus
1678 4236 1841 4291 Deus.

672 4423 1011 4478 Firmitatem
1031 4420 1146 4491 spei
1165 4420 1218 4474 in
1231 4418 1486 4475 omnibus
1502 4414 1658 4471 bonis
1671 4412 1953 4485 pollicetur
1967 4409 2194 4481 diligen-
2230 4446 2271 4500 η

602 4516 749 4573 tibus
764 4529 842 4580 se,
855 4522 910 4569 et
924 4514 1107 4584 appari
1117 4514 1318 4568 tionem
1335 4527 1490 4568 suam
1502 4509 1942 4582 agnoscentibus.
1964 4507 2005 4562 ι]
2016 4516 2034 4561 t
2045 4505 2190 4561 enim

603 4607 800 4678 inquit,
834 4621 957 4661 cum
986 4620 1157 4660 novos
1203 4604 1370 4659 caelos
1402 4612 1457 4659 et
1484 4616 1683 4657 novam
1725 4609 1925 4653 terram
1962 4596 2193 4651 fabrica-

600 4698 797 4761 verim,
824 4696 900 4750 ita
926 4697 1099 4749 sinam
1136 4708 1380 4757 manere,
1424 4706 1527 4746 nec
1568 4705 1631 4743 ea
1657 4688 1825 4741 ullum
1858 4695 2071 4755 tempus
2098 4684 2194 4737 de-

601 4790 763 4845 lebit:
800 4790 872 4843 ita
910 4803 1095 4843 semen
1131 4795 1187 4842 et
1211 4799 1411 4838 nomen
1477 4790 1718 4837 vestrum
1747 4777 1912 4833 stabit
1957 4776 2013 4829 in
2056 4789 2189 4829 eon-

603 4890 794 4952 spectu
818 4896 961 4936 meo.
992 4879 1171 4934 Novus
1197 4878 1345 4933 enim
1391 4875 1559 4931 cmlos
1587 4883 1642 4928 et
1670 4885 1869 4926 novam
1892 4877 2092 4923 terram
2121 4881 2185 4921 ac

608 4973 1005 5043 promissiones
1054 4970 1171 5037 ejus
1209 4976 1603 5038 exspectamus.
1652 4961 1951 5018 secundum
1976 4959 2027 5012 id
2049 4957 2192 5026 quod

606 5063 870 5133 scriptum
913 5069 996 5117 est
1028 5062 1092 5118 ”.
1140 5060 1466 5115 Sanctorum
1517 5065 1695 5109 antem
1728 5067 1881 5123 spem
1927 5058 2192 5105 staturam

606 5170 826 5225 semper
876 5164 931 5209 et
993 5167 1427 5225 permansurum,
1482 5145 1919 5218 sapientissimus
1994 5142 2197 5196 Paulus

604 5247 980 5310 confirmabit,
1030 5245 1278 5300 scribens
1308 5244 1373 5306 ",
1425 5241 1567 5295 dona
1615 5248 1671 5293 et
1710 5235 2051 5293 vocationem
2096 5232 2192 5287 Dei

609 5355 732 5396 esse
766 5339 883 5393 sine
946 5334 1287 5407 pmnitentia.
1339 5332 1537 5387 Semen
1591 5331 1775 5399 itaque
1821 5326 2187 5387 benedictum,

607 5431 736 5487 illud
756 5447 787 5485 a
804 5430 1005 5484 sanctis
1029 5426 1285 5497 apostolis
1304 5426 1413 5479 Deo
1436 5424 1698 5485 oblatum,
1728 5418 2032 5474 servabitur
2068 5431 2189 5486 per-

613 5505 798 5595 petuo,
829 5522 1088 5589 nulloque
1142 5518 1301 5573 modo
1348 5514 1614 5575 interibit,
1649 5528 1712 5566 ac
1740 5511 1886 5566 velut
1917 5523 2041 5563 eum
2069 5520 2183 5561 ca:-

688 5700 732 5734 "
763 5698 803 5752 li
830 5700 973 5754 Petr.
998 5712 1078 5763 ut,
1114 5698 1203 5751 15.
1282 5696 1323 5727 ⁸⁸
1361 5692 1519 5748 Rom.
1549 5707 1622 5753 xl,
1650 5690 1742 5744 29..

2372 3774 2476 3825 ..ον
2507 3770 2733 3836 τρόπον
2784 3765 2893 3836 γὰρ
2937 3768 2970 3819 ό
3014 3764 3272 3832 οὐρανὸς
3315 3763 3542 3830 καινὸς,
3579 3764 3677 3818 καί
3712 3766 3753 3834 ἦ
3806 3765 3882 3837 τῆ

2298 3861 2501 3930 καινὴ,
2534 3861 2573 3914 ἂ
2600 3857 2716 3928 ἐγὼ
2737 3855 2886 3910 ποιῶ
2909 3855 3077 3925 μένει
3106 3854 3362 3908 ἐνώπιόν
3396 3872 3535 3923 μου,
3566 3854 3732 3925 λέγει
3764 3859 3882 3911 Κύ-

2289 3972 2439 4024 ριος·
2490 3953 2679 4015 οὕτως
2730 3947 3027 4013 στήσεται
3068 3945 3135 3999 τὸ
3180 3945 3417 4014 σπέρμα
3451 3945 3635 4015 ὑμῶν,
3680 3948 3782 4001 καὶ
3816 3947 3883 4000 τὸ

2298 4047 2486 4113 ὄνομα
2516 4040 2703 4113 ὑμῶν,
2739 4041 2837 4093 καὶ
2895 4038 3066 4092 ἔσται
3094 4036 3223 4106 μὴν
3257 4038 3325 4091 ἐκ
3347 4037 3563 4105 μηνὸς,
3591 4037 3693 4091 καί
3734 4038 3864 4092 Σάϐ

2298 4139 2481 4191 ϐατον
2524 4136 2593 4188 ἐκ
2634 4132 2960 4188 Σαόὄάτου.
3006 4129 3166 4192 Ἥξει
3212 4127 3379 4183 πᾶσα
3429 4129 3586 4197 σὰρξ
3623 4128 3881 4181 ἐνώπιόν

2293 4246 2412 4300 μου
2452 4223 2879 4296 προσκυνῆσαι
2918 4223 2988 4275 ἐν
3028 4220 3450 4290 Ἰερουσαλὴμ,
3497 4217 3630 4274 εἷπε
3666 4222 3880 4288 Κύριος

2296 4325 2330 4376 ό
2358 4320 2523 4385 Θεός.

2368 4409 2441 4463 Τὸ
2466 4407 2803 4479 ἀκράδαντον
2842 4406 2940 4476 τῆς
2971 4404 3181 4466 ἐλπίδος
3216 4406 3330 4468 τοῖς
3367 4404 3453 4472 ἐφ’
3487 4404 3692 4459 ἅπασιν
3741 4406 3881 4474 ἁγα-

2300 4500 2411 4562 θοῖς
2452 4500 2790 4568 ὑπισχνεῖται
2824 4496 3058 4567 Χριστὸς
3087 4497 3199 4558 τοῖς
3242 4494 3529 4562 ἀγαπῶσιν
3574 4494 3764 4559 αὑτὸν,
3791 4496 3881 4549 καὶ

2302 4594 2415 4655 τοῖς
2448 4589 2787 4659 ἐπεγνωκόσι
2820 4587 2919 4657 τὴν
2946 4587 3267 4655 ἐπιφάνειαν
3298 4585 3482 4639 αὑτοῦ.
3516 4586 3726 4659 Ὥσπερ
3752 4586 3882 4657 γὰρ,

2303 4682 2455 4753 φησὶ,
2493 4681 2894 4751 καινουργῆσας
2922 4676 3011 4729 τὸν
3048 4676 3274 4747 οὐρανὸν
3314 4677 3409 4730 καὶ
3436 4676 3534 4747 τὴν
3572 4677 3698 4748 γῆν,
3741 4678 3882 4731 οὕτω

2302 4772 2484 4842 μένειν
2532 4770 2713 4832 ἐάσω,
2756 4769 2850 4822 καὶ
2897 4768 3074 4830 οὐδεὶς
3122 4766 3259 4820 αὑτά
3314 4766 3607 4819 καταλύσει
3655 4769 3879 4839 χρόνος

2297 4861 2440 4914 οὕτω
2471 4860 2532 4913 τὸ
2559 4859 2780 4929 σπέρμα
2818 4855 2992 4926 ὑμῶν,
3045 4855 3140 4907 καὶ⁵
3178 4854 3238 4906 τὸ
3275 4854 3447 4924 ὄνομα
3482 4856 3746 4925 στήσεται
3798 4858 3869 4909 ἐν»

2291 4950 2466 5003 ώπιόν
2500 4966 2621 5020 μου.
2665 4949 2903 5011 Καινοὺς
2950 4946 3057 5017 γὰρ
3094 4946 3376 5016 οὐρανοὺς,
3405 4947 3500 4999 καὶ
3532 4946 3728 5017 καινὴν
3758 4947 3877 5017 γῆν,

2291 5041 2385 5095 καὶ
2428 5039 2497 5093 τὰ
2541 5028 2937 5107 ἐπαγγέλματα
2981 5035 3146 5089 αὑτοῦ
3195 5036 3607 5106 προσδοκῶμεν,
3639 5038 3783 5091 κατά
3823 5036 3878 5089 τὶ

2293 5130 2699 5201 γεγραμμένον.
2743 5134 2865 5182 ὐτι
2894 5128 2949 5180 δὲ
2982 5129 3076 5181 καὶ
3105 5128 3138 5196 ή
3161 5127 3270 5180 τῶν
3300 5128 3472 5196 ἁγίων
3496 5128 3655 5193 ἐλπὶς
3685 5130 3877 5197 στήσε·

2294 5243 2386 5279 ται
2427 5225 2513 5279 ἀεὶ
2559 5226 2653 5278 καὶ
2686 5223 2950 5293 διαμενεῖ,
2982 5219 3317 5273 πιστώσεται
3357 5219 3585 5291 γράφων
3626 5222 3656 5271 ὁ
3681 5220 3872 5274 πάνσο-

2299 5335 2396 5388 φος
2426 5315 2657 5378 Παῦλος,
2698 5316 2779 5367 ὅτι
2820 5310 3210 5383 ἀμεταμέλητα
3248 5310 3315 5363 ’τὰ
3345 5310 3683 5381 χαρίσματα,
3720 5310 3818 5363 καὶ
3845 5310 3879 5378 ἡ

2298 5410 2490 5478 κλῆσις
2514 5406 2607 5460 τοῦ
2639 5405 2797 5460 Θεοῦ.
2831 5405 3041 5458 Οὐκοῦν
3082 5404 3141 5455 τὸ
3170 5403 3392 5473 σπέρμα
3418 5402 3480 5455 τὸ
3520 5400 3884 5469 εὐλογημένον

2292 5501 2354 5554 τὸ
2384 5499 2473 5552 διὰ
2504 5497 2611 5551 τῶν
2641 5496 2811 5565 ἁγίων
2842 5492 3155 5548 ἀποστόλων
3182 5489 3589 5563 προσκομισθὲν
3619 5489 3699 5560 τῷ
3737 5485 3880 5557 Θεῷ,
