4148 6492
580 389 714 449 usi
1570 383 1631 438 s.
1672 382 1943 438 cvntLu
1980 377 2453 436 ALexanontNt
2492 377 2810 433 Αιιοιιιερ.
3692 366 3721 430 ι
3740 380 3839 431 ,ιεςε

1645 534 1681 549 ν

688 752 941 907 AD
1070 747 1755 905 TOMUM
1864 743 2006 896 ΙΙ
2121 728 3725 894 SUPPLEMENTUM.

1690 532 3723 564 ,ττι-..Μ

581 537 1641 576 W

1293 1182 2165 1305 FRAGMENTA
2247 1181 2440 1294 EX
2512 1172 3127 1293 CATENIS

838 1444 919 1507 IN
961 1438 1408 1513 JEREMIAM,
1459 1434 1811 1509 BARUCH,
1864 1428 2376 1495 EZECHIELEM
2428 1427 2531 1489 ET
2587 1421 2996 1486 DANIELEM
3057 1416 3549 1481 PROPHETAS.

2192 1642 2261 1654 ..-

1813 1790 1937 1879 ΙΝ
2011 1781 2674 1876 JEREMIAM.

1170 2016 1265 2081 (Ex
1300 2020 1472 2067 catena
1514 2010 1769 2063 Michaelis
1802 2006 2034 2061 Ghislerii
2070 2003 2118 2053 in
2153 2002 2436 2054 Jeremiam.
2472 1994 2699 2060 Lugduni
2733 1993 2872 2055 1625,
2909 1994 2940 2042 5
2974 1997 3091 2044 tom.
3128 1988 3236 2047 fol.)

658 2343 744 2413 Ill,
772 2344 862 2400 ΞΖ».
898 2338 1028 2398 Vere
1066 2342 1121 2395 in
1146 2338 1470 2394 mendacium
1490 2342 1635 2391 erant
1670 2328 1827 2386 colles
1861 2340 1911 2385 et
1946 2329 2158 2398 fortitu-
2189 2331 2236 2392 Α

2216 2337 2236 2388 ι
2335 2320 2554 2381 Ὄντως
2580 2317 2667 2383 είς
2688 2313 2919 2385 ψεῦδος
2956 2307 3120 2383 ἦσαν
3147 2313 3203 2365 οἱ
3224 2308 3440 2375 βουνοί
3465 2311 3561 2366 καί
3595 2310 3854 2375 δύναμις

592 2444 660 2493 do
695 2435 980 2499 montium;
1013 2438 1117 2485 etc.
1244 2442 1251 2450 ‘

1244 2442 1251 2450 ·
2266 2411 2387 2466 τῶν
2414 2408 2620 2481 ὀρέων,
2654 2425 2709 2462 κ.
2735 2424 2788 2463 τ.
2828 2406 2878 2463 λ.

584 2565 587 2585 ς
661 2526 919 2583 Montium
949 2533 1002 2579 et
1032 2521 1244 2578 collium
1302 2516 1567 2581 meminit,
1595 2512 1845 2585 quoniam
1878 2509 1931 2565 in
1965 2509 2043 2565 eis
2073 2521 2167 2577 per

2337 2500 2713 2586 Διαμέμνηται
2746 2496 2889 2571 όρῶν
2918 2497 3012 2551 καὶ
3045 2495 3268 2567 βουνῶν,
3308 2495 3538 2566 ἐπείπερ
3570 2496 3630 2548 ὲν
3668 2494 3852 2554 αὐτοῖς

589 2620 767 2688 prisca
809 2615 897 2671 illa
929 2625 1171 2684 tempora
1240 2598 1362 2665 fana
1409 2584 1756 2672 delubraque
1822 2607 2164 2656 exstruentes

2268 2593 2411 2647 κατὰ
2452 2584 2577 2656 τοὺς
2616 2590 2883 2661 ἀρχαίους
2932 2588 3175 2650 ἐκείνους
3220 2588 3443 2658 καιροὺς
3477 2587 3601 2658 ἱερά
3644 2603 3705 2639 τε
3759 2584 3855 2637 καὶ

591 2722 648 2765 et
693 2725 818 2765 aras
884 2706 1176 2776 erigentes,
1227 2699 1557 2757 daemonibus
1619 2710 1781 2765 quam
1831 2691 2168 2764 gratissimas

2267 2683 2471 2754 τεμένη
2501 2680 2818 2752 δειμάμενοι
2862 2678 2957 2732 καὶ
3006 2677 3224 2749 βωμοὺς
3262 2678 3701 2747 ἀναστήσαντες,
3741 2677 3858 2737 τοῖς

591 2800 838 2854 victimas
871 2795 1186 2852 olfercbant.

2267 2773 2566 2845 δαιμονίοις
2590 2770 2956 2845 χαριεστάτας
2986 2766 3383 2840 προσεκόμιζον
3410 2768 3620 2831 Θυσίας.

662 2890 747 2956 ιιι,
776 2888 873 2943 24.
909 2884 1161 2955 Coufusio
1189 2892 1363 2936 autem
1385 2876 1700 2947 consumpsit
1722 2875 1924 2929 labores
1954 2882 2166 2942 patrum

2350 2868 2421 2921 'H
2443 2866 2513 2919 δὲ
2548 2866 2812 2933 αἰσχύνη
2850 2860 3241 2916 κατανάλωσε
3269 2860 3412 2926 τοὺς
3438 2861 3711 2930 μόχθους
3738 2857 3860 2912 τᾶν

593 2992 891 3036 nostrorum
920 2980 984 3031 ab
1018 2972 1369 3029 adolescentia
1398 2984 1600 3024 eorum.

2268 2959 2541 3027 πατέρων
2579 2953 2751 3025 ἡμῶν
2779 2955 2898 3008 ἀπὸ
2932 2953 3213 3020 νεότητος
3234 2950 3452 3005 αὐτῶν.

582 3122 585 3125 ,
663 3069 1041 3126 Conl‘usionem
1082 3073 1280 3120 vocant
1302 3078 1425 3119 vere
1468 3059 1843 3131 turpissimum
1882 3065 1937 3111 et
1988 3052 2167 3124 inglo-

2341 3049 2613 3120 Αίσχύνην
2641 3044 2859 3116 λέγουσι
2891 3046 2989 3114 τὴν
3020 3044 3237 3107 ἀληθῶς
3273 3044 3446 3097 ἀκλεᾶ
3485 3046 3578 3097 καὶ
3608 3042 3861 3110 ἀδοξοτά·

594 3165 731 3220 rium
763 3160 1025 3217 idolorum
1055 3158 1256 3213 cultum
1284 3164 1338 3209 et
1373 3161 1677 3208 versantem
1710 3150 1763 3204 in
1789 3164 1855 3204 eo
1901 3160 2166 3211 errorem,

2269 3161 2369 3214 την
2413 3132 2878 3208 είδολωλατρείαν,
2914 3136 3007 3189 καὶ
3035 3134 3132 3205 τὴν
3161 3135 3253 3187 ἐπὶ
3277 3135 3452 3205 τούτῳ
3490 3135 3782 3206 πλάνησιν,
3824 3136 3860 3204 ἢ

592 3257 683 3326 qni
718 3264 773 3308 et
796 3262 1005 3323 patrum
1044 3263 1262 3304 suorum
1296 3246 1508 3301 labores
1534 3241 1809 3299 comedit:
1868 3241 2170 3307 insumpse-

2270 3234 2364 3288 καὶ
2390 3233 2517 3295 τοὺς
2557 3229 2790 3302 μόχθους
2826 3227 2935 3281 τῶν
2981 3226 3231 3297 πατέρων
3261 3227 3438 3279 αὐτῶν
3467 3226 3824 3280 κατανάλωσε
3845 3244 3856 3255 ⁸

596 3356 723 3401 runt
747 3345 893 3399 enim
931 3357 1062 3398 oves
1100 3353 1232 3395 suas
1264 3344 1319 3391 et
1366 3335 1584 3399 vitulos,
1620 3330 1955 3387 daemonibus
2012 3342 2166 3383 sacra

2269 3323 2673 3393 δεδαπανήκασι
2721 3320 2830 3390 γὰρ
2883 3315 3293 3390 ἱερουργοῦντες
3341 3320 3455 3381 τοῖς
3513 3318 3737 3387 δαίμοσι
3790 3317 3862 3369 τὰ

594 3444 932 3507 peragentes,
967 3430 1366 3502 prudentiaeque
1413 3430 1669 3481 damnum
1699 3438 1803 3477 una
1838 3436 1961 3477 cum
2012 3419 2169 3475 bonis

2270 3413 2519 3486 πρόϐατα
2546 3411 2748 3477 αὐτῶν,
2782 3411 2875 3463 καὶ
2931 3409 3059 3472 τοὺς
3094 3408 3325 3478 μόσχους
3356 3408 3555 3475 αὐτῶν,
3594 3411 3688 3462 καὶ
3724 3426 3861 3479 φρο-

595 3529 901 3582 subierunt.

2270 3507 2476 3578 νήσεως
2504 3503 2706 3574 ζημίαν
2731 3502 2864 3573 ὁμοῦ
2894 3503 3008 3563 τοῖς
3035 3496 3186 3553 οὖσιν
3212 3498 3533 3570 ὑπέμειναν.

670 3617 734 3681 ν,
768 3618 818 3671 1.
859 3614 975 3669 Heu
1004 3612 1165 3667 mihi!
1198 3612 1322 3682 quia
1377 3608 1551 3678 deﬁcit
1614 3606 1793 3660 anima
1836 3620 1952 3658 utea
2016 3617 2170 3671 super
2204 3679 2235 3682 _

2223 3679 2235 3682 μ
2336 3596 2405 3647 Ol
2435 3614 2535 3664 μοι
2554 3595 2574 3646 .'
2602 3594 2690 3646 ὅτι
2718 3582 2991 3646 ἐκλείπει
3023 3590 3061 3658 ἡ
3094 3589 3265 3659 ψυχή
3302 3607 3422 3658 μου
3460 3589 3558 3643 ἐπὶ
3599 3590 3729 3655 τοῖς
3760 3591 3861 3645 ἁν-

596 3707 903 3777 interfectis.
936 3679 1346 3760 Circumcurrite
1372 3702 1425 3755 in
1458 3701 1553 3754 viis
1586 3696 1903 3752 Jerusalem.
2204 3679 2234 3733 Ε

2222 3679 2611 3755 ὶῃρημένοις.
2670 3680 3061 3751 Περιδράμετε
3130 3680 3199 3731 (Eur
3248 3679 3374 3744 ταῖς
3432 3679 3596 3745 ὁδοῖς
3650 3680 3860 3747 ’Isprv-

2275 3778 2510 3846 σαλήμ.

670 3883 861 3940 Viden‘
904 3881 1207 3937 occisorum
1237 3894 1398 3934 causa
1430 3877 1591 3933 nimis
1617 3876 1884 3931 dolentem
1904 3872 2169 3927 lubentis-

2356 3869 2521 3941 Ὁρᾷς
2556 3869 2613 3921 ὲν
2652 3865 2863 3929 τούτοις
2890 3865 3147 3919 ὠδίνοντα
3178 3864 3275 3935 μὲν
3300 3864 3392 3917 ἐπὶ
3431 3866 3545 3926 τοῖς
3570 3865 3859 3935 ἀνῃρημέ-

594 3979 839 4046 sf-zneque
878 3971 1179 4028 Jerusalem
1213 3969 1457 4025 misereri
1498 3975 1859 4038 appetentem,
1895 3964 1987 4020 sed
2032 3978 2170 4033 quo-

2276 3977 2409 4025 νοις,
2440 3960 2535 4013 καὶ
2560 3958 2870 4030 προχείρως
2907 3956 3005 4027 μὲν
3033 3955 3203 4008 ἐλεεῖν
3231 3955 3483 4009 ἐθέλοντα
3514 3955 3615 4025 τὴν
3654 3956 3859 4025 Ἰερου-

596 4043 881 4125 dummodo
910 4081 939 4119 a
978 4062 1159 4133 seipso
1187 4061 1520 4132 impeditum,
1550 4069 1606 4115 et
1634 4066 1847 4114 tantum
1875 4072 1979 4111 non
2011 4069 2167 4111 revo-

2276 4048 2491 4120 σαλὴμ,
2528 4047 2843 4119 εἰργόμενον
2887 4046 2953 4117 δέ’
2990 4062 3106 4108 πως
3144 4044 3232 4114 ὑφ’
3280 4043 3473 4097 ἑαυτοῦ
3496 4084 3511 4107 ,
3565 4048 3858 4115 μονονουχὶ

597 4168 807 4214 cantem
853 4156 1089 4211 divinam
1125 4153 1503 4222 benignitatem
1537 4151 1607 4207 ob
1640 4149 1938 4221 iniquitatis
1983 4162 2173 4202 exces-

2274 4140 2331 4194 84;
2362 4141 2456 4193 καὶ
2484 4137 2912 4210 ἀνασειράζοντα
2944 4135 3041 4207 τὴν
3074 4135 3354 4206 θεοπρεπῆ
3385 4134 3736 4207 γαληνότητα
3774 4138 3860 4190 διὰ

598 4265 740 4314 sum,
774 4255 1105 4318 quaerentem
1155 4254 1333 4299 tamen
1376 4243 1749 4312 iniquitatibus
1820 4239 2172 4296 commisera-

2273 4233 2337 4285 τὸ
2359 4232 2458 4303 τῆς
2491 4231 2765 4302 ἁμαρτίας
2800 4229 3123 4299 ὑπέρογκον·
3140 4227 3407 4298 ζητοῦντα
3427 4227 3474 4280 δ’
3500 4224 3595 4281 οὗν
3624 4229 3779 4298 ὅμως
3802 4230 3859 4281 τὸ

599 4342 800 4397 tionem
818 4337 1193 4405 volentemqne
1210 4348 1307 4404 per
1327 4350 1489 4389 unum
1517 4342 1762 4389 avertere
1787 4331 1960 4386 iram?
1994 4329 2166 4386 Unum

2274 4324 2669 4395 κατοικτείρειν
2715 4322 2815 4387 τὰς
2879 4321 3185 4392 ἁμαρτίας,
3240 4321 3337 4373 καὶ
3379 4320 3463 4389 ἐφ’
3499 4320 3580 4372 ἐνὶ
3633 4319 3858 4373 θέλοντα

596 4433 743 4487 enim
781 4430 1052 4487 hominem
1083 4428 1151 4482 ab
1184 4428 1270 4482 his
1301 4426 1393 4496 qui
1447 4426 1835 4497 percurrebant
1891 4437 2172 4478 common-

2274 4415 2565 4471 καταλύειν
2600 4415 2668 4469 τὰ
2696 4414 2756 4478 ὲξ
2784 4414 2986 4484 ὀργῆς;
3017 4411 3156 4464 Ἕνα
3188 4411 3296 4483 γὰρ
3332 4411 3501 4482 ἄνδρα
3534 4413 3662 4475 τοὺς
3699 4430 3858 4484 περι-

596 4536 707 4580 stra
717 4524 758 4578 ri
792 4522 891 4577 sibi
918 4518 1160 4588 iubebat.

2275 4508 2494 4571 Θέοντας
2519 4506 2885 4561 ἐπιδεικνύναι
2914 4504 3105 4560 πιστὸν
3131 4505 3188 4557 ὲν
3216 4504 3354 4575 αὐτῇ
3383 4502 3717 4557 διετάττετο.

670 4616 734 4684 ν,
764 4615 817 4669 4.
860 4613 927 4667 Ει
993 4629 1086 4683 ego
1127 4610 1543 4667 dixi:Fortassc
1604 4612 1780 4676 inopes
1815 4617 1971 4672 sunt,
2024 4606 2170 4677 quia,

2348 4600 2457 4654 Καὶ
2494 4600 2609 4671 ἐγὼ
2648 4595 2788 4652 εἶπα
2812 4615 2825 4628 ·
2864 4600 3042 4664 Ἴσως
3090 4596 3315 4662 πτωχοί
3358 4597 3506 4661 εισι,
3551 4595 3707 4649 διότι
3748 4597 3855 4649 οὐκ

595 4720 699 4764 etc.
2272 4689 2696 4758 ἐδυνήθησαν,
2728 4707 2783 4744 κ.
2809 4708 2859 4745 τ.
2892 4691 2943 4744 λ.

664 4799 765 4866 Qui
817 4798 1049 4868 majores
1090 4803 1320 4852 erantet
1343 4790 1587 4861 ampliori
1618 4789 1916 4846 sacerdotio
1950 4789 2175 4861 fungen-

2350 4782 2424 4834 Τὸ
2448 4777 2684 4853 προῦχον
2715 4782 2807 4834 καὶ
2841 4782 3127 4852 ἱερώτερον
3158 4783 3216 4834 ὲν
3241 4782 3354 4844 τοίς
3386 4778 3665 4843 Ἰουδαίοις
3693 4780 3855 4832 ταλα-

598 4904 679 4947 tes
705 4890 843 4960 apud
867 4888 1081 4943 Judaaos
1115 4886 1311 4941 merito
1336 4899 1434 4955 pro
1464 4881 1836 4938 miserioribus
1868 4879 2170 4945 habentur;

2275 4872 2483 4937 νίζεται
2516 4872 2613 4942 μὲν
2639 4872 2863 4934 εἰκότως
2894 4910 2909 4925 .
2944 4870 3335 4941 ραγδαιοτέραν
3354 4869 3411 4922 δὲ
3435 4868 3534 4939 τὴν
3556 4869 3732 4940 ὀργὴν
3769 4871 3856 4921 ὲπ-

599 4981 797 5051 qnibns
859 4979 1022 5035 etiam
1078 4978 1156 5032 ira
1218 4974 1581 5032 abundantior
1647 4973 1818 5028 elfusa
1865 4981 1968 5026 est.
2020 4970 2237 5057 QuodC

2214 5000 2241 5057 Β
2276 4962 2541 5034 ήντλησεν
2573 4961 2741 5032 αὐτῷ.
2771 4962 2882 5015 Καὶ
2926 4961 3083 5015 τοῦτο
3125 4962 3379 5032 σαφηνιεί
3417 4960 3592 5029 λέγων
3635 4961 3799 5022 αὐτὸς
3827 4963 3852 5012 ὀ

510 5148 513 5149 ν
600 5075 816 5145 planum
860 5071 988 5126 lacit
1034 5071 1303 5135 Christus,
1336 5068 1607 5137 inquiens.
1649 5064 1739 5119 γω
1777 5062 1940 5127 vobis,
1974 5063 2148 5117 Scriba

2213 5051 2241 5057 ⁷
2278 5053 2552 5126 Χριστὸς,
2585 5053 2731 5107 Οὐαί
2774 5052 2935 5121 ὑμῖν,
2983 5051 3353 5121 Γραμματεῗς
3400 5052 3499 5105 καὶ
3546 5051 3851 5120 Φαρισαῖοι

599 5141 648 5220 et
680 5162 941 5216 Pharisaei
980 5162 1284 5231 hypocrita',
1343 5160 1467 5229 quia
1515 5158 1749 5212 circuitis
1797 5171 1942 5209 mare
1984 5164 2031 5209 ct
2061 5155 2172 5208 ari--

2278 5143 2619 5211 ὑποκριταί,
2649 5142 2737 5195 ὅτι
2774 5141 3076 5213 περιάγετε
3102 5143 3215 5210 τὴν
3246 5142 3569 5196 θάλασσαν
3612 5142 3713 5195 καὶ
3742 5143 3853 5208 τὴν·

599 5256 724 5308 (iam
783 5265 839 5306 ut
878 5253 1089 5323 faciatis
1129 5268 1288 5304 unum
1334 5250 1675 5321 proselytum,
1710 5256 1815 5302 etc.

2277 5237 2487 5306 ξηρὰν,
2524 5234 2771 5300 ποιῆσαι
2796 5235 2904 5288 ἕνα
2931 5235 3323 5304 προσήλυτον
3343 5274 3357 5297 ,
3394 5252 3450 5286 κ.
3482 5251 3534 5288 τ.
3565 5236 3611 5288 ὲ.

673 5341 756 5406 γι,
788 5340 875 5394 10.
924 5340 1007 5394 Ad
1033 5354 1182 5409 quem
1227 5339 1412 5407 loquar
1433 5348 1480 5391 et
1510 5335 1889 5391 contestabor?

2344 5328 2501 5397 Πρὸς
2526 5329 2663 5382 τίνα
2690 5328 2944 5396 λαλήσω
2972 5329 3070 5381 καὶ
3100 5328 3604 5397 διαμαρτύρομαι;

669 5432 987 5500 Opprobriis
1059 5430 1203 5484 enim
1281 5429 1502 5483 verbum
1570 5427 1772 5483 Christi
1845 5426 2173 5496 impetebant

2340 5420 2735 5484 Κατωνείδιζον
2767 5420 2876 5492 γὰρ
2913 5420 2974 5474 τὸ
3016 5420 3166 5491 ρἧα
3206 5418 3464 5490 Χριστοῦ,
3495 5420 3607 5479 τοῖς
3642 5418 3855 5485 ἀκροω-

600 5536 722 5575 cum
756 5523 823 5575 de
870 5520 962 5575 illo
994 5519 1239 5573 dicerent
1267 5515 1619 5584 auditoribus,
1656 5515 1984 5570 Dremonium
2019 5516 2169 5569 habet

2274 5513 2455 5583 μένοις
2496 5516 2622 5583 περὶ
2675 5512 2839 5566 αὑτοῦ
2890 5513 3166 5582 λέγοντες·
3217 5512 3531 5581 Δαιμόνιον
3573 5508 3698 5578 ἔχει
3749 5509 3848 5562 καὶ

596 5623 647 5664 et
688 5611 907 5665 insanit.
942 5610 1079 5675 Quid
1104 5610 1273 5679 ipsum
1307 5609 1541 5664 auditis?

1534 5610 1541 5635 ’
2268 5603 2542 5671 μαίνεται
2563 5621 2576 5634 ο
2603 5603 2658 5656 τί
2678 5603 2865 5657 αὑτοῦ
2891 5604 3172 5665 ἀκούετε;

668 5700 782 5768 VH,
818 5701 902 5754 17.
949 5700 1204 5770 Nunquid
1251 5718 1351 5756 non
1380 5700 1517 5756 vides
1570 5700 1694 5768 quid
1729 5700 1826 5767 ipsi
1878 5698 2076 5766 faciunt
2114 5696 2167 5751 in

2350 5695 2498 5763 Οὐχὶ
2542 5695 2684 5763 ὁρᾷς
2728 5698 2786 5749 τί
2823 5695 2991 5750 αὐτοὶ
3032 5695 3273 5751 ποιοῦσι
3315 5695 3385 5748 ἐν
3433 5690 3563 5757 ταῖς
3594 5691 3852 5743 πόλεσιν·

601 5794 898 5848 civitatibus
940 5793 1115 5849 Iuda?

876 5810 898 5845 ε
940 5793 1115 5849 Iuda?
2286 5785 2471 5841 Ἰούδα
2493 5804 2509 5851 ;
