4148 6506
563 398 698 454 H55

1555 392 1610 447 S.
1653 389 1924 447 CYRILLI
1965 389 2433 446 ALEXANDRINI
2479 390 2797 448 ARCHIEP.

3692 398 3719 453 Ι
3730 399 3837 453 456

558 519 888 583 quapropter
939 508 1298 573 ollenderunt,
1328 507 1567 579 mysterii
1593 508 1699 562 vim
1731 508 2137 573 iuhonorantes,

2249 508 2663 582 ἀμεταμέλητον
2708 510 2769 563 οὐ
2829 493 3216 582 τετηρήκασιί
3247 496 3833 584 προσκεκρούκασί.τε

559 614 613 657 et
644 604 689 658 si
731 603 904 657 adhuc
934 603 986 655 in
1020 599 1203 670 ﬁguris
1228 609 1365 655 eral.
1400 597 1769 653 Justiﬁcamur
1792 607 1968 654 autem
2011 600 2139 669 quia

558 694 730 762 gratis
781 708 875 761 per
898 691 1129 763 gratiam
1180 689 1311 744 nihil
1378 687 1669 745 oﬂ‘erentes
1728 704 1824 759 pro
1861 690 1969 743 vita
2022 705 2141 759 qua:

559 788 614 842 in
662 786 878 841 Christo
917 795 1019 851 est,
1048 798 1148 837 nec
1191 790 1368 851 empta
1415 781 1682 836 libertatis
1723 782 1918 851 gloria,
1948 771 2140 837 huma-

561 882 730 933 nitate
770 878 978 932 Domini
1005 886 1056 930 et
1079 874 1528 933 benevolentiain
1560 873 1810 928 homines
1855 888 1968 929 rem
2000 872 2143 926 hanc

562 971 855 1025 lucramur.

634 1144 790 1211 XLII,
824 1145 907 1199 15.
942 1143 1003 1199 Si
1037 1160 1123 1198 vos
1159 1144 1428 1208 dederitis,
1465 1154 1571 1198 etc.

630 1238 763 1292 Nam
814 1237 940 1308 quia
988 1236 1364 1307 Egyptiorum
1409 1236 1579 1305 copiis
1631 1237 1955 1306 auxiliisque
2017 1237 2139 1292 freti

561 1347 621 1385 se
672 1330 1013 1401 apponebant
1076 1327 1407 1400 Babyloniis,
1466 1328 1667 1382 idcirco
1714 1329 1955 1383 dolentes
2025 1339 2146 1399 post

564 1422 991 1494 Hierosolymam
1022 1431 1075 1476 et
1101 1420 1404 1475 Samariam
1429 1432 1780 1490 expugnatas,
1815 1420 2014 1476 bellum
2041 1422 2145 1477 illis

564 1513 885 1577 tntulerunt,
934 1522 985 1567 et
1021 1510 1176 1566 facile
1222 1511 1500 1565 victoriam
1531 1520 1889 1580 reportaruut.

631 1690 815 1757 XLIV,
847 1690 933 1744 M.
957 1687 1021 1743 Ut
1053 1696 1395 1749 revertantur,
1422 1697 1530 1741 etc.

631 1790 766 1841 Cum
816 1785 955 1840 Deus
986 1782 1311 1851 insequitur,
1348 1779 1525 1835 nullus
1552 1778 1878 1849 periclitanti
1910 1780 2139 1834 salutem

2243 599 2333 654 διὰ
2361 598 2541 668 τοῦτο,
2585 601 2679 654 τοῦ
2736 604 3037 675 μυστηρίου
3063 604 3162 674 τὴν
3191 603 3420 675 δύναμιν
3448 604 3833 675 ἀτιμάζοντες,

2243 694 2292 745 εἰ
2322 693 2418 747 καὶ
2458 688 2528 764 ἦν
2571 695 2629 746 ἐν
2655 693 2848 758 τύποις
2882 692 2983 749 ἐτι.
3019 694 3389 765 Δικαιούμεθα
3416 695 3474 748 δέ
3502 696 3584 750 ὅτι
3621 696 3835 765 δωρεὰν

2242 783 2332 837 διὰ
2358 783 2580 855 χάριτος
2608 784 2709 854 τῆς
2742 787 2800 839 ἐν
2832 785 3054 857 Χριστῷ
3088 787 3235 857 ζωῆς
3262 786 3624 857 ἀντάλλαγμα
3662 804 3832 859 προσ-

2243 876 2560 944 ενεγκόντες
2606 860 2825 941 οὐδενί
2860 877 2976 930 ἀλλ’
3034 878 3155 930 οὐδὲ
3206 878 3306 949 τὴν
3354 866 3461 948 τῆς
3516 879 3836 950 ἐλευθερίας

2244 966 2606 1037 ἐκπριάμενοι
2644 967 2823 1036 δόξαν,
2863 970 3163 1040 ὴμερότητι
3206 970 3264 1023 δέ
3318 972 3413 1025 καὶ
3452 970 3837 1042 φιλανθρωπία

2244 1061 2545 1129 Δεσποτικῇ
2578 1059 2637 1112 τὸ
2670 1060 2860 1130 χρῆμα
2884 1060 3276 1129 κερδαίνοντες.

2332 1150 2475 1204 Ἐὰν
2500 1149 2670 1220 ὑμεῖς
2700 1150 2872 1215 δῶτε,
2904 1170 2959 1205 κ.
2997 1170 3049 1205 τ.
3091 1153 3142 1207 λ.

2329 1241 2549 1312 Ἐπειδὴ
2599 1240 2711 1313 γὰρ
2760 1244 2883 1306 ταῖς
2938 1242 3252 1309 Αἰγυπτίων
3307 1244 3651 1315 ἐπικουρίαις
3709 1245 3831 1297 ἐπι-

2248 1329 2621 1401 θαρσήσαντες
2670 1331 3031 1403 ἀντεφέροντο
3076 1334 3189 1395 τοῖς
3234 1331 3621 1398 Βαϐυλωνίοις,
3658 1334 3833 1402 ταύτῃ

2246 1440 2329 1475 τοι
2365 1422 2726 1492 λελυπημένοι
2760 1423 2897 1492 μετὰ
2924 1422 3025 1494 τὴν
3048 1422 3159 1475 τῶν
3190 1422 3583 1493 Ἰεροσολύμων
3609 1425 3702 1478 καὶ
3732 1426 3832 1491 τῆς

2248 1511 2558 1581 Σαμαρείας
2582 1511 2804 1577 ἅλωσιν,
2836 1513 3141 1582 ἐτράποντο
3172 1529 3272 1565 κατ
3314 1513 3517 1579 αὐτῶν,
3560 1514 3657 1567 καὶ
3702 1514 3834 1584 ἁμο-

2247 1602 2374 1673 γητὶ
2398 1602 2766 1671 νενικήκασιν.

2325 1696 2433 1750 Τοῦ
2467 1694 2844 1763 ἐπιστρέψαι,
2872 1712 2926 1749 κ.
2961 1713 3010 1749 τ.
3044 1694 3094 1749 λ.

2320 1788 2489 1840 Ὅταν
2538 1784 2710 1858 διώκῃ
2759 1786 2914 1852 Θεὸς,
2972 1786 3146 1853 οὐδεὶς
3192 1788 3465 1841 ἀνασώσει
3506 1788 3601 1841 τὸν
3648 1788 3830 1841 κινδυ-

565 1882 706 1935 terre
733 1886 913 1950 potest
934 1894 950 1944 ;
971 1875 1061 1931 sed
1087 1874 1393 1943 ubicunque
1416 1872 1537 1941 quis
1558 1871 1741 1938 fuerit,
1763 1872 1941 1927 ibiirm
1957 1874 2144 1929 obvius

2249 1879 2471 1933 νεύοντα
2490 1894 2503 1907 °
2531 1876 2646 1931 ἀλλ’
2670 1876 2907 1948 ἐνθάπερ
2939 1876 3004 1931 ἂν
3034 1880 3122 1950 εἴη
3169 1897 3273 1944 τις,
3307 1881 3425 1933 ἐκεῖ
3457 1878 3835 1951 περιτεύξεται

564 1983 815 2125 οΓξΚἸΝΙ.
836 2063 928 2118 25.
958 2061 1092 2115 Ecce
1122 2061 1347 2115 ulciscar
1374 2061 1617 2113 Ammon.

633 2158 823 2230 Cyrilli
868 2157 1026 2211 simul
1054 2168 1101 2211 et
1143 2153 1457 2221 Apolinarii.
1506 2151 1609 2205 Per
1658 2150 1886 2204 Ammon
1961 2159 2137 2204 autem

564 2263 690 2309 sunt
725 2251 817 2322 qui
842 2249 1221 2304 Alexandriam
1248 2245 1569 2315 intelligant,
1597 2243 1668 2296 ita
1713 2243 1838 2297 olim
1872 2256 2137 2307 vocatam,

565 2353 722 2398 utet
779 2341 832 2395 in
898 2337 1109 2393 Nahum
1184 2335 1411 2390 habetur
1462 2351 1475 2386 :
1532 2333 1672 2387 Nam
1749 2333 1932 2387 melior
1978 2351 2030 2387 es
2087 2346 2142 2386 tu

566 2434 813 2486 Ammone
846 2445 963 2499 qua:
1013 2427 1213 2481 habitat
1279 2426 1334 2479 in
1381 2425 1741 2493 ﬂuminibus?
1786 2424 1949 2493 Aqua!
1999 2426 2141 2478 circa

566 2529 749 2594 ipsam,
791 2523 941 2593 cujus
987 2518 1312 2574 abundantia
1345 2532 1510 2575 mare.
1548 2526 1596 2569 et
1647 2532 1787 2586 aqua
1819 2518 1955 2568 muri
1982 2517 2139 2584 ejus;

568 2617 846 2681 Ethiopia
900 2611 1158 2683 fortitudo
1191 2610 1327 2678 ejus,
1368 2619 1414 2662 et
1471 2606 1756 2675 Egi/ptas,
1796 2617 1843 2659 et
1881 2623 1987 2660 non
2018 2624 2142 2660 con-

566 2712 778 2764 stitutus
817 2718 892 2763 est
931 2706 1070 2775 [ηραν
1121 2703 1420 2763 terminus;
1465 2708 1515 2753 et
1577 2697 1728 2752 Libes
1784 2708 2031 2752 venerunt
2086 2700 2140 2752 in

567 2802 823 2857 auxilium
856 2799 989 2869 ejus,
1021 2809 1067 2852 et
1116 2798 1229 2866 ipsa
1268 2797 1323 2848 in
1366 2792 1877 2861 transmigratiouem
1927 2791 2140 2858 proﬁci-

567 2904 736 2950 scetur
757 2891 800 2947 ⁸.
827 2889 1026 2946 Verum
1069 2890 1183 2942 lucc
1235 2896 1472 2955 tempora
1520 2882 1701 2954 priora
1744 2892 1871 2935 sunt
1910 2880 2143 2936 a:dilica-

567 2987 714 3042 tione
767 2981 1078 3038 Alexandri.
1130 2977 1385 3034 Fortasse
1417 2990 1547 3046 ergo
1591 2983 1715 3027 ante
1773 2973 2139 3027 Alexandrum

567 3078 697 3132 urbs
730 3075 799 3130 ibi
841 3082 992 3135 erat,
1027 3080 1081 3127 et
1108 3072 1441 3126 destructam
1517 3065 1857 3122 restauravit.
1912 3065 2139 3132 Quidam

569 3184 694 3222 vero
725 3166 876 3221 aiunt
906 3163 1091 3219 Jovem
1125 3163 1192 3216 ab
1227 3158 1493 3230 Egyptiis
1536 3157 1858 3211 Ammouam
1911 3156 2137 3221 vocari,

2246 1970 2326 2042 τῷ
2363 1969 2539 2040 θυμῷ.

2331 2063 2486 2118 Ἰδοὺ
2515 2063 2629 2133 ἐγὼ
2657 2062 2873 2117 sacoma
2899 2064 3006 2117 τὸν
3052 2064 3296 2135 Ἀμμών.

2319 2158 2621 2225 Κυρίλλου
2664 2156 2733 2210 τὸ
2772 2156 2918 2210 αὐτὸ
2967 2159 3063 2211 καί
3118 2158 3550 2225 Ἀπολιναρίου.
3607 2154 3839 2227 ’Δμμὼν

2247 2249 2304 2302 δὲ
2345 2251 2393 2302 οί
2438 2248 2536 2318 μὲν
2581 2248 2681 2318 τὴν
2721 2246 3133 2320 Ἀλεξάνδρειαν
3164 2250 3437 2318 λέγουσιν,
3483 2251 3630 2304 οὕτω
3661 2250 3837 2303 πάλαι

2247 2339 2608 2409 καλουμένην,
2651 2340 2726 2404 ὡς
2754 2341 2849 2393 καὶ
2875 2341 2932 2393 ἐν
2961 2340 3040 2412 τῷ
3077 2342 3274 2412 Ναούμ
3312 2359 3482 2413 φησι*
3504 2343 3601 2411 Μὴ
3641 2343 3838 2411 κρείτ-

2247 2447 2363 2484 των
2399 2426 2458 2484 εῖ
2478 2430 2561 2484 σὺ
2586 2430 2698 2500 τῆς
2743 2430 2987 2501 Ἆμμὼν,
3030 2431 3142 2500 τῆς
3180 2436 3583 2501 κατοικούσης
3614 2436 3687 2487 ὲν
3730 2450 3832 2486 ποθ

2250 2521 2485 2589 ταμοῖς;
2511 2520 2693 2590 ’Ύδωρ
2741 2523 2946 2587 κύκλῳ
2987 2522 3175 2591 αὐτῆς
3226 2519 3302 2592 ἧς
3339 2525 3378 2593 ἡ
3430 2525 3685 2593 εὐπορία
3730 2525 3834 2579 0d-

2246 2614 2474 2675 λασσα,
2494 2611 2591 2665 καὶ
2610 2612 2767 2681 ὕδωρ
2798 2612 2872 2667 τὰ
2904 2615 3070 2682 τείχη
3105 2613 3328 2681 αὐτῆςο
3358 2616 3631 2670 Αἰθιοπία
3653 2614 3839 2684 ἰσχὺς

2248 2704 2437 2773 αὐτῆς
2462 2706 2560 2759 καὶ
2590 2706 2916 2777 Αἴγυπτος,
2941 2708 3039 2762 καὶ
3070 2708 3181 2761 οὐκ
3206 2708 3355 2774 ἔστη
3384 2706 3569 2773 πέρας
3590 2705 3701 2772 τῆς
3732 2724 3840 2775 φυ-

2246 2792 2389 2862 γῆς·
2416 2795 2514 2848 καὶ
2534 2797 2750 2863 Λίϐυες
2771 2797 3278 2867 ἐγένοντοβοηθοὶ
3311 2796 3524 2864 αὐτῆς,
3546 2797 3647 2851 καὶ
3672 2796 3835 2864 αὑτὴ

2247 2886 2333 2949 εἰς
2355 2886 2667 2954 μετοικίαν
2697 2888 3076 2956 πορεύσεται.
3108 2889 3246 2941 Ἀλλ’
3268 2890 3318 2942 οἱ
3343 2889 3613 2960 παρόντες
3650 2891 3839 2959 καιροὶ

2247 2974 2346 3044 τῆς
2402 2974 2758 3048 Ἀλεξάνδρου
2810 2978 3179 3050 πρεσϐύτεροι
3226 2980 3479 3043 κτίσεως.
3528 2981 3692 3041 Ἴσως
3739 2975 3840 3031 οὖν

2249 3066 2357 3137 πρὸ
2393 3066 2746 3139 Ἀλεξάνδρου
2783 3069 2937 3132 πόλις
2966 3069 3215 3141 ὑπῆρχεν
3258 3071 3393 3137 ἐκεῖ,
3425 3071 3519 3123 καὶ
3546 3070 3841 3140 παυσαμέ-

2248 3173 2345 3226 νην
2379 3156 2650 3210 ἀνέκτισε.
2686 3159 2843 3222 Τινὲς
2870 3159 2926 3212 δέ
2966 3177 3130 3229 φασιν
3172 3162 3247 3225 ώς
3288 3162 3583 3231 Ἀμμωνᾶν
3609 3162 3699 3215 τὸν
3735 3162 3839 3213 Δία

568 3258 709 3314 unde
747 3268 802 3312 et
825 3254 1175 3310 Ammoniaca
1211 3251 1357 3320 regio
1379 3258 1737 3320 nuncupatur,
1768 3263 1929 3319 quem
1965 3248 2131 3302 lilium

2249 3246 2496 3302 καλοῦσιν
2529 3247 2838 3316 Αἰγύπτιοι,
2872 3250 2966 3320 ἀφ’
3019 3244 3082 3304 οὗ
3123 3252 3220 3306 καὶ
3260 3251 3626 3323 Ἀμμωνιακὴ
3665 3269 3841 3323 προσ-

568 3347 713 3402 illius
742 3356 918 3409 vocat,
948 3352 1203 3413 tauquam
1234 3342 1301 3395 ab
1335 3340 1454 3409 ipsa
1496 3339 1599 3394 diis
1652 3338 1943 3407 ascriptum
1971 3355 1987 3403 ;
2038 3346 2142 3391 sta-

569 3450 656 3494 tua
685 3438 829 3493 enim
873 3446 956 3491 est
977 3451 1137 3489 manu
1177 3432 1404 3488 artiticis
1470 3431 1710 3489 confecta
1736 3472 1751 3497 ,
1784 3446 1983 3499 quam,
2029 3431 2140 3494 ait,

569 3528 847 3601 Babylonii
882 3527 1097 3597 capient
1138 3533 1470 3593 cmterosquc
1510 3524 1720 3577 illorum
1753 3538 1888 3593 quos
1940 3538 2145 3576 memo-

571 3631 654 3677 rat
683 3620 974 3677 tleos.ll|ud
1017 3633 1144 3672 vero
1191 3631 1347 3686 super
1404 3614 1736 3670 Pharaonem
1779 3625 1826 3668 et
1856 3613 2144 3684 At'gyptum

569 3722 854 3763 commune
887 3705 1111 3759 verbum
1148 3704 1308 3758 habet
1350 3702 1597 3756 ulciscar.
1994 3717 1999 3723 -

641 3795 828 3863 XLIX,
858 3795 944 3851 10.
982 3794 1048 3849 Et
1081 3793 1293 3866 angelos
1319 3794 1389 3846 ad
1416 3804 1587 3863 gentes
1616 3794 1776 3848 misit.

642 3888 988 3944 Munitionem
1029 3897 1207 3941 autem
1261 3885 1397 3939 dixit
1431 3900 1565 3951 quos
1604 3883 1867 3940 Jeremias
1907 3884 2146 3953 angelos,

570 3990 624 4037 et
664 3979 1027 4052 Symmachus
1068 3979 1318 4031 nuntium
1371 3977 1659 4045 exposuit;
1688 3975 1911 4044 intelligi
1969 3987 2146 4031 autem

570 4083 747 4143 potest
782 4072 1008 4127 obsidio.
1061 4071 1333 4126 Convocat
1376 4083 1503 4124 vero
1547 4070 1805 4124 adversus
1861 4068 2147 4123 lduma‘atu

570 4164 666 4220 Dei
719 4176 883 4219 nutus
928 4172 1115 4234 gentes
1159 4161 1374 4223 multas,
1418 4169 1473 4214 et
1516 4170 1691 4215 motos
1741 4175 1771 4213 a
1816 4176 1877 4216 se
1930 4162 2150 4231 angelos

572 4264 748 4311 vocat.
782 4253 911 4308 Moti
939 4253 1136 4323 quippe
1178 4267 1209 4305 a
1238 4251 1345 4307 Deo
1379 4252 1445 4306 ad
1477 4251 1695 4316 bellum,
1719 4263 1908 4307 mutuo
1956 4267 2016 4308 se
2052 4253 2151 4308 sol-

2245 3336 2568 3408 αγορεύεται.
2599 3337 2753 3410 χώρα
2772 3357 2785 3370 ·
2814 3339 2873 3393 ὃν
2903 3340 3074 3412 αὐτῆς
3118 3342 3235 3395 υἱὸν
3279 3342 3435 3395 καλεῖ
3466 3343 3541 3406 ώς
3580 3342 3713 3413 παρ’
3746 3343 3841 3396 αὖ·

2243 3431 2344 3499 τῆς
2381 3428 2805 3500 θεοποιηθὲντα·
2855 3433 3231 3504 χειροποίητον
3265 3434 3374 3505 γὰρ
3413 3434 3473 3487 τὸ
3514 3434 3774 3505 ἄγαλμα,
3811 3434 3842 3487 δ

2244 3518 2333 3591 δὴ,
2378 3521 2567 3591 φησὶν,
2622 3523 2671 3575 οἱ
2720 3521 3051 3576 Βαϐυλώνιοι
3098 3525 3534 3596 παραλήψονται,
3576 3527 3671 3579 καὶ
3713 3528 3839 3589 τοὺς

2246 3612 2441 3677 ἄλλους
2464 3612 2644 3667 αὐτῶν
2687 3612 2781 3678 οὒς
2840 3615 3038 3684 ἐπάγει
3068 3616 3247 3680 θεούς.
3280 3618 3353 3670 Τὸ
3376 3617 3434 3670 δὲ
3477 3618 3579 3671 ἐπὶ
3626 3618 3843 3687 Φαραὼ

2248 3705 2346 3758 καὶ
2372 3706 2700 3776 Αἴγυπτον,
2725 3707 2869 3761 κατὰ
2906 3708 3087 3762 κοινοῦ
3120 3708 3234 3779 ἔχει
3262 3710 3325 3762 τὸ
3350 3708 3589 3766 ἐκδικῶ.

2320 3796 2431 3851 Καὶ
2462 3797 2760 3868 ἀγγέλους
2791 3802 2879 3865 εὶς
2914 3800 3057 3866 ἔθνη
3092 3801 3440 3855 ἀπέστειλε.

2323 3890 2624 3961 Περιοχὴν
2669 3892 2727 3946 δὲ
2763 3888 2917 3947 εἶπεν
2960 3893 3055 3957 οὒς
3090 3894 3361 3965 Ἱερεμίας
3391 3893 3713 3964 ἀγγέλους,
3744 3896 3843 3950 καὶ

2251 3982 2545 4054 Σύμμαχος
2603 3985 2893 4054 ἀγγελίαν
2940 3985 3239 4052 ἐξέδωκενο
3295 3987 3468 4040 νοοῖτο
3530 3985 3573 4038 δ’
3623 3986 3690 4041 ἂν
3747 3987 3843 4040 καὶ

2252 4076 2583 4142 πολιορκία.
2642 4076 2817 4130 Καλεῖ
2865 4076 2923 4130 δὲ
2988 4076 3129 4150 κατὰ
3187 4077 3288 4148 τῆς
3336 4077 3646 4149 Ἰδουμαίας
3710 4076 3843 4148 ἔθνη

2252 4164 2424 4218 πολλὰ
2462 4166 2523 4217 τὸ
2571 4165 2714 4219 θεῖον
2762 4166 2962 4236 νεῦμα,
3013 4168 3109 4221 καὶ
3156 4168 3253 4239 τὴν
3305 4167 3365 4233 ἐξ
3412 4167 3579 4222 αὐτοῦ
3621 4168 3843 4239 κίνησιν

2252 4256 2519 4325 ἀγγέλους
2550 4253 2692 4312 εἷπε.
2726 4260 3057 4330 Κινηθέντες
3088 4260 3197 4334 γὰρ
3239 4262 3304 4314 ἐκ
3333 4260 3467 4314 Θεοῦ
3515 4260 3844 4333 πρὸς’πόλε·

571 4345 894 4407 licitabant,
946 4352 1006 4397 ut
1046 4342 1248 4398 Abdias
1307 4342 1425 4408 ait;
1479 4357 1748 4415 aggressae
1806 4343 1949 4398 enim
2024 4353 2145 4398 sunt

2257 4364 2374 4417 μον,
2422 4348 2688 4420 ἀλλήλους
2739 4352 3013 4423 ἠρέθιζον,
3068 4353 3144 4417 ὦς
3189 4371 3354 4426 φησιν
3411 4354 3624 4408 ’Δϐδιού
3648 4370 3661 4383 '
3715 4372 3844 4409 ουν-

573 4452 697 4493 cum
741 4434 942 4493 lsraele
984 4434 1272 4515 ldumaram
1302 4445 1357 4490 et
1392 4435 1785 4504 circumposita:
1827 4444 2034 4503 gentes.
2071 4435 2145 4490 Ad

2256 4437 2537 4492 εισέϐαλον
2571 4443 2679 4513 γὰρ
2708 4445 2820 4506 τοῖς
2849 4443 2908 4510 ἐξ
2945 4443 3162 4515 Ἰσραὴλ
3192 4446 3273 4509 είς
3315 4444 3623 4515 Ἰδουμαίαν
3652 4445 3752 4498 καὶ
3776 4444 3846 4497 τὰ

576 4528 863 4587 ldumteam
908 4542 1070 4598 porro
1099 4541 1390 4583 conversus
1417 4527 1523 4582 ait:
1560 4525 1697 4582 Ecce
1727 4526 2002 4597 parvulum
2032 4526 2145 4581 dedi

2258 4529 2521 4602 περίοικα
2558 4532 2667 4586 τῶν
2694 4534 2885 4605 ἐθνῶν.
2918 4536 3064 4619 ξῘρὺς
3098 4537 3405 4606 Ἰδουμαίαν
3448 4537 3505 4591 δὲ
3535 4539 3845 4609 μεταστρὲ-

580 4632 630 4678 te
656 4623 712 4675 in
734 4620 991 4689 gentibus,
1007 4630 1056 4675 et
1079 4630 1250 4675 tamen
1277 4618 1447 4689 factus
1477 4618 1900 4688 contemptibilis,
1932 4620 1987 4673 in
2018 4618 2145 4685 ipsis

2249 4619 2357 4689 ψας
2380 4663 2395 4683 ,
2432 4622 2596 4692 φησίν
2618 4640 2632 4652 ’
2675 4624 2820 4678 Ἰδοὺ
2852 4612 3070 4695 μικρὸν
3108 4628 3305 4682 ἔδωκά
3348 4644 3421 4683 σε
3456 4629 3529 4683 ἐν
3572 4629 3843 4690 ἔθνεσιν,

579 4713 972 4769 calamitatibus
1028 4710 1397 4778 insolesccbas,
1435 4712 1684 4778 ignorans
1734 4708 1875 4780 quod
1907 4707 2152 4779 capieris,

579 4808 695 4862 licet
724 4807 922 4862 exultes
947 4816 1199 4873 tanquam
1242 4804 1422 4874 aquila
1453 4804 1845 4858 habitationem.
1884 4801 1971 4857 Illi
2005 4816 2155 4865 vero,

579 4895 649 4951 Et
682 4899 781 4952 erit
824 4896 1066 4952 Idumam
1102 4899 1306 4951 deserta
1354 4904 1410 4950 et
1445 4910 1565 4965 quae
1605 4904 1924 4964 sequuntur,
1962 4892 2156 4947 similia

577 4990 712 5046 dixit
738 4989 1053 5045 Abdias""°
1081 5007 1093 5043 :
1121 4988 1191 5044 Et
1212 4991 1310 5045 erit
1339 4991 1526 5043 domus
1556 4988 1703 5042 Esau
1733 4988 1787 5040 in
1817 4986 2087 5053 stipulam,
2109 4994 2156 5038 et

577 5080 891 5136 accendatur
919 5080 975 5134 in
1004 5097 1109 5147 eos,
1146 5090 1194 5135 et
1233 5097 1334 5135 non
1361 5082 1456 5134 erit
1502 5078 1694 5148 ignifer
1722 5078 1774 5131 in
1804 5078 1957 5130 domo
1994 5075 2156 5129 Esau.

575 5170 729 5240 Quod
771 5172 936 5229 etiam
998 5171 1237 5241 profanis
1274 5171 1631 5238 scriptoribus
1654 5169 1828 5237 adagii
1885 5168 2002 5222 loco
2047 5175 2150 5228 est,

580 5262 911 5333 Neignifero
954 5264 1162 5332 quidem
1207 5264 1495 5332 percitum,
1536 5263 1600 5318 de
1627 5262 1710 5317 his
1740 5262 1829 5331 qui
1867 5260 1934 5315 ad
1979 5261 2151 5313 inter-

579 5353 860 5409 necionem
895 5355 1019 5409 ca'si
1067 5361 1213 5408 sunt.
1248 5352 1480 5408 Praeibat
1526 5355 1669 5409 enim
1716 5355 1933 5424 quidam
1975 5352 2152 5408 ferens

579 5445 757 5515 ignem
793 5454 851 5500 et
892 5445 1133 5501 lustrans
1169 5456 1293 5501 ante
1326 5462 1557 5518 pugnam
1587 5449 1768 5513 acies;
1819 5446 2016 5518 lexque
2038 5455 2154 5501 erat

581 5537 851 5592 neminem
878 5536 955 5592 illi
981 5537 1233 5593 hostilem
1263 5536 1486 5606 injicere
1516 5553 1751 5596 manum.

653 5835 678 5869 ⁸
710 5837 919 5892 Nahum
948 5849 1031 5905 tu,
1056 5840 1106 5894 8.
1185 5844 1279 5876 ⁹·¹⁰
1307 5844 1512 5912 Αυιιὶιιξ,
1558 5847 1641 5903 18.

2252 4711 2388 4766 ἀλλ’
2431 4711 2588 4782 ὅμως
2632 4717 3161 4787 εὐκαταφρόνητος
3195 4724 3519 4790 γενόμενος
3563 4721 3845 4791 ἐφρόνεις

2252 4806 2339 4872 εἰς
2372 4804 2521 4875 μέγα
2543 4806 2641 4859 ἐπὶ
2677 4808 2805 4875 ταῖς
2832 4809 3233 4879 δυσχερείαις,
3254 4812 3491 4881 ἀγνοῶν
3520 4814 3603 4880 ὡς
3626 4814 3845 4882 Wa

2255 4894 2369 4949 κᾶν
2398 4895 2652 4965 ὐψώσῃς
2671 4899 2751 4966 ὡς
2772 4901 2946 4968 ἀετὸς
2975 4902 3091 4972 τὴν
3118 4905 3497 4971 κατοίκησιν.
3518 4906 3611 4976 Τῷ
3633 4906 3717 4970 δὲ,
3744 4908 3844 4960 καὶ

2255 4988 2429 5042 ἔσται
2464 4989 2767 5059 Ἰδουμαία
2790 4995 2877 5059 εἰς
2902 4994 3142 5058 ἄϐατον,
3179 4994 3273 5049 κιιι)⁸
3311 4997 3425 5058 τοῖς
3458 4994 3680 5067 ἐφεξῆς,
3724 5014 3848 5050 συν-

2260 5078 2371 5148 ῳδὰ
2402 5079 2563 5133 πάλιν
2587 5081 2790 5152 ἔφησεν
2807 5083 3016 5139 Ἀὅδιού
3035 5100 3048 5115 ·
3069 5084 3181 5139 Καὶ
3212 5087 3385 5143 ἔσται
3406 5090 3439 5140 ό
3461 5083 3629 5153 οἶκος
3659 5088 3849 5143 Ἠσαῦ

2259 5173 2346 5237 εἰς
2386 5172 2689 5243 καλάμην,
2730 5177 2827 5230 καὶ
2868 5177 3305 5245 ἐκκαυθήσεται
3336 5181 3426 5245 εὶς
3462 5181 3710 5247 αὐτοὺς,
3748 5182 3848 5235 acui

2260 5265 2371 5317 οὐκ
2400 5263 2574 5318 ἔσται
2596 5268 2902 5336 πυρφόρος
2929 5269 2999 5323 ἐν
3023 5269 3103 5336 τῷ
3134 5271 3280 5337 οἴκῳ
3301 5271 3508 5327 Ἠσαῦ.
3541 5272 3607 5325 Ἢ
3632 5272 3690 5326 δὲ
3714 5291 3850 5344 παρ·

2251 5354 2407 5424 οιμία
2454 5356 2551 5410 καὶ
2599 5359 2750 5427 παρὰ
2783 5362 2897 5423 τοῖς
2924 5359 3029 5424 ἔξω
3080 5364 3305 5434 κρατεῖ·
3350 5362 3508 5419 Οὐδὲ
3536 5366 3849 5434 πυρφόρος

2252 5447 2523 5516 ἐλείφθη,
2566 5449 2660 5503 ἐπὶ
2704 5450 2814 5504 τῶν
2860 5452 3030 5523 ἄρδην
3080 5453 3489 5526 ἀπολλυμένων.
3544 5457 3849 5528 Προηγείτο

2254 5536 2364 5607 γάρ
2395 5554 2477 5602 τις
2510 5538 2621 5611 πῦρ
2655 5540 2818 5611 ἔχων,
2853 5545 2945 5597 καὶ
2976 5545 3386 5617 περικαθαίρων
3423 5548 3531 5619 πρὸ
3583 5548 3684 5618 τῆς
3717 5565 3831 5617 συμ

2257 5630 2420 5702 ϐολῆς
2466 5634 2535 5688 τὰ
2585 5636 2993 5706 στρατεύματα,
3034 5639 3128 5692 καὶ
3166 5638 3329 5710 νόμος
3358 5634 3427 5709 ἦν
3456 5639 3662 5711 μηδένα
3703 5640 3845 5695 κατὲ

2257 5721 2446 5774 τούτου
2476 5726 2631 5794 χεῖρα
2660 5724 2847 5796 φέρειν
2884 5728 3162 5797 πολέμιον.
