4096 6486
273 402 407 457 ίᾶἶίἹ

354 518 764 588 Ἰατρε-ύσαμεν
782 520 896 587 τὴν
919 522 1267 580 Βαϐυλῶνα.

339 606 633 660 Βαϐυλῶνα
674 609 771 677 τὴν
808 610 1160 684 Ἰερουσαλὴμ
1189 616 1246 667 ὲν
1298 616 1510 681 τούτοις
1546 622 1847 692 κατονομά-

270 697 473 763 ζουσιν,
506 696 583 760 ὡς
604 698 672 751 τὰ
702 700 917 770 ἐκείνης
954 705 1237 773 μιμεῖσθαι
1276 710 1707 779 σπουδάζουσαν,
1748 715 1848 768 καὶ

268 786 419 839 οὐδὲν
448 787 784 842 ἀποδέουσαν
811 792 911 862 τῆς
955 791 1065 846 τῶν
1091 794 1261 849 ἐθνῶν
1302 799 1505 869 χώρας,
1539 802 1598 855 τό
1622 818 1685 871 γε
1714 797 1850 874 ἧκον

270 880 352 942 εἰς
392 879 506 943 ἓξιν
551 881 798 947 τελείαν,
838 887 933 938 καὶ
970 886 1031 938 τὸ
1080 887 1156 957 μὴ
1200 890 1489 960 ἀνέχεσθαι
1536 898 1705 966 τιμᾷν
1756 896 1850 948 τὸν

278 970 452 1113 νόειίέ
502 971 619 1041 ἦτοι
667 976 767 1047 τῆς
824 981 1167 1050 προφητικῆς
1223 984 1601 1055 παιδαγωγίας
1642 988 1704 1041 τὸ
1751 990 1849 1042 ἐπ-

278 1077 385 1113 ωωε
451 1078 479 1113 ς

272 1077 496 1129 ωφελες.

1320 404 1739 462 FRAGMENTA
1786 405 1855 460 IN
1891 409 2370 470 ΕΖΕΕΗΙΕῙᾸΞΜ.Ἰ

3406 419 3546 475 ηδε

1875 533 1922 588 Α
2020 532 2108 598 LI,
2140 534 2189 591 9.
2223 533 2533 588 Curavimus
2602 532 2939 601 Babylonem.

2030 625 2271 698 Babylon
2316 625 2403 680 hic
2423 634 2648 679 vocatur
2694 622 3231 691 Jerusalem,quippe
3258 638 3377 691 qnte
3400 624 3541 677 illam

1958 716 2165 770 imitata
2212 723 2317 781 est,
2343 714 2584 784 nihilque
2636 713 2914 769 diﬂ‘erebat
2961 728 2990 766 a
3050 712 3182 767 locis
3228 712 3541 779 gentilium,

1955 813 2096 878 quud
2134 809 2327 863 attinet
2356 809 2423 862 ad
2463 793 2759 877 perfe'ctnm
2804 806 2969 860 animi
3023 816 3221 859 statum
3264 813 3317 858 et
3349 803 3541 858 volun-

1957 911 2119 954 tatem
2167 914 2269 953 non
2313 898 2612 953 honorandi
2673 896 2843 967 legem
2883 895 2967 950 vel
3002 894 3376 950 instructiouis
3416 908 3541 963 pro-

1956 992 2186 1062 phetica:
2208 991 2495 1046 utilitatem

302 1282 3522 1314 .______________________________________________

1279 1457 1402 1544 IN
1484 1459 1940 1550 LIBRUM
2014 1458 2525 1551 BABUCH.

1062 1668 1157 1733 (Ex
1194 1671 1368 1721 eadem
1403 1669 1635 1723 Ghislerii
1665 1676 1837 1722 catena
1874 1672 1920 1719 in
1954 1672 2240 1732 Jeremiam,
2278 1676 2393 1720 tom.
2430 1671 2516 1733 lli,
2551 1685 2601 1734 p.
2638 1673 2769 1733 235.)

347 1992 469 2047 Ὀτι
503 1992 585 2047 σὺ
612 1993 945 2062 καθήμενος
972 1995 1057 2059 είς
1087 1994 1193 2047 τὸν
1220 1994 1423 2049 αἰῶνα.

361 2084 473 2137 Ἀεὶ
506 2083 614 2155 γὰρ
660 2084 755 2139 καὶ
784 2084 842 2135 ὲν
875 2084 1038 2137 παντὶ
1067 2084 1482 2161 χρόνῳῦφθαρτή
1519 2084 1668 2138 ἐστιν
1696 2084 1729 2154 ἡ
1759 2101 1856 2137 πε·

280 2177 552 2249 ποιημένη
588 2175 770 2245 φύσις,
826 2176 919 2229 καὶ
961 2175 1068 2229 τῶν
1112 2176 1387 2248 γεννητῶν
1437 2178 1495 2229 ὲν
1538 2176 1749 2239 τούτοις
1796 2175 1857 2227 τὸ

284 2268 507 2339 μέτρον.
538 2267 788 2339 Κάθηται
814 2266 871 2319 δὲ
904 2268 938 2337 ἠ
971 2268 1189 2321 πάντων
1216 2270 1450 2337 τεχνῖτις
1487 2268 1583 2319 καὶ
1605 2267 1667 2336 δη
1679 2283 1857 2336 μιουρο

279 2358 373 2426 γὸς
408 2357 588 2429 σοφία,
636 2358 914 2411 τουτέστιν
957 2358 1249 2428 ἀκλόνητον
1297 2357 1410 2429 ἔχει
1438 2357 1537 2428 τὴν
1568 2360 1626 2411 ἐν
1672 2358 1859 2411 ταυτὸ-

279 2465 403 2519 τητι
436 2449 717 2522 διαμονήν.
762 2450 870 2504 Καὶ
911 2449 1120 2504 πάλιν
1164 2450 1350 2520 Ἡμῶν
1396 2451 1504 2520 γὰρ
1537 2448 1753 2512 κάθισις
1800 2450 1857 2501 ὲν

279 2538 489 2602 τούτοις
534 2538 595 2592 τὸ
646 2538 984 2609 ἁκρὰδαντόν
1032 2554 1091 2590 τε
1134 2540 1228 2590 καὶ
1278 2536 1560 2608 ἱδρυμένον
1606 2539 1706 2605 τῆς
1755 2535 1856 2587 ὑπ-

281 2629 509 2700 άρξεως,
554 2630 648 2682 καὶ
688 2629 949 2700 διαμονῆς
993 2629 1088 2699 τῆς
1123 2628 1386 2682 ἀνωτάτω
1430 2626 1619 2679 πασῶν
1671 2626 1857 2688 οὐσίας

280 2720 573 2791 ὑποδηλοί⁸
618 2721 678 2775 τὸ
711 2720 789 2785 δὲ,
836 2719 992 2789 ἡμᾶς
1020 2720 1405 2773 ἀπόλλυσθαι
1434 2718 1541 2772 τὸν
1568 2716 1771 2781 αἰῶνα,
1798 2718 1857 2770 τὸ

279 2806 421 2864 εἶναι
451 2810 722 2880 φθαρτοὺς
757 2809 897 2863 κατὰ
942 2808 1120 2880 πᾲντα
1164 2807 1380 2877 καιρὸν,
1410 2806 1474 2858 τό
1511 2821 1574 2873 γε
1606 2798 1741 2875 ἦχον
1778 2805 1857 2866 εἰς

282 2904 371 2958 τὸν
404 2903 499 2956 τοῦ
534 2900 865 2972 πεποιῆσθαι
907 2901 1064 2969 λόγον
1086 2917 1098 2932 ·
1150 2901 1307 2971 εἴπερ
1349 2901 1497 2953 ἐστὶν
1537 2898 1737 2968 ἀληθὲς
1772 2896 1855 2949 ὅτι

281 2994 389 3047 πᾶν
418 2991 480 3046 τὸ
519 2992 576 3045 ἐν
604 2992 836 3060 γενέσει,
870 2990 965 3042 καὶ
998 2989 1335 3060 παρενεχθὲν
1359 2989 1425 3042 ὲκ
1467 2986 1560 3041 τοῦ
1594 2986 1670 3058 μὴ
1707 2986 1858 3049 ὄντος

283 3086 362 3148 εἰς
407 3084 469 3138 τὸ
499 3079 673 3150 εἶναι,
723 3084 900 3154 πάντη
950 3100 1010 3137 τε
1048 3083 1142 3136 καὶ
1191 3082 1411 3145 πάντως
1453 3080 1742 3137 ὑπόκειται
1792 3080 1858 3150 τῇ

283 3175 478 3248 κοθορᾷ-

1883 2002 1925 2057 Β
2024 1991 2110 2056 III,
2146 1994 2198 2048 5.
2233 1992 2372 2058 Quia
2396 2001 2449 2046 tu
2473 1992 2617 2047 sedes
2646 1995 2697 2044 in
2724 1993 3109 2059 sempiternum.

2026 2085 2254 2152 Semper
2298 2083 2440 2139 enim
2486 2092 2536 2137 et
2582 2084 2772 2153 quovis
2823 2092 3069 2152 tempore
3111 2095 3301 2135 natura
3351 2097 3537 2139 creata

1954 2175 2286 2244 corruptioni
2326 2176 2558 2229 obnoxia
2599 2185 2701 2238 est,
2747 2184 2802 2230 et
2842 2190 2904 2229 ea
2945 2190 3064 2244 quae
3097 2174 3233 2228 facta
3276 2186 3402 2230 sunt
3443 2177 3542 2231 has

1953 2267 2155 2322 habent
2193 2283 2493 2322 mensuras.
2530 2267 2692 2321 Sedet
2734 2275 2910 2320 autem
2951 2266 3192 2320 omnium
3233 2266 3451 2321 artifex.
3481 2278 3542 2322 et

1955 2358 2198 2414 eITectrix
2249 2357 2545 2427 sapientia,
2585 2359 2685 2412 hoc
2729 2367 2812 2411 est
2858 2358 3235 2415 inconcussam
3278 2357 3442 2411 habet
3487 2358 3541 2412 in

1965 2452 2155 2506 eodem
2191 2459 2335 2503 statu
2370 2450 2819 2517 permanentiam.
2839 2447 2903 2501 Et
2931 2465 3114 2503 rursus
3133 2464 3153 2503 :
3180 2448 3364 2503 Sessio
3397 2449 3541 2503 enim

1965 2543 2017 2597 in
2065 2542 2151 2596 his
2190 2542 2467 2594 immotam
2507 2540 2824 2609 ﬁrmamque
2862 2540 3125 2594 rationem
3160 2540 3451 2594 exsistendi
3487 2549 3546 2594 et

1964 2630 2325 2701 perennitatis
2353 2630 2669 2685 substantia:
2693 2629 2837 2683 omni
2866 2628 3322 2699 praestantissimae
3348 2625 3545 2697 signiti-

1963 2734 2083 2791 cat;
2118 2722 2246 2778 illud
2282 2738 2437 2789 vero,
2471 2739 2562 2777 uos
2597 2723 2763 2791 perire
2801 2724 2854 2775 in
2891 2737 3091 2784 (suum,
3124 2720 3269 2775 omni
3304 2730 3545 2787 tempore

1950 2816 2329 2886 eorruptibiles
2358 2831 2479 2871 esse
2495 2830 2559 2870 eo
2588 2815 2731 2885 quod
2764 2814 2963 2870 conditi
2998 2827 3184 2869 sumus
3222 2830 3235 2867 :
3266 2812 3533 2881 siquidem

1960 2922 2157 2965 verum
2190 2914 2275 2962 est
2300 2921 2460 2961 omne
2490 2905 2630 2975 quod
2660 2911 2966 2974 generatur,
2995 2913 3049 2957 et
3079 2918 3145 2957 ex
3181 2915 3285 2955 non
3318 2909 3443 2954 ente
3476 2900 3548 2953 ad

1958 3017 2085 3058 esse
2116 3002 2351 3069 transiit,
2381 3000 2691 3055 necessario
2715 2996 3048 3065 corruptioni
3076 2993 3381 3063 subiacere.

1302 3650 1311 3658 .
1383 3577 1505 3665 IN
1578 3575 2336 3665 EZECHIELEM
2393 3562 2458 3656 ⁸.

976 3794 1137 3864 (Ang.
1166 3790 1290 3855 Mitt,
1328 3790 1620 3845 Bibliotheca
1653 3804 1775 3842 nova
1806 3791 2032 3851 Patrum,
2072 3791 2132 3850 ll,
2162 3790 2271 3847 $67,
2308 3791 2471 3838 Romae
2506 3788 2641 3845 18H,
2678 3785 2825 3846 in-i.)

354 4148 464 4203 Kal
491 4145 784 4214 τέσσαρες
820 4145 1111 4215 πτέρυγες
1143 4142 1223 4210 τῷ
1248 4145 1359 4199 ἐνί.

353 4239 496 4311 (Cat.
526 4237 722 4292 Ezech.
760 4237 798 4291 I'.
825 4236 946 4291 I92.
971 4238 1049 4305 b.)
1085 4236 1383 4305 Ἐστήκασι
1407 4236 1515 4306 γὰρ
1543 4232 1632 4291 ἀεί
1663 4254 1777 4299 πως
1802 4238 1859 4290 αἱ

289 4332 467 4403 τιοεραὶ
505 4331 599 4384 καὶ
629 4330 741 4385 ἄνω
778 4329 1058 4397 δυνάμεις,
1104 4329 1206 4381 οὐκ
1246 4328 1573 4393 ὀκλάζουσαι
1618 4329 1755 4399 πρὸς
1792 4328 1862 4381 τὰ

288 4421 483 4492 αἰσχίω
503 4460 517 4484 ,
549 4419 687 4474 ἀλλὰ
731 4421 830 4488 τὴν
868 4417 1034 4490 ὀρθὴν
1082 4420 1177 4471 καὶ
1208 4418 1512 4489 ἀμώμητον
1548 4418 1645 4489 τῆς
1676 4419 1867 4481 αὑταῖς

291 4512 603 4584 πρεπούσης
636 4509 781 4580 ζωῆς
821 4510 1133 4581 διᾴττουσιν
1167 4508 1372 4579 τρίὸον.

352 4601 461 4657 Καὶ
486 4603 729 4656 ἔσονται
748 4600 849 4654 ἐπὶ
884 4598 1003 4652 τῶν
1027 4598 1213 4666 ὀρέων
1233 4599 1315 4665 ὡς
1353 4598 1721 4667 περιστεραί.

359 4694 499 4763 (Cat.
539 4691 576 4745 ί.
616 4690 739 4746 I98.
766 4691 844 4759 b.)
881 4690 943 4742 υἱ
962 4673 1237 4759 ’μακάριοι
1275 4688 1544 4760 μαθηταίο
1578 4687 1868 4761 περιῆλθον

293 4782 396 4855 γὰρ
443 4784 618 4837 πᾶσαν
682 4781 773 4834 ὑπ’
851 4779 1077 4850 οὐρανὸν
1101 4820 1115 4844 ,
1185 4779 1245 4832 τὸ
1295 4769 1533 4851 Χριστοῦ
1585 4779 1872 4843 λαλοῦντες

288 4875 611 4946 μυστήριον,
640 4874 734 4926 καὶ
770 4871 914 4943 ᾠδὴν
940 4872 1034 4923 καὶ
1066 4869 1235 4941 λύραν
1261 4870 1479 4941 ἔχοντες
1512 4871 1664 4925 αὑτό.

357 4967 470 5022 Kal
508 4966 616 5020 ἐὰν
661 4961 814 5019 ὦσιν
852 4967 907 5017 οι
945 4962 1105 5033 τρεῖς
1143 4960 1361 5031 ἄνδρες
1398 4958 1565 5018 οὗτοι
1601 4962 1671 5015 ἐν
1698 4961 1869 5031 μέσῳ

281 5059 496 5129 αὐτῆς.
528 5059 677 5121 Νῶε,
706 5059 804 5115 καὶ
836 5058 1082 5126 Δανιὴλ,
1110 5056 1210 5110 καὶ
1246 5055 1383 5111 Ἰὼϐ.

362 5154 506 5224 (Cat.
539 5153 579 5206 Γ.
611 5151 738 5205 205.
766 5151 847 5220 b.)
889 5149 1107 5221 Ἐπειδὴ
1140 5142 1294 5221 οἶμαι
1325 5148 1436 5203 δεῖν
1477 5149 1578 5202 οὐκ
1604 5147 1866 5202 ἀϐασανί-

1885 4156 1928 4213 C
2030 4147 2069 4210 I,
2096 4146 2148 4201 6.
2178 4146 2245 4201 Et
2271 4156 2499 4217 quatuor
2525 4147 2625 4201 alie
2659 4149 2768 4201 uni.

2036 4236 2193 4292 Stant
2225 4253 2441 4307 semper
2487 4239 2878 4294 intellectuales
2912 4252 3266 4308 superna‘que
3297 4238 3543 4304 virtutes,

1966 4332 2107 4385 haud
2148 4332 2399 4400 equidem
2438 4334 2507 4387 ad
2550 4334 2722 4402 turpia
2767 4333 3035 4397 labantes,
3066 4334 3159 4387 sed
3194 4333 3323 4402 quia
3366 4333 3548 4401 potius

1968 4430 2171 4473 rectam
2206 4428 2261 4474 et
2293 4420 2675 4490 ineulpabilem
2712 4421 3083 4476 convenientis
3117 4420 3217 4475 sibi
3254 4423 3375 4474 vita:
3407 4420 3546 4473 viain

1968 4514 2192 4565 decurru
2202 4518 2279 4566 nt.
3288 4524 3295 4531 ’

2044 4602 2155 4666 VII,
2188 4602 2275 4657 16.
2308 4603 2377 4657 Et
2404 4613 2555 4657 erunt
2582 4618 2738 4668 super
2759 4613 2954 4657 montes
2980 4612 3039 4656 ut
3063 4602 3337 4657 columbae.

2046 4696 2194 4749 Beali
2256 4696 2509 4749 nimirum
2569 4694 2854 4762 discipuli;
2916 4694 2968 4747 hi
3032 4693 3176 4747 enim
3237 4692 3548 4746 universum

1981 4789 2236 4844 mundum
2270 4787 2691 4850 circumierunt,
2723 4784 2925 4840 Christi
2963 4783 3320 4853 praedicantes
3350 4791 3550 4853 myste-

1968 4884 2128 4942 rium,
2163 4879 2324 4948 idque
2353 4880 2528 4933 instar
2554 4876 2749 4933 cantici
2776 4885 2829 4931 et
2862 4876 2993 4946 lyra:
3021 4875 3301 4930 habentes.

2038 4968 2175 5033 XIV,
2206 4970 2293 5024 H.
2320 4967 2459 5023 Etsi
2487 4969 2683 5038 fuerint
2710 4968 2765 5022 in
2796 4966 2964 5021 medio
2985 4965 3100 5035 ejus
3127 4974 3231 5020 tres
3257 4966 3379 5033 viri,
3411 4964 3548 5031 Noe,

1966 5062 2156 5116 Daniel
2183 5072 2231 5116 et
2261 5060 2385 5119 Job.

2037 5151 2171 5219 Quia
2213 5152 2450 5205 arbitror
2480 5164 2585 5206 non
2620 5163 2744 5205 esse
2778 5149 2897 5205 sine
2925 5148 3176 5205 examine
3206 5158 3540 5219 pmbereuu—

292 5262 451 5309 στους
478 5246 573 5315 ὲᾷν
597 5243 696 5307 τὰς
730 5242 828 5295 τοῦ
876 5243 1159 5313 προφήτου
1205 5242 1412 5311 φωνὰς,
1454 5242 1586 5313 φέρε
1616 5241 1857 5310 λέγωμεν

1970 5246 2065 5299 das
2100 5245 2375 5314 prepbetse
2403 5256 2597 5305 voces,
2630 5256 2729 5312 age
2759 5241 3002 5297 dicamus
3032 5254 3291 5304 cut-nam,
3327 5239 3553 5293 mortuis

290 5335 346 5392 τί
380 5336 601 5406 δήποτε,
623 5332 747 5386 Νῶε
776 5333 873 5387 καὶ
905 5331 1027 5385 Ἰὼϐ
1056 5334 1149 5387 καὶ
1178 5332 1376 5404 Δανιὴλ
1404 5332 1714 5388 τεθνεώτων
1736 5330 1857 5401 ἤδη¹

1963 5333 2171 5402 jamdiu
2214 5331 2435 5389 Noacbo
2474 5346 2541 5387 ac
2572 5330 2744 5398 Jobo,
2767 5338 2823 5387 et
2850 5331 2983 5402 .ipso
3019 5330 3253 5385 fortasse
3290 5326 3515 5381 Dan‘iele

3587 5414 3595 5445 I

371 5535 590 5605 nyritli
616 5535 667 5587 iu
698 5534 932 5588 minores
955 5532 1243 5605 prOphetas
1262 5533 1871 5605 cmnmentariicxstant
1982 5531 2222 5599 Denique
2249 5530 2316 5605 ad
2368 5530 2706 5605 Ezechielem
2744 5544 3013 5605 magnam
3050 5529 3303 5605 legimus
3326 5527 3547 5583 Patrum

298 5598 467 5669 cditii
504 5606 630 5659 item
669 5607 722 5659 in
754 5598 970 5657 Isaiam.
997 5598 1368 5655 lii-Jereiniam
1402 5618 1528 5657 vero
1569 5604 1719 5655 multi
1746 5613 1871 5657 sunt
1979 5598 2223 5655 catenam
2275 5602 2326 5654 in
2380 5601 2567 5655 codice
2621 5598 2873 5667 quodam'
2895 5598 3176 5664 Vaticano,
3213 5598 3546 5669 ubiutamen

299 5674 402 5728 loci
434 5666 619 5743 Cyrilli
670 5675 721 5728 in
758 5672 1013 5743 Gbislerii
1056 5670 1447 5743 editautirmce
1471 5682 1524 5725 et
1567 5671 1757 5727 Latine
1780 5689 1871 5724 ca-
1981 5671 2196 5724 nonnisi
2257 5685 2452 5743 pauca,
2499 5666 2755 5735 quaehic
2813 5669 3154 5743 exhibemus,
3201 5666 3547 5743 Cyrilli__fra_-

300 5752 448 5797 tena.
480 5736 545 5797 In
592 5742 859 5797 Daniclem
900 5742 1045 5795 locos
1074 5739 1265 5809 Cyrilii
1309 5740 1577 5809 edidimus
1620 5756 1716 5795 nos
1746 5757 1870 5795 cum
1980 5751 2193 5804 amenta
2218 5736 2603 5807 cumperimns,
2627 5737 3115 5809 quamvisaliunde
3136 5736 3550 5809 constatp'yril-

302 5821 493 5867 catena
530 5811 804 5876 Vaticana,
832 5811 1027 5879 Scripl.
1057 5805 1155 5865 vei.
1185 5808 1248 5865 t.I
1282 5808 1440 5877 (Bibl.
1477 5808 1609 5865 Nov.
1632 5809 1696 5879 ll,
1722 5811 1867 5877 467).
1981 5810 2087 5863 lum
2119 5825 2267 5864 more
2295 5805 2394 5865 suo
2426 5810 2479 5864 in
2514 5809 2846 5864 Ezechielcm
2878 5807 2985 5861 late
3010 5806 3310 5875 scripsisse.
3338 5805 3463 5861 MM.
