4064 6360
244 509 3510 575 ιω

1228 654 1345 727 Μ.
1393 646 2529 726 AURELII’CASSIODORI

1327 800 1408 864 IN
1438 798 1944 863 PSALTERIUM
1973 798 2421 860 PRJEFATIO.

328 1038 370 1106 ι
392 1034 638 1105 Repulsis
656 1035 944 1108 aliquando
962 1036 1017 1093 in
1039 1036 1335 1093 Ravennati
1357 1036 1491 1091 urbe
1513 1034 1829 1091 sollicitudi-
1856 1043 1908 1104 Α
1934 1029 2019 1087 dis
2041 1070 2056 1097 ,
2108 1026 2262 1083 favus
2310 1024 2589 1081 interioris
2633 1023 2868 1080 hominis
2890 1063 2907 1091 ,
2958 1023 3118 1093 pinax
3162 1023 3520 1094 spiritualium

258 1124 408 1181 nibus
436 1126 787 1198 dignitatum,
818 1138 873 1184 et
902 1131 1047 1184 curis
1073 1128 1419 1184 saecularibus
1449 1128 1611 1182 noxio
1640 1137 1831 1195 sapore

258 1216 512 1284 conditis,
572 1232 695 1273 curn
735 1219 979 1275 Psalterii
1041 1218 1276 1275 caelestis
1330 1218 1626 1273 animarum
1675 1215 1833 1272 mella

256 1316 584 1378 gustassem,
636 1309 692 1365 id
732 1310 873 1380 quod
922 1311 1101 1367 solent
1154 1309 1524 1366 desiderantes
1586 1307 1831 1371 efﬁcere,

257 1400 438 1455 avidus
476 1415 565 1457 me
600 1410 964 1471 perscrutator
1002 1402 1262 1468 immersi,
1306 1408 1364 1455 ut
1401 1400 1542 1455 dicta
1580 1399 1836 1454 salutaria

257 1494 493 1549 suaviter
524 1493 838 1550 imbiberem
870 1504 990 1564 post
1015 1496 1381 1551 amarissimas
1409 1494 1675 1549 actiones.
1728 1491 1837 1548 Sed

256 1581 535 1639 familiaris
561 1585 938 1642 inchoantibus
965 1586 1200 1641 occurrit
1240 1585 1556 1649 obscuritas,
1586 1597 1707 1654 qua;
1746 1598 1840 1638 va-

257 1674 351 1729 riis
378 1683 463 1730 est
490 1674 697 1730 intexta
726 1676 988 1746 personis,
1019 1683 1075 1730 et
1103 1676 1277 1730 velata
1306 1674 1592 1742 parabolis.
1625 1675 1750 1729 Haec
1782 1673 1837 1729 in

258 1766 417 1822 dictis
438 1768 689 1823 vitalibus
711 1770 871 1823 noxia
897 1767 1324 1824 dissimulatione
1350 1769 1683 1838 praeteritur,
1711 1767 1838 1822 dum

258 1873 409 1929 saepe
439 1859 565 1913 illud
593 1859 818 1929 reperiri
856 1860 995 1915 solet
1024 1858 1352 1930 ambiguum,
1377 1857 1517 1928 quod
1550 1859 1725 1929 magni
1754 1872 1842 1912 sa-

256 1949 514 2005 cramenti
538 1957 708 2018 gestat
731 1964 1009 2006 arcanum.

326 2042 480 2095 Tunc
536 2040 605 2096 ad
643 2043 925 2114 Augustini
982 2040 1347 2098 facundissitni
1388 2040 1564 2095 Patris
1628 2038 1841 2109 confugi

254 2131 680 2201 Opinatissimam
720 2133 1004 2189 lectionem
1038 2144 1085 2198 α,
1129 2134 1182 2188 in
1212 2148 1316 2203 qua
1348 2139 1492 2186 tanta
1534 2139 1652 2185 erat
1689 2132 1841 2199 copia

254 2234 512 2295 congesta
540 2224 833 2293 dictorum,
877 2234 935 2281 ut
970 2225 1193 2281 retineri
1234 2226 1322 2279 vix
1374 2223 1543 2293 possit
1584 2221 1843 2277 relectum

252 2317 401 2386 quod
435 2317 645 2374 abunde
673 2318 885 2374 videtur
921 2319 1244 2388 expositum.
1303 2317 1498 2381 Credo,
1532 2330 1653 2372 cum
1682 2313 1839 2369 nimis

251 2409 443 2465 avidos
470 2412 693 2480 populos
733 2412 1112 2467 ecclesiasticis
1153 2411 1379 2479 dapibus
1408 2411 1626 2480 explere
1675 2407 1840 2478 cupit,

251 2500 565 2557 necessario
592 2501 792 2557 ﬂuenta
825 2509 929 2557 tam
960 2516 1170 2572 magna:
1197 2500 1594 2572 praedicationis
1622 2514 1839 2555 emana-

252 2590 355 2645 vit.
404 2590 666 2657 Quocirca
695 2607 903 2649 memor
942 2593 1270 2649 infirmitatis
1307 2607 1465 2658 meae,
1495 2606 1646 2647 mare
1674 2592 1843 2661 ipsius

250 2683 615 2751 quorumdam
661 2684 987 2752 psalmorum
1034 2684 1272 2740 fontibus
1320 2683 1621 2754 profusum,
1665 2683 1846 2737 divina

252 2774 637 2829 misericordia
683 2774 964 2843 largiente,
999 2775 1052 2829 in
1082 2774 1282 2829 rivulos
1311 2774 1541 2828 vadosos
1589 2786 1846 2841 compen-

252 2865 413 2920 diosa
442 2863 705 2919 brevitate
732 2862 932 2918 deduxi
962 2880 975 2915 :
1002 2878 1109 2917 uno
1138 2862 1323 2918 codice
1353 2871 1457 2917 tam
1485 2860 1674 2916 diffusa
1702 2874 1851 2914 com-

255 2958 528 3025 plectens,
561 2968 681 3024 qua:
710 2954 804 3010 ille
844 2954 898 3009 in
926 2954 1158 3011 decadas
1188 2954 1490 3023 quindecim
1533 2952 1850 3009 mirabiliter

256 3047 569 3118 explicavit.
617 3047 724 3103 Sed
763 3056 819 3102 ut
852 3047 1066 3117 quidam
1107 3048 1176 3103 de
1220 3048 1455 3103 Homero
1494 3048 1569 3102 ait
1619 3047 1849 3118 (Macro-

258 3140 400 3201 bius,
432 3137 522 3194 lib.
558 3153 617 3192 ιιι
667 3137 966 3205 Saturnal.,
1022 3154 1137 3208 cap.
1179 3138 1235 3208 5)
1272 3157 1282 3190 :
1332 3138 1462 3192 Tale
1508 3146 1590 3193 est
1626 3137 1695 3192 de
1733 3137 1849 3207 ejus

258 3241 431 3283 sensu
466 3227 663 3297 aliquid
700 3226 1003 3298 subripere,
1049 3227 1204 3297 quale
1258 3227 1471 3283 Herculi
1526 3228 1730 3283 clavam
1780 3228 1850 3285 de

260 3334 430 3375 manu
472 3319 680 3375 tollere.
720 3319 819 3375 Est
875 3321 1018 3376 enim
1059 3321 1353 3376 litterarum
1393 3320 1631 3376 omnium
1685 3322 1852 3392 magi-

261 3420 384 3466 ster
423 3410 697 3480 egregius;
754 3418 847 3478 et,
898 3412 1041 3482 quod
1098 3412 1152 3467 in
1210 3413 1451 3469 ubertate
1506 3428 1688 3469 rarum
1727 3423 1848 3482 est,

263 3501 610 3557 cautissimus
658 3501 978 3573 disputator.
1056 3503 1310 3559 Decurrit
1352 3504 1549 3575 quippe
1600 3514 1850 3575 tanquam

264 3594 394 3651 fons
420 3596 755 3666 purissimus,
786 3599 927 3654 nulla
956 3598 1088 3655 faece
1117 3600 1385 3670 pollutus;
1420 3601 1516 3656 sed
1545 3601 1601 3657 in
1630 3602 1853 3675 integri-

264 3697 386 3744 tate
405 3688 526 3744 fidei
550 3704 922 3759 perseverans,
946 3691 1118 3746 nescit
1147 3692 1415 3748 brereticis
1442 3692 1570 3747 dare
1616 3694 1757 3749 unde
1786 3709 1848 3751 se

1937 1133 2314 1188 personarum,
2346 1116 2676 1173 occultarum
2707 1116 2885 1187 lingua
2913 1114 3188 1183 virtutum,
3215 1130 3333 1185 quae
3362 1116 3522 1171 incli-

1939 1216 2034 1263 nat
2063 1208 2323 1278 superbos
2354 1205 2648 1261 humiliatis
2682 1215 2728 1273 ι’,
2760 1219 2914 1275 reges
2944 1204 3266 1273 pauperibus
3313 1205 3517 1271 subdit,

1941 1300 2254 1355 affabilitate
2304 1300 2553 1371 parvulos
2601 1300 2790 1355 nutrit.
2866 1300 3037 1355 Tanta
3083 1300 3227 1355 enim
3276 1299 3390 1355 illic
3440 1308 3525 1355 est

1942 1390 2285 1460 pulchritudo
2316 1404 2568 1446 sensuum
2595 1400 2646 1444 et
2690 1389 3005 1447 stillantium
3034 1388 3300 1445 medicina
3330 1389 3528 1445 verbo-

1945 1499 2086 1551 rum,
2119 1492 2177 1540 ut
2223 1484 2417 1539 merito
2460 1484 2544 1539 hic
2590 1484 2722 1538 illud
2749 1481 3050 1540 Salomonis
3096 1489 3343 1551 aptetur,
3380 1482 3524 1551 quod

1944 1578 2081 1632 dixit
2112 1577 2164 1632 in
2193 1574 2418 1633 Cantico
2446 1576 2773 1632 canticorum
2803 1592 2818 1629 :
2853 1579 2902 1646 2
2934 1574 3128 1628 Hortus
3161 1572 3455 1638 conclusus,
3480 1584 3530 1629 et

1944 1668 2060 1739 fons
2108 1669 2379 1739 signatus,
2432 1668 2708 1739 paradisus
2755 1667 2934 1736 plenus
2984 1666 3209 1719 omnium
3261 1679 3529 1733 pomorum

1948 1762 2129 1835 (Cant.
2155 1781 2227 1830 tv,
2260 1764 2371 1835 1‘2).
2426 1761 2586 1818 Modo
2615 1763 2757 1817 enim
2787 1759 3003 1831 quidam
3036 1759 3356 1829 psalmorum
3387 1757 3531 1813 salu-

1943 1856 2044 1909 tari
2090 1855 2423 1911 institutione
2470 1853 2707 1919 formati,
2756 1851 2998 1907 turbidos
3038 1860 3093 1906 et
3132 1859 3529 1920 tempestuosos

1944 1948 2154 2003 animos
2207 1947 2479 2002 declinant
2528 1945 2583 2000 in
2631 1944 2905 2015 limpidam
2946 1952 2998 1999 et
3036 1942 3528 2012 tranquillissimam

1945 2040 2139 2105 vitam;
2196 2039 2358 2094 modo
2405 2038 2782 2109 promittentes
2831 2037 2994 2091 Deum
3047 2044 3263 2105 propter
3304 2034 3528 2090 salutem

1948 2129 2287 2184 credentium
2326 2129 2611 2184 visualiter
2650 2128 3081 2195 ltumanan'dum,
3110 2135 3165 2181 et
3192 2125 3259 2180 ad
3284 2125 3531 2195 judican-

1948 2218 2074 2274 dum
2114 2221 2299 2275 orbem
2342 2235 2463 2276 esse
2496 2231 2818 2285 venturum;
2868 2218 3029 2273 modo
3069 2224 3411 2272 commonent
3450 2216 3530 2269 la-

1947 2312 2145 2381 crymis
2165 2310 2191 2348 d
2217 2321 2433 2381 peccata
2458 2312 2682 2379 diluere,
2713 2310 3070 2381 eleemosynis
3096 2310 3286 2364 delicta
3311 2322 3529 2376 curare;

1948 2405 2107 2460 modo
2151 2406 2320 2462 sacris
2368 2405 2700 2461 orationibus
2748 2412 3058 2459 reverenter
3100 2402 3339 2468 attoniti;
3371 2401 3532 2457 modo

1954 2496 2162 2553 Hebraei
2210 2498 2479 2568 alpllabeti
2521 2498 2716 2552 virtute
2762 2496 3044 2565 profundi;
3095 2495 3255 2549 modo
3301 2494 3367 2549 de
3410 2508 3533 2563 pas-

1950 2590 2103 2645 sione
2138 2597 2193 2645 et
2228 2588 2619 2645 resurrectione
2638 2589 2849 2644 Domini
2874 2586 3123 2643 salutaria
3151 2585 3531 2656 praedicantes;

1952 2680 2111 2737 modo
2172 2680 2579 2735 lamentantium
2633 2680 3002 2749 deploratione
3053 2678 3317 2748 piissimi;
3374 2676 3534 2733 modo

1948 2785 2200 2826 versuum
2232 2771 2551 2839 repetitione
2580 2772 2823 2841 quadam
2855 2772 3009 2825 nobis
3038 2778 3372 2825 sacramenta
3401 2784 3535 2838 pan-

1952 2861 2176 2926 dentes;
2222 2861 2382 2914 modo
2410 2862 2739 2917 canticorum
2768 2861 3029 2931 graduum
3078 2860 3391 2916 ascensione
3434 2860 3536 2915 mi-

1952 2952 2175 3017 rabiles;
2205 2961 2475 3022 postremo
2509 2954 2755 3024 supernis
2794 2952 3039 3007 laudibus
3090 2951 3317 3006 feliciter
3356 2951 3531 3006 illth-

1952 3054 2152 3111 rcntes,
2195 3045 2350 3101 beata
2395 3046 2570 3115 copia,
2615 3042 2990 3114 inexplicabile
3028 3043 3382 3109 desiderium,
3421 3052 3535 3099 stu-

1952 3136 2122 3206 penda
2147 3134 2502 3205 profunditas.
2530 3135 2647 3191 Non
2676 3144 2850 3206 potest
2870 3134 3079 3192 animus
3107 3134 3280 3191 fidelis
3302 3134 3529 3205 expleri,

1951 3229 2041 3299 qui
2070 3230 2295 3298 cmperit
2326 3229 2451 3284 inde
2480 3229 2683 3285 satiari.

2026 3321 2220 3376 Psalmi
2252 3332 2374 3377 sunt
2402 3322 2652 3393 denique,
2682 3324 2773 3394 qui
2804 3324 2959 3393 nobis
2985 3333 3161 3396 gratas
3190 3324 3391 3380 faciunt
3414 3337 3535 3381 esse

1953 3412 2199 3483 vigilias,
2246 3414 2463 3483 quando
2511 3414 2690 3471 silenti
2752 3423 2912 3472 nocte
2962 3415 3313 3486 psallentibus
3356 3415 3536 3471 choris

1955 3503 2185 3559 humana
2232 3518 2333 3560 vox
2383 3505 2616 3575 erumpit
2661 3505 2719 3560 in
2763 3505 3044 3573 musicam,
3094 3506 3379 3575 verbisque
3419 3513 3537 3563 arte

1954 3597 2240 3654 modulatis
2288 3598 2358 3654 ad
2404 3600 2555 3655 illum
2598 3599 2777 3656 redire
2821 3592 2965 3667 facit,
3008 3616 3040 3656 a
3076 3616 3180 3671 quo
3225 3616 3322 3671 pro
3362 3601 3537 3659 salute

1957 3688 2179 3745 humani
2206 3690 2422 3761 generis
2451 3690 2694 3749 divinum
2723 3694 2869 3749 venit
2897 3694 3185 3763 eloquium.
3218 3692 3417 3751 Cantus
3443 3695 3537 3765 qui

264 3778 479 3849 possint
504 3780 675 3851 aliqua
702 3781 1080 3837 colluctatione
1123 3782 1411 3839 defendere
1444 3801 1457 3834 :
1490 3792 1632 3839 totus
1662 3785 1846 3841 catho-
1870 3795 1917 3860 ο
1956 3796 2116 3838 aures
2149 3783 2383 3840 oblectat
2434 3793 2489 3841 et
2522 3785 2727 3842 animas
2772 3785 3012 3855 instruit,
3042 3786 3100 3842 fit
3123 3802 3225 3844 vox
3256 3802 3357 3843 una
3390 3789 3534 3857 psal-
3590 3782 3593 3787 ”

265 3872 425 3941 licus,
455 3880 594 3928 totus
624 3874 954 3930 orthodoxus
981 3876 1277 3943 invenitur;
1307 3884 1362 3933 et
1390 3878 1443 3932 in
1467 3878 1708 3933 Ecclesia
1734 3878 1845 3936 Do-

266 3966 410 4022 mini
437 3967 751 4024 suavissimo
776 3968 953 4024 nitore
982 3968 1354 4038 resplendens,
1380 3970 1601 4041 superni
1629 3970 1849 4029 luminis

266 4058 512 4115 claritate
532 4058 787 4113 radiatur.

338 4149 596 4217 Quasdam
624 4165 753 4207 vero
780 4151 990 4209 noviter
1016 4153 1250 4221 inventa,
1269 4162 1390 4223 post
1415 4162 1521 4208 tam
1549 4155 1848 4211 mirabilem

268 4243 587 4313 magistrum
632 4244 742 4299 sola
774 4244 983 4300 Domini
1028 4246 1449 4315 praesumptione
1495 4247 1727 4315 subjeci,
1760 4248 1851 4318 qui

268 4334 507 4406 parvulis
547 4335 947 4403 confidentiam,
995 4338 1152 4392 caecis
1194 4338 1406 4403 visum,
1448 4338 1609 4392 mutis
1646 4352 1854 4394 sermo-

270 4438 419 4491 nem,
447 4424 623 4481 surdis
650 4435 871 4495 praestat
897 4425 1156 4481 auditum.
1203 4426 1374 4495 Quem
1405 4436 1580 4483 tamen
1610 4429 1852 4485 codicem

270 4515 433 4569 etiam
464 4529 563 4585 per
586 4516 987 4586 quinquagenos
1024 4517 1260 4586 psalmos
1298 4531 1422 4573 cum
1452 4518 1853 4587 praefationibus

271 4607 386 4663 suis
417 4608 555 4663 trina
591 4622 709 4663 sum
740 4608 1003 4664 divisione
1034 4608 1291 4679 partitus;
1336 4616 1395 4665 ut
1427 4618 1482 4665 et
1508 4610 1723 4667 claritas
1763 4611 1850 4665 lit-

273 4706 403 4754 terae
433 4698 731 4755 senioribus
758 4700 929 4756 oculis
961 4699 987 4738 ι)
1014 4715 1074 4755 se
1100 4700 1373 4770 pulchrius
1402 4701 1655 4770 aperiret,
1685 4709 1738 4756 et
1760 4701 1854 4756 de-

274 4788 472 4845 siderio
502 4789 789 4861 legentium
827 4790 1050 4846 fratrum
1091 4791 1360 4847 numerosi
1391 4791 1592 4847 codicis
1627 4805 1852 4861 corpora

274 4890 678 4948 pmstarentur.
740 4881 817 4936 lta
855 4889 911 4938 et
947 4883 1014 4937 ad
1052 4882 1388 4938 bibliotheca:
1415 4882 1675 4937 cautelam
1714 4896 1853 4937 unus

284 4970 563 5025 ferelictus
610 4979 730 5038 est,
780 4979 835 5027 et
878 4982 1094 5041 propter
1141 4972 1569 5042 congregationis
1617 4972 1851 5027 studium

278 5060 712 5117 commodissime
742 5062 966 5117 forsitan
994 5062 1232 5117 noscitur
1260 5076 1380 5118 esse
1410 5061 1633 5117 divisus.

1948 3874 2193 3943 lentium,
2218 3886 2273 3931 et
2293 3891 2416 3932 cum
2445 3880 2651 3949 angelis
2682 3878 2797 3945 Dei,
2831 3894 2963 3950 quos
2991 3880 3176 3936 audire
3205 3893 3310 3935 non
3346 3892 3536 3949 possu-

1952 3981 2095 4035 mus,
2128 3967 2344 4022 laudum
2376 3958 2875 4037 verba‘miscemus,
2909 3984 3002 4042 per
3030 3969 3180 4025 illum
3211 3970 3411 4026 scilicet
3441 3969 3534 4040 qui

1948 4059 2098 4116 venit
2136 4074 2201 4114 ex
2231 4060 2436 4113 semine
2477 4060 2663 4125 David,
2710 4061 2993 4116 Dominum
3020 4060 3200 4116 Jesum
3228 4059 3530 4129 Christum,

1952 4156 2088 4209 sicut
2115 4156 2229 4222 ipse
2252 4154 2305 4206 in
2329 4154 2649 4222 Apocalypsi
2675 4152 2842 4206 dicit:
2868 4152 2981 4222 Ego
3005 4169 3118 4206 sum
3141 4154 3296 4205 radix
3320 4162 3365 4207 et
3392 4154 3534 4222 origo

1952 4243 2122 4298 David
2154 4243 2336 4313 (Apoc.
2372 4256 2506 4306 xxii,
2538 4242 2645 4312 l6).
2700 4242 2746 4297 Α
2776 4256 2880 4312 quo
2911 4253 2964 4297 et
3000 4243 3307 4313 religionem
3339 4243 3537 4299 saluta-

1954 4348 2067 4389 rem
2094 4333 2453 4402 suscepimus,
2487 4340 2541 4389 et
2566 4342 2765 4389 sanctae
2787 4333 3064 4389 Trinitatis
3094 4335 3349 4406 mysteria
3382 4349 3537 4391 reve-

1953 4425 2059 4481 lata
2088 4426 2485 4497 cognoscimus.
2538 4425 2691 4482 Unde
2729 4426 2921 4481 merito
2964 4426 3041 4482 eis
3070 4425 3264 4490 Patris,
3306 4435 3360 4482 et
3388 4425 3532 4493 Filii,

1955 4525 2009 4571 et
2034 4515 2263 4583 Spiritus
2304 4516 2495 4581 sancti,
2544 4531 2647 4570 una
2687 4516 2856 4586 gloria
2904 4517 3157 4585 sociatur,
3206 4526 3264 4571 ut
3306 4515 3537 4585 perfecta

1956 4622 2138 4664 eorum
2163 4608 2433 4677 praeconia
2460 4608 2896 4678 comprobentur.
2926 4609 3029 4679 Ipsi
3059 4610 3204 4664 enim
3234 4609 3377 4664 diem
3408 4626 3538 4665 ven-

1956 4710 2132 4757 turum
2177 4701 2439 4757 matutina
2488 4702 2843 4757 exsultatione
2891 4702 3199 4766 conciliant,
3239 4702 3337 4769 ipsi
3382 4700 3539 4758 nobis

1955 4792 2182 4863 primam
2239 4791 2344 4847 diei
2390 4793 2575 4847 horam
2626 4791 2900 4855 dedicant,
2968 4792 3069 4860 ipsi
3124 4792 3279 4847 nobis
3327 4794 3536 4847 tertiam

1960 4884 2144 4937 horam
2172 4888 2519 4947 consecrant,
2552 4882 2653 4950 ipsi
2682 4890 2886 4936 sextam
2915 4880 2969 4934 in
2998 4880 3150 4950 panis
3174 4880 3539 4937 contractione

1959 4976 2254 5043 laetificum,
2307 4975 2407 5043 ipsi
2453 4972 2607 5027 nobis
2652 4987 2793 5027 nona
2838 4971 3041 5041 jejunia
3091 4972 3384 5039 resolvunt,
3437 4972 3537 5041 ipsi

1956 5064 2067 5119 diei
2116 5074 2384 5134 postrema
2426 5061 2771 5124 concludunt,
2813 5060 2913 5129 ipsi
2955 5062 3127 5117 noctis
3176 5061 3428 5128 adventu,
3472 5078 3540 5116 ne

345 5152 679 5222 Quapropter
708 5151 958 5208 mandato
990 5152 1197 5207 Domini
1224 5152 1579 5217 confidentes,
1615 5151 1848 5206 caelestis

1959 5171 2113 5212 mens
2143 5169 2324 5211 nostra
2358 5154 2666 5210 tenebrctur
2694 5150 2954 5218 efﬁciunt,
2985 5153 3119 5207 sicut
3164 5154 3264 5220 ipsi
3306 5153 3489 5208 dicunt
3523 5172 3537 5207 :

274 5243 515 5314 mysterii
586 5243 817 5298 claustra
876 5243 1181 5312 pulsemus,
1234 5254 1291 5297 ut
1334 5244 1542 5313 aperiat
1608 5243 1851 5298 sensibus

274 5338 473 5389 nostris
523 5333 788 5390 floriferas
834 5336 1024 5400 sedes;
1090 5344 1351 5404 quatenus
1398 5336 1450 5388 in
1501 5335 1593 5390 illo
1645 5333 1851 5390 cmlesu

278 5426 523 5493 paradiso
560 5426 863 5482 salutariter
902 5425 1218 5492 introducti,
1254 5427 1510 5495 spiritalia
1543 5442 1696 5496 poma
1737 5427 1852 5481 sine

277 5516 450 5587 aliqua
482 5518 638 5588 primi
670 5517 903 5574 hominis
930 5519 1354 5590 transgressione
1381 5532 1679 5588 carpamus.
1712 5520 1857 5577 Vere

278 5623 532 5668 coruscus
564 5611 719 5678 liber,
753 5626 933 5668 sermo
963 5612 1284 5683 lampabilis,
1317 5628 1443 5668 cura
1473 5614 1694 5669 sauciati
1724 5629 1853 5672 coro

358 5775 382 5802 ἰ
419 5764 518 5820 Ms.
557 5764 618 5822 Β.
642 5764 895 5821 Germani
942 5782 972 5822 a
1014 5764 1217 5837 Pratis,~
1239 5768 1629 5831 disertissimam
1680 5770 1859 5831 lectio-

280 5851 418 5891 mm.

360 5905 384 5944 ι’
421 5906 590 5975 Edit.,
616 5904 905 5962 sanioribus
933 5909 1117 5967 oculis.

561 6002 833 6065 Parnon.
869 6001 1071 6069 LXX.

1968 5245 2086 5300 No.1:
2104 5245 2410 5299 illuminatio
2432 5260 2541 5297 mea
2567 5244 2618 5296 in
2643 5243 2840 5297 deliciis
2866 5242 2986 5296 meis
3014 5259 3034 5296 :
3054 5243 3295 5311 quoniam
3324 5244 3540 5298 tenebris

1962 5356 2060 5393 non
2092 5337 2484 5393 tenebrabuntur
2509 5337 2596 5391 abs
2627 5346 2691 5405 te,
2722 5336 2940 5391 Domine
2970 5337 3142 5407 (Psal.
3171 5352 3423 5402 cxxxvm,
3452 5338 3538 5405 ll,

1965 5428 2082 5501 12);
2128 5440 2183 5485 ut
2224 5430 2416 5484 merito
2446 5443 2504 5483 se
2542 5442 2573 5481 a
2604 5443 2727 5482 vera
2758 5431 2862 5483 vita
2894 5427 3076 5482 credat
3106 5427 3361 5493 alienum,
3393 5429 3543 5495 quis-

1962 5524 2081 5595 quis
2105 5524 2260 5594 hujus
2292 5522 2528 5577 muneris
2555 5523 2888 5592 jucunditate
2913 5537 3017 5577 non
3048 5521 3257 5576 fruitur.
3304 5522 3540 5585 Quorum

1961 5614 2185 5672 virtutes
2241 5622 2298 5668 ut
2336 5614 2567 5670 breviter
2611 5614 2817 5669 divinus
2871 5627 3048 5671 sermo
3083 5612 3443 5679 concluderet,
3488 5612 3541 5665 in

2040 5784 2062 5844 9
2106 5772 2259 5841 Mss.,
2292 5774 2504 5829 inclinat
2533 5791 2650 5844 sup.
2682 5775 2974 5830 humilitati.

2037 5841 2063 5882 ἀ
2103 5844 2235 5905 Mss.
2252 5845 2314 5913 S.
2330 5846 2470 5907 Aud.
2482 5886 2499 5917 ,
2512 5841 2651 5915 .Be'c.
2682 5854 2733 5902 et
2758 5846 2898 5903 Fisc.
2911 5886 2925 5915 ,
2950 5850 3260 5902 commovent
3282 5842 3537 5912 lacryuus.

3114 6007 3145 6067 1
