4016 6344
527 404 590 460 η
1724 382 1795 439 Μ.
1837 379 2115 440 AURELII
2161 381 2564 440 CASSIODORI
3708 373 3776 429 12

525 513 915 588 septuageslmo
955 509 1160 583 psalmo
1212 505 1386 579 (Vers.
1430 500 1528 574 22)
1548 497 1790 555 dicturus
1837 504 1956 551 est:
1991 493 2102 567 Ego
2130 497 2350 560 Αιιιιίς.
2395 495 2594 562 Quarto
2627 512 2640 548 :
2671 493 2794 565 quid
2831 494 2902 551 sit
2929 492 3262 566 psalterium,
3288 491 3372 550 vel
3399 503 3563 564 quare
3589 490 3779 562 psalmi

524 621 692 668 autem
742 609 1018 680 conﬁtebor
1071 606 1161 661 tibi
1207 605 1259 657 in
1303 601 1435 655 vasis
1479 596 1794 671 psalmorum
1839 594 2096 649 ueritatem

525 717 683 767 tuam.
729 705 935 759 Revera
975 713 1096 756 vasa
1139 693 1406 756 veritatis,
1449 706 1568 762 quae
1609 695 1694 745 tot
1741 688 1965 743 virtutes
2011 699 2099 740 ca-

524 802 698 872 piunt,
729 805 810 855 tot
834 794 1028 852 divinis
1073 789 1327 847 odoribus
1364 784 1680 851 farciuntur,
1713 787 1793 836 tot
1833 777 2100 835 thesauris

524 891 832 949 cmlestibus
860 885 1220 944 cumulantur.
1277 879 1490 952 Hydriae
1518 892 1638 949 qua:
1665 876 1849 932 vinum
1877 873 2101 930 cmleste

525 984 863 1054 recipientes,
889 977 1172 1050 puritatem
1197 971 1314 1044 ejus
1343 971 1398 1027 in
1422 969 1657 1026 novitate
1687 980 1902 1037 semper
1926 971 2102 1021 custo-

523 1077 696 1132 diunt.

593 1165 833 1224 Dulcedo
861 1163 1142 1230 mirabilis,
1173 1174 1293 1232 quae
1321 1157 1501 1214 saeculi
1529 1151 1964 1226 corruptionibus
1990 1165 2099 1208 non

507 1263 747 1327 acescit;
777 1260 872 1318 sed
905 1259 959 1315 in
983 1271 1080 1315 sua
1101 1267 1420 1326 permanens
1449 1251 1726 1322 dignitate,
1757 1247 1930 1319 gratia
1956 1260 2100 1302 sem-

506 1371 618 1430 per
657 1355 955 1426 purissimae
1003 1350 1280 1408 suavitatis
1329 1355 1572 1418 augetur.
1623 1342 1900 1414 Apotheca
1941 1340 2100 1396 valde

519 1449 769 1521 copiosa,
813 1449 882 1504 de
923 1460 1026 1517 qua
1069 1459 1189 1500 cum
1233 1442 1416 1497 bibant
1465 1449 1572 1494 tam
1616 1435 1794 1508 magni
1833 1443 2097 1492 terrarum

520 1541 724 1613 p0pnli,
759 1539 975 1595 ubertas
1003 1535 1123 1606 ejus
1153 1533 1322 1589 nescit
1348 1528 1600 1600 expendi.

591 1637 762 1703 Quam
803 1629 1058 1688 mirabilis
1103 1634 1278 1681 autem
1323 1639 1388 1680 ex
1439 1623 1569 1692 ipsis
1608 1619 1826 1692 proﬂuit
1863 1616 2099 1675 suavitas

517 1727 584 1783 ad
614 1723 942 1781 canendum!
988 1719 1324 1774 dulcisonum
1362 1729 1620 1786 organum
1662 1710 1911 1768 humanis
1951 1709 2099 1764 voci-

515 1820 617 1875 bus
647 1816 993 1879 aemulantur;
1036 1812 1283 1866 tubarum
1327 1807 1535 1863 sonitus
1577 1803 1943 1877 grandiloquis
1984 1802 2096 1857 cla-

2203 588 2468 642 dicantur.
2511 587 2707 656 Quinto
2753 604 2767 640 :
2813 587 2940 657 qttid
2984 588 3056 642 sit
3101 587 3355 656 psalmus.
3418 583 3778 654 Sexto:quid
3853 615 3860 622 -

2201 683 2269 736 sit
2297 681 2581 738 canticum.
2630 679 2866 750 Septimo
2907 695 2924 734 :
2972 679 3096 750 quid
3139 680 3207 734 sit
3256 678 3778 748 psalmo-canticum.

2200 773 2402 830 Octavo
2427 791 2440 827 :
2466 773 2594 844 quid
2617 774 2686 829 sit
2714 773 3265 842 canticumpsalmum.
3309 771 3461 827 Nono
3487 789 3500 825 :
3529 770 3596 826 de
3627 769 3784 840 quin-

2201 867 2436 937 quel‘aria
2484 865 2764 922 divisione.
2818 864 3037 920 Decimo
3068 882 3081 917 :
3112 863 3181 920 de
3226 863 3374 918 unita
3429 862 3780 932 inscriptione

2200 959 2498 1014 titulorum.
2553 957 2846 1015 Undecimo
2877 974 2890 1010 :
2919 955 3048 1027 quid
3093 957 3162 1014 sit
3205 955 3519 1026 diapsalma.
3573 953 3781 1010 Duode-

2200 1051 2342 1108 cimo
2383 1069 2398 1107 :
2439 1059 2615 1108 utrum
2662 1053 2718 1108 in
2762 1053 2998 1123 quinque
3042 1051 3403 1107 voluminibus
3451 1051 3779 1120 psalmorum

2201 1144 2272 1200 sit
2311 1143 2542 1200 secanda
2586 1144 2886 1212 contextio;
2932 1159 2997 1199 an
3046 1149 3192 1200 certe
3233 1158 3372 1198 unus
3414 1141 3548 1198 liber
3592 1141 3781 1199 debeat

2200 1236 2516 1306 nuncupari.
2546 1237 2973 1294 Tertiodecimo:
2998 1237 3448 1309 quemadmodum
3479 1237 3532 1291 in
3563 1237 3781 1306 psalmis

2199 1329 2272 1384 sit
2297 1328 2364 1384 de
2386 1328 2602 1386 Christo
2630 1329 2856 1386 Domino
2883 1329 3239 1386 sentiendum.
3265 1329 3316 1399 3
3338 1327 3775 1395 Quartodecimo:

2199 1421 2648 1491 quemadmodum
2712 1422 2784 1477 sit
2846 1422 3108 1492 expositio
3169 1419 3374 1491 digesta
3431 1421 3775 1490 psalmorum.

2201 1510 2655 1579 Quintodecitno:
2695 1515 2762 1571 de
2811 1511 3115 1586 eloquentia
3168 1511 3330 1568 totius
3381 1509 3513 1581 legis
3562 1510 3774 1568 divinas.

2201 1603 2577 1663 Sextodecimo
2608 1624 2623 1663 :
2650 1607 2718 1663 de
2745 1605 2958 1677 propria
2987 1603 3290 1676 eloquentia
3314 1601 3578 1660 Psalterii.
3606 1601 3778 1674 Septi-

2199 1696 2504 1752 modecimo
2534 1713 2548 1750 :
2583 1698 2696 1753 laus
2725 1696 3004 1753 Ecclesiaz.
3636 1716 3644 1724 υ

2271 1787 2422 1844 Nunc
2447 1787 2516 1844 ad
2545 1789 2876 1860 praemissum
2907 1786 3171 1856 ordinem,
3204 1785 3774 1857 DominOoprmstante,

515 1910 756 1967 moribus
780 1907 1008 1964 reddunt
1033 1923 1045 1957 :
1073 1903 1308 1959 vocalem
1333 1901 1593 1956 citharam
1617 1897 1912 1953 viventium
1938 1895 2094 1952 chor-
2126 1893 2173 1954 B
2197 1883 2495 1938 νθηίδωυεο

513 2004 702 2059 darum
750 2001 1104 2071 permixtione
1155 2003 1515 2066 componunt;
1563 2000 1620 2049 et
1665 1991 1924 2063 quidquid
1970 1997 2095 2047 ante

511 2091 879 2150 instrumentis
927 2089 1140 2146 musicis
1189 2087 1467 2143 videbatur
1509 2083 1616 2155 agi,
1648 2097 1790 2138 nunc
1839 2081 2094 2152 probatur

511 2200 608 2256 per
653 2183 939 2240 rationales
984 2180 1308 2238 substantias
1353 2175 1630 2249 explicari.
1715 2175 2090 2231 Verumtamen

411 2327 414 2330 .
511 2292 846 2351 nequaquam
891 2275 1068 2341 nobis,
1112 2282 1171 2329 ut
1214 2271 1456 2343 psittacis
1495 2268 1826 2338 merulisque
1863 2281 2094 2323 vernan-

510 2372 640 2427 dum
685 2377 787 2435 est,
831 2371 919 2438 qui
961 2367 1088 2423 dum
1135 2365 1297 2420 verba
1341 2371 1523 2418 nostra
1569 2370 1832 2416 conantur
1875 2357 2088 2422 imitari,

510 2462 640 2534 quid
676 2469 856 2517 tamen
889 2469 1105 2524 canant,
1133 2464 1433 2510 noscuntur
1460 2452 1636 2508 modis
1661 2452 1908 2507 omnibus
1939 2449 2092 2520 igno-

509 2568 653 2611 rare.
705 2552 871 2609 Malos
899 2549 1161 2620 siquidem
1191 2547 1446 2601 blandum
1477 2544 1685 2599 animos
1713 2543 1964 2607 oblectat,
1997 2540 2090 2596 sed

509 2659 621 2702 non
664 2642 937 2712 compellit
982 2641 1049 2695 ad
1096 2640 1360 2710 Iacrymas
1409 2636 1748 2701 fructuosas;
1798 2635 2092 2704 permulcet

511 2752 687 2807 aures,
727 2736 822 2792 sed
864 2751 968 2790 non
1009 2733 1076 2788 ad
1117 2746 1348 2802 superna
1384 2729 1546 2799 erigit
1585 2727 1886 2783 audientes.
1916 2726 2091 2783 Corde

508 2841 686 2888 autem
728 2825 1154 2899 compungimur,
1187 2823 1234 2878 si
1263 2822 1408 2894 quod
1437 2836 1532 2877 ore
1556 2820 1808 2890 dicimus,
1843 2819 2089 2886 animad-

509 2935 722 2982 vertere
750 2923 1044 2989 valeamus,
1079 2920 1217 2975 sicut
1255 2918 1307 2974 in
1336 2917 1600 2974 Psalterio
1629 2915 1824 2986 legitur
1854 2930 1870 2968 :
1901 2913 2092 2968 Beatus

509 3019 731 3090 papulas
754 3016 842 3088 qui
858 3015 1098 3086 intelligit
1111 3013 1474 3087 jubilationem
1495 3009 1670 3082 (Psal.
1696 3022 1950 3075 Lxxxvnt,
1975 3005 2088 3076 16).

508 3111 577 3167 Et
605 3112 797 3168 iterum
826 3125 844 3166 :
875 3109 1137 3178 Quoniam
1163 3123 1256 3162 rea:
1295 3107 1456 3162 omnis
1493 3114 1640 3160 terra?
1665 3101 1805 3157 Deus
1835 3117 1853 3156 :
1889 3099 2093 3171 psallite

507 3206 766 3275 sapienter
796 3204 966 3277 (Psal.
996 3218 1138 3270 vat,
1168 3200 1244 3269 8).
1275 3199 1550 3269 Philippus
1579 3211 1793 3269 quoque
1817 3193 2089 3266 apostolus

2711 1975 2934 2033 CAPUT
2979 1973 3266 2033 PRIMUM.

2791 2071 2870 2126 De
2899 2071 3184 2143 prapltetia.

2271 2186 2561 2260 PrOphetia
2588 2193 2671 2242 est
2691 2185 2946 2256 aspiratio
2965 2184 3168 2253 divina,
3193 2199 3312 2256 qua:
3331 2194 3553 2243 eventus
3573 2199 3772 2255 rerum,

2194 2289 2285 2336 aut
2325 2295 2422 2350 per
2461 2279 2620 2346 facta,
2660 2285 2752 2333 aut
2793 2293 2890 2350 per
2933 2277 3073 2334 dicta
3117 2278 3467 2349 quorumdam
3517 2278 3775 2336 immobili

2195 2373 2419 2431 veritate
2465 2371 2792 2444 pronuntiat.
2875 2371 2952 2426 De
2997 2383 3105 2441 qua
3153 2371 3290 2428 bene
3342 2370 3553 2440 quidam
3597 2371 3771 2426 dixit:

2195 2469 2484 2542 Prophetia
2522 2475 2606 2524 est
2645 2466 2824 2522 suavis
2860 2465 3025 2521 dictio
3052 2464 3287 2522 coelestia
3332 2464 3586 2520 doctrinae
3625 2464 3774 2522 favos

2193 2569 2252 2619 et
2279 2561 2455 2617 dulcia
2481 2557 2647 2615 divini
2684 2556 2882 2624 eloquii
2925 2557 3086 2612 mella
3127 2569 3474 2625 componens.
3525 2555 3676 2612 Unde
3720 2565 3775 2613 et

2193 2655 2310 2725 ipse
2342 2651 2506 2709 David
2547 2651 2601 2707 in
2641 2648 2936 2706 centesimo
2976 2657 3166 2705 octavo
3206 2647 3415 2703 decimo
3451 2645 3656 2716 psalmo
3693 2647 3774 2702 di-

2193 2754 2379 2803 cturus
2405 2753 2536 2801 est:
2581 2742 2750 2808 Quam
2792 2742 2964 2796 dulcia
3007 2740 3239 2812 faucibus
3280 2740 3401 2794 meis
3435 2739 3634 2806 eloquia
3661 2745 3770 2806 tua,

2191 2855 2348 2911 super
2367 2839 2467 2893 mel
2485 2845 2532 2893 et
2558 2837 2732 2908 favum
2761 2834 2840 2889 ori
2867 2849 2978 2888 meo
3000 2831 3172 2903 (Psal.
3194 2845 3376 2894 cxvut,
3409 2830 3566 2898 ita)!
3596 2829 3772 2886 Multis

2192 2939 2373 2988 autem
2421 2930 2596 2986 modis
2641 2927 2830 2998 gratiae
2876 2925 3032 2982 istius
3083 2937 3307 2978 munera
3359 2922 3769 2992 prtestabantur.

2193 3023 2298 3078 Sed
2330 3028 2388 3076 ut
2416 3021 2484 3076 de
2517 3018 2761 3089 plurimis
2803 3028 2971 3086 pauca
3013 3013 3361 3084 complectar,
3403 3022 3520 3070 acta
3555 3022 3640 3070 est
3675 3029 3772 3085 per

2192 3113 2530 3183 operationes
2572 3110 2872 3176 hominum,
2915 3116 2973 3162 ut
3015 3107 3114 3162 fuit
3149 3121 3274 3162 arca
3303 3106 3433 3173 Noe,
3466 3116 3522 3162 et
3565 3109 3768 3164 sacrill-

2193 3207 2333 3262 cium
2357 3205 2620 3272 Abrahae,
2647 3212 2701 3259 et
2739 3201 2996 3261 transitus
3037 3201 3200 3256 maris
3225 3199 3424 3267 Rubri;
3455 3215 3551 3269 per
3581 3203 3769 3258 nativi-

509 3264 668 3369 (Ᾰοι.
700 3264 816 3364 vttt,
863 3295 933 3350 28
957 3295 1007 3367 ),
1053 3264 1172 3352 cum
1201 3264 1430 3362 ireginwv
1454 3264 1731 3345 caminis
1785 3264 2086 3344 eUDUC‘lum
2115 3264 2162 3330 (ἶ
2193 3307 2328 3355 tates
2373 3264 2950 3369 quoque'geminorum
2981 3295 3122 3350 Esau
3148 3302 3202 3349 et
3221 3264 3418 3357 Jacob,
3441 3264 3534 3364 qui
3564 3294 3767 3350 futura-

507 3387 697 3445 lsaiam
720 3387 898 3458 legere
918 3382 1278 3457 cognovisset,
1305 3381 1611 3450 Scripturas
1631 3379 1682 3434 ei
1703 3387 1914 3436 sanctas
1933 3391 2085 3433 com-

506 3488 752 3554 petenter
790 3477 1063 3550 exposuit;
1107 3476 1199 3547 qui
1241 3483 1524 3547 postquam
1565 3471 1708 3542 quod
1749 3470 1958 3541 legebat
1996 3469 2088 3524 ad-

507 3575 689 3641 vertit,
721 3572 902 3629 statim
931 3570 1154 3643 gratiam
1183 3565 1518 3638 baptismatis
1544 3561 1848 3635 exquisivit,
1881 3569 1934 3616 et
1962 3576 2088 3617 mox

507 3665 760 3738 perfecta
785 3678 1010 3720 munera
1033 3660 1220 3718 salinis
1256 3659 1482 3729 accepit.
1527 3657 1586 3712 ln
1611 3656 1901 3726 Evangelio
1928 3655 2088 3712 etiam

508 3757 766 3814 Dominus
803 3755 878 3812 ait
910 3773 925 3809 :
958 3754 1138 3808 Omnis
1163 3753 1251 3821 qui
1280 3751 1425 3805 audit
1470 3754 1673 3804 verbum
1714 3748 1878 3820 regni,
1910 3755 1961 3802 et
1987 3763 2091 3802 non

508 3853 766 3924 intelligit,
804 3851 939 3905 venit
975 3848 1136 3904 malus
1176 3857 1224 3902 et
1252 3847 1387 3916 rapit
1413 3845 1551 3916 quod
1593 3844 1897 3899 seminatum
1926 3853 1999 3900 est
2035 3845 2091 3898 iu

509 3944 663 4000 corde
689 3946 799 4013 ejus
827 3941 1042 4014 (Matth.
1072 3955 1190 4005 xm,
1225 3937 1339 4009 19).
1382 3936 1535 3993 Unde
1561 3950 1796 4007 congrue
1822 3937 1979 3990 datur
2005 3935 2088 3990 in-

509 4034 676 4105 telligi
729 4033 845 4089 haec
882 4032 988 4088 illis
1022 4030 1305 4102 provenire
1333 4044 1440 4084 non
1476 4042 1637 4099 posse
1665 4029 1756 4097 qui
1786 4027 2091 4098 Scripturas

511 4137 723 4185 sanctas
769 4141 903 4198 puro
950 4124 1112 4182 corde
1161 4130 1439 4180 merentur
1482 4120 1766 4177 advertere
1813 4137 1828 4174 :
1874 4120 1942 4176 de
1985 4135 2092 4190 quo

509 4221 736 4292 pulchre
759 4219 915 4275 Pater
935 4217 1290 4292 Hieronymus
1317 4215 1390 4270 ait
1418 4231 1432 4266 :
1459 4212 1798 4282 Margaritum
1822 4211 2092 4282 quoddam

511 4325 594 4370 eet
631 4313 904 4383 Scriptura
946 4311 1145 4377 divina,
1189 4319 1245 4365 et
1285 4323 1354 4364 ex
1380 4306 1558 4362 multis
1588 4306 1834 4376 partibus
1875 4305 2040 4362 forari
2064 4314 2092 4344 α

517 4413 712 4476 potest.

582 4497 869 4568 Quocirca,
897 4495 1055 4552 Pater
1083 4492 1377 4566 apostolica
1404 4491 1458 4560 ιν,
1489 4493 1579 4564 qui
1611 4492 1860 4548 caelestes
1886 4491 2092 4547 litteras

513 4591 714 4648 sanctis
754 4588 992 4646 moribus
1030 4585 1332 4652 reddidiSti,
1373 4593 1660 4654 praestante
1690 4585 1802 4639 Deo
1831 4591 1925 4638 tua
1956 4583 2094 4638 invi-

2192 3406 2310 3447 rum
2338 3404 2516 3446 rerum
2545 3396 2876 3445 sacramenta
2907 3386 3216 3459 gestabant;
3243 3401 3340 3456 per
3363 3388 3603 3459 angelos,
3631 3389 3769 3446 sicut

2189 3483 2354 3538 locuti
2397 3490 2524 3539 sunt
2549 3481 2779 3538 Abrahae
2815 3481 2900 3536 vel
2941 3479 3135 3548 Loth,‘
3159 3479 3430 3536 Zachariae
3472 3489 3526 3535 et
3555 3480 3762 3548 Marias;

2190 3593 2288 3649 per
2328 3576 2598 3644 visiones,
2645 3577 2784 3632 sicut
2827 3575 2977 3632 Isaiae
3023 3584 3079 3630 et
3106 3573 3409 3640 Ezechieli,
3458 3583 3508 3630 et
3555 3574 3766 3632 caeteris

2192 3670 2425 3734 sanctis;
2464 3683 2562 3738 per
2598 3668 2826 3735 somnia,
2866 3668 3005 3723 sicut
3031 3666 3302 3723 Salomoni
3335 3675 3388 3721 et
3413 3667 3643 3733 Danieli;
3672 3681 3769 3736 per

2192 3759 2387 3815 nubem
2417 3768 2471 3815 et
2495 3773 2681 3815 vocem
2711 3757 2781 3814 de
2807 3757 2965 3825 caelo,
2999 3758 3137 3812 sicut
3164 3756 3348 3827 Moysi.
3386 3756 3534 3813 Unde
3561 3768 3770 3814 constat

2191 3861 2433 3908 sanctum
2462 3851 2625 3908 David
2665 3865 2770 3906 non
2811 3850 3280 3923 perpperationes
3319 3849 3618 3913 hominum,
3661 3863 3768 3904 non

2193 3957 2290 4013 per
2329 3941 2630 3997 nativitates
2669 3942 3000 4013 geminorum
3023 3983 3037 4005 ,
3093 3955 3197 3996 non
3241 3955 3337 4010 per
3373 3939 3614 4010 angelos,
3662 3954 3768 3995 non

2193 4048 2288 4104 per
2333 4034 2567 4090 visiones
2591 4075 2605 4100 ,
2651 4049 2757 4090 non
2797 4049 2892 4104 per
2932 4033 3198 4088 somnium
3227 4073 3244 4100 ,
3287 4047 3391 4085 non
3433 4046 3530 4099 per
3573 4031 3770 4088 nubem

2191 4135 2248 4183 et
2272 4138 2454 4182 vocem
2483 4126 2550 4182 de
2581 4127 2738 4192 caelo,
2772 4140 2870 4181 nec
2897 4140 2991 4194 per
3019 4126 3154 4180 alios
3181 4135 3527 4194 quoscunque
3555 4124 3767 4191 modos,

2191 4219 2288 4275 sed
2325 4219 2532 4275 cmlesti
2569 4217 2896 4287 aspiratione
2937 4218 3101 4271 fuisse
3134 4216 3489 4283 completum;
3531 4216 3668 4269 sicut
3705 4215 3772 4270 de

2193 4312 2312 4381 ipso
2352 4312 2544 4381 legitur
2571 4312 2624 4366 in
2657 4310 2830 4380 primo
2860 4308 3061 4378 Regum
3092 4308 3367 4363 volumine
3397 4325 3412 4360 :
3444 4307 3508 4361 Et
3548 4309 3770 4362 directus

2193 4410 2271 4456 est
2306 4401 2536 4471 Spiritus
2569 4401 2778 4456 Domini
2817 4401 2871 4454 in
2911 4400 3082 4454 David
3119 4416 3154 4453 a
3188 4400 3270 4454 die
3308 4399 3420 4464 illa,
3462 4407 3509 4452 et
3537 4399 3772 4470 deinceps

2194 4493 2252 4568 (Ι
2281 4495 2410 4568 Reg.
2441 4511 2555 4561 xvt,
2587 4497 2696 4565 15).
2727 4495 2844 4566 Ipse
2871 4509 3087 4566 quoque
3113 4493 3372 4549 Dominus
3401 4492 3453 4546 in
3485 4491 3774 4562 Evangelio

2196 4585 2330 4642 dicit
2360 4604 2374 4641 :
2409 4587 2470 4643 Si
2499 4587 2666 4642 David
2695 4589 2750 4642 in
2775 4587 2981 4657 Spiritu
3009 4595 3152 4642 uocat
3180 4603 3296 4640 eum
3325 4584 3621 4649 Dominum,
3646 4601 3772 4654 quo-

515 4683 717 4741 tatione
748 4686 1062 4752 provocatus
1092 4689 1139 4741 ο,
1168 4678 1390 4748 abyssos
1415 4676 1625 4732 divinas
1651 4675 1922 4748 ingrediar
1955 4693 1968 4729 :
1999 4676 2092 4746 qui
2122 4656 2176 4715 Ῑ)
2198 4680 2349 4734 modo
2380 4679 2564 4733 .dicitis
2611 4680 2747 4750 quod
2791 4656 2933 4748 ﬁlius
2981 4681 3091 4746 eius
3117 4689 3192 4732 est
3233 4675 3444 4748 (Matth.
3475 4691 3607 4740 xxtt,
3641 4675 3776 4744 4:5)?

515 4776 754 4832 clemens
781 4783 956 4830 errata
984 4770 1239 4840 corrigis,
1269 4783 1366 4824 nec
1395 4782 1617 4826 severus
1652 4767 1918 4839 imputas,
1949 4767 2092 4839 quod

516 4867 793 4924 emendas.
832 4865 939 4923 Sed
976 4873 1261 4934 antequam
1297 4861 1552 4918 enthecas
1589 4859 1898 4931 spirituales
1935 4860 2096 4914 attin-

2196 4769 2314 4838 Quo
2361 4769 2506 4825 dicto
2558 4771 2996 4840 recognoscimus
3043 4769 3321 4824 evidenter
3369 4783 3464 4838 per
3518 4765 3773 4836 Sp2ritum

2195 4869 2439 4917 sanctum
2489 4862 2723 4932 psalmos
2764 4861 2930 4916 fuisse
2973 4861 3336 4930 prophetatos.
3381 4857 3664 4914 Sciendum
3693 4867 3772 4914 est

517 4971 662 5031 gam,
705 4957 947 5028 quaedam
983 4954 1168 5012 divisis
1215 4953 1498 5024 capitibus,
1541 4967 1658 5024 quae
1701 4961 1826 5009 sunt
1870 4965 2096 5008 numero
2197 4968 2330 5011 sane
2368 4955 2510 5025 quod
2559 4955 2738 5010 omnis
2783 4955 3084 5024 prophetia,
3125 4961 3218 5008 aut
3257 4953 3326 5008 de
3363 4961 3656 5022 prmterito,
3683 4959 3774 5007 aut

517 5052 707 5108 decem
757 5057 813 5105 et
859 5055 1093 5118 septem,
1142 5044 1352 5102 aestimo
1399 5043 1808 5114 praegustanda;
1861 5052 1920 5098 ut
1970 5058 2092 5098 cum

2198 5046 2267 5102 de
2311 5048 2580 5117 praesenti,
2624 5055 2716 5102 aut
2756 5047 2824 5104 de
2865 5047 3044 5104 futuro
3090 5055 3332 5118 tempore
3375 5045 3640 5116 loquatur,
3685 5056 3773 5102 aut

521 5158 703 5202 earum
731 5155 909 5197 rerum
937 5141 1084 5195 locus
1105 5153 1163 5195 se
1185 5135 1444 5204 intulerit,
1477 5135 1653 5205 magni
1683 5135 1915 5190 nectaris
1938 5144 2094 5206 potus
2201 5147 2324 5208 agat
2351 5138 2574 5208 aliquid:

520 5235 852 5293 suavissimis
896 5230 1340 5289 delectationibus
1384 5229 1683 5284 bauriatur.
1741 5228 1918 5284 Primo
1962 5246 1977 5284 :
2028 5229 2095 5284 de
2275 5234 2817 5290 Animadvertendum
2857 5244 2940 5290 est
2980 5249 3192 5306 quoque
3229 5235 3487 5306 Spiritum
3529 5241 3773 5292 sanctum

520 5329 815 5401 prophetiae
842 5325 1067 5384 diversis
1093 5325 1372 5396 speciebus
1416 5323 1764 5380 nihilominus
1790 5333 1875 5380 est
1912 5324 2097 5379 dicen-
2203 5326 2280 5381 sic
2303 5325 2467 5380 fuisse
2489 5325 2762 5395 prophetis
2787 5327 3137 5383 sanctissimis
3160 5328 3491 5395 attributum,
3518 5339 3573 5383 ttt
3598 5337 3774 5385 tamen

521 5421 670 5489 dum,
711 5427 771 5475 ut
804 5434 923 5489 quae
966 5418 1035 5474 sit
1073 5417 1173 5473 ista
1201 5417 1447 5473 Davidica
1491 5418 1759 5485 possimus
1795 5415 2098 5471 distinetius
2206 5417 2273 5472 ad
2317 5424 2527 5486 tempus
2578 5431 2676 5488 pro
2722 5417 3029 5474 inﬁrmitate
3077 5417 3253 5473 carnis
3296 5430 3352 5474 et
3401 5419 3771 5475 contrarietate

521 5512 756 5568 edoceri.
797 5511 1045 5570 Secundo
1075 5527 1090 5566 :
1121 5525 1217 5567 cur
1258 5510 1309 5565 in
1338 5509 1664 5580 psalmorum
1706 5507 1910 5573 titulis,
1942 5509 2094 5577 quasi
2204 5510 2408 5580 peccati
2442 5509 2511 5565 ab
2549 5509 2682 5580 ipsis
2723 5509 2957 5564 oll‘ensus
2985 5509 3318 5576 abscederet,
3354 5519 3408 5564 et
3438 5511 3624 5565 iterum
3661 5511 3768 5578 pla-

523 5617 796 5660 auctorum
826 5606 1036 5660 diversa
1065 5605 1280 5658 nomina
1310 5603 1662 5671 reperiantur.
1715 5601 1896 5654 Tertio
1924 5617 1937 5652 :
1964 5599 2094 5670 quid
2199 5613 2349 5658 catus
2373 5603 2472 5656 sub
2493 5602 2890 5670 opportunitate
2920 5603 3173 5668 temporis
3201 5603 3498 5656 adveniret.
3545 5602 3693 5657 Untlc
3727 5613 3774 5655 θ’

522 5697 808 5766 signiticet,
836 5697 890 5750 in
917 5696 1098 5764 ﬁnem,
1136 5694 1278 5764 quod
1303 5695 1610 5764 lrequenter
1647 5692 1915 5748 invenitur
1942 5692 1997 5747 in
2029 5692 2093 5747 ti-

597 5815 624 5876 ε
668 5808 764 5862 Ms.
794 5805 1039 5876 Sanger.,
1070 5806 1302 5874 formari.

594 5875 622 5916 ἱ)
663 5878 891 5933 Dubium
911 5874 993 5932 est
1025 5880 1090 5932 ad
1115 5891 1269 5947 quem
1301 5883 1540 5947 spectent
1561 5875 1676 5934 hanc
1699 5875 1881 5942 verba.
1914 5874 1990 5935 De
2012 5874 2096 5932 his

2200 5704 2416 5751 sanctus
2443 5695 2798 5772 Hieronymus
2831 5707 3105 5763 exponens
3133 5695 3507 5765 evangelistam
3540 5695 3770 5750 Marcutr

2203 5805 2372 5863 fusius
2402 5808 2453 5860 in
2488 5805 2798 5874 praefatione
2832 5817 3034 5864 nostra.

2278 5888 2302 5917 ο
2341 5879 2507 5946 Edit.,
2539 5887 2627 5932 tua
2656 5879 2934 5936 imitatione
2952 5889 3270 5951 provocatus.
