4016 6344
166 462 224 521 ts
374 472 379 475 ·
523 422 531 429 ’
1284 455 1351 514 IN
1388 457 1723 517 rsuram

1866 454 1952 513 PR
1963 455 2255 513 EFATIO.
3330 471 3352 523 1
3365 472 3398 525 ι
3478 460 3487 473 ’

166 575 329 636 inloco
355 571 438 627 ubi
470 570 548 624 ait
575 570 642 625 de
668 569 875 625 Joanne
901 587 913 624 :
944 568 1086 625 Vidit
1112 581 1313 641 apertos
1338 575 1510 640 caelos,
1534 584 1580 628 et
1604 574 1726 643 Spi-
1754 574 1808 636 Α
1829 585 1948 627 cum
1981 570 2240 640 pmpheta
2265 570 2429 625 David
2458 570 2650 628 devota
2675 573 2897 629 Domino
2924 584 3079 635 relate
3114 580 3398 652 senuisset,

167 672 300 724 ritum
342 676 578 731 tanquam
618 662 903 715 columbam
933 661 1314 717 descendentem
1355 673 1400 717 et
1438 675 1721 719 manentem

169 762 215 816 in
242 762 342 829 ipso
381 755 574 827 (Marc.
611 771 661 821 ι,
690 755 779 825 10)
805 774 817 807 :
844 757 914 809 ita
950 756 1182 811 evidenti
1213 757 1421 813 ratione
1452 759 1715 826 tractavit,

171 861 219 907 ut
242 864 378 905 nemo
408 858 593 903 contra
624 845 790 917 ipsius
826 848 1146 903 sententiam
1188 848 1369 903 venire
1412 859 1715 919 prarsumat,

177 944 223 999 ln
242 944 420 1011 psalmo
440 957 661 1013 quoque
686 941 1128 1013 quinquagesimo
1159 944 1413 1014 propheta
1448 952 1566 1013 post
1599 959 1724 1013 pec-

178 1043 325 1088 catum
350 1042 485 1102 rogat
509 1050 523 1087 :
554 1032 809 1100 Spiritum
834 1042 1066 1086 sanctum
1096 1042 1239 1087 tuum
1268 1050 1331 1089 ne
1357 1036 1562 1104 auferas
1591 1051 1621 1087 a
1646 1050 1723 1089 me

185 1123 326 1193 (Paul.
352 1140 394 1183 ι..
422 1124 525 1194 15).
578 1124 712 1178 Nam
757 1124 803 1179 si
844 1138 1077 1195 semper,
1121 1134 1176 1180 ut
1216 1126 1290 1180 ait
1320 1127 1507 1181 beatus
1536 1126 1724 1181 Hiero-

189 1234 347 1288 nymus
382 1218 481 1289 (In
542 1219 738 1274 Ezech.
781 1237 945 1290 xxxv,
1004 1222 1115 1291 1),
1167 1220 1220 1278 in
1264 1224 1534 1293 prophetis
1580 1233 1725 1279 esset

191 1325 334 1363 sermo
368 1310 606 1379 divinus,
650 1321 705 1366 et
740 1312 868 1383 juge
909 1314 963 1367 in
1003 1324 1222 1384 pectore
1276 1330 1461 1372 eorum
1505 1317 1728 1372 haberet

184 1398 447 1469 hospitium,
495 1419 762 1473 nunquam
810 1404 1002 1460 crebro
1054 1404 1301 1462 Ezechiel
1353 1420 1578 1478 poneret
1613 1427 1626 1463 :
1656 1408 1727 1463 Et

182 1496 324 1563 factus
347 1504 414 1548 est
442 1512 599 1548 sermo
627 1494 835 1549 Domini
863 1498 930 1549 ad
954 1514 1032 1550 me
1059 1499 1249 1554 dicens.
1292 1499 1349 1555 In
1389 1500 1529 1556 libro
1569 1503 1727 1571 quin-

180 1586 321 1641 etiam
341 1586 530 1655 Regum
555 1588 751 1642 Eliseus
781 1590 1036 1659 propheta
1068 1589 1192 1644 dicit
1218 1591 1286 1645 de
1316 1593 1539 1647 muliere
1571 1592 1724 1663 cujus

182 1677 309 1732 ﬁlius
335 1688 610 1734 extremum
641 1678 901 1735 clauserat
925 1680 1063 1735 diem
1089 1698 1101 1734 :
1124 1678 1336 1737 Dimitte
1360 1699 1494 1750 eum,
1523 1685 1642 1751 quia
1673 1685 1724 1738 in

177 1770 488 1823 amaritudine
509 1780 598 1836 est,
624 1782 668 1826 et
694 1771 945 1826 Dominus
973 1771 1163 1827 celavit
1180 1790 1283 1838 me,
1318 1785 1363 1827 ct
1391 1790 1491 1828 non
1521 1775 1727 1828 indica-

178 1861 238 1913 rit
274 1862 387 1914 mihi
411 1861 512 1921 {IV
536 1862 662 1933 Reg.
693 1880 766 1931 tv,
797 1865 909 1933 27).
964 1865 1251 1935 Apostolus
1296 1882 1507 1938 quoque
1553 1869 1718 1923 dicit:

1824 670 2052 731 quatuor
2090 661 2256 715 millia
2292 661 2544 730 juvenutn
2581 678 2646 719 ex
2689 666 2982 723 Israelitico
3019 672 3213 740 populo
3256 673 3403 731 dele-

1822 753 1964 822 gisse
2007 751 2099 820 qui
2146 752 2414 823 psalmos,
2474 768 2606 823 quos
2653 754 2767 824 ipse
2814 757 3026 815 Domini
3076 764 3400 832 aspiratione

1824 842 2140 911 protulerat,
2174 843 2409 913 organis,
2435 843 2673 909 citharis,
2708 848 2901 919 nablis,
2936 854 3222 924 tympanis,
3251 871 3401 929 cym-

1821 935 1979 1001 balis,
2013 936 2175 1001 tubis,
2218 937 2538 1007 propriaque
2566 953 2697 994 voce
2732 940 2788 994 in
2826 956 3068 1011 magnam
3093 944 3400 1015 jucundita-

1824 1035 1932 1083 tem
1975 1042 2222 1097 supernae
2258 1030 2442 1098 gratiae
2481 1038 2849 1099 personarent.
2892 1034 3022 1099 Qua:
3058 1039 3235 1093 suavis
3271 1040 3403 1095 adu-

1826 1121 1972 1175 natio
2010 1120 2181 1175 tribus
2224 1120 2460 1187 partibus
2499 1119 2665 1175 divisa
2705 1122 2980 1177 constabat
3021 1142 3032 1176 :
3076 1128 3403 1187 rationabilis

1826 1210 2126 1280 pertinebat
2156 1211 2220 1265 ad
2252 1211 2536 1266 humanam
2571 1227 2787 1279 vocem;
2822 1214 3198 1273 irrationabilts
3226 1221 3292 1274 ad
3321 1223 3405 1275 in-

1825 1311 2123 1357 strumenta
2148 1301 2203 1374 ﬁ.
2232 1304 2470 1369 musica;
2514 1305 2811 1358 communis
2858 1318 3035 1361 autem
3076 1308 3141 1362 de
3172 1311 3407 1378 utrisque

1825 1396 2063 1465 partibus
2092 1396 2410 1465 rimabatur;
2459 1404 2518 1450 ut
2545 1406 2597 1452 et
2626 1412 2725 1451 vox
2757 1396 2987 1451 hominis
3024 1413 3137 1455 cert
3160 1417 3185 1455 s
3217 1404 3405 1458 nodu-

1826 1485 2110 1541 lationibus
2154 1487 2430 1555 ederetur,
2462 1497 2514 1541 et
2545 1487 3023 1541 instrumentorum
3067 1492 3231 1545 int-los
3272 1508 3407 1547 con-

1827 1591 1958 1632 sona
1993 1592 2053 1632 se
2086 1578 2360 1633 vicinitate
2397 1577 2769 1647 coniungeret.
2801 1577 2890 1633 Sic
2922 1579 3100 1634 suavis
3130 1581 3216 1635 illa
3248 1591 3300 1637 et
3321 1583 3410 1653 ju-

1827 1670 2002 1725 cunda
2030 1669 2230 1723 musica
2262 1669 2557 1724 Ecclesiam
2593 1669 2911 1724 catholicam
2944 1671 3031 1725 tali
3062 1682 3182 1727 actu
3214 1675 3408 1743 praedi-

1826 1763 2003 1828 cebat,
2035 1777 2154 1832 quae
2181 1777 2249 1817 ex
2279 1761 2503 1816 diversis
2533 1761 2745 1831 linguis,
2778 1762 3030 1831 varioque
3061 1777 3323 1821 concentu
3355 1768 3408 1823 in

1827 1868 1990 1907 unam
2041 1853 2166 1909 ﬁdei
2229 1852 2575 1909 concordiam
2623 1864 2781 1923 erat,
2826 1854 3054 1910 Domino
3098 1868 3408 1929 praestante,

176 1948 242 2004 De
261 1952 516 2020 virginibus
540 1964 844 2026 prtrceptum
867 1955 1077 2012 Domini
1104 1973 1207 2012 non
1240 1958 1420 2028 habeo,
1451 1960 1721 2014 consilium
1751 1955 1798 2016 B
1826 1944 2120 2001 ετεάίιυτδο

175 2052 320 2097 autem
342 2045 404 2097 do
445 2044 495 2116 (Ι
522 2045 639 2100 Cor.
667 2062 763 2111 vtt,
793 2046 908 2113 25).
957 2048 1087 2104 Item
1136 2051 1253 2118 ipse
1290 2059 1713 2106 commemorat:

173 2129 273 2185 Hoc
293 2148 379 2203 ego
401 2134 654 2205 pracipio,
683 2153 786 2190 non
813 2136 1067 2194 Dominus
1096 2137 1343 2209 (Ibidem,
1377 2140 1490 2209 10).
1522 2140 1587 2195 Et
1612 2140 1719 2195 aiio

172 2238 272 2281 loco
296 2229 364 2282 sic
395 2229 628 2285 meminit
658 2245 673 2284 :
724 2230 853 2298 Quae
880 2230 1079 2302 loquor,
1112 2250 1213 2288 non
1239 2234 1417 2304 loquor
1439 2234 1719 2290 secundum

171 2314 316 2371 Deum
343 2317 424 2389 (11
449 2319 661 2388 Camn,
686 2322 802 2392 17).
856 2322 1009 2378 Unde
1036 2326 1197 2380 etiam
1226 2325 1473 2381 similiter
1512 2326 1563 2380 in
1607 2340 1715 2381 cae-

169 2410 282 2466 teris
312 2412 573 2482 prophetis
613 2414 791 2484 aliqua
821 2415 1035 2479 quidem
1071 2418 1325 2473 Dominus
1369 2418 1575 2474 locutus
1613 2427 1716 2486 est,

166 2510 212 2556 et
237 2517 334 2557 non
365 2504 653 2573 prophetae,
685 2514 740 2559 et
768 2505 944 2576 aliqua
977 2510 1283 2577 prophetas,
1314 2518 1370 2565 et
1401 2526 1504 2565 non
1537 2510 1719 2565 Domi-

165 2609 274 2649 nus.
320 2594 424 2652 Nec
467 2598 592 2653 illud
637 2600 937 2669 specialiter
976 2601 1043 2656 de
1073 2601 1303 2657 Domino
1338 2603 1462 2659 Jesu
1504 2603 1719 2660 Christo

162 2683 356 2739 diceret
372 2685 592 2742 Joannes
616 2687 849 2759 Baptista
876 2707 890 2742 :
921 2691 1023 2758 Qui
1047 2692 1180 2746 misit
1208 2710 1282 2747 me
1307 2692 1587 2763 baptizare,
1612 2695 1720 2764 ipse

161 2776 288 2830 dixit
316 2778 435 2831 mihi
465 2796 480 2833 :
512 2780 678 2850 Super
714 2798 852 2849 quem
886 2782 1072 2836 videris
1108 2783 1362 2851 Spiritum
1403 2794 1637 2839 sanctum
1664 2787 1717 2838 in

161 2869 319 2936 specie
354 2870 595 2926 columbas
626 2873 1001 2928 descendentem
1040 2884 1086 2929 et
1124 2885 1407 2930 manentem
1444 2877 1498 2929 in
1528 2892 1608 2941 eo,
1636 2876 1720 2930 hic

161 2967 226 3011 est
249 2959 334 3030 qui
372 2959 589 3029 baptizat
617 2962 669 3015 in
695 2961 900 3032 Spiritu
936 2971 1110 3018 sancto
1141 2963 1322 3035 (Joan.
1355 2981 1393 3031 ι,
1423 2966 1536 3035 55).
1575 2964 1721 3021 Nun-

163 3062 305 3116 quam
338 3051 477 3106 enim
514 3054 781 3121 proprium
813 3063 956 3110 esset
1000 3056 1054 3110 in
1088 3055 1314 3112 Domino
1337 3056 1551 3113 Christo
1580 3058 1719 3128 quod

162 3138 391 3196 additur:
426 3141 492 3196 Et
520 3155 805 3199 manentem
846 3147 901 3201 in
939 3163 1020 3213 eo,
1065 3147 1167 3213 nisi
1210 3148 1276 3202 ab
1318 3148 1436 3205 aliis
1476 3164 1720 3205 nonnun-

167 3246 309 3301 quam
333 3236 579 3291 recedere
607 3237 943 3306 probaretur.
981 3240 1035 3295 ln
1061 3238 1274 3295 Christo
1299 3242 1441 3297 enim
1472 3257 1693 3313 perman

1899 2038 1973 2091 Ex
1997 2051 2101 2107 quo
2128 2049 2351 2091 numero
2382 2033 2546 2090 indita
2580 2034 2795 2090 nomina
2822 2034 3129 2106 frequenter
3154 2036 3206 2093 in
3240 2038 3408 2095 titulis

1824 2127 2144 2193 invenimus,
2169 2126 2481 2193 utldithun,
2509 2126 2702 2197 Asaph,
2727 2127 2825 2194 filii
2848 2126 2995 2193 Core,
3016 2137 3070 2183 et
3094 2128 3177 2184 his
3191 2130 3402 2187 similia.

1823 2220 1937 2275 Non
1984 2222 2104 2291 quia
2152 2221 2275 2289 ipsi,
2322 2229 2378 2275 ut
2428 2219 2644 2289 quidam
2696 2220 2908 2287 volunt,
2958 2232 3206 2279 auctores
3261 2226 3410 2281 tuere

1823 2316 2173 2384 psalmorum,
2215 2314 2308 2370 sed
2349 2312 2601 2383 quoniam
2643 2312 2917 2382 praepositi
2961 2314 3273 2383 artiﬁcibus,
3317 2316 3411 2371 ad-

1823 2410 2216 2464 ministratores
2258 2421 2439 2463 earum
2470 2420 2649 2462 rerum
2699 2406 3002 2476 probabiles
3050 2408 3403 2478 exstiterunt,

1822 2508 1880 2553 ut
1911 2501 2168 2553 honorem
2203 2498 2271 2553 de
2310 2498 2402 2552 tali
2439 2497 2952 2553 commemoratione
2986 2508 3280 2569 sumerent,
3313 2502 3406 2569 qui

1823 2591 2003 2647 ofﬁcio
2039 2600 2226 2646 sancto
2264 2590 2475 2645 devotis
2516 2589 2786 2645 mentibus
2815 2591 3153 2656 serviebant;
3184 2593 3412 2651 maxime

1824 2685 1947 2754 quia
1992 2690 2047 2738 et
2088 2683 2304 2739 nomina
2343 2697 2532 2738 eorum
2580 2683 2885 2737 intellectus
2929 2699 3107 2738 rerum
3144 2700 3412 2755 congruos
3462 2754 3463 2757 η

1824 2774 2063 2829 indicare
2114 2782 2428 2830 noscuntur.
2491 2772 2605 2827 Non
2649 2775 2793 2827 enim
2845 2775 3134 2843 supradicti
3186 2777 3283 2830 viri
3339 2778 3408 2832 ad

1824 2865 2059 2933 psalmos
2096 2864 2366 2919 iaciendos
2409 2863 2565 2918 electi
2608 2874 2753 2930 sunt,
2797 2864 2890 2918 sed
2933 2879 3031 2919 eos
3060 2879 3409 2938 congregatos

1826 2963 2032 3010 tantum
2058 2954 2285 3025 legimus
2314 2955 2380 3009 ad
2410 2953 2738 3020 canendum;
2766 2955 3206 3026 psalmographos
3229 2969 3407 3016 autem

1828 3048 1993 3104 fuisse
2019 3048 2241 3104 historia
2274 3049 2417 3103 nulla
2444 3056 2702 3113 testatur;
2735 3057 2789 3103 et
2815 3061 3297 3120 praesumptuosnm
3327 3065 3412 3111 est

1824 3141 2005 3199 dicere
2030 3142 2172 3214 quod
2198 3143 2342 3198 nulla
2368 3143 2536 3212 possit
2562 3144 2880 3199 auctoritate
2905 3143 3128 3200 ﬁrmari.
3162 3146 3403 3204 Psalmos

1827 3244 2005 3291 autem
2046 3236 2114 3291 ad
2155 3235 2326 3290 solum
2369 3236 2680 3306 prophetam
2722 3235 2887 3291 David
2929 3237 3198 3305 pertinere
3238 3243 3404 3294 certis

166 3324 243 3389 sit,
264 3328 378 3396 quia
405 3340 678 3397 peccatum
702 3346 807 3385 non
835 3331 1053 3398 habuit;
1083 3333 1149 3388 ab
1170 3333 1291 3388 aliis
1312 3334 1431 3404 jure
1452 3335 1716 3404 discessit,
1748 3333 1796 3399 C
1826 3325 2130 3381 deelal‘alur
2178 3326 2409 3381 indiCiiS-
2467 3326 2705 3396 Βθηῑίιιιθ
2755 3327 2809 3380 in
2855 3328 3174 3399 ApocalYPSi
3225 3330 3409 3386 νοιθηε

168 3414 275 3483 quia
303 3418 603 3486 pollutionis
628 3423 892 3477 maculam
923 3433 1298 3494 perceperunt.
1331 3425 1553 3495 Spiritui
1578 3428 1721 3482 enim

163 3515 329 3562 sancto
357 3522 457 3564 non
487 3517 666 3580 potest
693 3526 815 3566 esse
840 3514 1145 3569 communio
1171 3530 1293 3570 cum
1320 3516 1531 3571 delictis
1556 3535 1567 3570 :
1601 3534 1723 3573 nam

164 3594 232 3650 sic
257 3597 503 3666 scriptum
535 3607 621 3655 est
659 3601 709 3655 in
740 3600 878 3657 libro
907 3602 1193 3673 Sapientia
1223 3606 1525 3661 Salomonis
1552 3622 1567 3659 :
1600 3606 1725 3675 Spi-

162 3689 275 3744 ritu
294 3692 422 3746 enim
444 3702 657 3749 sanctus
682 3696 969 3765 disciplina
992 3697 1201 3768 e/fugiet
1231 3699 1430 3767 ﬁctum,
1451 3708 1500 3753 et
1528 3701 1723 3770 auferet

162 3795 208 3833 ss
228 3799 260 3836 ι
280 3785 667 3855 cogitationibus
692 3804 806 3858 qua:
831 3797 950 3845 sunt
977 3790 1087 3845 sine
1110 3792 1368 3846 intellectu
1392 3792 1546 3862 (Sap.
1579 3808 1614 3861 ι,
1645 3793 1719 3864 ὅ).

220 3875 305 3932 Est
330 3888 511 3936 autem
548 3880 826 3950 prophetia
866 3882 1206 3953 magniﬁcum
1250 3884 1409 3940 nimis
1445 3896 1498 3940 et
1530 3886 1725 3941 verilo-

165 3976 297 4034 qwm
322 3970 538 4027 dicendi
568 3986 768 4042 genus,
800 3987 906 4029 non
936 3974 1169 4029 humana
1198 3975 1471 4032 voluntate
1507 3991 1726 4048 compo-

166 4057 318 4133 situm,
355 4068 450 4121 sed
493 4066 681 4122 divina
735 4067 1084 4137 inspiratione
1126 4071 1417 4140 profusum,
1470 4073 1606 4127 sicut
1654 4073 1727 4129 ait

166 4147 324 4209 Petrus
349 4157 636 4227 apostolus
670 4175 683 4211 :
715 4158 837 4214 Non
867 4161 998 4215 enim
1028 4162 1286 4217 voluntate
1313 4164 1539 4217 humana
1565 4166 1727 4220 allata

172 4253 228 4297 est
249 4247 535 4319 aliquando
564 4252 863 4321 prophetia;
900 4255 989 4308 sed
1019 4254 1225 4320 Spiritu
1253 4266 1433 4310 sancto
1462 4258 1723 4327 inspirati,

160 4332 421 4395 locutisunt
466 4342 637 4395 sancti
660 4341 753 4396 Dei
775 4343 1002 4399 homines
1023 4342 1111 4415 (II
1144 4345 1285 4400 Petr.
1309 4362 1348 4413 r,
1371 4346 1486 4416 21).
1513 4346 1643 4403 Nam
1673 4355 1729 4404 et

160 4420 328 4486 Paulus
352 4433 647 4503 apostolus
676 4433 808 4489 dicit
840 4453 853 4488 :
887 4436 987 4502 Qui
1019 4438 1287 4508 prophetat
1324 4439 1612 4496 hominibus
1652 4442 1729 4495 lo-

154 4521 298 4587 ςιὶικν
315 4528 384 4581 ad
404 4526 836 4593 aediﬁcationem,
853 4539 899 4584 et
914 4530 1334 4594 exhortationem.
1351 4542 1399 4587 et
1423 4534 1729 4590 consolatio-

155 4625 251 4666 ιιαιι
293 4616 347 4687 (Ι
370 4618 508 4674 Cor.
532 4634 639 4685 xrv,
673 4620 754 4690 ὅ).
816 4621 883 4675 Et
921 4621 1079 4690 paulo
1102 4631 1223 4691 post
1262 4639 1276 4677 :
1324 4622 1425 4689 Qui
1461 4625 1730 4693 prophetat

1827 3433 1962 3486 opus
2007 3416 2146 3473 istud
2196 3417 2440 3487 intelligi,
2485 3418 2650 3472 solius
2679 3417 2843 3472 David
2898 3418 3144 3473 meminit
3183 3419 3404 3476 dicens:

1830 3507 1957 3562 Herc
1994 3508 2119 3562 dicit
2162 3519 2366 3562 sanctus
2413 3518 2460 3561 et
2503 3524 2650 3562 verus
2687 3509 2776 3578 qui
2814 3508 2960 3563 habet
3002 3511 3195 3563 clavem
3216 3509 3408 3580 David,

1826 3601 1912 3670 qui
1950 3600 2114 3667 aperit
2152 3609 2200 3653 et
2241 3616 2387 3654 nemo
2426 3600 2655 3665 claudit;
2700 3599 2894 3654 claudit
2940 3610 2989 3656 et
3033 3617 3177 3656 nemo
3221 3606 3406 3673 aperit.

1827 3692 1884 3746 In
1915 3690 2205 3761 Evangelio
2247 3706 2458 3761 quoque
2488 3692 2777 3747 Pharisaeis
2820 3693 2934 3761 ipse
2966 3692 3221 3749 Dominus
3248 3695 3408 3753 dicit:

1831 3786 2101 3852 Quomodo
2130 3801 2255 3856 ergo,
2284 3785 2444 3837 David
2488 3788 2541 3838 in
2572 3784 2771 3854 Spiritu
2807 3796 2949 3840 vorat
2994 3802 3107 3841 cum
3138 3788 3412 3844 Dominum

1828 3878 2000 3933 dicens
2033 3892 2051 3932 :
2074 3877 2215 3933 Dixit
2246 3877 2495 3932 Dominus
2518 3876 2742 3933 Domino
2769 3896 2881 3934 meo
2914 3876 3127 3951 (Matth.
3155 3897 3287 3950 mt,
3310 3883 3406 3950 45,

1826 3969 1943 4041 44),
1978 3981 2087 4026 etc.

1903 4063 2052 4119 Unde
2087 4063 2343 4135 probatur
2383 4064 2663 4121 universos
2707 4067 2941 4135 psalmos
2982 4084 3088 4125 non
3118 4071 3410 4129 multorum

1829 4153 2059 4208 existere
2081 4194 2095 4218 ,
2126 4155 2221 4209 sed
2253 4163 2454 4209 tantum
2489 4156 2657 4224 ipsius
2682 4173 2841 4226 quem
2886 4174 2915 4211 a
2945 4160 3170 4215 Domino
3198 4170 3409 4219 constat

1830 4257 1953 4299 esse
1999 4244 2354 4299 nominatum.
2406 4244 2547 4301 Usus
2593 4261 2803 4317 quoque
2832 4247 3085 4305 Ecclesia:
3132 4254 3409 4309 catholicas

1830 4334 2061 4403 Spiritus
2089 4337 2258 4399 sancti
2298 4335 2649 4405 inSpiratione
2692 4339 3012 4408 generaliter
3037 4351 3093 4398 et
3120 4342 3410 4403 immobili-

1830 4435 1912 4481 ter
1957 4435 2132 4495 tenet,
2178 4436 2239 4483 ut
2279 4429 2581 4500 quicunque
2626 4444 2811 4485 eorum
2866 4432 3160 4490 eantandus
3206 4436 3408 4507 fuerit,

1830 4518 1921 4587 qui
1958 4518 2173 4575 diverso
2211 4521 2429 4576 nomine
2467 4529 2857 4590 praenotantur,
2889 4523 3059 4581 lector
3085 4525 3228 4581 aliud
3265 4542 3407 4597 prae-

1831 4605 2015 4662 dicare
2065 4624 2169 4664 non
2225 4610 2438 4677 audeat,
2489 4611 2591 4667 nisi
2635 4612 2874 4669 Psalmos
2923 4615 3110 4671 David.
3162 4618 3314 4683 Quod
3359 4620 3408 4675 si

154 4699 414 4799 ξῖαειαίσηι
435 4711 676 4779 cdiﬁcat
708 4710 948 4782 (Ibidem,
978 4713 1037 4782 4)
1066 4714 1337 4768 :mdilicat
1358 4715 1535 4784 plane,
1562 4730 1723 4785 quan-

1832 4706 2013 4753 essent
2041 4699 2262 4768 pr0prii,
2294 4700 2347 4754 id
2374 4708 2585 4765 est,aut
2618 4700 2850 4770 ldithun,
2890 4714 2984 4760 aut
3006 4706 3234 4773 ﬁliorum
3257 4705 3407 4777 Core,

153 4791 211 4848 do
235 4812 316 4853 res
340 4801 656 4869 incognitas
681 4803 948 4873 nimisque
977 4805 1307 4860 necessarias
1332 4806 1730 4874 przelocutionis

149 4882 390 4947 beneﬁcio
420 4893 559 4948 iacit
583 4908 705 4949 esse
727 4895 1056 4951 notissimas.
1097 4896 1230 4951 Nam
1269 4905 1326 4953 et
1373 4898 1568 4969 quibus
1608 4899 1734 4956 data

147 4988 219 5029 est
243 4978 478 5038 facultas
510 4982 646 5039 bene
694 4984 1023 5055 intelligendi
1063 4986 1146 5042 vel
1178 4988 1565 5057 interpretandi
1593 4990 1733 5046 Scri-

146 5076 312 5136 ptum
361 5074 616 5139 divinas,
661 5088 693 5128 a
737 5090 964 5131 munere
1010 5077 1306 5146 prophetia;
1339 5092 1447 5133 non
1490 5078 1737 5136 videntur

146 5169 365 5236 excepti,
390 5170 542 5224 sicut
569 5169 851 5238 Aposmlus
877 5170 953 5225 ait
988 5170 1041 5225 in
1070 5170 1306 5240 Epistola
1334 5171 1401 5227 ad
1425 5170 1733 5230 Corinthios

146 5256 301 5320 prima
334 5257 502 5329 (Cap.
535 5274 646 5325 xtv,
673 5261 798 5331 32):
831 5261 1060 5334 Spiritus
1086 5264 1449 5333 praphetarum
1475 5265 1732 5335 prophetis

146 5349 395 5419 subjectus
427 5358 527 5405 est.
563 5351 670 5407 Sed
710 5353 969 5427 quoniam
992 5354 1060 5409 de
1089 5356 1384 5424 pr0phetia:
1422 5356 1734 5414 muneribus

146 5448 518 5510 competenter
550 5441 773 5499 forsitan
798 5459 919 5515 quae
948 5446 1196 5515 leguntur
1231 5447 1565 5518 agnovimus,
1592 5463 1734 5506 nunc

144 5542 253 5598 qua
278 5542 502 5592 restant
528 5535 755 5594 sollicite
782 5548 1197 5608 perscrutemur.

778 5690 1005 5750 CAPUT
1044 5695 1107 5750 11.

208 5776 312 5834 Cur
339 5783 402 5837 in
436 5784 751 5853 psalmorum
782 5787 945 5839 titulis
987 5789 1132 5856 quasi
1160 5797 1425 5843 auctorum
1455 5791 1664 5844 nomina

664 5858 863 5916 diuersa
890 5860 1230 5928 reperiantur.

211 5980 271 6039 lu
292 5984 486 6057 primo
509 5985 641 6045 libro
658 5988 1265 6072 Paralipomenonwup.
1283 6010 1438 6067 χχιιι,
1454 5995 1510 6071 5)
1527 5996 1741 6072 legitur,

1836 4799 1927 4844 aut
1950 4790 2150 4859 Asaph,
2182 4799 2273 4846 aut
2297 4790 2500 4863 Moysi,
2531 4807 2716 4849 eorum
2747 4797 2962 4850 nomina
3005 4798 3189 4867 utique
3216 4799 3410 4868 pradi-

1836 4890 2119 4946 carentur;
2178 4882 2315 4937 sicut
2362 4892 2416 4938 et
2468 4884 2521 4939 in
2572 4884 2882 4957 Evangeliis
2939 4887 3015 4953 ﬁt,
3064 4891 3278 4959 quando
3318 4900 3411 4947 aut

1838 4970 2019 5036 Marci,
2052 4983 2142 5026 aut
2171 4972 2345 5038 Lucae,
2373 4983 2465 5029 aut
2495 4975 2750 5043 Matthxi,
2786 4987 2876 5031 aut
2901 4979 3124 5035 Joannis
3150 4984 3409 5038 vocabulo

1840 5063 2266 5131 pronuntiantur.
2296 5064 2446 5133 Quod
2475 5067 2634 5122 etiam
2665 5077 2880 5124 secutus
2906 5069 3060 5126 Pater
3082 5072 3412 5142 Augustinus

1838 5166 2191 5227 congruenter
2235 5173 2422 5213 omnes
2468 5159 2703 5229 psalmos
2752 5160 2883 5220 dicit
2922 5163 3062 5235 (Lib.
3105 5180 3211 5221 xvtt
3258 5165 3410 5222 Civil.

1840 5244 1957 5311 Dei,
1992 5263 2105 5318 cap.
2136 5246 2222 5317 14)
2250 5263 2371 5305 esse
2395 5249 2700 5309 Davidicos.

2442 5424 2671 5485 CAPUT
2709 5429 2798 5486 Ill.

1845 5512 1981 5581 Quid
2009 5513 2256 5587 signiﬁcet
2292 5516 2348 5573 in
2377 5515 2735 5644 ﬁnemhqtltod
2760 5522 3047 5593 frequenter
3075 5525 3327 5582 invenitur
3354 5530 3414 5590 in

2563 5608 2577 5644 ι
2604 5608 2633 5644 u
2660 5606 2731 5644 is.‘

2563 5606 2731 5645 1111118(

1909 5719 2095 5776 Finem
2141 5720 2352 5778 duobus
2394 5723 2620 5780 dicimus
2663 5725 2834 5781 modis
2879 5744 2894 5780 :
2942 5729 3142 5797 primus
3185 5737 3269 5785 est
3315 5731 3415 5786 iste

1839 5816 2138 5871 communis
2190 5827 2347 5886 atque
2397 5820 2654 5885 moralis,
2711 5820 2922 5888 quando
2979 5837 3062 5877 res
3117 5822 3289 5893 aliqua
3342 5822 3412 5877 ad

1841 5919 2139 5967 extremum
2184 5910 2412 5967 deducta
2458 5914 2783 5999 pervenerit,
2831 5931 2930 5971 nec
2971 5917 3194 5973 ulterius
3235 5926 3413 5988 potest

1844 6002 2075 6074 prodire,
2105 6018 2223 6077 quae
2244 6012 2419 6063 motus
2446 6005 2528 6063 sui
2553 6006 2836 6067 terminum
2862 6008 3113 6078 probatur
3140 6010 3412 6083 accipere.
