4064 6360
226 327 299 381 17

1371 307 1438 366 IN
1476 299 1913 363 PSALTERIUM
1960 295 2349 357 ett/emno.
3423 298 3491 352 ,3

220 442 270 498 si
320 439 488 495 aciem
534 434 731 491 mentis
777 430 1020 490 intendas
1062 424 1455 485 rarescentibus
1483 418 1800 494 quibusdam
1831 418 2009 480 Atate
2060 414 2310 481 (tibiarum
2350 410 2458 481 ejus
2491 425 2592 465 non
2624 409 2877 481 fraudasti
2915 425 3031 465 eum
3080 409 3251 483 (Paul.
3283 427 3378 477 xx,
3411 411 3490 479 3).

224 535 353 602 ﬁlis,
400 530 555 587 facile
583 543 769 586 eorum
814 524 1104 596 penetralia
1150 518 1437 578 eontueris.
1486 516 1615 584 Quis
1658 512 1803 568 enim

226 638 309 685 tot
333 640 544 689 causas,
574 629 654 677 tot
698 620 1034 675 diversitates
1076 614 1350 669 nominum
1378 617 1528 679 putet
1574 606 1802 672 otiosas,

226 735 351 776 cum
382 716 531 772 nefas
556 716 629 771 sit
659 712 881 768 credere
908 708 1212 777 Scripturas
1242 702 1447 758 divinas
1476 697 1672 767 aliquid
1712 711 1807 750 su-

228 822 560 881 pervacuum
596 802 918 862 continere?
957 800 1172 869 Legitur
1219 795 1360 851 enim
1392 812 1406 846 :
1440 793 1622 853 Amen,
1662 803 1810 841 amen

230 907 347 958 dico
372 903 530 969 vobis,
561 901 685 971 quia
714 900 817 953 iota
847 912 1027 962 unum,
1060 897 1148 946 aut
1186 905 1319 945 unus
1357 903 1487 955 apex
1534 900 1634 938 non
1674 896 1819 952 prte—

233 996 395 1051 teribit
418 1012 449 1049 a
476 970 605 1064 lege,
630 993 791 1045 donec
820 988 993 1043 omnia
1020 975 1595 1054 coIItpleantur(Matth.
1621 988 1656 1028 γ
1693 970 1812 1041 18).-

842 1099 1068 1158 CAPUT
1104 1097 1195 1153 XI.

734 1196 868 1263 Quid
909 1196 974 1249 sit
1009 1188 1319 1261 diapsalma.

309 1316 452 1371 Inter
480 1313 814 1384 expositores
842 1308 1178 1365 Psalmorum
1209 1305 1276 1361 de
1298 1303 1400 1359 hoc
1428 1300 1642 1356 nomine
1663 1310 1815 1369 quae-

234 1408 359 1463 dam
389 1405 630 1462 noscitur
655 1384 1293 1473 provenissef'divcrsitas.
1312 1395 1687 1465 Hieronymus,
1713 1389 1820 1445 lle-

232 1502 434 1558 braiczn
461 1501 658 1570 linguae
688 1496 1027 1551 doctissimus
1056 1490 1357 1560 inquisitor,
1390 1486 1618 1556 Spiritus
1646 1481 1819 1538 sancti

242 1591 703 1647 continuationem
734 1601 853 1643 esse
882 1584 1163 1640 conﬁrmat
1190 1578 1385 1652 (Epist.
1415 1576 1566 1645 138),
1610 1576 1676 1629 ob
1721 1574 1821 1628 hoc

233 1686 360 1756 quia
389 1684 680 1753 diapsalma
712 1680 975 1750 signiﬁcet
1003 1689 1235 1746 semper.
1268 1674 1464 1727 Beatus
1496 1678 1675 1723 autem
1708 1667 1819 1721 Au-

1908 505 2154 560 Secundo
2183 504 2325 574 quod
2342 503 2565 574 aequalis
2590 512 2644 558 et
2664 513 2964 559 coaeternus
2993 504 3294 559 ostenditur
3318 505 3429 558 Pati
3446 505 3483 568 i,

1909 606 1969 653 ut
2011 605 2094 651 est
2121 596 2251 650 illud
2281 596 2518 663 ejusdem
2562 596 2781 652 secundi
2819 597 3005 666 psalmi
3035 614 3049 651 :
3078 597 3326 651 Dominus
3360 598 3492 651 dixit

1910 689 1976 744 ad
2004 704 2109 742 me:
2139 686 2308 741 Filius
2336 703 2475 742 meus
2504 704 2557 742 cs
2588 682 2662 754 tu,
2693 704 2784 760 ego
2815 688 2962 742 hodie
2983 689 3134 760 genui
3158 700 3202 743 te
3228 688 3401 761 (Paal.
3433 705 3489 754 II,

1913 782 1989 854 7).
2027 781 2094 838 Et
2140 781 2195 835 in
2222 781 2519 835 centesimo
2560 795 2702 835 nono
2728 798 2741 835 :
2770 781 2959 857 Tecum
2988 782 3292 853 principium
3322 782 3374 835 in
3411 782 3495 835 die

1912 874 2111 929 virtutis
2140 881 2240 928 tua:
2268 873 2321 925 in
2348 871 2703 941 splendoribus
2733 880 3026 929 sanctorum
3056 890 3076 927 :
3107 890 3168 927 ea:
3195 881 3337 928 utero
3376 880 3495 927 ante

1914 968 2211 1038 Luciferum
2240 966 2388 1037 genui
2417 974 2464 1019 te
2511 963 2683 1037 (Psat.
2710 980 2818 1032 δικ,
2846 964 2922 1037 5).
2966 967 3146 1021 Tertio
3174 983 3202 1021 a
3242 967 3496 1023 membris

1917 1063 2196 1128 Ecclesiae,
2228 1060 2380 1130 cujus
2409 1062 2526 1129 ipse
2555 1059 2664 1114 dux
2715 1068 2769 1115 et
2816 1069 2973 1129 caput
3014 1071 3097 1117 est
3140 1061 3404 1131 Christus,
3439 1069 3501 1116 ut

1919 1161 1999 1211 est
2030 1153 2159 1208 illud
2192 1150 2430 1222 vigesimi
2460 1150 2618 1222 primi
2652 1151 2841 1220 psalmi
2869 1168 2884 1205 :
2913 1151 3088 1222 Longe
3127 1169 3158 1205 a
3185 1154 3346 1207 salute
3386 1168 3501 1208 mea

1919 1244 2402 1315 rerbadelictorum
2433 1259 2659 1296 meorum
2698 1239 2869 1312 (Psal.
2911 1258 3023 1308 xxr,
3051 1241 3137 1313 2);
3168 1253 3223 1298 et
3256 1246 3311 1299 in
3344 1259 3503 1301 sexa-

1922 1339 2123 1409 gesimo
2164 1344 2390 1391 octavo:
2422 1337 2578 1401 Deus,
2615 1345 2669 1390 tu
2709 1338 2806 1391 scis
2848 1337 3193 1407 insipientiam
3237 1354 3418 1404 meam,
3449 1347 3502 1394 et

1922 1431 2107 1488 delicta
2132 1447 2241 1484 utea
2268 1446 2298 1482 a
2325 1438 2373 1483 te
2404 1445 2504 1482 non
2532 1437 2645 1483 sunt
2677 1428 2973 1483 abscondita
3005 1427 3173 1497 (Paul.
3213 1444 3393 1498 LXVIII,
3422 1429 3503 1497 6).

1922 1522 2073 1592 Quod
2102 1522 2299 1575 dictum
2334 1536 2430 1591 pro
2457 1534 2777 1589 unoquoque
2808 1519 3039 1574 ﬁdelium
3069 1519 3325 1575 debemus
3354 1520 3499 1575 acci-t

1923 1629 2069 1685 pcre.
2109 1614 2370 1670 Caeterum
2415 1612 2605 1668 delicta
2637 1627 2664 1665 a
2695 1611 2907 1666 Christo
2950 1613 3237 1680 probantur
3264 1612 3500 1670 funditus

1925 1706 2135 1761 aliena:
2167 1704 2308 1760 unde
2329 1704 2625 1759 Tichonius
2648 1704 2865 1773 inlibris
2888 1704 3208 1773 Regularum
3232 1704 3389 1760 latius
3418 1706 3505 1762 di-

235 1780 508 1850 ευδῐίηυε,
528 1792 706 1832 rerum
730 1775 1076 1869 039""le
1104 1766 1487 1869 ῗξὼίίίίδδίίηίξῗ
1518 1763 1814 1869 “Wa”?
1848 1803 1893 1865 Β
1922 1798 2251 1869 ligenterque
2270 1788 2549 1863 disseruit(
2567 1770 2691 1848 Vide
2710 1793 2776 1847 D.
2801 1763 3018 1865 Augusvt.
3038 1794 3123 1848 lib.
3152 1810 3209 1850 III
3234 1798 3296 1849 de
3322 1796 3501 1850 Doctr.

234 1875 384 1931 inter
426 1873 591 1929 ardua
620 1872 736 1925 sine
766 1867 1060 1924 offensione
1089 1862 1394 1918 discurrens
1436 1856 1523 1928 (I‘n
1557 1856 1688 1928 psat.
1714 1853 1814 1922 Iv),

235 1968 380 2023 hanc
420 1965 597 2036 potius
643 1971 849 2032 partem
881 1956 1105 2027 elegisse
1136 1952 1493 2023 cognoscitur,
1541 1956 1598 2001 ut
1650 1945 1818 2014 magis

234 2058 436 2113 divisio
459 2068 580 2111 esse
604 2052 870 2119 videatur,
896 2047 1130 2104 nominis
1159 2044 1324 2115 ipsius
1372 2038 1662 2097 discutiens
1692 2050 1822 2106 qua-

233 2148 470 2203 litatem.

308 2237 649 2310 Sympsalma
676 2234 869 2306 quippe
895 2232 1089 2288 dicitur
1118 2228 1305 2285 Graeco
1332 2223 1588 2281 vocabulo
1628 2233 1823 2277 vocum

232 2330 472 2386 adunata
501 2328 795 2399 c0pulatio;
834 2322 1128 2393 diapsalma
1157 2332 1285 2375 vero
1311 2329 1617 2373 sermonum
1667 2320 1823 2381 rttpta

232 2424 607 2487 continuatio;
636 2419 832 2474 docens
863 2417 1164 2484 ubicunque
1193 2420 1459 2482 repertum
1504 2407 1688 2473 fuerit,
1731 2413 1821 2460 aut

233 2530 613 2589 personarum,
643 2522 732 2567 aut
768 2526 949 2567 rerum
982 2509 1092 2563 ﬁeri
1122 2504 1587 2575 permutationem.
1635 2498 1825 2553 Merito

234 2625 373 2679 ergo
399 2609 505 2662 tale
534 2622 729 2661 nomen
753 2605 863 2659 illic
893 2602 1271 2670 interponitur,
1293 2595 1381 2650 ubi
1407 2593 1489 2648 vel
1509 2604 1715 2655 sensus,
1742 2588 1826 2643 vel

233 2715 492 2771 pet-senm
514 2688 683 2752 dividi
706 2696 1138 2763 comprobantur.
1164 2689 1317 2746 Unde
1337 2696 1391 2743 ct
1418 2699 1515 2739 nos
1537 2682 1828 2737 divisiones

233 2806 482 2864 congrue
510 2791 804 2854 faciemus,
835 2786 1137 2852 ubicunque
1181 2783 1233 2834 in
1278 2778 1500 2849 psalmis
1532 2773 1827 2842 diapsalma

234 2860 483 2958 potuerit
510 2880 771 2945 inveniri;
806 2878 1039 2946 reliquas
1069 2881 1268 2938 autem,
1304 2878 1460 2939 prout
1492 2866 1670 2918 datum
1712 2860 1829 2915 fue-

236 2982 336 3045 rit,
370 2975 760 3047 indagabimus,
790 2971 883 3026 ubi
919 2978 1096 3024 tamen
1143 2964 1434 3021 auctoritas
1474 2958 1631 3028 hujus
1662 2955 1832 3010 nomi-

240 3073 329 3127 nis
362 3067 597 3139 potuerit
627 3062 873 3119 inveniri.

851 3162 1074 3228 CAPUT
1113 3167 1228 3223 Xll.

249 3274 440 3339 Utrum
473 3274 527 3327 in
557 3272 771 3340 quinque
801 3263 1140 3340 voluminihus
1168 3258 1497 3340 Psalmornm
1526 3257 1591 3310 sit
1613 3254 1832 3338 secanda

344 3328 616 3410 cautextio,
649 3328 715 3394 an
745 3349 877 3392 certe
898 3351 1030 3391 unus
1056 3334 1180 3387 liber
1201 3330 1376 3385 debeat
1405 3328 1716 3399 nuncupari.

328 3459 515 3511 Beatus
574 3454 927 3524 Hieronymus
989 3444 1326 3518 prophetiam
1384 3441 1717 3497 Psalmorum
1778 3440 1832 3496 in

248 3548 485 3619 quinque
514 3546 680 3602 libros
704 3543 909 3615 putavit
942 3554 1062 3597 esse
1093 3534 1434 3592 dividendam
1484 3531 1729 3605 (Prtefat.
1779 3532 1833 3584 in

253 3641 393 3713 psat.
415 3641 481 3694 ad
504 3638 818 3709 Sophron.),
850 3636 974 3705 quia
1000 3634 1054 3689 in
1083 3639 1229 3687 textu
1253 3627 1437 3699 operis
1463 3626 1621 3696 hujus
1644 3632 1836 3695 quarto

260 3732 473 3803 legitur,
500 3730 611 3798 ﬁat,
635 3730 756 3795 ﬁat;
787 3728 912 3784 dum
940 3725 1042 3781 hoc
1070 3722 1237 3778 verbo
1280 3719 1667 3783 intercedente,
1700 3730 1836 3770 non-

260 3825 405 3881 nulla
432 3838 493 3880 se
513 3823 757 3879 videatur
785 3818 999 3890 aperire
1026 3814 1239 3871 divisio.
1268 3812 1402 3867 lluic
1446 3810 1593 3865 favet
1616 3820 1834 3863 assensa

261 3918 565 3989 posteritas.
639 3913 812 3970 Credo
866 3912 993 3967 dum
1048 3908 1152 3965 sibi
1204 3905 1505 3962 consultum
1551 3901 1834 3972 judicavit,

263 4009 400 4079 quod
429 4011 483 4065 in
516 4009 707 4063 multas
750 4013 932 4076 partes
961 4001 1337 4060 coarctabatur
1375 3998 1592 4053 ttediosa
1630 3993 1840 4063 longin-

264 4101 457 4168 quitas.
489 4097 723 4153 Hilarius
749 4106 952 4158 autem,
980 4089 1331 4148 Pictaviensis
1370 4087 1674 4155 episcopus,
1700 4082 1839 4138 divi-

265 4206 448 4246 narum
481 4205 657 4245 rerum
684 4187 1022 4243 acutissimus
1051 4191 1104 4237 et
1130 4177 1577 4250 profundissimus
1605 4172 1840 4242 exquisi-

268 4293 365 4351 tor,
397 4282 773 4351 congruentius
800 4280 991 4333 librum
1020 4274 1253 4329 aestimat
1289 4268 1529 4341 (Prolog.
1572 4268 1625 4320 in
1666 4264 1842 4335 Psut.)

265 4375 365 4431 dici
386 4375 583 4430 debere
612 4374 944 4428 Psalmorum
973 4387 984 4421 :
1015 4366 1141 4437 quia
1188 4364 1244 4419 in
1284 4362 1511 4417 Hebraeo
1539 4373 1699 4413 unum
1746 4370 1844 4413 v0-

264 4466 444 4524 lumen
473 4474 587 4531 est;
623 4473 678 4521 et
718 4464 949 4519 maxime
978 4475 1096 4516 cum
1130 4459 1179 4513 in
1213 4455 1433 4511 Actibus
1464 4451 1842 4523 Apostolorum

1922 1890 2069 1957 Chr.,
2120 1906 2234 1959 cap.
2269 1890 2381 1960 50).
2441 1889 2554 1943 lloc
2601 1888 2647 1942 si
2697 1888 2876 1942 animo
2916 1888 3290 1958 recondimus,
3357 1890 3503 1946 nulle

1921 1984 2235 2041 confusione
2288 1983 2587 2048 turbamur,
2624 1986 2747 2053 quia
2785 1998 2936 2039 error
2975 1987 3236 2041 maximus
3269 1989 3508 2045 nascitur

1923 2078 2070 2145 inde,
2104 2077 2316 2146 quando
2345 2078 2782 2133 inconvenienter
2811 2077 3054 2134 redditur
3082 2079 3229 2151 alibi,
3258 2080 3399 2150 quod
3427 2081 3509 2137 di-

1923 2180 2067 2225 ctum
2093 2175 2304 2224 constat
2333 2166 2399 2222 ad
2423 2168 2588 2222 aliud.

1995 2260 2125 2315 Nam
2155 2260 2201 2313 si
2232 2273 2337 2314 uno
2369 2258 2529 2313 modo
2559 2258 2746 2314 fuisset
2777 2260 3004 2325 locutus,
3037 2261 3155 2330 quis
3187 2262 3306 2331 ejus
3333 2261 3506 2331 gemi-

1927 2367 2049 2407 nam
2100 2351 2450 2407 substantiam
2501 2352 2762 2419 potuisset
2809 2367 3119 2419 agnoscere,
3180 2368 3300 2408 cum
3346 2355 3508 2409 etiam

1929 2459 2069 2499 nunc
2097 2444 2149 2498 in
2184 2453 2289 2497 tam
2319 2442 2712 2497 evidentissima
2742 2442 3106 2511 distinctione,
3142 2454 3383 2497 naturain
3428 2444 3509 2498 di-

1928 2535 2164 2589 vinitatis
2194 2543 2249 2588 et
2279 2532 2621 2586 humanitatis
2668 2533 2875 2587 Domini
2907 2534 3100 2589 Christi
3132 2534 3291 2603 aliqui
3333 2535 3510 2587 nitan-

1930 2637 2015 2683 tur
2044 2628 2297 2697 sacrilega
2326 2626 2597 2681 voluntate
2623 2625 2987 2680 confundere?
3012 2625 3169 2680 Multa
3194 2641 3402 2695 quoque
3426 2640 3515 2680 se-

1930 2718 2160 2774 cundum
2189 2719 2417 2772 litteram
2447 2718 2955 2783 commonet,mttlta
2978 2717 3512 2785 Spiritualiterjabct,

1932 2823 2186 2879 personas
2209 2809 2385 2862 subito
2408 2808 2659 2862 decenter
2688 2810 2933 2861 immutat
2963 2824 2977 2865 :
3012 2817 3069 2860 ut
3102 2823 3239 2861 nunc
3263 2808 3511 2863 Ctn-iStus

1935 2900 2094 2963 Deus,
2124 2899 2351 2953 Verbum
2383 2899 2713 2952 incarmtum
2740 2908 2792 2951 et
2819 2898 2979 2950 homo
3011 2898 3198 2961 fctus,
3223 2906 3383 2968 caput
3416 2900 3516 2954 Ec-

1934 2992 2144 3057 clesim;
2211 3006 2349 3045 nunc
2396 2991 2509 3059 ipsa
2556 2990 2836 3065 Ecclesia,
2889 3004 3024 3042 nunc
3075 2990 3232 3042 homo
3283 2990 3460 3058 justus
3496 3033 3513 3058 ,

1936 3098 2077 3139 nunc
2135 3082 2403 3152 paenitens
2468 3080 2612 3150 loqui
2662 3081 2925 3145 videatur,
2986 3089 3041 3134 ut
3092 3082 3269 3134 omnia
3325 3096 3509 3136 neces-

1860 3187 1906 3252 ρ
1936 3177 2073 3232 saria
2120 3185 2297 3245 tangat
2336 3183 2495 3243 atque
2544 3173 2846 3228 concludat.
2900 3174 3106 3243 Ubique
3148 3175 3508 3242 pienissimum

1933 3267 2230 3326 coelcstium
2260 3282 2436 3321 rerum
2467 3273 2707 3320 sanctum
2730 3265 2903 3319 vibrat
2928 3266 3194 3335 eloquium
3212 3278 3269 3331 u;
3297 3277 3345 3321 et
3373 3268 3514 3322 mul-

1935 3362 2101 3432 tiplici
2146 3361 2453 3415 diversitate
2484 3358 2739 3413 virtutum
2780 3366 2998 3427 propter
3042 3358 3257 3413 humani
3296 3361 3510 3429 generis

1936 3454 2262 3527 largiendum
2292 3452 2800 3521 salutem,regnisui
2830 3451 3100 3507 adoranda
3122 3454 3373 3525 mysteria
3398 3456 3516 3525 pius

1937 3550 2261 3617 Redemptor
2287 3547 2539 3601 insinuat.

2010 3640 2134 3696 Haec
2177 3639 2297 3694 ideo
2337 3636 2544 3707 praefati
2589 3652 2795 3706 sumus,
2838 3644 2897 3693 ut
2937 3651 3058 3692 cum
3109 3644 3319 3691 ventum
3362 3636 3523 3693 fuerit

1940 3733 2007 3788 ad
2038 3733 2150 3788 loca
2183 3731 2334 3798 talia,
2370 3729 2665 3799 intrepidus
2692 3730 2860 3785 lector
2882 3729 3066 3784 audire
3092 3730 3262 3797 possit
3292 3730 3431 3799 quod
3458 3744 3518 3784 se

1938 3826 2049 3897 jam
2079 3824 2364 3881 salubriter
2399 3824 2652 3879 didicisse
2685 3822 3017 3892 cognoverit.
3066 3822 3195 3877 Illud
3226 3832 3398 3877 tamen
3429 3838 3525 3877 au-

1942 3919 2189 3974 ctoritate
2238 3914 2454 3970 Patrum
2493 3923 2548 3970 ct
2576 3915 2816 3969 veritatis
2843 3916 3008 3984 ipsius
3052 3913 3389 3968 attestmione
3433 3913 3526 3968 ﬁr-

1943 4010 2182 4063 missima
2225 4006 2541 4061 credulitate
2595 4005 2881 4060 tenendum
2922 4013 3036 4072 est,
3081 4020 3241 4059 unum
3286 4005 3353 4059 de
3398 4003 3520 4057 Tri-

1944 4100 2132 4165 nitate,
2162 4098 2275 4151 sive
2302 4112 2462 4150 unam
2493 4112 2555 4150 ex
2580 4096 2843 4150 Trinitate
2867 4110 3174 4163 personam,
3205 4097 3365 4149 Deum
3390 4095 3524 4149 Ver-

1948 4193 2071 4245 bum
2111 4191 2455 4245 miseratione
2496 4188 2794 4242 mortalium
2825 4203 2890 4241 ex
2920 4188 3081 4240 Maria
3114 4186 3326 4255 Virgine
3358 4187 3530 4239 homi-

1947 4299 2069 4339 nem
2101 4281 2295 4336 l‘actum
2323 4287 2614 4349 spontanea
2641 4279 2856 4345 virtute,
2895 4294 2997 4333 non
3025 4279 3400 4333 ministratoria
3434 4294 3530 4333 ηας

1946 4375 2196 4433 cessitate
2224 4390 2235 4424 :
2266 4371 2388 4442 quia
2413 4386 2511 4426 nec
2536 4378 2736 4423 natura:
2785 4384 2895 4423 suae
2927 4369 3084 4423 ullam
3119 4352 3531 4424 mutabilitatem

1946 4466 2219 4530 sustinuit,
2268 4479 2367 4519 nec
2408 4463 2769 4531 assumptione
2813 4462 2987 4518 carnis
3035 4470 3373 4532 augmentum
3414 4462 3531 4516 Tri-

267 4561 416 4634 (Cap.
446 4577 485 4629 l,
511 4559 605 4629 20)
628 4560 684 4630 6
710 4558 912 4627 legatur
937 4553 1138 4607 dmum
1174 4567 1187 4604 ε
1222 4547 1287 4601 Ῑη
1320 4548 1446 4601 libro
1486 4544 1845 4597 Ρδαίηιοντίητο
1876 4565 1928 4626 D
1954 4560 2133 4614 uitatis
2173 4555 2371 4612 eliecit.
2425 4555 2553 4621 Sed,
2584 4554 2724 4609 sicut
2754 4553 2967 4623 quidam
3005 4554 3079 4607 ait
3113 4572 3125 4607 :
3161 4553 3394 4608 Maculas
3437 4569 3531 4609 no—

269 4652 603 4723 Quapropter
644 4648 836 4705 merito
864 4657 999 4701 unus
1026 4643 1165 4699 liber
1209 4641 1423 4707 dicitur,
1457 4637 1546 4707 qui
1574 4644 1717 4692 tanta
1748 4649 1849 4689 att-

271 4744 516 4799 Ctoritate
544 4742 803 4798 ﬁrmatur.

851 4852 1076 4911 CAPUT
1135 4851 1270 4908 Xlll.

280 4972 721 5042 Quemadmodum
763 4972 820 5025 in
879 4968 1090 5040 psalmis
1144 4966 1207 5020 ait
1254 4965 1317 5019 de
1368 4961 1569 5018 Christo
1630 4945 1853 5015 Domino

893 5039 1234 5092 sentiendum.

893 5049 1234 5095 sentiendum.

347 5154 542 5213 Tribus
580 5154 756 5212 modis
781 5152 972 5224 psalmi
1005 5151 1293 5219 loquuntur
1314 5147 1379 5202 de
1403 5157 1629 5216 persona
1646 5140 1858 5197 Domini

279 5249 404 5306 Jesu
431 5247 633 5304 Christi
660 5262 757 5318 pro
806 5244 1155 5301 instructione
1186 5242 1442 5296 ﬁdelium.
1485 5238 1719 5292 Primum
1762 5248 1857 5303 per

280 5345 332 5399 id
353 5346 494 5416 quod
526 5344 595 5399 ad
646 5343 1031 5398 humanitatem
1060 5339 1176 5409 ejus
1208 5338 1445 5393 noscitur
1475 5336 1765 5406 pertinere,
1801 5339 1859 5387 ut

281 5444 359 5489 est
403 5434 535 5489 illud
585 5434 804 5489 secundi
846 5429 1039 5501 psalmi
1068 5447 1081 5482 :
1114 5429 1397 5483 Astiteruut
1428 5442 1568 5496 reges
1602 5434 1774 5493 terrm,
1808 5432 1858 5477 et

284 5530 539 5599 principes
575 5536 913 5583 convenerunt
956 5527 1009 5581 in
1055 5540 1213 5578 unum
1240 5522 1483 5577 adversus
1511 5520 1786 5575 Dominum
1811 5528 1858 5574 et

285 5621 525 5675 adversus
548 5620 810 5674 Christum
838 5623 949 5690 ejus
979 5616 1150 5689 (Psal.
1182 5633 1244 5685 II,
1280 5616 1367 5684 2);
1407 5624 1461 5670 et
1502 5614 1554 5667 in
1600 5617 1860 5685 v'geSImo

283 5711 490 5781 psalmo
518 5729 533 5765 :
577 5710 901 5766 Deaiderium
939 5710 1123 5764 animae
1150 5708 1258 5779 ejus
1287 5708 1506 5762 tribuisti
1525 5708 1591 5773 ei,
1619 5718 1663 5762 et
1684 5708 1863 5762 volun-

352 5847 488 5916 Mss.
516 5847 833 5921 Aud.,Bec.
860 5853 915 5905 et
942 5844 1105 5916 Fisc.,
1139 5844 1287 5902 librat
1313 5845 1586 5917 eloquium.

1959 4668 2099 4713 stras
2118 4654 2244 4708 lavit
2266 4653 2319 4708 in
2340 4654 2616 4723 sanguine,
2646 4667 2802 4723 rugas
2825 4653 2985 4708 etiam
3016 4652 3239 4708 tetendit
3270 4652 3321 4705 in
3348 4666 3531 4707 cruce.

1954 4746 2069 4801 Iloc
2096 4759 2214 4800 cum
2245 4744 2314 4799 sit
2342 4746 2455 4813 spei
2486 4752 2684 4798 nostrae
2733 4744 3000 4814 singulare
3035 4743 3363 4812 praesidium,
3412 4743 3509 4798 bea

1956 4841 2126 4895 titudo
2181 4838 2533 4906 credentium,
2585 4836 2808 4892 felicitas
2867 4851 3056 4905 magna
3102 4836 3389 4905 iustorum,
3424 4852 3529 4891 non

1956 4933 2211 4989 desinunt
2237 4930 2477 4987 haeretici
2512 4930 2669 5001 impia
2718 4931 2990 4984 voluntate
3037 4930 3346 4997 corrodere,
3388 4929 3532 5000 quod

1959 5026 2191 5081 humano
2204 5024 2387 5095 generi
2410 5023 2597 5079 salutis
2619 5023 3181 5089 causamcognoscitur
3202 5023 3533 5091 praestitisse.

2541 5133 2766 5189 CAPUT
2804 5124 2941 5188 Χιν.

2039 5227 2474 5295 Quemadmodum
2502 5224 2566 5277 sit
2597 5223 2844 5293 expositio
2881 5225 3077 5296 digesta
3116 5226 3447 5293 psalmorum.

2036 5342 2216 5397 Primo
2242 5339 2395 5395 nobis
2423 5339 2490 5393 de
2514 5338 2782 5393 titulorum
2813 5340 3177 5409 inscriptione,
3216 5342 3518 5412 Dmniuoju

1968 5442 2145 5500 vante,
2174 5431 2456 5487 dicendum
2487 5439 2590 5498 est,
2619 5430 2761 5485 unde
2792 5430 2934 5484 velut
2984 5432 3235 5489 uberibus
3274 5433 3542 5500 eIthreSsis

1970 5524 2170 5579 lacteus
2191 5537 2377 5577 sensus
2390 5520 2583 5576 divinae
2604 5520 2998 5590 praedicationis
3022 5531 3250 5579 emanet.
3270 5523 3543 5588 Secundo,

1969 5618 2332 5687 unusquisque
2363 5614 2596 5685 psalmus
2637 5630 2733 5684 pro
2779 5627 2874 5667 sua
2926 5615 3176 5682 qualitate
3227 5616 3546 5671 dividendus

1972 5719 2053 5766 est
2078 5751 2092 5776 ,
2126 5724 2191 5766 ne
2222 5709 2374 5766 nobis
2405 5710 2731 5766 intellectum
2751 5706 3067 5779 permisceat
3091 5719 3181 5765 aut
3203 5712 3407 5766 occulta
3430 5724 3549 5766 mu-
