4016 6344
501 275 570 331 l9
1723 273 1794 332 Μ.
1833 273 2075 333 AUREL]

2183 273 2384 334 lASSlO
2392 274 2547 332 DOBI
2837 309 2840 314 -
3681 275 3753 331 20

497 387 632 444 tatio
653 395 966 456 rerum,aut
995 387 1226 445 varietas
1246 388 1545 445 introducta
1568 387 2068 460 loquentium.’l’er-
2093 389 2309 461 Aapud
2357 390 2611 446 Hebraeos
2652 396 2745 444 aut
2791 389 3065 462 rhythmo,
3119 397 3214 446 aut
3266 391 3488 448 metrica
3541 401 3754 450 constat

499 480 594 546 tio,
627 495 880 536 arcanum
929 481 1138 551 psalmi,
1170 481 1362 552 partim
1401 481 1692 538 secundum
1741 483 2070 552 spiritualern

498 571 924 645 intelligentiam,
961 575 1148 644 partim
1198 575 1490 654 secundum
1535 575 1841 632 historicam
1887 577 2074 634 lectio;

499 681 643 732 nem,
662 668 850 734 partim
873 667 1163 722 secundum
1184 671 1463 739 mysticum
1487 682 1729 736 sensum,
1747 684 1926 726 rerum
1948 674 2076 726 sub-

501 758 723 814 tilitates
749 760 1042 816 discutiens
1079 761 1536 831 progirietatesque
1563 762 1868 825 verborum.
1919 774 2075 834 prout

502 863 822 906 concessum
851 852 1028 919 fuerit,
1049 853 1281 908 conabor
1307 855 1537 922 aperire.
1568 855 1787 922 Quarto,
1813 867 1970 927 prout
1997 857 2076 913 lo-

501 956 600 1000 cus
649 944 914 1014 exegerit,
973 945 1223 1000 virtutem
1275 946 1391 1016 ejus
1444 947 1676 1004 breviter
1709 949 2077 1006 demonstrare

501 1036 842 1103 contendam,
876 1045 1135 1106 quatenus
1161 1037 1386 1093 intentio
1413 1039 1600 1109 digesti
1625 1041 1876 1096 carminis
1897 1039 2076 1096 divino

502 1141 723 1182 munere
752 1128 915 1183 oculis
950 1116 1293 1184 interioribus
1323 1131 1608 1186 elucescat.
1648 1132 1905 1189 Virtutem
1935 1133 2079 1202 psal-

501 1219 572 1272 mi
602 1217 721 1274 dico
766 1219 1160 1288 inspiratiOnem
1209 1223 1460 1288 divinam,
1509 1241 1612 1295 qua
1655 1226 1807 1281 nobis
1855 1227 2078 1283 intentio

501 1322 731 1377 superna
761 1321 1054 1376 reseratur,
1079 1322 1127 1366 et
1163 1329 1410 1370 sermone
1463 1317 1712 1371 Davidico
1743 1334 1768 1371 a
1799 1319 1938 1373 vitiis
1981 1335 2079 1375 nos

505 1417 762 1469 removet,
795 1417 848 1460 et
871 1416 1016 1463 recte
1046 1409 1198 1463 nobis
1220 1410 1398 1466 vivere
1421 1412 1724 1480 persuadet.
1755 1413 1988 1480 Quinto,‘
2013 1415 2080 1471 de

502 1496 688 1553 ordine
719 1501 921 1554 numeri
953 1501 1302 1570 psalmorum,
1326 1519 1444 1559 cum
1473 1520 1560 1560 res
1590 1507 1844 1576 exegerit,
1877 1523 2080 1564 memo-

505 1590 765 1658 rabitnus,
797 1595 884 1654 qui
933 1597 1505 1653 reverendissimarum
1536 1615 1714 1655 rerum
1765 1603 1964 1658 honore
1992 1618 2079 1658 sa-

500 1691 680 1736 cratus
705 1695 804 1739 est.
841 1685 948 1739 Hoc
973 1687 1114 1741 enim
1150 1704 1244 1758 per
1283 1689 1520 1759 singulos
1562 1706 1802 1762 quosque
1843 1693 2078 1763 psalmos

2171 482 2288 554 lege
2316 483 2628 553 composita,
2657 498 2796 553 qua},
2829 492 2885 537 ut
2913 484 3010 554 ipsi
3051 484 3258 550 dicunt,
3298 483 3538 566 fastgciis
3581 487 3755 541 conti-

2173 583 2352 630 netur.
2385 574 2688 629 Fastucium
2728 575 2871 629 enim
2903 585 2984 630 est
3026 589 3118 644 per
3161 583 3426 631 commata
3458 579 3754 646 procedens

2173 664 2240 718 ad
2281 665 2696 735 depromendum
2735 681 2970 733 sensum,
3009 669 3221 723 naviter
3248 667 3512 736 explicata
3555 683 3754 724 concc-

2177 757 2306 827 ptio.
2339 756 2503 827 Cujus
2542 759 2586 812 si
2617 759 2863 813 virtutem
2889 757 3072 813 'lector
3099 759 3330 828 diligens
3373 761 3750 830 perscrutatis,

2177 850 2298 904 audi
2345 851 2658 919 Apostolam
2705 850 2771 905 ad
2822 851 3074 907 llebrteos
3123 852 3433 908 dicentem:
3486 852 3640 908 Vivus
3685 862 3758 908 est

2176 943 2311 996 enim
2341 942 2433 995 Dei
2460 959 2622 997 sermo
2643 951 2690 997 et
2710 944 2903 1013 eﬂicax,
2948 954 2994 998 et
3033 945 3202 998 acrior
3241 947 3379 1000 omni
3415 944 3590 1018 gladio
3615 946 3758 1001 anci-

2177 1034 2300 1104 piti,
2332 1042 2377 1085 et
2407 1035 2690 1104 pertingens
2716 1053 2871 1102 usque
2897 1036 2965 1089 ad
2995 1037 3290 1091 divisionem
3327 1039 3512 1094 anima:
3547 1055 3609 1092 ac
3645 1041 3756 1109 spi-

2178 1128 2326 1198 ritus,
2370 1147 2674 1201 compagum
2712 1147 2910 1200 quoque
2957 1142 3001 1186 et
3039 1130 3405 1198 medullarum,
3436 1141 3485 1187 et
3511 1132 3760 1188 discreto!

2180 1221 2540 1292 cogitationum
2570 1235 2616 1277 et
2649 1225 2984 1279 intentionum
3011 1223 3180 1278 cordis
3207 1223 3396 1297 (Hebr.
3421 1241 3496 1290 tv,
3523 1225 3632 1296 12).

2251 1311 2542 1383 Scripturtc
2573 1326 2748 1370 autem
2799 1316 2993 1371 divina:
3029 1327 3208 1370 sancta
3255 1316 3584 1387 profunditas
3623 1317 3760 1374 adeo

2180 1418 2492 1460 communes
2524 1420 2798 1462 sermones
2832 1408 3007 1476 habet,
3052 1417 3111 1464 ut
3147 1423 3261 1463 eam
3295 1407 3528 1462 universi
3572 1407 3761 1462 incuu-

2182 1505 2390 1552 ctanter
2418 1497 2716 1553 admittant.
2748 1498 2951 1554 Sensus
3003 1509 3182 1556 autem
3231 1499 3472 1554 recondit
3521 1499 3762 1554 veritatis

2181 1603 2397 1655 arcano,
2429 1597 2485 1644 ut
2513 1589 2566 1645 in
2599 1591 2714 1659 ipsa
2753 1592 3144 1647 studiosissime
3177 1590 3350 1646 vitalis
3379 1590 3644 1646 sententia
3667 1591 3762 1648 de-

2182 1682 2304 1737 beat
2331 1683 2585 1752 indagari.
2623 1683 2756 1739 Nam
2788 1699 2906 1740 eam
2956 1699 3142 1740 revera
3189 1697 3310 1739 esse
3349 1682 3579 1737 divinam
3635 1682 3764 1740 hinc

501 1771 683 1828 facere
728 1775 882 1830 nobis
925 1776 1142 1833 difficile
1186 1780 1350 1834 fuisse
1386 1780 1716 1850 proﬁtemur,
1746 1785 1884 1854 quod
1927 1785 2076 1841 inde.
2103 1767 2152 1829 B
2179 1775 2408 1830 maxime
2451 1775 2607 1830 datur
2649 1775 2906 1845 intelligi,
2953 1775 3094 1847 quod
3142 1775 3337 1831 indocti
3377 1773 3761 1842 subtilissima,

503 1867 844 1922 terminatum
876 1879 1033 1938 atque
1071 1887 1385 1941 suspensum
1419 1875 1633 1930 Patrum
1670 1878 1828 1932 etiam
1868 1879 2077 1948 reliquit

501 1960 807 2014 aucroritas.
842 1961 1095 2033 Reliquos
1125 1977 1302 2019 autem
1327 1965 1426 2019 sibi
1451 1968 1683 2022 calettlos
1709 1969 1934 2038 diligens
1956 1985 2078 2038 per—

502 2061 769 2106 scrutator
795 2054 1056 2122 exquirat,
1109 2057 1356 2125 quoniam
1388 2060 1554 2112 multa
1583 2074 1802 2114 accessu
1825 2063 2078 2130 temporis

501 2138 554 2192 in
587 2138 874 2209 Scripturis
904 2143 1100 2197 divinis
1144 2146 1275 2199 fiunt
1307 2148 1475 2216 clara,
1510 2165 1630 2219 qua:
1661 2166 1802 2205 nunc
1833 2153 2078 2208 videntur

502 2229 833 2285 abscondita.
875 2233 930 2286 In
973 2235 1404 2292 conc‘usionibus
1429 2255 1558 2293 vero
1593 2249 1682 2295 aut
1711 2257 1971 2295 summam
1998 2252 2078 2298 to-

503 2320 608 2376 tius
638 2323 828 2392 psalmi
859 2325 958 2380 sub
995 2327 1252 2383 brevitate
1282 2331 1709 2399 complectimur,
1759 2343 1850 2388 aut
1891 2345 2078 2391 contra

501 2414 734 2471 haereses
762 2418 966 2488 aliquid
1001 2420 1226 2476 dicimus
1266 2423 1637 2481 destruendus.
1675 2428 1788 2496 Ipsa
1825 2436 1908 2484 est
1933 2430 2074 2484 enim

500 2503 710 2560 Domini
740 2508 949 2565 sincera
973 2510 1204 2580 dilectio,
1230 2514 1569 2570 adversarios
1591 2517 1706 2588 ejus
1733 2519 1856 2575 odio
1880 2521 2076 2579 habere

497 2597 756 2666 perfecto.
1829 2601 1831 2606 ’

1095 2692 1319 2752 CAPUT
1359 2697 1473 2755 XV.

814 2785 893 2841 De
919 2786 1203 2858 eloquentia
1227 2793 1378 2844 totius
1399 2793 1522 2862 legis
1554 2793 1752 2849 divinae.

570 2895 888 2967 Eloquentia
927 2901 1059 2972 legis
1089 2901 1283 2958 divinae
1315 2903 1560 2960 humanis
1591 2921 1697 2960 non
1737 2914 1818 2962 est
1849 2907 2074 2964 formata

500 2991 862 3055 sermonibus,
901 3006 1074 3060 neque
1102 2993 1342 3047 confusis
1381 2995 1582 3048 incerta
1624 2995 1792 3050 fertur
1835 2997 2074 3066 ambagi-

503 3079 621 3144 bus,
677 3090 854 3134 utaut
899 3096 927 3134 a
973 3083 1130 3137 rebus
1168 3085 1457 3152 praeteritis
1502 3085 1771 3140 oblivione
1807 3087 2066 3154 discedat,

500 3182 592 3226 aut
620 3174 960 3242 prmsentfum
1004 3176 1320 3232 confusione
1359 3178 1626 3248 turbetur,
1658 3187 1749 3232 aut
1778 3179 2076 3235 futurorum

497 3262 670 3319 dubiis
695 3266 905 3320 casibus
933 3267 1214 3332 cludatur;
1245 3267 1338 3323 sed
1367 3269 1541 3335 cordi,
1573 3285 1677 3323 non
1711 3270 2076 3339 corporalibus

499 3354 717 3410 auribus
741 3355 987 3427 loquens,
1019 3374 1209 3430 magna
1235 3359 1484 3428 veritate,
1508 3376 1698 3432 magna
1725 3363 2075 3432 praescicntia:

499 3446 750 3503 ﬁrmitate
807 3460 996 3503 cuncta
1042 3449 1377 3520 di,udicans,
1433 3453 1664 3507 auctoris
1711 3452 1792 3507 sui
1852 3454 2076 3508 veritate

495 3541 760 3618 consistit.
807 3541 898 3598 Sic
941 3543 1081 3598 enim
1111 3545 1164 3598 in
1202 3545 1492 3616 Evangelio
1528 3547 1596 3601 de
1638 3547 1844 3602 Domini
1875 3545 2076 3602 Christi

498 3624 877 3703 praedicatione
905 3636 1102 3691 dictum
1135 3646 1254 3694 est:
1290 3638 1611 3709 Loquebatur
1635 3651 1802 3695 autem
1823 3642 1954 3696 sicut
1985 3659 2076 3712 po-

499 3731 728 3782 testatem
755 3727 967 3794 habens,
1008 3746 1108 3783 non
1147 3731 1278 3784 sicut
1316 3733 1495 3786 scriba:
1535 3748 1710 3786 eorum
1736 3743 1780 3786 et
1820 3730 2078 3788 Pltariswi

501 3817 718 3889 (Matth.
749 3835 838 3886 vn,
875 3822 1007 3889 l9):
1044 3823 1136 3877 Ille
1175 3823 1319 3879 enim
1363 3825 1660 3881 indubitata
1703 3825 1959 3897 loquitur,
1988 3825 2076 3881 cui

477 3897 677 3969 'omnia
704 3917 990 3986 praesentia
1016 3926 1160 3985 sunt,
1187 3927 1241 3974 et
1266 3933 1448 3974 rerum
1478 3919 1656 3976 exitus
1682 3919 1936 3990 probatur
1955 3932 2076 3975 esse

497 4007 788 4076 subjectus.

568 4097 890 4169 Eloquentia
917 4101 1179 4172 siquidem
1208 4113 1289 4158 est
1317 4101 1383 4158 ad
1418 4118 1852 4175 unamquamque
1877 4105 1928 4176 7
1961 4118 2075 4160 rem

499 4203 812 4263 competens
833 4206 886 4249 et
913 4197 1104 4252 decora
1137 4197 1354 4251 locutio.
1391 4198 1518 4253 llaec
1557 4199 1717 4270 igitur
1747 4209 1915 4266 casta,
1949 4200 2073 4268 fixa,

500 4291 665 4339 Verax
710 4294 765 4339 et
803 4294 1000 4340 mterna
1042 4287 1372 4355 prmdicatio,
1419 4290 1577 4343 nimis
1623 4290 1912 4357 purissimo
1944 4292 2077 4346 nitet

499 4371 735 4444 cloquio,
780 4374 932 4445 cujus
986 4377 1184 4430 utilitas
1213 4377 1379 4442 lucet,
1425 4381 1819 4449 magnificentia
1867 4381 2076 4438 virtutis

501 4473 743 4534 apparet,
760 4467 1000 4534 operatio
1019 4469 1206 4522 salutis
1227 4469 1454 4534 arridet;
1477 4471 1613 4526 sicut
1633 4482 1686 4526 et
1707 4470 1760 4526 in
1780 4474 2076 4528 centesimo

504 4555 692 4614 octavo
715 4559 923 4614 decimo
962 4561 1167 4630 psalmo
1204 4561 1440 4617 dicturus
1463 4573 1546 4617 est
1579 4581 1593 4616 :
1647 4564 1779 4631 Quia
1820 4566 2074 4636 eloquium

500 4657 642 4704 tuum
672 4650 942 4720 vitviﬁcabit
991 4668 1068 4705 me
1113 4649 1281 4722 (Psal.
1315 4653 1532 4723 cxvnt).
1566 4654 1630 4709 Et
1673 4655 1867 4712 iterum
1911 4673 1925 4711 :
1969 4655 2074 4712 Lu-

498 4757 650 4796 cerna
685 4743 894 4812 pedibus
923 4747 1044 4797 meis
1074 4744 1281 4798 verbum
1325 4754 1490 4814 tuum,
1534 4747 1768 4812 Domine,
1811 4757 1859 4802 et
1903 4749 2072 4803 lumen

501 4831 692 4887 semitis
709 4835 850 4888 meis.
870 4833 1076 4891 Revera
1098 4835 1297 4906 lumen,
1323 4836 1444 4906 quia
1467 4852 1678 4908 semper
1701 4841 1878 4894 vitalia
1899 4840 2071 4910 jubet,

500 4926 658 4980 noxia
691 4926 955 4997 prohibet,
982 4937 1191 4984 terrena
1213 4939 1470 4996 removet,
1499 4931 1734 4986 cmlestia
1763 4935 2067 5002 persuadet.

503 5017 636 5072 [line
682 5027 735 5073 et
764 5018 962 5075 Doctor
1005 5025 1244 5091 gentium
1295 5025 1348 5080 in
1384 5025 1623 5095 Epistola
1665 5027 1731 5080 ad
1773 5027 2076 5084 Corinthios

501 5109 686 5164 scribit
715 5127 729 5164 :
762 5110 882 5165 Non
903 5114 1036 5167 enim
1062 5115 1114 5168 in
1143 5133 1370 5172 sermone
1406 5126 1479 5172 est
1518 5134 1726 5188 regnum
1755 5117 1872 5185 Dei,
1903 5122 1992 5174 sed
2021 5123 2074 5177 in

499 5206 688 5260 uirtute
716 5205 769 5278 (1
794 5205 913 5263 Cor.
936 5209 1276 5279 tv,‘20).ltem
1307 5215 1371 5265 ad
1399 5212 1738 5267 Timotheum
1769 5212 1821 5266 in
1841 5215 2071 5271 secunda

501 5299 745 5354 meminit
786 5301 1010 5358 dicens:
1049 5304 1227 5358 Omnis
1266 5308 1516 5376 scriptura
1557 5306 1796 5360 divinitus
1825 5308 2073 5378 inspirata

496 5392 640 5446 utilis
662 5402 733 5446 est
750 5395 817 5446 ad
841 5395 1148 5460 docendum,
1171 5397 1240 5449 ad
1263 5398 1605 5466 urguendum,
1625 5401 1694 5451 ad
1714 5399 2067 5464 erudiendum,

497 5483 568 5538 ad
597 5486 954 5556 corrigendum
975 5487 1028 5541 in
1053 5487 1324 5558 disciplina
1344 5503 1457 5558 qua:
1483 5497 1559 5542 est
1591 5489 1824 5558 justiliw,
1861 5497 1916 5541 ut
1956 5505 2072 5560 per-

487 5575 655 5646 fectus
676 5577 742 5630 sit
771 5577 922 5633 homo
947 5578 1040 5632 Dei
1080 5579 1149 5633 ad
1197 5595 1344 5633 omne
1395 5595 1523 5649 Opus
1566 5579 1754 5633 bonum
1797 5581 2072 5635 instructus

493 5666 578 5743 (Il
613 5668 748 5724 Tim.
784 5686 864 5738 ιιι,
895 5673 1008 5741 ιδ).

572 5765 716 5834 llaec,
759 5766 895 5824 sicut
919 5765 1092 5824 Patris
1132 5765 1440 5840 Hieronymi
1483 5772 1706 5826 testatur
1745 5765 2069 5838 auctoritas,

2104 3142 2151 3209 C

2189 1868 2505 1936 temporales
2535 1876 2735 1923 aeterna
2760 1867 2972 1924 nonnisi
2999 1867 3186 1923 divino
3210 1866 3400 1938 repleti
3429 1865 3634 1938 Spiritu
3667 1882 3763 1938 po-

2187 1961 2349 2012 tuisse
2372 1958 2583 2016 tradere
2617 1961 2942 2016 sentiuntur.

2257 2059 2530 2114 Postremo
2559 2071 2685 2130 quot
2716 2061 2964 2116 miracula
2999 2060 3199 2131 jugiter
3229 2059 3366 2114 facta
3401 2068 3546 2124 sunt,
3590 2058 3764 2116 donec

2184 2150 2452 2218 Scriptura
2483 2151 2592 2221 ipsa
2623 2153 2801 2206 mundi
2829 2153 3086 2206 ambitum
3125 2151 3396 2221 divulgata
3430 2151 3762 2220 compleret?

2184 2242 2318 2296 sicut
2347 2243 2600 2311 scriptum
2633 2252 2714 2297 est
2740 2260 2752 2295 :
2785 2242 2851 2296 In
2875 2259 3071 2297 onmem
3103 2253 3290 2298 terram
3311 2243 3462 2296 exivit
3492 2242 3647 2296 scitus
3677 2259 3764 2296 eo-

2183 2350 2318 2397 rum,
2351 2344 2395 2386 ct
2413 2334 2462 2386 in
2481 2334 2606 2402 ﬁnes
2632 2336 2766 2388 orbis
2793 2343 2940 2388 terra:
2966 2333 3111 2387 verba
3127 2350 3301 2388 eorum
3323 2333 3491 2404 (Psol.
3512 2348 3661 2403 xvrtt,
3680 2333 3760 2402 5).

2185 2426 2334 2483 Unde
2365 2425 2428 2479 ad
2463 2426 2825 2494 probationem
2871 2427 3100 2496 pertinet
3141 2425 3449 2488 maximam,
3503 2425 3624 2494 quia
3673 2425 3760 2480 les

2182 2519 2360 2574 divina
2393 2533 2484 2585 per
2513 2527 2736 2573 cunctas
2767 2518 2950 2574 mundi
2990 2526 3169 2586 partes
3214 2518 3552 2587 cognoscitur
3597 2515 3762 2572 fuisse

2181 2616 2448 2679 Suscepto.
2486 2611 2606 2663 ΙΙωο
2639 2610 2818 2664 multis
2863 2609 3038 2665 modis
3082 2624 3275 2678 genera
3320 2624 3430 2663 sum
3473 2605 3760 2662 locutionis

2182 2712 2444 2766 exercet,
2485 2700 2882 2756 definitionibus
2919 2703 3224 2768 succincta,
3274 2701 3635 2756 schematibus
3668 2697 3763 2755 de-

2182 2808 2325 2860 cora,
2358 2794 2644 2848 verborum
2688 2793 3014 2862 proprietate
3043 2793 3249 2862 signata
3271 2831 3284 2856 ,
3326 2791 3762 2860 syllogismorum

2181 2884 2638 2952 complexionibus
2664 2884 2934 2950 expedita,
2975 2879 3269 2948 disciplinis
3301 2879 3574 2933 irrutilaus
3605 2895 3618 2933 :
3651 2893 3760 2934 non

2185 2985 2358 3029 tamen
2390 2977 2456 3027 ab
2485 2977 2563 3028 eis
2591 2973 2862 3039 accipiens
2885 2981 3203 3024 extraneum
3239 2970 3506 3034 decorem,
3538 2967 3632 3024 sed
3657 2981 3760 3039 po-

2182 3066 2288 3120 tius
2317 3065 2420 3119 illis
2448 3065 2715 3134 pr0priam
2745 3059 3030 3116 conferens
3064 3060 3398 3130 dignitatem.

2254 3165 2376 3219 llaec
2397 3163 2539 3217 enim
2569 3160 2780 3232 quando
2811 3160 2862 3215 in
2899 3159 3096 3214 divinis
3131 3159 3422 3228 Scripturis
3453 3157 3756 3228 splendent,

2179 3265 2324 3312 certa
2353 3266 2512 3324 atque
2547 3254 2831 3324 purissima
2863 3259 3016 3317 sunt;
3049 3266 3166 3305 cum
3206 3265 3334 3306 vero
3368 3251 3432 3302 ad
3477 3249 3758 3320 Opiniones

2181 3350 2458 3406 hominum
2490 3358 2548 3404 et
2573 3349 2896 3419 qumstiones
2925 3346 3262 3401 inanissimas
3295 3346 3544 3412 veniunt,
3585 3345 3756 3400 ambi-

2178 3443 2294 3512 guis
2324 3440 2726 3496 altercationum
2767 3438 3016 3493 fluctibus
3043 3437 3342 3506 agitantur;
3376 3443 3433 3490 ut
3477 3434 3619 3505 quod
3670 3435 3758 3490 hic

2179 3543 2259 3589 est
2289 3533 2594 3587 ﬁrmissime
2623 3545 2835 3600 semper
2859 3544 3063 3592 verum,
3096 3529 3401 3598 frequenter
3421 3526 3543 3580 alibi
3567 3524 3757 3580 redda-

2179 3637 2264 3682 tur
2293 3627 2575 3681 incertum.
2611 3625 2700 3680 Sic
2725 3633 2778 3677 et
2807 3623 2984 3692 lingua
3014 3629 3199 3676 nostra
3242 3620 3366 3674 dum
3409 3615 3754 3688 psalmodiam

2178 3723 2338 3787 cauit,
2390 3720 2666 3775 nobilitate
2695 3719 2937 3774 veritatis
2976 3724 3233 3781 ornatur;
3281 3729 3399 3770 cum
3436 3713 3503 3768 ad
3548 3710 3758 3768 fabulas

2177 3813 2385 3882 ineptas
2415 3820 2470 3866 et
2499 3809 2808 3881 blasphema
2853 3823 2912 3863 se
2951 3807 3114 3863 verba
3153 3805 3503 3870 converterit,
3555 3804 3621 3857 ab
3663 3802 3758 3858 ho-

2175 3921 2307 3963 nore
2351 3905 2627 3976 probitatis
2669 3901 3002 3966 excluditur;
3049 3903 3190 3957 sicut
3228 3899 3502 3970 apostolus
3530 3893 3760 3954 Jacobus

2177 3999 2305 4056 dicit
2338 4018 2350 4053 :
2385 4000 2466 4054 Ea:
2506 3999 2616 4069 ipso
2658 4013 2745 4052 ore
2791 3995 3128 4050 benedicimus
3178 3993 3335 4048 Deum
3364 4005 3410 4048 et
3441 3993 3667 4058 Patrem,
3709 3999 3760 4045 et

2177 4106 2241 4149 ea:
2266 4091 2378 4158 ipso
2422 4105 2510 4144 ore
2553 4087 2902 4142 maledicimus
2949 4087 3222 4154 hominem,
3252 4086 3340 4156 qui
3387 4086 3455 4138 ad
3483 4084 3760 4155 imaginem

2176 4193 2226 4238 et
2253 4182 2638 4238 similitudinem
2662 4179 2758 4235 Dei
2779 4180 2945 4251 factus
2971 4189 3046 4234 est
3076 4176 3218 4251 (Jac.
3249 4192 3336 4244 ιιι,
3370 4176 3446 4247 9).

2250 4277 2374 4330 llmc
2397 4275 2788 4330 mundanarum
2810 4274 3001 4327 artium
3028 4272 3206 4342 periti,
3231 4285 3363 4341 quos
3387 4277 3564 4323 tamen
3592 4267 3760 4324 multo

2179 4369 2443 4438 posterius
2469 4367 2537 4421 ab
2591 4365 2812 4422 exordio
2837 4364 3140 4420 divinorum
3188 4363 3444 4418 librorum
3487 4362 3760 4416 exstitisse

2181 4458 2522 4513 manifestum
2553 4465 2656 4522 est,
2680 4457 2747 4512 ad
2781 4455 3130 4512 collectiones
3155 4461 3610 4525 argumentorum,
3640 4466 3759 4521 quae

2101 4521 2158 4585 Β
2181 4551 2352 4607 Graeci
2384 4551 2561 4621 t0pica
2587 4521 2794 4616 dicunt,
2824 4558 2878 4605 et
2903 4549 2970 4606 ad
3000 4557 3168 4604 artem
3199 4521 3532 4602 dialecticam
3561 4554 3615 4600 et
3635 4544 3760 4599 rhe-

2179 4645 2398 4700 toricam
2421 4644 2842 4709 transtulerunt;
2873 4653 2932 4698 ut
2954 4642 3160 4698 cunctis
3181 4641 3458 4696 evidenter
3479 4645 3754 4707 appareat,

2177 4737 2325 4808 prius
2355 4737 2420 4791 ad
2450 4736 2850 4807 exprimendam
2881 4735 3158 4790 veritatem
3179 4731 3343 4802 justis
3373 4729 3644 4785 mentibus
3672 4728 3760 4782 da-

2179 4840 2312 4896 tum,
2344 4831 2483 4900 quod
2512 4841 2694 4900 postea
2721 4829 2948 4900 gentiles
2976 4828 3223 4882 humane
3251 4824 3532 4894 sapientiae
3561 4830 3754 4892 aptan-

2176 4925 2304 4981 dum
2331 4939 2450 4980 esse
2476 4933 2819 4993 putaverunt.
2850 4921 2976 4976 Haec
3005 4921 3059 4976 in
3090 4918 3411 4976 lectionibus
3445 4915 3612 4972 sacris
3640 4923 3760 4969 tan-

2181 5037 2340 5093 quam
2384 5021 2677 5076 clarissima
2727 5019 2900 5074 sidera
2947 5015 3218 5080 relucent,
3271 5023 3326 5070 et
3377 5009 3760 5082 signiﬁcantius

2180 5131 2358 5172 rerum
2387 5114 2684 5169 utilissimis
2730 5109 3063 5181 compendiis
3116 5109 3376 5164 decenter
3425 5104 3754 5160 illuminant.

2178 5209 2309 5278 Qua:
2366 5223 2463 5264 nos
2510 5206 2742 5264 breviter
2797 5206 2928 5264 locis
2975 5202 3267 5274 aptissimis
3316 5197 3757 5262 admonehimus,

2178 5301 2428 5372 quoniam
2481 5313 2569 5354 res
2631 5300 2762 5367 ipsa:
2813 5296 3246 5353 commodissime
3299 5291 3634 5348 deducentur
3689 5286 3756 5342 ad

2179 5396 2433 5461 medium,
2481 5409 2578 5466 per
2616 5409 2748 5467 quas
2789 5393 3036 5466 concepti
3089 5404 3281 5447 sensus
3327 5387 3526 5444 clarius
3578 5388 3756 5443 eluce-

2174 5487 2326 5544 bunt.

2245 5582 2376 5636 Nam
2408 5588 2462 5637 et
2489 5581 2647 5638 Pater
2700 5579 3028 5649 Augustinus
3080 5577 3135 5632 in
3165 5577 3305 5632 libro
3333 5575 3493 5631 tertio
3539 5574 3605 5628 de
3651 5573 3756 5628 Do.

2172 5673 2344 5729 ctrina
2373 5674 2674 5731 Christiana
2705 5673 2856 5745 (Cap.
2885 5671 2980 5744 29)
3011 5671 3081 5727 ita
3124 5673 3394 5743 professus
3421 5677 3546 5724 est:
3572 5666 3754 5722 Sciant

2173 5774 2349 5823 autem
2398 5767 2616 5824 litterati
2648 5764 2838 5840 modis
2895 5763 3135 5824 omnium
3192 5761 3521 5821 locutionum
3544 5799 3562 5832 ,
3614 5771 3752 5832 quos
