4064 6360
270 238 337 290 ΞΙ
1436 233 1501 289 ΙΝ
1532 232 1652 289 PSA
1662 231 1965 290 LTERIUM
2005 230 2388 290 PR/EFATIO.
3468 226 3536 280 29

269 352 611 426 grammatici
656 352 843 409 Graaco
889 365 1103 407 nonune
1132 358 1314 420 tropos
1354 357 1565 415 vocant,
1608 357 1851 403 auctores
1880 352 1933 411 Α
1957 357 2213 419 quantum
2243 347 2457 404 assidue
2487 352 2695 402 constat
2732 343 2957 413 hauriri,
3001 352 3204 423 tantum
3236 342 3406 399 nescit
3435 357 3538 397 ex-

271 454 494 501 nostros
567 458 691 498 usos
759 442 942 498 fuisse.
1007 443 1073 497 Et
1132 440 1473 514 paulo'post
1538 440 1780 508 sequitur
1836 454 1851 493 :

271 538 425 607 Quos
450 546 631 592 tamen
661 545 860 606 tropos,
910 535 964 591 id
1002 542 1085 589 est
1128 534 1316 588 modos
1360 532 1711 592 locutionum.
1766 528 1857 599 qui

273 638 546 689 nOvcrunt
595 637 883 700 agnoscunt
937 628 991 682 in
1038 627 1227 683 litteris
1280 624 1500 691 sanctis,
1559 636 1853 692 eorumque

274 725 502 780 scientia
538 724 605 777 ad
638 738 726 777 eas
768 721 1136 791 intelligendas
1166 718 1549 789 aliquantulum
1596 714 1855 785 adjuvan-

277 828 386 871 tur.
418 814 582 885 Cujus
612 815 688 869 rci
715 823 769 870 et
808 816 860 869 in
892 814 1010 868 aliis
1035 811 1309 868 codicibus
1347 809 1460 865 suis
1488 808 1618 864 fecit
1643 805 1862 861 eviden-

276 910 542 963 tissimam
571 907 917 963 mentionem.
955 905 1012 959 1n
1038 905 1189 959 libris
1216 903 1411 973 quippe
1450 915 1583 970 quos
1620 899 1860 967 appella-

274 1003 358 1056 vit
385 1002 453 1057 de
500 1001 670 1057 Medis
699 1000 1049 1055 Locutionum
1078 998 1288 1053 diversa
1329 996 1601 1051 schemata
1642 993 1866 1048 saecula-

274 1095 422 1149 rium
451 1094 750 1149 litterarum
779 1092 1005 1147 inveniri
1049 1090 1292 1159 probavit
1332 1091 1383 1144 in
1427 1088 1619 1144 litteris
1657 1087 1860 1152 sacris;

276 1186 416 1239 alios
446 1195 624 1240 autem
668 1185 911 1254 proprios
940 1182 1129 1237 modos
1161 1181 1213 1235 in
1258 1180 1452 1235 divinis
1493 1176 1724 1248 eloquiis
1744 1190 1866 1233 esse

271 1277 592 1345 declaravit,
623 1291 756 1346 quos
782 1275 1111 1346 grammatici
1143 1274 1255 1328 sive
1283 1272 1531 1329 rhetores
1560 1270 1867 1325 nullatenus

274 1370 592 1440 attigerunt.
643 1371 902 1425 Dixerunt
950 1369 1050 1423 hoc
1102 1366 1244 1437 apud
1291 1381 1390 1421 nos
1434 1374 1489 1420 et
1532 1364 1619 1418 alii
1666 1364 1868 1418 doctis-

275 1463 403 1517 simi
433 1462 649 1531 Patres,
702 1462 753 1517 id
792 1472 876 1516 est
904 1460 1279 1531 Hieronymus,
1329 1457 1670 1522 Ambrosius,
1717 1455 1866 1509 Hila-

274 1556 429 1622 rius;
474 1565 533 1611 ut
577 1571 910 1627 nequaquam
942 1565 1359 1627 praesumptores
1412 1553 1571 1623 hujus
1611 1551 1713 1619 rei,
1771 1550 1868 1606 sed

276 1648 566 1718 pedisequi
597 1664 718 1704 esse
750 1648 1044 1702 videamur.

1955 436 2135 508 pendi

2029 527 2108 583 Ac
2148 542 2213 583 ne
2240 528 2438 583 diutius
2467 530 2521 585 in
2550 527 2894 598 generalibus
2946 542 3299 595 remoremur,
3335 524 3539 596 specia-

1960 620 2328 688 lia'Psa‘lterii,
2363 620 2590 675 Domino
2637 621 2879 692 juvante,
2925 630 3241 693 tangamus:
3289 618 3568 693 quoniam,

1963 714 2078 783 ipsa
2109 727 2196 769 res
2225 712 2503 768 evidenter
2533 714 2858 784 agnoscitur,
2902 729 3020 784 qua:
3048 711 3420 770 communibus
3454 723 3540 762 ιο-

1962 805 2063 863 bus
2096 805 2407 876 praemissis,
2438 812 2621 877 postea
2646 806 2745 864 sub
2782 806 2961 878 aliqua
2985 807 3313 878 proprietate
3340 800 3542 859 descri—

1967 900 2127 957 bitur.

2556 1034 2781 1092 CAPUT
2823 1036 2977 1093 XVI.’

2278 1130 2355 1183 De
2394 1131 2600 1201 propria
2636 1130 2921 1200 eloquentia
2958 1127 3219 1185 Psalterii.

2041 1265 2275 1321 Primum
2302 1274 2384 1322 est
2412 1264 2552 1336 quod
2583 1266 2681 1336 ipsi
2717 1274 2917 1320 tantum
2948 1265 3136 1336 psalmi
3168 1262 3419 1334 singulari
3451 1278 3546 1317 nu-

1970 1375 2121 1421 mero
2159 1359 2484 1424 vocitantur,
2533 1373 2665 1429 quos
2712 1374 2810 1413 nos
2858 1357 3111 1412 adhibitis
3159 1355 3315 1427 hujus
3353 1355 3547 1426 lingum

1971 1454 2307 1525 peritissimis
2337 1468 2456 1508 cum
2486 1466 2671 1507 eorum
2715 1452 2985 1506 volumine
3031 1448 3391 1513 conferentes,
3435 1462 3550 1503 ser-

1972 1558 2096 1602 vato
2143 1560 2241 1599 usu
2292 1543 2661 1615 psallentium,
2712 1543 2823 1598 suis
2869 1542 3113 1598 versibus
3163 1539 3545 1597 aestimavimus

1971 1655 2091 1697 esse
2121 1638 2418 1695 reddendos
2450 1656 2462 1691 :
2495 1653 2563 1694 ne
2590 1652 2649 1694 se
2678 1638 2731 1692 in
2763 1645 3144 1707 praesumptum
3180 1634 3423 1689 ordinem
3458 1648 3552 1688 au-

362 1738 473 1793 Sed
504 1739 629 1793 dicit
659 1739 880 1809 aliquis:
908 1739 1015 1794 Nec
1046 1747 1222 1809 partes
1249 1738 1380 1810 ipsa:
1408 1735 1864 1808 syllepismorum,
1900 1738 1946 1801 Β
1972 1731 2193 1787 ctoritas
2234 1730 2494 1801 permixta
2534 1728 2904 1785 confunderet.
2947 1726 3145 1783 Deinde
3175 1725 3316 1797 quod
3345 1724 3550 1781 nullum

274 1844 387 1885 nec
442 1831 655 1886 nomina
700 1826 1054 1897 schematum,
1105 1846 1205 1886 nec
1258 1830 1519 1885 vocabula
1556 1828 1869 1898 disciplina-

276 1936 429 1987 rum,
463 1937 562 1976 nec
605 1923 705 1976 alia
736 1923 1105 1992 hujuscemodi
1138 1923 1405 1977 ullatenus
1437 1923 1783 1976 inveniuntur
1813 1924 1867 1975 in

275 2013 539 2081 psalmis;
575 2014 920 2069 inveniuntur
960 2016 1117 2084 plane
1147 2015 1198 2068 in
1229 2015 1427 2068 virtute
1453 2027 1736 2077 sensuum,
1761 2027 1869 2067 non

272 2099 335 2155 in
370 2101 620 2159 effatione
661 2105 992 2159 verborum:
1050 2104 1126 2159 sic
1182 2104 1325 2160 enim
1370 2104 1495 2158 vina
1547 2103 1599 2157 in
1648 2102 1868 2167 vitibus,

272 2207 516 2248 messem
555 2195 608 2249 in
641 2197 866 2261 semine,
909 2196 1126 2251 frondes
1157 2195 1209 2250 in
1238 2196 1532 2264 racidibus,
1584 2194 1786 2253 fructus
1814 2193 1870 2248 in

272 2288 474 2349 ramis,
504 2284 720 2340 arbores
751 2288 893 2353 ipsas
923 2302 1085 2342 sensu
1112 2286 1540 2355 contemplamur
1562 2285 1616 2340 in
1644 2285 1868 2341 nucleis.

271 2373 416 2429 Nam
449 2384 503 2431 et
528 2376 595 2431 de
624 2377 1037 2446 prol‘undissima
1065 2378 1260 2449 abysso
1288 2378 1574 2434 deliciosus
1605 2376 1763 2447 piSris
1791 2386 1871 2432 at-

272 2467 526 2536 tingitur,
568 2469 653 2536 qui
702 2478 877 2525 tamen
917 2479 1042 2524 ante
1080 2472 1380 2539 captionem
1421 2485 1570 2524 suam
1622 2468 1870 2525 humanis

268 2560 454 2614 oculis
477 2575 582 2614 non
613 2560 839 2616 videtur.
894 2561 1082 2616 Merito
1126 2577 1255 2632 ergo
1299 2578 1418 2619 esse
1463 2563 1711 2628 dicimus,
1752 2576 1871 2632 quae

270 2650 468 2706 inesse
498 2652 838 2706 nihilominus
864 2654 1056 2708 virtute
1084 2655 1361 2709 sentimus.
1395 2654 1524 2709 Nam
1558 2663 1613 2709 et
1637 2654 1870 2722 Aposto-

271 2743 363 2796 lus
390 2750 538 2796 vetat
568 2740 619 2814 (I
645 2742 764 2797 Cor.
791 2758 866 2807 ιιι,
897 2743 986 2813 18)
1011 2758 1107 2797 nos
1129 2744 1310 2799 seduci
1334 2760 1427 2814 per
1451 2758 1641 2799 vanam
1665 2745 1873 2813 sapien-

272 2835 412 2889 tiam
443 2831 626 2886 muudi
659 2851 673 2885 :
705 2834 803 2888 ista
858 2849 983 2889 vero
1025 2849 1130 2889 non
1178 2835 1407 2904 abnegat
1444 2836 1493 2888 in
1535 2833 1727 2889 litteris
1754 2847 1875 2888 esse

274 2925 509 2982 divinis.
550 2925 705 2979 Certe
743 2926 1058 2979 accedamus
1091 2924 1156 2979 ad
1188 2927 1423 2994 psalmos
1447 2968 1461 2992 ,
1494 2932 1551 2981 et
1579 2926 1873 2994 interroge-

276 3034 407 3076 mus
440 3059 455 3082 ,
506 3034 623 3090 quae
667 3020 810 3074 omni
862 3018 1219 3089 disputatione
1285 3018 1457 3089 major
1509 3028 1630 3085 est,
1690 3033 1871 3072 rerum

280 3110 470 3165 ﬁdem.

362 3200 510 3255 Istud
539 3215 667 3271 ergo
695 3200 990 3271 principale
1019 3199 1271 3256 virtutum
1302 3207 1356 3255 et
1384 3200 1614 3255 salutare
1646 3200 1872 3256 locutio-

283 3293 373 3347 nis
397 3307 563 3362 genus
590 3294 901 3363 p‘erumque
923 3307 1008 3347 res
1031 3292 1235 3361 aliquas
1262 3292 1445 3356 refert,
1477 3300 1527 3346 et
1550 3305 1693 3359 saepe
1720 3292 1875 3363 longe

285 3384 391 3438 alia
423 3400 580 3453 quam
609 3383 915 3451 audiuntur,
946 3384 1182 3453 exponit.
1214 3383 1561 3453 Simplicitas,
1592 3385 1789 3454 duplex
1822 3394 1876 3442 et

287 3474 409 3530 sine
428 3474 551 3529 dolo
577 3475 914 3546 hilinguitas;
959 3476 1097 3532 sicut
1140 3476 1265 3531 fecit
1304 3475 1503 3545 Joseph
1535 3474 1687 3546 (Gen.
1721 3478 1872 3547 XLII),

289 3566 383 3635 qui
412 3566 537 3620 dum
568 3566 765 3623 fratres
792 3583 918 3623 suos
947 3578 1164 3638 aspectu
1195 3569 1310 3637 ipso
1339 3577 1394 3623 et
1427 3582 1675 3624 sermone
1704 3568 1877 3637 patrio

292 3660 653 3728 cognovisset,
701 3661 772 3715 ita
822 3660 898 3716 eis
948 3660 1226 3716 videbatur
1273 3659 1439 3730 loqui,
1470 3669 1527 3713 ut
1573 3660 1877 3715 nullatenus

294 3751 556 3821 potuisset
596 3752 832 3821 agnosci.
863 3752 1014 3821 Quod
1039 3768 1143 3808 non
1184 3759 1267 3808 est
1293 3752 1357 3806 ad
1399 3752 1728 3822 deceptionis
1766 3762 1878 3809 stu-

293 3840 443 3896 dium
493 3851 801 3912 sumptum,
846 3844 941 3897 sed
988 3843 1054 3897 ad
1098 3841 1440 3905 commodum
1486 3857 1691 3913 magnae
1738 3843 1879 3898 utili-

294 3937 420 3990 tatis
483 3935 748 3990 effectum.
817 3935 1069 3991 Hebraeos
1124 3949 1404 3991 sermones
1446 3936 1683 4005 adhibet,
1740 3950 1872 3991 cau-

292 4040 382 4081 sas
415 4024 863 4095 profundissimas
894 4026 1195 4081 innitentes.
1227 4025 1396 4082 Unam
1433 4041 1546 4082 rem
1574 4027 1627 4081 in
1659 4027 1802 4083 malo
1826 4035 1881 4082 et

291 4115 348 4169 in
401 4116 543 4171 bono
575 4117 883 4187 plerumque
929 4117 1096 4185 ponit,
1152 4124 1207 4171 ut
1237 4116 1378 4186 quod
1406 4118 1625 4172 nomine
1665 4117 1879 4171 videtur

294 4222 416 4263 esse
457 4223 758 4277 commune,
790 4210 846 4281 8
877 4209 1131 4279 probetur
1161 4208 1505 4278 qualitatibus
1553 4208 1878 4277 discrepare.

298 4302 556 4357 Ctelestia
590 4304 819 4359 terrenis
854 4311 1150 4371 comparat,
1207 4302 1423 4372 utquod
1471 4301 1883 4371 incomprehen-

299 4396 469 4451 sibilis
517 4395 825 4467 magnitudo
874 4395 1286 4465 vctatintelligi,
1333 4410 1429 4465 per
1474 4395 1780 4450 notissimas
1814 4397 1881 4451 si-

1972 1823 2117 1881 aliud
2148 1838 2282 1892 opus
2308 1822 2636 1878 auctoritatis
2678 1821 2876 1877 divina:
2913 1829 3125 1876 centum
3169 1819 3550 1891 quinquaginta

1970 1915 2299 1979 sectiOnibus
2340 1914 2685 1979 continetur;
2732 1913 2820 1970 ubi
2861 1912 3001 1968 enim
3046 1921 3121 1966 tot
3162 1912 3299 1965 tituli
3341 1911 3551 1966 diversa

1973 2009 2221 2077 leguntur
2249 2009 2506 2065 varietate
2540 2007 2863 2075 conscripti?
2895 2006 2993 2061 Hic
3032 2005 3160 2060 illud
3192 2006 3424 2059 votivum
3458 2018 3553 2059 no-

1974 2116 2095 2156 men
2149 2101 2361 2155 alleluia
2408 2101 2460 2157 in
2505 2099 3049 2170 superscriptionibus
3098 2096 3389 2155 inchoavit.
3449 2096 3545 2151 llic

1973 2194 2413 2249 commemoratio
2451 2192 2688 2248 historia:
2728 2192 2796 2247 de
2827 2192 3030 2260 Regum
3063 2200 3231 2246 tracta
3258 2188 3548 2256 volumine,

1974 2290 2028 2343 in
2055 2287 2170 2357 ipso
2194 2286 2377 2341 limine
2408 2286 2578 2355 posita
2604 2286 2830 2341 virtutes
2857 2284 3093 2340 noscitur
3135 2283 3370 2337 indicare
3408 2281 3554 2352 psal-

1974 2392 2208 2433 morum.
2263 2376 2360 2431 Hic
2406 2376 2568 2430 etiam
2620 2375 2971 2443 diapsalmata
3020 2383 3223 2428 tantum
3275 2372 3555 2443 interjecta

1972 2478 2359 2525 monstrantur.
2412 2468 2508 2523 llic
2558 2467 2745 2537 psalmi
2806 2465 3099 2522 secundum
3151 2466 3374 2521 virtutes
3431 2477 3556 2521 suas

1974 2578 2321 2619 numerorum
2345 2560 2558 2617 ordines
2594 2569 2797 2616 tenent.

2046 2656 2208 2712 Liber
2244 2657 2502 2710 inclinans
2530 2671 2557 2707 a
2586 2654 2916 2712 beatitudine
2942 2653 3162 2719 Christi,
3207 2651 3341 2707 Novi
3368 2661 3420 2706 et
3449 2648 3559 2707 Ve-

1977 2748 2105 2803 teris
2153 2748 2481 2803 Testamenti
2535 2755 2867 2802 sacramenta
2914 2760 3256 2815 percurrens,
3313 2742 3558 2797 laudibus

1974 2838 2142 2893 sacris
2192 2847 2245 2891 et
2281 2844 2464 2891 sancta
2499 2834 2814 2904 jubilatione
2855 2834 3220 2899 concluditur;
3265 2840 3323 2886 ut
3363 2832 3557 2887 merito

1974 2940 2036 2983 se
2064 2926 2152 2981 tali
2184 2940 2408 2983 munere
2452 2926 2763 2981 consoletur
2792 2925 3054 2989 Ecclesia,
3086 2940 3203 2995 qua:
3236 2923 3323 2981 hic
3361 2920 3557 2978 multa-

1976 3033 2097 3073 rum
2135 3017 2496 3074 calamitatum
2531 3017 2869 3086 cognoscitur
2903 3016 3278 3071 afflictionibus
3305 3017 3555 3072 sauciari.

1901 3100 1948 3166 C
1979 3108 2135 3164 Novit
2164 3109 2304 3164 enim
2336 3107 2596 3164 beneﬁcio
2620 3108 2829 3163 Domini
2853 3108 3183 3179 triumphare
3208 3108 3274 3162 de
3308 3108 3420 3163 suis
3443 3109 3555 3163 cla-

1974 3200 2130 3255 dibus
2167 3199 2439 3270 ingravata
2465 3216 2480 3266 ;
2508 3201 2965 3270 persecutionibus
3014 3200 3275 3271 siquidem
3322 3200 3553 3270 prolicit,

1973 3293 2351 3348 afﬂictionibus
2391 3307 2604 3361 semper
2648 3304 2908 3365 augetur,
2959 3293 3216 3362 sanguine
3263 3301 3556 3365 martyrum

1975 3386 2201 3458 rigatur,
2255 3385 2466 3441 tristitia
2506 3385 2676 3455 magis
2718 3385 2960 3456 erigitur,
2994 3386 3232 3456 angustia
3282 3384 3555 3451 dilatatur,

1974 3478 2187 3535 ﬂetibus
2239 3479 2493 3547 pascitur,
2539 3475 2759 3547 jejuniis
2805 3476 3058 3547 reficitur,
3108 3485 3161 3532 et
3212 3477 3335 3533 inde
3381 3475 3559 3547 potius

1975 3571 2191 3636 crescit,
2224 3570 2368 3625 unde
2398 3569 2627 3625 mundus
2652 3568 2852 3626 deficit.

2048 3663 2184 3731 Quid
2206 3665 2346 3718 enim
2376 3664 2427 3716 in
2459 3663 2552 3717 illo
2592 3662 2729 3719 libro
2772 3677 2882 3718 non
2919 3661 3163 3719 invenies
3194 3661 3332 3719 unde
3362 3660 3431 3718 ise
3462 3661 3560 3717 hu-

1979 3772 2195 3813 manum
2225 3771 2391 3826 genus
2436 3756 2630 3812 debeat
2659 3756 2895 3812 suaviter
2924 3756 3221 3813 consolari?
3251 3756 3558 3812 Thcsaurus

1980 3851 2034 3907 in
2061 3858 2277 3921 pectore
2331 3848 2531 3905 mundo
2581 3864 2794 3918 semper
2842 3863 3200 3919 excrescens,
3259 3847 3557 3904 consolatio

1983 3958 2172 4014 magna
2214 3942 2528 4013 lugentium,
2571 3956 2694 4012 Spes
2725 3943 2879 3998 beata
2898 3941 3189 4013 justorum,
3240 3940 3555 4011 periclitan-

1984 4034 2115 4089 tium
2161 4032 2288 4088 utile
2335 4031 2656 4102 sull‘ugium,
2700 4032 2840 4087 unde
2893 4031 3105 4099 semper
3153 4029 3295 4100 quod
3341 4028 3560 4098 expedit

1987 4125 2209 4187 tollitur,
2239 4124 2460 4193 ejusque
2488 4121 2606 4175 fons
2640 4122 2903 4175 indefecta
2934 4120 3266 4188 perennitate
3289 4126 3557 4173 servatur.

1985 4218 2180 4273 Beatus
2202 4228 2414 4286 quoque
2434 4212 2777 4277 Athanasius,
2801 4209 3178 4267 Alexandrina:
3200 4208 3431 4267 civitatis
3449 4207 3562 4278 epi-

1986 4325 2205 4379 scopus,
2238 4308 2290 4362 in
2320 4306 2456 4362 libro
2485 4319 2641 4376 quem
2666 4303 2972 4359 Marcellino
2995 4317 3093 4358 suo
3125 4300 3441 4358 charissima
3467 4298 3562 4354 de-

1990 4403 2215 4459 stinavit
2261 4400 2329 4457 de
2368 4397 2697 4469 proprietate
2736 4396 2988 4453 Psalterii
3016 4436 3031 4462 ,
3072 4405 3132 4452 ut
3167 4394 3347 4451 verbis
3394 4393 3563 4465 ipsius

298 4489 626 4545 militudines
664 4490 831 4560 possit
858 4490 1083 4544 adverti.
1117 4489 1173 4543 ln
1204 4489 1380 4543 verbis
1410 4499 1587 4545 autem
1636 4491 1879 4547 serendis
1906 4487 1960 4550 D
1987 4502 2125 4560 utar,
2171 4492 2241 4548 ita
2282 4493 2453 4549 dicit:
2496 4491 2809 4561 Quicunque
2854 4488 3100 4544 Psalterii
3149 4489 3306 4544 verba
3352 4488 3562 4551 recitat.

296 4583 428 4638 mira
480 4584 714 4653 potentia
744 4591 861 4650 est;
892 4592 952 4637 ut
997 4583 1173 4639 subito
1220 4583 1482 4638 immensa
1508 4582 1665 4639 nobis
1716 4594 1878 4655 atque

299 4677 862 4750 incomprehensibilia
919 4676 1126 4734 duobus
1185 4677 1463 4749 tribusque
1530 4678 1879 4735 sermonibus

298 4769 648 4837 explicentur.

368 4860 501 4927 Quid
536 4860 750 4917 brevius
777 4860 972 4929 dicam,
999 4859 1310 4931 frequenter
1338 4860 1497 4916 etiam
1539 4875 1644 4916 una
1674 4861 1879 4934 syllaba

298 4952 619 5009 ineffabilem
646 4952 858 5009 Domini
907 4961 1148 5009 naturam
1189 4952 1546 5017 demonstrat;
1598 4961 1657 5007 ut
1701 4963 1781 5008 est
1815 4953 1879 5007 il-

298 5045 388 5102 iud
424 5064 437 5100 :
474 5047 573 5114 Qui
593 5057 666 5101 est
702 5048 842 5101 misit
891 5064 970 5101 me
1011 5045 1209 5119 (Exod.
1242 5062 1340 5113 ιιι,
1372 5045 1483 5119 15).
1513 5044 1678 5115 Cujus
1722 5061 1880 5103 omne

298 5140 519 5194 verbum
550 5138 819 5195 subtiliter
864 5138 1174 5209 inquisitum
1219 5139 1451 5209 COpiosis
1482 5137 1726 5194 sensibus
1756 5153 1878 5194 sca-

300 5231 446 5285 tttrit.
483 5231 613 5285 Nam
644 5232 783 5286 sicut
814 5230 1226 5286 fecundissimus
1267 5246 1393 5301 ager
1428 5231 1723 5287 odoriferas
1758 5232 1881 5286 ber-

299 5324 393 5379 bas
421 5324 582 5379 saluti
617 5333 816 5378 nostra:
861 5321 1107 5394 producit
1149 5323 1523 5379 accommodas
1550 5359 1565 5384 ,
1617 5326 1695 5379 sic
1722 5324 1879 5379 lectio

300 5416 479 5472 divina
505 5430 628 5471 cum
678 5431 774 5485 per
824 5414 1032 5485 singula
1090 5414 1252 5470 verba
1300 5416 1613 5485 requiritur,
1666 5430 1882 5485 semper

301 5507 415 5564 illic
458 5524 588 5564 cura
636 5508 835 5564 mentis
889 5507 1088 5562 sauciae
1142 5508 1426 5577 reperitur.
1484 5509 1557 5564 De
1592 5510 1745 5579 Cujus
1775 5511 1886 5565 elo-

300 5607 534 5673 quentia:
560 5603 733 5659 modis
759 5602 908 5657 multi
939 5601 1126 5656 Patres
1153 5601 1310 5656 latius
1338 5600 1703 5671 prolixiusque
1729 5604 1883 5659 dixe-

303 5706 452 5765 runt,
484 5711 709 5766 quorum
756 5694 971 5751 nomina
1016 5694 1071 5748 in
1100 5692 1250 5748 libris
1282 5692 1686 5748 introductoriis
1737 5710 1886 5752 com-

302 5787 663 5855 memoranda
710 5785 1104 5862 perspeximus.
1169 5783 1277 5844 Sed
1327 5782 1446 5843 fons
1497 5783 1600 5842 iste
1652 5785 1887 5845 coelesds

1987 4588 2136 4661 quasi
2174 4585 2387 4656 propria
2413 4584 2578 4639 verba
2618 4583 2887 4649 decantat,
2934 4590 2990 4636 et
3035 4590 3282 4651 tanquam
3312 4594 3343 4634 a
3369 4587 3571 4641 semet-

1988 4680 2105 4750 ipso
2129 4678 2434 4746 conscripta
2467 4691 2602 4730 unus
2632 4674 2833 4745 psallit,
2861 4681 2916 4727 et
2941 4686 3045 4728 non
3072 4679 3323 4741 tanquam
3354 4671 3457 4727 alio
3483 4671 3567 4727 di-

1986 4781 2164 4836 cente,
2210 4779 2305 4826 aut
2346 4768 2414 4824 de
2451 4768 2559 4823 alio
2602 4766 2940 4837 signiﬁcante
2987 4762 3150 4818 sumit
3174 4770 3229 4818 et
3266 4762 3425 4833 legit;
3463 4760 3559 4818 sed

1988 4871 2237 4931 tanquam
2270 4861 2385 4930 ipse
2429 4858 2498 4915 de
2526 4857 2819 4928 semetipso
2860 4856 3103 4924 loquens,
3149 4853 3226 4912 sic
3254 4853 3564 4924 hujusmodi

1987 4954 2148 5009 verba
2188 4951 2428 5024 profert;
2469 4959 2527 5007 et
2568 4949 2748 5022 qualia
2790 4954 2915 5001 sunt
2956 4959 3076 5017 quas
3116 4946 3388 5014 dicuntur,
3438 4945 3563 5002 talia

1984 5046 2129 5102 velut
2151 5046 2266 5116 ipse
2292 5058 2481 5116 agens,
2510 5059 2579 5103 ex
2604 5042 2896 5115 semetipso
2927 5042 3156 5116 loquens
3174 5082 3191 5111 ,
3214 5040 3329 5099 Deo
3354 5039 3567 5097 videtur

1984 5138 2179 5196 oll‘errc
2204 5151 2502 5195 sermones.
3424 5190 3519 5215 ,-..

2058 5230 2306 5289 Psalterii
2335 5242 2546 5300 quoque
2574 5228 2849 5301 praprium
2889 5240 2975 5290 est
3001 5230 3146 5304 quod
3174 5243 3271 5303 per
3296 5228 3471 5299 ipsum
3496 5226 3567 5282 le-

1984 5325 2068 5396 gis
2096 5324 2286 5379 divinae
2320 5323 2574 5378 sanctitas
2600 5324 2872 5380 introitur.
2913 5324 3031 5383 Non
3058 5324 3203 5383 enim
3248 5326 3454 5391 tirones
3476 5321 3568 5381 in-

1986 5419 2181 5475 cltoant
2210 5431 2243 5471 a
2271 5414 2489 5486 Genesi,
2530 5432 2637 5472 non
2683 5418 2752 5475 ab
2777 5420 3057 5490 Apostolo,
3110 5433 3217 5475 non
3262 5419 3402 5475 inter
3444 5416 3559 5485 ipsa

1990 5510 2144 5565 initia
2172 5509 2458 5564 auctoritas
2480 5511 2783 5581 evangelica
2811 5521 2990 5569 sancta
3010 5513 3293 5582 pulsatur;
3321 5509 3412 5564 sed
3443 5508 3569 5563 licet

1992 5600 2308 5657 Psalterium
2353 5612 2573 5670 quartus
2621 5602 2785 5658 codex
2832 5604 2905 5659 sit
2962 5603 3157 5659 divinae
3207 5601 3565 5668 auctoritatis,

1991 5695 2220 5766 primum
2244 5702 2419 5749 tamen
2445 5696 2642 5751 tirones
2665 5696 2977 5752 inchoantes
3005 5695 3307 5767 Scripturas
3327 5698 3563 5757 sanctas,

1993 5786 2121 5846 inde
2149 5785 2359 5860 legendi
2387 5785 2586 5846 faciunt
2608 5787 2859 5845 decenter
2888 5784 3117 5843 initium.
