  <div class='ocr_page' id='page_1' title='image "/cluster/home/n/w/nwhite01/storage/ocr_20150623/70/hvd.32044015469356/017.png"; bbox 0 0 4064 6360; ppageno 0'>
   <div class='ocr_carea' id='block_1_1' title="bbox 296 261 1964 362">
    <p class='ocr_par' dir='ltr' id='par_1_1' title="bbox 296 275 1964 362">
     <span class='ocr_line' id='line_1_1' title="bbox 296 275 1964 362; baseline -0.007 -17"><span class='ocrx_word' id='word_1_1' title='bbox 296 327 298 330; x_wconf 51' lang='grc' dir='ltr'>μ</span> <span class='ocrx_word' id='word_1_2' title='bbox 377 302 446 362; x_wconf 63' lang='lat'><strong>.25</strong></span> <span class='ocrx_word' id='word_1_3' title='bbox 1576 287 1646 346; x_wconf 73' lang='grc' dir='ltr'><strong>Μ.</strong></span> <span class='ocrx_word' id='word_1_4' title='bbox 1696 275 1964 342; x_wconf 68' lang='grc' dir='ltr'><strong>Αυῐιειιι</strong></span> 
     </span>
    </p>
   </div>
   <div class='ocr_carea' id='block_1_2' title="bbox 2078 261 3637 362">
    <p class='ocr_par' dir='ltr' id='par_1_2' title="bbox 2078 261 3637 334">
     <span class='ocr_line' id='line_1_2' title="bbox 2078 261 3637 334; baseline -0.008 -2"><span class='ocrx_word' id='word_1_5' title='bbox 2078 268 2417 334; x_wconf 60' lang='lat' dir='ltr'><strong>ASSIODORI</strong></span> <span class='ocrx_word' id='word_1_6' title='bbox 3557 261 3637 320; x_wconf 61' lang='grc'><strong>21,</strong></span> 
     </span>
    </p>
   </div>
   <div class='ocr_carea' id='block_1_3' title="bbox 932 403 1367 471">
    <p class='ocr_par' dir='ltr' id='par_1_3' title="bbox 932 403 1367 471">
     <span class='ocr_line' id='line_1_3' title="bbox 932 403 1367 471; baseline -0.025 0"><span class='ocrx_word' id='word_1_7' title='bbox 932 407 1158 471; x_wconf 82' lang='lat' dir='ltr'><strong>CAPUT</strong></span> <span class='ocrx_word' id='word_1_8' title='bbox 1209 403 1367 464; x_wconf 79' lang='lat' dir='ltr'><strong>XVII.</strong></span> 
     </span>
    </p>
   </div>
   <div class='ocr_carea' id='block_1_4' title="bbox 930 501 1378 562">
    <p class='ocr_par' dir='ltr' id='par_1_4' title="bbox 930 501 1378 562">
     <span class='ocr_line' id='line_1_4' title="bbox 930 501 1378 562; baseline -0.018 0"><span class='ocrx_word' id='word_1_9' title='bbox 930 507 1070 562; x_wconf 84' lang='lat' dir='ltr'><strong>Laus</strong></span> <span class='ocrx_word' id='word_1_10' title='bbox 1117 503 1164 558; x_wconf 90' lang='grc' dir='ltr'><em>Ε</em></span> <span class='ocrx_word' id='word_1_11' title='bbox 1166 501 1378 558; x_wconf 72' lang='lat' dir='ltr'><strong>celesiat.</strong></span> 
     </span>
    </p>
   </div>
   <div class='ocr_carea' id='block_1_5' title="bbox 437 609 1940 693">
    <p class='ocr_par' dir='ltr' id='par_1_5' title="bbox 437 609 1940 693">
     <span class='ocr_line' id='line_1_5' title="bbox 437 609 1940 693; baseline -0.021 -2"><span class='ocrx_word' id='word_1_12' title='bbox 437 631 631 690; x_wconf 88' lang='lat' dir='ltr'><strong>Overe</strong></span> <span class='ocrx_word' id='word_1_13' title='bbox 658 633 860 693; x_wconf 86' lang='lat' dir='ltr'><strong>saneta,</strong></span> <span class='ocrx_word' id='word_1_14' title='bbox 903 637 937 678; x_wconf 87' lang='grc' dir='ltr'><strong>ο</strong></span> <span class='ocrx_word' id='word_1_15' title='bbox 988 617 1353 682; x_wconf 89' lang='lat' dir='ltr'><strong>immaculata,</strong></span> <span class='ocrx_word' id='word_1_16' title='bbox 1401 626 1435 670; x_wconf 95' lang='lat' dir='ltr'><strong>o</strong></span> <span class='ocrx_word' id='word_1_17' title='bbox 1483 609 1721 682; x_wconf 87' lang='lat' dir='ltr'><strong>perfecta</strong></span> <span class='ocrx_word' id='word_1_18' title='bbox 1768 611 1940 661; x_wconf 85' lang='lat' dir='ltr'><strong>mater</strong></span> 
     </span>
    </p>
   </div>
   <div class='ocr_carea' id='block_1_6' title="bbox 372 697 1940 792">
    <p class='ocr_par' dir='ltr' id='par_1_6' title="bbox 372 697 1940 792">
     <span class='ocr_line' id='line_1_6' title="bbox 372 697 1940 792; baseline -0.021 -9"><span class='ocrx_word' id='word_1_19' title='bbox 372 723 637 792; x_wconf 83' lang='lat' dir='ltr'><strong>Ecclesia,</strong></span> <span class='ocrx_word' id='word_1_20' title='bbox 662 735 804 792; x_wconf 74' lang='lat' dir='ltr'><strong>quae,</strong></span> <span class='ocrx_word' id='word_1_21' title='bbox 836 716 1013 773; x_wconf 87' lang='lat' dir='ltr'><strong>divina</strong></span> <span class='ocrx_word' id='word_1_22' title='bbox 1042 710 1209 782; x_wconf 90' lang='lat' dir='ltr'><strong>gratia</strong></span> <span class='ocrx_word' id='word_1_23' title='bbox 1238 706 1518 774; x_wconf 76' lang='lat' dir='ltr'><strong>largiente,</strong></span> <span class='ocrx_word' id='word_1_24' title='bbox 1538 701 1650 758; x_wconf 88' lang='lat' dir='ltr'><strong>sola</strong></span> <span class='ocrx_word' id='word_1_25' title='bbox 1679 697 1940 763; x_wconf 83' lang='lat' dir='ltr'><strong>viviﬁcas,</strong></span> 
     </span>
    </p>
   </div>
   <div class='ocr_carea' id='block_1_7' title="bbox 373 792 1942 880">
    <p class='ocr_par' dir='ltr' id='par_1_7' title="bbox 373 792 1942 880">
     <span class='ocr_line' id='line_1_7' title="bbox 373 792 1942 880; baseline -0.02 -3"><span class='ocrx_word' id='word_1_26' title='bbox 373 821 486 877; x_wconf 83' lang='lat' dir='ltr'><strong>sola</strong></span> <span class='ocrx_word' id='word_1_27' title='bbox 516 816 838 880; x_wconf 90' lang='lat' dir='ltr'><strong>sanctificas,</strong></span> <span class='ocrx_word' id='word_1_28' title='bbox 880 821 933 868; x_wconf 92' lang='lat' dir='ltr'><strong>et</strong></span> <span class='ocrx_word' id='word_1_29' title='bbox 962 807 1227 880; x_wconf 90' lang='lat' dir='ltr'><strong>perditum</strong></span> <span class='ocrx_word' id='word_1_30' title='bbox 1255 801 1485 876; x_wconf 83' lang='lat' dir='ltr'><strong>propriis</strong></span> <span class='ocrx_word' id='word_1_31' title='bbox 1512 797 1684 868; x_wconf 87' lang='lat' dir='ltr'><strong>culpis</strong></span> <span class='ocrx_word' id='word_1_32' title='bbox 1727 792 1942 850; x_wconf 86' lang='lat' dir='ltr'><strong>institu-</strong></span> 
     </span>
    </p>
   </div>
   <div class='ocr_carea' id='block_1_8' title="bbox 373 889 1947 974">
    <p class='ocr_par' dir='ltr' id='par_1_8' title="bbox 373 889 1947 974">
     <span class='ocr_line' id='line_1_8' title="bbox 373 889 1947 974; baseline -0.017 -7"><span class='ocrx_word' id='word_1_33' title='bbox 373 911 518 966; x_wconf 89' lang='lat' dir='ltr'><strong>tione</strong></span> <span class='ocrx_word' id='word_1_34' title='bbox 550 921 636 964; x_wconf 88' lang='lat' dir='ltr'><strong>tua</strong></span> <span class='ocrx_word' id='word_1_35' title='bbox 665 908 952 962; x_wconf 86' lang='lat' dir='ltr'><strong>humanum</strong></span> <span class='ocrx_word' id='word_1_36' title='bbox 976 915 1145 974; x_wconf 91' lang='lat' dir='ltr'><strong>genus</strong></span> <span class='ocrx_word' id='word_1_37' title='bbox 1177 901 1444 954; x_wconf 90' lang='lat' dir='ltr'><strong>instauras</strong></span> <span class='ocrx_word' id='word_1_38' title='bbox 1474 913 1485 947; x_wconf 95' lang='lat'>:</span> <span class='ocrx_word' id='word_1_39' title='bbox 1509 892 1660 962; x_wconf 89' lang='lat' dir='ltr'><strong>cujus</strong></span> <span class='ocrx_word' id='word_1_40' title='bbox 1687 889 1789 960; x_wconf 72' lang='lat' dir='ltr'><strong>pia:</strong></span> <span class='ocrx_word' id='word_1_41' title='bbox 1817 901 1947 944; x_wconf 84' lang='lat' dir='ltr'><strong>con-</strong></span> 
     </span>
    </p>
   </div>
   <div class='ocr_carea' id='block_1_9' title="bbox 373 981 1947 1067">
    <p class='ocr_par' dir='ltr' id='par_1_9' title="bbox 373 981 1947 1067">
     <span class='ocr_line' id='line_1_9' title="bbox 373 981 1947 1067; baseline -0.016 -7"><span class='ocrx_word' id='word_1_42' title='bbox 373 1004 589 1060; x_wconf 88' lang='lat' dir='ltr'><strong>fessioni</strong></span> <span class='ocrx_word' id='word_1_43' title='bbox 603 1001 734 1058; x_wconf 89' lang='lat' dir='ltr'><strong>nihil</strong></span> <span class='ocrx_word' id='word_1_44' title='bbox 750 998 896 1067; x_wconf 88' lang='lat' dir='ltr'><strong>addi,</strong></span> <span class='ocrx_word' id='word_1_45' title='bbox 912 991 1042 1053; x_wconf 84' lang='lat' dir='ltr'><strong>nihil</strong></span> <span class='ocrx_word' id='word_1_46' title='bbox 1055 995 1221 1050; x_wconf 92' lang='lat' dir='ltr'><strong>minui</strong></span> <span class='ocrx_word' id='word_1_47' title='bbox 1235 999 1427 1063; x_wconf 90' lang='lat' dir='ltr'><strong>potest.</strong></span> <span class='ocrx_word' id='word_1_48' title='bbox 1441 989 1540 1045; x_wconf 88' lang='lat' dir='ltr'><strong>Per</strong></span> <span class='ocrx_word' id='word_1_49' title='bbox 1555 1000 1740 1042; x_wconf 86' lang='lat' dir='ltr'><strong>omnes</strong></span> <span class='ocrx_word' id='word_1_50' title='bbox 1752 981 1947 1053; x_wconf 82' lang='lat' dir='ltr'><strong>quippe</strong></span> 
     </span>
    </p>
   </div>
   <div class='ocr_carea' id='block_1_10' title="bbox 373 1072 1945 1164">
    <p class='ocr_par' dir='ltr' id='par_1_10' title="bbox 373 1072 1945 1164">
     <span class='ocr_line' id='line_1_10' title="bbox 373 1072 1945 1164; baseline -0.015 -15"><span class='ocrx_word' id='word_1_51' title='bbox 373 1095 628 1164; x_wconf 84' lang='lat' dir='ltr'><strong>psalmos,</strong></span> <span class='ocrx_word' id='word_1_52' title='bbox 659 1107 755 1162; x_wconf 91' lang='lat' dir='ltr'><strong>per</strong></span> <span class='ocrx_word' id='word_1_53' title='bbox 781 1091 958 1145; x_wconf 88' lang='lat' dir='ltr'><strong>omnia</strong></span> <span class='ocrx_word' id='word_1_54' title='bbox 987 1087 1212 1151; x_wconf 84' lang='lat' dir='ltr'><strong>cantica,</strong></span> <span class='ocrx_word' id='word_1_55' title='bbox 1244 1079 1508 1153; x_wconf 70' lang='lat' dir='ltr'><strong>prmconia</strong></span> <span class='ocrx_word' id='word_1_56' title='bbox 1549 1083 1746 1133; x_wconf 65' lang='lat' dir='ltr'><strong>sanctae</strong></span> <span class='ocrx_word' id='word_1_57' title='bbox 1768 1072 1945 1129; x_wconf 77' lang='lat' dir='ltr'><strong>Trini-</strong></span> 
     </span>
    </p>
   </div>
   <div class='ocr_carea' id='block_1_11' title="bbox 373 1165 1946 1248">
    <p class='ocr_par' dir='ltr' id='par_1_11' title="bbox 373 1165 1946 1248">
     <span class='ocr_line' id='line_1_11' title="bbox 373 1165 1946 1248; baseline -0.014 -7"><span class='ocrx_word' id='word_1_58' title='bbox 373 1185 498 1241; x_wconf 91' lang='lat' dir='ltr'><strong>tatis</strong></span> <span class='ocrx_word' id='word_1_59' title='bbox 519 1183 798 1239; x_wconf 84' lang='lat' dir='ltr'><strong>interseris</strong></span> <span class='ocrx_word' id='word_1_60' title='bbox 822 1198 838 1248; x_wconf 89' lang='lat'><strong>;</strong></span> <span class='ocrx_word' id='word_1_61' title='bbox 883 1191 942 1235; x_wconf 94' lang='lat' dir='ltr'><strong>ut</strong></span> <span class='ocrx_word' id='word_1_62' title='bbox 969 1178 1123 1248; x_wconf 86' lang='lat' dir='ltr'><strong>cujus</strong></span> <span class='ocrx_word' id='word_1_63' title='bbox 1151 1184 1270 1231; x_wconf 91' lang='lat' dir='ltr'><strong>sunt</strong></span> <span class='ocrx_word' id='word_1_64' title='bbox 1294 1181 1498 1229; x_wconf 89' lang='lat' dir='ltr'><strong>saerata</strong></span> <span class='ocrx_word' id='word_1_65' title='bbox 1517 1170 1682 1226; x_wconf 86' lang='lat' dir='ltr'><strong>verba</strong></span> <span class='ocrx_word' id='word_1_66' title='bbox 1709 1182 1825 1236; x_wconf 82' lang='lat' dir='ltr'><strong>quae</strong></span> <span class='ocrx_word' id='word_1_67' title='bbox 1855 1165 1946 1220; x_wconf 90' lang='lat' dir='ltr'><strong>lo-</strong></span> 
     </span>
    </p>
   </div>
   <div class='ocr_carea' id='block_1_12' title="bbox 371 1257 1950 1349">
    <p class='ocr_par' dir='ltr' id='par_1_12' title="bbox 371 1257 1950 1349">
     <span class='ocr_line' id='line_1_12' title="bbox 371 1257 1950 1349; baseline -0.011 -21"><span class='ocrx_word' id='word_1_68' title='bbox 371 1278 607 1349; x_wconf 85' lang='lat' dir='ltr'><strong>quimur,</strong></span> <span class='ocrx_word' id='word_1_69' title='bbox 631 1276 709 1331; x_wconf 91' lang='lat' dir='ltr'><strong>eis</strong></span> <span class='ocrx_word' id='word_1_70' title='bbox 727 1277 842 1330; x_wconf 89' lang='lat' dir='ltr'><strong>laus</strong></span> <span class='ocrx_word' id='word_1_71' title='bbox 865 1287 1075 1342; x_wconf 87' lang='lat' dir='ltr'><strong>semper</strong></span> <span class='ocrx_word' id='word_1_72' title='bbox 1105 1277 1157 1325; x_wconf 89' lang='lat' dir='ltr'><strong>et</strong></span> <span class='ocrx_word' id='word_1_73' title='bbox 1178 1265 1483 1323; x_wconf 87' lang='lat' dir='ltr'><strong>dulcissima</strong></span> <span class='ocrx_word' id='word_1_74' title='bbox 1505 1263 1671 1334; x_wconf 93' lang='lat' dir='ltr'><strong>gloria</strong></span> <span class='ocrx_word' id='word_1_75' title='bbox 1700 1257 1950 1315; x_wconf 89' lang='lat' dir='ltr'><strong>reddere-</strong></span> 
     </span>
    </p>
   </div>
   <div class='ocr_carea' id='block_1_13' title="bbox 372 1349 1952 1435">
    <p class='ocr_par' dir='ltr' id='par_1_13' title="bbox 372 1349 1952 1435">
     <span class='ocr_line' id='line_1_13' title="bbox 372 1349 1952 1435; baseline -0.014 -10"><span class='ocrx_word' id='word_1_76' title='bbox 372 1379 480 1425; x_wconf 88' lang='lat' dir='ltr'><strong>tur.</strong></span> <span class='ocrx_word' id='word_1_77' title='bbox 503 1368 634 1435; x_wconf 75' lang='lat' dir='ltr'><strong>Qum</strong></span> <span class='ocrx_word' id='word_1_78' title='bbox 659 1367 829 1422; x_wconf 90' lang='lat' dir='ltr'><strong>salum</strong></span> <span class='ocrx_word' id='word_1_79' title='bbox 859 1364 1040 1420; x_wconf 56' lang='lat' dir='ltr'><strong>sa’culi</strong></span> <span class='ocrx_word' id='word_1_80' title='bbox 1070 1361 1257 1431; x_wconf 87' lang='lat' dir='ltr'><strong>hujus,</strong></span> <span class='ocrx_word' id='word_1_81' title='bbox 1289 1367 1342 1414; x_wconf 92' lang='lat' dir='ltr'><strong>et</strong></span> <span class='ocrx_word' id='word_1_82' title='bbox 1373 1355 1744 1412; x_wconf 69' lang='lat' dir='ltr'><strong>haereticorum</strong></span> <span class='ocrx_word' id='word_1_83' title='bbox 1769 1349 1952 1406; x_wconf 69' lang='lat' dir='ltr'><strong>saevis-</strong></span> 
     </span>
    </p>
   </div>
   <div class='ocr_carea' id='block_1_14' title="bbox 376 1442 1954 1527">
    <p class='ocr_par' dir='ltr' id='par_1_14' title="bbox 376 1442 1954 1527">
     <span class='ocr_line' id='line_1_14' title="bbox 376 1442 1954 1527; baseline -0.013 -13"><span class='ocrx_word' id='word_1_84' title='bbox 376 1461 540 1515; x_wconf 87' lang='lat' dir='ltr'><strong>simas</strong></span> <span class='ocrx_word' id='word_1_85' title='bbox 571 1457 835 1527; x_wconf 88' lang='lat' dir='ltr'><strong>procellas</strong></span> <span class='ocrx_word' id='word_1_86' title='bbox 868 1457 922 1510; x_wconf 91' lang='lat' dir='ltr'><strong>in</strong></span> <span class='ocrx_word' id='word_1_87' title='bbox 950 1467 1090 1508; x_wconf 69' lang='lat' dir='ltr'><strong>arca:</strong></span> <span class='ocrx_word' id='word_1_88' title='bbox 1116 1450 1259 1506; x_wconf 89' lang='lat' dir='ltr'><strong>illius</strong></span> <span class='ocrx_word' id='word_1_89' title='bbox 1299 1447 1411 1503; x_wconf 85' lang='lat' dir='ltr'><strong>Noe</strong></span> <span class='ocrx_word' id='word_1_90' title='bbox 1439 1442 1805 1506; x_wconf 88' lang='lat' dir='ltr'><strong>similitudine,</strong></span> <span class='ocrx_word' id='word_1_91' title='bbox 1835 1451 1954 1508; x_wconf 63' lang='lat' dir='ltr'><strong>quae</strong></span> 
     </span>
    </p>
   </div>
   <div class='ocr_carea' id='block_1_15' title="bbox 378 1529 1957 1614">
    <p class='ocr_par' dir='ltr' id='par_1_15' title="bbox 378 1529 1957 1614">
     <span class='ocr_line' id='line_1_15' title="bbox 378 1529 1957 1614; baseline -0.013 -11"><span class='ocrx_word' id='word_1_92' title='bbox 378 1559 524 1605; x_wconf 91' lang='lat' dir='ltr'><strong>tuam</strong></span> <span class='ocrx_word' id='word_1_93' title='bbox 581 1545 858 1603; x_wconf 79' lang='lat' dir='ltr'><strong>evidenter</strong></span> <span class='ocrx_word' id='word_1_94' title='bbox 903 1543 1136 1614; x_wconf 86' lang='lat' dir='ltr'><strong>portavit</strong></span> <span class='ocrx_word' id='word_1_95' title='bbox 1179 1540 1485 1610; x_wconf 82' lang='lat' dir='ltr'><strong>imaginem,</strong></span> <span class='ocrx_word' id='word_1_96' title='bbox 1539 1535 1650 1590; x_wconf 91' lang='lat' dir='ltr'><strong>sola</strong></span> <span class='ocrx_word' id='word_1_97' title='bbox 1695 1529 1957 1586; x_wconf 75' lang='lat' dir='ltr'><strong>inolienso</strong></span> 
     </span>
    </p>
   </div>
   <div class='ocr_carea' id='block_1_16' title="bbox 381 1621 1953 1706">
    <p class='ocr_par' dir='ltr' id='par_1_16' title="bbox 381 1621 1953 1706">
     <span class='ocr_line' id='line_1_16' title="bbox 381 1621 1953 1706; baseline -0.013 -11"><span class='ocrx_word' id='word_1_98' title='bbox 381 1639 508 1695; x_wconf 81' lang='lat' dir='ltr'><strong>ﬁdei</strong></span> <span class='ocrx_word' id='word_1_99' title='bbox 536 1653 698 1694; x_wconf 91' lang='lat' dir='ltr'><strong>cursu</strong></span> <span class='ocrx_word' id='word_1_100' title='bbox 728 1638 844 1692; x_wconf 88' lang='lat' dir='ltr'><strong>sine</strong></span> <span class='ocrx_word' id='word_1_101' title='bbox 870 1635 1112 1706; x_wconf 90' lang='lat' dir='ltr'><strong>periculo</strong></span> <span class='ocrx_word' id='word_1_102' title='bbox 1133 1632 1315 1689; x_wconf 84' lang='lat' dir='ltr'><strong>diluvii</strong></span> <span class='ocrx_word' id='word_1_103' title='bbox 1343 1634 1650 1685; x_wconf 83' lang='lat' dir='ltr'><strong>constanter</strong></span> <span class='ocrx_word' id='word_1_104' title='bbox 1676 1621 1953 1692; x_wconf 86' lang='lat' dir='ltr'><strong>enavigas;</strong></span> 
     </span>
    </p>
   </div>
   <div class='ocr_carea' id='block_1_17' title="bbox 376 1714 1957 1793">
    <p class='ocr_par' dir='ltr' id='par_1_17' title="bbox 376 1714 1957 1793">
     <span class='ocr_line' id='line_1_17' title="bbox 376 1714 1957 1793; baseline -0.012 -7"><span class='ocrx_word' id='word_1_105' title='bbox 376 1744 476 1786; x_wconf 89' lang='lat' dir='ltr'><strong>nec</strong></span> <span class='ocrx_word' id='word_1_106' title='bbox 519 1729 640 1785; x_wconf 87' lang='lat' dir='ltr'><strong>ullis</strong></span> <span class='ocrx_word' id='word_1_107' title='bbox 683 1726 962 1786; x_wconf 86' lang='lat' dir='ltr'><strong>erroribus</strong></span> <span class='ocrx_word' id='word_1_108' title='bbox 988 1723 1304 1793; x_wconf 87' lang='lat' dir='ltr'><strong>acquiescis,</strong></span> <span class='ocrx_word' id='word_1_109' title='bbox 1337 1721 1580 1791; x_wconf 84' lang='lat' dir='ltr'><strong>quamvis</strong></span> <span class='ocrx_word' id='word_1_110' title='bbox 1624 1715 1798 1771; x_wconf 90' lang='lat' dir='ltr'><strong>adhuc</strong></span> <span class='ocrx_word' id='word_1_111' title='bbox 1818 1714 1957 1768; x_wconf 90' lang='lat' dir='ltr'><strong>inter</strong></span> 
     </span>
    </p>
   </div>
   <div class='ocr_carea' id='block_1_18' title="bbox 375 1809 1957 1892">
    <p class='ocr_par' dir='ltr' id='par_1_18' title="bbox 375 1809 1957 1892">
     <span class='ocr_line' id='line_1_18' title="bbox 375 1809 1957 1892; baseline -0.011 -15"><span class='ocrx_word' id='word_1_112' title='bbox 375 1821 670 1892; x_wconf 87' lang='lat' dir='ltr'><strong>pravitates</strong></span> <span class='ocrx_word' id='word_1_113' title='bbox 721 1818 879 1888; x_wconf 86' lang='lat' dir='ltr'><strong>hujus</strong></span> <span class='ocrx_word' id='word_1_114' title='bbox 919 1817 1101 1872; x_wconf 69' lang='lat' dir='ltr'><strong>smculi</strong></span> <span class='ocrx_word' id='word_1_115' title='bbox 1144 1814 1455 1885; x_wconf 90' lang='lat' dir='ltr'><strong>gravissima</strong></span> <span class='ocrx_word' id='word_1_116' title='bbox 1486 1809 1808 1866; x_wconf 88' lang='lat' dir='ltr'><strong>necessitate</strong></span> <span class='ocrx_word' id='word_1_117' title='bbox 1836 1820 1957 1861; x_wconf 86' lang='lat' dir='ltr'><strong>ver-</strong></span> 
     </span>
    </p>
   </div>
   <div class='ocr_carea' id='block_1_19' title="bbox 378 1899 1955 1982">
    <p class='ocr_par' dir='ltr' id='par_1_19' title="bbox 378 1899 1955 1982">
     <span class='ocr_line' id='line_1_19' title="bbox 378 1899 1955 1982; baseline -0.01 -14"><span class='ocrx_word' id='word_1_118' title='bbox 378 1914 534 1969; x_wconf 86' lang='lat' dir='ltr'><strong>seris.</strong></span> <span class='ocrx_word' id='word_1_119' title='bbox 558 1910 822 1982; x_wconf 86' lang='lat' dir='ltr'><strong>Quidquid</strong></span> <span class='ocrx_word' id='word_1_120' title='bbox 843 1908 988 1967; x_wconf 90' lang='lat' dir='ltr'><strong>enim</strong></span> <span class='ocrx_word' id='word_1_121' title='bbox 1014 1907 1276 1977; x_wconf 87' lang='lat' dir='ltr'><strong>reperitur</strong></span> <span class='ocrx_word' id='word_1_122' title='bbox 1299 1912 1493 1974; x_wconf 71' lang='lat' dir='ltr'><strong>pmler</strong></span> <span class='ocrx_word' id='word_1_123' title='bbox 1517 1901 1677 1956; x_wconf 84' lang='lat' dir='ltr'><strong>vitale</strong></span> <span class='ocrx_word' id='word_1_124' title='bbox 1693 1899 1955 1971; x_wconf 80' lang='lat' dir='ltr'><strong>gremium</strong></span> 
     </span>
    </p>
   </div>
   <div class='ocr_carea' id='block_1_20' title="bbox 381 1995 1680 2073">
    <p class='ocr_par' dir='ltr' id='par_1_20' title="bbox 381 1995 1680 2073">
     <span class='ocr_line' id='line_1_20' title="bbox 381 1995 1680 2073; baseline -0.012 -11"><span class='ocrx_word' id='word_1_125' title='bbox 381 2013 552 2073; x_wconf 90' lang='lat' dir='ltr'><strong>tuum,</strong></span> <span class='ocrx_word' id='word_1_126' title='bbox 582 2005 915 2062; x_wconf 88' lang='lat' dir='ltr'><strong>mortiferum</strong></span> <span class='ocrx_word' id='word_1_127' title='bbox 948 2009 1155 2058; x_wconf 85' lang='lat' dir='ltr'><strong>constat</strong></span> <span class='ocrx_word' id='word_1_128' title='bbox 1181 2013 1300 2055; x_wconf 89' lang='lat' dir='ltr'><strong>esse</strong></span> <span class='ocrx_word' id='word_1_129' title='bbox 1329 1995 1680 2066; x_wconf 89' lang='lat' dir='ltr'><strong>naufragium.</strong></span> 
     </span>
    </p>
   </div>
   <div class='ocr_carea' id='block_1_21' title="bbox 379 2080 1957 2154">
    <p class='ocr_par' dir='ltr' id='par_1_21' title="bbox 379 2080 1957 2154">
     <span class='ocr_line' id='line_1_21' title="bbox 379 2080 1957 2154; baseline -0.012 0"><span class='ocrx_word' id='word_1_130' title='bbox 379 2135 382 2138; x_wconf 72' lang='lat'><strong><em>~</em></strong></span> <span class='ocrx_word' id='word_1_131' title='bbox 452 2098 584 2153; x_wconf 85' lang='lat' dir='ltr'><strong>Nam</strong></span> <span class='ocrx_word' id='word_1_132' title='bbox 629 2112 749 2154; x_wconf 90' lang='lat' dir='ltr'><strong>cum</strong></span> <span class='ocrx_word' id='word_1_133' title='bbox 790 2093 1055 2152; x_wconf 90' lang='lat' dir='ltr'><strong>Sabellius</strong></span> <span class='ocrx_word' id='word_1_134' title='bbox 1107 2089 1438 2148; x_wconf 90' lang='lat' dir='ltr'><strong>detestabilis</strong></span> <span class='ocrx_word' id='word_1_135' title='bbox 1488 2095 1636 2143; x_wconf 86' lang='lat' dir='ltr'><strong>erret</strong></span> <span class='ocrx_word' id='word_1_136' title='bbox 1676 2083 1729 2139; x_wconf 90' lang='lat' dir='ltr'><strong>in</strong></span> <span class='ocrx_word' id='word_1_137' title='bbox 1777 2080 1957 2146; x_wconf 84' lang='lat' dir='ltr'><strong>Patre,</strong></span> 
     </span>
    </p>
   </div>
   <div class='ocr_carea' id='block_1_22' title="bbox 386 2177 1961 2263">
    <p class='ocr_par' dir='ltr' id='par_1_22' title="bbox 386 2177 1961 2263">
     <span class='ocr_line' id='line_1_22' title="bbox 386 2177 1961 2263; baseline -0.015 -12"><span class='ocrx_word' id='word_1_138' title='bbox 386 2194 605 2251; x_wconf 87' lang='lat' dir='ltr'><strong>demens</strong></span> <span class='ocrx_word' id='word_1_139' title='bbox 636 2194 795 2249; x_wconf 86' lang='lat' dir='ltr'><strong>Arius</strong></span> <span class='ocrx_word' id='word_1_140' title='bbox 825 2193 1102 2263; x_wconf 85' lang='lat' dir='ltr'><strong>delinquat</strong></span> <span class='ocrx_word' id='word_1_141' title='bbox 1145 2191 1200 2246; x_wconf 90' lang='lat' dir='ltr'><strong>in</strong></span> <span class='ocrx_word' id='word_1_142' title='bbox 1245 2186 1404 2252; x_wconf 89' lang='lat' dir='ltr'><strong>Filio,</strong></span> <span class='ocrx_word' id='word_1_143' title='bbox 1448 2184 1628 2239; x_wconf 85' lang='lat' dir='ltr'><strong>Manes</strong></span> <span class='ocrx_word' id='word_1_144' title='bbox 1670 2177 1961 2246; x_wconf 85' lang='lat' dir='ltr'><strong>sacrilegus</strong></span> 
     </span>
    </p>
   </div>
   <div class='ocr_carea' id='block_1_23' title="bbox 381 2270 1961 2356">
    <p class='ocr_par' dir='ltr' id='par_1_23' title="bbox 381 2270 1961 2356">
     <span class='ocr_line' id='line_1_23' title="bbox 381 2270 1961 2356; baseline -0.012 -14"><span class='ocrx_word' id='word_1_145' title='bbox 381 2297 540 2356; x_wconf 80' lang='lat' dir='ltr'><strong>neget</strong></span> <span class='ocrx_word' id='word_1_146' title='bbox 565 2285 820 2355; x_wconf 87' lang='lat' dir='ltr'><strong>Spiritum</strong></span> <span class='ocrx_word' id='word_1_147' title='bbox 863 2293 1125 2348; x_wconf 91' lang='lat' dir='ltr'><strong>sanctum,</strong></span> <span class='ocrx_word' id='word_1_148' title='bbox 1155 2281 1243 2336; x_wconf 89' lang='lat' dir='ltr'><strong>alii</strong></span> <span class='ocrx_word' id='word_1_149' title='bbox 1275 2277 1520 2334; x_wconf 89' lang='lat' dir='ltr'><strong>scelerati</strong></span> <span class='ocrx_word' id='word_1_150' title='bbox 1554 2273 1730 2329; x_wconf 85' lang='lat' dir='ltr'><strong>Veteri</strong></span> <span class='ocrx_word' id='word_1_151' title='bbox 1770 2270 1961 2326; x_wconf 89' lang='lat' dir='ltr'><strong>Testa-</strong></span> 
     </span>
    </p>
   </div>
   <div class='ocr_carea' id='block_1_24' title="bbox 384 2362 1962 2448">
    <p class='ocr_par' dir='ltr' id='par_1_24' title="bbox 384 2362 1962 2448">
     <span class='ocr_line' id='line_1_24' title="bbox 384 2362 1962 2448; baseline -0.011 -16"><span class='ocrx_word' id='word_1_152' title='bbox 384 2386 569 2432; x_wconf 89' lang='lat' dir='ltr'><strong>mento</strong></span> <span class='ocrx_word' id='word_1_153' title='bbox 613 2376 886 2448; x_wconf 82' lang='lat' dir='ltr'><strong>derogent,</strong></span> <span class='ocrx_word' id='word_1_154' title='bbox 935 2373 1177 2430; x_wconf 89' lang='lat' dir='ltr'><strong>nonnulli</strong></span> <span class='ocrx_word' id='word_1_155' title='bbox 1204 2371 1338 2426; x_wconf 84' lang='lat' dir='ltr'><strong>Novi</strong></span> <span class='ocrx_word' id='word_1_156' title='bbox 1377 2364 1710 2424; x_wconf 84' lang='lat' dir='ltr'><strong>Testamenti</strong></span> <span class='ocrx_word' id='word_1_157' title='bbox 1739 2362 1962 2434; x_wconf 86' lang='lat' dir='ltr'><strong>gratiam</strong></span> 
     </span>
    </p>
   </div>
   <div class='ocr_carea' id='block_1_25' title="bbox 386 2454 1964 2538">
    <p class='ocr_par' dir='ltr' id='par_1_25' title="bbox 386 2454 1964 2538">
     <span class='ocr_line' id='line_1_25' title="bbox 386 2454 1964 2538; baseline -0.012 -14"><span class='ocrx_word' id='word_1_158' title='bbox 386 2482 498 2524; x_wconf 86' lang='lat' dir='ltr'><strong>non</strong></span> <span class='ocrx_word' id='word_1_159' title='bbox 526 2476 857 2538; x_wconf 91' lang='lat' dir='ltr'><strong>sequantur;</strong></span> <span class='ocrx_word' id='word_1_160' title='bbox 911 2475 968 2521; x_wconf 93' lang='lat' dir='ltr'><strong>tu</strong></span> <span class='ocrx_word' id='word_1_161' title='bbox 1026 2471 1230 2519; x_wconf 91' lang='lat' dir='ltr'><strong>tantum</strong></span> <span class='ocrx_word' id='word_1_162' title='bbox 1282 2458 1565 2516; x_wconf 85' lang='lat' dir='ltr'><strong>devotione</strong></span> <span class='ocrx_word' id='word_1_163' title='bbox 1613 2454 1775 2517; x_wconf 83' lang='lat' dir='ltr'><strong>ﬁdeli,</strong></span> <span class='ocrx_word' id='word_1_164' title='bbox 1821 2465 1964 2523; x_wconf 71' lang='lat' dir='ltr'><strong>pra:-</strong></span> 
     </span>
    </p>
   </div>
   <div class='ocr_carea' id='block_1_26' title="bbox 389 2542 1966 2624">
    <p class='ocr_par' dir='ltr' id='par_1_26' title="bbox 389 2542 1966 2624">
     <span class='ocr_line' id='line_1_26' title="bbox 389 2542 1966 2624; baseline -0.013 -8"><span class='ocrx_word' id='word_1_165' title='bbox 389 2567 564 2616; x_wconf 85' lang='lat' dir='ltr'><strong>stante</strong></span> <span class='ocrx_word' id='word_1_166' title='bbox 594 2558 842 2624; x_wconf 85' lang='lat' dir='ltr'><strong>Domino,</strong></span> <span class='ocrx_word' id='word_1_167' title='bbox 884 2556 1144 2612; x_wconf 85' lang='lat' dir='ltr'><strong>inoll&#39;ense</strong></span> <span class='ocrx_word' id='word_1_168' title='bbox 1189 2562 1378 2610; x_wconf 85' lang='lat' dir='ltr'><strong>cuncta</strong></span> <span class='ocrx_word' id='word_1_169' title='bbox 1422 2545 1816 2618; x_wconf 88' lang='lat' dir='ltr'><strong>complecteris.</strong></span> <span class='ocrx_word' id='word_1_170' title='bbox 1866 2542 1966 2598; x_wconf 83' lang='lat' dir='ltr'><strong>Pa-</strong></span> 
     </span>
    </p>
   </div>
   <div class='ocr_carea' id='block_1_27' title="bbox 389 2637 1962 2720">
    <p class='ocr_par' dir='ltr' id='par_1_27' title="bbox 389 2637 1962 2720">
     <span class='ocr_line' id='line_1_27' title="bbox 389 2637 1962 2720; baseline -0.008 -18"><span class='ocrx_word' id='word_1_171' title='bbox 389 2658 529 2705; x_wconf 92' lang='lat' dir='ltr'><strong>trem</strong></span> <span class='ocrx_word' id='word_1_172' title='bbox 577 2649 775 2720; x_wconf 87' lang='lat' dir='ltr'><strong>quippe</strong></span> <span class='ocrx_word' id='word_1_173' title='bbox 823 2649 1025 2703; x_wconf 92' lang='lat' dir='ltr'><strong>docens</strong></span> <span class='ocrx_word' id='word_1_174' title='bbox 1082 2645 1398 2716; x_wconf 85' lang='lat' dir='ltr'><strong>ingenitum,</strong></span> <span class='ocrx_word' id='word_1_175' title='bbox 1460 2640 1652 2695; x_wconf 86' lang='lat' dir='ltr'><strong>Filium</strong></span> <span class='ocrx_word' id='word_1_176' title='bbox 1705 2637 1962 2708; x_wconf 89' lang='lat' dir='ltr'><strong>genitum,</strong></span> 
     </span>
    </p>
   </div>
   <div class='ocr_carea' id='block_1_28' title="bbox 365 2730 1965 2812">
    <p class='ocr_par' dir='ltr' id='par_1_28' title="bbox 365 2730 1965 2812">
     <span class='ocr_line' id='line_1_28' title="bbox 365 2730 1965 2812; baseline -0.009 -16"><span class='ocrx_word' id='word_1_177' title='bbox 365 2735 929 2812; x_wconf 12' lang='lat' dir='ltr'><strong>&#39;Spiritumgsanctum</strong></span> <span class='ocrx_word' id='word_1_178' title='bbox 973 2738 1041 2794; x_wconf 92' lang='lat' dir='ltr'><strong>de</strong></span> <span class='ocrx_word' id='word_1_179' title='bbox 1091 2737 1249 2793; x_wconf 86' lang='lat' dir='ltr'><strong>Patre</strong></span> <span class='ocrx_word' id='word_1_180' title='bbox 1294 2744 1348 2792; x_wconf 90' lang='lat' dir='ltr'><strong>et</strong></span> <span class='ocrx_word' id='word_1_181' title='bbox 1379 2733 1516 2789; x_wconf 87' lang='lat' dir='ltr'><strong>Filio</strong></span> <span class='ocrx_word' id='word_1_182' title='bbox 1561 2730 1965 2802; x_wconf 87' lang='lat' dir='ltr'><strong>procedentem,</strong></span> 
     </span>
    </p>
   </div>
   <div class='ocr_carea' id='block_1_29' title="bbox 384 2827 1968 2902">
    <p class='ocr_par' dir='ltr' id='par_1_29' title="bbox 384 2827 1968 2902">
     <span class='ocr_line' id='line_1_29' title="bbox 384 2827 1968 2902; baseline -0.009 -12"><span class='ocrx_word' id='word_1_183' title='bbox 384 2848 552 2890; x_wconf 89' lang='lat' dir='ltr'><strong>unum</strong></span> <span class='ocrx_word' id='word_1_184' title='bbox 580 2833 770 2901; x_wconf 90' lang='lat' dir='ltr'><strong>Deum,</strong></span> <span class='ocrx_word' id='word_1_185' title='bbox 794 2841 1036 2889; x_wconf 87' lang='lat' dir='ltr'><strong>sanctam</strong></span> <span class='ocrx_word' id='word_1_186' title='bbox 1063 2829 1360 2902; x_wconf 73' lang='lat' dir='ltr'><strong>praadicans</strong></span> <span class='ocrx_word' id='word_1_187' title='bbox 1381 2827 1722 2890; x_wconf 87' lang='lat' dir='ltr'><strong>Trinitatem,</strong></span> <span class='ocrx_word' id='word_1_188' title='bbox 1744 2831 1968 2880; x_wconf 59' lang='lat' dir='ltr'><strong>coaeter-</strong></span> 
     </span>
    </p>
   </div>
   <div class='ocr_carea' id='block_1_30' title="bbox 385 2919 1970 2995">
    <p class='ocr_par' dir='ltr' id='par_1_30' title="bbox 385 2919 1970 2995">
     <span class='ocr_line' id='line_1_30' title="bbox 385 2919 1970 2995; baseline -0.009 -12"><span class='ocrx_word' id='word_1_189' title='bbox 385 2940 515 2983; x_wconf 85' lang='lat' dir='ltr'><strong>nam</strong></span> <span class='ocrx_word' id='word_1_190' title='bbox 543 2925 645 2981; x_wconf 86' lang='lat' dir='ltr'><strong>sibi</strong></span> <span class='ocrx_word' id='word_1_191' title='bbox 673 2935 729 2982; x_wconf 91' lang='lat' dir='ltr'><strong>et</strong></span> <span class='ocrx_word' id='word_1_192' title='bbox 769 2925 1044 2995; x_wconf 71' lang='lat' dir='ltr'><strong>aequaliter</strong></span> <span class='ocrx_word' id='word_1_193' title='bbox 1091 2923 1533 2993; x_wconf 88' lang='lat' dir='ltr'><strong>omnipotentem,</strong></span> <span class='ocrx_word' id='word_1_194' title='bbox 1583 2919 1970 2985; x_wconf 82' lang='lat' dir='ltr'><strong>Dominamque</strong></span> 
     </span>
    </p>
   </div>
   <div class='ocr_carea' id='block_1_31' title="bbox 387 3007 1968 3074">
    <p class='ocr_par' dir='ltr' id='par_1_31' title="bbox 387 3007 1968 3074">
     <span class='ocr_line' id='line_1_31' title="bbox 387 3007 1968 3074; baseline -0.008 0"><span class='ocrx_word' id='word_1_195' title='bbox 387 3015 658 3074; x_wconf 84' lang='lat' dir='ltr'><strong>Christum</strong></span> <span class='ocrx_word' id='word_1_196' title='bbox 704 3025 1009 3072; x_wconf 91' lang='lat' dir='ltr'><strong>manentem</strong></span> <span class='ocrx_word' id='word_1_197' title='bbox 1052 3016 1104 3070; x_wconf 92' lang='lat' dir='ltr'><strong>in</strong></span> <span class='ocrx_word' id='word_1_198' title='bbox 1131 3013 1409 3069; x_wconf 82' lang='lat' dir='ltr'><strong>divinitate</strong></span> <span class='ocrx_word' id='word_1_199' title='bbox 1459 3025 1555 3066; x_wconf 90' lang='lat' dir='ltr'><strong>sua</strong></span> <span class='ocrx_word' id='word_1_200' title='bbox 1586 3018 1641 3065; x_wconf 90' lang='lat' dir='ltr'><strong>et</strong></span> <span class='ocrx_word' id='word_1_201' title='bbox 1678 3022 1838 3064; x_wconf 90' lang='lat' dir='ltr'><strong>carne</strong></span> <span class='ocrx_word' id='word_1_202' title='bbox 1863 3007 1968 3062; x_wconf 86' lang='lat' dir='ltr'><strong>hu-</strong></span> 
     </span>
    </p>
   </div>
   <div class='ocr_carea' id='block_1_32' title="bbox 1960 365 3638 451">
    <p class='ocr_par' dir='ltr' id='par_1_32' title="bbox 1960 365 3638 451">
     <span class='ocr_line' id='line_1_32' title="bbox 1960 365 3638 451; baseline -0.007 -10"><span class='ocrx_word' id='word_1_203' title='bbox 1960 392 2012 451; x_wconf 72' lang='grc' dir='ltr'><strong>Λ</strong></span> <span class='ocrx_word' id='word_1_204' title='bbox 2037 385 2238 442; x_wconf 78' lang='lat' dir='ltr'><strong>stillam</strong></span> <span class='ocrx_word' id='word_1_205' title='bbox 2281 381 2419 437; x_wconf 90' lang='lat' dir='ltr'><strong>labia</strong></span> <span class='ocrx_word' id='word_1_206' title='bbox 2463 385 2572 447; x_wconf 85' lang='lat' dir='ltr'><strong>tua,</strong></span> <span class='ocrx_word' id='word_1_207' title='bbox 2601 391 2808 449; x_wconf 75' lang='lat' dir='ltr'><strong>sponsa,</strong></span> <span class='ocrx_word' id='word_1_208' title='bbox 2850 365 3046 432; x_wconf 63' lang='lat' dir='ltr'><strong>ntel&#39;et</strong></span> <span class='ocrx_word' id='word_1_209' title='bbox 3089 374 3169 432; x_wconf 85' lang='lat' dir='ltr'><strong>lac</strong></span> <span class='ocrx_word' id='word_1_210' title='bbox 3193 370 3302 430; x_wconf 41' lang='lat' dir='ltr'><strong>‘su&#39;b</strong></span> <span class='ocrx_word' id='word_1_211' title='bbox 3326 374 3511 449; x_wconf 66' lang='lat' dir='ltr'><strong>lingua</strong></span> <span class='ocrx_word' id='word_1_212' title='bbox 3540 382 3638 430; x_wconf 87' lang='lat' dir='ltr'><strong>tua</strong></span> 
     </span>
    </p>
   </div>
   <div class='ocr_carea' id='block_1_33' title="bbox 2044 471 3639 550">
    <p class='ocr_par' dir='ltr' id='par_1_33' title="bbox 2044 471 3639 550">
     <span class='ocr_line' id='line_1_33' title="bbox 2044 471 3639 550; baseline -0.004 -17"><span class='ocrx_word' id='word_1_213' title='bbox 2044 478 2234 550; x_wconf 83' lang='lat' dir='ltr'><strong>(Cant.</strong></span> <span class='ocrx_word' id='word_1_214' title='bbox 2281 492 2358 542; x_wconf 85' lang='lat' dir='ltr'><strong>tv,</strong></span> <span class='ocrx_word' id='word_1_215' title='bbox 2390 475 2492 542; x_wconf 89' lang='lat' dir='ltr'><strong>l0,</strong></span> <span class='ocrx_word' id='word_1_216' title='bbox 2523 471 2606 530; x_wconf 76' lang='grc' dir='ltr'>Ἠ</span> <span class='ocrx_word' id='word_1_217' title='bbox 2625 472 2667 544; x_wconf 93' lang='grc'><strong>).</strong></span> <span class='ocrx_word' id='word_1_218' title='bbox 2697 473 2829 540; x_wconf 59' lang='lat' dir='ltr'><strong>Quae</strong></span> <span class='ocrx_word' id='word_1_219' title='bbox 2867 473 3092 530; x_wconf 89' lang='lat' dir='ltr'><strong>mereris</strong></span> <span class='ocrx_word' id='word_1_220' title='bbox 3131 471 3362 543; x_wconf 86' lang='lat' dir='ltr'><strong>denique</strong></span> <span class='ocrx_word' id='word_1_221' title='bbox 3389 471 3639 528; x_wconf 89' lang='lat' dir='ltr'><strong>osculari</strong></span> 
     </span>
    </p>
   </div>
   <div class='ocr_carea' id='block_1_34' title="bbox 2043 564 3644 638">
    <p class='ocr_par' dir='ltr' id='par_1_34' title="bbox 2043 564 3644 638">
     <span class='ocr_line' id='line_1_34' title="bbox 2043 564 3644 638; baseline -0.006 -9"><span class='ocrx_word' id='word_1_222' title='bbox 2043 571 2342 638; x_wconf 88' lang='lat' dir='ltr'><strong>Christum,</strong></span> <span class='ocrx_word' id='word_1_223' title='bbox 2386 577 2441 624; x_wconf 90' lang='lat' dir='ltr'><strong>et</strong></span> <span class='ocrx_word' id='word_1_224' title='bbox 2466 568 2630 623; x_wconf 90' lang='lat' dir='ltr'><strong>decus</strong></span> <span class='ocrx_word' id='word_1_225' title='bbox 2659 565 2790 621; x_wconf 89' lang='lat' dir='ltr'><strong>illud</strong></span> <span class='ocrx_word' id='word_1_226' title='bbox 2818 567 3125 638; x_wconf 88' lang='lat' dir='ltr'><strong>perenniter</strong></span> <span class='ocrx_word' id='word_1_227' title='bbox 3151 566 3424 622; x_wconf 89' lang='lat' dir='ltr'><strong>custodire</strong></span> <span class='ocrx_word' id='word_1_228' title='bbox 3467 564 3644 635; x_wconf 85' lang='lat' dir='ltr'><strong>virgi-</strong></span> 
     </span>
    </p>
   </div>
   <div class='ocr_carea' id='block_1_35' title="bbox 2045 658 2830 732">
    <p class='ocr_par' dir='ltr' id='par_1_35' title="bbox 2045 658 2830 732">
     <span class='ocr_line' id='line_1_35' title="bbox 2045 658 2830 732; baseline -0.011 -10"><span class='ocrx_word' id='word_1_229' title='bbox 2045 679 2240 732; x_wconf 88' lang='lat' dir='ltr'><strong>neum;</strong></span> <span class='ocrx_word' id='word_1_230' title='bbox 2275 663 2368 719; x_wconf 86' lang='lat' dir='ltr'><strong>tibi</strong></span> <span class='ocrx_word' id='word_1_231' title='bbox 2396 660 2537 718; x_wconf 85' lang='lat' dir='ltr'><strong>enim</strong></span> <span class='ocrx_word' id='word_1_232' title='bbox 2580 658 2773 716; x_wconf 89' lang='lat' dir='ltr'><strong>dicitur</strong></span> <span class='ocrx_word' id='word_1_233' title='bbox 2818 679 2830 713; x_wconf 92' lang='lat'><strong>:</strong></span> 
     </span>
    </p>
   </div>
   <div class='ocr_carea' id='block_1_36' title="bbox 2045 755 3650 830">
    <p class='ocr_par' dir='ltr' id='par_1_36' title="bbox 2045 755 3650 830">
     <span class='ocr_line' id='line_1_36' title="bbox 2045 755 3650 830; baseline -0.004 -16"><span class='ocrx_word' id='word_1_234' title='bbox 2045 762 2145 827; x_wconf 85' lang='lat' dir='ltr'><strong>sui,</strong></span> <span class='ocrx_word' id='word_1_235' title='bbox 2177 759 2298 830; x_wconf 87' lang='lat' dir='ltr'><strong>quia</strong></span> <span class='ocrx_word' id='word_1_236' title='bbox 2336 757 2546 813; x_wconf 80' lang='lat' dir='ltr'><strong>meliora</strong></span> <span class='ocrx_word' id='word_1_237' title='bbox 2575 763 2691 811; x_wconf 86' lang='lat' dir='ltr'><strong>sunt</strong></span> <span class='ocrx_word' id='word_1_238' title='bbox 2721 755 2877 810; x_wconf 86' lang='lat' dir='ltr'><strong>ubera</strong></span> <span class='ocrx_word' id='word_1_239' title='bbox 2906 765 2996 810; x_wconf 88' lang='lat' dir='ltr'><strong>tua</strong></span> <span class='ocrx_word' id='word_1_240' title='bbox 3022 756 3170 823; x_wconf 80' lang='lat' dir='ltr'><strong>uino,</strong></span> <span class='ocrx_word' id='word_1_241' title='bbox 3202 755 3502 826; x_wconf 80' lang='lat' dir='ltr'><strong>fragrantia</strong></span> <span class='ocrx_word' id='word_1_242' title='bbox 3541 769 3650 808; x_wconf 81' lang='lat' dir='ltr'><strong>un-</strong></span> 
     </span>
    </p>
   </div>
   <div class='ocr_carea' id='block_1_37' title="bbox 2047 844 3650 926">
    <p class='ocr_par' dir='ltr' id='par_1_37' title="bbox 2047 844 3650 926">
     <span class='ocr_line' id='line_1_37' title="bbox 2047 844 3650 926; baseline -0.004 -17"><span class='ocrx_word' id='word_1_243' title='bbox 2047 855 2248 926; x_wconf 87' lang='lat' dir='ltr'><strong>guentis</strong></span> <span class='ocrx_word' id='word_1_244' title='bbox 2278 851 2481 923; x_wconf 77' lang='lat' dir='ltr'><strong>Optimis</strong></span> <span class='ocrx_word' id='word_1_245' title='bbox 2505 849 2699 923; x_wconf 91' lang='lat' dir='ltr'><strong>(Cant.</strong></span> <span class='ocrx_word' id='word_1_246' title='bbox 2724 866 2762 916; x_wconf 82' lang='grc' dir='ltr'><strong>ι,</strong></span> <span class='ocrx_word' id='word_1_247' title='bbox 2793 850 2820 904; x_wconf 82' lang='grc'><strong>1</strong></span> <span class='ocrx_word' id='word_1_248' title='bbox 2846 849 2896 920; x_wconf 89' lang='grc'>);</span> <span class='ocrx_word' id='word_1_249' title='bbox 2930 857 2988 904; x_wconf 87' lang='lat' dir='ltr'><strong>et</strong></span> <span class='ocrx_word' id='word_1_250' title='bbox 3007 856 3200 905; x_wconf 64' lang='lat' dir='ltr'><strong>caetera</strong></span> <span class='ocrx_word' id='word_1_251' title='bbox 3226 862 3345 918; x_wconf 64' lang='lat' dir='ltr'><strong>quae</strong></span> <span class='ocrx_word' id='word_1_252' title='bbox 3374 848 3522 904; x_wconf 84' lang='lat' dir='ltr'><strong>liber</strong></span> <span class='ocrx_word' id='word_1_253' title='bbox 3551 844 3650 902; x_wconf 82' lang='lat' dir='ltr'><strong>ille</strong></span> 
     </span>
    </p>
   </div>
   <div class='ocr_carea' id='block_1_38' title="bbox 2047 941 3339 1018">
    <p class='ocr_par' dir='ltr' id='par_1_38' title="bbox 2047 941 3339 1018">
     <span class='ocr_line' id='line_1_38' title="bbox 2047 941 3339 1018; baseline -0.007 -14"><span class='ocrx_word' id='word_1_254' title='bbox 2047 941 2260 1004; x_wconf 89' lang='lat' dir='ltr'><strong>divinus</strong></span> <span class='ocrx_word' id='word_1_255' title='bbox 2285 945 2509 1018; x_wconf 82' lang='lat' dir='ltr'><strong>mystica</strong></span> <span class='ocrx_word' id='word_1_256' title='bbox 2540 942 2918 1014; x_wconf 82' lang='lat' dir='ltr'><strong>praedicatione</strong></span> <span class='ocrx_word' id='word_1_257' title='bbox 2945 941 3339 1013; x_wconf 87' lang='lat' dir='ltr'><strong>complectitur.</strong></span> 
     </span>
    </p>
   </div>
   <div class='ocr_carea' id='block_1_39' title="bbox 2881 657 3644 715">
    <p class='ocr_par' dir='ltr' id='par_1_39' title="bbox 2881 657 3644 715">
     <span class='ocr_line' id='line_1_39' title="bbox 2881 657 3644 715; baseline -0.004 0"><span class='ocrx_word' id='word_1_258' title='bbox 2881 658 3151 715; x_wconf 81' lang='lat' dir='ltr'><strong>Osculetur</strong></span> <span class='ocrx_word' id='word_1_259' title='bbox 3193 675 3274 713; x_wconf 88' lang='lat' dir='ltr'><strong>me</strong></span> <span class='ocrx_word' id='word_1_260' title='bbox 3314 657 3500 714; x_wconf 87' lang='lat' dir='ltr'><strong>osculo</strong></span> <span class='ocrx_word' id='word_1_261' title='bbox 3530 659 3644 713; x_wconf 81' lang='lat' dir='ltr'><strong>oris</strong></span> 
     </span>
    </p>
   </div>
   <div class='ocr_carea' id='block_1_40' title="bbox 2121 1030 3656 1109">
    <p class='ocr_par' dir='ltr' id='par_1_40' title="bbox 2121 1030 3656 1109">
     <span class='ocr_line' id='line_1_40' title="bbox 2121 1030 3656 1109; baseline -0.007 -14"><span class='ocrx_word' id='word_1_262' title='bbox 2121 1040 2456 1109; x_wconf 89' lang='lat' dir='ltr'><strong>Quapropter</strong></span> <span class='ocrx_word' id='word_1_263' title='bbox 2478 1035 2632 1090; x_wconf 90' lang='lat' dir='ltr'><strong>factis</strong></span> <span class='ocrx_word' id='word_1_264' title='bbox 2658 1033 2988 1089; x_wconf 87' lang='lat' dir='ltr'><strong>auditoribus</strong></span> <span class='ocrx_word' id='word_1_265' title='bbox 3012 1048 3107 1103; x_wconf 90' lang='lat' dir='ltr'><strong>per</strong></span> <span class='ocrx_word' id='word_1_266' title='bbox 3138 1032 3428 1102; x_wconf 90' lang='lat' dir='ltr'><strong>quamdam</strong></span> <span class='ocrx_word' id='word_1_267' title='bbox 3463 1030 3656 1102; x_wconf 86' lang='lat' dir='ltr'><strong>isago-</strong></span> 
     </span>
    </p>
   </div>
   <div class='ocr_carea' id='block_1_41' title="bbox 2050 1121 3660 1200">
    <p class='ocr_par' dir='ltr' id='par_1_41' title="bbox 2050 1121 3660 1200">
     <span class='ocr_line' id='line_1_41' title="bbox 2050 1121 3660 1200; baseline -0.003 -16"><span class='ocrx_word' id='word_1_268' title='bbox 2050 1142 2179 1200; x_wconf 89' lang='lat' dir='ltr'><strong>gen,</strong></span> <span class='ocrx_word' id='word_1_269' title='bbox 2212 1143 2333 1199; x_wconf 70' lang='lat' dir='ltr'><strong>qua:</strong></span> <span class='ocrx_word' id='word_1_270' title='bbox 2359 1134 2443 1183; x_wconf 92' lang='lat' dir='ltr'><strong>est</strong></span> <span class='ocrx_word' id='word_1_271' title='bbox 2466 1125 2738 1196; x_wconf 88' lang='lat' dir='ltr'><strong>sequentis</strong></span> <span class='ocrx_word' id='word_1_272' title='bbox 2761 1123 2940 1194; x_wconf 88' lang='lat' dir='ltr'><strong>operis</strong></span> <span class='ocrx_word' id='word_1_273' title='bbox 2963 1122 3304 1190; x_wconf 90' lang='lat' dir='ltr'><strong>introductio,</strong></span> <span class='ocrx_word' id='word_1_274' title='bbox 3333 1121 3512 1179; x_wconf 80' lang='lat' dir='ltr'><strong>index</strong></span> <span class='ocrx_word' id='word_1_275' title='bbox 3542 1135 3660 1179; x_wconf 73' lang='lat' dir='ltr'><strong>etn-</strong></span> 
     </span>
    </p>
   </div>
   <div class='ocr_carea' id='block_1_42' title="bbox 2053 1213 3656 1289">
    <p class='ocr_par' dir='ltr' id='par_1_42' title="bbox 2053 1213 3656 1289">
     <span class='ocr_line' id='line_1_42' title="bbox 2053 1213 3656 1289; baseline -0.002 -16"><span class='ocrx_word' id='word_1_276' title='bbox 2053 1219 2269 1277; x_wconf 90' lang='lat' dir='ltr'><strong>lestium</strong></span> <span class='ocrx_word' id='word_1_277' title='bbox 2300 1216 2704 1289; x_wconf 82' lang='lat' dir='ltr'><strong>mysteriorum,</strong></span> <span class='ocrx_word' id='word_1_278' title='bbox 2735 1224 2791 1271; x_wconf 90' lang='lat' dir='ltr'><strong>et</strong></span> <span class='ocrx_word' id='word_1_279' title='bbox 2818 1228 2986 1270; x_wconf 70' lang='lat' dir='ltr'><strong>sacra:</strong></span> <span class='ocrx_word' id='word_1_280' title='bbox 3015 1215 3312 1285; x_wconf 67' lang='lat' dir='ltr'><strong>praenuntia</strong></span> <span class='ocrx_word' id='word_1_281' title='bbox 3342 1213 3615 1271; x_wconf 83' lang='lat' dir='ltr'><strong>dictionis</strong></span> <span class='ocrx_word' id='word_1_282' title='bbox 3637 1255 3656 1283; x_wconf 94' lang='lat'><strong>,</strong></span> 
     </span>
    </p>
   </div>
   <div class='ocr_carea' id='block_1_43' title="bbox 2053 1305 3661 1379">
    <p class='ocr_par' dir='ltr' id='par_1_43' title="bbox 2053 1305 3661 1379">
     <span class='ocr_line' id='line_1_43' title="bbox 2053 1305 3661 1379; baseline -0.003 -14"><span class='ocrx_word' id='word_1_283' title='bbox 2053 1317 2112 1365; x_wconf 87' lang='lat' dir='ltr'><strong>ut</strong></span> <span class='ocrx_word' id='word_1_284' title='bbox 2135 1310 2346 1379; x_wconf 87' lang='lat' dir='ltr'><strong>opinor,</strong></span> <span class='ocrx_word' id='word_1_285' title='bbox 2371 1307 2700 1364; x_wconf 82' lang='lat' dir='ltr'><strong>sufficienter</strong></span> <span class='ocrx_word' id='word_1_286' title='bbox 2729 1306 2969 1362; x_wconf 87' lang='lat' dir='ltr'><strong>attonitis</strong></span> <span class='ocrx_word' id='word_1_287' title='bbox 3013 1313 3068 1361; x_wconf 93' lang='lat' dir='ltr'><strong>et</strong></span> <span class='ocrx_word' id='word_1_288' title='bbox 3096 1305 3363 1361; x_wconf 90' lang='lat' dir='ltr'><strong>desiderio</strong></span> <span class='ocrx_word' id='word_1_289' title='bbox 3399 1320 3661 1377; x_wconf 88' lang='lat' dir='ltr'><strong>superno</strong></span> 
     </span>
    </p>
   </div>
   <div class='ocr_carea' id='block_1_44' title="bbox 2052 1396 3663 1472">
    <p class='ocr_par' dir='ltr' id='par_1_44' title="bbox 2052 1396 3663 1472">
     <span class='ocr_line' id='line_1_44' title="bbox 2052 1396 3663 1472; baseline -0.002 -15"><span class='ocrx_word' id='word_1_290' title='bbox 2052 1402 2234 1458; x_wconf 91' lang='lat' dir='ltr'><strong>divina</strong></span> <span class='ocrx_word' id='word_1_291' title='bbox 2283 1401 2528 1472; x_wconf 86' lang='lat' dir='ltr'><strong>largitate</strong></span> <span class='ocrx_word' id='word_1_292' title='bbox 2571 1400 2886 1466; x_wconf 84' lang='lat' dir='ltr'><strong>ﬂammatis,</strong></span> <span class='ocrx_word' id='word_1_293' title='bbox 2937 1410 3076 1454; x_wconf 90' lang='lat' dir='ltr'><strong>nunc</strong></span> <span class='ocrx_word' id='word_1_294' title='bbox 3120 1397 3187 1452; x_wconf 88' lang='lat' dir='ltr'><strong>ad</strong></span> <span class='ocrx_word' id='word_1_295' title='bbox 3228 1396 3495 1452; x_wconf 89' lang='lat' dir='ltr'><strong>solvenda</strong></span> <span class='ocrx_word' id='word_1_296' title='bbox 3529 1412 3663 1466; x_wconf 70' lang='lat' dir='ltr'><strong>qua:</strong></span> 
     </span>
    </p>
   </div>
   <div class='ocr_carea' id='block_1_45' title="bbox 2055 1488 3663 1566">
    <p class='ocr_par' dir='ltr' id='par_1_45' title="bbox 2055 1488 3663 1566">
     <span class='ocr_line' id='line_1_45' title="bbox 2055 1488 3663 1566; baseline -0.004 -16"><span class='ocrx_word' id='word_1_297' title='bbox 2055 1495 2320 1566; x_wconf 90' lang='lat' dir='ltr'><strong>promissa</strong></span> <span class='ocrx_word' id='word_1_298' title='bbox 2349 1504 2469 1549; x_wconf 91' lang='lat' dir='ltr'><strong>sunt</strong></span> <span class='ocrx_word' id='word_1_299' title='bbox 2494 1534 2509 1561; x_wconf 95' lang='lat'><strong>,</strong></span> <span class='ocrx_word' id='word_1_300' title='bbox 2538 1493 2751 1549; x_wconf 90' lang='lat' dir='ltr'><strong>Christo</strong></span> <span class='ocrx_word' id='word_1_301' title='bbox 2775 1491 2994 1562; x_wconf 90' lang='lat' dir='ltr'><strong>juvante</strong></span> <span class='ocrx_word' id='word_1_302' title='bbox 3015 1535 3030 1559; x_wconf 93' lang='lat'><strong>,</strong></span> <span class='ocrx_word' id='word_1_303' title='bbox 3066 1489 3362 1545; x_wconf 86' lang='lat' dir='ltr'><strong>veniamus.</strong></span> <span class='ocrx_word' id='word_1_304' title='bbox 3397 1488 3620 1546; x_wconf 68' lang='lat' dir='ltr'><strong>Praesta</strong></span> <span class='ocrx_word' id='word_1_305' title='bbox 3642 1531 3663 1558; x_wconf 89' lang='lat'><strong>,</strong></span> 
     </span>
    </p>
   </div>
   <div class='ocr_carea' id='block_1_46' title="bbox 2058 1581 3664 1656">
    <p class='ocr_par' dir='ltr' id='par_1_46' title="bbox 2058 1581 3664 1656">
     <span class='ocr_line' id='line_1_46' title="bbox 2058 1581 3664 1656; baseline -0.002 -14"><span class='ocrx_word' id='word_1_306' title='bbox 2058 1586 2306 1655; x_wconf 91' lang='lat' dir='ltr'><strong>Domine,</strong></span> <span class='ocrx_word' id='word_1_307' title='bbox 2336 1587 2488 1656; x_wconf 85' lang='lat' dir='ltr'><strong>cujus</strong></span> <span class='ocrx_word' id='word_1_308' title='bbox 2518 1595 2600 1642; x_wconf 89' lang='lat' dir='ltr'><strong>est</strong></span> <span class='ocrx_word' id='word_1_309' title='bbox 2621 1598 2780 1641; x_wconf 91' lang='lat' dir='ltr'><strong>omne</strong></span> <span class='ocrx_word' id='word_1_310' title='bbox 2808 1583 2949 1653; x_wconf 92' lang='lat' dir='ltr'><strong>quod</strong></span> <span class='ocrx_word' id='word_1_311' title='bbox 2979 1581 3224 1652; x_wconf 89' lang='lat' dir='ltr'><strong>expedit,</strong></span> <span class='ocrx_word' id='word_1_312' title='bbox 3255 1590 3313 1636; x_wconf 92' lang='lat' dir='ltr'><strong>ut</strong></span> <span class='ocrx_word' id='word_1_313' title='bbox 3334 1581 3664 1652; x_wconf 86' lang='lat' dir='ltr'><strong>intelligen-</strong></span> 
     </span>
    </p>
   </div>
   <div class='ocr_carea' id='block_1_47' title="bbox 2058 1679 3665 1750">
    <p class='ocr_par' dir='ltr' id='par_1_47' title="bbox 2058 1679 3665 1750">
     <span class='ocr_line' id='line_1_47' title="bbox 2058 1679 3665 1750; baseline 0.001 -14"><span class='ocrx_word' id='word_1_314' title='bbox 2058 1688 2163 1750; x_wconf 89' lang='lat' dir='ltr'><strong>ter,</strong></span> <span class='ocrx_word' id='word_1_315' title='bbox 2192 1692 2250 1738; x_wconf 91' lang='lat' dir='ltr'><strong>ut</strong></span> <span class='ocrx_word' id='word_1_316' title='bbox 2279 1682 2541 1748; x_wconf 89' lang='lat' dir='ltr'><strong>libenter,</strong></span> <span class='ocrx_word' id='word_1_317' title='bbox 2580 1689 2639 1736; x_wconf 92' lang='lat' dir='ltr'><strong>ut</strong></span> <span class='ocrx_word' id='word_1_318' title='bbox 2666 1681 2902 1750; x_wconf 90' lang='lat' dir='ltr'><strong>proficue</strong></span> <span class='ocrx_word' id='word_1_319' title='bbox 2943 1691 3244 1734; x_wconf 89' lang='lat' dir='ltr'><strong>mereamur</strong></span> <span class='ocrx_word' id='word_1_320' title='bbox 3285 1679 3486 1735; x_wconf 88' lang='lat' dir='ltr'><strong>audiri.</strong></span> <span class='ocrx_word' id='word_1_321' title='bbox 3524 1680 3665 1738; x_wconf 86' lang='lat' dir='ltr'><strong>Tuis</strong></span> 
     </span>
    </p>
   </div>
   <div class='ocr_carea' id='block_1_48' title="bbox 1985 1770 3666 1843">
    <p class='ocr_par' dir='ltr' id='par_1_48' title="bbox 1985 1770 3666 1843">
     <span class='ocr_line' id='line_1_48' title="bbox 1985 1770 3666 1843; baseline -0.003 -10"><span class='ocrx_word' id='word_1_322' title='bbox 1985 1771 2035 1833; x_wconf 90' lang='lat' dir='ltr'><strong>B</strong></span> <span class='ocrx_word' id='word_1_323' title='bbox 2059 1773 2204 1830; x_wconf 90' lang='lat' dir='ltr'><strong>enim</strong></span> <span class='ocrx_word' id='word_1_324' title='bbox 2252 1772 2530 1843; x_wconf 88' lang='lat' dir='ltr'><strong>adjutoriis</strong></span> <span class='ocrx_word' id='word_1_325' title='bbox 2560 1771 2882 1828; x_wconf 88' lang='lat' dir='ltr'><strong>omnimodis</strong></span> <span class='ocrx_word' id='word_1_326' title='bbox 2908 1770 3209 1842; x_wconf 88' lang='lat' dir='ltr'><strong>indigemus</strong></span> <span class='ocrx_word' id='word_1_327' title='bbox 3235 1811 3250 1836; x_wconf 95' lang='lat'><strong>,</strong></span> <span class='ocrx_word' id='word_1_328' title='bbox 3281 1779 3339 1826; x_wconf 89' lang='lat' dir='ltr'><strong>ut</strong></span> <span class='ocrx_word' id='word_1_329' title='bbox 3364 1772 3666 1829; x_wconf 78' lang='lat' dir='ltr'><strong>valeamus</strong></span> 
     </span>
    </p>
   </div>
   <div class='ocr_carea' id='block_1_49' title="bbox 2058 1862 3666 1934">
    <p class='ocr_par' dir='ltr' id='par_1_49' title="bbox 2058 1862 3666 1934">
     <span class='ocr_line' id='line_1_49' title="bbox 2058 1862 3666 1934; baseline 0 -13"><span class='ocrx_word' id='word_1_330' title='bbox 2058 1878 2315 1922; x_wconf 85' lang='lat' dir='ltr'><strong>concesso</strong></span> <span class='ocrx_word' id='word_1_331' title='bbox 2357 1877 2606 1920; x_wconf 89' lang='lat' dir='ltr'><strong>sermone</strong></span> <span class='ocrx_word' id='word_1_332' title='bbox 2643 1864 2978 1934; x_wconf 84' lang='lat' dir='ltr'><strong>aliquatenus</strong></span> <span class='ocrx_word' id='word_1_333' title='bbox 3020 1862 3178 1920; x_wconf 89' lang='lat' dir='ltr'><strong>verba</strong></span> <span class='ocrx_word' id='word_1_334' title='bbox 3210 1871 3315 1919; x_wconf 82' lang='lat' dir='ltr'><strong>tuae</strong></span> <span class='ocrx_word' id='word_1_335' title='bbox 3345 1865 3666 1934; x_wconf 87' lang='lat' dir='ltr'><strong>majestatis</strong></span> 
     </span>
    </p>
   </div>
   <div class='ocr_carea' id='block_1_50' title="bbox 2059 1959 2572 2031">
    <p class='ocr_par' dir='ltr' id='par_1_50' title="bbox 2059 1959 2572 2031">
     <span class='ocr_line' id='line_1_50' title="bbox 2059 1959 2572 2031; baseline -0.006 -14"><span class='ocrx_word' id='word_1_336' title='bbox 2059 1975 2346 2031; x_wconf 79' lang='lat' dir='ltr'><strong>exponere.</strong></span> <span class='ocrx_word' id='word_1_337' title='bbox 2379 1959 2572 2017; x_wconf 84' lang='lat' dir='ltr'><strong>Amen.</strong></span> 
     </span>
    </p>
   </div>
   <div class='ocr_carea' id='block_1_51' title="bbox 2587 2065 3120 2108">
    <p class='ocr_par' dir='ltr' id='par_1_51' title="bbox 2587 2065 3120 2108">
     <span class='ocr_line' id='line_1_51' title="bbox 2587 2065 3120 2108; baseline 0.004 -2"><span class='ocrx_word' id='word_1_338' title='bbox 2587 2065 2726 2108; x_wconf 78' lang='lat' dir='ltr'><strong>ORDO</strong></span> <span class='ocrx_word' id='word_1_339' title='bbox 2763 2065 2847 2108; x_wconf 84' lang='lat' dir='ltr'><strong>DIC</strong></span> <span class='ocrx_word' id='word_1_340' title='bbox 2855 2065 3120 2108; x_wconf 69' lang='lat' dir='ltr'><strong>ENDORUH.</strong></span> 
     </span>
    </p>
   </div>
   <div class='ocr_carea' id='block_1_52' title="bbox 2133 2166 3662 2242">
    <p class='ocr_par' dir='ltr' id='par_1_52' title="bbox 2133 2166 3662 2242">
     <span class='ocr_line' id='line_1_52' title="bbox 2133 2166 3662 2242; baseline 0.004 -19"><span class='ocrx_word' id='word_1_341' title='bbox 2133 2166 2538 2240; x_wconf 86' lang='lat' dir='ltr'><strong>Prolegomena,</strong></span> <span class='ocrx_word' id='word_1_342' title='bbox 2569 2169 2622 2224; x_wconf 93' lang='lat' dir='ltr'><strong>id</strong></span> <span class='ocrx_word' id='word_1_343' title='bbox 2669 2180 2780 2235; x_wconf 88' lang='lat' dir='ltr'><strong>est,</strong></span> <span class='ocrx_word' id='word_1_344' title='bbox 2825 2169 3181 2240; x_wconf 65' lang='lat' dir='ltr'><strong>praecedentia</strong></span> <span class='ocrx_word' id='word_1_345' title='bbox 3210 2177 3505 2242; x_wconf 86' lang='lat' dir='ltr'><strong>antequam</strong></span> <span class='ocrx_word' id='word_1_346' title='bbox 3538 2185 3662 2229; x_wconf 69' lang='lat' dir='ltr'><strong>cm-</strong></span> 
     </span>
    </p>
   </div>
   <div class='ocr_carea' id='block_1_53' title="bbox 2061 2263 3666 2339">
    <p class='ocr_par' dir='ltr' id='par_1_53' title="bbox 2061 2263 3666 2339">
     <span class='ocr_line' id='line_1_53' title="bbox 2061 2263 3666 2339; baseline 0.003 -19"><span class='ocrx_word' id='word_1_347' title='bbox 2061 2263 2210 2320; x_wconf 84' lang='lat' dir='ltr'><strong>lestis</strong></span> <span class='ocrx_word' id='word_1_348' title='bbox 2241 2264 2484 2319; x_wconf 89' lang='lat' dir='ltr'><strong>Psalterii</strong></span> <span class='ocrx_word' id='word_1_349' title='bbox 2514 2264 2674 2320; x_wconf 88' lang='lat' dir='ltr'><strong>mella</strong></span> <span class='ocrx_word' id='word_1_350' title='bbox 2712 2264 2990 2335; x_wconf 89' lang='lat' dir='ltr'><strong>degustem</strong></span> <span class='ocrx_word' id='word_1_351' title='bbox 3009 2310 3024 2335; x_wconf 89' lang='lat'><strong>,</strong></span> <span class='ocrx_word' id='word_1_352' title='bbox 3058 2275 3113 2322; x_wconf 91' lang='lat' dir='ltr'><strong>et</strong></span> <span class='ocrx_word' id='word_1_353' title='bbox 3143 2281 3361 2338; x_wconf 88' lang='lat' dir='ltr'><strong>campos</strong></span> <span class='ocrx_word' id='word_1_354' title='bbox 3389 2268 3519 2324; x_wconf 84' lang='lat' dir='ltr'><strong>illos</strong></span> <span class='ocrx_word' id='word_1_355' title='bbox 3545 2269 3666 2339; x_wconf 88' lang='lat' dir='ltr'><strong>glo-</strong></span> 
     </span>
    </p>
   </div>
   <div class='ocr_carea' id='block_1_54' title="bbox 2062 2357 3661 2434">
    <p class='ocr_par' dir='ltr' id='par_1_54' title="bbox 2062 2357 3661 2434">
     <span class='ocr_line' id='line_1_54' title="bbox 2062 2357 3661 2434; baseline 0.002 -20"><span class='ocrx_word' id='word_1_356' title='bbox 2062 2357 2374 2414; x_wconf 68' lang='lat' dir='ltr'><strong>riosissima:</strong></span> <span class='ocrx_word' id='word_1_357' title='bbox 2397 2359 2682 2428; x_wconf 86' lang='lat' dir='ltr'><strong>passionis,</strong></span> <span class='ocrx_word' id='word_1_358' title='bbox 2715 2361 2940 2414; x_wconf 86' lang='lat' dir='ltr'><strong>Domino</strong></span> <span class='ocrx_word' id='word_1_359' title='bbox 2967 2367 3283 2430; x_wconf 68' lang='lat' dir='ltr'><strong>praestante,</strong></span> <span class='ocrx_word' id='word_1_360' title='bbox 3311 2363 3661 2434; x_wconf 88' lang='lat' dir='ltr'><strong>contingam,</strong></span> 
     </span>
    </p>
   </div>
   <div class='ocr_carea' id='block_1_55' title="bbox 2065 2441 3664 2520">
    <p class='ocr_par' dir='ltr' id='par_1_55' title="bbox 2065 2441 3664 2520">
     <span class='ocr_line' id='line_1_55' title="bbox 2065 2441 3664 2520; baseline 0.003 -16"><span class='ocrx_word' id='word_1_361' title='bbox 2065 2448 2308 2520; x_wconf 73' lang='lat' dir='ltr'><strong>quaedam</strong></span> <span class='ocrx_word' id='word_1_362' title='bbox 2357 2450 2486 2505; x_wconf 91' lang='lat' dir='ltr'><strong>mihi</strong></span> <span class='ocrx_word' id='word_1_363' title='bbox 2534 2450 2799 2515; x_wconf 88' lang='lat' dir='ltr'><strong>videntur,</strong></span> <span class='ocrx_word' id='word_1_364' title='bbox 2831 2449 3018 2505; x_wconf 88' lang='lat' dir='ltr'><strong>divisis</strong></span> <span class='ocrx_word' id='word_1_365' title='bbox 3066 2450 3354 2520; x_wconf 89' lang='lat' dir='ltr'><strong>capitulis,</strong></span> <span class='ocrx_word' id='word_1_366' title='bbox 3386 2452 3456 2508; x_wconf 84' lang='lat' dir='ltr'><strong>de</strong></span> <span class='ocrx_word' id='word_1_367' title='bbox 3507 2441 3664 2509; x_wconf 66' lang='lat' dir='ltr'><strong>textu</strong></span> 
     </span>
    </p>
   </div>
   <div class='ocr_carea' id='block_1_56' title="bbox 2065 2546 3666 2618">
    <p class='ocr_par' dir='ltr' id='par_1_56' title="bbox 2065 2546 3666 2618">
     <span class='ocr_line' id='line_1_56' title="bbox 2065 2546 3666 2618; baseline 0.001 -16"><span class='ocrx_word' id='word_1_368' title='bbox 2065 2546 2232 2616; x_wconf 84' lang='lat' dir='ltr'><strong>ipsius</strong></span> <span class='ocrx_word' id='word_1_369' title='bbox 2277 2546 2530 2602; x_wconf 89' lang='lat' dir='ltr'><strong>carminis</strong></span> <span class='ocrx_word' id='word_1_370' title='bbox 2576 2549 2850 2616; x_wconf 85' lang='lat' dir='ltr'><strong>intimare,</strong></span> <span class='ocrx_word' id='word_1_371' title='bbox 2885 2555 2943 2602; x_wconf 90' lang='lat' dir='ltr'><strong>ut</strong></span> <span class='ocrx_word' id='word_1_372' title='bbox 2985 2555 3040 2603; x_wconf 92' lang='lat' dir='ltr'><strong>et</strong></span> <span class='ocrx_word' id='word_1_373' title='bbox 3078 2547 3316 2618; x_wconf 87' lang='lat' dir='ltr'><strong>legentes</strong></span> <span class='ocrx_word' id='word_1_374' title='bbox 3345 2548 3666 2605; x_wconf 87' lang='lat' dir='ltr'><strong>distinctius</strong></span> 
     </span>
    </p>
   </div>
   <div class='ocr_carea' id='block_1_57' title="bbox 2067 2637 3668 2714">
    <p class='ocr_par' dir='ltr' id='par_1_57' title="bbox 2067 2637 3668 2714">
     <span class='ocr_line' id='line_1_57' title="bbox 2067 2637 3668 2714; baseline 0.004 -22"><span class='ocrx_word' id='word_1_375' title='bbox 2067 2637 2357 2693; x_wconf 84' lang='lat' dir='ltr'><strong>debeamus</strong></span> <span class='ocrx_word' id='word_1_376' title='bbox 2379 2638 2623 2703; x_wconf 90' lang='lat' dir='ltr'><strong>edocere,</strong></span> <span class='ocrx_word' id='word_1_377' title='bbox 2660 2648 2716 2695; x_wconf 90' lang='lat' dir='ltr'><strong>et</strong></span> <span class='ocrx_word' id='word_1_378' title='bbox 2752 2653 2851 2696; x_wconf 88' lang='lat' dir='ltr'><strong>nos</strong></span> <span class='ocrx_word' id='word_1_379' title='bbox 2892 2639 3110 2696; x_wconf 88' lang='lat' dir='ltr'><strong>ordines</strong></span> <span class='ocrx_word' id='word_1_380' title='bbox 3146 2640 3291 2712; x_wconf 89' lang='lat' dir='ltr'><strong>ipsos</strong></span> <span class='ocrx_word' id='word_1_381' title='bbox 3330 2641 3444 2696; x_wconf 84' lang='lat' dir='ltr'><strong>sine</strong></span> <span class='ocrx_word' id='word_1_382' title='bbox 3470 2642 3668 2714; x_wconf 79' lang='lat' dir='ltr'><strong>aliqua</strong></span> 
     </span>
    </p>
   </div>
   <div class='ocr_carea' id='block_1_58' title="bbox 2067 2725 2682 2784">
    <p class='ocr_par' dir='ltr' id='par_1_58' title="bbox 2067 2725 2682 2784">
     <span class='ocr_line' id='line_1_58' title="bbox 2067 2725 2682 2784; baseline 0.005 -3"><span class='ocrx_word' id='word_1_383' title='bbox 2067 2725 2360 2784; x_wconf 81' lang='lat' dir='ltr'><strong>oﬂ&#39;ensione</strong></span> <span class='ocrx_word' id='word_1_384' title='bbox 2386 2743 2682 2784; x_wconf 90' lang='lat' dir='ltr'><strong>curramus.</strong></span> 
     </span>
    </p>
   </div>
   <div class='ocr_carea' id='block_1_59' title="bbox 2139 2820 3674 2896">
    <p class='ocr_par' dir='ltr' id='par_1_59' title="bbox 2139 2820 3674 2896">
     <span class='ocr_line' id='line_1_59' title="bbox 2139 2820 3674 2896; baseline 0.008 -20"><span class='ocrx_word' id='word_1_385' title='bbox 2139 2820 2198 2877; x_wconf 90' lang='lat' dir='ltr'><strong>In</strong></span> <span class='ocrx_word' id='word_1_386' title='bbox 2225 2824 2394 2893; x_wconf 88' lang='lat' dir='ltr'><strong>prima</strong></span> <span class='ocrx_word' id='word_1_387' title='bbox 2423 2825 2600 2895; x_wconf 91' lang='lat' dir='ltr'><strong>itaque</strong></span> <span class='ocrx_word' id='word_1_388' title='bbox 2626 2833 2777 2896; x_wconf 91' lang='lat' dir='ltr'><strong>parte</strong></span> <span class='ocrx_word' id='word_1_389' title='bbox 2806 2825 3020 2882; x_wconf 89' lang='lat' dir='ltr'><strong>Domini</strong></span> <span class='ocrx_word' id='word_1_390' title='bbox 3048 2827 3277 2882; x_wconf 87' lang='lat' dir='ltr'><strong>carnalis</strong></span> <span class='ocrx_word' id='word_1_391' title='bbox 3309 2828 3414 2882; x_wconf 84' lang='lat' dir='ltr'><strong>vita</strong></span> <span class='ocrx_word' id='word_1_392' title='bbox 3447 2829 3674 2888; x_wconf 90' lang='lat' dir='ltr'><strong>deseri-</strong></span> 
     </span>
    </p>
   </div>
   <div class='ocr_carea' id='block_1_60' title="bbox 2068 2914 2235 2971">
    <p class='ocr_par' dir='ltr' id='par_1_60' title="bbox 2068 2914 2235 2971">
     <span class='ocr_line' id='line_1_60' title="bbox 2068 2914 2235 2971; baseline 0 0"><span class='ocrx_word' id='word_1_393' title='bbox 2068 2914 2235 2971; x_wconf 87' lang='lat' dir='ltr'><strong>bitur.</strong></span> 
     </span>
    </p>
   </div>
   <div class='ocr_carea' id='block_1_61' title="bbox 2141 3008 3674 3083">
    <p class='ocr_par' dir='ltr' id='par_1_61' title="bbox 2141 3008 3674 3083">
     <span class='ocr_line' id='line_1_61' title="bbox 2141 3008 3674 3083; baseline 0.007 -19"><span class='ocrx_word' id='word_1_394' title='bbox 2141 3008 2200 3065; x_wconf 85' lang='lat' dir='ltr'><strong>In</strong></span> <span class='ocrx_word' id='word_1_395' title='bbox 2228 3009 2498 3079; x_wconf 88' lang='lat' dir='ltr'><strong>secunda,</strong></span> <span class='ocrx_word' id='word_1_396' title='bbox 2537 3018 2725 3066; x_wconf 90' lang='lat' dir='ltr'><strong>natura</strong></span> <span class='ocrx_word' id='word_1_397' title='bbox 2762 3011 2976 3069; x_wconf 85' lang='lat' dir='ltr'><strong>deitatis</strong></span> <span class='ocrx_word' id='word_1_398' title='bbox 3017 3010 3184 3083; x_wconf 89' lang='lat' dir='ltr'><strong>ipsius</strong></span> <span class='ocrx_word' id='word_1_399' title='bbox 3219 3011 3490 3070; x_wconf 89' lang='lat' dir='ltr'><strong>subtiliter</strong></span> <span class='ocrx_word' id='word_1_400' title='bbox 3523 3015 3674 3074; x_wconf 86' lang='lat' dir='ltr'><strong>indi-</strong></span> 
     </span>
    </p>
   </div>
   <div class='ocr_carea' id='block_1_62' title="bbox 387 3101 2247 3177">
    <p class='ocr_par' dir='ltr' id='par_1_62' title="bbox 387 3101 2247 3177">
     <span class='ocr_line' id='line_1_62' title="bbox 387 3101 2247 3177; baseline -0.001 -16"><span class='ocrx_word' id='word_1_401' title='bbox 387 3108 668 3165; x_wconf 86' lang='lat' dir='ltr'><strong>manitatis</strong></span> <span class='ocrx_word' id='word_1_402' title='bbox 685 3116 994 3177; x_wconf 79' lang='lat' dir='ltr'><strong>assumptte,</strong></span> <span class='ocrx_word' id='word_1_403' title='bbox 1021 3105 1167 3162; x_wconf 91' lang='lat' dir='ltr'><strong>salva</strong></span> <span class='ocrx_word' id='word_1_404' title='bbox 1196 3102 1611 3174; x_wconf 89' lang='lat' dir='ltr'><strong>uniuscujusque</strong></span> <span class='ocrx_word' id='word_1_405' title='bbox 1649 3101 1972 3172; x_wconf 86' lang='lat' dir='ltr'><strong>proprietate</strong></span> <span class='ocrx_word' id='word_1_406' title='bbox 2007 3164 2044 3177; x_wconf 48' lang='grc' dir='ltr'><em>η</em></span> <span class='ocrx_word' id='word_1_407' title='bbox 2075 3111 2247 3160; x_wconf 84' lang='lat' dir='ltr'><strong>catur.</strong></span> 
     </span>
    </p>
   </div>
   <div class='ocr_carea' id='block_1_63' title="bbox 389 3164 3678 3270">
    <p class='ocr_par' dir='ltr' id='par_1_63' title="bbox 389 3164 3678 3270">
     <span class='ocr_line' id='line_1_63' title="bbox 389 3164 3678 3270; baseline 0.001 -16"><span class='ocrx_word' id='word_1_408' title='bbox 389 3195 616 3268; x_wconf 59' lang='lat' dir='ltr'><strong>naturai,</strong></span> <span class='ocrx_word' id='word_1_409' title='bbox 640 3215 800 3256; x_wconf 87' lang='lat' dir='ltr'><strong>unam</strong></span> <span class='ocrx_word' id='word_1_410' title='bbox 814 3164 1084 3255; x_wconf 75' lang='lat' dir='ltr'><strong>confiteris</strong></span> <span class='ocrx_word' id='word_1_411' title='bbox 1106 3211 1227 3253; x_wconf 90' lang='lat' dir='ltr'><strong>esse</strong></span> <span class='ocrx_word' id='word_1_412' title='bbox 1257 3164 1563 3268; x_wconf 79' lang='lat' dir='ltr'><strong>personam.</strong></span> <span class='ocrx_word' id='word_1_413' title='bbox 1587 3193 1766 3250; x_wconf 80' lang='lat' dir='ltr'><strong>Veteri</strong></span> <span class='ocrx_word' id='word_1_414' title='bbox 1788 3193 1971 3248; x_wconf 86' lang='lat' dir='ltr'><strong>Testa-</strong></span> <span class='ocrx_word' id='word_1_415' title='bbox 2000 3164 2045 3230; x_wconf 63' lang='grc' dir='ltr'><strong>(ἶ</strong></span> <span class='ocrx_word' id='word_1_416' title='bbox 2147 3195 2346 3260; x_wconf 89' lang='lat' dir='ltr'><strong>Tertia,</strong></span> <span class='ocrx_word' id='word_1_417' title='bbox 2379 3194 2757 3265; x_wconf 87' lang='lat' dir='ltr'><strong>multiplicatos</strong></span> <span class='ocrx_word' id='word_1_418' title='bbox 2795 3194 2927 3252; x_wconf 90' lang='lat' dir='ltr'><strong>dicit</strong></span> <span class='ocrx_word' id='word_1_419' title='bbox 2956 3196 3201 3269; x_wconf 86' lang='lat' dir='ltr'><strong>populos,</strong></span> <span class='ocrx_word' id='word_1_420' title='bbox 3229 3198 3320 3270; x_wconf 89' lang='lat' dir='ltr'><strong>qui</strong></span> <span class='ocrx_word' id='word_1_421' title='bbox 3347 3213 3472 3257; x_wconf 93' lang='lat' dir='ltr'><strong>eum</strong></span> <span class='ocrx_word' id='word_1_422' title='bbox 3525 3202 3678 3259; x_wconf 85' lang='lat' dir='ltr'><strong>nite-</strong></span> 
     </span>
    </p>
   </div>
   <div class='ocr_carea' id='block_1_64' title="bbox 389 3287 1975 3356">
    <p class='ocr_par' dir='ltr' id='par_1_64' title="bbox 389 3287 1975 3356">
     <span class='ocr_line' id='line_1_64' title="bbox 389 3287 1975 3356; baseline -0.004 -9"><span class='ocrx_word' id='word_1_423' title='bbox 389 3301 574 3348; x_wconf 90' lang='lat' dir='ltr'><strong>mento</strong></span> <span class='ocrx_word' id='word_1_424' title='bbox 593 3293 660 3348; x_wconf 93' lang='lat' dir='ltr'><strong>de</strong></span> <span class='ocrx_word' id='word_1_425' title='bbox 679 3292 832 3348; x_wconf 85' lang='lat' dir='ltr'><strong>Novo</strong></span> <span class='ocrx_word' id='word_1_426' title='bbox 862 3291 1020 3346; x_wconf 83' lang='lat' dir='ltr'><strong>ﬁdem</strong></span> <span class='ocrx_word' id='word_1_427' title='bbox 1043 3289 1266 3356; x_wconf 79' lang='lat' dir='ltr'><strong>iaciens,</strong></span> <span class='ocrx_word' id='word_1_428' title='bbox 1295 3288 1502 3344; x_wconf 84' lang='lat' dir='ltr'><strong>Novum</strong></span> <span class='ocrx_word' id='word_1_429' title='bbox 1551 3303 1581 3342; x_wconf 91' lang='lat' dir='ltr'><strong>a</strong></span> <span class='ocrx_word' id='word_1_430' title='bbox 1614 3287 1790 3342; x_wconf 74' lang='lat' dir='ltr'><strong>Veteri</strong></span> <span class='ocrx_word' id='word_1_431' title='bbox 1819 3299 1975 3341; x_wconf 79' lang='lat' dir='ltr'><strong>exor-</strong></span> 
     </span>
    </p>
   </div>
   <div class='ocr_carea' id='block_1_65' title="bbox 393 3377 1974 3454">
    <p class='ocr_par' dir='ltr' id='par_1_65' title="bbox 393 3377 1974 3454">
     <span class='ocr_line' id='line_1_65' title="bbox 393 3377 1974 3454; baseline -0.004 -16"><span class='ocrx_word' id='word_1_432' title='bbox 393 3392 506 3439; x_wconf 90' lang='lat' dir='ltr'><strong>tum</strong></span> <span class='ocrx_word' id='word_1_433' title='bbox 545 3397 665 3440; x_wconf 90' lang='lat' dir='ltr'><strong>esse</strong></span> <span class='ocrx_word' id='word_1_434' title='bbox 700 3397 1048 3454; x_wconf 88' lang='lat' dir='ltr'><strong>cognoscens.</strong></span> <span class='ocrx_word' id='word_1_435' title='bbox 1093 3382 1158 3436; x_wconf 79' lang='lat' dir='ltr'><strong>Et</strong></span> <span class='ocrx_word' id='word_1_436' title='bbox 1185 3390 1244 3438; x_wconf 93' lang='lat' dir='ltr'><strong>ut</strong></span> <span class='ocrx_word' id='word_1_437' title='bbox 1264 3379 1500 3436; x_wconf 83' lang='lat' dir='ltr'><strong>breviter</strong></span> <span class='ocrx_word' id='word_1_438' title='bbox 1522 3386 1712 3434; x_wconf 90' lang='lat' dir='ltr'><strong>cuncta</strong></span> <span class='ocrx_word' id='word_1_439' title='bbox 1739 3377 1974 3446; x_wconf 87' lang='lat' dir='ltr'><strong>comple-</strong></span> 
     </span>
    </p>
   </div>
   <div class='ocr_carea' id='block_1_66' title="bbox 395 3469 1974 3544">
    <p class='ocr_par' dir='ltr' id='par_1_66' title="bbox 395 3469 1974 3544">
     <span class='ocr_line' id='line_1_66' title="bbox 395 3469 1974 3544; baseline -0.004 -15"><span class='ocrx_word' id='word_1_440' title='bbox 395 3481 530 3539; x_wconf 91' lang='lat' dir='ltr'><strong>ctar,</strong></span> <span class='ocrx_word' id='word_1_441' title='bbox 554 3473 728 3529; x_wconf 85' lang='lat' dir='ltr'><strong>nescis</strong></span> <span class='ocrx_word' id='word_1_442' title='bbox 755 3474 918 3544; x_wconf 88' lang='lat' dir='ltr'><strong>loqui,</strong></span> <span class='ocrx_word' id='word_1_443' title='bbox 937 3473 1040 3530; x_wconf 90' lang='lat' dir='ltr'><strong>nisi</strong></span> <span class='ocrx_word' id='word_1_444' title='bbox 1063 3473 1206 3544; x_wconf 91' lang='lat' dir='ltr'><strong>quod</strong></span> <span class='ocrx_word' id='word_1_445' title='bbox 1218 3471 1431 3542; x_wconf 83' lang='lat' dir='ltr'><strong>expedit</strong></span> <span class='ocrx_word' id='word_1_446' title='bbox 1451 3471 1618 3527; x_wconf 91' lang='lat' dir='ltr'><strong>credi.</strong></span> <span class='ocrx_word' id='word_1_447' title='bbox 1635 3469 1767 3526; x_wconf 89' lang='lat' dir='ltr'><strong>Nam</strong></span> <span class='ocrx_word' id='word_1_448' title='bbox 1789 3483 1974 3540; x_wconf 88' lang='lat' dir='ltr'><strong>quam-</strong></span> 
     </span>
    </p>
   </div>
   <div class='ocr_carea' id='block_1_67' title="bbox 389 3562 1973 3636">
    <p class='ocr_par' dir='ltr' id='par_1_67' title="bbox 389 3562 1973 3636">
     <span class='ocr_line' id='line_1_67' title="bbox 389 3562 1973 3636; baseline -0.001 -15"><span class='ocrx_word' id='word_1_449' title='bbox 389 3567 472 3622; x_wconf 88' lang='lat' dir='ltr'><strong>vis</strong></span> <span class='ocrx_word' id='word_1_450' title='bbox 499 3567 722 3624; x_wconf 86' lang='lat' dir='ltr'><strong>diversis</strong></span> <span class='ocrx_word' id='word_1_451' title='bbox 748 3567 834 3623; x_wconf 92' lang='lat' dir='ltr'><strong>hic</strong></span> <span class='ocrx_word' id='word_1_452' title='bbox 854 3567 1104 3623; x_wconf 89' lang='lat' dir='ltr'><strong>afliciaris</strong></span> <span class='ocrx_word' id='word_1_453' title='bbox 1145 3565 1423 3636; x_wconf 83' lang='lat' dir='ltr'><strong>angustiis,</strong></span> <span class='ocrx_word' id='word_1_454' title='bbox 1457 3572 1512 3620; x_wconf 89' lang='lat' dir='ltr'><strong>et</strong></span> <span class='ocrx_word' id='word_1_455' title='bbox 1534 3565 1590 3636; x_wconf 82' lang='lat'><strong>9</strong></span> <span class='ocrx_word' id='word_1_456' title='bbox 1611 3565 1781 3618; x_wconf 87' lang='lat' dir='ltr'><strong>dolosi</strong></span> <span class='ocrx_word' id='word_1_457' title='bbox 1806 3562 1973 3620; x_wconf 87' lang='lat' dir='ltr'><strong>hostis</strong></span> 
     </span>
    </p>
   </div>
   <div class='ocr_carea' id='block_1_68' title="bbox 389 3653 1974 3731">
    <p class='ocr_par' dir='ltr' id='par_1_68' title="bbox 389 3653 1974 3731">
     <span class='ocr_line' id='line_1_68' title="bbox 389 3653 1974 3731; baseline -0.004 -16"><span class='ocrx_word' id='word_1_458' title='bbox 389 3660 768 3716; x_wconf 84' lang='lat' dir='ltr'><strong>contrarietate</strong></span> <span class='ocrx_word' id='word_1_459' title='bbox 809 3658 1098 3731; x_wconf 90' lang='lat' dir='ltr'><strong>quatiaris,</strong></span> <span class='ocrx_word' id='word_1_460' title='bbox 1130 3665 1309 3714; x_wconf 90' lang='lat' dir='ltr'><strong>tamen</strong></span> <span class='ocrx_word' id='word_1_461' title='bbox 1339 3657 1405 3713; x_wconf 89' lang='lat' dir='ltr'><strong>de</strong></span> <span class='ocrx_word' id='word_1_462' title='bbox 1437 3657 1600 3712; x_wconf 89' lang='lat' dir='ltr'><strong>totius</strong></span> <span class='ocrx_word' id='word_1_463' title='bbox 1637 3654 1817 3710; x_wconf 89' lang='lat' dir='ltr'><strong>mundi</strong></span> <span class='ocrx_word' id='word_1_464' title='bbox 1867 3653 1974 3709; x_wconf 92' lang='lat' dir='ltr'><strong>cir-</strong></span> 
     </span>
    </p>
   </div>
   <div class='ocr_carea' id='block_1_69' title="bbox 391 3737 1970 3821">
    <p class='ocr_par' dir='ltr' id='par_1_69' title="bbox 391 3737 1970 3821">
     <span class='ocr_line' id='line_1_69' title="bbox 391 3737 1970 3821; baseline -0.003 -15"><span class='ocrx_word' id='word_1_465' title='bbox 391 3750 514 3806; x_wconf 90' lang='lat' dir='ltr'><strong>culo</strong></span> <span class='ocrx_word' id='word_1_466' title='bbox 564 3758 881 3821; x_wconf 73' lang='lat' dir='ltr'><strong>COngregata</strong></span> <span class='ocrx_word' id='word_1_467' title='bbox 932 3737 1280 3821; x_wconf 79' lang='lat' dir='ltr'><strong>resplendens</strong></span> <span class='ocrx_word' id='word_1_468' title='bbox 1334 3748 1387 3803; x_wconf 92' lang='lat' dir='ltr'><strong>in</strong></span> <span class='ocrx_word' id='word_1_469' title='bbox 1438 3747 1655 3802; x_wconf 91' lang='lat' dir='ltr'><strong>modum</strong></span> <span class='ocrx_word' id='word_1_470' title='bbox 1710 3744 1970 3816; x_wconf 89' lang='lat' dir='ltr'><strong>pulcher-</strong></span> 
     </span>
    </p>
   </div>
   <div class='ocr_carea' id='block_1_70' title="bbox 388 3837 1722 3913">
    <p class='ocr_par' dir='ltr' id='par_1_70' title="bbox 388 3837 1722 3913">
     <span class='ocr_line' id='line_1_70' title="bbox 388 3837 1722 3913; baseline -0.004 -16"><span class='ocrx_word' id='word_1_471' title='bbox 388 3843 541 3898; x_wconf 60' lang='lat' dir='ltr'><strong>rimas</strong></span> <span class='ocrx_word' id='word_1_472' title='bbox 563 3841 854 3913; x_wconf 86' lang='lat' dir='ltr'><strong>pyramidis</strong></span> <span class='ocrx_word' id='word_1_473' title='bbox 881 3841 947 3896; x_wconf 90' lang='lat' dir='ltr'><strong>ad</strong></span> <span class='ocrx_word' id='word_1_474' title='bbox 975 3849 1173 3897; x_wconf 72' lang='lat' dir='ltr'><strong>azterna</strong></span> <span class='ocrx_word' id='word_1_475' title='bbox 1205 3854 1366 3911; x_wconf 88' lang='lat' dir='ltr'><strong>regna</strong></span> <span class='ocrx_word' id='word_1_476' title='bbox 1388 3837 1722 3909; x_wconf 89' lang='lat' dir='ltr'><strong>perduceris.</strong></span> 
     </span>
    </p>
   </div>
   <div class='ocr_carea' id='block_1_71' title="bbox 461 3927 1970 4002">
    <p class='ocr_par' dir='ltr' id='par_1_71' title="bbox 461 3927 1970 4002">
     <span class='ocr_line' id='line_1_71' title="bbox 461 3927 1970 4002; baseline -0.005 -12"><span class='ocrx_word' id='word_1_477' title='bbox 461 3934 593 4002; x_wconf 84' lang='lat' dir='ltr'><strong>Quae</strong></span> <span class='ocrx_word' id='word_1_478' title='bbox 633 3935 756 3989; x_wconf 92' lang='lat' dir='ltr'><strong>huic</strong></span> <span class='ocrx_word' id='word_1_479' title='bbox 804 3933 1065 3991; x_wconf 89' lang='lat' dir='ltr'><strong>schemati</strong></span> <span class='ocrx_word' id='word_1_480' title='bbox 1114 3947 1221 3988; x_wconf 92' lang='lat' dir='ltr'><strong>non</strong></span> <span class='ocrx_word' id='word_1_481' title='bbox 1274 3930 1545 3986; x_wconf 89' lang='lat' dir='ltr'><strong>immerito</strong></span> <span class='ocrx_word' id='word_1_482' title='bbox 1593 3927 1970 3999; x_wconf 91' lang='lat' dir='ltr'><strong>compararis,</strong></span> 
     </span>
    </p>
   </div>
   <div class='ocr_carea' id='block_1_72' title="bbox 387 4021 1969 4097">
    <p class='ocr_par' dir='ltr' id='par_1_72' title="bbox 387 4021 1969 4097">
     <span class='ocr_line' id='line_1_72' title="bbox 387 4021 1969 4097; baseline -0.004 -15"><span class='ocrx_word' id='word_1_483' title='bbox 387 4025 644 4097; x_wconf 87' lang='lat' dir='ltr'><strong>quoniam</strong></span> <span class='ocrx_word' id='word_1_484' title='bbox 689 4025 758 4082; x_wconf 90' lang='lat' dir='ltr'><strong>de</strong></span> <span class='ocrx_word' id='word_1_485' title='bbox 803 4026 1066 4082; x_wconf 89' lang='lat' dir='ltr'><strong>universis</strong></span> <span class='ocrx_word' id='word_1_486' title='bbox 1113 4023 1358 4095; x_wconf 90' lang='lat' dir='ltr'><strong>gentibus</strong></span> <span class='ocrx_word' id='word_1_487' title='bbox 1402 4021 1668 4084; x_wconf 81' lang='lat' dir='ltr'><strong>extollens</strong></span> <span class='ocrx_word' id='word_1_488' title='bbox 1715 4021 1969 4078; x_wconf 87' lang='lat' dir='ltr'><strong>verticem</strong></span> 
     </span>
    </p>
   </div>
   <div class='ocr_carea' id='block_1_73' title="bbox 387 4112 1970 4188">
    <p class='ocr_par' dir='ltr' id='par_1_73' title="bbox 387 4112 1970 4188">
     <span class='ocr_line' id='line_1_73' title="bbox 387 4112 1970 4188; baseline -0.003 -15"><span class='ocrx_word' id='word_1_489' title='bbox 387 4118 718 4187; x_wconf 85' lang='lat' dir='ltr'><strong>pretiosum,</strong></span> <span class='ocrx_word' id='word_1_490' title='bbox 747 4117 1012 4188; x_wconf 89' lang='lat' dir='ltr'><strong>justorum</strong></span> <span class='ocrx_word' id='word_1_491' title='bbox 1041 4116 1248 4172; x_wconf 88' lang='lat' dir='ltr'><strong>animas</strong></span> <span class='ocrx_word' id='word_1_492' title='bbox 1292 4113 1446 4186; x_wconf 88' lang='lat' dir='ltr'><strong>quasi</strong></span> <span class='ocrx_word' id='word_1_493' title='bbox 1491 4112 1670 4169; x_wconf 89' lang='lat' dir='ltr'><strong>lumen</strong></span> <span class='ocrx_word' id='word_1_494' title='bbox 1715 4112 1970 4169; x_wconf 88' lang='lat' dir='ltr'><strong>eximium</strong></span> 
     </span>
    </p>
   </div>
   <div class='ocr_carea' id='block_1_74' title="bbox 392 4192 1970 4278">
    <p class='ocr_par' dir='ltr' id='par_1_74' title="bbox 392 4192 1970 4278">
     <span class='ocr_line' id='line_1_74' title="bbox 392 4192 1970 4278; baseline -0.001 -16"><span class='ocrx_word' id='word_1_495' title='bbox 392 4211 724 4278; x_wconf 86' lang='lat' dir='ltr'><strong>ad’superna</strong></span> <span class='ocrx_word' id='word_1_496' title='bbox 751 4192 1304 4277; x_wconf 45' lang='lat' dir='ltr'><strong>iﬁﬁd&#39;irinsmnns&quot;:</strong></span> <span class='ocrx_word' id='word_1_497' title='bbox 1338 4214 1481 4262; x_wconf 87' lang='lat' dir='ltr'><strong>meta</strong></span> <span class='ocrx_word' id='word_1_498' title='bbox 1509 4205 1788 4262; x_wconf 89' lang='lat' dir='ltr'><strong>frumentis</strong></span> <span class='ocrx_word' id='word_1_499' title='bbox 1811 4205 1970 4274; x_wconf 83' lang='lat' dir='ltr'><strong>plena</strong></span> 
     </span>
    </p>
   </div>
   <div class='ocr_carea' id='block_1_75' title="bbox 393 4295 1974 4366">
    <p class='ocr_par' dir='ltr' id='par_1_75' title="bbox 393 4295 1974 4366">
     <span class='ocr_line' id='line_1_75' title="bbox 393 4295 1974 4366; baseline -0.002 -13"><span class='ocrx_word' id='word_1_500' title='bbox 393 4297 725 4364; x_wconf 67' lang='lat' dir='ltr'><strong>colestibus,</strong></span> <span class='ocrx_word' id='word_1_501' title='bbox 749 4296 816 4352; x_wconf 91' lang='lat' dir='ltr'><strong>de</strong></span> <span class='ocrx_word' id='word_1_502' title='bbox 835 4297 1064 4352; x_wconf 91' lang='lat' dir='ltr'><strong>diversis</strong></span> <span class='ocrx_word' id='word_1_503' title='bbox 1083 4297 1329 4366; x_wconf 87' lang='lat' dir='ltr'><strong>gentibus</strong></span> <span class='ocrx_word' id='word_1_504' title='bbox 1352 4304 1658 4351; x_wconf 86' lang='lat' dir='ltr'><strong>sanctorum</strong></span> <span class='ocrx_word' id='word_1_505' title='bbox 1679 4295 1830 4352; x_wconf 87' lang='lat' dir='ltr'><strong>beata</strong></span> <span class='ocrx_word' id='word_1_506' title='bbox 1860 4297 1974 4352; x_wconf 90' lang='lat' dir='ltr'><strong>col-</strong></span> 
     </span>
    </p>
   </div>
   <div class='ocr_carea' id='block_1_76' title="bbox 387 4385 1969 4456">
    <p class='ocr_par' dir='ltr' id='par_1_76' title="bbox 387 4385 1969 4456">
     <span class='ocr_line' id='line_1_76' title="bbox 387 4385 1969 4456; baseline -0.001 -14"><span class='ocrx_word' id='word_1_507' title='bbox 387 4386 542 4456; x_wconf 91' lang='lat' dir='ltr'><strong>latio,</strong></span> <span class='ocrx_word' id='word_1_508' title='bbox 576 4398 888 4442; x_wconf 89' lang='lat' dir='ltr'><strong>serenarum</strong></span> <span class='ocrx_word' id='word_1_509' title='bbox 917 4385 1175 4441; x_wconf 90' lang='lat' dir='ltr'><strong>mentium</strong></span> <span class='ocrx_word' id='word_1_510' title='bbox 1203 4386 1505 4455; x_wconf 86' lang='lat' dir='ltr'><strong>lampabilis</strong></span> <span class='ocrx_word' id='word_1_511' title='bbox 1533 4394 1726 4454; x_wconf 57' lang='lat' dir='ltr'><strong>castus,</strong></span> <span class='ocrx_word' id='word_1_512' title='bbox 1760 4385 1969 4442; x_wconf 86' lang='lat' dir='ltr'><strong>insolu-</strong></span> 
     </span>
    </p>
   </div>
   <div class='ocr_carea' id='block_1_77' title="bbox 388 4476 1966 4547">
    <p class='ocr_par' dir='ltr' id='par_1_77' title="bbox 388 4476 1966 4547">
     <span class='ocr_line' id='line_1_77' title="bbox 388 4476 1966 4547; baseline 0 -14"><span class='ocrx_word' id='word_1_513' title='bbox 388 4477 514 4533; x_wconf 89' lang='lat' dir='ltr'><strong>bilis</strong></span> <span class='ocrx_word' id='word_1_514' title='bbox 554 4477 884 4534; x_wconf 88' lang='lat' dir='ltr'><strong>constructio</strong></span> <span class='ocrx_word' id='word_1_515' title='bbox 911 4477 982 4534; x_wconf 91' lang='lat' dir='ltr'><strong>de</strong></span> <span class='ocrx_word' id='word_1_516' title='bbox 1007 4477 1143 4533; x_wconf 89' lang='lat' dir='ltr'><strong>vivis</strong></span> <span class='ocrx_word' id='word_1_517' title='bbox 1175 4476 1438 4547; x_wconf 89' lang='lat' dir='ltr'><strong>lapidibus</strong></span> <span class='ocrx_word' id='word_1_518' title='bbox 1468 4477 1745 4546; x_wconf 85' lang='lat' dir='ltr'><strong>fabricata,</strong></span> <span class='ocrx_word' id='word_1_519' title='bbox 1781 4477 1966 4534; x_wconf 85' lang='lat' dir='ltr'><strong>beato-</strong></span> 
     </span>
    </p>
   </div>
   <div class='ocr_carea' id='block_1_78' title="bbox 2074 3289 2658 3360">
    <p class='ocr_par' dir='ltr' id='par_1_78' title="bbox 2074 3289 2658 3360">
     <span class='ocr_line' id='line_1_78' title="bbox 2074 3289 2658 3360; baseline -0.005 -14"><span class='ocrx_word' id='word_1_520' title='bbox 2074 3289 2270 3346; x_wconf 87' lang='lat' dir='ltr'><strong>bantur</strong></span> <span class='ocrx_word' id='word_1_521' title='bbox 2299 3290 2658 3360; x_wconf 82' lang='lat' dir='ltr'><strong>exstinguere.</strong></span> 
     </span>
    </p>
   </div>
   <div class='ocr_carea' id='block_1_79' title="bbox 2145 3383 3685 3456">
    <p class='ocr_par' dir='ltr' id='par_1_79' title="bbox 2145 3383 3685 3456">
     <span class='ocr_line' id='line_1_79' title="bbox 2145 3383 3685 3456; baseline 0.003 -18"><span class='ocrx_word' id='word_1_522' title='bbox 2145 3383 2363 3450; x_wconf 89' lang='lat' dir='ltr'><strong>Quarta,</strong></span> <span class='ocrx_word' id='word_1_523' title='bbox 2393 3383 2656 3453; x_wconf 90' lang='lat' dir='ltr'><strong>propheta</strong></span> <span class='ocrx_word' id='word_1_524' title='bbox 2685 3383 2736 3438; x_wconf 91' lang='lat' dir='ltr'><strong>in</strong></span> <span class='ocrx_word' id='word_1_525' title='bbox 2768 3383 2958 3440; x_wconf 89' lang='lat' dir='ltr'><strong>iisdem</strong></span> <span class='ocrx_word' id='word_1_526' title='bbox 2982 3383 3201 3441; x_wconf 87' lang='lat' dir='ltr'><strong>monitis</strong></span> <span class='ocrx_word' id='word_1_527' title='bbox 3229 3395 3586 3456; x_wconf 90' lang='lat' dir='ltr'><strong>perseverat,</strong></span> <span class='ocrx_word' id='word_1_528' title='bbox 3622 3393 3685 3442; x_wconf 82' lang='lat' dir='ltr'><strong>ut</strong></span> 
     </span>
    </p>
   </div>
   <div class='ocr_carea' id='block_1_80' title="bbox 2074 3474 3694 3549">
    <p class='ocr_par' dir='ltr' id='par_1_80' title="bbox 2074 3474 3694 3549">
     <span class='ocr_line' id='line_1_80' title="bbox 2074 3474 3694 3549; baseline 0.002 -19"><span class='ocrx_word' id='word_1_529' title='bbox 2074 3474 2321 3532; x_wconf 89' lang='lat' dir='ltr'><strong>desinant</strong></span> <span class='ocrx_word' id='word_1_530' title='bbox 2358 3474 2526 3530; x_wconf 84' lang='lat' dir='ltr'><strong>Judaei</strong></span> <span class='ocrx_word' id='word_1_531' title='bbox 2557 3475 2696 3530; x_wconf 89' lang='lat' dir='ltr'><strong>mala</strong></span> <span class='ocrx_word' id='word_1_532' title='bbox 2738 3476 2998 3546; x_wconf 88' lang='lat' dir='ltr'><strong>cogitare,</strong></span> <span class='ocrx_word' id='word_1_533' title='bbox 3028 3475 3112 3531; x_wconf 89' lang='lat' dir='ltr'><strong>vel</strong></span> <span class='ocrx_word' id='word_1_534' title='bbox 3145 3477 3321 3532; x_wconf 88' lang='lat' dir='ltr'><strong>facere</strong></span> <span class='ocrx_word' id='word_1_535' title='bbox 3355 3495 3367 3531; x_wconf 93' lang='lat'><strong>:</strong></span> <span class='ocrx_word' id='word_1_536' title='bbox 3401 3479 3694 3549; x_wconf 78' lang='lat' dir='ltr'><strong>quoniam</strong></span> 
     </span>
    </p>
   </div>
   <div class='ocr_carea' id='block_1_81' title="bbox 2073 3565 3342 3624">
    <p class='ocr_par' dir='ltr' id='par_1_81' title="bbox 2073 3565 3342 3624">
     <span class='ocr_line' id='line_1_81' title="bbox 2073 3565 3342 3624; baseline -0.001 -1"><span class='ocrx_word' id='word_1_537' title='bbox 2073 3582 2135 3624; x_wconf 87' lang='lat' dir='ltr'><strong>se</strong></span> <span class='ocrx_word' id='word_1_538' title='bbox 2162 3567 2408 3623; x_wconf 91' lang='lat' dir='ltr'><strong>noverint</strong></span> <span class='ocrx_word' id='word_1_539' title='bbox 2436 3565 2632 3621; x_wconf 91' lang='lat' dir='ltr'><strong>divinis</strong></span> <span class='ocrx_word' id='word_1_540' title='bbox 2660 3567 2946 3623; x_wconf 89' lang='lat' dir='ltr'><strong>virtutibus</strong></span> <span class='ocrx_word' id='word_1_541' title='bbox 2970 3567 3342 3624; x_wconf 88' lang='lat' dir='ltr'><strong>destruendos.</strong></span> 
     </span>
    </p>
   </div>
   <div class='ocr_carea' id='block_1_82' title="bbox 2146 3659 3702 3731">
    <p class='ocr_par' dir='ltr' id='par_1_82' title="bbox 2146 3659 3702 3731">
     <span class='ocr_line' id='line_1_82' title="bbox 2146 3659 3702 3731; baseline 0.001 -15"><span class='ocrx_word' id='word_1_542' title='bbox 2146 3662 2203 3717; x_wconf 94' lang='lat' dir='ltr'><strong>ln</strong></span> <span class='ocrx_word' id='word_1_543' title='bbox 2234 3662 2416 3731; x_wconf 86' lang='lat' dir='ltr'><strong>quinta</strong></span> <span class='ocrx_word' id='word_1_544' title='bbox 2443 3660 2701 3716; x_wconf 87' lang='lat' dir='ltr'><strong>Dominus</strong></span> <span class='ocrx_word' id='word_1_545' title='bbox 2729 3659 2977 3718; x_wconf 90' lang='lat' dir='ltr'><strong>Christus</strong></span> <span class='ocrx_word' id='word_1_546' title='bbox 3004 3661 3200 3718; x_wconf 90' lang='lat' dir='ltr'><strong>clamat</strong></span> <span class='ocrx_word' id='word_1_547' title='bbox 3227 3661 3294 3717; x_wconf 92' lang='lat' dir='ltr'><strong>ad</strong></span> <span class='ocrx_word' id='word_1_548' title='bbox 3323 3662 3553 3717; x_wconf 84' lang='lat' dir='ltr'><strong>Patrem</strong></span> <span class='ocrx_word' id='word_1_549' title='bbox 3584 3702 3603 3729; x_wconf 94' lang='lat'><strong>,</strong></span> <span class='ocrx_word' id='word_1_550' title='bbox 3633 3669 3702 3718; x_wconf 65' lang='lat' dir='ltr'><strong>ut</strong></span> 
     </span>
    </p>
   </div>
   <div class='ocr_carea' id='block_1_83' title="bbox 2074 3752 3704 3826">
    <p class='ocr_par' dir='ltr' id='par_1_83' title="bbox 2074 3752 3704 3826">
     <span class='ocr_line' id='line_1_83' title="bbox 2074 3752 3704 3826; baseline 0.001 -16"><span class='ocrx_word' id='word_1_551' title='bbox 2074 3753 2194 3826; x_wconf 92' lang='lat' dir='ltr'><strong>ejus</strong></span> <span class='ocrx_word' id='word_1_552' title='bbox 2215 3753 2462 3808; x_wconf 89' lang='lat' dir='ltr'><strong>audiatur</strong></span> <span class='ocrx_word' id='word_1_553' title='bbox 2480 3753 2676 3822; x_wconf 85' lang='lat' dir='ltr'><strong>oratio,</strong></span> <span class='ocrx_word' id='word_1_554' title='bbox 2703 3765 2757 3809; x_wconf 90' lang='lat' dir='ltr'><strong>et</strong></span> <span class='ocrx_word' id='word_1_555' title='bbox 2777 3753 2832 3809; x_wconf 89' lang='lat' dir='ltr'><strong>in</strong></span> <span class='ocrx_word' id='word_1_556' title='bbox 2852 3753 3246 3810; x_wconf 89' lang='lat' dir='ltr'><strong>resurrectione</strong></span> <span class='ocrx_word' id='word_1_557' title='bbox 3269 3753 3437 3825; x_wconf 88' lang='lat' dir='ltr'><strong>ipsius</strong></span> <span class='ocrx_word' id='word_1_558' title='bbox 3459 3752 3704 3811; x_wconf 88' lang='lat' dir='ltr'><strong>mundo</strong></span> 
     </span>
    </p>
   </div>
   <div class='ocr_carea' id='block_1_84' title="bbox 2073 3843 3530 3922">
    <p class='ocr_par' dir='ltr' id='par_1_84' title="bbox 2073 3843 3530 3922">
     <span class='ocr_line' id='line_1_84' title="bbox 2073 3843 3530 3922; baseline 0 -22"><span class='ocrx_word' id='word_1_559' title='bbox 2073 3843 2350 3915; x_wconf 88' lang='lat' dir='ltr'><strong>profutura</strong></span> <span class='ocrx_word' id='word_1_560' title='bbox 2380 3845 2660 3901; x_wconf 89' lang='lat' dir='ltr'><strong>concedat.</strong></span> <span class='ocrx_word' id='word_1_561' title='bbox 3509 3889 3530 3922; x_wconf 75' lang='grc'><em>,</em></span> 
     </span>
    </p>
   </div>
   <div class='ocr_carea' id='block_1_85' title="bbox 2145 3937 3714 4008">
    <p class='ocr_par' dir='ltr' id='par_1_85' title="bbox 2145 3937 3714 4008">
     <span class='ocr_line' id='line_1_85' title="bbox 2145 3937 3714 4008; baseline 0 -14"><span class='ocrx_word' id='word_1_562' title='bbox 2145 3937 2331 4004; x_wconf 86' lang='lat' dir='ltr'><strong>Sexta,</strong></span> <span class='ocrx_word' id='word_1_563' title='bbox 2387 3952 2482 4008; x_wconf 89' lang='lat' dir='ltr'><strong>per</strong></span> <span class='ocrx_word' id='word_1_564' title='bbox 2519 3946 2690 3993; x_wconf 91' lang='lat' dir='ltr'><strong>totum</strong></span> <span class='ocrx_word' id='word_1_565' title='bbox 2731 3937 2993 4008; x_wconf 89' lang='lat' dir='ltr'><strong>psalmum</strong></span> <span class='ocrx_word' id='word_1_566' title='bbox 3035 3939 3197 3996; x_wconf 86' lang='lat' dir='ltr'><strong>verba</strong></span> <span class='ocrx_word' id='word_1_567' title='bbox 3235 3946 3358 3995; x_wconf 88' lang='lat' dir='ltr'><strong>sunt</strong></span> <span class='ocrx_word' id='word_1_568' title='bbox 3383 3940 3714 4008; x_wconf 74' lang='lat' dir='ltr'><strong>poeniten-</strong></span> 
     </span>
    </p>
   </div>
   <div class='ocr_carea' id='block_1_86' title="bbox 2074 4029 3727 4114">
    <p class='ocr_par' dir='ltr' id='par_1_86' title="bbox 2074 4029 3727 4114">
     <span class='ocr_line' id='line_1_86' title="bbox 2074 4029 3727 4114; baseline 0.002 -29"><span class='ocrx_word' id='word_1_569' title='bbox 2074 4031 2177 4098; x_wconf 89' lang='lat' dir='ltr'><strong>tis,</strong></span> <span class='ocrx_word' id='word_1_570' title='bbox 2208 4029 2291 4085; x_wconf 92' lang='lat' dir='ltr'><strong>cui</strong></span> <span class='ocrx_word' id='word_1_571' title='bbox 2318 4029 2622 4114; x_wconf 69' lang='lat' dir='ltr'><strong>junguntur</strong></span> <span class='ocrx_word' id='word_1_572' title='bbox 2653 4031 2890 4101; x_wconf 88' lang='lat' dir='ltr'><strong>ejusdem</strong></span> <span class='ocrx_word' id='word_1_573' title='bbox 2915 4033 3058 4087; x_wconf 88' lang='lat' dir='ltr'><strong>modi</strong></span> <span class='ocrx_word' id='word_1_574' title='bbox 3088 4033 3176 4088; x_wconf 89' lang='lat' dir='ltr'><strong>alii</strong></span> <span class='ocrx_word' id='word_1_575' title='bbox 3207 4047 3330 4101; x_wconf 89' lang='lat' dir='ltr'><strong>sex,</strong></span> <span class='ocrx_word' id='word_1_576' title='bbox 3360 4033 3447 4103; x_wconf 93' lang='lat' dir='ltr'><strong>qui</strong></span> <span class='ocrx_word' id='word_1_577' title='bbox 3478 4041 3727 4089; x_wconf 75' lang='lat' dir='ltr'><strong>tamen</strong></span> 
     </span>
    </p>
   </div>
   <div class='ocr_carea' id='block_1_87' title="bbox 2074 4121 3725 4196">
    <p class='ocr_par' dir='ltr' id='par_1_87' title="bbox 2074 4121 3725 4196">
     <span class='ocr_line' id='line_1_87' title="bbox 2074 4121 3725 4196; baseline 0.002 -20"><span class='ocrx_word' id='word_1_578' title='bbox 2074 4121 2129 4178; x_wconf 91' lang='lat' dir='ltr'><strong>in</strong></span> <span class='ocrx_word' id='word_1_579' title='bbox 2158 4123 2502 4179; x_wconf 85' lang='lat' dir='ltr'><strong>conclusione</strong></span> <span class='ocrx_word' id='word_1_580' title='bbox 2531 4123 2954 4195; x_wconf 88' lang='lat' dir='ltr'><strong>quinquagesimi</strong></span> <span class='ocrx_word' id='word_1_581' title='bbox 2986 4126 3178 4195; x_wconf 88' lang='lat' dir='ltr'><strong>psalmi</strong></span> <span class='ocrx_word' id='word_1_582' title='bbox 3215 4125 3468 4196; x_wconf 87' lang='lat' dir='ltr'><strong>descripti</strong></span> <span class='ocrx_word' id='word_1_583' title='bbox 3520 4132 3725 4181; x_wconf 82' lang='lat' dir='ltr'><strong>sunt.</strong></span> 
     </span>
    </p>
   </div>
   <div class='ocr_carea' id='block_1_88' title="bbox 2147 4215 3736 4289">
    <p class='ocr_par' dir='ltr' id='par_1_88' title="bbox 2147 4215 3736 4289">
     <span class='ocr_line' id='line_1_88' title="bbox 2147 4215 3736 4289; baseline 0.002 -20"><span class='ocrx_word' id='word_1_584' title='bbox 2147 4215 2205 4270; x_wconf 87' lang='lat' dir='ltr'><strong>ln</strong></span> <span class='ocrx_word' id='word_1_585' title='bbox 2237 4216 2462 4286; x_wconf 84' lang='lat' dir='ltr'><strong>septima</strong></span> <span class='ocrx_word' id='word_1_586' title='bbox 2512 4223 2664 4286; x_wconf 90' lang='lat' dir='ltr'><strong>parte</strong></span> <span class='ocrx_word' id='word_1_587' title='bbox 2703 4216 2948 4272; x_wconf 88' lang='lat' dir='ltr'><strong>Christus</strong></span> <span class='ocrx_word' id='word_1_588' title='bbox 2980 4218 3252 4274; x_wconf 88' lang='lat' dir='ltr'><strong>humiliter</strong></span> <span class='ocrx_word' id='word_1_589' title='bbox 3276 4218 3496 4288; x_wconf 88' lang='lat' dir='ltr'><strong>quidem</strong></span> <span class='ocrx_word' id='word_1_590' title='bbox 3540 4217 3736 4289; x_wconf 66' lang='lat' dir='ltr'><strong>petit.</strong></span> 
     </span>
    </p>
   </div>
   <div class='ocr_carea' id='block_1_89' title="bbox 2076 4305 3735 4372">
    <p class='ocr_par' dir='ltr' id='par_1_89' title="bbox 2076 4305 3735 4372">
     <span class='ocr_line' id='line_1_89' title="bbox 2076 4305 3735 4372; baseline 0.002 -10"><span class='ocrx_word' id='word_1_591' title='bbox 2076 4315 2136 4362; x_wconf 92' lang='lat' dir='ltr'><strong>ut</strong></span> <span class='ocrx_word' id='word_1_592' title='bbox 2163 4307 2214 4363; x_wconf 91' lang='lat' dir='ltr'><strong>ei</strong></span> <span class='ocrx_word' id='word_1_593' title='bbox 2242 4307 2588 4363; x_wconf 90' lang='lat' dir='ltr'><strong>subveniatur</strong></span> <span class='ocrx_word' id='word_1_594' title='bbox 2617 4322 2646 4360; x_wconf 91' lang='lat' dir='ltr'><strong>a</strong></span> <span class='ocrx_word' id='word_1_595' title='bbox 2679 4305 2870 4372; x_wconf 87' lang='lat' dir='ltr'><strong>Patre,</strong></span> <span class='ocrx_word' id='word_1_596' title='bbox 2903 4306 2999 4362; x_wconf 89' lang='lat' dir='ltr'><strong>sed</strong></span> <span class='ocrx_word' id='word_1_597' title='bbox 3030 4307 3190 4364; x_wconf 90' lang='lat' dir='ltr'><strong>habet</strong></span> <span class='ocrx_word' id='word_1_598' title='bbox 3217 4307 3464 4363; x_wconf 89' lang='lat' dir='ltr'><strong>fiduciam</strong></span> <span class='ocrx_word' id='word_1_599' title='bbox 3500 4315 3735 4365; x_wconf 68' lang='lat' dir='ltr'><strong>recta</strong></span> 
     </span>
    </p>
   </div>
   <div class='ocr_carea' id='block_1_90' title="bbox 2075 4395 3735 4468">
    <p class='ocr_par' dir='ltr' id='par_1_90' title="bbox 2075 4395 3735 4468">
     <span class='ocr_line' id='line_1_90' title="bbox 2075 4395 3735 4468; baseline -0.001 -13"><span class='ocrx_word' id='word_1_600' title='bbox 2075 4398 2520 4461; x_wconf 89' lang='lat' dir='ltr'><strong>conversationis,</strong></span> <span class='ocrx_word' id='word_1_601' title='bbox 2550 4396 2691 4466; x_wconf 88' lang='lat' dir='ltr'><strong>quod</strong></span> <span class='ocrx_word' id='word_1_602' title='bbox 2712 4396 2882 4468; x_wconf 90' lang='lat' dir='ltr'><strong>magis</strong></span> <span class='ocrx_word' id='word_1_603' title='bbox 2903 4395 3136 4466; x_wconf 90' lang='lat' dir='ltr'><strong>pertinet</strong></span> <span class='ocrx_word' id='word_1_604' title='bbox 3155 4398 3220 4453; x_wconf 88' lang='lat' dir='ltr'><strong>ad</strong></span> <span class='ocrx_word' id='word_1_605' title='bbox 3237 4397 3355 4468; x_wconf 91' lang='lat' dir='ltr'><strong>ejus</strong></span> <span class='ocrx_word' id='word_1_606' title='bbox 3370 4398 3682 4454; x_wconf 85' lang='lat' dir='ltr'><strong>deitatem</strong></span> <span class='ocrx_word' id='word_1_607' title='bbox 3709 4414 3735 4464; x_wconf 87' lang='lat'><strong>;</strong></span> 
     </span>
    </p>
   </div>
   <div class='ocr_carea' id='block_1_91' title="bbox 2076 4489 3738 4561">
    <p class='ocr_par' dir='ltr' id='par_1_91' title="bbox 2076 4489 3738 4561">
     <span class='ocr_line' id='line_1_91' title="bbox 2076 4489 3738 4561; baseline -0.002 -12"><span class='ocrx_word' id='word_1_608' title='bbox 2076 4491 2172 4549; x_wconf 81' lang='lat' dir='ltr'><strong>sed</strong></span> <span class='ocrx_word' id='word_1_609' title='bbox 2201 4506 2354 4548; x_wconf 88' lang='lat' dir='ltr'><strong>more</strong></span> <span class='ocrx_word' id='word_1_610' title='bbox 2383 4489 2728 4545; x_wconf 86' lang='lat' dir='ltr'><strong>humanitatis</strong></span> <span class='ocrx_word' id='word_1_611' title='bbox 2756 4495 3045 4561; x_wconf 74' lang='lat' dir='ltr'><strong>assumpta:</strong></span> <span class='ocrx_word' id='word_1_612' title='bbox 3074 4491 3176 4548; x_wconf 89' lang='lat' dir='ltr'><strong>sibi</strong></span> <span class='ocrx_word' id='word_1_613' title='bbox 3207 4491 3437 4561; x_wconf 90' lang='lat' dir='ltr'><strong>postulat</strong></span> <span class='ocrx_word' id='word_1_614' title='bbox 3465 4493 3738 4549; x_wconf 83' lang='lat' dir='ltr'><strong>subve-</strong></span> 
     </span>
    </p>
   </div>
   <div class='ocr_carea' id='block_1_92' title="bbox 385 4550 1964 4656">
    <p class='ocr_par' dir='ltr' id='par_1_92' title="bbox 385 4567 1964 4638">
     <span class='ocr_line' id='line_1_92' title="bbox 385 4567 1964 4638; baseline 0.001 -12"><span class='ocrx_word' id='word_1_615' title='bbox 385 4584 508 4626; x_wconf 88' lang='lat' dir='ltr'><strong>rum</strong></span> <span class='ocrx_word' id='word_1_616' title='bbox 532 4569 770 4626; x_wconf 91' lang='lat' dir='ltr'><strong>omnium</strong></span> <span class='ocrx_word' id='word_1_617' title='bbox 793 4579 993 4624; x_wconf 70' lang='lat' dir='ltr'><strong>aeterna</strong></span> <span class='ocrx_word' id='word_1_618' title='bbox 1014 4567 1264 4638; x_wconf 80' lang='lat' dir='ltr'><strong>felicitas,</strong></span> <span class='ocrx_word' id='word_1_619' title='bbox 1287 4570 1403 4626; x_wconf 90' lang='lat' dir='ltr'><strong>sole</strong></span> <span class='ocrx_word' id='word_1_620' title='bbox 1424 4569 1670 4636; x_wconf 91' lang='lat' dir='ltr'><strong>lucidior,</strong></span> <span class='ocrx_word' id='word_1_621' title='bbox 1696 4570 1820 4626; x_wconf 87' lang='lat' dir='ltr'><strong>nive</strong></span> <span class='ocrx_word' id='word_1_622' title='bbox 1840 4584 1964 4628; x_wconf 90' lang='lat' dir='ltr'><strong>can-</strong></span> 
     </span>
    </p>
   </div>
   <div class='ocr_carea' id='block_1_93' title="bbox 2078 4550 3738 4656">
    <p class='ocr_par' dir='ltr' id='par_1_93' title="bbox 2078 4573 3738 4656">
     <span class='ocr_line' id='line_1_93' title="bbox 2078 4573 3738 4656; baseline -0.002 -15"><span class='ocrx_word' id='word_1_623' title='bbox 2078 4585 2181 4641; x_wconf 90' lang='lat' dir='ltr'><strong>niri</strong></span> <span class='ocrx_word' id='word_1_624' title='bbox 2217 4603 2229 4640; x_wconf 95' lang='lat'>:</span> <span class='ocrx_word' id='word_1_625' title='bbox 2262 4599 2329 4640; x_wconf 91' lang='lat' dir='ltr'><strong>ne</strong></span> <span class='ocrx_word' id='word_1_626' title='bbox 2355 4573 2601 4638; x_wconf 87' lang='lat' dir='ltr'><strong>diabolus</strong></span> <span class='ocrx_word' id='word_1_627' title='bbox 2624 4582 2859 4639; x_wconf 89' lang='lat' dir='ltr'><strong>animam</strong></span> <span class='ocrx_word' id='word_1_628' title='bbox 2887 4581 3006 4654; x_wconf 87' lang='lat' dir='ltr'><strong>ejus</strong></span> <span class='ocrx_word' id='word_1_629' title='bbox 3034 4584 3215 4656; x_wconf 90' lang='lat' dir='ltr'><strong>iniqua</strong></span> <span class='ocrx_word' id='word_1_630' title='bbox 3244 4585 3738 4656; x_wconf 77' lang='lat' dir='ltr'><strong>praesumptione</strong></span> 
     </span>
    </p>
   </div>
   <div class='ocr_carea' id='block_1_94' title="bbox 387 4649 1974 4736">
    <p class='ocr_par' dir='ltr' id='par_1_94' title="bbox 387 4649 1974 4736">
     <span class='ocr_line' id='line_1_94' title="bbox 387 4649 1974 4736; baseline 0.001 -17"><span class='ocrx_word' id='word_1_631' title='bbox 387 4663 586 4731; x_wconf 90' lang='lat' dir='ltr'><strong>didior,</strong></span> <span class='ocrx_word' id='word_1_632' title='bbox 616 4662 734 4720; x_wconf 91' lang='lat' dir='ltr'><strong>sine</strong></span> <span class='ocrx_word' id='word_1_633' title='bbox 772 4661 1003 4728; x_wconf 89' lang='lat' dir='ltr'><strong>macula,</strong></span> <span class='ocrx_word' id='word_1_634' title='bbox 1033 4662 1152 4719; x_wconf 88' lang='lat' dir='ltr'><strong>sine</strong></span> <span class='ocrx_word' id='word_1_635' title='bbox 1177 4677 1329 4733; x_wconf 89' lang='lat' dir='ltr'><strong>ruga.</strong></span> <span class='ocrx_word' id='word_1_636' title='bbox 1367 4662 1441 4718; x_wconf 91' lang='lat' dir='ltr'><strong>De</strong></span> <span class='ocrx_word' id='word_1_637' title='bbox 1467 4679 1570 4735; x_wconf 91' lang='lat' dir='ltr'><strong>qua</strong></span> <span class='ocrx_word' id='word_1_638' title='bbox 1602 4649 1858 4736; x_wconf 75' lang='lat' dir='ltr'><strong>scriptum</strong></span> <span class='ocrx_word' id='word_1_639' title='bbox 1888 4674 1974 4721; x_wconf 84' lang='lat' dir='ltr'><strong>est</strong></span> 
     </span>
    </p>
   </div>
   <div class='ocr_carea' id='block_1_95' title="bbox 387 4753 1972 4828">
    <p class='ocr_par' dir='ltr' id='par_1_95' title="bbox 387 4753 1972 4828">
     <span class='ocr_line' id='line_1_95' title="bbox 387 4753 1972 4828; baseline 0.003 -18"><span class='ocrx_word' id='word_1_640' title='bbox 387 4753 446 4810; x_wconf 89' lang='lat' dir='ltr'><strong>in</strong></span> <span class='ocrx_word' id='word_1_641' title='bbox 471 4753 690 4810; x_wconf 87' lang='lat' dir='ltr'><strong>Cantieo</strong></span> <span class='ocrx_word' id='word_1_642' title='bbox 718 4753 1048 4809; x_wconf 88' lang='lat' dir='ltr'><strong>canticorum</strong></span> <span class='ocrx_word' id='word_1_643' title='bbox 1079 4770 1095 4810; x_wconf 87' lang='lat'><strong>:</strong></span> <span class='ocrx_word' id='word_1_644' title='bbox 1127 4754 1256 4821; x_wconf 76' lang='lat' dir='ltr'><strong>Qua:</strong></span> <span class='ocrx_word' id='word_1_645' title='bbox 1283 4764 1354 4808; x_wconf 86' lang='lat' dir='ltr'><strong>est</strong></span> <span class='ocrx_word' id='word_1_646' title='bbox 1382 4755 1481 4810; x_wconf 80' lang='lat' dir='ltr'><strong>ista</strong></span> <span class='ocrx_word' id='word_1_647' title='bbox 1509 4772 1623 4827; x_wconf 75' lang='lat' dir='ltr'><strong>qua:</strong></span> <span class='ocrx_word' id='word_1_648' title='bbox 1647 4758 1972 4828; x_wconf 84' lang='lat' dir='ltr'><strong>progreditur</strong></span> 
     </span>
    </p>
   </div>
   <div class='ocr_carea' id='block_1_96' title="bbox 387 4843 1970 4922">
    <p class='ocr_par' dir='ltr' id='par_1_96' title="bbox 387 4843 1970 4922">
     <span class='ocr_line' id='line_1_96' title="bbox 387 4843 1970 4922; baseline 0.004 -25"><span class='ocrx_word' id='word_1_649' title='bbox 387 4843 536 4914; x_wconf 84' lang='lat' dir='ltr'><strong>quasi</strong></span> <span class='ocrx_word' id='word_1_650' title='bbox 555 4858 741 4899; x_wconf 90' lang='lat' dir='ltr'><strong>aurora</strong></span> <span class='ocrx_word' id='word_1_651' title='bbox 761 4859 1095 4916; x_wconf 77' lang='lat' dir='ltr'><strong>consurgens,</strong></span> <span class='ocrx_word' id='word_1_652' title='bbox 1118 4846 1332 4916; x_wconf 81' lang='lat' dir='ltr'><strong>pulchra</strong></span> <span class='ocrx_word' id='word_1_653' title='bbox 1358 4854 1414 4901; x_wconf 88' lang='lat' dir='ltr'><strong>ut</strong></span> <span class='ocrx_word' id='word_1_654' title='bbox 1438 4845 1584 4915; x_wconf 87' lang='lat' dir='ltr'><strong>luna,</strong></span> <span class='ocrx_word' id='word_1_655' title='bbox 1613 4849 1773 4903; x_wconf 87' lang='lat' dir='ltr'><strong>electa</strong></span> <span class='ocrx_word' id='word_1_656' title='bbox 1795 4848 1856 4902; x_wconf 83' lang='lat' dir='ltr'><strong>ut</strong></span> <span class='ocrx_word' id='word_1_657' title='bbox 1870 4850 1970 4922; x_wconf 82' lang='lat' dir='ltr'><strong>sol,</strong></span> 
     </span>
    </p>
   </div>
   <div class='ocr_carea' id='block_1_97' title="bbox 317 4935 1972 5012">
    <p class='ocr_par' dir='ltr' id='par_1_97' title="bbox 317 4935 1972 5012">
     <span class='ocr_line' id='line_1_97' title="bbox 317 4935 1972 5012; baseline 0.002 -20"><span class='ocrx_word' id='word_1_658' title='bbox 317 4987 320 4992; x_wconf 93' lang='lat'><strong>.</strong></span> <span class='ocrx_word' id='word_1_659' title='bbox 388 4935 628 4991; x_wconf 85' lang='lat' dir='ltr'><strong>terribilis</strong></span> <span class='ocrx_word' id='word_1_660' title='bbox 656 4944 714 4990; x_wconf 84' lang='lat' dir='ltr'><strong>ut</strong></span> <span class='ocrx_word' id='word_1_661' title='bbox 742 4947 1024 4992; x_wconf 82' lang='lat' dir='ltr'><strong>castrorum</strong></span> <span class='ocrx_word' id='word_1_662' title='bbox 1049 4938 1182 4993; x_wconf 81' lang='lat' dir='ltr'><strong>acies</strong></span> <span class='ocrx_word' id='word_1_663' title='bbox 1211 4939 1447 4994; x_wconf 84' lang='lat' dir='ltr'><strong>ordinata</strong></span> <span class='ocrx_word' id='word_1_664' title='bbox 1467 4939 1640 5012; x_wconf 83' lang='lat' dir='ltr'><strong>(Cant.</strong></span> <span class='ocrx_word' id='word_1_665' title='bbox 1672 4957 1747 5008; x_wconf 79' lang='lat' dir='ltr'><strong>v1,</strong></span> <span class='ocrx_word' id='word_1_666' title='bbox 1778 4940 1874 5011; x_wconf 85' lang='lat'><strong>9)?</strong></span> <span class='ocrx_word' id='word_1_667' title='bbox 1905 4941 1972 4997; x_wconf 86' lang='lat' dir='ltr'><strong>Et</strong></span> 
     </span>
    </p>
   </div>
   <div class='ocr_carea' id='block_1_98' title="bbox 387 5030 1971 5106">
    <p class='ocr_par' dir='ltr' id='par_1_98' title="bbox 387 5030 1971 5106">
     <span class='ocr_line' id='line_1_98' title="bbox 387 5030 1971 5106; baseline 0.003 -20"><span class='ocrx_word' id='word_1_668' title='bbox 387 5031 552 5102; x_wconf 88' lang='lat' dir='ltr'><strong>paulo</strong></span> <span class='ocrx_word' id='word_1_669' title='bbox 579 5038 705 5088; x_wconf 83' lang='lat' dir='ltr'><strong>ante</strong></span> <span class='ocrx_word' id='word_1_670' title='bbox 736 5050 749 5084; x_wconf 90' lang='lat'><strong>:</strong></span> <span class='ocrx_word' id='word_1_671' title='bbox 785 5030 936 5087; x_wconf 82' lang='lat' dir='ltr'><strong>Oculi</strong></span> <span class='ocrx_word' id='word_1_672' title='bbox 958 5033 1032 5086; x_wconf 87' lang='lat' dir='ltr'><strong>tui</strong></span> <span class='ocrx_word' id='word_1_673' title='bbox 1060 5033 1406 5089; x_wconf 87' lang='lat' dir='ltr'><strong>columbarum</strong></span> <span class='ocrx_word' id='word_1_674' title='bbox 1434 5035 1621 5106; x_wconf 84' lang='lat' dir='ltr'><strong>absque</strong></span> <span class='ocrx_word' id='word_1_675' title='bbox 1645 5051 1702 5090; x_wconf 86' lang='lat' dir='ltr'><strong>eo</strong></span> <span class='ocrx_word' id='word_1_676' title='bbox 1732 5037 1868 5104; x_wconf 86' lang='lat' dir='ltr'><strong>quod</strong></span> <span class='ocrx_word' id='word_1_677' title='bbox 1891 5036 1971 5090; x_wconf 87' lang='lat' dir='ltr'><strong>in-</strong></span> 
     </span>
    </p>
   </div>
   <div class='ocr_carea' id='block_1_99' title="bbox 387 5123 1974 5197">
    <p class='ocr_par' dir='ltr' id='par_1_99' title="bbox 387 5123 1974 5197">
     <span class='ocr_line' id='line_1_99' title="bbox 387 5123 1974 5197; baseline 0.002 -19"><span class='ocrx_word' id='word_1_678' title='bbox 387 5123 636 5178; x_wconf 81' lang='lat' dir='ltr'><strong>trinsecus</strong></span> <span class='ocrx_word' id='word_1_679' title='bbox 661 5123 784 5178; x_wconf 82' lang='lat' dir='ltr'><strong>latet</strong></span> <span class='ocrx_word' id='word_1_680' title='bbox 813 5137 834 5177; x_wconf 87' lang='lat'><strong><em>:</em></strong></span> <span class='ocrx_word' id='word_1_681' title='bbox 859 5124 1007 5194; x_wconf 83' lang='lat' dir='ltr'><strong>cujus</strong></span> <span class='ocrx_word' id='word_1_682' title='bbox 1028 5125 1200 5180; x_wconf 85' lang='lat' dir='ltr'><strong>dentes</strong></span> <span class='ocrx_word' id='word_1_683' title='bbox 1223 5127 1351 5181; x_wconf 81' lang='lat' dir='ltr'><strong>sicut</strong></span> <span class='ocrx_word' id='word_1_684' title='bbox 1374 5142 1546 5197; x_wconf 81' lang='lat' dir='ltr'><strong>greges</strong></span> <span class='ocrx_word' id='word_1_685' title='bbox 1573 5136 1839 5180; x_wconf 71' lang='lat' dir='ltr'><strong>tantarum</strong></span> <span class='ocrx_word' id='word_1_686' title='bbox 1858 5142 1974 5196; x_wconf 74' lang='lat' dir='ltr'><strong>qua:</strong></span> 
     </span>
    </p>
   </div>
   <div class='ocr_carea' id='block_1_100' title="bbox 389 5213 1974 5290">
    <p class='ocr_par' dir='ltr' id='par_1_100' title="bbox 389 5213 1974 5290">
     <span class='ocr_line' id='line_1_100' title="bbox 389 5213 1974 5290; baseline 0.003 -22"><span class='ocrx_word' id='word_1_687' title='bbox 389 5215 725 5270; x_wconf 84' lang='lat' dir='ltr'><strong>ascenderunt</strong></span> <span class='ocrx_word' id='word_1_688' title='bbox 750 5213 814 5270; x_wconf 84' lang='lat' dir='ltr'><strong>de</strong></span> <span class='ocrx_word' id='word_1_689' title='bbox 841 5215 1064 5286; x_wconf 84' lang='lat' dir='ltr'><strong>lavacro,</strong></span> <span class='ocrx_word' id='word_1_690' title='bbox 1099 5233 1272 5273; x_wconf 87' lang='lat' dir='ltr'><strong>omnes</strong></span> <span class='ocrx_word' id='word_1_691' title='bbox 1303 5218 1531 5289; x_wconf 75' lang='lat' dir='ltr'><strong>gemellis</strong></span> <span class='ocrx_word' id='word_1_692' title='bbox 1558 5217 1762 5290; x_wconf 77' lang='lat' dir='ltr'><strong>fetibus,</strong></span> <span class='ocrx_word' id='word_1_693' title='bbox 1796 5227 1843 5273; x_wconf 87' lang='lat' dir='ltr'><strong>et</strong></span> <span class='ocrx_word' id='word_1_694' title='bbox 1871 5226 1974 5273; x_wconf 83' lang='lat' dir='ltr'><strong>ste-</strong></span> 
     </span>
    </p>
   </div>
   <div class='ocr_carea' id='block_1_101' title="bbox 385 5307 1974 5366">
    <p class='ocr_par' dir='ltr' id='par_1_101' title="bbox 385 5307 1974 5366">
     <span class='ocr_line' id='line_1_101' title="bbox 385 5307 1974 5366; baseline 0.003 -5"><span class='ocrx_word' id='word_1_695' title='bbox 385 5308 500 5362; x_wconf 84' lang='lat' dir='ltr'><strong>rilis</strong></span> <span class='ocrx_word' id='word_1_696' title='bbox 542 5322 645 5362; x_wconf 90' lang='lat' dir='ltr'><strong>non</strong></span> <span class='ocrx_word' id='word_1_697' title='bbox 683 5315 756 5361; x_wconf 83' lang='lat' dir='ltr'><strong>est</strong></span> <span class='ocrx_word' id='word_1_698' title='bbox 785 5307 923 5363; x_wconf 86' lang='lat' dir='ltr'><strong>inter</strong></span> <span class='ocrx_word' id='word_1_699' title='bbox 959 5325 1065 5363; x_wconf 90' lang='lat' dir='ltr'><strong>eas.</strong></span> <span class='ocrx_word' id='word_1_700' title='bbox 1114 5309 1262 5365; x_wconf 87' lang='lat' dir='ltr'><strong>Sicut</strong></span> <span class='ocrx_word' id='word_1_701' title='bbox 1300 5311 1422 5362; x_wconf 81' lang='lat' dir='ltr'><strong>uitta</strong></span> <span class='ocrx_word' id='word_1_702' title='bbox 1450 5310 1681 5364; x_wconf 86' lang='lat' dir='ltr'><strong>coccinea</strong></span> <span class='ocrx_word' id='word_1_703' title='bbox 1709 5309 1847 5363; x_wconf 87' lang='lat' dir='ltr'><strong>labia</strong></span> <span class='ocrx_word' id='word_1_704' title='bbox 1887 5320 1974 5366; x_wconf 86' lang='lat' dir='ltr'><strong>tua</strong></span> 
     </span>
    </p>
   </div>
   <div class='ocr_carea' id='block_1_102' title="bbox 390 5391 1974 5477">
    <p class='ocr_par' dir='ltr' id='par_1_102' title="bbox 390 5391 1974 5477">
     <span class='ocr_line' id='line_1_102' title="bbox 390 5391 1974 5477; baseline 0.003 -23"><span class='ocrx_word' id='word_1_705' title='bbox 390 5395 576 5465; x_wconf 84' lang='lat' dir='ltr'><strong>(Cant.</strong></span> <span class='ocrx_word' id='word_1_706' title='bbox 609 5413 681 5466; x_wconf 84' lang='lat' dir='ltr'><strong>tv,</strong></span> <span class='ocrx_word' id='word_1_707' title='bbox 716 5399 769 5465; x_wconf 84' lang='lat' dir='ltr'><strong>l,</strong></span> <span class='ocrx_word' id='word_1_708' title='bbox 799 5398 883 5469; x_wconf 76' lang='lat'><strong>2),</strong></span> <span class='ocrx_word' id='word_1_709' title='bbox 913 5391 1170 5456; x_wconf 42' lang='lat' dir='ltr'><strong>mater&#39;et</strong></span> <span class='ocrx_word' id='word_1_710' title='bbox 1198 5400 1370 5470; x_wconf 89' lang='lat' dir='ltr'><strong>virgo,</strong></span> <span class='ocrx_word' id='word_1_711' title='bbox 1403 5400 1508 5456; x_wconf 87' lang='lat' dir='ltr'><strong>feta</strong></span> <span class='ocrx_word' id='word_1_712' title='bbox 1540 5413 1595 5456; x_wconf 89' lang='lat' dir='ltr'><strong>et</strong></span> <span class='ocrx_word' id='word_1_713' title='bbox 1623 5400 1854 5477; x_wconf 73' lang='lat' dir='ltr'><strong>integra,</strong></span> <span class='ocrx_word' id='word_1_714' title='bbox 1880 5416 1974 5473; x_wconf 89' lang='lat' dir='ltr'><strong>ge-</strong></span> 
     </span>
    </p>
   </div>
   <div class='ocr_carea' id='block_1_103' title="bbox 387 5487 1968 5567">
    <p class='ocr_par' dir='ltr' id='par_1_103' title="bbox 387 5487 1968 5567">
     <span class='ocr_line' id='line_1_103' title="bbox 387 5487 1968 5567; baseline 0.006 -20"><span class='ocrx_word' id='word_1_715' title='bbox 387 5493 555 5549; x_wconf 86' lang='lat' dir='ltr'><strong>nitrix</strong></span> <span class='ocrx_word' id='word_1_716' title='bbox 583 5502 636 5550; x_wconf 90' lang='lat' dir='ltr'><strong>et</strong></span> <span class='ocrx_word' id='word_1_717' title='bbox 664 5495 991 5566; x_wconf 89' lang='lat' dir='ltr'><strong>incorrupta,</strong></span> <span class='ocrx_word' id='word_1_718' title='bbox 1021 5497 1176 5567; x_wconf 91' lang='lat' dir='ltr'><strong>cujus</strong></span> <span class='ocrx_word' id='word_1_719' title='bbox 1200 5511 1261 5552; x_wconf 90' lang='lat' dir='ltr'><strong>os</strong></span> <span class='ocrx_word' id='word_1_720' title='bbox 1289 5497 1549 5554; x_wconf 88' lang='lat' dir='ltr'><strong>virtutum</strong></span> <span class='ocrx_word' id='word_1_721' title='bbox 1582 5487 1834 5555; x_wconf 19' lang='lat' dir='ltr'><strong>omnium.</strong></span> <span class='ocrx_word' id='word_1_722' title='bbox 1854 5499 1968 5556; x_wconf 83' lang='lat' dir='ltr'><strong>fra-</strong></span> 
     </span>
    </p>
   </div>
   <div class='ocr_carea' id='block_1_104' title="bbox 385 5585 1971 5658">
    <p class='ocr_par' dir='ltr' id='par_1_104' title="bbox 385 5585 1971 5658">
     <span class='ocr_line' id='line_1_104' title="bbox 385 5585 1971 5658; baseline 0.004 -18"><span class='ocrx_word' id='word_1_723' title='bbox 385 5596 501 5654; x_wconf 88' lang='lat' dir='ltr'><strong>grat</strong></span> <span class='ocrx_word' id='word_1_724' title='bbox 531 5585 784 5643; x_wconf 91' lang='lat' dir='ltr'><strong>odoribus</strong></span> <span class='ocrx_word' id='word_1_725' title='bbox 816 5603 832 5642; x_wconf 88' lang='lat'><strong>:</strong></span> <span class='ocrx_word' id='word_1_726' title='bbox 873 5587 941 5643; x_wconf 92' lang='lat' dir='ltr'><strong>de</strong></span> <span class='ocrx_word' id='word_1_727' title='bbox 979 5603 1083 5658; x_wconf 91' lang='lat' dir='ltr'><strong>qua</strong></span> <span class='ocrx_word' id='word_1_728' title='bbox 1110 5603 1342 5658; x_wconf 91' lang='lat' dir='ltr'><strong>sponsus</strong></span> <span class='ocrx_word' id='word_1_729' title='bbox 1381 5588 1510 5644; x_wconf 91' lang='lat' dir='ltr'><strong>dicit</strong></span> <span class='ocrx_word' id='word_1_730' title='bbox 1541 5608 1554 5642; x_wconf 90' lang='lat'><strong>:</strong></span> <span class='ocrx_word' id='word_1_731' title='bbox 1592 5591 1737 5645; x_wconf 80' lang='lat' dir='ltr'><strong>Odor</strong></span> <span class='ocrx_word' id='word_1_732' title='bbox 1766 5592 1869 5645; x_wconf 80' lang='lat' dir='ltr'><strong>oris</strong></span> <span class='ocrx_word' id='word_1_733' title='bbox 1894 5592 1971 5646; x_wconf 83' lang='lat' dir='ltr'><strong>tui</strong></span> 
     </span>
    </p>
   </div>
   <div class='ocr_carea' id='block_1_105' title="bbox 387 5681 1974 5755">
    <p class='ocr_par' dir='ltr' id='par_1_105' title="bbox 387 5681 1974 5755">
     <span class='ocr_line' id='line_1_105' title="bbox 387 5681 1974 5755; baseline 0.004 -21"><span class='ocrx_word' id='word_1_734' title='bbox 387 5682 514 5734; x_wconf 78' lang='lat' dir='ltr'><strong>sicut</strong></span> <span class='ocrx_word' id='word_1_735' title='bbox 533 5682 784 5736; x_wconf 86' lang='lat' dir='ltr'><strong>malorum</strong></span> <span class='ocrx_word' id='word_1_736' title='bbox 803 5681 994 5754; x_wconf 89' lang='lat' dir='ltr'><strong>(Cant.</strong></span> <span class='ocrx_word' id='word_1_737' title='bbox 1020 5698 1112 5747; x_wconf 83' lang='lat' dir='ltr'><strong>vn,</strong></span> <span class='ocrx_word' id='word_1_738' title='bbox 1138 5683 1224 5754; x_wconf 90' lang='lat'><strong>8).</strong></span> <span class='ocrx_word' id='word_1_739' title='bbox 1249 5684 1318 5740; x_wconf 85' lang='lat' dir='ltr'><strong>Et</strong></span> <span class='ocrx_word' id='word_1_740' title='bbox 1337 5692 1460 5754; x_wconf 91' lang='lat' dir='ltr'><strong>post</strong></span> <span class='ocrx_word' id='word_1_741' title='bbox 1483 5685 1758 5755; x_wconf 84' lang='lat' dir='ltr'><strong>paululum</strong></span> <span class='ocrx_word' id='word_1_742' title='bbox 1783 5704 1798 5742; x_wconf 92' lang='lat'><strong>:</strong></span> <span class='ocrx_word' id='word_1_743' title='bbox 1831 5688 1974 5742; x_wconf 87' lang='lat' dir='ltr'><strong>Odor</strong></span> 
     </span>
    </p>
   </div>
   <div class='ocr_carea' id='block_1_106' title="bbox 389 5778 1972 5848">
    <p class='ocr_par' dir='ltr' id='par_1_106' title="bbox 389 5778 1972 5848">
     <span class='ocr_line' id='line_1_106' title="bbox 389 5778 1972 5848; baseline 0.007 -21"><span class='ocrx_word' id='word_1_744' title='bbox 389 5783 761 5847; x_wconf 81' lang='lat' dir='ltr'><strong>unguentorum</strong></span> <span class='ocrx_word' id='word_1_745' title='bbox 793 5780 999 5831; x_wconf 87' lang='lat' dir='ltr'><strong>tuorum</strong></span> <span class='ocrx_word' id='word_1_746' title='bbox 1023 5792 1176 5848; x_wconf 83' lang='lat' dir='ltr'><strong>super</strong></span> <span class='ocrx_word' id='word_1_747' title='bbox 1209 5778 1380 5834; x_wconf 87' lang='lat' dir='ltr'><strong>omnia</strong></span> <span class='ocrx_word' id='word_1_748' title='bbox 1406 5787 1657 5836; x_wconf 85' lang='lat' dir='ltr'><strong>aromata.</strong></span> <span class='ocrx_word' id='word_1_749' title='bbox 1688 5779 1866 5838; x_wconf 78' lang='lat' dir='ltr'><strong>Favus</strong></span> <span class='ocrx_word' id='word_1_750' title='bbox 1891 5781 1972 5838; x_wconf 85' lang='lat' dir='ltr'><strong>di-</strong></span> 
     </span>
    </p>
   </div>
   <div class='ocr_carea' id='block_1_107' title="bbox 2075 4671 3730 4748">
    <p class='ocr_par' dir='ltr' id='par_1_107' title="bbox 2075 4671 3730 4748">
     <span class='ocr_line' id='line_1_107' title="bbox 2075 4671 3730 4748; baseline 0.001 -17"><span class='ocrx_word' id='word_1_751' title='bbox 2075 4675 2331 4746; x_wconf 89' lang='lat' dir='ltr'><strong>diripiat,</strong></span> <span class='ocrx_word' id='word_1_752' title='bbox 2363 4681 2416 4730; x_wconf 88' lang='lat' dir='ltr'><strong>et</strong></span> <span class='ocrx_word' id='word_1_753' title='bbox 2444 4671 2614 4744; x_wconf 89' lang='lat' dir='ltr'><strong>gloria</strong></span> <span class='ocrx_word' id='word_1_754' title='bbox 2640 4673 2808 4746; x_wconf 89' lang='lat' dir='ltr'><strong>ipsius</strong></span> <span class='ocrx_word' id='word_1_755' title='bbox 2837 4675 2890 4732; x_wconf 89' lang='lat' dir='ltr'><strong>in</strong></span> <span class='ocrx_word' id='word_1_756' title='bbox 2920 4675 3195 4748; x_wconf 86' lang='lat' dir='ltr'><strong>pulverem</strong></span> <span class='ocrx_word' id='word_1_757' title='bbox 3221 4675 3449 4733; x_wconf 90' lang='lat' dir='ltr'><strong>deducta</strong></span> <span class='ocrx_word' id='word_1_758' title='bbox 3475 4677 3730 4746; x_wconf 82' lang='lat' dir='ltr'><strong>dispe-</strong></span> 
     </span>
    </p>
   </div>
   <div class='ocr_carea' id='block_1_108' title="bbox 2075 4777 2209 4824">
    <p class='ocr_par' dir='ltr' id='par_1_108' title="bbox 2075 4777 2209 4824">
     <span class='ocr_line' id='line_1_108' title="bbox 2075 4777 2209 4824; baseline -0.015 0"><span class='ocrx_word' id='word_1_759' title='bbox 2075 4777 2209 4824; x_wconf 59' lang='lat' dir='ltr'><strong>763i.</strong></span> 
     </span>
    </p>
   </div>
   <div class='ocr_carea' id='block_1_109' title="bbox 2148 4857 3723 4930">
    <p class='ocr_par' dir='ltr' id='par_1_109' title="bbox 2148 4857 3723 4930">
     <span class='ocr_line' id='line_1_109' title="bbox 2148 4857 3723 4930; baseline -0.001 -15"><span class='ocrx_word' id='word_1_760' title='bbox 2148 4858 2205 4915; x_wconf 93' lang='lat' dir='ltr'><strong>ln</strong></span> <span class='ocrx_word' id='word_1_761' title='bbox 2227 4868 2438 4929; x_wconf 87' lang='lat' dir='ltr'><strong>octava,</strong></span> <span class='ocrx_word' id='word_1_762' title='bbox 2466 4859 2742 4930; x_wconf 88' lang='lat' dir='ltr'><strong>parabolis</strong></span> <span class='ocrx_word' id='word_1_763' title='bbox 2757 4867 2813 4916; x_wconf 88' lang='lat' dir='ltr'><strong>et</strong></span> <span class='ocrx_word' id='word_1_764' title='bbox 2829 4858 3049 4929; x_wconf 89' lang='lat' dir='ltr'><strong>tr0picis</strong></span> <span class='ocrx_word' id='word_1_765' title='bbox 3071 4857 3421 4915; x_wconf 89' lang='lat' dir='ltr'><strong>allusionibus</strong></span> <span class='ocrx_word' id='word_1_766' title='bbox 3438 4871 3723 4930; x_wconf 80' lang='lat' dir='ltr'><strong>congre-</strong></span> 
     </span>
    </p>
   </div>
   <div class='ocr_carea' id='block_1_110' title="bbox 2076 4951 3723 5024">
    <p class='ocr_par' dir='ltr' id='par_1_110' title="bbox 2076 4951 3723 5024">
     <span class='ocr_line' id='line_1_110' title="bbox 2076 4951 3723 5024; baseline -0.001 -18"><span class='ocrx_word' id='word_1_767' title='bbox 2076 4954 2234 5024; x_wconf 88' lang='lat' dir='ltr'><strong>gatis,</strong></span> <span class='ocrx_word' id='word_1_768' title='bbox 2284 4955 2617 5024; x_wconf 91' lang='lat' dir='ltr'><strong>subsequens</strong></span> <span class='ocrx_word' id='word_1_769' title='bbox 2646 4953 2831 5008; x_wconf 89' lang='lat' dir='ltr'><strong>drama</strong></span> <span class='ocrx_word' id='word_1_770' title='bbox 2862 4951 3188 5020; x_wconf 90' lang='lat' dir='ltr'><strong>decurritur,</strong></span> <span class='ocrx_word' id='word_1_771' title='bbox 3237 4958 3293 5006; x_wconf 91' lang='lat' dir='ltr'><strong>et</strong></span> <span class='ocrx_word' id='word_1_772' title='bbox 3337 4966 3432 5020; x_wconf 90' lang='lat' dir='ltr'><strong>per</strong></span> <span class='ocrx_word' id='word_1_773' title='bbox 3461 4951 3723 5020; x_wconf 81' lang='lat' dir='ltr'><strong>allego-</strong></span> 
     </span>
    </p>
   </div>
   <div class='ocr_carea' id='block_1_111' title="bbox 2076 5043 3706 5101">
    <p class='ocr_par' dir='ltr' id='par_1_111' title="bbox 2076 5043 3706 5101">
     <span class='ocr_line' id='line_1_111' title="bbox 2076 5043 3706 5101; baseline -0.002 -1"><span class='ocrx_word' id='word_1_774' title='bbox 2076 5046 2218 5101; x_wconf 87' lang='lat' dir='ltr'><strong>ricas</strong></span> <span class='ocrx_word' id='word_1_775' title='bbox 2258 5045 2637 5101; x_wconf 88' lang='lat' dir='ltr'><strong>similitudines</strong></span> <span class='ocrx_word' id='word_1_776' title='bbox 2684 5044 2861 5099; x_wconf 89' lang='lat' dir='ltr'><strong>omnia</strong></span> <span class='ocrx_word' id='word_1_777' title='bbox 2905 5043 3214 5100; x_wconf 84' lang='lat' dir='ltr'><strong>referuntur</strong></span> <span class='ocrx_word' id='word_1_778' title='bbox 3259 5044 3326 5101; x_wconf 88' lang='lat' dir='ltr'><strong>ad</strong></span> <span class='ocrx_word' id='word_1_779' title='bbox 3375 5045 3706 5101; x_wconf 86' lang='lat' dir='ltr'><strong>Dominum</strong></span> 
     </span>
    </p>
   </div>
   <div class='ocr_carea' id='block_1_112' title="bbox 2075 5132 3708 5208">
    <p class='ocr_par' dir='ltr' id='par_1_112' title="bbox 2075 5132 3708 5208">
     <span class='ocr_line' id='line_1_112' title="bbox 2075 5132 3708 5208; baseline -0.002 -17"><span class='ocrx_word' id='word_1_780' title='bbox 2075 5137 2373 5192; x_wconf 90' lang='lat' dir='ltr'><strong>Christum.</strong></span> <span class='ocrx_word' id='word_1_781' title='bbox 2406 5137 2535 5204; x_wconf 75' lang='lat' dir='ltr'><strong>Quae</strong></span> <span class='ocrx_word' id='word_1_782' title='bbox 2562 5135 2838 5193; x_wconf 87' lang='lat' dir='ltr'><strong>schemata</strong></span> <span class='ocrx_word' id='word_1_783' title='bbox 2883 5150 2980 5192; x_wconf 87' lang='lat' dir='ltr'><strong>nos</strong></span> <span class='ocrx_word' id='word_1_784' title='bbox 3025 5136 3160 5192; x_wconf 89' lang='lat' dir='ltr'><strong>locis</strong></span> <span class='ocrx_word' id='word_1_785' title='bbox 3203 5137 3490 5208; x_wconf 89' lang='lat' dir='ltr'><strong>aptissimis</strong></span> <span class='ocrx_word' id='word_1_786' title='bbox 3541 5132 3708 5189; x_wconf 85' lang='lat' dir='ltr'><strong>red-</strong></span> 
     </span>
    </p>
   </div>
   <div class='ocr_carea' id='block_1_113' title="bbox 2077 5226 3692 5297">
    <p class='ocr_par' dir='ltr' id='par_1_113' title="bbox 2077 5226 3692 5297">
     <span class='ocr_line' id='line_1_113' title="bbox 2077 5226 3692 5297; baseline -0.007 -9"><span class='ocrx_word' id='word_1_787' title='bbox 2077 5231 2267 5288; x_wconf 89' lang='lat' dir='ltr'><strong>dentes</strong></span> <span class='ocrx_word' id='word_1_788' title='bbox 2298 5230 2699 5287; x_wconf 83' lang='lat' dir='ltr'><strong>evidentissime</strong></span> <span class='ocrx_word' id='word_1_789' title='bbox 2727 5228 3212 5297; x_wconf 87' lang='lat' dir='ltr'><strong>commonebimus,</strong></span> <span class='ocrx_word' id='word_1_790' title='bbox 3253 5243 3315 5293; x_wconf 85' lang='lat' dir='ltr'><strong>ut</strong></span> <span class='ocrx_word' id='word_1_791' title='bbox 3338 5226 3526 5292; x_wconf 89' lang='lat' dir='ltr'><strong>lectori</strong></span> <span class='ocrx_word' id='word_1_792' title='bbox 3559 5233 3692 5279; x_wconf 82' lang='lat' dir='ltr'><strong>stu-</strong></span> 
     </span>
    </p>
   </div>
   <div class='ocr_carea' id='block_1_114' title="bbox 2077 5322 3060 5395">
    <p class='ocr_par' dir='ltr' id='par_1_114' title="bbox 2077 5322 3060 5395">
     <span class='ocr_line' id='line_1_114' title="bbox 2077 5322 3060 5395; baseline -0.007 -15"><span class='ocrx_word' id='word_1_793' title='bbox 2077 5324 2229 5381; x_wconf 91' lang='lat' dir='ltr'><strong>dioso</strong></span> <span class='ocrx_word' id='word_1_794' title='bbox 2257 5322 2578 5395; x_wconf 89' lang='lat' dir='ltr'><strong>ambiguitas</strong></span> <span class='ocrx_word' id='word_1_795' title='bbox 2601 5331 2791 5378; x_wconf 89' lang='lat' dir='ltr'><strong>cuncta</strong></span> <span class='ocrx_word' id='word_1_796' title='bbox 2823 5322 3060 5378; x_wconf 89' lang='lat' dir='ltr'><strong>tollatur.</strong></span> 
     </span>
    </p>
   </div>
   <div class='ocr_carea' id='block_1_115' title="bbox 2152 5401 3693 5500">
    <p class='ocr_par' dir='ltr' id='par_1_115' title="bbox 2152 5401 3693 5500">
     <span class='ocr_line' id='line_1_115' title="bbox 2152 5401 3693 5500; baseline -0.013 -26"><span class='ocrx_word' id='word_1_797' title='bbox 2152 5417 2322 5483; x_wconf 84' lang='lat' dir='ltr'><strong>Nona,</strong></span> <span class='ocrx_word' id='word_1_798' title='bbox 2356 5426 2477 5488; x_wconf 91' lang='lat' dir='ltr'><strong>post</strong></span> <span class='ocrx_word' id='word_1_799' title='bbox 2506 5415 2817 5486; x_wconf 87' lang='lat' dir='ltr'><strong>multiplicia</strong></span> <span class='ocrx_word' id='word_1_800' title='bbox 2841 5412 3128 5485; x_wconf 66' lang='lat' dir='ltr'><strong>praeconia,</strong></span> <span class='ocrx_word' id='word_1_801' title='bbox 3153 5427 3289 5485; x_wconf 56' lang='lat' dir='ltr'><strong>qua,</strong></span> <span class='ocrx_word' id='word_1_802' title='bbox 3317 5415 3484 5500; x_wconf 60' lang='lat' dir='ltr'><strong>mogo</strong></span> <span class='ocrx_word' id='word_1_803' title='bbox 3509 5418 3542 5458; x_wconf 86' lang='lat' dir='ltr'><strong>a</strong></span> <span class='ocrx_word' id='word_1_804' title='bbox 3572 5401 3693 5500; x_wconf 57' lang='lat' dir='ltr'><strong>dei:-</strong></span> 
     </span>
    </p>
   </div>
   <div class='ocr_carea' id='block_1_116' title="bbox 2081 5492 3718 5602">
    <p class='ocr_par' dir='ltr' id='par_1_116' title="bbox 2081 5492 3718 5602">
     <span class='ocr_line' id='line_1_116' title="bbox 2081 5492 3718 5602; baseline -0.015 -35"><span class='ocrx_word' id='word_1_805' title='bbox 2081 5519 2188 5567; x_wconf 90' lang='lat' dir='ltr'><strong>tate</strong></span> <span class='ocrx_word' id='word_1_806' title='bbox 2211 5553 2224 5576; x_wconf 96' lang='lat'><strong>,</strong></span> <span class='ocrx_word' id='word_1_807' title='bbox 2255 5510 2416 5567; x_wconf 95' lang='lat' dir='ltr'><strong>modo</strong></span> <span class='ocrx_word' id='word_1_808' title='bbox 2443 5511 2510 5566; x_wconf 86' lang='lat' dir='ltr'><strong>ab</strong></span> <span class='ocrx_word' id='word_1_809' title='bbox 2549 5510 2873 5566; x_wconf 89' lang='lat' dir='ltr'><strong>humanitate</strong></span> <span class='ocrx_word' id='word_1_810' title='bbox 2914 5506 3078 5575; x_wconf 86' lang='lat' dir='ltr'><strong>ipsius</strong></span> <span class='ocrx_word' id='word_1_811' title='bbox 3117 5492 3466 5602; x_wconf 23' lang='lat' dir='ltr'><strong>incipigg&quot;</strong></span> <span class='ocrx_word' id='word_1_812' title='bbox 3491 5492 3718 5602; x_wconf 55' lang='lat' dir='ltr'><strong>mutatis</strong></span> 
     </span>
    </p>
   </div>
   <div class='ocr_carea' id='block_1_117' title="bbox 2083 5583 3728 5698">
    <p class='ocr_par' dir='ltr' id='par_1_117' title="bbox 2083 5583 3728 5698">
     <span class='ocr_line' id='line_1_117' title="bbox 2083 5583 3728 5698; baseline -0.011 -36"><span class='ocrx_word' id='word_1_813' title='bbox 2083 5606 2324 5676; x_wconf 87' lang='lat' dir='ltr'><strong>personis</strong></span> <span class='ocrx_word' id='word_1_814' title='bbox 2366 5613 2421 5660; x_wconf 90' lang='lat' dir='ltr'><strong>et</strong></span> <span class='ocrx_word' id='word_1_815' title='bbox 2465 5604 2628 5658; x_wconf 90' lang='lat' dir='ltr'><strong>titulis</strong></span> <span class='ocrx_word' id='word_1_816' title='bbox 2672 5603 2888 5674; x_wconf 89' lang='lat' dir='ltr'><strong>ponitur</strong></span> <span class='ocrx_word' id='word_1_817' title='bbox 2917 5601 3184 5674; x_wconf 81' lang='lat' dir='ltr'><strong>Alleluia,</strong></span> <span class='ocrx_word' id='word_1_818' title='bbox 3241 5583 3728 5698; x_wconf 48' lang='grc' dir='ltr'><strong>’ςῶιὶκίῖεὶι</strong></span> 
     </span>
    </p>
   </div>
   <div class='ocr_carea' id='block_1_118' title="bbox 2081 5696 2640 5750">
    <p class='ocr_par' dir='ltr' id='par_1_118' title="bbox 2081 5696 2640 5750">
     <span class='ocr_line' id='line_1_118' title="bbox 2081 5696 2640 5750; baseline -0.002 0"><span class='ocrx_word' id='word_1_819' title='bbox 2081 5696 2314 5750; x_wconf 85' lang='lat' dir='ltr'><strong>Laudate</strong></span> <span class='ocrx_word' id='word_1_820' title='bbox 2344 5697 2640 5750; x_wconf 87' lang='lat' dir='ltr'><strong>Dominum.</strong></span> 
     </span>
    </p>
   </div>
   <div class='ocr_carea' id='block_1_119' title="bbox 2153 5786 3364 5893">
    <p class='ocr_par' dir='ltr' id='par_1_119' title="bbox 2153 5786 3364 5893">
     <span class='ocr_line' id='line_1_119' title="bbox 2153 5786 3364 5893; baseline 0.007 -49"><span class='ocrx_word' id='word_1_821' title='bbox 2153 5787 2394 5857; x_wconf 88' lang='lat' dir='ltr'><strong>Decima,</strong></span> <span class='ocrx_word' id='word_1_822' title='bbox 2425 5797 2718 5858; x_wconf 86' lang='lat' dir='ltr'><strong>sequuntur</strong></span> <span class='ocrx_word' id='word_1_823' title='bbox 2740 5786 3008 5861; x_wconf 85' lang='lat' dir='ltr'><strong>gradalcs,</strong></span> <span class='ocrx_word' id='word_1_824' title='bbox 3033 5787 3126 5857; x_wconf 89' lang='lat' dir='ltr'><strong>qui</strong></span> <span class='ocrx_word' id='word_1_825' title='bbox 3162 5808 3364 5893; x_wconf 47' lang='lat' dir='ltr'><strong>aui“</strong></span> 
     </span>
    </p>
   </div>
   <div class='ocr_carea' id='block_1_120' title="bbox 3365 5550 3466 5613">
    <p class='ocr_par' dir='ltr' id='par_1_120' title="bbox 3365 5550 3466 5613">
     <span class='ocr_line' id='line_1_120' title="bbox 3365 5550 3466 5613; baseline -0.04 -13"><span class='ocrx_word' id='word_1_826' title='bbox 3365 5550 3466 5613; x_wconf 67' lang='lat' dir='ltr'><strong>“is</strong></span> 
     </span>
    </p>
   </div>
   <div class='ocr_carea' id='block_1_121' title="bbox 3165 5635 3443 5736">
    <p class='ocr_par' dir='ltr' id='par_1_121' title="bbox 3165 5635 3443 5736">
     <span class='ocr_line' id='line_1_121' title="bbox 3165 5635 3443 5736; baseline -0.004 -39"><span class='ocrx_word' id='word_1_827' title='bbox 3165 5646 3184 5674; x_wconf 87' lang='lat'><strong>’</strong></span> <span class='ocrx_word' id='word_1_828' title='bbox 3241 5635 3443 5736; x_wconf 61' lang='lat' dir='ltr'><strong>(lqu</strong></span> 
     </span>
    </p>
   </div>
   <div class='ocr_carea' id='block_1_122' title="bbox 3868 0 4064 4052">
    <p class='ocr_par' dir='ltr' id='par_1_122' title="bbox 3936 233 4064 3550">
     <span class='ocr_line' id='line_1_122' title="bbox 3936 233 3962 288; baseline 0 0"><span class='ocrx_word' id='word_1_829' title='bbox 3936 233 3962 288; x_wconf 74' lang='lat'><strong>5</strong></span> 
     </span>
     <span class='ocr_line' id='line_1_123' title="bbox 3975 537 4029 595; baseline -0.056 0"><span class='ocrx_word' id='word_1_830' title='bbox 3975 537 4029 595; x_wconf 67' lang='lat' dir='ltr'><strong>ill</strong></span> 
     </span>
     <span class='ocr_line' id='line_1_124' title="bbox 3967 633 4031 700; baseline 0 -13"><span class='ocrx_word' id='word_1_831' title='bbox 3967 633 4031 700; x_wconf 59' lang='lat' dir='ltr'><strong>Iani</strong></span> 
     </span>
     <span class='ocr_line' id='line_1_125' title="bbox 3963 731 4026 784; baseline 0 0"><span class='ocrx_word' id='word_1_832' title='bbox 3963 731 4026 784; x_wconf 59' lang='lat' dir='ltr'><strong>asin</strong></span> 
     </span>
     <span class='ocr_line' id='line_1_126' title="bbox 3964 835 4034 876; baseline 0 0"><span class='ocrx_word' id='word_1_833' title='bbox 3964 835 4013 876; x_wconf 60' lang='lat' dir='ltr'><strong>Eli</strong></span> <span class='ocrx_word' id='word_1_834' title='bbox 4027 838 4034 876; x_wconf 88' lang='grc'><strong>1</strong></span> 
     </span>
     <span class='ocr_line' id='line_1_127' title="bbox 3967 929 4034 969; baseline 0.03 -2"><span class='ocrx_word' id='word_1_835' title='bbox 3967 929 4034 969; x_wconf 58' lang='lat' dir='ltr'><strong>Elii</strong></span> 
     </span>
     <span class='ocr_line' id='line_1_128' title="bbox 3968 1023 4030 1060; baseline 0 0"><span class='ocrx_word' id='word_1_836' title='bbox 3968 1023 4030 1060; x_wconf 59' lang='lat' dir='ltr'><strong>an.</strong></span> 
     </span>
     <span class='ocr_line' id='line_1_129' title="bbox 3991 1099 4037 1156; baseline 0.087 -4"><span class='ocrx_word' id='word_1_837' title='bbox 3991 1099 4037 1156; x_wconf 69' lang='lat' dir='ltr'><strong>[ut</strong></span> 
     </span>
     <span class='ocr_line' id='line_1_130' title="bbox 3973 1210 4038 1248; baseline 0.031 -2"><span class='ocrx_word' id='word_1_838' title='bbox 3973 1210 3996 1246; x_wconf 63' lang='grc' dir='ltr'><strong>π</strong></span> <span class='ocrx_word' id='word_1_839' title='bbox 4011 1210 4038 1248; x_wconf 74' lang='grc' dir='ltr'><strong>ε]</strong></span> 
     </span>
     <span class='ocr_line' id='line_1_131' title="bbox 3972 1437 4042 1490; baseline 0 -2"><span class='ocrx_word' id='word_1_840' title='bbox 3972 1437 4042 1490; x_wconf 69' lang='grc' dir='ltr'>Ξ</span> 
     </span>
     <span class='ocr_line' id='line_1_132' title="bbox 3967 2495 4053 2564; baseline 0 -9"><span class='ocrx_word' id='word_1_841' title='bbox 3967 2495 3985 2564; x_wconf 88' lang='lat' dir='ltr'><strong>l</strong></span> <span class='ocrx_word' id='word_1_842' title='bbox 4035 2500 4053 2555; x_wconf 77' lang='grc' dir='ltr'>Ρ</span> 
     </span>
     <span class='ocr_line' id='line_1_133' title="bbox 3946 2497 4056 2645; baseline 0.018 -2"><span class='ocrx_word' id='word_1_843' title='bbox 3946 2497 4056 2645; x_wconf 55' lang='grc' dir='ltr'><strong>ἐνείη</strong></span> 
     </span>
     <span class='ocr_line' id='line_1_134' title="bbox 3950 2683 4055 2733; baseline 0.01 -2"><span class='ocrx_word' id='word_1_844' title='bbox 3950 2689 3974 2722; x_wconf 66' lang='lat' dir='ltr'><strong>‘i</strong></span> <span class='ocrx_word' id='word_1_845' title='bbox 3987 2683 4055 2733; x_wconf 59' lang='lat' dir='ltr'><strong>[illi</strong></span> 
     </span>
     <span class='ocr_line' id='line_1_135' title="bbox 3954 2778 4043 2825; baseline 0.045 -6"><span class='ocrx_word' id='word_1_846' title='bbox 3954 2778 4043 2825; x_wconf 60' lang='lat' dir='ltr'><strong>aut</strong></span> 
     </span>
     <span class='ocr_line' id='line_1_136' title="bbox 3955 2861 4057 2933; baseline 0 -29"><span class='ocrx_word' id='word_1_847' title='bbox 3955 2869 3976 2904; x_wconf 69' lang='grc' dir='ltr'><strong>ἴ.</strong></span> <span class='ocrx_word' id='word_1_848' title='bbox 3987 2883 3992 2906; x_wconf 73' lang='grc' dir='ltr'>ι</span> <span class='ocrx_word' id='word_1_849' title='bbox 4006 2861 4057 2933; x_wconf 59' lang='grc' dir='ltr'><strong>Β]</strong></span> 
     </span>
     <span class='ocr_line' id='line_1_137' title="bbox 3971 2965 4060 3006; baseline 0 -14"><span class='ocrx_word' id='word_1_850' title='bbox 3971 2965 4037 3006; x_wconf 48' lang='grc' dir='ltr'><strong>περ.</strong></span> <span class='ocrx_word' id='word_1_851' title='bbox 4057 2974 4060 2986; x_wconf 70' lang='grc' dir='ltr'>ι</span> 
     </span>
     <span class='ocr_line' id='line_1_138' title="bbox 3966 3042 4062 3102; baseline 0.042 -4"><span class='ocrx_word' id='word_1_852' title='bbox 3966 3042 4062 3102; x_wconf 37' lang='lat' dir='ltr'><strong>hihi</strong></span> 
     </span>
     <span class='ocr_line' id='line_1_139' title="bbox 3979 3147 4061 3194; baseline 0.098 -14"><span class='ocrx_word' id='word_1_853' title='bbox 3979 3147 4061 3194; x_wconf 52' lang='lat'><strong>32&quot;?!</strong></span> 
     </span>
     <span class='ocr_line' id='line_1_140' title="bbox 3985 3223 4064 3285; baseline 0.051 -4"><span class='ocrx_word' id='word_1_854' title='bbox 3985 3223 4064 3285; x_wconf 48' lang='lat' dir='ltr'><strong>ica}</strong></span> 
     </span>
     <span class='ocr_line' id='line_1_141' title="bbox 4001 3327 4064 3382; baseline 0.127 -14"><span class='ocrx_word' id='word_1_855' title='bbox 4001 3327 4064 3382; x_wconf 36' lang='lat' dir='ltr'><strong>Titii:</strong></span> 
     </span>
     <span class='ocr_line' id='line_1_142' title="bbox 4029 3511 4062 3550; baseline 0.152 -4"><span class='ocrx_word' id='word_1_856' title='bbox 4029 3511 4062 3550; x_wconf 70' lang='lat' dir='ltr'><strong>at:</strong></span> 
     </span>
    </p>
   </div>
   <div class='ocr_carea' id='block_1_123' title="bbox 3785 4979 4064 6360">
    <p class='ocr_par' dir='ltr' id='par_1_123' title="bbox 4005 5247 4064 5782">
     <span class='ocr_line' id='line_1_143' title="bbox 4041 5247 4064 5380; baseline 0 -14"><span class='ocrx_word' id='word_1_857' title='bbox 4041 5247 4064 5380; x_wconf 73' lang='grc' dir='ltr'><strong>ξ</strong></span> 
     </span>
     <span class='ocr_line' id='line_1_144' title="bbox 4049 5673 4064 5695; baseline 0 0"><span class='ocrx_word' id='word_1_858' title='bbox 4049 5673 4064 5695; x_wconf 82' lang='lat'><strong>‘.</strong></span> 
     </span>
     <span class='ocr_line' id='line_1_145' title="bbox 4005 5735 4036 5782; baseline 0 -24"><span class='ocrx_word' id='word_1_859' title='bbox 4005 5735 4036 5782; x_wconf 39' lang='grc' dir='ltr'>ξ</span> 
     </span>
    </p>
   </div>
  </div>
