4064 6360
206 331 281 392 25
1203 332 1566 398 EXPOSITIO
1602 337 1670 396 IN
1707 336 2162 398 PSALTERIUM.
2203 338 2395 401 PSAL.
2436 341 2476 398 Ι.
3396 346 3467 403 26

208 454 278 512 ad
304 450 591 512 Dominum
619 452 950 513 Salvatorem
969 462 1102 527 pura
1124 459 1181 513 et
1201 456 1393 513 humili
1419 455 1788 515 satisfactione
1817 456 1875 521 Λ
1898 462 2076 511 textus
2106 455 2271 511 totius
2298 456 2544 513 Psalterii
2574 457 2856 515 duodecim
2907 458 3145 529 partibus
3173 459 3371 518 divisus
3410 462 3463 516 in

210 549 528 621 perducunt.

281 639 600 709 Undecima,
629 643 848 699 variatis
887 642 1088 709 verbis,
1129 644 1320 699 iterum
1365 642 1548 699 laudes
1579 642 1791 699 Domini

214 734 525 805 hymnidica
555 737 909 794 exsultatione
949 738 1287 795 concelebrat
1330 756 1344 792 :
1386 738 1546 794 modo
1579 737 1751 794 Patris
1773 778 1789 806 ,

217 828 379 884 modo
405 828 552 895 Filii,
581 830 743 884 modo
766 829 993 899 Spiritus
1019 830 1189 886 sancti
1219 830 1515 900 praedicans
1541 830 1793 898 majesta-

215 929 352 985 tem;
385 929 444 975 ut
485 920 616 975 nulli
647 921 715 975 sit
742 921 959 977 dubium
990 932 1227 978 sanctam
1259 922 1577 978 Trinitatem
1609 922 1789 991 singu-

217 1010 397 1066 lariter
425 1012 880 1082 omnipotentem,
907 1029 1025 1084 quae
1054 1014 1168 1069 vult
1198 1013 1376 1070 facere
1404 1014 1457 1069 in
1487 1014 1626 1072 ctelo
1653 1024 1709 1071 et
1736 1014 1791 1071 in

215 1109 355 1157 terra
365 1143 378 1156 .

285 1192 642 1262 Duodecima,
670 1204 874 1266 septem
906 1197 1098 1267 psalmi
1144 1198 1515 1268 relinquuntur
1556 1198 1609 1252 in
1648 1197 1788 1265 fine,

219 1287 304 1354 qui
334 1288 781 1344 exsultationibus
810 1290 1130 1360 hymnidicis
1155 1300 1317 1345 totam
1341 1291 1561 1360 gloriam
1593 1299 1792 1345 sanctm

220 1377 493 1435 Trinitatis
513 1382 834 1450 generaliter
858 1382 1049 1439 devota
1076 1391 1254 1439 mente
1277 1383 1674 1439 concelebrant.
1703 1382 1795 1437 Sic

1893 546 2255 617 apostolorum
2278 564 2502 605 numero
2524 551 2757 607 mirabili
2781 553 2937 609 laude
2957 552 3320 621 concluditur,
3344 569 3470 625 qua-

1893 646 2050 698 tenus
2070 647 2124 694 et
2145 640 2247 696 iste
2267 639 2398 694 illud
2420 650 2541 709 agat
2561 643 2702 712 quod
2732 643 2928 698 Christi
2953 644 3247 715 discipulos
3277 646 3470 701 fecisse

1894 729 2265 798 cognovimus.
2296 728 2392 785 Est
2420 730 2580 786 etiam
2609 733 2848 802 ejusdem
2878 736 2957 790 rei
2986 735 3128 790 aliud
3173 735 3470 792 evidentius

1895 832 2288 880 sacramentum
2311 866 2325 892 ,
2357 823 2500 895 quod
2527 835 2739 881 centum
2766 828 3143 899 quinquaginta
3172 828 3357 884 diebds
3387 829 3470 883 di~

1896 916 2039 971 luvio
2061 916 2386 985 superducto
2414 916 2725 973 criminibus
2750 920 2860 975 suis
2887 929 3029 976 terra
3056 921 3218 976 diluta
3241 930 3326 975 est
3353 939 3367 975 :
3396 920 3474 975 sic

1895 1016 1950 1064 ct
1997 1007 2050 1060 hi
2082 1007 2271 1076 psalmi
2300 1007 2392 1062 tali
2438 1022 2662 1063 numero
2689 1009 2959 1081 producti,
2988 1025 3156 1081 genus
3184 1010 3474 1065 humanum

1896 1100 2129 1170 peccatis
2158 1101 2269 1155 suis
2296 1100 2555 1172 pollutum
2582 1102 2965 1158 convenienter
2995 1103 3222 1159 reddunt
3252 1104 3474 1157 absolu-

1898 1202 2028 1247 tum.
2076 1194 2227 1251 Nunc
2268 1195 2569 1252 minutatim
2609 1196 2675 1252 ad
2704 1196 3015 1268 exponenda
3045 1197 3288 1254 Psalterii
3315 1197 3474 1252 verba

1899 1297 2194 1340 veniamus.

2200 1400 2208 1454 ἐ
2243 1474 2252 1480 .

221 1522 3459 1590 Μ

672 1675 876 1783 Μ.
1030 1673 1809 1787 AURELII

1936 1676 3026 1794 CASSIODORI

748 1886 911 2013 IN
989 1882 1995 2015 PSALTERIUM
2070 1888 2943 2019 EXPOSITIO.

1471 2108 1843 2201 PRIMA
1904 2116 2229 2203 PARS.

429 2344 791 2406 EXPOSITIO
830 2345 897 2403 IN
937 2344 1266 2406 PSALMUM
1304 2345 1590 2405 PRIMUM.

405 2462 575 2530 Quare
604 2464 797 2533 primus
825 2466 1051 2534 psalmus
1080 2480 1181 2518 non
1221 2464 1369 2519 habet
1396 2464 1620 2519 titulum.

300 2574 396 2644 ιι
438 2572 681 2629 Psalmus
708 2574 793 2630 hic
822 2575 941 2630 ideo
982 2591 1087 2631 non
1118 2575 1275 2632 habet
1299 2576 1530 2643 titulum,
1562 2575 1683 2644 quia
1713 2587 1804 2629 ca-

229 2661 316 2730 piti
338 2671 523 2719 nostro
547 2664 770 2740 Domino
786 2665 1073 2733 Salvatori,
1091 2667 1157 2721 de
1178 2681 1284 2737 quo
1302 2667 1544 2722 absolute
1564 2665 1804 2721 dicturus

231 2759 324 2816 est,
350 2752 489 2805 nihil
512 2753 691 2806 debuit
714 2755 979 2823 praeponi;
1004 2756 1128 2809 dum
1158 2757 1327 2824 ipsum
1359 2771 1536 2810 rerum
1564 2757 1804 2809 omnium

232 2849 438 2896 constat
464 2855 583 2896 esse
616 2844 962 2912 principium,
995 2845 1132 2898 sicut
1160 2846 1274 2914 ipse
1304 2845 1356 2899 in
1391 2845 1684 2914 Evangelio
1728 2844 1810 2899 di-

229 2933 295 2988 cit
326 2952 340 2985 :
369 2932 483 3004 Ego
509 2949 623 2987 sum
647 2936 973 3004 principium,
1000 2946 1205 3005 propter
1226 2938 1362 3007 quod
1388 2946 1435 2992 et
1464 2939 1643 3007 loquor
1668 2935 1807 2991 vobis

230 3022 420 3093 (Joan.
452 3039 567 3089 vni,
605 3023 741 3095 25).
786 3025 918 3080 Nam
958 3026 1083 3082 licet
1124 3036 1179 3081 et
1221 3027 1308 3081 alii
1354 3029 1545 3097 psalmi
1592 3028 1658 3084 de
1686 3027 1805 3096 ipso

231 3115 391 3169 multa
421 3114 621 3185 dicant,
654 3131 811 3172 nemo
843 3125 1019 3173 tamen
1048 3118 1115 3173 de
1141 3117 1257 3189 ejus
1286 3134 1403 3189 qua:
1433 3120 1531 3175 fuit
1559 3120 1612 3175 in
1646 3120 1805 3176 terris

230 3209 632 3264 conversatione
659 3209 737 3264 sic
765 3210 1023 3279 loquitur.
1054 3212 1123 3266 Et
1149 3212 1397 3282 quoniam
1424 3213 1489 3267 ad
1519 3213 1659 3269 hunc
1685 3228 1803 3283 quae

228 3299 451 3355 dicenda
491 3311 616 3357 sunt
658 3311 847 3359 cuncta
880 3305 1187 3375 respiciunt,
1223 3307 1412 3364 merito
1440 3321 1599 3377 caput
1633 3310 1804 3365 sancti

227 3393 402 3461 operis
451 3394 695 3462 ponitur,
743 3398 833 3465 qui
882 3400 1127 3467 princeps
1177 3413 1354 3454 rerum
1401 3402 1640 3456 omnium
1683 3416 1806 3458 esse

229 3493 575 3539 monstratur.
599 3486 863 3556 Quidquid
888 3490 1030 3545 enim
1056 3498 1145 3545 aut
1166 3491 1231 3546 de
1262 3493 1547 3561 praeteritis
1570 3493 1803 3560 instruit,

228 3584 317 3629 aut
346 3574 414 3631 de
441 3578 794 3645 praesentibus
820 3592 1021 3649 monet,
1052 3592 1142 3636 aut
1170 3583 1236 3637 de
1266 3583 1459 3639 futuris
1485 3583 1651 3640 efficit
1679 3600 1808 3640 cau-

228 3664 413 3731 tiores,
444 3668 619 3722 omnia
649 3668 716 3722 ad
761 3669 1147 3727 institutionem
1191 3673 1331 3728 beati
1362 3675 1464 3729 viri
1498 3674 1801 3744 pertinent,

227 3774 352 3829 qua:
382 3759 516 3815 liber
543 3764 642 3816 iste
669 3763 910 3818 dicturus
939 3774 1040 3820 est.
1072 3766 1202 3821 Nam
1233 3768 1449 3838 quidam
1482 3768 1654 3836 tituli,
1688 3770 1805 3837 qui-

228 3849 352 3903 dam
402 3849 723 3919 praelationis
775 3853 950 3909 locum
1000 3869 1123 3911 eum
1165 3864 1349 3913 tenere
1394 3858 1664 3914 dixerunt.
1699 3859 1804 3915 Sed

230 3939 355 3996 licet
384 3956 412 3994 a
446 3941 761 4011 quibusdam
793 3946 937 4001 omni
963 3946 1107 4016 justo
1136 3948 1375 4003 videatur
1401 3958 1639 4019 aptatus,
1674 3952 1805 4009 nulli

229 4036 407 4086 tamen
458 4042 651 4101 praeter
701 4035 923 4092 Domino
969 4036 1183 4093 Christo
1232 4048 1409 4108 potest
1450 4044 1795 4099 veracissime

231 4123 535 4179 convenire.

297 4212 433 4269 Nam
475 4215 522 4269 si
568 4216 858 4274 dixerimus
904 4221 1053 4274 omni
1095 4221 1248 4276 beato
1289 4236 1448 4291 posse
1489 4238 1801 4293 congruere,

225 4301 338 4373 jam
362 4319 471 4360 non
492 4315 699 4362 constat
727 4309 857 4364 illud
880 4310 1021 4380 quod
1047 4311 1241 4366 dicitur
1265 4311 1318 4367 in
1345 4314 1551 4383 psalmo
1580 4332 1593 4368 :
1627 4316 1806 4372 Omnis

229 4392 380 4448 homo
427 4397 648 4451 mendax
674 4396 861 4469 (Psal.
908 4414 1028 4468 cxv,
1064 4397 1128 4452 ll’
1152 4399 1203 4469 );
1245 4402 1328 4456 vel
1358 4402 1489 4458 illud
1534 4405 1673 4474 quod
1706 4405 1805 4461 Job

228 4486 471 4541 meminit
499 4506 511 4541 :
547 4487 740 4543 Nullus
763 4492 982 4546 mundus
1010 4501 1128 4547 ante
1154 4501 1218 4559 te,
1244 4510 1336 4547 nec
1362 4496 1534 4565 infans
1555 4500 1702 4569 cujus
1734 4510 1805 4556 est

228 4578 381 4632 unius
409 4580 511 4633 diei
541 4582 642 4635 vita
663 4598 815 4649 super
839 4590 1026 4637 terram
1050 4583 1181 4656 (Job
1211 4601 1321 4652 xw,
1348 4586 1447 4658 4);
1480 4598 1534 4643 et
1555 4590 1680 4645 alibi
1708 4609 1720 4643 :
1747 4592 1805 4648 In

229 4669 452 4725 veritate
477 4686 635 4727 nemo
663 4672 730 4729 de
758 4674 953 4744 genitis
982 4684 1067 4730 est
1095 4678 1184 4746 qui
1214 4691 1319 4732 non
1351 4678 1512 4749 impie
1538 4682 1724 4751 gessit,
1754 4694 1808 4739 et

231 4757 296 4813 de
332 4758 724 4818 conlidentibus
767 4764 857 4833 qui
888 4773 916 4803 ι
942 4780 1047 4820 non
1094 4766 1345 4836 deliquit;
1378 4772 1459 4824 vel
1503 4773 1639 4826 istud
1671 4774 1808 4829 :Ju—

230 4854 367 4908 stitia
404 4858 537 4926 justi
584 4857 657 4910 sic
696 4866 771 4912 est
816 4859 954 4929 apud
998 4866 1047 4915 te
1088 4862 1219 4915 sicut
1256 4879 1455 4933 pannus
1482 4879 1807 4924 menstruam

229 4941 379 5013 (Isai.
405 4962 550 5009 thv,
576 4946 657 5018 6).
682 4948 1016 5020 Quapropter
1037 4968 1140 5008 non
1164 4956 1308 5010 omni
1328 4956 1483 5012 beato
1500 4968 1671 5027 potest
1692 4962 1807 5019 hme

1822 2346 1872 2408 B
1900 2347 1952 2401 in
1980 2348 2217 2403 cathedra
2245 2350 2541 2422 pestilentia!
2560 2366 2660 2406 non
2681 2350 2813 2406 sedit
2842 2352 2862 2424 (
2887 2349 3034 2408 Psal.
3059 2365 3099 2420 ι,
3130 2350 3164 2404 2
3186 2349 3229 2423 ),
3253 2358 3356 2409 etc.
3390 2350 3484 2407 Mi-

1907 2441 2093 2497 rabilis
2138 2442 2290 2509 ordo,
2335 2443 2570 2499 ctelestis
2614 2458 2800 2499 revera
2830 2443 3133 2513 dispositio,
3168 2452 3229 2499 ut
3274 2444 3341 2497 ab
3371 2444 3487 2512 ipso

1906 2532 2062 2589 nobis
2103 2534 2428 2602 psalmorum
2476 2536 2784 2606 proveniret
2823 2536 3066 2604 initium,
3094 2551 3249 2607 quem
3283 2534 3486 2592 saluta-

1906 2642 2020 2683 rem
2045 2627 2261 2697 januam
2293 2638 2502 2686 constat
2523 2645 2643 2686 esse
2668 2630 2951 2686 ctelorum.

1976 2722 2310 2792 Quapropter
2332 2723 2531 2778 intrare
2554 2738 2676 2779 cum
2701 2738 2910 2778 summo
2936 2722 3129 2791 gaudio
3150 2721 3480 2788 festinemus,

1907 2812 1996 2866 ubi
2016 2814 2535 2882 patentemjanuam,
2561 2816 2730 2883 ipsum
2755 2815 3084 2869 Advocatum
3108 2823 3345 2869 nostrum
3365 2828 3485 2869 esse

1908 2908 2297 2975 cognoscimus,
2324 2907 2459 2960 sicut
2484 2908 2558 2960 ait
2582 2906 2870 2975 Apostolus
2901 2922 2915 2960 :
2943 2906 3064 2960 Non
3083 2907 3220 2960 enim
3249 2906 3487 2960 habemus

1908 2996 2211 3067 Ponti/ium
2231 2999 2319 3067 qui
2339 3016 2438 3053 non
2460 3000 2617 3069 possit
2634 3000 2858 3068 compati
2870 2998 3251 3067 inﬁrmitatibus
3266 2998 3486 3063 nostris;

1906 3096 1960 3142 et
1988 3086 2145 3156 paulo
2177 3097 2294 3156 post
2326 3106 2338 3140 :
2370 3089 2626 3141 Adeamus
2656 3104 2778 3157 ergo
2805 3104 2919 3141 cum
2948 3088 3141 3157 ﬁducia
3161 3087 3230 3141 ad
3255 3087 3487 3142 thronum

1907 3180 2086 3249 gratia:
2107 3183 2239 3251 ejus,
2270 3190 2324 3233 ut
2349 3180 2749 3233 misericordiam
2775 3194 3162 3249 consequamur,
3193 3186 3241 3233 et
3269 3179 3487 3249 gratiam

1907 3270 2219 3327 inveniamus
2233 3273 2287 3326 in
2305 3274 2499 3327 auxilio
2517 3281 2799 3344 opportuno
2814 3271 2996 3343 (Hebr.
3015 3287 3086 3338 tv,
3108 3270 3322 3341 15,16).
3340 3271 3489 3325 Nunc

1908 3361 2088 3417 claves
2133 3362 2460 3430 psalmorum
2503 3362 2819 3417 reserabiles
2845 3375 3197 3431 apponamus,
3228 3369 3305 3427 ut,
3353 3374 3488 3429 prat-

1909 3462 2083 3509 stante
2120 3454 2369 3523 Domino,
2412 3453 2575 3524 Regis
2604 3455 2772 3509 nostri
2802 3454 2999 3523 palatia
3027 3452 3251 3508 introire
3277 3465 3486 3506 merea-

1910 3561 2047 3601 mur.
2080 3548 2145 3601 Et
2174 3548 2316 3615 ideo,
2346 3547 2483 3601 sicut
2509 3547 2715 3617 praefati
2759 3560 2943 3601 sumus
2965 3586 2981 3611 ,
3024 3544 3217 3599 divisio
3244 3542 3487 3599 facienda

1910 3644 2014 3700 est,
2043 3650 2163 3704 qua:
2189 3636 2235 3690 si
2258 3644 2402 3692 recte
2434 3634 2771 3702 adhibeatur,
2804 3637 2876 3690 ita
2904 3635 3164 3690 illustrem
3196 3641 3250 3689 et
3278 3633 3488 3702 perspio

1832 3717 1878 3780 C
1910 3744 2061 3785 cnam
2109 3730 2263 3786 nobis
2300 3730 2466 3785 efﬁcit
2508 3729 2834 3795 dictionem,
2886 3737 2944 3783 ut
2986 3729 3295 3798 priusquam
3341 3726 3487 3797 lega-

1908 3831 1991 3876 tur
2018 3822 2272 3877 orationis
2299 3829 2505 3887 textus,
2535 3829 2659 3876 ante
2684 3820 2842 3876 nobis
2882 3821 3000 3890 ejus
3046 3819 3291 3876 relucere
3318 3816 3488 3887 possit

1906 3915 2151 3970 intentio.

2480 4030 2674 4085 Divisio
2713 4030 2917 4101 psalmi.

1982 4141 2273 4197 Universos
2304 4150 2479 4197 textus
2513 4142 2701 4211 psalmi
2746 4141 2902 4209 hujus
2932 4140 3191 4208 prephcta
3221 4138 3487 4194 referente

1906 4242 2170 4286 narratur.
2201 4232 2255 4285 ln
2288 4232 2453 4302 prima
2488 4241 2639 4302 parte
2667 4234 2827 4286 vitam
2877 4241 3073 4285 sanctae
3104 4230 3487 4288 incarnationis

1907 4327 2126 4395 exponit
2169 4325 2461 4394 :qnoniam
2507 4325 2552 4378 si
2583 4323 2648 4376 ad
2693 4322 3029 4393 majestatem
3075 4322 3272 4378 Christi
3318 4321 3483 4377 solam

1906 4417 2039 4473 velis
2086 4416 2292 4473 referre
2330 4432 2450 4487 quae
2478 4417 2545 4473 de
2574 4432 2641 4473 eo
2679 4416 2949 4484 dicuntur,
2982 4424 3255 4487 nequeunt
3293 4431 3489 4472 conve-

1906 4510 2044 4565 nire.
2093 4509 2334 4565 Secunda
2379 4524 2505 4564 vero
2546 4517 2888 4579 peccatorum
2919 4509 3183 4578 nequitias
3212 4509 3263 4563 in
3304 4508 3488 4565 futuro

1904 4601 2104 4671 judicio
2144 4603 2351 4658 debitas
2398 4603 2638 4671 recipere
2688 4610 3075 4656 commemorat
3120 4601 3385 4665 ultiones;
3434 4611 3490 4657 ut

1910 4697 2180 4766 praemissa
2214 4698 2416 4767 gratius
2446 4711 2724 4766 possemus
2751 4698 3012 4766 accipere,
3046 4695 3197 4763 cujus
3235 4694 3488 4751 videban-

1911 4796 1996 4842 tur
2024 4787 2399 4856 subsequentia
2426 4786 2719 4841 lormidari.
2748 4785 2976 4854 Respice
2997 4798 3208 4853 quoque
3236 4783 3486 4840 intentio-

1909 4895 2029 4934 nem
2053 4878 2188 4947 ejus,
2220 4894 2375 4947 quam
2406 4888 2615 4933 constat
2642 4880 2875 4933 maxime
2906 4874 3333 4945 perquirendam.
3357 4873 3487 4931 Ideo

1909 4970 1962 5023 in
1987 4968 2258 5038 principiis
2281 4970 2551 5024 beatitudo
2578 4972 2676 5039 12
2701 4968 2905 5022 Domini
2926 4966 3217 5023 Salvatoris
3234 4967 3482 5035 edicitur,

230 5041 491 5149 sententia
514 5043 840 5149 [convenire
873 5045 968 5100 nisi
996 5045 1073 5101 illi
1102 5055 1307 5102 tantum
1342 5049 1409 5105 de
1444 5066 1547 5121 quo
1568 5053 1805 5124 Scriptu—
1831 5087 1885 5149 Β
1910 5068 1967 5114 ut
2010 5060 2240 5115 humano
2269 5061 2452 5131 generi
2493 5060 2671 5113 vitalia
2703 5057 2947 5127 exempla
2970 5067 3324 5129 praestentur;
3357 5076 3487 5131 qua-

229 5143 285 5182 ra
312 5131 437 5187 dicit
463 5151 475 5185 :
510 5132 611 5200 Qui
631 5140 891 5203 peccatum
913 5153 1011 5192 non
1035 5140 1171 5209 fecit,
1199 5156 1287 5194 nec
1315 5142 1541 5198 inventus
1562 5154 1636 5201 est
1657 5148 1806 5204 dolus

229 5223 280 5277 in
308 5241 396 5279 ore
437 5230 547 5299 ejus
579 5226 652 5298 (1
680 5226 822 5284 Petr.
868 5246 927 5297 ιι,
960 5232 1030 5285 22
1052 5230 1093 5302 ).
1130 5234 1192 5289 Et
1222 5236 1334 5305 ipse
1360 5236 1427 5292 dc
1456 5254 1514 5295 se
1543 5241 1591 5294 in
1625 5241 1806 5298 Evan-

228 5317 366 5386 gelia
405 5318 533 5375 dicit
578 5336 592 5375 :
642 5320 775 5378 Ecce
803 5324 960 5377 veniet
991 5326 1229 5392 princeps
1258 5330 1439 5384 mundi
1468 5333 1642 5404 hujus,
1678 5343 1725 5390 et
1753 5336 1807 5389 in

229 5424 306 5463 me
330 5427 433 5465 non
464 5413 676 5468 inveniet
715 5416 996 5486 quidquam
1025 5413 1051 5453 δ
1080 5415 1278 5487 (Joan.
1308 5435 1420 5485 xrv,
1452 5423 1522 5477 50
1546 5426 1583 5491 ).
1619 5425 1805 5481 Merito

228 5516 355 5574 ergo
382 5505 449 5560 ad
488 5505 755 5563 Christum
804 5510 1083 5571 Dominum
1129 5511 1374 5566 refertur.
1416 5515 1517 5581 Qui
1548 5533 1645 5570 non
1683 5520 1806 5574 abiit

227 5592 277 5647 in
323 5598 540 5651 consilio
578 5601 872 5673 impiorum,
922 5620 1009 5658 nec
1040 5607 1092 5659 in
1117 5604 1198 5659 via
1227 5616 1546 5673 peccatorum
1574 5612 1726 5679 stetit,
1753 5622 1803 5665 et

229 5760 325 5888 qu:
364 5751 493 5809 Mss.
535 5754 704 5825 Aud.,
746 5757 867 5815 licc.
910 5766 962 5815 et
999 5758 1169 5831 Fisc.,
1210 5772 1255 5816 et
1300 5762 1361 5817 de
1410 5761 1791 5832 conﬁtentibus,

1916 5162 2067 5209 tenus
2096 5154 2232 5207 sicut
2262 5153 2419 5208 nobis
2459 5153 2618 5205 homo
2660 5160 2907 5206 terrenus
2950 5151 3174 5206 contulit
3217 5160 3483 5219 mortem,

1913 5247 1986 5300 ita
2010 5244 2246 5299 caelestis
2266 5244 2488 5298 veniens
2510 5241 2657 5295 daret
2679 5241 2923 5295 salutem.
2951 5241 3007 5295 ln
3036 5242 3311 5311 principiis
3337 5244 3481 5299 enim

1914 5335 2011 5391 fuit
2037 5336 2319 5390 durissima
2348 5332 2580 5387 conditio
2606 5331 2849 5401 decepto,
2881 5333 2973 5387 sed
3003 5341 3123 5402 post
3148 5334 3361 5388 advenit
3389 5335 3487 5388 ho-

1913 5429 2041 5482 mini
2066 5427 2297 5496 gloriosa
2323 5424 2640 5493 redemptio.
2669 5426 2845 5479 Primo
2868 5425 3011 5479 illata
3028 5434 3116 5479 est
3138 5425 3484 5495 ignominiosa

1912 5521 2212 5590 captivitas,
2232 5517 2425 5572 deinde
2445 5526 2627 5572 secuta
2649 5526 2728 5572 est
2752 5518 2925 5571 votiva
2951 5516 3187 5571 libertas.
3216 5516 3484 5585 Expulsus

1906 5613 2066 5668 homo
2090 5613 2157 5666 de
2180 5610 2447 5679 paradiso,
2471 5611 2565 5665 sed
2593 5618 2837 5677 receptus
2858 5616 2940 5663 est
2968 5606 3020 5661 in
3047 5608 3261 5662 coelum.
3294 5605 3485 5661 Perdi-

1974 5767 2001 5804 ι)
2042 5766 2167 5819 Mss.
2210 5763 2343 5820 And.
2369 5804 2383 5833 ,
2435 5766 2555 5821 Bce.
2601 5774 2652 5822 ct
2698 5763 2870 5827 Fisc.,
2902 5770 2949 5816 et
2987 5761 3038 5817 in
3078 5778 3158 5817 me
3199 5779 3299 5818 non
3331 5760 3487 5822 habet

1910 5838 2205 5909 quidquam.
