4064 6360
512 284 583 341 ετ
1743 274 1815 329 u.
1855 265 2136 328 AUBELil

2239 266 2450 325 iSSIOL
2461 267 2576 324 ORI
3752 263 3826 316 ‘iil

518 398 598 456 dit
623 397 678 454 in
703 405 848 453 terra
874 392 1285 460 beatitudinem,
1314 389 1409 448 sed
1433 385 1656 458 angelos
1683 383 1977 441 merebitur
2006 383 2104 436 ha-
2134 378 2188 440 Α
2214 381 2388 437 virum
2412 378 2691 451 subjunxlt
2711 378 2925 449 egregie
2951 395 2964 434 :
2988 379 3064 434 vir
3091 380 3234 436 enim
3278 385 3496 435 vocatur
3515 394 3548 434 a
3579 378 3803 434 viribus

519 493 650 550 bere
671 499 971 548 consortes.
996 487 1195 543 Luctus
1214 501 1282 542 ex
1304 482 1540 548 diabolo,
1571 478 1824 550 gaudium
1855 476 2109 548 provenit
2209 474 2304 545 qui
2335 475 2505 529 nescit
2533 470 2810 528 tolerando
2831 471 3082 538 deiicere,
3111 482 3201 526 aut
3235 471 3289 526 in
3319 469 3602 542 prosperis
3634 470 3828 540 aliqua

521 604 588 646 ex
616 587 850 642 Christo.
885 583 1039 641 Unde
1066 589 1121 638 et
1148 579 1434 650 Apostolus
1464 576 1595 630 dicit
1623 591 1638 628 :
1673 571 1821 629 Sicut
1859 570 1992 624 enim
2020 583 2110 640 per

521 681 916 737 iuobedieutiam
941 677 1094 732 unius
1122 672 1341 727 hominis
1368 676 1660 741 peccatores
1701 664 1962 719 constituti
1991 669 2112 717 sunt

523 774 706 841 multi,
735 775 811 828 ita
838 780 883 828 et
915 789 1004 844 per
1033 770 1184 824 unius
1222 765 1556 822 obedientiam
1580 760 1714 834 justi
1741 759 2113 816 constituentur

523 869 672 923 multi
699 870 718 937 (
747 846 898 921 liam.
928 879 982 929 v,
1014 862 1142 932 19).

598 960 656 1014 In
686 959 802 1030 ipso
830 957 1008 1027 itaque
1036 953 1214 1023 capite
1244 949 1439 1021 psalmi
1476 949 1657 1020 huius,
1699 945 1941 1002 deﬁnitio
1968 944 2114 1000 beati

525 1051 627 1108 viri
650 1063 900 1120 tanquam
941 1045 1362 1118 pulcherrimum
1393 1043 1549 1099 nobis
1579 1040 1800 1113 gloriosi
1830 1040 1974 1112 regis
2000 1038 2115 1094 dia-

491 1144 681 1214 dema
711 1140 1043 1214 resplendet.
1075 1137 1262 1194 Oratio
1304 1135 1484 1193 brevis
1510 1143 1566 1191 et
1593 1133 1805 1202 lucida,
1837 1149 1956 1204 quae
1996 1149 2114 1189 rem

513 1211 853 1309 {propositam
879 1234 1109 1290 diversis
1138 1232 1312 1288 modis
1340 1231 1466 1302 quid
1493 1233 1565 1286 sit
1590 1229 1845 1285 ostendit.
1879 1228 1986 1284 Sed
2013 1228 2117 1284 hoc

525 1332 848 1401 principium
874 1329 1008 1384 duas
1031 1329 1240 1398 species
1261 1325 1632 1382 deﬁnitionum
1659 1327 1940 1381 evidenter
1967 1339 2118 1379 com-

525 1403 796 1492 plectitur.
825 1421 880 1476 ln
906 1421 1173 1491 prioribus
1196 1419 1394 1488 quippe
1421 1417 1667 1474 versibus
1690 1417 1897 1473 duobus
1919 1418 2007 1487 qui
2034 1416 2120 1471 di-

527 1521 658 1569 cunt
685 1529 698 1566 :
732 1510 855 1566 Non
883 1512 1028 1580 abiit,
1064 1528 1165 1566 non
1193 1511 1349 1580 stetit,
1381 1527 1486 1566 non
1511 1511 1662 1576 sedit,
1691 1519 1880 1566 octava
1911 1509 2119 1580 species

528 1605 863 1661 deﬁnitionis
909 1613 1024 1670 est,
1074 1621 1192 1675 qum
1239 1604 1428 1661 Grmce
1472 1603 1670 1660 dicitur
1707 1605 1817 1662 κατ’
1858 1607 2121 1682 ἀφαίρεσιν

527 1705 620 1754 τοῦ
662 1699 913 1764 ἐναντίου,
962 1697 1151 1754 Latine
1191 1711 1289 1768 per
1330 1697 1657 1768 privantiam
1697 1697 1979 1753 contrarii.
2032 1696 2122 1752 Ait

2212 582 2273 623 se
2297 567 2528 623 elatione
2551 565 2786 637 jactare;
2813 565 2908 622 sed
2936 567 3116 621 animo
3143 565 3322 620 stabili
3349 564 3589 633 deﬁxus,
3622 574 3681 619 et
3713 580 3816 620 ca.»

2213 661 2425 716 iestium
2453 674 2634 716 rerum
2664 658 3122 729 contemplatione
3157 659 3418 723 ﬁrmatus,
3450 667 3649 714 manet
3676 673 3822 713 sem-

2214 770 2311 826 per
2339 754 2662 824 impavidus.
2693 753 2805 808 lloc
2850 753 3010 808 etiam
3061 752 3416 822 veriloquium
3464 753 3833 822 appellavere

2215 849 2467 920 majores.
2503 847 2838 920 Etymologia
2869 847 3012 903 enim
3041 858 3122 902 est
3145 847 3321 902 oratio
3342 847 3545 913 brevis,
3578 863 3686 917 per
3706 863 3834 904 cer-

2216 951 2298 998 tas
2327 943 2700 997 assonationes
2737 940 3030 996 ostendens
3060 956 3126 996 ex
3155 955 3277 1012 quo.
3303 941 3524 996 nomine
3573 940 3634 996 id
3679 941 3834 1012 quod

2216 1037 2472 1108 quaeritur
2498 1037 2703 1091 venerit
2731 1050 2948 1091 nomen.
2973 1037 3084 1091 Nec
3102 1035 3316 1092 dubites
3341 1035 3482 1106 quod
3507 1038 3703 1092 virum
3736 1053 3837 1106 ap-

2217 1131 2381 1202 pellat
2425 1130 2708 1185 Dominum
2756 1129 3124 1196 Salvatorem,
3157 1128 3226 1185 de
3272 1145 3378 1199 quo
3419 1138 3476 1186 et
3514 1129 3836 1186 Zacharias

2218 1223 2476 1296 prepheta
2503 1224 2633 1280 dicit
2660 1241 2674 1280 :
2702 1222 2836 1279 Ecce
2860 1225 2935 1278 vir
2968 1224 3150 1279 Oriens
3177 1234 3248 1279 est
3270 1241 3452 1279 nomen
3477 1227 3601 1298 ejus
3633 1223 3831 1295 (Zach.

2218 1331 2270 1370 vr
2291 1357 2306 1382 ,
2341 1316 2407 1370 12
2430 1315 2471 1387 ).
2501 1315 2606 1372 Sed
2650 1326 2920 1371 memento
2957 1315 3098 1387 quod
3127 1317 3432 1386 ubicunque
3461 1317 3543 1371 sic
3577 1318 3835 1386 ponitur,

2221 1418 2494 1478 assumpta
2524 1406 2641 1478 ejus
2673 1407 2978 1464 humanitas
3005 1409 3301 1474 indicatur;
3340 1410 3418 1462 vir
3455 1410 3613 1463 enim
3663 1423 3836 1464 sexus

2220 1510 2304 1557 est
2327 1502 2525 1566 carnis,
2551 1503 2636 1570 qui
2666 1503 2718 1557 in
2745 1501 3024 1558 divinitate
3051 1503 3354 1560 nullatenus
3382 1504 3692 1561 invenitur.
3727 1504 3839 1561 Sed

2222 1593 2474 1663 quoniam
2518 1602 2701 1648 natura
2747 1593 3096 1648 humanitatis
3147 1609 3178 1648 a
3222 1595 3452 1650 Domino
3493 1595 3689 1650 fuerat
3739 1609 3840 1666 pro

2223 1698 2408 1744 nostra
2454 1687 2822 1758 redemptione
2859 1687 3160 1755 sumenda,
3214 1698 3600 1760 competenter
3653 1690 3842 1760 posuit

528 1793 672 1850 enim
703 1795 832 1865 quid
860 1810 966 1850 ηοη
997 1793 1176 1860 faciat,
1208 1793 1347 1851 sicut
1373 1804 1429 1850 ει
1466 1795 1520 1850 in
1563 1794 1753 1866 quinto
1797 1795 2006 1863 psalmo
2035 1793 2118 1848 di-
2150 1776 2202 1840 Β
2225 1783 2422 1853 virum,
2452 1793 2510 1840 ut
2537 1783 2813 1852 utriusque
2841 1794 3044 1839 natura:
3071 1798 3176 1840 una
3204 1784 3516 1840 crederetur
3544 1797 3684 1840 esse
3712 1798 3839 1855 per-

529 1901 712 1946 cturns
736 1903 818 1946 est
857 1909 872 1946 :
907 1891 1164 1956 Quoniam
1193 1908 1296 1946 non
1329 1891 1500 1946 uolens
1539 1890 1678 1946 Deus
1714 1890 2035 1959 iniquitatem
2062 1898 2122 1944 tu

531 1983 624 2055 es(
650 1983 797 2039 Psal.
823 2000 878 2050 v,
905 1984 937 2037 5
964 1984 1003 2056 ).
1031 1985 1090 2040 in
1113 1988 1272 2040 tertio
1296 1994 1473 2040 autem
1497 2000 1657 2039 versu
1687 1985 1778 2053 qui
1809 1984 1938 2040 dicit
1969 2001 1984 2039 :
2016 1982 2123 2038 Sed

531 2078 584 2132 in
614 2078 724 2149 lege
752 2077 960 2133 Domini
985 2080 1221 2134 voluntas
1250 2081 1364 2150 ejus
1389 2094 1408 2134 :
1433 2088 1478 2133 et
1505 2080 1560 2132 in
1593 2078 1700 2148 lege
1723 2080 1832 2150 ejus
1856 2079 2125 2134 meditabi-

423 2193 430 2197 υ
531 2179 614 2226 tur
645 2171 727 2227 die
748 2188 810 2226 ac
837 2181 1006 2238 nocte,
1038 2172 1272 2228 secunda
1301 2181 1384 2227 est
1411 2171 1620 2240 species
1644 2170 1976 2226 delinitionis
2002 2187 2122 2242 quae

529 2262 720 2320 Graece
747 2268 1074 2341 ἔννοηματική
1101 2266 1322 2332 dicitur,
1354 2263 1542 2320 Latine
1584 2265 1730 2319 notio
1760 2277 2120 2336 nuncupatur.

532 2351 661 2410 Hmc
690 2371 796 2412 non
831 2359 963 2413 dicit
991 2359 1119 2428 quid
1166 2359 1258 2424 sit,
1301 2359 1394 2412 sed
1440 2372 1536 2427 per
1565 2357 1668 2413 hoc
1693 2358 1835 2428 quod
1863 2360 2006 2430 agit,
2039 2374 2125 2416 res

532 2445 624 2502 illa
647 2463 805 2518 quam
829 2450 1121 2520 quaerimus
1147 2449 1302 2504 nobis
1330 2451 1640 2520 specialiter
1664 2452 1964 2519 indicatur;
1989 2454 2128 2509 sicut

531 2547 590 2596 et
623 2540 676 2596 in
717 2544 1114 2613 septuagesimo
1151 2542 1327 2611 primo
1359 2543 1566 2613 psalmo
1596 2543 1838 2600 dicturus
1866 2553 1950 2600 est
1982 2562 1996 2599 :
2026 2542 2127 2599 Be-

533 2632 764 2686 nedictus
797 2631 1044 2688 Dominus
1076 2632 1216 2689 Deus
1244 2633 1432 2702 Israel,
1456 2636 1544 2705 qui
1577 2637 1704 2707 facit
1740 2636 1995 2692 mirabilia
2021 2653 2133 2691 ma-

534 2739 638 2794 gna
665 2725 804 2780 solus
834 2727 853 2798 (
879 2725 1028 2782 Psal.
1064 2743 1212 2794 uxr,
1253 2728 1383 2799 l8).

607 2817 877 2874 Memento
891 2829 1071 2876 autem
1089 2819 1229 2891 quod
1253 2824 1432 2877 omnis
1447 2820 1693 2877 deﬁnitio
1707 2829 1798 2877 aut
1813 2837 1882 2879 ex
1903 2821 2130 2878 materia

537 2910 800 2976 nascitur,
827 2911 974 2980 quod
1015 2920 1101 2968 est
1128 2927 1326 2983 corpus
1357 2931 1372 2968 :
1403 2923 1494 2970 aut
1524 2929 1590 2972 ex
1619 2915 1822 2986 specie,
1855 2915 1998 2985 quod
2048 2923 2131 2971 est

537 3003 795 3071 qualitas;
822 3013 911 3060 aut
958 3016 1107 3063 certe
1143 3007 1210 3062 de
1237 3018 1490 3079 utroque,
1524 3009 1663 3065 sicut
1695 3019 1779 3064 est
1805 3007 1990 3075 homo,
2024 3010 2129 3064 mi-

537 3098 692 3154 rabili
719 3100 912 3157 ordine
939 3101 1145 3170 prolata
1167 3103 1481 3172 disponens.
1508 3103 1640 3158 Nam
1671 3105 1715 3158 si
1745 3105 1896 3173 prius
1925 3102 2132 3173 posuis-

2224 1888 2381 1932 sona.

2299 1990 2403 2056 Qui
2439 2006 2541 2044 non
2567 1989 2689 2044 abiit
2714 1990 2768 2043 in
2796 1989 3011 2044 consilio
3051 1990 3344 2056 impiorum.
3375 1997 3422 2044 et
3451 1990 3504 2044 in
3529 1991 3625 2045 uia
3655 2007 3840 2062 pecca-

2225 2094 2397 2142 torum
2432 2102 2533 2140 non
2576 2085 2740 2150 stetit,
2774 2093 2821 2138 et
2851 2085 2903 2138 in
2933 2083 3172 2138 cathedra
3202 2083 3507 2155 pestilentia:
3537 2101 3652 2138 non
3679 2084 3835 2139 sedit.

2227 2176 2410 2233 Posito
2453 2176 2613 2247 igitur
2653 2178 2809 2232 beato
2838 2178 2984 2245 viro,
3019 2178 3071 2232 id
3103 2190 3183 2232 est
3217 2179 3445 2232 Domino
3473 2176 3738 2248 Christo,
3772 2176 3840 2233 ab

2225 2268 2316 2323 illa
2341 2267 2741 2337 dispensatione
2767 2282 2871 2337 qua
2900 2281 3086 2337 passus
3114 2276 3224 2333 est,
3251 2269 3380 2322 utile
3409 2266 3596 2323 fuerat
3622 2278 3684 2322 ut
3710 2283 3838 2324 eum

2230 2375 2325 2430 per
2352 2371 2502 2414 actns
2530 2375 2657 2414 suos
2680 2369 3077 2428 consequenter
3098 2371 3428 2430 exponeret;
3455 2360 3714 2430 alioquin
3741 2362 3844 2416 mi-

2229 2467 2330 2508 nus
2360 2453 2536 2520 docet,
2569 2453 2710 2522 quod
2743 2451 2900 2507 fuerit
2935 2453 2987 2507 in
3017 2453 3280 2522 explicata
3320 2453 3706 2522 propositione
3747 2452 3844 2508 de-

2230 2547 2496 2603 relictum.
2549 2546 2742 2601 Tribus
2781 2547 2960 2616 itaque
3004 2546 3181 2601 modis
3229 2546 3514 2617 provenire
3559 2547 3838 2602 humanos

2230 2646 2444 2692 constat
2470 2651 2703 2702 errores,
2734 2635 3082 2706 cogitatione,
3112 2634 3273 2702 facto,
3303 2645 3359 2692 et
3384 2637 3551 2702 dicto,
3583 2651 3727 2707 quos
3751 2636 3839 2691 hic

2233 2744 2331 2802 per
2360 2729 2604 2785 ordinem
2647 2728 2877 2804 abnegat
2903 2729 3089 2785 dicens
3128 2745 3144 2784 :
3196 2727 3321 2784 Non
3349 2729 3471 2784 abiit
3515 2731 3569 2784 in
3613 2727 3838 2786 consilio

2232 2820 2528 2894 impiorum.
2563 2821 2800 2878 Primum
2831 2821 3176 2878 detestabiles
3213 2822 3445 2891 denegat
3471 2822 3845 2892 cogitationes

2236 2930 2371 2987 quas
2400 2918 2500 2972 sibi
2534 2915 2868 2972 familiariter
2895 2916 3129 2970 vindicat
3149 2931 3317 2987 genus
3345 2917 3670 2986 humanum,
3707 2934 3844 2990 quas

2237 3013 2496 3070 Dominus
2516 3013 2759 3069 Christus
2779 3011 2999 3068 omnino
3019 3026 3126 3065 non
3152 3010 3356 3065 habuit.
3383 3011 3447 3066 Et
3469 3025 3536 3067 ne
3555 3015 3844 3072 extraneis

2238 3117 2455 3162 utamur
2494 3105 2786 3175 exemplis,
2835 3104 2940 3160 hoc
2985 3103 3186 3160 debere
3228 3103 3452 3176 intelligi
3497 3104 3566 3161 de
3609 3106 3846 3164 Domino

538 3198 624 3247 set
649 3191 794 3262 quod
821 3167 958 3262 erat,
991 3167 1358 3252 necessarium
1389 3212 1494 3253 non
1535 3197 1709 3252 fuerat
1737 3167 1946 3251 dixisse
1989 3195 2129 3266 quod
2154 3167 2208 3235 ο
2241 3196 2518 3255 Salvatore
2542 3167 2841 3252 tricesimus
2865 3211 3039 3252 nonus
3064 3195 3300 3267 psalmus
3330 3167 3576 3253 absolute
3605 3207 3848 3256 testatur

541 3300 652 3342 non
679 3295 816 3344 erat.
847 3286 964 3344 Hoc
989 3289 1229 3345 imitatus
1255 3305 1520 3346 converse
1547 3289 1736 3345 ordine
1773 3287 2133 3360 geometricus

541 3379 668 3435 fecit
706 3378 957 3438 Euclides
981 3381 1167 3438 dicens
1193 3385 1213 3455 (
1239 3383 1351 3440 Lib.
1384 3400 1400 3440 ι
1433 3385 1776 3452 ιέιεθηεηιον.9
1810 3385 1863 3438 in
1893 3383 2080 3457 initio)
2114 3400 2129 3438 :

545 3468 713 3528 Linea
739 3483 824 3529 est
849 3474 1126 3546 longitudo
1154 3477 1272 3533 sine
1305 3478 1599 3535 latitudine.
1635 3480 1788 3536 Prius
1817 3482 1960 3536 enim
1999 3479 2138 3537 dixit

545 3565 690 3635 quod
729 3573 834 3634 est,
873 3576 928 3624 et
971 3567 1248 3639 snhjnnxit
1294 3579 1476 3640 postea
1527 3571 1674 3643 quod
1715 3588 1822 3628 non
1850 3583 1966 3640 est;
1997 3573 2138 3629 sicut

544 3655 724 3714 facere
747 3669 1146 3717 consueverunt
1168 3665 1258 3734 qui
1282 3665 1521 3734 priorum
1545 3665 1685 3721 dicta
1708 3666 1884 3737 aliqua
1912 3665 2140 3722 diversi-

548 3760 658 3810 tate
683 3765 1038 3825 commutant,
1080 3769 1139 3814 ut
1174 3775 1236 3816 se
1279 3761 1334 3816 in
1375 3761 1460 3818 eis
1497 3763 1825 3818 mentiantur
1865 3770 2136 3820 auctores.

548 3842 702 3900 Nunc
737 3846 804 3901 ad
834 3850 1218 3918 perscrutanda
1250 3854 1414 3906 verba
1443 3853 1723 3909 veniamus
1757 3871 1772 3908 :
1801 3853 2054 3924 quoniam
2086 3854 2142 3910 in

551 3935 900 3996 interioribus
920 3956 1106 3997 eorum
1128 3943 1281 4012 quasi
1300 3944 1355 3999 in
1378 3945 1694 4014 quibusdam
1713 3945 1919 4003 nucleis
1935 3946 2144 4003 fructus

552 4027 895 4089 dulcissimus
920 4033 1212 4089 invenitur.

1087 4125 1360 4198 Expositio
1405 4127 1610 4199 psalmi.

549 4239 568 4291 g'
623 4216 782 4274 Vers.
816 4219 867 4274 1.
907 4217 1097 4276 Beatus
1134 4221 1232 4276 uir.
1262 4220 1431 4276 Nimis
1463 4221 1741 4292 pulchrum
1769 4222 2146 4278 commodum-

556 4327 662 4384 que
709 4314 1059 4382 principium;
1104 4325 1164 4370 ut
1208 4318 1463 4387 quoniam
1510 4325 1630 4372 erat
1669 4317 1900 4386 Spiritus
1929 4330 2148 4373 sanctus

557 4401 779 4456 humani
823 4407 1036 4472 generis
1082 4405 1346 4462 imbecilla
1396 4407 1734 4474 moniturus,
1763 4422 1792 4461 a
1821 4407 2150 4462 beatitudine

557 4507 772 4551 sumere
817 4495 1090 4552 videretur
1129 4498 1369 4564 initium;
1404 4507 1460 4553 ut
1505 4499 1606 4553 hac
1643 4514 1740 4566 spe
1770 4499 2147 4570 trepidantium

2239 3289 2423 3346 dicens
2453 3306 2466 3343 :
2499 3288 2645 3343 Tunc
2672 3288 2803 3352 dixi,
2831 3303 2944 3343 ecce
2968 3289 3144 3352 venio;
3169 3288 3224 3342 in
3250 3288 3414 3356 capite
3439 3287 3558 3341 libri
3587 3288 3849 3358 scriptum

2238 3389 2315 3435 est
2335 3379 2397 3434 de
2418 3397 2495 3433 me
2519 3379 2538 3450 (
2559 3377 2705 3433 Psal.
2734 3395 2915 3443 xxxix,
2943 3379 3032 3451 8).
3062 3379 3200 3434 Abiit
3229 3380 3372 3436 enim
3399 3379 3673 3450 signiﬁcat
3699 3377 3851 3450 quod

2239 3486 2271 3527 a
2318 3472 2402 3528 via
2452 3483 2600 3528 recta
2648 3472 2953 3540 discedens,
2997 3474 3052 3528 in
3093 3472 3260 3529 calles
3301 3473 3498 3530 labitur
3543 3484 3849 3538 tortuosos.

2243 3565 2450 3622 Deinde
2481 3576 2630 3622 actus
2662 3567 2870 3622 vitiosa:
2908 3567 3337 3623 conversationis
3374 3567 3616 3625 excludit
3657 3570 3855 3630 dicen-

2243 3659 2314 3716 do
2340 3677 2354 3715 :
2389 3660 2454 3716 Et
2479 3662 2532 3715 in
2554 3660 2635 3714 via
2661 3668 2987 3730 peccatorum
3011 3677 3114 3714 non
3139 3661 3309 3726 stetit;
3337 3663 3518 3732 utique
3542 3664 3678 3733 quia
3707 3664 3858 3720 venit

2243 3753 2299 3811 in
2327 3756 2606 3821 mundum,
2629 3753 2718 3825 qui
2743 3762 2826 3811 est
2850 3755 2931 3810 via
2954 3764 3312 3825 peccatorum;
3333 3755 3426 3809 sed
3447 3754 3518 3810 ibi
3545 3771 3660 3813 non
3688 3758 3856 3822 stetit,

2243 3848 2498 3922 quoniam
2529 3848 2646 3916 ejus
2667 3846 2793 3902 vitia
2825 3845 3164 3902 immaculata
3197 3846 3617 3904 conversatione
3647 3849 3860 3904 transi-

2247 3943 2344 3999 vit.
2379 3941 2632 3998 Ponendo
2661 3948 2840 3996 autem
2868 3941 3004 3994 uiam
3033 3947 3359 4010 peccatorum
3401 3939 3562 3996 latam
3611 3941 3738 3997 vult
3781 3941 3866 3996 in-

2247 4018 2416 4107 telligi
2457 4053 2472 4091 :
2517 4035 2774 4105 quoniam
2822 4041 3101 4104 angustam
3147 4042 3362 4090 constat
3398 4049 3520 4091 esse
3545 4034 3861 4106 justorum.

2248 4127 2433 4185 Tertio
2465 4125 2584 4183 loco
2609 4125 2883 4196 subiunxit
2916 4143 2928 4178 :
2961 4123 3028 4179 Et
3051 4127 3104 4180 in
3136 4124 3385 4181 cathedra
3415 4126 3730 4196 pestilentia
3759 4141 3866 4180 non

2251 4224 2403 4280 sedit.
2439 4221 2518 4278 Ad
2565 4221 2837 4277 doctrinas
2885 4219 2988 4276 hoc
3015 4218 3226 4275 videtur
3249 4217 3647 4275 abominabiles
3693 4215 3872 4288 perti-

2251 4331 2404 4382 nere,
2440 4330 2558 4386 qum
2600 4315 2902 4384 pestilentis
2930 4313 3196 4384 dogmatis
3223 4326 3430 4368 venena
3465 4311 3868 4366 disseminant.

2254 4407 2381 4462 llaec
2411 4408 2608 4462 merito
2653 4418 2914 4476 negantur
2945 4406 2997 4460 in
3039 4403 3274 4468 Christo,
3323 4402 3414 4472 qui
3456 4401 3630 4458 totius
3675 4397 3870 4456 mundi

2257 4501 2482 4556 vulnera
2527 4499 2836 4556 medicabili
2868 4508 2890 4536 α
2925 4496 3306 4568 praedicatione
3341 4496 3592 4551 salvavit.
3625 4491 3871 4564 Quidam

559 4587 768 4642 animos
796 4588 1068 4654 invitaret,
1099 4603 1167 4645 ne
1192 4604 1250 4645 se
1277 4589 1582 4644 mortalium
1613 4564 1818 4662 fragilia
1839 4564 1996 4646 corda
2026 4592 2150 4646 sub-
2179 4564 2236 4630 υ
2261 4609 2388 4649 vero
2413 4592 2557 4648 hunc
2583 4593 2758 4649 locum
2787 4591 2878 4648 tali
2905 4564 3246 4646 distinctione
3275 4589 3592 4660 complexus
3619 4597 3734 4656 est,
3771 4587 3876 4641 im-

559 4677 838 4735 ducerent.
872 4679 1003 4747 Quis
1031 4680 1174 4736 enim
1217 4680 1284 4736 ad
1325 4681 1577 4752 quislibet
1605 4683 1769 4737 ardua
1807 4699 1914 4739 non
1945 4682 2150 4740 incite-

559 4779 668 4838 tur,
703 4773 791 4830 ubi
830 4771 960 4830 felix
1002 4773 1272 4830 beatitudo
1313 4775 1657 4845 prtedicitnr?
1697 4776 1887 4832 Beatus
1915 4792 2046 4848 ergo
2076 4778 2154 4832 uir

563 4863 780 4934 dicitur,
813 4868 956 4924 sicut
985 4867 1142 4924 nobis
1170 4868 1431 4939 majorum
1463 4870 1620 4923 tradit
1653 4872 1964 4937 auctoritas,
1998 4871 2151 4942 quasi

563 4955 702 5012 bene
717 4966 893 5027 aptus,
914 4958 998 5013 cui
1020 4960 1197 5015 omnia
1219 4959 1521 5016 desiderata
1543 4961 1858 5018 succedunt.
1883 4962 1988 5018 Sed
2012 4963 2154 5018 hunc

564 5046 770 5104 duobus
808 5049 983 5106 modis
1008 5049 1112 5106 dici
1139 5052 1194 5107 in
1228 5051 1526 5108 centesimo
1553 5052 1964 5124 quadragenum
1992 5056 2152 5112 tertio

569 5139 777 5209 psalmo
799 5139 1056 5211 prepheta
1074 5153 1462 5201 commemorat
1483 5161 1688 5213 ponens
1719 5162 1732 5199 :
1760 5145 1972 5202 Beatum
1995 5148 2154 5205 dixe-

565 5242 684 5287 runt
722 5233 970 5304 populum
1006 5236 1089 5290 cui
1134 5236 1244 5292 lucc
1275 5248 1396 5294 sunt
1432 5237 1624 5310 (Psal.
1654 5254 1846 5310 chttt,
1883 5242 2023 5315 i5);
2056 5245 2156 5300 ite-

566 5341 791 5398 rumque
817 5327 1089 5402 subjungit
1113 5348 1127 5386 :
1155 5329 1347 5389 Beatus
1372 5333 1596 5405 populus
1625 5339 1772 5405 cujus
1797 5345 1871 5390 est
1899 5335 2155 5393 Dominus

568 5417 710 5476 Deus
761 5426 895 5497 ejus.
939 5424 1280 5498 Quapropter
1324 5429 1509 5485 saeculi
1538 5429 1728 5488 beatus
1757 5440 1874 5498 est,
1921 5434 2047 5502 qui,
2097 5443 2156 5490 ut

571 5524 749 5585 putat,
778 5532 989 5575 summa
1011 5522 1302 5580 securitate
1331 5522 1580 5581 suﬁ‘ultus
1599 5567 1616 5595 ,
1648 5527 1702 5582 in
1733 5529 2040 5582 continuata
2071 5529 2163 5585 la:-

573 5607 684 5663 titia
711 5619 764 5666 et
785 5614 1073 5671 mundanis
1094 5617 1266 5687 copiis
1287 5628 1618 5687 perseverat.
1650 5620 1743 5678 isti
1771 5631 1950 5677 autem
1977 5622 2160 5693 beato,

574 5702 666 5777 qui
709 5721 742 5762 a
791 5711 1070 5779 proposito
1111 5723 1214 5768 suo
1238 5709 1386 5770 nulla
1413 5719 1799 5774 contrarietate
1827 5725 2156 5789 removetur,
2193 5794 2202 5801 .

650 5881 676 5911 ι
719 5873 862 5932 Edit.
876 5914 896 5946 ,
928 5877 1246 5940 medicinali.

2257 4687 2405 4760 pium
2435 4685 2621 4741 dicens
2660 4701 2780 4740 eum
2823 4683 2911 4752 qui
2955 4691 3142 4754 peccat
3179 4682 3232 4737 in
3263 4681 3432 4739 Deum
3467 4700 3482 4737 :
3512 4689 3872 4762 peccatorem

2257 4794 2388 4836 vero
2416 4779 2510 4850 qui
2541 4780 2595 4834 in
2625 4779 2972 4847 semetipsum
3000 4776 3306 4846 delinquit;
3337 4775 3684 4846 pestilentem
3721 4769 3874 4826 scili—

2255 4886 2363 4942 cet,
2387 4875 2476 4946 qui
2501 4875 2802 4944 proximum
2829 4887 2983 4927 suum
3007 4871 3384 4941 depopulatur,
3410 4871 3678 4940 opprimit
3703 4874 3876 4935 atque

2257 4969 2427 5026 laedit.
2461 4967 2568 5026 Sed
2603 4967 2828 5038 quodvis
2858 4965 3046 5022 horum
3077 4963 3328 5034 recipias,
3362 4962 3495 5018 nihil
3527 4963 3635 5018 tale
3669 4961 3726 5016 in
3764 4958 3874 5013 Do-

2260 5062 2408 5118 mino
2439 5061 2603 5116 fuisse
2640 5059 2939 5130 cognoscis.
2981 5055 3240 5112 Cathedra
3277 5063 3360 5111 est
3398 5055 3542 5111 enim
3570 5069 3644 5109 ex
3684 5050 3871 5118 aliqua

2261 5155 2487 5213 materia
2513 5154 2812 5225 composita
2843 5152 3010 5208 forma
3041 5150 3318 5217 sedibilis,’
3334 5165 3454 5222 qua:
3479 5163 3578 5205 nos
3604 5149 3872 5202 curvatos

2259 5246 2500 5303 molliter
2537 5261 2567 5300 a
2608 5244 2771 5300 dorso
2813 5244 3074 5314 suscipit,
3116 5257 3323 5314 suoque
3357 5241 3563 5311 gremio
3591 5235 3871 5293 demissos

2262 5342 2409 5396 velut
2438 5338 2634 5394 habilis
2660 5336 2816 5394 theca
2845 5336 3243 5407 complectitur.
3279 5335 3403 5390 Haec
3429 5331 3647 5404 proprie
3673 5329 3867 5384 doctoc

2263 5435 2415 5493 ribus
2435 5436 2591 5489 datur
2608 5475 2624 5499 ,
2653 5435 2795 5488 sicut
2820 5432 2894 5486 ait
2915 5430 2970 5486 in
2995 5428 3281 5497 Evangelia
3315 5444 3328 5480 ε
3365 5427 3533 5493 Super
3556 5421 3866 5480 cathedram

2267 5528 2442 5600 Moysi
2470 5529 2708 5584 sederunt
2733 5527 2915 5582 scriba:
2942 5534 2991 5580 et
3023 5522 3278 5578 Pharisaei
3307 5520 3533 5594 (Matth.
3567 5530 3703 5571 xxnt
3721 5552 3737 5578 ,
3765 5507 3856 5577 2).

2265 5621 2356 5679 Sic
2385 5621 2546 5677 etiam
2572 5620 2811 5690 iudicum
2849 5615 3123 5682 tribunal,
3169 5623 3223 5670 et
3267 5614 3461 5669 solium
3507 5621 3696 5678 regum
3737 5613 3861 5672 pro-

2268 5717 2444 5790 prium
2465 5727 2586 5774 esse
2605 5723 2994 5770 memoramus.
3017 5705 3452 5784 Considerandus
3479 5703 3578 5787 13
3599 5706 3688 5756 est
3699 5692 3853 5753 etiam
