4064 6360
250 399 317 456 29
1230 399 1592 460 EXPOBITIO
1629 398 1694 457 IN
1731 395 2195 459 PSALTERIUM.
2237 360 2429 463 PSilL.
2468 404 2510 461 ι.
3443 394 3511 449 sn

253 518 337 573 hic
364 516 497 571 ordo
523 515 783 575 dictorum
802 559 817 586 ,
848 518 1296 590 quemadmodum
1326 529 1511 575 contra
1541 517 1708 575 Adam
1740 524 1823 571 to-
1848 514 1904 575 Δ
1928 512 2165 572 dicturus
2188 529 2270 574 est
2300 537 2315 575 :
2348 520 2415 576 Ut
2445 520 2630 589 faciam
2650 522 2957 577 uoluntatem
2980 528 3147 592 tuam,
3175 518 3313 578 Deus
3338 490 3502 590 uicus,

252 618 332 666 tus
358 620 571 681 aptetur
608 628 623 665 :
663 612 787 667 abiit
816 627 935 669 cum
966 614 1187 670 recessit
1214 628 1243 668 a
1272 623 1539 683 praecepto
1569 611 1774 667 Domini
1807 629 1820 664 :

250 705 406 771 stetit,
434 719 556 759 eum
581 704 876 762 delectatus
906 714 990 762 est
1018 715 1258 777 peccato,
1292 706 1504 776 quando
1537 703 1826 775 acquisitu-

250 813 368 854 rum
390 813 451 854 se
471 798 751 855 scientiam
778 800 904 856 boni
931 810 985 856 et
1007 801 1157 867 mali,
1183 799 1436 869 deceptus
1463 797 1666 854 arbiter
1686 794 1829 852 aesti-

251 892 449 958 mavit;
486 894 779 948 cathedram
802 909 929 950 vero
960 895 1260 965 pestilentia:
1278 893 1430 960 sedit,
1451 906 1573 948 cum
1598 889 1829 960 posteris

253 981 567 1050 perniciosae
618 982 879 1039 doctrinae
926 986 1171 1053 exempla
1225 982 1529 1053 dereliquit.
1586 980 1653 1035 Et
1704 988 1828 1034 neta

251 1087 410 1141 quam
450 1072 670 1144 pulchre
700 1074 907 1145 singula
937 1075 1097 1130 verba
1126 1074 1288 1130 rebus
1318 1073 1538 1144 singulis
1568 1070 1744 1134 dedit;
1777 1068 1831 1123 id

249 1172 333 1219 est
358 1164 502 1233 abiit,
533 1167 666 1219 stetit
704 1176 759 1222 et
802 1167 951 1221 sedit.
981 1165 1111 1233 Qua:
1138 1166 1305 1237 ﬁgura
1344 1165 1535 1221 dicitur
1558 1164 1832 1235 ,bypozeu-

252 1257 353 1325 sis,
387 1258 597 1327 quando
625 1259 833 1315 diversa
859 1259 1024 1315 verba
1052 1259 1277 1329 singulis
1307 1268 1428 1328 apta
1456 1256 1707 1313 clausulis
1736 1271 1831 1323 ap-

251 1355 544 1416 ponuntur.
577 1348 913 1419 Quapropter
939 1350 1204 1420 generalis
1241 1350 1541 1418 complexio
1573 1355 1823 1417 peccato-

249 1456 372 1496 rum
400 1443 589 1497 nterito
609 1445 660 1497 in
687 1443 912 1497 Domino
942 1444 1220 1500 Salvatore
1249 1444 1505 1512 denegata
1535 1449 1617 1497 est
1646 1456 1662 1495 :
1694 1440 1835 1495 sicut

249 1529 368 1600 ipsa
399 1531 610 1587 Veritas
638 1533 690 1588 in
721 1533 1012 1604 Evangelio
1041 1534 1169 1589 dicit
1198 1552 1212 1589 :
1246 1532 1380 1587 Ecce
1409 1534 1570 1587 veniet
1600 1533 1835 1604 princeps

250 1627 433 1679 mundi
475 1627 659 1699 hujus,
687 1636 734 1683 et
768 1628 823 1683 in
853 1645 930 1684 me
955 1644 1055 1683 non
1082 1629 1297 1683 inveniet
1323 1629 1602 1700 quidquam
1634 1625 1831 1698 (Joan.

249 1730 370 1780 xrv,
400 1717 469 1773 '50
485 1716 528 1788 ).

328 1804 482 1862 Vers.
516 1808 572 1863 2.
605 1809 713 1864 Sed
741 1811 793 1864 in
821 1808 929 1883 lege
951 1810 1160 1865 Domini
1181 1810 1281 1882 fuit
1302 1810 1536 1866 voluntas
1555 1814 1688 1884 ejus.
1719 1811 1835 1865 Non

1878 621 1881 625 '
1928 610 2084 678 volui,
2118 619 2162 664 et
2185 612 2343 681 legem
2367 622 2507 667 tuam
2528 614 2581 669 in
2606 614 2776 668 medio
2801 615 2970 671 cordis
2992 614 3089 669 mei
3106 613 3283 686 (Paul.
3308 629 3503 682 una,

1929 700 2008 773 9).
2037 702 2126 760 Sic
2153 704 2221 761 de
2249 721 2353 760 uno
2387 707 2591 775 psalmo
2618 717 2901 778 utrumque
2930 708 3204 778 probatum
3241 716 3345 774 est,
3374 720 3509 778 quo-

1929 792 2070 849 niam
2113 804 2168 850 et
2211 794 2528 866 principium
2578 797 2695 853 libri
2743 797 2812 855 de
2840 798 2957 868 ipso
2987 799 3147 856 debet
3176 796 3418 869 intelligi.
3447 805 3504 855 et

1930 886 2179 943 mandata
2207 886 2417 942 Domini
2449 902 2662 958 semper
2688 904 2807 945 eum
2837 899 3045 948 constat
3072 890 3239 947 fuisse
3280 890 3507 947 medita-

1931 991 2065 1038 tum.
2098 982 2153 1037 in
2181 984 2579 1054 septuagesimo
2608 986 2835 1053 septimo
2865 998 3075 1054 quoque
3106 983 3310 1053 psalmo
3335 983 3464 1038 dicit
3490 999 3505 1036 :

1931 1073 2136 1143 Loquar
2162 1077 2529 1147 propositiones
2557 1078 2619 1131 ab
2642 1077 2788 1130 initio
2820 1075 2992 1144 (Psal.
3036 1090 3219 1133 Lxxvn
3238 1116 3254 1141 ,
3282 1074 3342 1145 2)
3370 1092 3385 1129 :
3413 1073 3509 1131 sed

1932 1182 2051 1223 cum
2081 1168 2230 1236 dicit,
2259 1166 2464 1239 Loquar
2492 1168 2554 1222 ab
2597 1168 2760 1233 initio,
2790 1182 2894 1223 non
2919 1169 3028 1223 vult
3054 1181 3336 1237 personam
3355 1178 3508 1221 suam

1933 1258 2129 1314 alicubi
2179 1260 2409 1314 fortasse
2463 1258 2757 1328 praeteriri;
2803 1272 2902 1313 nos
2949 1265 3129 1312 tamen
3176 1257 3509 1311 diversorum

1935 1350 2152 1407 Patrum
2180 1352 2549 1408 auctoritatem
2580 1353 2767 1416 secuti,
2802 1360 2856 1407 et
2879 1350 3133 1407 Ecclesia:
3158 1350 3322 1406 verba
3352 1347 3511 1403 dedi-

1934 1460 2054 1500 mus
2082 1453 2139 1500 et
2169 1445 2443 1514 prophetae
2466 1484 2483 1511 ,
2526 1452 2581 1499 et
2604 1442 2927 1513 iustissimos
2970 1456 3210 1515 quosque
3246 1440 3511 1507 homines,

1936 1538 2016 1593 vel
2049 1545 2356 1606 peccatores
2381 1536 2611 1592 diximus
2640 1536 2806 1606 loqui,
2840 1550 2973 1605 quos
2995 1535 3106 1591 suis
3133 1534 3267 1590 locis
3293 1531 3514 1588 eviden-

1937 1635 2019 1682 ter
2065 1627 2418 1698 ostendimus,
2474 1636 2533 1683 ut
2580 1626 2810 1684 varietas
2858 1629 2972 1697 ipsa
3017 1641 3200 1683 rerum
3243 1624 3515 1681 oblectare

1937 1716 2108 1787 possit
2136 1716 2393 1772 auditum.

2010 1808 2107 1863 Die
2152 1825 2213 1863 ac
2260 1819 2425 1864 nocte.
2470 1808 2598 1866 Hinc
2641 1807 2941 1876 complexio
2962 1807 3275 1864 continuum
3303 1813 3515 1877 tempus

249 1912 446 1970 magna
486 1901 653 1971 gloria
683 1901 858 1957 fuerat
883 1902 1182 1959 declinasse
1210 1903 1401 1959 vitiosa
1420 1944 1436 1966 ,
1478 1904 1580 1959 nisi
1610 1913 1663 1957 et
1692 1902 1837 1958 dice-
1865 1898 1916 1960 B
1941 1900 2209 1966 ostendit;
2239 1900 2380 1970 quod
2410 1898 2459 1955 si
2496 1900 2563 1954 ad
2591 1898 2821 1955 litteram
2862 1899 3128 1965 intendas,
3160 1899 3378 1954 omnino
3406 1911 3512 1952 non

252 1999 338 2044 ret
364 1992 582 2046 omnino
622 1993 921 2063 laudanda,
963 1996 1103 2049 sicut
1128 2003 1182 2050 et
1208 1996 1330 2051 alibi
1357 1996 1530 2062 docet,
1570 1995 1835 2051 Declinaa

250 2083 424 2149 malo,
452 2092 498 2139 et
534 2086 617 2156 fac
644 2086 829 2141 bonum
859 2085 1029 2160 (Psal.
1060 2103 1242 2153 axxvr,
1276 2088 1389 2160 27).
1423 2088 1534 2145 Lex
1576 2104 1704 2161 ergo
1732 2090 1838 2143 Do-

252 2175 389 2229 mini
439 2184 522 2232 est
564 2177 617 2232 in
663 2178 1001 2234 declinandis
1044 2180 1278 2251 peccatis
1308 2191 1492 2237 sancta
1524 2184 1832 2253 praeceptio,

254 2278 417 2334 quam
447 2265 501 2321 in
532 2276 713 2323 monte
757 2270 882 2325 Sina
912 2269 1129 2341 Moysen
1174 2272 1451 2342 accepisse
1495 2272 1835 2327 manifestum

259 2366 340 2411 est
366 2372 381 2410 :
410 2357 463 2413 in
506 2373 607 2428 qua
638 2368 748 2414 tota
779 2360 978 2416 mentis
1000 2361 1299 2418 intentione
1330 2363 1421 2419 ille
1445 2379 1573 2419 vere
1600 2364 1718 2433 fuit,
1746 2364 1836 2433 qui

260 2458 474 2519 peccata
505 2467 611 2507 non
648 2453 865 2522 habuit;
918 2469 1019 2509 nos
1063 2457 1208 2511 enim
1252 2457 1353 2512 etsi
1398 2457 1465 2512 ad
1510 2468 1837 2514 momentum

258 2541 390 2612 legis
420 2556 687 2615 praecepta
716 2546 1033 2618 cogitamus,
1068 2549 1250 2605 delicti
1278 2559 1452 2606 tamen
1477 2560 1716 2622 tempore
1746 2566 1840 2608 vo-

258 2634 436 2693 luntas
472 2647 655 2695 nostra
684 2640 737 2695 in
767 2640 885 2710 lege
914 2656 1019 2696 non
1049 2652 1349 2712 permanet.
1394 2644 1648 2698 Voluntas
1692 2645 1835 2700 enim

258 2726 515 2784 decenter
536 2738 620 2785 est
642 2732 836 2800 posita,
864 2742 924 2787 ut
942 2738 1301 2789 constantiam
1321 2737 1587 2790 continua:
1613 2737 1842 2791 medita-

256 2818 422 2876 tionis
444 2822 775 2890 ostenderet,
804 2839 924 2894 qua:
946 2825 1071 2880 dum
1102 2838 1507 2895 perseveranter
1531 2831 1839 2893 assumitur,

257 2913 455 2969 laboris
490 2915 646 2970 taedia
690 2917 1022 2972 nesciuntur.
1054 2917 1159 2974 Sed
1207 2933 1275 2974 ne
1319 2919 1488 2989 ipsam
1518 2919 1842 2975 voluntatem

261 3016 480 3078 putares
511 3006 760 3074 otiosam,
805 3011 1047 3080 sequitur
1076 3013 1403 3081 Operationis
1444 3010 1688 3078 cliectus,
1721 3013 1843 3082 quia

260 3108 451 3155 sancto
500 3103 779 3170 proposito
806 3117 912 3158 non
943 3104 1240 3160 sufﬁciebat
1267 3114 1469 3161 tantum
1510 3105 1647 3159 bona
1676 3105 1836 3169 velle,

261 3191 359 3246 nisi
385 3192 547 3248 etiam
591 3194 917 3251 desiderium
946 3212 1101 3253 suum
1132 3200 1385 3254 continuo
1416 3199 1609 3270 pioque
1657 3199 1842 3254 labore

1936 1990 2205 2056 convenit,
2238 1998 2295 2044 ut
2322 1990 2405 2045 die
2424 2004 2485 2043 ac
2507 1997 2650 2043 nocte
2671 1988 2871 2059 jugiter
2891 1989 3060 2058 legem
3082 1986 3288 2043 Domini
3310 1985 3511 2055 aliquis

1939 2092 2029 2138 aut
2062 2084 2206 2151 legat
2231 2090 2325 2137 aut
2349 2079 2622 2151 praedicet,
2652 2081 2776 2135 dum
2800 2080 3070 2136 reficiendi
3095 2088 3303 2149 tempus
3325 2090 3519 2144 corpo-

1936 2176 2085 2233 ribus
2103 2176 2278 2239 detur,
2300 2172 2610 2243 etcapiendi
2625 2171 2798 2227 somni
2816 2171 3103 2227 necessitas
3126 2169 3393 2225 afferatur.
3411 2164 3515 2222 Sed

1939 2267 2026 2321 ille
2075 2267 2324 2336 probatur
2372 2264 2543 2335 legem
2598 2264 2851 2318 continue
2906 2260 3175 2325 meditari,
3218 2259 3307 2328 qui
3335 2257 3516 2314 omnia

1940 2359 2236 2414 secundum
2268 2358 2610 2412 sanctitatem
2640 2370 2853 2426 gerens,
2878 2353 3083 2408 ctelesti
3104 2367 3164 2407 se
3191 2351 3241 2405 in
3270 2348 3518 2405 omnibus

1938 2451 2169 2520 puritate
2220 2448 2489 2504 tractavit.
2541 2446 2652 2501 Hoc
2699 2459 2885 2501 revera
2937 2442 3037 2514 ipsi
3083 2442 3244 2512 capiti
3291 2439 3516 2495 Domino

1939 2541 2150 2598 Christo
2171 2549 2381 2595 certum
2403 2548 2485 2595 est
2514 2537 2822 2603 convenire,
2853 2533 3096 2606 quamvis
3115 2532 3184 2587 ad
3211 2530 3516 2600 exemplum

1941 2629 2239 2686 sanctitatis
2268 2628 2413 2697 ejus,
2458 2636 2512 2683 et
2561 2625 2818 2681 membris
2862 2637 3073 2693 quoque
3113 2620 3355 2675 videatur
3400 2632 3521 2675 esse

1942 2729 2287 2789 praeceptum,
2317 2720 2454 2774 sicut
2478 2716 2607 2772 dicit
2636 2715 2920 2786 Apostolus
2946 2732 2961 2769 :
2997 2712 3182 2768 Omnia
3208 2726 3515 2782 quotcunque

1944 2813 2116 2884 facitis
2162 2812 2216 2864 in
2261 2810 2410 2863 verbo
2448 2818 2537 2864 aut
2564 2811 2718 2879 facto,
2764 2806 2937 2860 omnia
2960 2807 3013 2859 in
3038 2805 3202 2875 gloria
3242 2802 3340 2856 Dei
3370 2802 3521 2872 facite

1947 2905 1996 2977 (1
2025 2905 2142 2959 Cor.
2171 2920 2229 2971 ι,
2250 2901 2364 2973 ⁵51).
2397 2902 2492 2958 Est
2518 2911 2571 2957 et
2596 2901 2719 2955 alibi
2745 2901 3023 2970 prmdicata
3046 2900 3147 2953 ista
3173 2896 3517 2962 continuitas,

1948 2998 2084 3052 sicut
2134 2996 2188 3050 in
2229 2994 2527 3051 centesimo
2559 2994 2767 3049 decimo
2811 3002 3001 3048 octavo
3042 2992 3245 3061 psalmo
3287 2988 3513 3060 legitur:

1951 3089 2261 3145 Testintonia
2305 3096 2393 3141 tua
2439 3087 2560 3141 doce
2588 3103 2686 3151 me,
2733 3085 2967 3149 Domine,
3011 3092 3058 3138 et
3083 3082 3325 3136 mandata
3352 3091 3441 3136 tua
3467 3081 3521 3135 in

1943 3183 2097 3235 corde
2127 3194 2236 3233 meo
2276 3194 2475 3249 semper
2502 3177 2784 3247 exquiram.
2830 3175 2954 3230 Dies
2985 3170 3177 3244 pagani
3216 3171 3462 3226 dixerunt
3490 3182 3520 3223 a

265 3285 510 3340 satiaret.
542 3286 638 3341 ilic
660 3296 838 3357 potest
864 3290 1205 3363 syllogismus
1228 3264 1563 3362 categorictis
1590 3293 1837 3360 inveniri,
1868 3274 1917 3339 C
1949 3273 2253 3329 numinibus
2275 3271 2408 3338 θυῖε.
2441 3268 2493 3323 id
2514 3277 2651 3363 θεξ-ει
2680 3266 2804 3333 diis.
2834 3282 2865 3320 ³
2896 3265 3085 3363 qui?”
3114 3278 3207 3363 ⁸05
3229 3264 3390 3319 etiam
3421 3274 3520 3363 ηοξ

258 3386 417 3443 quem
448 3380 857 3446 praetermittere
885 3396 993 3437 non
1024 3382 1306 3453 debemus,
1333 3400 1402 3439 ne
1425 3387 1511 3455 qui
1538 3384 1841 3440 intelleCtus

257 3474 342 3523 est
374 3468 583 3538 primus
605 3511 619 3536 ,
649 3470 1074 3542 incompctenter
1100 3476 1343 3531 videatur
1367 3490 1486 3531 esse
1511 3477 1834 3545 praeteritus.

259 3557 426 3629 Cujus
477 3561 843 3619 definitionem
892 3575 1177 3638 partesque
1202 3568 1498 3634 'dicemus,
1528 3576 1583 3622 ut
1623 3567 1843 3625 rudibus

262 3664 447 3707 earum
498 3668 679 3709 rerum
717 3656 849 3712 nihil
876 3672 1157 3714 remanere
1190 3658 1360 3729 possit
1383 3659 1709 3730 ambiguum.
1738 3658 1843 3715 Ca-

264 3744 535 3814 tegoricus
587 3746 764 3815 itaque
811 3749 1153 3820 syllogismus
1199 3760 1312 3819 est,
1366 3768 1525 3821 quem
1575 3753 1839 3809 dialectici

262 3847 473 3891 summa
519 3836 677 3895 laude
721 3842 1100 3898 concelebrant
1131 3860 1144 3896 :
1170 3842 1367 3909 oratio,
1400 3843 1453 3899 in
1501 3859 1608 3914 qua
1653 3844 1842 3914 positis

261 3927 582 3997 quibusdam
608 3972 625 3997 ,
653 3930 755 3986 alia
784 3933 1027 4004 quaedam
1055 3949 1118 3991 ex
1150 3936 1474 3991 necessitate
1501 3936 1725 3991 veniunt
1748 3952 1843 4007 per

265 4030 326 4073 ea
354 4034 476 4089 quas
503 4022 674 4092 posita
703 4031 846 4079 sunt.
886 4025 990 4080 iste
1032 4041 1101 4081 cx
1141 4025 1351 4081 duabus
1387 4028 1844 4097 propositionibus

262 4120 314 4166 et
340 4114 687 4172 conclusione
726 4116 986 4172 formatur
1008 4160 1022 4185 ,
1054 4118 1193 4173 sicut
1222 4118 1309 4174 hic
1337 4129 1545 4176 constat
1568 4121 1839 4177 eﬁectum.

261 4202 425 4274 Cujus
448 4207 615 4276 prima
640 4209 932 4279 propositio
954 4218 1037 4263 est
1066 4228 1078 4262 :
1107 4210 1299 4265 Beatus
1320 4210 1401 4264 vir
1421 4209 1573 4278 cujus
1594 4210 1843 4266 voluntas

264 4296 313 4351 in
344 4298 463 4369 lege
488 4299 693 4355 Domini
718 4311 821 4360 est.
846 4301 1089 4358 Secunda
1120 4303 1411 4373 propositio
1436 4320 1450 4358 ;
1476 4304 1661 4361 Nullus
1686 4304 1837 4376 cujus

269 4392 509 4449 voluntas
537 4394 590 4448 in
618 4394 735 4465 lege
759 4395 966 4451 Domini
990 4404 1108 4463 est,
1156 4397 1287 4453 abiit
1314 4398 1365 4453 in
1394 4399 1621 4453 consilio
1650 4399 1841 4470 impio-

263 4497 400 4539 rum.
456 4483 710 4541 Provenit
748 4496 1052 4557 exspectata
1098 4489 1373 4544 conclusio
1407 4508 1420 4543 :
1452 4490 1638 4546 Nullus
1680 4493 1842 4559 igitur

265 4572 454 4629 beatus
480 4576 564 4632 vir
590 4578 721 4633 abiit
748 4577 801 4633 in
828 4578 1054 4634 consilio
1081 4579 1385 4649 impiorum.
1412 4581 1521 4636 Hoc
1542 4580 1757 4652 quidem
1786 4584 1838 4636 in

265 4664 491 4724 diversis
507 4668 641 4725 locis
663 4670 892 4741 diligens
918 4672 1009 4727 tibi
1032 4683 1394 4742 perscrutator
1416 4674 1671 4741 invenies,
1697 4674 1839 4745 quod

263 4774 361 4814 nos
404 4761 580 4817 rarius
624 4763 929 4832 ponendum
968 4778 1089 4819 esse
1139 4765 1535 4835 perspeximus,
1586 4767 1839 4837 quoniam

263 4850 416 4905 nobis
456 4867 527 4907 ex
555 4853 781 4909 diVersis
810 4854 1015 4910 artibus
1041 4838 1199 4925 atque
1249 4855 1547 4925 disciplinis
1590 4872 1709 4913 cum
1744 4872 1841 4916 ex-

259 4942 523 5010 positione
554 4944 824 5015 proposita
856 4947 1020 5000 multa
1048 4946 1273 5002 dicenda
1295 4956 1438 5003 sunt.

331 5030 397 5084 Et
417 5035 472 5087 in
490 5035 596 5105 lege
614 5038 728 5108 ejus
748 5037 1068 5092 meditabitur
1088 5039 1171 5094 die
1191 5056 1251 5093 ac
1269 5049 1433 5095 nocte.
1451 5039 1834 5098 lntendendum

256 5124 397 5192 quod
426 5129 662 5182 secundo
689 5128 815 5185 dicit
843 5147 856 5184 :
888 5128 953 5185 In
979 5131 1086 5203 lege
1109 5175 1123 5199 ,
1174 5148 1279 5188 non
1324 5134 1425 5190 sub
1451 5134 1598 5207 lege,
1628 5138 1749 5207 quia
1783 5139 1836 5194 in

257 5212 374 5285 lege
404 5215 507 5271 fuit
534 5219 624 5287 qui
650 5230 864 5289 peccata
887 5225 1224 5294 contempsit.
1252 5224 1460 5296 Reliqui
1488 5234 1669 5284 autem
1690 5244 1839 5285 mor-

255 5311 393 5367 tales
423 5312 619 5370 merito
657 5316 758 5371 sub
788 5317 904 5387 lege
934 5327 1096 5382 sunt,
1128 5318 1221 5388 qui
1251 5320 1463 5377 delictis
1492 5324 1838 5381 onerantibus

254 5401 607 5462 inclinantur.
663 5407 773 5463 Lex
827 5410 968 5463 enim
1000 5407 1196 5466 dicitur
1234 5426 1297 5465 ex
1346 5428 1410 5467 eo
1459 5414 1601 5484 quod
1630 5415 1839 5473 animos

255 5504 472 5578 nostros
517 5498 662 5569 liget,
710 5501 931 5572 suisque
979 5511 1156 5557 teneat
1202 5502 1461 5557 obnoxios
1507 5510 1835 5565 constitutis.

260 5586 463 5645 Verum
503 5592 591 5647 ille
620 5593 789 5664 legem
832 5611 935 5649 non
968 5596 1323 5651 meditabatur
1352 5596 1562 5667 litteris,
1594 5602 1685 5656 sed
1716 5616 1836 5657 san-

256 5683 444 5741 ctitate
490 5686 790 5758 propositi;
840 5687 978 5743 sicut
1018 5689 1072 5744 in
1123 5689 1394 5746 tricesimo
1436 5705 1578 5749 nono
1626 5694 1835 5763 psalmo

1945 3366 2179 3421 minasse
2209 3369 2523 3418 noscuntur.
2572 3358 2689 3413 Nox
2726 3366 2905 3413 autem
2950 3356 3090 3411 dicta
3118 3362 3243 3425 est,
3286 3367 3353 3411 eo
3377 3350 3520 3424 quod

1944 3466 2135 3518 noceat
2161 3455 2464 3527 aspectibus
2490 3453 2604 3510 sive
2630 3451 2930 3507 actionibus
2955 3449 3172 3508 nostris.

2018 3570 2174 3626 Vers.
2215 3568 2270 3623 ’5.
2306 3565 2375 3622 Et
2390 3566 2486 3620 erit
2501 3575 2740 3637 tanquam
2769 3565 2963 3635 lignum
2986 3563 3124 3635 quod
3144 3562 3428 3632 plumatum
3448 3566 3520 3616 est

1942 3679 2088 3720 secus
2118 3664 2359 3717 decursus
2376 3675 2647 3729 aquarum.
2680 3658 2811 3713 liinc
2827 3658 2936 3728 jam
2960 3655 3263 3727 prtedicitur
3286 3652 3519 3725 gloriosa

1944 3755 2127 3821 nimis,
2156 3753 2547 3825 singularisque
2572 3749 2833 3815 felicitas;
2864 3759 2920 3805 ut
2947 3749 3086 3803 sicut
3106 3748 3245 3802 actio
3274 3744 3517 3802 miranda

1945 3848 2219 3917 descripta
2239 3854 2342 3914 est,
2375 3845 2447 3900 ita
2469 3852 2524 3900 et
2548 3842 2664 3912 ejus
2688 3854 2937 3911 prospera
2968 3837 3247 3909 magniﬁca
3268 3836 3520 3891 similitu-

1945 3947 2070 4003 dine
2097 3946 2413 4003 referantur.
2444 3942 2589 3996 Bene
2614 3979 2631 4007 ,
2678 3946 2737 3994 ut
2762 3937 3026 4003 arbitror,
3070 3936 3210 4005 ligno
3247 3933 3518 3990 fructifera

1943 4047 2293 4109 comparatus
2320 4043 2404 4091 est
2431 4033 2686 4088 Dominus
2727 4029 2996 4094 Christus,
3046 4037 3264 4098 propter
3300 4039 3515 4081 crucem

1942 4144 2103 4199 quam
2132 4143 2228 4197 pro
2249 4126 2525 4181 hominum
2554 4122 2723 4177 salute
2747 4122 2996 4187 suscepit.
3026 4118 3159 4185 Quae
3187 4116 3379 4171 merito
3426 4116 3521 4183 lig-

1944 4235 2072 4275 num
2105 4219 2232 4273 vita
2259 4216 2475 4278 dicitur,
2508 4210 2720 4281 quando
2758 4219 2812 4265 et
2855 4210 2925 4264 ibi
2964 4207 3220 4279 Dominus
3249 4207 3517 4274 Christus,

1944 4311 2036 4383 qui
2077 4318 2159 4365 est
2188 4308 2295 4364 vita
2326 4314 2531 4372 nostra,
2564 4317 2857 4372 suspensus
2884 4308 3001 4368 est,
3033 4309 3091 4356 et
3117 4299 3311 4355 latroni
3342 4300 3394 4355 in
3425 4314 3519 4355 ea-

1943 4405 2066 4462 dem
2096 4401 2371 4459 conﬁtenti
2395 4400 2593 4455 dictum
2615 4405 2699 4453 est
2730 4414 2745 4451 :
2774 4396 2931 4450 Amen
2963 4396 3081 4449 dico
3108 4394 3217 4461 tibi,
3242 4392 3397 4449 hodie
3412 4409 3520 4449 me-

1944 4513 2058 4552 cum
2086 4498 2187 4551 eris
2213 4496 2264 4549 in
2285 4493 2523 4566 paradiso
2544 4490 2698 4561 (Luc.
2719 4504 2866 4552 unt,
2890 4488 3004 4557 45).
3029 4486 3269 4557 Denique
3288 4496 3343 4541 et
3364 4487 3520 4544 hodie

1947 4587 2121 4644 omnis
2154 4587 2206 4641 in
2235 4601 2297 4641 ea
2324 4583 2580 4649 credens,
2605 4589 2817 4636 aeternae
2840 4580 2962 4634 vitae
2988 4579 3127 4634 dona
3152 4579 3517 4648 consequitur.

1948 4680 2100 4745 Sive,
2131 4686 2187 4732 ut
2231 4675 2452 4731 historia
2480 4673 2645 4729 refert
2665 4713 2679 4736 ,
2716 4672 2914 4741 lignum
2945 4684 3129 4725 revera
3161 4670 3260 4723 fuit
3286 4669 3340 4725 in
3368 4684 3519 4739 para-

1948 4772 2067 4828 diso
2112 4768 2361 4838 perennis
2391 4767 2530 4830 vitae,
2567 4765 2611 4820 si
2652 4763 2979 4819 detestabilis
3028 4762 3383 4819 inobedientia
3414 4778 3517 4818 non

1945 4863 2153 4919 fuisset.
2183 4858 2333 4916 Unde
2350 4859 2491 4913 enim
2518 4870 2662 4911 mors
2680 4855 2954 4910 habuisset
2968 4854 3262 4921 introitum,
3281 4855 3328 4910 si
3349 4854 3517 4910 Adam

1946 4958 2302 5008 monstrasset
2352 4948 2653 5005 devotionis
2684 4945 2969 5001 affectum?
3016 4945 3151 5001 Hinc
3195 4946 3521 5003 sanctissimi

1945 5044 2134 5101 Patres
2163 5030 2476 5097 suavissima
2502 5040 2657 5094 mella
2682 5038 3029 5105 sudaverunt,
3054 5037 3292 5095 dicentes
3321 5056 3334 5092 :
3364 5038 3519 5094 Dedit

1944 5140 2289 5207 mandatum,
2328 5145 2388 5193 ut
2428 5134 2690 5193 inveniret
2730 5132 3041 5200 arbitrium;
3082 5132 3196 5189 ﬁxit
3225 5134 3395 5203 legem
3418 5174 3432 5200 ,
3462 5141 3519 5188 ut

1943 5233 2146 5290 faceret
2193 5230 2508 5287 cautiorem.
2551 5224 2656 5283 Sed
2706 5224 2798 5281 ille
2838 5225 3136 5295 improvide
3172 5237 3391 5283 secutus
3437 5232 3519 5282 est

1942 5326 2175 5390 hostem,
2195 5333 2252 5380 et
2274 5321 2562 5378 infeliciter
2580 5319 2700 5373 vita:
2740 5318 2955 5389 reliquit
2979 5330 3251 5375 auctorem
3282 5329 3331 5375 ι.
3363 5319 3514 5378 Tunc

1943 5418 2275 5477 lamentabili
2302 5423 2450 5471 sorte
2493 5413 2775 5484 deceptus,
2807 5411 2969 5469 vitam
2998 5424 3326 5483 perpetuam,
3354 5430 3513 5485 quam

1943 5522 2287 5583 possessurus
2315 5512 2432 5561 erat
2459 5503 2655 5571 amisit,
2700 5511 2757 5559 et
2795 5504 2853 5558 in
2897 5512 3145 5569 mortem,
3196 5518 3357 5574 quam
3402 5519 3509 5561 non

1944 5600 2196 5667 habebat,
2240 5596 2484 5653 incurrit.
2515 5594 2622 5651 Sed
2654 5603 2713 5649 ut
2749 5594 2818 5650 ad
2855 5603 3128 5661 conceptae
3155 5595 3519 5651 similitudinis

1943 5695 2193 5753 instituta
2214 5690 2529 5759 redeamus,
2557 5689 2702 5763 quod
2741 5688 2888 5760 dicit,
2911 5687 3203 5763 plantation
3226 5698 3322 5763 est,
3354 5687 3407 5746 id
3435 5695 3519 5746 est

333 5904 363 5941 ι
399 5894 528 5957 Mss.
553 5898 719 5970 Δηὼ,
761 5899 909 5971 Bec.,
948 5897 1116 5972 Pisc...
1155 5910 1204 5959 et
1242 5903 1441 5978 felicem
1479 5900 1681 5974 reliquit
1723 5899 1837 5960 vita:
1870 5908 2153 5963 auctorem.
