4016 6344
543 403 604 459 Si
1759 400 1826 454 Μ.
1868 394 2145 456 AURELII
2185 391 2582 454 CASSIODORI
3722 385 3791 444 δί

543 517 837 574 institutum
869 524 954 575 est
986 517 1183 589 lignum
1213 517 1386 574 crucis
1413 529 1440 571 a
1473 516 1606 583 Deo,
1636 514 1778 584 quod
1807 529 2018 584 semper
2051 514 2102 568 in
2132 517 2187 578 Α
2209 527 2325 566 rum
2355 509 2575 582 (Philip.
2612 524 2678 573 ιι,
2704 507 2782 578 9).
2817 506 2880 560 Et
2906 505 2956 560 in
3005 502 3322 576 Apocalypsi
3351 503 3573 560 Joannis
3603 503 3674 558 ita
3717 501 3792 591 le-

545 610 652 667 ﬁde
676 613 875 668 vireret
897 627 960 667 ae
979 620 1270 668 cresceret.
1305 611 1417 666 lloc
1448 611 1660 666 schema
1694 609 1942 679 parabola
1972 607 2107 662 diei-

545 710 650 768 tur,
683 703 733 757 id
762 712 844 758 est
867 718 1062 773 genere
1090 703 1424 758 dissimilium
1464 701 1812 772 comparatio.
1844 699 1936 756 Sic
1965 701 2110 754 enim

543 791 599 847 in
627 793 1073 863 subsequentibus
1101 801 1156 848 et
1183 794 1370 860 monti,
1401 801 1456 848 et
1485 792 1648 858 leoni,
1679 799 1735 848 et
1754 792 1925 847 vermi
1956 805 2110 846 com-

544 895 762 962 paratus
789 895 872 941 est
899 885 1166 941 Christus.

617 977 779 1034 Secus
821 981 1062 1033 decursus
1103 995 1369 1050 aquarum.
1405 980 1460 1035 In
1490 979 1912 1049 comparationis
1943 978 2112 1050 gratia

547 1078 868 1138 perseverat.
897 1069 1027 1124 Nam
1045 1067 1196 1126 ‘sicut
1224 1060 1495 1128 terreStris
1527 1087 1661 1142 aqua
1687 1071 1978 1144 decurrens
2003 1072 2114 1127 vita

545 1160 932 1229 estlignorum
959 1162 1264 1231 virentium,
1311 1164 1391 1219 sic
1439 1149 1574 1234 aqua
1617 1164 1872 1231 spiritalis
1908 1165 2116 1233 signum

547 1249 721 1303 crucis
749 1249 987 1316 inundat,
1035 1268 1154 1322 qua:
1193 1253 1338 1308 salus
1365 1268 1485 1308 esse
1514 1254 1746 1308 ﬁdelium
1779 1254 2120 1323 cognoscitur

548 1342 864 1396 animarum.
905 1344 1029 1399 Hice
1066 1360 1199 1417 ergo
1233 1360 1366 1415 aqua
1402 1345 1503 1417 14
1532 1355 1614 1400 est
1643 1345 1708 1401 de
1734 1361 1835 1416 qua
1862 1346 1914 1400 in
1946 1345 2122 1400 Evan-

545 1430 687 1498 gelio
715 1431 907 1488 dicitur
938 1451 952 1488 :
986 1434 1047 1490 Si
1075 1437 1236 1489 scires
1262 1437 1376 1506 quis
1400 1447 1472 1490 est
1501 1438 1586 1506 qui
1615 1453 1645 1490 a
1681 1447 1727 1490 te
1752 1454 1937 1504 aquam
1964 1439 2144 1508 petit,-

545 1523 754 1592 petisses
779 1524 841 1577 ab
871 1541 929 1578 eo
949 1567 964 1592 ,
1009 1537 1062 1580 ut
1093 1528 1234 1580 daret
1265 1530 1350 1581 tibi
1387 1545 1572 1598 aquam
1621 1530 1782 1583 eiram
1825 1527 2002 1601 (Joan.
2035 1545 2119 1596 Iv,

550 1612 663 1683 10),
681 1623 788 1669 etc.
807 1615 995 1685 Operae
1011 1622 1240 1687 pretium
1265 1627 1346 1674 est
1367 1635 1578 1689 quoque
1604 1621 1934 1690 perpendere
1955 1634 2122 1690 quare

547 1705 747 1760 dixerit
791 1721 807 1759 :
854 1724 998 1762 secus
1049 1711 1288 1765 decursus
1333 1728 1617 1782 aquarum;
1675 1714 1874 1767 scilicet
1925 1722 1981 1767 ut
2023 1725 2126 1768 nec

547 1795 711 1850 nimia
740 1797 1012 1854 inundatio
1040 1801 1238 1871 lignum
1269 1802 1506 1870 ltederet,
1538 1818 1638 1860 nec
1667 1805 1861 1860 iterum
1884 1804 2124 1874 irrigatio

548 1886 732 1953 procul
768 1891 1055 1945 constituta
1086 1893 1334 1948 siccaret.

619 1978 771 2034 Vcrs.
799 1982 853 2035 4.
895 1982 1046 2047 Quod
1074 1987 1297 2055 fructum
1332 2004 1478 2042 suum
1504 1989 1646 2045 dabit
1673 1990 1728 2043 in
1755 1999 1978 2061 tempore
2004 2007 2118 2045 suo.

551 2067 802 2126 Fructum
829 2075 966 2128 dabit
992 2117 1007 2142 ,
1055 2076 1104 2130 id
1153 2088 1234 2132 est
1265 2078 1532 2134 Eeclesias
1562 2083 1850 2137 constituet
1880 2091 2124 2152 tempore

549 2168 891 2234 competenti,
928 2169 1026 2223 hoc
1055 2178 1157 2239 est,
1191 2173 1401 2240 quando
1431 2173 1598 2227 beatae
1619 2175 2004 2229 incarnationis
2029 2191 2122 2230 sa-

547 2266 814 2312 cramenta
852 2260 1104 2328 suscepit.
1138 2261 1181 2315 Ο
1220 2262 1420 2318 fructus
1455 2265 1545 2318 ille
1577 2265 1834 2320 mirabilis
1859 2308 1874 2332 ,
1905 2268 1992 2336 qui
2024 2269 2124 2324 ltu-

547 2363 760 2404 manum
783 2365 952 2420 genus
990 2353 1297 2410 dulcissima
1344 2356 1660 2414 credulitate
1688 2360 1935 2414 satiavit!
1973 2360 2122 2417 Unde

548 2456 651 2496 non
675 2453 888 2511 gustare
917 2460 1141 2514 peccare
1170 2457 1280 2512 est;
1313 2459 1364 2503 et
1392 2450 1568 2518 potius
1591 2465 1756 2520 genus
1795 2461 1877 2506 est
1918 2467 2124 2521 prinva-

549 2533 822 2589 ricationis
849 2549 878 2588 a
907 2538 1038 2592 cibis
1063 2540 1258 2594 talibus
1283 2527 1570 2598 abstinere.
1613 2541 1841 2598 Fructus
1870 2547 2014 2600 enim
2043 2547 2124 2602 di-

548 2625 738 2680 citura
767 2627 1009 2683 fruendo.
1064 2630 1127 2684 Et
1157 2633 1447 2688 notandum
1479 2637 1600 2705 quia
1632 2637 1770 2689 dabit
1797 2637 1951 2704 dixit,
1983 2638 2122 2706 quod

547 2716 611 2770 ad
661 2718 1024 2774 rationabilem
1069 2736 1279 2777 sensum
1307 2766 1321 2791 ,
1373 2735 1427 2779 et
1469 2726 1535 2780 ad
1567 2725 1842 2782 offerentis
1889 2729 2126 2797 pertinet

549 2806 895 2864 voluntatem.
931 2811 1060 2865 Nam
1090 2813 1210 2868 licet
1231 2825 1285 2868 et
1311 2816 1415 2871 alia
1445 2817 1582 2885 ligna
1625 2829 1966 2888 erumpentes
1992 2819 2127 2875 infe-

555 2907 678 2954 rant
713 2901 948 2969 fructus,
983 2905 1082 2960 hoc
1130 2917 1275 2962 recte
1318 2910 1446 2966 dare
1486 2911 1679 2968 dicitur
1703 2953 1720 2980 ,
1752 2915 1873 2982 quia
1926 2923 2126 2970 acterna

548 2993 765 3058 praemia
795 2993 995 3050 donare
1023 3008 1370 3055 monstratur.

623 3081 772 3137 Vers.
807 3083 860 3136 5.
901 3084 970 3138 Et
999 3086 1175 3154 folium
1206 3091 1314 3158 ejus
1342 3109 1442 3145 non
1483 3094 1695 3150 decidet.
1743 3095 1802 3150 Id
1830 3105 1913 3152 est
1941 3111 2126 3153 sermo

551 3172 717 3240 ipsius
747 3176 893 3231 nullo
923 3192 1048 3232 casu
1070 3196 1099 3234 a
1127 3181 1348 3236 veritate
1375 3183 1637 3252 discedit,
1669 3186 1763 3242 sed
1794 3195 2042 3259 tanquam
2071 3189 2126 3244 in

2212 603 2356 672 gitur
2388 619 2400 654 :
2434 599 2503 655 Et
2548 601 2673 666 vidi,
2702 608 2748 654 et
2776 598 2950 652 audivi
2994 613 3163 652 vocem
3211 613 3452 668 magnam
3491 595 3794 667 angelorum

2213 697 2490 750 multorum
2510 696 2562 749 in
2589 694 2800 750 circuitu
2823 694 3011 758 throni,
3043 702 3088 748 et
3107 692 3407 747 animalium
3425 701 3471 747 et
3492 694 3751 747 seniorum
3772 708 3792 748 :

2215 797 2262 844 et
2288 798 2397 844 erat
2441 805 2674 843 numerus
2721 805 2893 842 eorum
2921 789 3058 842 dena
3085 787 3248 842 millia
3277 789 3523 843 denorum
3551 788 3791 850 millium,

2215 881 2380 935 millia
2422 881 2639 935 millium
2695 879 2969 933 dicentium
3016 895 3133 934 voce
3183 895 3371 950 magna
3411 893 3432 935 :
3464 877 3664 950 Dignus
3718 887 3793 935 est

2216 974 2387 1042 Agnus
2414 973 2500 1042 qui
2531 974 2721 1027 occisus
2751 981 2825 1026 est
2850 973 3081 1041 accipere
3106 973 3340 1027 virtutem
3362 1013 3378 1040 ,
3405 982 3452 1027 et
3475 974 3681 1028 divitias
3701 1015 3716 1040 ,
3747 981 3793 1028 et

2216 1069 2536 1142 sapientiam,
2566 1076 2612 1122 et
2643 1069 3010 1138 fortitudinem,
3038 1075 3088 1123 et
3117 1065 3395 1135 honorem,
3415 1075 3465 1122 et
3507 1069 3724 1139 gloriam
3746 1075 3795 1122 et

2219 1157 2636 1215 benedictionem.
2673 1159 2740 1214 Et
2768 1145 2967 1214 omnem
2997 1149 3304 1226 creaturam,
3335 1175 3449 1232 qua:
3474 1159 3545 1214 est
3570 1161 3622 1213 in
3645 1161 3792 1228 caelo,

2219 1261 2266 1307 et
2292 1253 2344 1306 in
2370 1261 2525 1319 terra,
2558 1262 2605 1306 et
2631 1259 2722 1307 sub
2750 1261 2905 1319 terra,
2934 1263 2981 1306 et
3013 1253 3067 1306 in
3093 1254 3244 1317 ntari,
3277 1261 3322 1306 et
3354 1269 3463 1320 qutc
3485 1262 3600 1306 sunt
3629 1253 3678 1307 in
3700 1253 3794 1320 eis,

2219 1344 2478 1397 universos
2515 1344 2684 1398 audivi
2709 1345 2929 1397 dicentes
2958 1359 2978 1398 :
3003 1344 3214 1398 Sedcnti
3245 1344 3296 1396 in
3324 1345 3524 1408 throno,
3559 1353 3605 1397 et
3626 1345 3810 1414 Agna,

2222 1435 2519 1500 benedictio,
2550 1444 2597 1488 et
2625 1434 2810 1503 honor,
2853 1443 2902 1488 et
2945 1435 3131 1508 gloria,
3173 1445 3218 1487 et
3259 1434 3481 1503 potentia
3521 1435 3573 1487 in
3614 1435 3800 1488 stecula

2221 1524 2541 1578 saeculorum.
2573 1522 2640 1577 Et
2680 1534 2896 1593 quatuor
2934 1525 3179 1578 animalia
3215 1525 3488 1580 dicebant:
3519 1527 3696 1580 Amen.
3733 1523 3800 1580 Et

2221 1615 2443 1674 seniores
2488 1616 2797 1684 ceciderunt,
2847 1627 2895 1671 et
2945 1620 3285 1672 adoraverunt
3331 1619 3514 1690 (Apoc.
3568 1635 3621 1685 v,
3655 1619 3716 1673 11
3752 1630 3806 1674 et.

2223 1710 2378 1779 seq.),'
2406 1715 2510 1768 etc;
2543 1711 2705 1765 Plena
2745 1721 2829 1766 est
2858 1727 3034 1766 rerum
3071 1711 3252 1766 talium
3283 1712 3555 1781 Scriptura
3599 1712 3802 1780 divina,

2227 1805 2477 1872 quoniam
2526 1804 2664 1857 sicut
2703 1800 2755 1856 iu
2795 1813 3064 1872 assumpto
3094 1818 3319 1873 corpore
3367 1804 3464 1858 fuit
3503 1804 3801 1870 humilitas,

2152 1891 2200 1952 B
2228 1895 2294 1949 ita
2317 1906 2398 1950 est
2427 1901 2544 1964 post
2575 1893 3021 1950 resurrectionem
3053 1894 3266 1949 Domini
3305 1893 3500 1952 Christi
3529 1894 3801 1950 declarata

2226 1989 2495 2056 majestas.
2522 1986 2671 2041 Nunc
2693 1987 2757 2040 ad
2787 1987 2991 2057 reliqua
3018 1987 3315 2043 veniamus.

2299 2080 2450 2135 Vers.
2484 2079 2536 2134 6.
2564 2078 2686 2132 Non
2713 2079 2786 2133 sic
2815 2079 2981 2149 impii,
3010 2095 3111 2134 non
3137 2081 3233 2134 sic.
3251 2078 3408 2134 Venit
3427 2077 3492 2133 ad
3516 2076 3809 2134 secundam

2226 2184 2467 2245 partem,
2496 2172 2586 2226 ubi
2641 2182 2902 2228 memorat
2945 2188 3064 2242 qua:
3092 2173 3240 2242 impii
3284 2188 3404 2228 cum
3437 2172 3808 2242 peccatoribus

2224 2264 2582 2329 sustinebunt,
2603 2272 2655 2318 ut
2677 2279 2862 2319 eorum
2883 2273 3033 2320 actus
3054 2265 3362 2334 refugiatur,
3389 2280 3615 2336 quorum
3640 2279 3804 2334 poena

2225 2357 2584 2426 cognoscitur.
2603 2355 2754 2423 Quod
2773 2355 2986 2412 schema
3009 2357 3198 2412 dicitur
3217 2359 3543 2427 paradigma.
3571 2357 3802 2414 Schema

2226 2463 2402 2504 autem
2451 2441 2531 2504 est
2561 2450 2723 2521 ﬁgura
2773 2451 3021 2506 dictionis
3052 2453 3103 2506 in
3134 2453 3324 2507 ordine
3361 2453 3647 2508 verborum
3675 2467 3799 2506 eum

2227 2541 2422 2596 decore
2451 2544 2778 2612 composita;
2808 2552 2890 2597 est
2920 2544 3060 2599 enim
3094 2544 3400 2612 paradigma
3440 2544 3674 2598 narratio
3709 2557 3811 2611 per

2228 2635 2492 2701 exempla,
2547 2637 2764 2689 hortans
2791 2633 3043 2703 aliquem,
3090 2643 3180 2690 aut
3224 2636 3522 2691 deterrens.
3562 2633 3814 2688 Invitavit

2228 2732 2404 2778 autem
2451 2739 2573 2779 eum
2621 2724 2792 2782 dixit:
2825 2723 3013 2780 Beatus
3041 2728 3136 2792 vir,
3185 2735 3241 2781 et
3275 2727 3513 2797 reliqua;
3547 2723 3814 2780 deterruit

2229 2827 2404 2871 autem
2429 2831 2549 2871 cum
2578 2817 2655 2870 ait
2685 2835 2696 2869 :
2725 2815 2845 2871 Non
2872 2817 2945 2871 sic
2970 2819 3137 2888 impii,
3165 2833 3268 2871 non
3292 2819 3384 2883 sic,
3405 2827 3508 2871 etc.
3537 2815 3818 2871 Efﬁcacis-

2230 2908 2424 2962 simum
2457 2908 2610 2976 plane
2649 2906 2907 2961 doctrinae
2938 2922 3104 2976 genus
3131 2947 3145 2971 ,
3173 2919 3226 2959 et
3257 2907 3484 2958 invitare
3509 2906 3813 2973 prOSperis,

2231 3008 2281 3053 ct
2310 3010 2512 3054 terrere
2541 2999 2858 3060 contrariis;
2889 3000 3024 3052 sicut
3071 3005 3124 3053 et
3175 2998 3330 3052 Pater
3376 2998 3702 3069 Augustinus
3754 3000 3817 3056 in

2232 3091 2380 3145 libris
2419 3091 2484 3144 de
2515 3090 2758 3144 Doctrina
2789 3089 3088 3145 Christiana
3133 3099 3394 3146 memorat
3437 3089 3622 3147 dicens
3666 3089 3812 3162 (Lib.

2231 3198 2308 3246 tv,
2363 3198 2478 3250 cap.
2512 3181 2570 3251 ι)
2605 3198 2618 3235 :
2653 3181 2822 3236 Debet
2871 3181 3028 3252 igitur
3070 3182 3367 3240 divinarum
3416 3184 3816 3255 Scripturarum

550 3265 740 3322 arbore
780 3269 969 3338 palma:
997 3269 1118 3326 folia
1147 3275 1415 3330 manentia
1445 3288 1589 3345 sunt,
1636 3278 1712 3332 ita
1741 3289 1796 3335 et
1825 3280 1929 3335 ista
1961 3283 2123 3337 inﬁxa
2155 3275 2200 3339 C
2233 3283 2487 3331 tractator
2510 3286 2561 3330 et
2591 3275 2801 3345 doctor,
2833 3276 3084 3333 defensor
3109 3287 3268 3334 rectm
3296 3279 3451 3347 ﬁdei,
3485 3294 3547 3334 ac
3572 3280 3817 3336 debella-

553 3361 760 3415 veritati
794 3371 818 3398 ιι
845 3365 1005 3419 certis
1035 3368 1477 3434 promissionibus
1505 3382 1874 3441 perseverant,
1913 3376 2054 3430 sicut
2077 3376 2130 3432 in

554 3449 840 3522 Evangelio
878 3455 1068 3526 legitur
1098 3476 1111 3511 :
1141 3459 1332 3514 Caelum
1371 3471 1418 3516 et
1463 3471 1597 3518 terra
1643 3467 1948 3533 transibunt,
1982 3468 2134 3521 verba

553 3554 722 3600 autem
758 3563 869 3604 mea
895 3567 997 3604 non
1026 3555 1351 3622 prteteribunt
1391 3555 1607 3625 (Matth.
1630 3573 1774 3625 xxw,
1811 3562 1921 3627 15).
1957 3561 2023 3616 Et
2048 3563 2133 3616 in-

558 3645 705 3692 tuere
735 3638 944 3696 Domini
994 3644 1153 3698 verba
1198 3645 1338 3700 foliis
1389 3647 1597 3703 arboris
1639 3661 1976 3720 comparata,
2009 3655 2134 3724 quia

555 3729 694 3786 sicut
712 3732 800 3786 illa
831 3733 1032 3792 fructus
1061 3745 1262 3807 tegunt,
1287 3740 1365 3795 sic
1397 3742 1783 3809 promissiones
1811 3760 1933 3801 suas
1955 3754 2012 3801 et
2031 3747 2134 3803 ista

561 3823 882 3878 custodiunt.
917 3826 1009 3880 liae
1053 3839 1176 3881 sunt
1200 3845 1353 3899 aqua:
1377 3832 1705 3904 spirituales,
1739 3834 1852 3890 haec
1885 3835 2010 3891 folia
2043 3852 2133 3892 sa-

559 3912 772 3980 lutaria,
795 3915 862 3970 de
879 3917 1067 3984 quibus
1085 3919 1136 3972 in
1157 3919 1481 3992 Apocalypsi
1497 3913 1942 3981 beatus'Joannes
1963 3927 2094 3983 dicit
2116 3945 2132 3985 :

558 3999 628 4055 Et
667 4005 882 4059 ostendit
913 4007 1036 4060 mitti
1069 4011 1261 4078 ﬂumen
1295 4028 1444 4082 aqua:
1467 4014 1590 4069 viva:
1626 4016 1986 4087 splendidum,
2021 4029 2134 4074 tan-

557 4109 710 4162 quam
755 4096 1076 4166 crystallum,
1121 4101 1292 4156 ea‘iens
1332 4103 1396 4156 de
1425 4103 1605 4158 throno
1640 4105 1733 4159 Dei
1774 4116 1822 4160 et
1866 4108 2033 4178 Agni;
2083 4111 2135 4162 in

558 4189 725 4242 ntedio
753 4191 932 4257 platea:
981 4195 1113 4263 ejus,
1141 4201 1190 4248 et
1217 4211 1280 4250 ca:
1305 4206 1514 4267 utraque
1541 4210 1683 4263 parte
1703 4200 1954 4270 fluminis,
1985 4203 2137 4255 arbo-

556 4295 663 4334 rem
689 4281 831 4346 uiue,
861 4299 974 4350 qua:
1004 4286 1126 4353 facit
1155 4290 1378 4356 fructum
1417 4292 1684 4346 duodecies
1704 4333 1719 4358 ,
1753 4293 1972 4364 singulis
1999 4304 2137 4348 men-

557 4371 695 4425 sibus
716 4372 931 4428 reddcns
953 4379 1172 4445 fructum
1192 4395 1372 4444 suum;
1405 4391 1449 4435 et
1479 4385 1606 4450 folia
1631 4385 1830 4438 arboris
1859 4386 1999 4439 illius
2021 4396 2136 4440 sunt

558 4461 626 4513 ad
646 4462 911 4516 sanitatem
939 4467 1166 4534 gentium
1185 4468 1428 4536 deputata
1459 4472 1642 4541 (Apoc.
1681 4489 1788 4528 χχιι
1810 4514 1824 4537 ,
1856 4476 1911 4540 1,
1944 4476 2025 4543 2).

627 4555 696 4611 Et
725 4559 896 4612 omnia
923 4574 1226 4632 quacunque
1265 4563 1418 4631 faciet
1459 4569 1908 4634 prosperabuntur.
1951 4567 2133 4637 Aptis-
2171 4619 2180 4622 _

2237 3378 2320 3425 tor
2347 3369 2564 3433 erroris,
2601 3377 2657 3424 et
2685 3369 2821 3424 bona
2851 3370 3066 3436 docere,
3098 3380 3150 3427 et
3174 3374 3313 3427 mala
3341 3371 3624 3428 dedocere.
3655 3372 3816 3440 Quod

2233 3461 2582 3518 institutionis
2617 3475 2786 3531 genus
2809 3470 2864 3517 et
2893 3462 2946 3516 in
2979 3462 3188 3518 decimo
3217 3470 3440 3534 quarto,
3473 3472 3528 3518 et
3556 3463 3610 3518 in
3647 3463 3814 3518 trice-

2235 3553 2374 3608 simo
2399 3559 2577 3616 sexto,
2608 3560 2662 3607 et
2682 3553 2734 3606 in
2755 3551 3051 3608 centesimo
3076 3553 3305 3619 decimo,
3337 3561 3393 3608 et
3422 3555 3474 3608 in
3505 3553 3812 3609 centesimo

2235 3644 2446 3701 decimo
2467 3653 2658 3700 octavo
2687 3645 2892 3714 psalmo
2915 3652 3164 3715 potenter
3185 3645 3518 3717 exsequitur,
3543 3654 3597 3700 ut
3619 3645 3820 3700 distiu-

2235 3740 2344 3795 etio
2373 3741 2442 3795 sit
2470 3738 2526 3794 in
2551 3741 2967 3796 comminatione
3004 3740 3284 3810 supplicii,
3316 3739 3628 3810 magnitudo
3666 3754 3818 3796 sem-

2236 3848 2332 3906 per
2374 3833 2427 3888 in
2470 3833 2724 3904 praemiis.
2755 3834 2890 3890 Dicit
2915 3848 3045 3904 ergo
3075 3854 3087 3888 :
3122 3833 3241 3888 Non
3272 3834 3344 3888 sic
3371 3834 3538 3903 impii,
3571 3849 3673 3886 non
3699 3834 3815 3898 sic,

2236 3925 2487 3996 quoniam
2513 3939 2618 3982 non
2649 3926 2752 3982 erit
2777 3926 2853 3982 sic
2880 3926 3075 3998 impiis,
3107 3937 3167 3982 ut
3201 3925 3448 3998 superius
3473 3925 3626 3982 dixit.
3659 3925 3723 3982 Et
3754 3934 3818 3982 ut

2237 4020 2584 4075 immobiliter
2613 4019 2889 4086 crederes,
2921 4020 3226 4077 ﬁrmitatem
3251 4020 3548 4091 negationis
3571 4018 3821 4075 iterando

2235 4114 2575 4169 monstravit.
2609 4112 2740 4168 Nam
2771 4116 2816 4168 si
2846 4113 3021 4168 locum
3047 4129 3232 4168 eorum
3255 4114 3532 4184 diligenter
3554 4111 3818 4181 inquiras,

2237 4205 2359 4260 audi
2391 4205 2772 4276 Apoealypsim
2821 4203 3042 4260 Joannis
3090 4204 3355 4260 dicentem
3389 4221 3402 4258 :
3437 4202 3505 4258 Et
3554 4201 3816 4267 diabolus,

2236 4297 2322 4362 qui
2359 4297 2628 4351 seducebat
2653 4311 2757 4360 eos,
2790 4295 2974 4350 missus
3003 4305 3076 4350 est
3112 4296 3165 4350 in
3193 4303 3429 4367 stagnum
3471 4294 3604 4364 ignis
3632 4303 3679 4348 ct
3707 4292 3823 4346 sul-

2238 4387 2435 4454 phuris,
2471 4386 2557 4438 ubi
2586 4386 2678 4440 illa
2704 4386 2859 4440 bestia
2900 4395 2949 4440 et
2978 4386 3454 4458 pseudopraplteta,
3489 4383 3630 4454 quod
3666 4383 3825 4439 vide-

2239 4478 2363 4534 licet
2384 4477 2450 4532 ad
2480 4493 2666 4533 omnes
2695 4478 2926 4548 pertinet
2957 4479 3175 4548 impios,
3213 4477 3574 4533 cruciabuntur
3602 4475 3711 4530 illic
3736 4475 3826 4532 die

2238 4585 2299 4623 ac
2324 4578 2470 4624 nocte
2493 4613 2508 4638 ,
2533 4569 2588 4624 in
2615 4569 2804 4624 uacula
2832 4573 3132 4627 circulorum
3165 4557 3348 4643 (Apoc.
3379 4587 3469 4638 xx,
3503 4569 3560 4636 9,
3593 4570 3704 4642 10).

557 4649 692 4704 sime
721 4657 906 4705 contra
933 4650 1062 4705 illud
1086 4653 1218 4706 Adae
1241 4656 1471 4723 ponitur,
1503 4656 1656 4726 cujus
1681 4656 1820 4712 facta
1846 4660 1999 4713 nobis
2029 4660 2126 4714 ad-
2160 4659 2216 4722 Ι)
2312 4664 2416 4719 Sed
2464 4673 2701 4735 tanquam
2748 4665 2912 4736 pulvis
2955 4682 3104 4737 quem
3151 4665 3357 4737 projicit
3408 4674 3586 4720 uentus
3620 4681 3651 4718 a
3685 4665 3826 4735 facie

559 4754 710 4796 versa
750 4750 1092 4812 pepererunt.
1123 4743 1254 4799 Nam
1286 4746 1425 4801 sicut
1457 4747 1714 4804 Dominus
1738 4749 1988 4806 Christus
2015 4751 2134 4807 dul-

558 4831 801 4886 cedinem
847 4835 1036 4889 salutis
1083 4835 1281 4890 mundo
1327 4839 1595 4905 praestitit,
1652 4840 1722 4894 ita
1756 4840 1851 4896 ille
1901 4841 2134 4899 humano

557 4925 738 4994 generi
788 4927 1194 4982 amaritudinem
1241 4930 1430 4984 mortis
1487 4931 1697 4987 inﬂixit.
1754 4933 1947 4990 Tribus
1998 4951 2131 5007 ergo

558 5010 728 5066 modis
774 5011 887 5065 haec
917 5013 1310 5080 praedicationis
1353 5016 1520 5071 forma
1549 5028 1854 5076 constructa
1901 5031 2003 5086 est,
2055 5025 2134 5079 di-

557 5101 726 5158 cendo
750 5102 875 5174 quid
895 5104 1161 5171 vitaverit,
1190 5107 1472 5164 referendo
1502 5111 1628 5179 quid
1656 5113 1846 5181 egerit,
1879 5116 2038 5169 tertio
2063 5115 2131 5171 ad

558 5211 713 5266 quem
746 5195 905 5251 ﬁnem
949 5199 1151 5254 fruetus
1177 5201 1290 5269 ipse
1317 5203 1641 5271 pervenerit.
1685 5207 1792 5261 Sed
1825 5207 1924 5264 hoc
1955 5211 2132 5267 brevi-

560 5298 640 5342 ter
665 5295 822 5358 atque
851 5291 1187 5348 mediocriter
1225 5295 1453 5364 positum
1481 5307 1565 5353 est
1597 5311 1810 5370 propter
1848 5303 2125 5359 humilita-

562 5385 666 5432 tem
705 5379 1046 5437 bumanitatis
1073 5396 1375 5456 assumptre.
1417 5389 1680 5446 Caeterum
1711 5394 1754 5448 si
1784 5398 2133 5467 magniﬁcen-

561 5469 684 5523 tiam
712 5471 835 5539 ejus
851 5473 982 5529 velis
1001 5475 1300 5542 advertere,
1330 5481 1452 5537 audi
1473 5486 1791 5552 Apostolum
1816 5488 2082 5545 dicentem
2113 5509 2126 5546 :

561 5557 778 5630 PrOpter
805 5567 940 5631 quod
967 5576 1014 5620 et
1042 5566 1178 5623 Deus
1203 5571 1350 5626 illum
1401 5575 1638 5630 exultavit
1664 5617 1680 5642 ,
1731 5589 1778 5632 et
1822 5580 2028 5634 donauit
2055 5582 2136 5636 illi

560 5668 743 5708 nomen
768 5658 905 5724 quod
924 5667 995 5712 est
1023 5677 1176 5728 super
1205 5680 1349 5718 omne
1371 5683 1584 5731 nomen;
1613 5679 1666 5722 ut
1687 5671 1738 5723 in
1769 5673 1978 5725 nomine
2005 5672 2134 5730 Jesu

565 5758 708 5798 omne
746 5761 875 5815 genu
895 5749 1148 5818 ﬂectatur,
1173 5755 1465 5822 caelestium,
1490 5759 1803 5811 terrestriim
1831 5769 1879 5813 et
1902 5761 2131 5832 inferno-

639 5886 666 5920 ι
701 5877 825 5938 Mss.
854 5881 1015 5954 Aud.,
1046 5884 1168 5942 Bec.
1200 5894 1255 5942 et
1294 5886 1457 5960 Fisc.,
1489 5889 1559 5946 ita
1584 5901 1630 5948 ct
1658 5891 1758 5948 ista
1786 5893 1837 5948 in
1873 5896 1980 5968 ﬁsa
2008 5899 2226 5962 veritate.

2245 4764 2413 4811 terrte.
2449 4756 2696 4827 Congrua
2722 4758 2881 4813 nimis
2920 4760 3056 4814 facta
3082 4759 3433 4829 comparatio.
3467 4757 3646 4813 Pulvis
3672 4760 3821 4814 enim

2244 4861 2328 4908 est
2355 4853 2608 4908 resolutio
2641 4862 2817 4909 teme.
2853 4854 2921 4908 Et
2954 4855 3080 4924 quia
3110 4853 3269 4908 homo
3296 4863 3574 4921 terrenus,
3605 4853 3825 4923 quando

2244 4943 2460 4998 inﬁatur
2477 4943 2780 4999 seductorio
2798 4952 2954 5000 vento
2975 4959 3035 4999 su
3045 4944 3261 5014 perbize,
3285 4945 3353 5001 de
3369 4944 3634 5001 soliditate
3659 4954 3824 5000 terra}

2245 5038 2534 5094 viventium
2581 5041 2730 5109 quasi
2775 5041 2949 5110 pulvis
2989 5039 3271 5110 abjicitur,
3301 5045 3425 5114 quia
3473 5059 3568 5099 sua
3601 5044 3821 5100 levitate

2244 5132 2310 5186 ad
2351 5133 2744 5188 ﬁrmamentum
2779 5134 3145 5191 mandatorum
3175 5151 3234 5192 se
3265 5148 3450 5194 tenere
3481 5154 3585 5194 non
3618 5139 3819 5209 potuit,

2236 5226 2430 5280 merito
2463 5227 2633 5296 pulvis
2662 5227 2878 5293 dicitur,
2907 5229 2997 5300 qui
3028 5237 3276 5302 tanquam
3314 5233 3609 5289 substantia
3639 5233 3821 5290 tenuis

2235 5315 2484 5370 vitiorum
2513 5315 2722 5372 ﬂatibus
2753 5321 3057 5376 ventilatur.
3103 5321 3209 5378 Sed
3251 5323 3388 5378 bane
3418 5325 3820 5380 damnationem

2237 5409 2602 5479 gravissimam
2646 5426 2752 5466 non
2784 5423 3031 5483 putemus
3063 5423 3341 5470 ventorum
3393 5417 3638 5473 ludibriis
3667 5432 3791 5472 com

2237 5507 2476 5565 paratam
2500 5542 2513 5565 ,
2550 5517 2666 5570 qua!
2689 5516 2910 5572 corpora
2945 5504 3097 5558 facile
3123 5504 3337 5560 mobilia
3371 5507 3423 5562 in
3465 5524 3622 5564 auras
3649 5511 3820 5566 tethe-

2236 5603 2358 5643 reas
2401 5589 2639 5660 ludivaga
2691 5594 3057 5661 compulsione
3089 5602 3463 5664 transponunt.
3517 5598 3614 5653 llic
3669 5600 3821 5658 enim

2237 5677 2542 5736 facilitatem
2568 5683 2892 5750 expulsionis
2919 5684 3033 5738 vult
3069 5687 3376 5758 ostendere,
3409 5704 3515 5745 non
3544 5692 3810 5746 acerbita-

2239 5779 2349 5828 tem
2373 5773 2699 5831 discriminis
2725 5775 2975 5848 lcvigare.
3003 5777 3187 5837 Facies
3212 5796 3340 5840 vero
3379 5792 3529 5841 terra:
3551 5785 3820 5860 signiﬁcat
