4016 6344
250 315 324 377 35
1261 295 1624 361 exposmo
1662 294 1727 354 1N
1766 292 1867 353 PSl

1970 288 2228 347 rsmun.
2268 287 2461 348 PSAL.
2501 286 2544 345 ι.
3440 280 3523 370 si

256 425 607 504 superﬁciem
636 420 862 489 telluris,
892 418 982 477 ubi
1015 430 1203 476 revera
1244 423 1422 487 potest
1442 413 1615 485 pulvis
1643 409 1845 468 tenuis-
1873 409 1930 469 Α
1953 401 2107 475 (Gen.
2140 398 2245 471 ιιι,
2275 401 2369 471 9)·ι
2393 414 2519 504 non
2546 398 2679 504 quia
2719 397 2951 504 Deusﬂin
2978 393 3230 501 paradiso
3242 407 3373 504 eum
3400 407 3521 454 esse

262 525 428 582 simus
460 517 723 575 insidere.
752 512 900 570 Hanc
921 510 1091 568 Graeci
1122 507 1460 579 epiphaniam
1483 511 1697 569 vocant,
1723 514 1842 569 quae

266 615 434 671 solam
473 608 862 681 longitudinem
894 616 946 661 et
973 602 1303 659 latitudinem
1330 598 1510 654 habet.
1546 595 1669 652 Haec
1699 592 1847 649 colo-

267 723 350 764 res
379 703 612 773 suscipit
634 701 847 755 diversa
876 696 1133 767 qualitate
1155 692 1432 748 distinctos
1465 707 1478 743 :
1511 688 1628 743 haec
1653 685 1844 757 proha-

274 810 351 855 tur
378 798 628 865 recipere
661 794 855 862 ﬁguras
898 789 1016 844 illas
1064 784 1401 857 geometricas
1442 780 1764 849 disciplinae;
1792 778 1847 833 in

276 905 333 946 ea
360 889 593 956 denique
625 886 785 943 datur
811 880 1070 950 conspici,
1093 876 1349 949 quidquid
1372 882 1547 945 potest
1571 870 1848 945 corporeis

281 984 435 1039 oculis
467 978 689 1036 intueri.
820 962 831 975 ’
1619 986 1625 993 ’

348 1072 497 1129 Vers.
526 1072 582 1123 7.
628 1067 759 1122 Ideo
779 1084 879 1121 non
900 1071 1168 1137 resurgunt
1188 1062 1336 1130 impii
1362 1062 1413 1115 in
1434 1060 1655 1130 judicio.
1692 1056 1852 1128 Impii

295 1174 403 1221 sunt
422 1166 503 1234 qui
525 1171 770 1218 sanctam
796 1159 1111 1215 Trinitatem
1135 1156 1447 1213 crudelitate
1470 1163 1496 1191 ιι
1518 1153 1711 1209 mentis
1732 1150 1852 1206 nul-

290 1254 483 1310 latenus
505 1253 854 1317 conﬁtentur,
879 1264 977 1305 nec
1012 1249 1218 1305 Veteris
1247 1257 1337 1302 aut
1363 1246 1494 1301 Novi
1525 1242 1853 1299 Testamenti

289 1361 469 1415 parere
518 1344 717 1414 regulis
743 1341 1120 1411 acquiescunt;
1152 1340 1256 1406 vel,
1303 1338 1441 1393 sicut
1469 1336 1599 1392 dicit
1624 1334 1853 1405 Aposto-

290 1439 405 1493 lus:
439 1437 537 1503 Qui
557 1436 714 1490 verbis
742 1436 1047 1503 conﬁtentur
1076 1431 1265 1499 Deum,
1295 1432 1442 1500 factis
1471 1438 1640 1484 autem
1669 1435 1854 1498 negant

296 1529 421 1599 (Tit.
449 1545 467 1583 ι
491 1569 506 1593 ,
532 1529 659 1597 16);
687 1534 738 1581 et
765 1525 818 1581 hi
846 1526 901 1579 in
933 1525 1123 1591 iudicio
1152 1540 1255 1577 non
1281 1532 1565 1592 resurgunt,
1592 1520 1714 1590 quia
1741 1520 1855 1588 jam

297 1637 392 1677 sua
407 1621 717 1677 inﬁdelitate
729 1620 955 1675 damnati
973 1629 1114 1685 sunt,
1136 1618 1190 1674 in
1211 1619 1506 1686 Evangelio
1526 1616 1733 1673 dicente
1753 1616 1856 1670 Do-

290 1715 460 1767 mino:
486 1712 592 1779 Qui
604 1720 877 1764 autemnon
902 1710 999 1781 15
1013 1710 1171 1765 credit
1189 1710 1241 1763 in
1258 1708 1417 1773 Filio,
1431 1712 1536 1779 jam
1549 1708 1857 1762 condemna-

1947 511 2053 551 non
2102 503 2347 559 noverat,
2393 486 2493 549 'sed
2538 480 2795 563 indignus
2842 491 3025 549 divina
3079 478 3410 562 cognitione,
3453 504 3521 548 eo

1945 588 2087 659 quod
2116 585 2374 642 ceciderit
2402 585 2725 655 increpatur.
2758 583 2827 661 Et
2870 584 2966 639 iter
3001 580 3291 655 impiorum
3316 580 3517 652 peribit.

1946 678 2077 735 Nam
2104 678 2242 733 sicut
2262 676 2539 732 beatorum
2568 676 2649 731 via
2672 682 2755 730 est
2778 674 3060 745 Dominus,
3084 674 3156 729 ita
3182 683 3520 743 peccatorum

1949 772 2050 827 iter
2068 768 2315 826 diabolus
2338 783 2458 825 esse
2479 769 2818 837 cognoscitur
2842 782 2858 820 :
2880 767 2970 837 qui
2991 766 3108 823 sine
3129 764 3290 821 dubio
3308 763 3524 834 peribit,

1950 861 2164 932 quando
2193 875 2313 916 cum
2346 858 2664 929 sequacibus
2702 859 2813 913 suis
2850 866 3051 913 mterna
3096 870 3254 927 paena
3298 855 3525 910 damna-

1949 953 2109 1009 bitur.
2152 951 2245 1005 Via
2272 952 2419 1006 enim
2448 941 2662 1015 dicitur,
2702 948 2842 1019 quod
2885 963 2979 1018 per
3010 963 3129 1003 eam
3162 946 3527 1017 unusquisque

1954 1041 2347 1097 transeuntium
2380 1038 2570 1094 viatur.
2620 1037 2747 1104 Iter,
2777 1037 2926 1108 quasi
2964 1037 3155 1092 iterum
3185 1045 3353 1100 actus,
3383 1033 3526 1105 quod

1957 1134 2163 1205 agendo
2190 1133 2433 1191 iteratur.
2468 1130 2622 1200 Quod
2646 1140 2823 1186 tamen
2854 1138 3133 1199 utrumque
3161 1141 3259 1199 pro
3283 1127 3525 1182 locorum

1957 1226 2298 1297 qualitatibus
2356 1224 2559 1294 reperis
2615 1237 2736 1278 esse
2791 1222 3078 1287 variatum;
3127 1234 3247 1275 nam
3287 1227 3342 1274 et
3388 1217 3530 1272 viam

1958 1328 2297 1390 peccatorum
2342 1318 2587 1387 superius
2625 1314 2781 1381 dixit,
2816 1324 2871 1369 et
2899 1313 3000 1368 iter
3035 1314 3089 1367 in
3127 1312 3268 1391 bono
3301 1309 3529 1379 positum

1956 1420 2055 1477 est,
2087 1411 2225 1466 sicut
2269 1410 2323 1464 in
2366 1409 2470 1464 alio
2500 1408 2703 1478 psalmo
2733 1406 2808 1461 ait
2838 1422 2852 1458 :
2882 1405 2950 1459 Et
2984 1404 3092 1458 illic
3118 1404 3213 1458 iter
3238 1410 3331 1469 est,
3356 1404 3409 1455 in
3432 1417 3530 1471 quo

1960 1502 2221 1557 ostendam
2246 1502 2325 1557 illi
2346 1500 2571 1555 salutare
2594 1500 2691 1554 Dei
2714 1497 2882 1570 (Psal.
2910 1513 3059 1562 rm,
3077 1494 3194 1567 25).
3219 1496 3234 1550 Ι
3244 1506 3347 1551 tem
3368 1493 3531 1549 Isaias

1958 1593 2219 1663 prepheta
2249 1592 2377 1648 dicit
2407 1610 2422 1648 :
2450 1590 2776 1660 Principium
2817 1590 2949 1645 Sion
2986 1590 3138 1654 dabo,
3164 1596 3211 1644 et
3247 1585 3534 1641 Jerusalem

1959 1683 2261 1739 consolabor
2288 1684 2343 1736 in
2376 1683 2552 1737 itinere
2574 1681 2727 1751 (lsai.
2755 1696 2865 1749 xu,
2894 1680 3010 1749 27).
3037 1678 3190 1735 Nunc
3217 1676 3285 1733 ad
3319 1676 3537 1734 conclu-

287 1815 363 1858 ωε
383 1814 455 1859 est
472 1771 712 1874 ιῗυοαη.
740 1818 818 1871 ιιι,
851 1771 1118 1871 Nam
1143 1801 1190 1857 si
1216 1771 1550 1871 adjudicium
1578 1814 1858 1869 resurgere
1890 1783 1938 1844 Β
1966 1774 2451 1874 δίοξηδβιυίῖάξίθω,
2474 1774 2747 1874 ⁵ΡθῩ“¹,ί¹“¹
2775 1774 3070 1874 Ϋθηίθωυδν
3106 1781 3163 1828 ιη
3189 1771 3345 1829 nobis
3374 1771 3534 1828 mlius

287 1904 469 1965 estpro
481 1894 598 1948 suis
622 1894 1085 1963 lactisquempiam
1108 1892 1333 1948 reddere
1360 1893 1641 1957 rationem,
1668 1891 1858 1947 merito

289 1990 355 2045 ιιι
376 1990 633 2044 dicuntur
658 1988 714 2042 in
740 1988 995 2056 judicium
1022 2002 1129 2043 non
1155 2002 1459 2058 resurgere,
1487 2002 1618 2056 quos
1635 1986 1860 2056 jamgco-

286 2079 553 2149 gnoscitur
569 2079 837 2135 sententia
850 2078 1028 2134 divina
1043 2079 1344 2135 damnasse.
1362 2081 1559 2135 Omnes
1579 2092 1861 2148 resurgere

287 2171 407 2227 ﬁdes
422 2170 690 2227 catholica
710 2171 1015 2235 conﬁtetur,
1032 2172 1171 2227 sicut
1190 2171 1316 2226 dicit
1337 2171 1652 2240 Apostolus:
1676 2170 1861 2225 Omnes

291 2276 603 2330 resurgemus
623 2300 639 2327 ,
662 2261 755 2315 sed
785 2276 886 2314 non
916 2276 1088 2315 ontnes
1128 2258 1507 2315 immutabimur
1531 2259 1586 2330 (Ι
1615 2260 1732 2316 Cor.
1758 2275 1824 2315 xv
1843 2301 1861 2327 ,

291 2353 393 2423 51).
424 2354 697 2423 Resurget
722 2353 863 2409 enim
900 2354 1094 2424 justus,
1142 2364 1199 2409 ut
1223 2354 1459 2423 judicet;
1505 2363 1772 2424 peccator,
1804 2363 1864 2411 ut

287 2447 572 2515 iudicetur;
616 2448 837 2517 impius,
867 2457 924 2502 ut
946 2448 1065 2504 sine
1090 2448 1290 2518 judicio
1321 2448 1587 2517 puniatur.

359 2540 535 2609 Neque
560 2550 854 2609 peccatores
890 2542 945 2594 in
981 2542 1191 2595 consilio
1230 2546 1512 2612 justorum.
1546 2540 1861 2597 Peccatores

299 2643 417 2688 sunt
460 2634 799 2703 professione
838 2634 1052 2704 quidem
1096 2633 1405 2704 Christiani,
1439 2635 1533 2690 sed
1569 2634 1865 2690 minoribus

304 2725 530 2793 peccatis
573 2726 810 2791 obnoxii,
844 2727 1037 2795 quibus
1078 2725 1341 2782 dominica
1385 2726 1541 2781 datur
1582 2728 1774 2795 oratio,
1808 2734 1866 2782 ut

297 2831 357 2872 se
382 2825 573 2871 exuant
600 2832 630 2871 a
658 2817 901 2883 delictis;
932 2817 1083 2887 impii
1110 2827 1285 2873 autem
1317 2826 1441 2872 sunt
1470 2816 1560 2886 qui
1586 2832 1740 2872 suum
1774 2832 1867 2873 ne-

296 2908 522 2963 scientes
557 2918 833 2963 auctorem
863 2908 1090 2964 diversis
1123 2908 1413 2963 sceleribus
1457 2908 1780 2976 polluuntur,
1810 2916 1868 2963 ut

296 2999 611 3069 blasphemi,
636 3000 1057 3070 impmnitcntes,
1085 3001 1319 3055 cultores
1340 3000 1623 3067 idolorum,
1648 3009 1701 3055 et
1724 3001 1867 3069 prin-

297 3092 551 3161 cipalibus
578 3093 722 3147 vitiis
753 3091 990 3162 obligati.
1019 3092 1354 3162 Quapropter
1383 3092 1487 3146 duo
1513 3099 1637 3146 sunt
1672 3106 1867 3161 genera

297 3184 631 3251 peccantium
666 3200 678 3237 2
711 3182 965 3252 primum,
997 3182 1137 3251 quod
1173 3182 1315 3237 nulla
1354 3179 1605 3251 placabili
1654 3181 1866 3236 satisfa-

296 3278 470 3331 cﬁone
493 3275 761 3343 completa
789 3283 1036 3330 remanet
1060 3275 1113 3329 in
1136 3273 1371 3340 delictis;
1396 3274 1536 3329 aliud
1558 3284 1641 3329 est
1664 3276 1748 3329 cui
1777 3290 1871 3344 per

298 3365 517 3435 gratiam
548 3365 910 3421 confessionis
939 3374 1153 3434 peccata
1174 3365 1460 3433 donantur,
1482 3366 1618 3421 sicut
1640 3366 1866 3436 legitur:

298 3454 438 3509 Beati
464 3472 684 3525 quarunt
705 3457 929 3511 remissio
950 3465 1069 3510 sunt
1099 3456 1409 3526 iniquitates,
1438 3464 1485 3509 ct
1507 3472 1724 3526 quorum
1742 3468 1874 3515 tecta

300 3557 409 3601 sunt
429 3556 643 3619 peccata
674 3548 849 3619 (Psal.
880 3564 1026 3614 xui,
1056 3549 1131 3619 1).
1162 3549 1218 3603 ιιι
1248 3562 1353 3617 quo
1382 3563 1606 3603 numero
1628 3559 1683 3603 et
1704 3554 1875 3609 sancti

298 3649 440 3705 sunt,
467 3637 593 3708 quia
624 3639 802 3693 nullus
830 3638 948 3693 sine
974 3647 1192 3707 peccato
1211 3647 1312 3705 est,
1338 3639 1474 3694 sicut
1502 3639 1689 3699 beatus
1709 3644 1874 3700 Joan-

298 3745 392 3787 nes
421 3732 704 3801 apostolus
731 3731 861 3788 dicit
892 3748 910 3791 :
936 3731 999 3789 Si
1028 3732 1303 3790 dixerimus
1340 3732 1463 3806 quia
1487 3745 1747 3808 peccatum
1774 3754 1877 3791 non

299 3824 561 3890 habemus,
600 3828 934 3895 nosmetipsos
973 3828 1281 3896 seducimus,
1331 3837 1379 3883 et
1419 3830 1602 3885 veritas
1639 3831 1693 3884 in
1731 3831 1877 3885 nobis

280 3931 397 3989 quon
426 3924 503 3970 est
532 3914 584 3986 (ι
613 3915 771 3973 Joan.
804 3934 843 3986 ι,
878 3918 953 3989 8).
1002 3920 1142 3990 Ergo
1186 3921 1255 3976 de
1302 3921 1394 3977 illo
1438 3922 1610 3991 primo
1654 3938 1877 3980 numero

302 4009 641 4076 peccantium
667 4010 795 4065 dicit
824 4013 912 4079 qui
942 4012 1084 4066 nulla
1114 4011 1326 4068 fuerunt
1353 4012 1497 4082 digni
1534 4015 1879 4071 miseratione

302 4096 519 4152 salvari.
546 4098 611 4153 Hi
636 4100 779 4155 enim
808 4114 927 4154 cum
946 4101 1108 4170 justis
1129 4103 1348 4157 minime
1372 4101 1705 4171 iudicabunt,
1737 4106 1877 4174 quod

301 4190 609 4258 evangelica
638 4203 768 4245 voce
796 4192 926 4247 solis
961 4191 1206 4248 ﬁdelibus
1248 4193 1359 4247 suis
1388 4192 1646 4247 Dominus
1668 4196 1719 4249 in
1743 4210 1879 4264 prte-

302 4278 467 4333 mium
500 4280 805 4349 pollicetur.
840 4282 911 4335 tn
948 4283 1162 4337 consilio
1209 4282 1368 4350 enim,
1404 4284 1453 4337 in
1492 4282 1691 4352 judicio
1729 4284 1875 4352 dicit,

302 4370 418 4438 quia
442 4383 610 4425 omne
630 4380 836 4427 rectum
860 4372 1118 4442 judicium
1149 4373 1201 4428 in
1230 4374 1452 4445 consilio
1471 4383 1571 4429 est.
1596 4374 1879 4430 Consilium

302 4461 444 4514 enim
478 4459 682 4516 dictum
709 4471 792 4517 est
817 4477 847 4517 a
874 4464 1225 4519 consulendo.
1263 4464 1395 4520 Nam
1430 4466 1672 4535 superius
1700 4469 1877 4524 consi-

301 4549 427 4606 lium
456 4550 746 4620 impiorum
771 4553 989 4610 abusive
1019 4556 1248 4625 positum
1276 4566 1358 4611 est
1383 4574 1395 4610 :
1421 4558 1669 4627 quoniam
1695 4568 1748 4615 et
1774 4559 1877 4629 ipsi

301 4650 493 4711 putant
520 4644 824 4710 consulere,
847 4648 1090 4716 quamvis
1112 4658 1503 4717 cognoscantur
1530 4663 1880 4721 unamquam-

302 4746 405 4801 que
436 4747 553 4789 rem
582 4735 741 4789 noxia
765 4735 864 4791 sibi
887 4737 1280 4794 machinatione
1310 4746 1555 4795 tractare.

375 4823 531 4881 Vers.
561 4828 616 4881 8.
652 4827 905 4893 Quoniam
928 4830 1063 4883 navit
1092 4829 1342 4885 Dominus
1370 4832 1502 4885 viam
1520 4835 1798 4902 justorum,
1833 4844 1881 4889 et

303 4916 395 4969 iter
420 4917 697 4984 impiorum
727 4919 931 4989 peribit.
974 4921 1241 4977 Bonorum
1270 4922 1401 4976 viam
1439 4922 1574 4978 dixit
1602 4921 1879 4979 Dominum

303 5023 484 5072 nosse;
510 5009 606 5063 iter
635 5020 812 5065 autem
853 5012 1127 5082 impiorum
1174 5015 1340 5084 perire
1381 5016 1660 5071 conﬁrmat
1691 5018 1877 5086 :quasi

303 5097 563 5156 Dominus
594 5109 879 5172 utrumque
923 5118 1028 5159 non
1078 5107 1307 5161 noverit.
1351 5105 1456 5162 Sed
1484 5107 1771 5177 allegorice
1797 5108 1879 5164 di-

300 5199 445 5246 ctum
476 5201 580 5256 est.
614 5202 671 5248 ut
702 5192 804 5250 hoc
829 5196 962 5251 sciat
990 5196 1273 5265 Dominus,
1301 5199 1441 5268 quod
1470 5198 1522 5253 in
1552 5199 1879 5257 beatitudine

303 5282 681 5347 permanebit:
713 5283 813 5338 hoc
852 5287 1058 5341 nesciat
1098 5288 1241 5357 quod
1280 5288 1488 5356 peribit.
1527 5289 1658 5345 Nam
1682 5300 1735 5347 et
1764 5292 1879 5361 ipse

301 5371 549 5427 dicturus
576 5380 660 5428 est
687 5373 742 5429 in
764 5374 966 5444 judicio
1001 5390 1099 5432 suo
1140 5379 1505 5445 peccatoribus
1534 5399 1546 5434 :
1576 5380 1764 5436 Nescio
1792 5398 1877 5439 vos

301 5462 518 5530 (Matth.
542 5481 668 5532 xxv,
703 5466 813 5538 12).
846 5468 998 5535 Quod
1040 5467 1087 5523 si
1130 5468 1235 5525 hoc
1280 5470 1346 5525 ad
1376 5472 1608 5529 litteram
1636 5475 1766 5530 velis
1792 5475 1886 5531 ad-

300 5566 539 5622 vertere,
569 5558 838 5626 quomodo
868 5558 1115 5629 ignorare
1157 5561 1355 5631 poterit
1381 5580 1513 5633 quos
1538 5566 1771 5620 ereavit?
1796 5567 1886 5622 Sic

301 5659 356 5704 et
399 5651 531 5707 Acta:
575 5651 786 5708 locutus
823 5662 905 5708 est
951 5664 1067 5723 post
1110 5664 1384 5723 peccatum
1417 5674 1427 5707 :
1464 5655 1563 5710 Ubi
1607 5673 1679 5727 es,
1722 5659 1884 5716 Adam

372 5798 404 5827 ³
442 5784 572 5845 Mss.
606 5789 768 5859 Aud.,
799 5789 922 5852 Dec.
952 5798 1006 5847 et
1035 5790 1198 5853 Περ..
1233 5791 1548 5847 credulitate.

1899 4514 1954 4578 D

1961 1866 2150 1936 psalmi
2178 1863 2542 1936 pulcherrima
2564 1864 2726 1920 iacies
2748 1864 3036 1920 elucescat.

2503 1975 2772 2031 Conclusio
2801 1975 3005 2047 psalmi.

2032 2090 2199 2146 Totus
2243 2088 2330 2145 hic
2372 2088 2610 2158 psalmus
2642 2088 2708 2143 ad
2749 2088 3004 2144 moralem
3038 2086 3267 2158 pertinet
3297 2087 3536 2159 discipli-

1967 2200 2115 2253 nam,
2146 2186 2213 2241 de
2240 2200 2345 2256 quo
2374 2195 2427 2241 et
2454 2186 2622 2241 bonus
2647 2185 2921 2252 imbuitur,
2942 2195 2995 2241 et
3027 2196 3360 2253 peccatorum
3389 2202 3541 2243 mens

1968 2276 2231 2332 scelerata
2256 2285 2508 2333 terretur.
2542 2276 2651 2332 Nec
2680 2285 2831 2333 vacat
2850 2277 2991 2347 quod
3022 2278 3274 2333 Dominus
3296 2276 3540 2335 Christus

1964 2378 2047 2425 est
2077 2371 2282 2440 positus
2313 2371 2364 2425 in
2398 2370 2659 2440 principio
2704 2385 3070 2426 numerorum.
3113 2372 3301 2427 Unitas
3344 2374 3541 2444 quippe

1963 2461 2237 2531 specialis,
2269 2462 2496 2531 simplex
2540 2471 2697 2531 atque
2728 2461 2959 2531 perlecta
2987 2469 3088 2530 est,
3118 2461 3313 2518 nullius
3340 2462 3541 2533 indiga,

1966 2554 2019 2608 in
2051 2554 2225 2624 seipsa
2268 2555 2577 2624 perenniter
2606 2567 2831 2609 manens
2861 2570 2873 2605 :
2901 2568 2931 2607 a
2951 2568 3058 2623 quo
3086 2552 3233 2608 fonte
3260 2554 3543 2609 multitudo

1966 2661 2308 2701 numerorum
2336 2646 2413 2701 sic
2442 2646 2735 2717 egreditur,
2768 2654 2825 2701 ut
2853 2645 2920 2700 ad
2951 2660 3068 2700 eam
3094 2659 3328 2715 semper,
3353 2661 3539 2717 quam-

1966 2738 2048 2792 vis
2076 2738 2445 2807 multiplicata,
2486 2746 2776 2793 revocetur
2805 2754 2819 2793 :
2844 2738 2958 2792 sine
2980 2753 3084 2807 qua
3118 2738 3421 2806 supputatio
3446 2752 3543 2792 nec

1971 2828 2226 2884 inchoare
2273 2829 2560 2897 quidquam
2608 2827 2883 2898 praevalet,
2932 2842 3031 2882 nec
3074 2828 3308 2896 prodire.
3356 2827 3544 2883 Merito

1968 2934 2095 2989 ergo
2141 2921 2193 2974 in
2245 2919 2346 2974 hoc
2393 2918 2546 2972 initio
2594 2917 2779 2972 calculi
2823 2917 3040 2987 ponitur
3081 2916 3325 2973 Christus
3350 2906 3541 2986 :'quia,

1968 3009 2109 3064 sicut
2131 3010 2259 3065 dicit
2281 3009 2569 3079 Apostolus
2600 3026 2612 3061 :
2643 3007 2727 3062 Ea:
2753 3009 2863 3079 ipso
2902 3009 3055 3075 enim,
3077 3015 3126 3061 et
3157 3025 3249 3079 per
3280 3011 3469 3079 ipsum,
3497 3018 3545 3064 et

1971 3102 2025 3155 in
2054 3102 2165 3169 ipso
2193 3110 2311 3155 sunt
2353 3101 2521 3155 omnia
2562 3099 2738 3171 (Rom.
2778 3115 2852 3168 χι,
2898 3099 3007 3169 56).
3052 3099 3201 3153 Hanc
3234 3099 3544 3155 Trinitatem

1974 3193 2146 3248 Graeci
2188 3192 2471 3248 monadem
2506 3201 2719 3246 vocant.
2750 3191 2882 3247 Nam
2910 3192 2954 3246 si
2996 3192 3344 3261 incorporalis
3366 3201 3418 3248 et
3444 3193 3546 3249 im-

1974 3286 2243 3341 mutabilis
2284 3296 2369 3341 est
2403 3285 2721 3351 substantia,
2766 3285 3078 3354 intelligitur
3099 3285 3266 3353 Deus;
3298 3286 3343 3342 si
3372 3287 3547 3342 incor-

1973 3377 2172 3446 poralis
2224 3387 2277 3431 et
2325 3376 2617 3442 mutabilis,
2656 3375 2969 3446 intelligitur
3006 3376 3215 3443 anima;
3260 3379 3305 3433 si
3339 3392 3466 3434 vero
3492 3388 3547 3435 et

1974 3469 2265 3538 corporalis
2303 3478 2358 3523 et
2397 3469 2690 3534 mutabilis,
2717 3469 3028 3539 intelligitur
3055 3484 3267 3538 corpus.
3296 3471 3396 3527 Ista
3420 3486 3547 3541 ergo

1975 3574 2160 3615 monas
2191 3559 2283 3614 tali
2320 3560 2709 3628 complexione,
2744 3560 2881 3615 sicut
2912 3558 3109 3615 dictum
3147 3570 3248 3628 est,
3279 3562 3345 3617 ab
3384 3563 3549 3620 arith-

1977 3653 2184 3709 meticis
2210 3654 2523 3722 explicatur.
2549 3652 2813 3707 Memento
2832 3661 3010 3708 autem
3036 3653 3174 3722 quod
3193 3667 3400 3719 monas,
3423 3653 3550 3709 licet

1976 3744 2095 3799 fons
2123 3753 2284 3813 atque
2326 3743 2536 3798 initium
2559 3745 2766 3799 numeri
2796 3758 2917 3798 esse
2944 3743 3204 3812 videatur,
3232 3744 3345 3814 ipsa
3372 3753 3549 3800 tamen

1976 3848 2081 3888 non
2112 3841 2286 3904 potest
2314 3847 2567 3888 numerus
2589 3832 2714 3888 dici.
2746 3832 3013 3901 Quidquid
3043 3832 3184 3889 enim
3215 3834 3282 3888 ab
3309 3848 3413 3889 uno
3434 3834 3551 3904 plus

1976 3933 2080 3992 est,
2109 3926 2245 3979 sicut
2268 3924 2342 3978 ait
2362 3924 2737 3990 Nicomachus,
2760 3925 2869 3994 jam
2894 3925 2951 3978 ﬁt
2979 3926 3326 3981 mimerahile.
3357 3926 3552 3982 Nume-

1978 4032 2067 4071 rus
2099 4017 2238 4071 enim
2272 4026 2353 4071 est
2378 4016 2596 4071 unitatis
2638 4016 2905 4083 collectio,
2936 4018 3019 4071 vel
3067 4018 3375 4086 quantitatis
3402 4033 3551 4074 acer-

1977 4121 2076 4162 vus
2118 4122 2182 4161 ex
2213 4107 2503 4161 unitatibus
2545 4107 2813 4174 profusus.
2846 4107 2958 4161 Iloc
2993 4108 3134 4162 enim
3160 4108 3299 4176 quod
3326 4108 3548 4165 dicimus

1979 4196 2210 4250 nominis
2236 4210 2447 4265 quoque
2484 4196 2651 4265 ipsius
2690 4195 2991 4251 declaratur
3038 4195 3255 4252 indicio.
3289 4197 3551 4255 Numerus

1978 4286 2174 4355 quippe
2220 4302 2249 4338 a
2295 4286 2675 4342 numerositate
2724 4294 2941 4343 vocatus
2982 4296 3083 4343 cst.
3114 4289 3241 4356 Quae
3275 4288 3553 4361 disciplina

1980 4391 2077 4430 nec
2121 4390 2150 4430 a
2193 4375 2437 4431 Patribus
2480 4377 2677 4431 nostris
2723 4378 3029 4447 przecipitur
3078 4381 3421 4451 negligenda;
3474 4395 3555 4439 est

1980 4470 2121 4524 enim
2149 4482 2311 4522 verax
2340 4476 2395 4523 et
2434 4467 2806 4535 immutabilis,
2836 4478 2889 4525 et
2928 4485 3025 4538 per
3063 4486 3251 4528 omnes
3285 4482 3557 4543 creaturas

1984 4576 2078 4628 pro
2107 4559 2322 4614 modulo
2351 4575 2461 4615 suae
2510 4561 2821 4630 quantitatis
2856 4561 3042 4617 eﬁusa.
3093 4563 3309 4633 Legitur
3334 4565 3475 4619 enim
3503 4566 3555 4619 in

1981 4650 2317 4707 Salomone:
2353 4649 2539 4703 Omnia
2588 4652 2639 4705 in
2683 4667 2943 4721 mensura,
2992 4669 3198 4707 numero
3245 4663 3291 4707 et
3338 4654 3558 4723 pondere

1983 4742 2138 4814 (Sap.
2170 4758 2247 4809 xi,
2279 4741 2372 4813 21)
2407 4736 2574 4798 Deum
2618 4743 2831 4800 iecisse.
2879 4744 3009 4798 Illud
3032 4745 3193 4800 etiam
3222 4745 3450 4802 arbitror
3480 4748 3559 4803 in-

1983 4833 2261 4898 tuendum,
2312 4833 2453 4902 quod
2501 4832 2735 4889 mirabili
2780 4834 3127 4902 dispositione
3174 4837 3559 4908 consequentia

1982 4934 2174 4981 cuncta
2203 4926 2589 4982 conscendant.
2634 4928 2688 4980 ln
2728 4928 2899 4995 primo
2925 4926 3183 4996 siquidem
3218 4930 3420 4997 psalmo
3451 4931 3559 4985 Do-

1988 5018 2117 5071 mini
2158 5016 2357 5071 Christi
2391 5017 2622 5072 carnalis
2652 5018 2755 5071 vita
2785 5017 3137 5085 describitur;
3168 5018 3360 5077 deinde
3386 5024 3532 5078 omni

1986 5118 2177 5176 potens
2209 5117 2395 5162 natura
2422 5108 2637 5162 deitatis
2663 5110 2778 5176 ejus
2808 5109 3073 5165 subtiliter
3116 5111 3398 5168 indicatur.
3428 5113 3561 5170 Ter--

1989 5203 2062 5253 tio
2103 5201 2481 5269 multiplicatos
2527 5198 2659 5253 dicit
2708 5202 2955 5271 populos,
2987 5205 3076 5273 qui
3106 5219 3226 5260 eum
3258 5205 3561 5264 nitebantur

1987 5292 2354 5360 exstinguere;
2381 5289 2575 5345 deinde
2596 5298 2799 5361 septem
2827 5295 3195 5362 pmnitentium
3222 5297 3409 5365 psalmi
3429 5297 3560 5355 ﬁde-

1988 5384 2115 5441 lium
2160 5384 2323 5438 corda
2368 5382 2684 5452 puriﬁcaut';
2727 5395 2909 5455 postea
2950 5387 3218 5457 parabolis
3252 5397 3307 5445 et
3342 5393 3561 5461 trOpicis

1989 5476 2342 5533 allusionibus
2388 5476 2720 5548 subsequens
2766 5478 2948 5533 drama
3000 5480 3336 5551 decurritur,
3372 5492 3425 5539 et
3467 5501 3561 5555 per

1988 5569 2299 5638 allegoricas
2339 5569 2722 5625 similitudines
2767 5586 2903 5639 pene
2944 5576 3119 5628 omnia
3162 5575 3463 5632 referuntur
3491 5579 3557 5633 ad

1988 5662 2319 5719 Salvatorcm
2363 5662 2669 5730 Dominum,
2712 5663 2853 5734 quod
2899 5665 3007 5721 suis
3050 5667 3180 5723 locis
3222 5682 3561 5727 commonere

2057 5794 2083 5835 δ
2124 5797 2248 5857 Mss.
2279 5798 2447 5868 Autl.,
2482 5800 2605 5857 Dec.
2639 5808 2690 5857 et
2720 5798 2883 5873 Fisc.,
2904 5804 3020 5873 jam
3044 5805 3307 5876 judicatus
3337 5818 3428 5866 est.
