4064 6360
545 360 613 415 55
1765 387 1838 444 Μ.
1875 387 2154 446 AURELlI
2191 390 2585 453 CASSlODORl
3747 421 3816 479 36

542 488 863 551 curabimus.
890 488 1017 550 Post
1045 492 1159 554 haec
1196 495 1381 557 laudes
1409 498 1610 560 Christi
1637 501 1851 561 Domini
1881 506 2113 565 mirabili
2144 509 2192 570 Α
2220 520 2337 579 pter
2361 515 2660 582 paSsionem
2689 516 2906 577 Christi.
2949 522 3196 584 Secundo
3233 528 3395 588 verba
3423 539 3554 590 sunt
3579 533 3813 596 demen-

542 581 796 639 varietate
823 585 1079 656 propheta
1104 591 1504 664 concelebraris,
1539 611 1706 667 usque
1732 599 1799 653 ad
1824 599 1981 655 finem
2007 616 2114 658 non

2226 604 2354 660 tium
2382 607 2705 667 Judaeornm.
2733 613 2911 672 Tertio
2940 619 3079 676 dicta
3115 631 3236 679 sunt
3263 625 3473 684 Domini
3505 627 3812 693 Salvatoris

539 672 738 730 desinit
782 675 899 747 ejus
947 683 1213 748 praeconia
1257 685 1554 741 sanctitatis
1581 687 1812 744 edicere.
1844 689 1933 747 Sic
1956 693 2116 763 igitur
2219 697 2286 754 de
2307 702 2656 771 omnipotenti
2687 722 2852 778 regno
2898 721 2952 766 et
2979 712 3047 768 de
3076 713 3419 772 inenarrabili
3448 725 3811 792 generatione

541 768 782 792 ηεηω,
818 769 881 792 Δ,
911 771 1019 792 ._-_
1054 775 1243 792 __-.,.,
1329 790 1340 792 -
1492 786 1503 792 -
1700 779 1712 792 .
1809 780 1824 792 .

2459 768 2470 771 _
2747 768 2774 778 ν
3448 768 3805 792 οων-..νην

541 768 785 824 universa
815 769 884 826 de
909 771 1025 842 ipso
1053 775 1254 844 prolata
1281 786 1596 847 noscuntur,
1629 779 1781 851 cujus
1809 780 1924 840 hinc
1953 797 2112 842 causa
2216 804 2312 846 sua
2336 832 2352 856 ,
2409 806 2663 864 quantum
2721 808 2895 869 potest
2950 805 3184 874 parvitas
3234 807 3468 866 humana
3536 816 3805 886 recipere.

538 871 784 934 suscepta
813 875 959 924 sunt.

689 993 1052 1058 EXPOSITIO
1089 999 1158 1058 ΙΝ
1195 1000 1519 1064 PSALMUM
1559 1004 1944 1069 SECUNDUM.

1086 1113 1329 1173 Psalmus
1359 1119 1542 1176 David.

599 1220 852 1287 Quamvis
881 1224 934 1280 in
965 1226 1282 1298 quibusdam
1314 1231 1591 1290 codicibus
1617 1251 1715 1292 nec
1743 1239 1843 1296 iste
1870 1241 2105 1312 psalmus

527 1309 724 1367 habere
752 1313 963 1369 titulum
989 1319 1383 1388 comprobetur,
1409 1333 1627 1395 propter
1645 1330 1783 1398 quod
1809 1309 2101 1392 invAetibus

522 1403 886 1471 apostolorum
919 1406 1130 1479 legitur,
1161 1410 1301 1466 sicut
1350 1415 1401 1468 in
1451 1417 1622 1485 primo
1659 1422 1862 1490 psalmo
1901 1423 2099 1483 dictum

523 1503 606 1549 est
637 1511 652 1550 :
685 1497 857 1561 Quare
889 1503 1207 1568 fremuerunt
1251 1515 1442 1577 gentes,
1475 1519 1580 1565 etc.
1625 1527 1639 1564 :
1679 1521 1855 1569 tamen
1891 1517 1935 1572 si
1979 1518 2100 1574 (lili-

519 1595 708 1655 genter
739 1590 1004 1658 intendas,
1033 1609 1140 1650 non
1167 1597 1380 1654 videtur
1408 1616 1530 1658 esse
1559 1607 1906 1664 contrarium.
1959 1611 2096 1666 Dici-

519 1687 606 1734 tur
629 1681 772 1736 enim
804 1682 856 1737 in
889 1685 1060 1768 primo
1101 1689 1308 1758 psalmo
1357 1699 1607 1764 positum,
1641 1702 1734 1754 sed
1763 1702 1852 1770 qui
1887 1718 1986 1774 per
2015 1707 2096 1760 in-

517 1771 860 1842 scriptionem
884 1760 1015 1832 tituli
1046 1781 1250 1848 primus
1272 1760 1544 1845 habendus
1573 1760 1681 1858 est;
1704 1760 1793 1848 est
1807 1760 1950 1850 enim
1981 1797 2094 1867 ipse

518 1864 626 1934 16
653 1872 812 1935 atque
841 1867 980 1922 idem
1005 1873 1267 1930 secundus
1292 1875 1344 1931 in
1371 1867 1577 1945 ordine,
1608 1884 1811 1950 primus
1838 1887 1891 1941 in
1918 1864 2086 1946 titulo.

515 1954 632 2018 Quo
658 1957 906 2026 exemplo
929 1963 1318 2033 quamplurima
1347 1967 1486 2024 dicta
1518 1982 1660 2038 sunt,
1691 1990 1810 2044 qua:
1834 1991 1953 2032 cum
1986 1981 2088 2036 sibi

511 2043 579 2100 ad
625 2045 857 2105 litteram
901 2051 1230 2124 discrepent,
1268 2057 1576 2132 diligentius
1615 2066 1886 2139 inquisita,
1923 2089 2085 2129 unum

511 2150 632 2192 esse
657 2148 1045 2212 monstrantur,
1077 2155 1134 2201 ut
1154 2159 1235 2204 est
1270 2141 1336 2206 de
1369 2156 1651 2212 concordia
1682 2160 2086 2233 Evangeliorum

510 2240 731 2299 campus
755 2233 846 2291 ille
875 2235 1186 2298 latissimus.
1212 2243 1546 2317 Quapmpter
1574 2249 1932 2311 Ecclesiarum
1957 2275 2087 2314 cun-

505 2326 714 2378 ctarum
759 2325 1019 2394 probabili
1066 2345 1167 2387 usu
1207 2345 1479 2406 receptum
1523 2349 1625 2408 est,
1660 2355 1718 2399 ut
1752 2345 1874 2403 hinc
1915 2351 2084 2420 magis

504 2407 727 2483 incipiat
753 2417 1036 2476 exordium
1078 2424 1376 2495 titulorum,
1409 2407 1622 2500 quando
1655 2435 1869 2495 inchoat
1906 2441 1974 2496 ab

502 2506 811 2574 crepatione
851 2511 1180 2572 Judmorum.
1221 2519 1289 2576 Et
1330 2521 1452 2578 ideo
1497 2539 1831 2598 consequens
1861 2531 1958 2588 iuit
1987 2535 2082 2589 ha-

504 2593 632 2653 bere
671 2612 885 2658 causam
927 2605 1138 2663 titulum
1173 2624 1349 2678 suum,
1383 2618 1632 2684 quoniam
1665 2636 1694 2675 a
1728 2623 1902 2692 priore
1933 2635 2078 2684 textu

500 2689 738 2752 noscitur
765 2705 1063 2766 segregata.
1097 2700 1202 2757 Sed
1247 2707 1498 2774 quoniam
1547 2689 1745 2769 dictum
1786 2725 1868 2773 est
1910 2736 2078 2789 quare

499 2777 712 2836 titulum
741 2787 1009 2856 receperit
1035 2789 1135 2852 ista
1163 2791 1374 2866 divisio,
1405 2815 1544 2858 nunc
1571 2803 1638 2859 de
1667 2807 1843 2866 verbis
1884 2777 2073 2884 ipsius,

497 2883 784 2940 praestante
811 2877 1055 2949 Domino,
1082 2883 1427 2945 disseramus.
1457 2893 1699 2953 Psalmus
1729 2910 1810 2958 est
1840 2877 2072 2975 hy'mnus

492 2961 720 3033 alicujus
746 2971 901 3024 metri
941 2969 1056 3042 lege
1083 2979 1430 3049 compositus,
1455 2987 1544 3054 qui
1573 2987 1637 3042 ad
1667 2961 2069 3054 similitudinem

493 3056 732 3123 prmdicti
759 3063 946 3130 organi
976 3075 1260 3134 supernam
1290 3072 1445 3126 nobis
1469 3082 1806 3147 cognoscitur
1833 3085 2070 3145 indicare

492 3143 768 3204 virtutem.
799 3149 964 3207 David
991 3164 1195 3225 autem,
1221 3161 1463 3230 quamvis
1485 3143 1729 3224 conditor
1769 3172 1924 3244 hujus
1952 3177 2068 3233 uni-

2214 883 2413 950 Quarto
2443 890 2700 958 propheta
2728 891 2962 964 loquitur
2987 911 3334 957 commoneas
3378 907 3613 974 pepulos
3646 883 3705 964 ut
3737 911 3804 968 ad

2212 976 2376 1033 ﬁdem
2406 979 2785 1053 Christianam,
2813 989 2990 1057 agnita
3025 991 3238 1049 Domini
3267 996 3572 1067 majestate,
3606 1017 3810 1062 conve-

2209 1069 2360 1126 niant
2392 1091 2404 1126 :
2437 1073 2672 1133 scientes
2699 1077 2768 1134 de
2809 1080 2893 1134 via
2919 1081 3064 1151 justa
3101 1097 3159 1140 se
3197 1101 3319 1142 esse
3364 1093 3668 1161 perituros,
3703 1096 3806 1152 nisi

2207 1163 2666 1232 apprehenderint
2713 1169 2986 1240 religionis
3033 1174 3314 1233 catholicae
3350 1180 3693 1240 verissimam
3723 1185 3806 1242 di-

2205 1255 2485 1325 sciplinam
2506 1275 2521 1325 ;
2544 1261 2685 1331 quod
2710 1263 2869 1319 etiam
2901 1266 3127 1324 aliorum
3158 1271 3543 1344 prophetarum
3571 1277 3800 1337 creber-

2203 1349 2341 1414 rimo
2370 1365 2623 1409 sermone
2654 1364 2925 1414 narratur.

2727 1467 2993 1537 Expositio
3045 1475 3251 1544 psalmi.

2269 1573 2421 1632 Vers.
2453 1577 2504 1632 i.
2532 1578 2701 1644 Quare
2721 1582 3032 1654 fremuerunt
3053 1598 3248 1660 gentes,
3270 1598 3320 1646 et
3342 1593 3530 1664 populi
3558 1597 3798 1655 meditati

2195 1675 2312 1720 sunt
2340 1667 2552 1724 inania?
2577 1671 2704 1729 Hec
2739 1674 2907 1745 ﬁgura
2937 1677 3124 1736 Grece
3158 1681 3354 1739 dicitur
3386 1697 3660 1759 erotema,
3693 1691 3794 1746 La-

2197 1759 2304 1816 tine
2329 1761 2714 1834 interrogatio;
2747 1783 2864 1837 quae
2891 1771 3071 1827 multis
3097 1775 3313 1843 quidem
3341 1779 3521 1834 modis
3553 1781 3616 1836 fit
3645 1799 3658 1834 :
3695 1784 3789 1839 sed

2195 1861 2254 1908 ut
2279 1853 2346 1911 de
2376 1856 2458 1911 his
2488 1872 2652 1927 pauca
2686 1872 2970 1931 ponantur,
2998 1865 3393 1942 interrogamus
3435 1875 3666 1944 quando
3695 1877 3794 1932 ali-

2195 1947 2319 2018 quid
2349 1951 2490 2006 scire
2514 1953 2761 2008 volumus
2782 1958 2925 2027 quod
2956 1961 3350 2030 nesciebamus,
3380 1975 3437 2021 ut
3461 1975 3553 2022 est
3580 1968 3713 2024 illud
3736 1970 3789 2026 in

2191 2038 2372 2095 futuro
2392 2043 2638 2110 psalmo:
2671 2045 2807 2113 Quot
2831 2058 2951 2104 sunt
2980 2050 3091 2106 dies
3119 2055 3247 2108 serui
3272 2056 3368 2125 tui,
3390 2061 3609 2129 quando
3635 2063 3789 2131 facies

2189 2131 2254 2184 de
2280 2136 2689 2202 persequentibus
2717 2155 2798 2193 me
2816 2142 3081 2212 judicium
3111 2145 3287 2218 (Psal.
3327 2163 3515 2219 cxvttl,
3550 2152 3682 2223 84)?
3704 2154 3788 2210 ln-

2190 2227 2522 2294 terrogamus
2560 2230 2724 2285 etiam
2765 2246 2886 2302 quae
2914 2244 3060 2292 certe
3095 2239 3361 2308 novimus,
3390 2252 3451 2298 ut
3479 2255 3568 2301 est
3601 2246 3732 2304 illud
3765 2266 3780 2304 :

2189 2312 2438 2386 Nunquid
2467 2326 2539 2372 est
2567 2321 2620 2374 in
2654 2322 2811 2377 idolis
2843 2327 3064 2396 gentium
3101 2331 3190 2402 qui
3219 2335 3382 2402 plant,
3418 2346 3511 2391 aut
3541 2341 3659 2394 caeli
3689 2341 3783 2396 da-

2185 2403 2306 2458 bunt
2319 2407 2564 2477 pluviam,
2580 2411 2680 2466 nisi
2700 2422 2754 2467 tu
2779 2417 2998 2473 uolueris
3021 2416 3152 2489 (Jer.
3172 2437 3284 2490 stv,
3305 2423 3546 2497 ‘22)?Est
3567 2444 3781 2502 quoque

2184 2494 2533 2567 interrogatio
2564 2503 2844 2572 arguendi,
2890 2507 3026 2563 sicut
3068 2511 3153 2565 hic
3199 2494 3518 2585 posita-est;
3553 2494 3778 2590 corripit

2181 2586 2325 2642 enim
2362 2591 2590 2659 populos
2613 2597 2897 2666 propheta,
2923 2614 3020 2655 cur
3054 2603 3352 2672 frenmerint
3375 2618 3566 2665 contra
3596 2586 3776 2668 Domi-

2179 2693 2308 2736 num
2349 2681 2704 2756 Salvatorem,
2737 2703 2860 2746 cum
2890 2706 3080 2750 causas
3111 2695 3400 2754 iracundiae
3446 2717 3558 2757 non
3606 2704 3771 2760 habe-

2179 2781 2318 2826 rent.
2361 2772 2629 2832 Fremitus
2669 2782 2810 2836 enirn
2858 2783 3075 2852 prOprie
3102 2783 3334 2842 ferarum
3365 2799 3466 2854 est,
3499 2793 3592 2862 qui
3620 2793 3770 2864 juste

2177 2861 2478 2922 furentibus
2503 2867 2657 2927 datus
2678 2881 2782 2937 est,
2809 2874 3045 2946 quando,
3073 2878 3279 2934 ratione
3305 2861 3769 2950 postposita,'bel-'-

2176 2954 2325 3012 luino
2369 2958 2550 3016 furore
2592 2963 2836 3020 succensi
2879 2976 3022 3020 sunt.
3069 2969 3132 3022 Et
3173 2971 3423 3038 quoniam
3461 2975 3623 3030 nobis
3657 2977 3768 3036 fre-

2169 3058 2401 3118 quenter
2442 3051 2625 3123 figuras
2668 3054 2930 3122 ponendae
2965 3066 3112 3125 sunt,
3142 3069 3355 3129 oportet
3396 3065 3446 3119 in
3485 3065 3621 3134 ipSis
3653 3070 3768 3140 pri-

2173 3141 2400 3196 mordiis
2426 3140 2544 3211 ejus
2572 3143 2649 3197 rei
2674 3145 3040 3204 deﬁnitionem
3066 3149 3217 3218 dare,
3246 3161 3304 3208 ut
3332 3169 3454 3210 cum
3481 3159 3762 3218 nominata

489 3237 629 3293 versi
657 3241 834 3310 operis
878 3241 1226 3316 inspiratione
1261 3251 1436 3308 divina
1466 3270 1585 3314 esse
1616 3230 1877 3333 videatur,
1903 3273 2063 3330 certis
2093 3284 2140 3350 ρ
2171 3230 2385 3350 {fit
2399 3234 2573 3350 vﬂff‘
2600 3237 3178 3350 ,‘E‘Iff‘_e'ff‘f'...’fg."°“'°
3224 3246 3420 3350 ipsum
3463 3260 3570 3350 es.“
3622 3265 3764 3350 mm

485 3336 667 3388 tamen
711 3332 844 3390 locis
887 3348 1241 3407 congruenter
1287 3350 1589 3416 apponitur.
1646 3355 1749 3410 Sed
1803 3364 2053 3430 quoniam

487 3421 858 3497 interpretatio
899 3433 1198 3501 nominum,
1235 3441 1685 3507 quemadmodum
1729 3421 1938 3520 praefati
1969 3472 2062 3513 su-

487 3529 646 3587 mus,
695 3533 782 3578 res
827 3523 982 3581 nobis
1033 3529 1354 3590 secretiores
1407 3535 1644 3598 indicare
1701 3558 2059 3622 monstratur,

483 3607 622 3666 sicut
659 3613 978 3686 interpretes
1017 3621 1362 3684 Hebraeorum
1407 3635 1686 3694 nominum
1717 3641 1923 3699 tradere
1950 3661 2062 3702 nia-

481 3701 694 3763 luerunt
721 3725 736 3763 :
766 3709 932 3768 David
963 3715 1224 3786 significat
1250 3737 1409 3781 manu
1441 3727 1612 3796 fortis,
1646 3735 1760 3792 sive
1788 3737 2059 3797 desidera-

481 3795 623 3866 bilis,
668 3803 808 3872 quod
849 3805 977 3862 nulli
1022 3818 1195 3879 potest
1229 3816 1403 3884 aptius
1436 3795 1721 3880 convenire
1755 3843 1913 3898 quam
1943 3848 2057 3888 om-

394 3934 399 3939 .
479 3889 740 3960 nipotenti
785 3896 1019 3968 Christo,
1051 3904 1141 3971 qui
1191 3915 1274 3962 est
1319 3914 1581 3970 veraciter
1627 3916 1968 3990 fortissimus,
2001 3934 2056 3983 et

479 3996 690 4040 summo
719 3985 987 4048 desiderio
1016 3995 1399 4068 requirendus;
1424 4018 1748 4078 quapropter
1778 3985 2054 4073 Davidvhic

474 4077 854 4152 intelligendus
877 4094 959 4140 est
983 4085 1232 4146 Dominus
1255 4095 1519 4166 Christus,
1542 4099 1610 4157 de
1632 4102 1784 4173 cujus
1802 4109 2053 4176 passione

471 4167 706 4240 loquitur
737 4175 994 4244 propheta
1021 4197 1033 4233 :
1057 4189 1112 4236 et
1136 4183 1248 4252 ipse
1280 4186 1534 4247 Dominus
1560 4207 1655 4250 sua
1684 4167 1847 4253 verba
1879 4167 2052 4258 dictu-

470 4273 562 4312 rus
589 4271 702 4329 est;
733 4266 874 4332 quod
904 4267 958 4322 in
983 4272 1427 4344 subsequentibus
1457 4283 1677 4350 psalmis
1721 4289 2049 4350 creberrime

470 4354 758 4420 reperitur,
791 4365 847 4411 ut
891 4359 945 4412 in
976 4365 1334 4432 appellatione
1378 4371 1543 4428 David
1589 4377 1846 4435 Dominus
1877 4387 2049 4452 possit

467 4437 711 4500 Christus
753 4446 999 4520 intelligi.
1033 4452 1100 4506 Et
1129 4468 1196 4510 ne
1223 4470 1321 4524 per
1359 4459 1636 4541 haereticas
1676 4437 2045 4532 contentiones

469 4533 752 4591 Christiani
793 4539 1001 4596 animus
1047 4541 1285 4612 fluctuet,
1313 4563 1472 4619 quem
1515 4535 1725 4622 oportet
1753 4564 1930 4618 omnia
1955 4581 2045 4622 ve-

2168 3326 2388 3381 nomlne
2434 3326 2552 3397 ipso
2596 3327 2753 3386 datur
2793 3330 3048 3404 intelligi,
3107 3341 3349 3409 quaedam
3398 3345 3763 3405 conformatio

2163 3417 2420 3475 dictionis
2468 3435 2498 3475 a
2547 3425 2924 3484 communione
2971 3442 3200 3500 remota,
3245 3451 3364 3507 quae
3407 3438 3760 3500 interioribus

2161 3509 2334 3564 oculis
2359 3510 2502 3567 velut
2529 3513 2726 3584 aliquid
2749 3518 3053 3577 vultuosum
3079 3539 3294 3595 semper
3316 3529 3564 3603 oﬁ'ertur,
3593 3549 3760 3606 quam

2165 3600 2452 3660 traditione
2482 3606 2744 3678 majorum
2767 3616 3184 3675 ostentationem
3212 3630 3266 3677 et
3293 3600 3765 3704 habitnm'possu-

2161 3707 2282 3750 mus
2310 3712 2640 3770 nuncupare.
2688 3703 2794 3763 Has
2840 3707 3000 3764 etiam
3045 3712 3205 3771 Pater
3252 3703 3588 3788 Augustinus
3639 3723 3763 3795 pul-

2159 3785 2426 3843 cherrime
2465 3789 2605 3846 inter
2647 3792 2975 3854 locutionum
3023 3803 3214 3861 modos
3254 3785 3594 3867 annumerat.
3646 3813 3761 3871 Nec

2160 3873 2291 3932 illud
2339 3893 2438 3935 nos
2485 3893 2718 3952 moveat,
2749 3901 2871 3942 cum
2919 3893 3058 3962 apud
3098 3895 3312 3953 Judazos
3342 3912 3624 3972 ageretur,
3657 3920 3760 3960 cur

2159 3967 2436 4037 pluraliter
2477 3981 2666 4042 gentes
2711 3987 2764 4031 et
2813 3982 2994 4050 populi
3039 3985 3196 4054 positi
3245 3967 3754 4052 esse'videantur:

2153 4055 2349 4128 legitur
2389 4061 2532 4117 enim
2573 4064 2626 4118 in
2671 4067 2891 4123 Actibus
2937 4076 3309 4142 apostolorum
3341 4096 3356 4133 :
3396 4079 3761 4140 Convenerunt

2153 4154 2289 4204 enim
2335 4167 2447 4208 vere
2493 4156 2544 4209 in
2595 4158 2691 4210 Irae
2737 4161 2940 4218 civitate
2978 4165 3219 4224 adversus
3263 4182 3495 4227 sanctum
3545 4173 3761 4231 Filium

2153 4251 2320 4308 tuum,
2351 4262 2498 4314 quem
2527 4251 2746 4319 tinxisti,
2783 4251 3016 4312 Herodes
3045 4268 3094 4312 et
3131 4259 3336 4316 Pilatus
3364 4279 3479 4318 cum
3509 4268 3757 4323 nationi-

2152 4335 2242 4388 bus
2266 4343 2312 4389 et
2338 4338 2538 4406 populis
2569 4339 2736 4396 Israel
2769 4346 2907 4415 (Act.
2938 4363 3010 4415 tv,
3043 4349 3154 4418 27).
3193 4351 3432 4408 Meditati
3458 4368 3585 4413 sunt
3614 4373 3759 4431 quo-

2149 4439 2254 4493 que
2290 4427 2488 4497 inania,
2519 4436 2640 4502 quia
2692 4435 3010 4515 Scripturas'
3037 4441 3241 4499 divinas
3285 4446 3402 4503 sine
3445 4449 3625 4508 fructu
3663 4455 3755 4510 in-

2147 4514 2456 4585 telligentiae
2511 4521 2819 4593 frequenter
2881 4514 3162 4589 iterabant.
3221 4533 3608 4607 Prophetatum
3667 4550 3756 4599 est

561 4626 661 4683 iter
689 4628 895 4688 meque
928 4633 1150 4688 credere
1201 4605 1435 4688 no'minis
1460 4605 2044 4688 ’in"
2072 4659 2124 4688 ῃ
2145 4605 2288 4660 enim
2313 4608 2368 4662 in
2389 4608 2684 4669 innumeris
2713 4617 2845 4673 locis
2865 4619 2933 4674 de
2950 4621 3173 4679 Domino
3191 4624 3465 4685 Salvatore
3485 4631 3749 4688 Messiam

465 4629 661 4683 raciter
689 4629 895 4698 lixeque
928 4633 1170 4702 credere,
1201 4640 1435 4696 nominis
1473 4642 1641 4714 ipsius
1678 4649 2041 4714 definitionem
2072 4659 2124 4722 D

461 4717 780 4774 auctoritate
825 4720 1039 4778 Patrum
1069 4725 1218 4784 brevi
1247 4732 1614 4795 satisfactione
1642 4746 2035 4809 concludimus.

462 4806 756 4863 Audiamus
781 4825 909 4881 ergo
941 4814 1154 4874 beatum
1183 4835 1247 4877 ac
1269 4823 1638 4887 doctissimum
1681 4806 2038 4907 Augustinum

461 4895 518 4952 in
549 4901 891 4973 evangelista:
916 4907 1141 4966 Joannis
1170 4916 1508 4984 expositione
1536 4895 1802 4986 dicentem
1833 4932 2033 5006 (Tract.

459 4991 549 5056 78,
597 4993 653 5047 in
697 4993 884 5068 Joan.)
915 5014 928 5052 :
958 5001 1327 5070 Agnoscamus
1368 5015 1638 5082 geminam
1685 4991 2034 5086 substantiam

457 5079 680 5150 Christi,
708 5085 946 5144 divinam
978 5093 1210 5162 scilicet,
1245 5115 1349 5170 qua
1373 5079 1594 5176 aequalis
1623 5121 1705 5168 est
1730 5115 1905 5186 Patri;
1937 5120 2030 5178 hu«

460 5193 694 5247 manum,
718 5197 821 5252 qua
847 5183 1021 5255 major
1046 5199 1128 5244 est
1150 5191 1334 5262 Pater;
1355 5206 1636 5274 utrumque
1649 5218 1827 5265 autem
1851 5213 2028 5286 simul,

456 5283 563 5323 non
590 5269 717 5339 duo,
751 5273 844 5329 sed
880 5291 1017 5332 unus
1057 5292 1140 5336 est
1183 5283 1447 5362 Christus,
1477 5269 1564 5352 ne-
1583 5298 1655 5356 sit
1681 5269 2028 5377 quaternitas:

454 5376 562 5414 non
591 5357 825 5421 Trinitas
868 5367 1044 5438 Deus;
1083 5388 1146 5430 ac
1182 5391 1278 5446 per
1319 5357 1443 5442 hoc'
1465 5357 1713 5451 Christus
1737 5406 1822 5453 est
1851 5357 2025 5473 Deus:

453 5452 631 5508 anima
680 5458 976 5530 rationalis,
1021 5473 1075 5521 et
1119 5482 1265 5527 caro.
1309 5474 1421 5543 Qua
1464 5483 1687 5544 veritate
1733 5452 2024 5564 recognita:

449 5556 818 5616 competenter
841 5557 1146 5616 mortiferos
1175 5565 1404 5625 vitamus
1433 5585 1666 5633 errores.

1009 5672 1200 5732 Divisio
1245 5682 1450 5750 psalmi.

517 5750 755 5818 Quatuor
780 5761 1036 5819 membris
1059 5769 1251 5835 psalmi
1277 5771 1435 5840 hujus
1464 5781 1666 5846 species
1693 5783 1888 5845 decora
1914 5792 2024 5848 for-

447 5851 588 5900 uasta
614 5855 716 5904 est.
743 5848 803 5906 lu
832 5853 1009 5922 primo
1032 5855 1267 5929 loquitur
1289 5867 1546 5936 propheta
1575 5871 1644 5934 dc
1672 5875 1868 5939 Judaeis
1898 5900 2021 5959 pro-

2145 4709 2268 4754 esse
2292 4711 2600 4773 venturum,
2631 4721 2786 4776 quem
2816 4709 2892 4766 illi
2921 4714 3152 4770 maximo
3177 4731 3362 4773 errore
3389 4719 3602 4792 decepti
3632 4737 3749 4780 non

2146 4791 2377 4860 venisse,
2411 4795 2504 4851 sed
2535 4797 2708 4855 adhuc
2749 4808 3030 4859 venturum
3070 4819 3190 4863 esse
3216 4811 3511 4871 conﬁdunt.
3526 4791 3744 4872 Merito

2143 4898 2271 4956 ergo
2297 4889 2476 4944 inania
2504 4893 2882 4950 meditabantur
2906 4899 2995 4968 qui
3025 4896 3142 4968 ejus
3166 4901 3450 4961 adventum
3481 4907 3739 4967 fructuo-

2141 4989 2260 5032 sum
2280 4994 2612 5050 nequaquam
2640 4983 2938 5054 intelligere
2967 4997 3272 5056 potuerunt.

2213 5069 2364 5126 Vers.
2397 5072 2450 5126 2.
2496 5073 2776 5130 Astitcrunt
2807 5091 2949 5149 reges
2977 5090 3146 5149 terrae,
3175 5092 3223 5138 et
3263 5089 3516 5156 principes
3543 5109 3734 5150 conve-

2137 5172 2320 5215 nerunt
2363 5164 2414 5217 in
2453 5180 2612 5218 unum
2644 5168 2885 5223 adversus
2914 5169 3195 5230 Dominum
3224 5187 3273 5233 et
3304 5181 3544 5238 adversus
3569 5184 3735 5240 Chri-

2135 5261 2270 5308 stum
2298 5258 2427 5327 ejus.
2455 5256 2756 5328 Astiterunt,
2784 5277 2892 5320 non
2936 5272 3276 5337 praesentiam
3309 5273 3589 5344 significat,
3624 5279 3725 5336 sed

2133 5345 2486 5401 voluntatem.
2539 5347 2670 5406 Nam
2717 5355 3020 5424 passionem
3054 5360 3263 5419 Domini
3302 5377 3510 5422 constat
3536 5383 3722 5426 coram

2131 5437 2342 5506 regibus
2361 5440 2668 5501 omnimodo
2681 5463 2785 5505 non
2805 5451 2987 5508 fuisse.
3009 5454 3171 5526 Reges
3187 5468 3362 5516 autem
3378 5472 3524 5520 terra:
3543 5465 3715 5522 Hero-

2139 5526 2260 5580 dem
2291 5529 2400 5584 vult
2429 5531 2672 5609 intelligi,
2696 5541 2787 5610 qui
2813 5548 3181 5615 persequendo
3209 5549 3725 5614 Dominumnccavit

2135 5615 2394 5687 infantes;
2441 5625 2664 5683 alterum
2712 5647 2839 5686 vero
2885 5635 3148 5694 Herodem
3177 5657 3424 5713 nepotem
3456 5651 3604 5720 ejus.
3637 5648 3726 5714 (ῑυῖ

2134 5707 2322 5766 Pontio
2368 5715 2535 5772 Pilato
2577 5721 2629 5775 in
2674 5723 2964 5784 Salvatoris
3011 5746 3141 5787 nece
3187 5747 3478 5802 consensit.
3526 5741 3716 5797 liLrilO

2132 5816 2258 5872 ergo
2284 5809 2500 5864 astitisse
2521 5812 2647 5868 dicti
2677 5827 2819 5884 sunt,
2847 5823 2934 5889 qui
2963 5825 3237 5896 sacrilegis
3276 5841 3550 5898 mentibus
3578 5848 3706 5888 con-

2128 5895 2419 5955 sentientes
2446 5901 2499 5958 in
2527 5918 2632 5961 uno
2657 5908 2860 5970 scelere
2890 5895 3272 5976 convenerunt.
3299 5924 3591 6012 Principes
3615 5937 3708 6002 an:
