4064 6360
230 394 290 449 ετ
1209 362 1565 427 EXPOSlTlO
1601 360 1670 418 1N
1709 355 2170 419 assummum.
2211 353 2405 413 PSAL.
2446 352 2511 411 tt.
3416 347 3481 404 αδδ

232 523 333 570 tem
361 507 427 563 de
456 500 744 561 Pharisteis
779 496 925 553 dicit.
972 492 1159 551 Sermo
1200 489 1345 544 enim
1387 484 1491 540 iste
1538 479 1803 537 interdum
1830 481 1886 544 Α
1912 481 2122 541 tempus
2169 469 2451 540 signiﬁcat,
2492 480 2612 523 cum
2648 466 2891 570 judicare
2934 464 3146 524 venerit
3198 463 3475 570 mundum.

231 617 402 670 rcges,
449 594 713 652 interdum
768 587 1033 660 signiﬁcat
1078 583 1305 655 priores.
1362 578 1613 646 Princeps
1660 573 1805 627 enim

234 699 406 752 dictus
428 700 510 746 est
534 687 685 758 quasi
718 684 883 755 prima
909 679 1142 750 capiens.
1176 673 1518 729 Convenerunt
1548 670 1597 722 in
1624 682 1802 734 unum,

234 789 286 843 in
315 798 475 840 unam
504 782 846 840 voluntatem,
880 787 983 827 non
1014 771 1067 826 in
1098 782 1259 823 unum
1289 771 1605 819 conventum
1641 776 1652 811 :
1684 770 1805 811 nam

236 878 458 935 diversis
487 867 851 928 conciliabulis
896 867 996 920 hoc
1036 862 1205 919 scelus
1234 859 1477 926 leguntur
1508 852 1668 907 fuisse
1696 864 1808 904 ma-

236 967 455 1026 chinati.
504 961 610 1018 Sed
661 968 719 1015 ut
761 956 1081 1025 intelligeres
1134 948 1381 1019 iniuriam
1434 942 1551 1000 Filii
1600 941 1808 996 Patrem

237 1074 397 1133 posse
436 1055 725 1126 respicere,
768 1059 1051 1119 utrumque
1098 1043 1319 1114 posuit:
1353 1042 1590 1093 adversus
1632 1032 1812 1133 Domi-

237 1124 379 1217 num,
410 1148 463 1205 id
492 1124 576 1203 est
604 1146 845 1208 Patrem;
874 1151 920 1195 et
957 1138 1194 1192 adversus
1237 1132 1488 1188 Christum
1532 1130 1662 1199 ejus,
1710 1124 1812 1179 hoc

239 1255 324 1301 est
366 1243 580 1308 Filium,
614 1239 750 1295 sicut
776 1237 891 1307 ipse
935 1233 989 1288 in
1036 1227 1323 1299 Evangelio
1358 1223 1486 1280 dicit
1518 1240 1530 1275 :
1563 1220 1665 1285 Qui
1712 1234 1813 1273 non

243 1334 547 1400 honoriﬁrut
579 1330 793 1393 Filium,
821 1344 926 1383 non
964 1323 1265 1392 Itouoriﬁcat
1306 1318 1513 1375 Patrem
1542 1314 1627 1384 qui
1678 1311 1813 1365 misit

241 1428 393 1484 illum
421 1424 596 1497 (Joan.
629 1438 684 1487 v,
709 1420 822 1490 25).

324 1518 474 1573 νει-ε.
506 1518 559 1571 ὅ.
594 1512 984 1581 Disrumpamus
1019 1507 1221 1562 vincula
1249 1519 1443 1559 eorum.
1477 1499 1651 1556 Verba
1695 1502 1818 1551 sunt

245 1613 347 1668 ista
391 1607 717 1666 dementiunt
763 1604 1087 1661 Judaeorum.
1140 1599 1391 1654 Dicebant
1436 1593 1655 1657 vincula,
1697 1604 1818 1661 qua:

248 1704 427 1774 potius
475 1709 687 1771 peccata
732 1696 1027 1753 solvebant.
1071 1693 1159 1751 Sic
1205 1691 1348 1748 enim
1399 1693 1718 1759 putaverunt
1760 1697 1819 1737 se

247 1792 451 1848 vincula
489 1793 588 1847 ista
628 1792 957 1860 disrumpere,
1005 1787 1052 1843 si
1096 1788 1148 1840 in
1197 1792 1575 1854 praeceptorem
1610 1776 1738 1845 legis
1767 1782 1822 1831 et

248 1887 521 1957 apostolos
562 1884 727 1952 ipsius
772 1882 999 1937 scelesta
1035 1878 1303 1933 voluntate
1352 1874 1449 1946 17
1488 1870 1816 1942 prosllirent.

252 1977 448 2032 Eorum
475 1990 705 2044 namque
731 1973 796 2029 ad
824 1972 1093 2028 Christum
1122 1966 1353 2040 pertinet
1380 1971 1435 2019 et
1454 1961 1520 2017 ad
1550 1958 1820 2031 apostolos

250 2068 393 2138 ejus,
431 2065 519 2136 qui
547 2066 646 2121 sub
672 2080 892 2122 numero
919 2061 1112 2135 plurali
1154 2055 1365 2116 Domini
1402 2053 1584 2125 regula
1624 2051 1821 2124 proba-

252 2160 448 2217 bantur
471 2160 712 2231 astringi.

328 2272 396 2324 Et
429 2274 754 2344 projiciamus
781 2289 816 2328 a
850 2272 992 2327 nobis
1013 2272 1200 2341 jugum
1228 2266 1481 2337 ipsorum.
1511 2260 1572 2318 in
1596 2259 1818 2331 jumen-

257 2373 432 2419 torum
474 2364 839 2432 insipientium
865 2364 1027 2433 digna
1053 2360 1154 2417 sibi
1181 2357 1582 2427 comparatione
1608 2364 1823 2407 manse-

255 2465 401 2523 runt,
434 2455 523 2525 qui
550 2472 655 2511 non
694 2457 981 2527 projiciunt
997 2453 1206 2523 jugum,
1236 2447 1339 2504 nisi
1374 2447 1523 2517 prius
1559 2443 1677 2514 ejus
1704 2442 1824 2497 viu—

254 2548 376 2602 cula
407 2546 751 2616 disruperint,
797 2546 850 2601 in
881 2555 1049 2601 totum
1090 2540 1380 2597 vanissima
1409 2538 1684 2594 voluntate
1722 2532 1828 2587 de-

253 2640 415 2707 cepti.
442 2635 575 2691 Nam
618 2637 942 2706 cuntjugum
976 2634 1183 2689 Domini
1210 2630 1506 2688 Salvatoris
1543 2628 1611 2683 sit
1650 2638 1823 2692 suave,

255 2740 303 2784 et
324 2746 458 2784 onus
485 2732 598 2800 ejus
625 2729 729 2781 leve
752 2725 968 2797 (Matth.
1009 2741 1085 2790 ιι,
1120 2723 1235 2793 50),
1264 2721 1683 2776 dominationem
1712 2718 1829 2787 eius

256 2823 631 2895 gravissimam
662 2829 1000 2890 putaverunt.
1037 2815 1112 2872 ita
1142 2815 1285 2886 quod
1328 2828 1425 2868 eos
1457 2811 1740 2868 continere
1766 2823 1829 2864 ac

258 2928 445 2985 regere
485 2921 715 2981 poterat,
746 2910 850 2964 hoc
890 2909 1174 2965 infeliciter
1214 2907 1446 2976 abjicere
1487 2901 1829 2959 festinabant.

334 3023 435 3091 Qui
459 3021 651 3076 habitat
691 3023 746 3076 in
781 3021 919 3076 caelis
946 3020 1175 3073 irridebit
1206 3034 1313 3084 eos,
1344 3026 1392 3072 et
1419 3015 1670 3070 Dominus
1714 3012 1835 3067 sub-

262 3114 497 3170 muabit
524 3129 631 3168 eos.
653 3112 832 3168 Ctelos
862 3111 946 3165 hic
968 3111 1111 3165 viros
1132 3117 1348 3163 sanctos
1374 3105 1659 3175 significat,
1694 3102 1833 3157 sicut

265 3218 318 3263 et
340 3207 454 3277 ipse
482 3205 607 3261 alibi
639 3204 877 3260 dicturus
911 3211 1028 3258 est:
1058 3199 1182 3256 Caeli
1211 3207 1451 3254 enarrant
1483 3196 1705 3268 gloriam
1733 3192 1831 3247 Dei

265 3299 436 3368 (Psal.
490 3312 640 3366 xvnt,
691 3298 773 3367 2),
819 3311 955 3366 quos
1003 3293 1277 3363 aptissime
1331 3286 1831 3345 commemorandos

265 3391 441 3460 elegit,
475 3399 535 3445 ut
568 3388 801 3459 amplius
832 3387 1116 3457 impiorum
1146 3383 1435 3439 elationem
1465 3378 1832 3447 malitiamque

264 3483 632 3540 confunderet.
665 3479 908 3535 Irridebit
938 3491 985 3535 et
1021 3476 1373 3541 subsannahit,
1419 3483 1473 3528 et
1500 3472 1584 3528 his
1612 3470 1831 3538 similia,

264 3589 329 3630 ex
368 3584 551 3630 nostro
588 3588 686 3630 usu
728 3572 1032 3642 accipienda
1084 3578 1225 3624 sunt.
1273 3567 1540 3621 Craterum
1582 3562 1836 3619 Dominus

266 3683 365 3724 nec
392 3668 577 3736 splene
612 3666 771 3731 ridet,
816 3679 915 3720 nec
943 3666 1088 3719 vultu
1131 3662 1458 3725 subsanuat;
1506 3656 1599 3713 sed
1637 3655 1835 3710 virtute

267 3773 366 3815 sua
406 3757 749 3828 spiritualiter
783 3757 989 3826 peragit
1033 3767 1365 3825 quascunque
1407 3749 1664 3821 disponit.
1706 3747 1833 3802 ﬂtec

268 3852 435 3922 figura
457 3850 642 3905 Graece
681 3850 873 3903 dicitur
911 3844 1257 3918 metonymia,
1292 3843 1478 3897 Latine
1509 3837 1833 3896 transnomi-

266 3944 435 4008 natio,
463 3940 671 4010 quoties
701 3939 1027 3994 intellectum
1068 3936 1144 3992 rei
1174 3934 1401 3990 diversis
1428 3931 1623 3999 modis,
1655 3927 1835 3985 verbis

268 4036 454 4091 alienis
498 4049 561 4089 ac
592 4032 919 4089 translatitiis
967 4031 1286 4087 indicamus.
1318 4028 1469 4083 Juste
1517 4026 1677 4095 igitur
1707 4037 1833 4093 pro-

267 4129 426 4198 pheta
452 4127 757 4183 Judazorum
806 4125 1082 4196 perﬁdiam
1124 4125 1319 4179 asserit
1356 4119 1708 4184 irridendam,
1740 4117 1836 4187 qui

266 4219 430 4273 falsos
480 4226 646 4274 testes
691 4228 878 4271 contra
926 4216 1204 4270 veritatem
1262 4210 1528 4266 adducere
1587 4218 1827 4284 tentare-

266 4322 412 4379 runt,
450 4310 540 4380 qui
586 4310 865 4364 Dominum
919 4307 1103 4377 gloria:
1143 4303 1455 4373 cruciﬁgere
1502 4300 1830 4367 maluerunt,

264 4402 357 4470 qui
402 4401 753 4458 resurrecturi
791 4397 1169 4469 omnipotentis
1208 4394 1407 4451 Christi
1444 4394 1607 4448 stulte
1652 4390 1841 4461 sepul-

264 4492 347 4549 cri
383 4493 719 4561 receptacula
744 4492 1105 4562 signaverunt.
1147 4489 1330 4545 Tantm
1370 4486 1630 4557 siquidem
1661 4485 1837 4541 scele-

268 4598 388 4639 rum
426 4583 617 4651 moles,
661 4592 846 4639 contra
873 4582 1164 4652 potentiam
1197 4579 1408 4637 Domini
1447 4579 1725 4634 dementer
1751 4585 1837 4631 at-

269 4691 374 4747 que
400 4675 631 4730 inaniter
655 4675 944 4743 probantur
968 4682 1278 4742 assumptre.

344 4767 497 4824 Vers.
530 4769 586 4824 5.
617 4766 760 4821 Tune
783 4767 1016 4835 loquetur
1048 4765 1117 4818 ad
1140 4780 1225 4819 eos
1255 4764 1308 4817 in
1336 4762 1417 4816 ira
1444 4776 1559 4827 sua,
1598 4767 1644 4814 et
1671 4760 1727 4813 in
1753 4760 1837 4830 fu-

270 4858 386 4916 i'ore
424 4876 520 4915 suo
548 4859 869 4915 conturbabit
910 4874 1013 4913 eos.
1058 4857 1165 4914 Sed
1206 4871 1275 4911 ne
1305 4854 1605 4911 irridendos
1634 4862 1839 4909 tantum

276 4953 467 5023 impios
509 4962 840 5023 putaremus,
872 4964 1014 5006 nunc
1056 4964 1150 5005 eos
1188 4946 1423 5018 graviter
1458 4952 1847 5002 commemorat

273 5045 596 5115 arguendos.
626 5043 710 5097 Ira
737 5058 868 5098 vero
896 5051 950 5097 et
976 5041 1123 5097 furor
1144 5040 1339 5096 similia
1366 5048 1493 5096 sunt
1514 5038 1677 5095 verba
1703 5052 1844 5108 prte-

270 5138 606 5194 cedentibus.
636 5136 769 5191 Nam
799 5136 939 5191 Deus
979 5144 1035 5191 et
1061 5150 1182 5191 cum
1216 5134 1598 5205 tranquillitate
1622 5131 1844 5201 iudicat,

266 5239 322 5286 et
347 5238 560 5285 servata
588 5228 781 5297 pietate
809 5228 1125 5283 conturbat:
1151 5241 1257 5283 non
1286 5227 1340 5281 in
1376 5225 1546 5280 malos
1572 5231 1718 5278 motu
1748 5222 1848 5278 ali-

269 5335 375 5388 quo
396 5328 647 5389 surgente
674 5319 1024 5381 candescens,
1059 5317 1153 5371 sed
1177 5318 1244 5371 ab
1272 5318 1351 5370 eis
1383 5330 1495 5371 sua:
1518 5315 1702 5387 gratiae
1725 5329 1844 5370 mo-

273 5419 455 5465 menta
504 5410 854 5477 suspendens.
894 5410 978 5463 Ira
1011 5422 1137 5475 ergo
1166 5407 1259 5460 Dei
1296 5398 1522 5462 ‘vocatur
1568 5406 1847 5463 retributio

274 5488 645 5569 peccatorum;
670 5516 792 5555 nam
824 5509 1000 5554 motus
1028 5498 1284 5552 Divinitas
1314 5498 1465 5552 beata
1503 5513 1607 5553 non
1630 5498 1846 5567 patitur,

272 5609 391 5659 qua:
416 5607 632 5662 semper
662 5593 872 5656 eadem,
910 5601 1132 5654 aeterna,
1164 5599 1323 5659 atque
1355 5589 1641 5643 immobilis
1669 5605 1853 5658 perse-

276 5700 443 5745 verat.
476 5690 582 5744 Sed
622 5690 731 5744 ista
760 5688 1042 5744 conversio
1082 5689 1327 5741 humana:
1358 5686 1606 5739 convenit
1651 5687 1854 5755 fragili-

276 5784 395 5848 tati,
429 5792 490 5838 ut
531 5783 598 5839 de
626 5784 750 5839 laeto
779 5784 898 5853 quis
946 5780 1139 5855 tristis,
1188 5781 1256 5835 de
1294 5780 1501 5849 placato
1540 5780 1849 5847 iracundus,

282 5881 344 5935 tle
385 5879 648 5936 benevolo
676 5878 930 5937 reddatur
963 5876 1221 5935 olfcnsus.
1255 5875 1398 5932 Tunc
1436 5876 1689 5948 loquetur,
1721 5875 1849 5939 illud

1867 4639 1923 4700 D

1909 564 2099 621 Merito
2123 576 2249 630 ergo
2279 562 2354 615 ira
2384 570 2437 615 et
2468 562 2612 615 furor
2648 559 2863 626 dicitur,
2892 562 3109 630 quando
3155 557 3333 612 omnia
3362 569 3485 627 pec-

1909 658 2182 715 catoribus
2210 654 2515 719 obstinatis,
2546 654 2656 710 suis
2678 654 2883 710 meritis
2910 664 3031 723 apta
3059 650 3372 707 redduntur.

1984 751 2132 805 \‘ers.
2161 748 2212 804 6.
2250 747 2358 818 Ego
2403 761 2570 800 autem
2602 748 2907 801 constitutus
2945 761 3057 799 sum
3087 759 3176 799 rex
3204 743 3266 797 ab
3297 758 3356 797 eo
3384 758 3475 796 su-

1909 859 1999 915 per
2030 838 2155 897 Sion
2181 851 2399 892 montem
2428 846 2659 892 sanctum
2682 838 2811 905 ejus.
2834 836 3099 891 liaetenus
3136 849 3205 889 ex
3238 848 3330 888 sua
3363 846 3485 903 pet-

1911 947 2042 989 sona
2087 935 2345 1003 propheta
2377 930 2583 984 locutus
2612 938 2727 993 est;
2772 942 2911 983 nunc
2943 942 3037 997 per
3092 927 3335 996 ﬁguram,
3368 939 3486 994 quae

1911 1020 2097 1081 Griece
2144 1024 2337 1083 dicitur
2383 1021 2642 1091 exallage,
2695 1016 2882 1074 Latine
2930 1019 3273 1089 permutatio,
3326 1016 3487 1072 verba

1910 1116 2076 1174 refert
2103 1116 2312 1171 Domini
2341 1113 2655 1180 Salvatoris,
2686 1113 2777 1184 qui
2807 1126 2866 1167 se
2901 1112 3096 1182 Regem
3128 1128 3157 1167 a
3184 1112 3340 1167 Patre
3362 1125 3493 1167 con-

1913 1210 2153 1265 stitutum
2193 1222 2313 1265 esse
2352 1216 2594 1263 tesratur.
2627 1205 2779 1271 Quod
2810 1204 2970 1260 etiam
3001 1204 3259 1273 scriptum
3300 1213 3385 1260 est
3419 1203 3487 1258 de

1914 1299 2032 1368 ipso
2082 1300 2134 1354 in
2184 1298 2335 1353 titulo
2367 1298 2667 1369 passionis:
2697 1294 2808 1353 Rea:
2833 1293 3135 1351 Judworum
3178 1293 3357 1365 (Joan.
3380 1310 3492 1361 xu,

1917 1387 2027 1457 i9).
2057 1387 2166 1443 Hoc
2208 1402 2308 1444 nec
2337 1387 2538 1443 Pilatus
2568 1385 2735 1443 deleri
2766 1399 2955 1457 passus
2995 1393 3097 1451 est,
3128 1385 3219 1456 qui
3249 1400 3370 1440 eum
3400 1385 3494 1441 Ju-

1916 1477 2047 1533 dteis
2084 1478 2228 1534 cruci
2261 1477 2475 1533 tradidit
2512 1476 2857 1548 aitlgcndum.
2884 1475 2996 1533 iloc
3034 1476 3194 1531 etiam
3237 1475 3369 1546 Magi
3408 1475 3492 1531 in-

1916 1568 2178 1639 quirendo
2208 1569 2431 1637 professi
2455 1576 2579 1623 sunt
2609 1586 2621 1622 :
2655 1567 2753 1623 Ubi
2773 1578 2845 1622 est
2869 1567 2957 1638 qui
2987 1576 3136 1621 natus
3157 1575 3227 1621 est
3258 1564 3370 1621 Rea:
3393 1564 3494 1622 Ju-

1920 1663 2149 1715 dteorum
2186 1658 2396 1727 (Matth.
2429 1675 2489 1725 II,
2518 1659 2613 1730 2)?
2642 1658 2914 1729 Sequitur,
2944 1675 3094 1729 super
3117 1657 3246 1713 Sion
3278 1667 3498 1711 montem

1921 1762 2149 1807 sanctum
2177 1754 2306 1821 ejus.
2347 1750 2550 1805 Nomen
2597 1751 2739 1805 enim
2779 1749 2918 1804 istud
2953 1749 3237 1803 multarum
3278 1746 3496 1817 quidem

1850 1877 1899 1939 Β
1919 1858 2103 1899 rerum
2134 1843 2372 1898 absolute
2404 1841 2687 1897 fecundum
2716 1849 2820 1896 est.
2868 1840 3023 1896 Modo
3050 1840 3188 1896 enim
3221 1838 3485 1909 signiﬁcat

1926 1935 2240 2002 Ecclesiam,
2270 1933 2427 1989 modo
2450 1934 2625 2003 ipsum
2654 1933 2937 1988 Dominum
2957 1930 3309 1999 Salvatorem,
3333 1929 3492 1985 modo

1922 2026 2220 2083 Jerusalem
2272 2024 2528 2080 futuram.
2562 2026 2625 2078 Et
2665 2024 2790 2093 quia
2828 2023 3050 2078 verbum
3092 2020 3194 2076 hoc
3250 2020 3499 2090 frequen-

1924 2127 2009 2176 ter
2046 2118 2344 2173 iterandum
2388 2125 2492 2186 est,
2541 2116 2790 2173 convenit
2818 2115 2987 2186 magis
3024 2122 3083 2171 ut
3122 2130 3217 2186 per
3241 2114 3355 2170 loca
3387 2115 3501 2170 sin-

1924 2210 2047 2282 gula
2090 2211 2339 2280 congruis
2379 2207 2830 2263 satisfactionibus
2872 2207 3188 2279 explicetur.
3237 2205 3367 2263 Sion
3405 2204 3497 2260 hic
3580 2232 3586 2237 -

1929 2299 2222 2357 Ecclesiam
2244 2300 2495 2355 debemus
2522 2299 2784 2369 accipere,
2809 2314 2967 2371 quam
2998 2308 3232 2356 montem
3264 2298 3499 2369 appellat

1929 2402 2145 2464 propter
2190 2393 2533 2449 eminentiam
2607 2391 2827 2447 honoris
2888 2400 2943 2447 et
2996 2390 3299 2446 ﬁrmitatem
3350 2391 3495 2447 fidei.

1928 2484 2058 2538 Sion
2089 2483 2233 2538 enim
2272 2482 2498 2538 liebrtea
2526 2480 2703 2551 lingua
2730 2480 2924 2536 dicitur
2949 2481 3187 2551 specula,
3215 2496 3335 2550 quae
3355 2495 3499 2537 com-

1928 2580 2174 2644 petenter
2199 2580 2411 2642 aptatur
2440 2571 2727 2637 Ecclesia;
2759 2572 3010 2641 quoniam
3052 2572 3118 2628 ad
3145 2574 3350 2636 futuras
3381 2587 3503 2644 spes

1930 2666 2262 2724 sufficienter
2302 2667 2585 2733 instructa,
2633 2666 3015 2737 promissiones
3060 2664 3267 2722 Domini
3307 2667 3504 2723 mentis

1933 2759 2265 2827 providentia
2324 2767 2638 2823 contuetur;
2713 2773 2812 2814 nec
2877 2766 3084 2813 tantum
3150 2759 3507 2828 praesentibus

1934 2856 2190 2919 quantum
2242 2848 2434 2902 futuris
2474 2848 2749 2903 beneficiis
2801 2849 3079 2918 gloriatur.
3134 2848 3320 2903 Merito
3374 2846 3503 2918 ergo

1938 2941 2069 2997 Sion
2107 2940 2343 2995 Ecclesia
2390 2940 2602 3006 dicitur,
2650 2939 2772 3011 quia
2829 2938 3124 3010 speculatio
3168 2939 3284 3008 ejus
3326 2940 3379 2995 in
3415 2939 3505 2997 illa

1935 3030 2343 3100 contemplativa
2386 3030 2583 3085 virtute
2623 3029 2889 3101 deﬁgitur.
2943 3029 3115 3099 Super
3157 3044 3276 3085 eam
3315 3044 3503 3088 revera

1934 3121 2180 3178 Christus
2204 3131 2286 3178 est
2322 3122 2452 3190 Rex,
2484 3122 2733 3192 quoniam
2758 3123 2824 3180 ab
2854 3122 2972 3193 ipso
2995 3124 3197 3194 regitur
3221 3134 3379 3197 atque
3398 3124 3511 3185 dis-

1941 3214 2173 3282 ponitur.
3506 3261 3510 3264 .

2010 3306 2310 3361 Pratdicans
2332 3314 2641 3376 prmeeptum
2670 3305 2899 3364 Domini.
2931 3307 3082 3377 Quod
3112 3309 3237 3368 fecit
3267 3310 3510 3384 Evange-

1938 3397 2069 3453 lium
2115 3398 2341 3459 docens.
2391 3407 2451 3453 ut
2504 3399 2936 3468 praedicationem
2989 3402 3366 3473 prophetarum
3414 3419 3516 3465 sua

1938 3488 2372 3543 manifestatione
2398 3491 2715 3559 compleret.

2010 3580 2167 3635 Vers.
2201 3580 2252 3634 7.
2297 3580 2547 3635 Dominus
2577 3583 2708 3636 dixit
2736 3583 2804 3636 ad
2840 3600 2919 3639 me
2940 3599 2960 3639 :
2982 3582 3153 3641 Filius
3178 3602 3321 3642 meus
3357 3604 3409 3644 es
3436 3597 3516 3658 tu,

1939 3683 2031 3738 ego
2053 3669 2204 3723 hodie
2232 3672 2385 3740 genui
2415 3681 2481 3725 te.
2530 3671 2811 3727 Dominum
2854 3673 3117 3742 significat
3161 3675 3389 3743 Patrem,
3422 3677 3516 3733 sed

1938 3768 1994 3814 et
2023 3762 2137 3829 ipse
2165 3776 2374 3831 quoque
2392 3761 2646 3819 Dominus
2668 3774 2782 3833 est,
2814 3766 2951 3821 sicut
2977 3766 3030 3821 in
3057 3768 3350 3824 centesimo
3374 3784 3517 3825 nono
3576 3750 3579 3753 I

1942 3854 2147 3925 psalmo
2188 3853 2428 3909 dicturus
2466 3866 2550 3911 est
2582 3873 2596 3910 :
2632 3856 2775 3912 Dixit
2813 3857 3063 3914 Dominus
3110 3859 3329 3915 Domino
3370 3878 3512 3931 meo,

1943 3945 2077 4001 Sede
2104 3964 2134 4000 a
2161 3947 2353 4001 dextris
2378 3948 2501 4002 meis
2533 3947 2704 4019 (Psal.
2729 3964 2838 4015 cxx,
2864 3951 2937 4019 i).
2964 3949 3306 4008 lntendamus
3335 3961 3516 4008 autem

1944 4038 2086 4107 quod
2116 4039 2331 4107 posuit:
2360 4038 2501 4093 Dixit
2531 4039 2599 4092 ad
2642 4056 2737 4105 me,
2764 4038 2934 4095 Filius
2972 4057 3116 4096 meus
3152 4058 3203 4096 es
3243 4052 3332 4109 tu;
3372 4042 3515 4113 quod

1942 4129 2103 4182 etiam
2135 4130 2183 4183 ei
2218 4129 2456 4182 dicturus
2486 4138 2602 4183 erat
2634 4138 2755 4198 post
2794 4130 3112 4198 baptismum
3140 4149 3151 4183 :
3180 4131 3385 4186 Hic'est
3417 4131 3513 4190 Fi-

1944 4218 2043 4271 lius
2069 4234 2210 4273 meus
2231 4218 2465 4283 dilectus,
2489 4219 2542 4271 in
2563 4233 2662 4287 quo
2689 4219 2814 4272 mihi
2843 4223 2970 4274 bene
2994 4220 3279 4289 complacui
3300 4220 3514 4294 (Matth.

1944 4326 2023 4378 Ill,
2056 4310 2166 4382 i7).
2199 4311 2266 4365 Et
2289 4319 2344 4365 ttt
2371 4311 2639 4367 Christum
2666 4325 2823 4366 unam
2854 4326 3159 4382 personam,
3185 4313 3237 4368 id
3267 4324 3349 4370 est
3382 4314 3519 4372 Ver-

1944 4403 2068 4459 bum
2096 4417 2309 4459 carnem
2335 4403 2530 4459 factum
2562 4418 2682 4459 esse
2707 4405 2956 4472 sentires,
3006 4406 3203 4477 adjecit
3228 4425 3240 4460 :
3276 4407 3387 4482 Ego
3416 4410 3516 4466 ho-

1942 4497 2025 4550 die
2050 4496 2199 4567 genui
2229 4506 2293 4550 te.
2325 4495 2436 4553 Hoc
2460 4497 2573 4566 jam
2601 4497 2731 4552 nihil
2768 4497 2929 4553 habet
2959 4513 3241 4557 commune
3263 4502 3382 4556 cum
3408 4517 3516 4557 cte-

1944 4592 2095 4655 teris,
2135 4590 2228 4646 sed
2273 4599 2438 4646 totum
2483 4599 2567 4646 est
2592 4592 2848 4661 unigeniti
2877 4590 3000 4646 Filii
3044 4594 3341 4664 proprium,
3375 4596 3515 4663 quod

1947 4683 2119 4753 ipsum
2164 4682 2441 4752 designare
2490 4689 2648 4751 atque
2704 4684 2969 4738 inculcare
3012 4698 3193 4738 rerum
3255 4684 3516 4753 potuisset

1944 4784 2240 4831 auctorem.
2279 4774 2510 4829 Dicendo
2537 4774 2703 4839 enim,
2734 4775 2904 4841 hodie,
2947 4774 3368 4828 eoaeternitatem
3400 4790 3512 4829 suae

1948 4868 2240 4936 majeStatis
2279 4866 2534 4923 ostendit.
2574 4865 2749 4922 Hodie
2790 4866 2928 4920 enim
2974 4864 3115 4935 apud
3162 4866 3327 4922 Deum
3370 4868 3518 4924 nullo

1951 4960 2100 5015 initio
2149 4960 2351 5029 incipit.
2384 4960 2531 5015 nullo
2572 4960 2677 5015 line
2714 4958 3071 5015 concluditur.
3100 4957 3217 5015 Non
3259 4970 3341 5016 est
3380 4962 3522 5017 enim

1952 5047 2048 5117 ibi,
2087 5047 2204 5117 fuit,
2259 5064 2453 5120 neque,
2492 5051 2625 5115 erit;
2679 5049 2771 5104 sed
2810 5063 3023 5118 semper
3066 5060 3263 5119 manet,
3312 5065 3527 5125 semper

1956 5146 2067 5207 est;
2110 5148 2163 5198 et
2216 5141 2471 5212 quidquid
2500 5139 2718 5205 dixeris,
2770 5139 2858 5194 ille
2904 5138 3056 5195 hodie
3105 5152 3205 5208 est,
3267 5142 3406 5197 sicut
3474 5143 3527 5199 in

1956 5231 2141 5288 Exodo
2170 5232 2339 5305 Moysi
2366 5232 2615 5303 praecepit
2638 5240 2693 5285 ut
2722 5231 2789 5286 de
2816 5232 2932 5300 ipso
2958 5232 3159 5288 diceret
3188 5250 3201 5287 :
3235 5232 3397 5299 Vade,
3440 5234 3526 5288 in-

1954 5325 2089 5395 quit,
2121 5332 2167 5379 et
2191 5325 2273 5378 dic
2300 5325 2423 5393 ﬁliis
2464 5321 2667 5377 Israel:
2694 5322 2801 5393 Ego
2830 5340 2944 5378 sum
2974 5326 3061 5395 qui
3087 5341 3234 5391 sum;
3260 5334 3307 5379 et
3338 5327 3427 5395 qui
3456 5336 3530 5381 est

1955 5417 2091 5471 misit
2117 5433 2195 5471 me
2232 5418 2299 5469 ad
2334 5431 2420 5469 vos
2455 5413 2647 5484 (Exod.
2676 5431 2759 5483 ιιι,
2792 5416 2903 5484 14).
2937 5416 3275 5485 Quapropter
3312 5417 3527 5472 aeterni-

1960 5517 2123 5563 tatem
2154 5522 2303 5564 suam
2333 5506 2499 5562 voluit
2538 5508 2896 5577 appellatione
2942 5510 3223 5577 praesentis
3265 5511 3526 5579 temporis

1960 5602 2205 5657 indicari.
2264 5601 2503 5657 Praesens
2547 5602 2690 5655 enim
2739 5585 2967 5669 tempus,
3021 5601 3160 5677 quod
3202 5602 3295 5665 ait,
3347 5601 3526 5667 hodie,

1960 5707 2058 5763 pro
2090 5693 2436 5762 perpetuitate
2466 5693 2608 5760 poni,
2641 5692 3033 5761 Scripturarum
3064 5690 3360 5747 divinarum
3395 5709 3455 5761 pr
3481 5718 3524 5743 ι-

1959 5785 2132 5854 prium
2169 5797 2287 5840 esse
2322 5785 2675 5855 cognoscitur.
2705 5782 2872 5837 Genui
2911 5792 2979 5850 te,
3022 5784 3348 5837 nativitatem
3381 5783 3523 5838 i'Tam

1958 5876 2219 5951 significat
2256 5876 2324 5935 de
2366 5892 2469 5951 qua
2518 5876 2679 5934 Isaias
2720 5875 2846 5931 dicit
2886 5872 3312 5930 :Generatiouem
3352 5882 3524 5929 autem
