4016 6344
575 403 644 461 39
1419 361 1423 364 ’
1777 409 1849 468 Μ.
1890 406 2169 468 AURELll
2207 407 2604 472 CASSIODORI
2821 378 2830 386 ’
3751 429 3821 484 to

571 518 683 588 ejus
709 518 821 589 quis
846 520 1101 575 marrubii
1127 521 1280 594 (Isai.
1318 535 1432 589 Llll,
1463 519 1558 594 8)?
1585 520 1790 579 Lumen
1820 537 1885 578 ex
1910 524 2136 592 lumine,
2168 524 2222 586 A
2244 534 2421 581 autem
2450 528 2712 601 signiﬁcat
2738 533 2981 592 nationes
3008 543 3120 593 toto
3147 537 3275 595 orbe
3299 538 3518 608 divisas,
3553 555 3686 613 quas
3715 542 3822 600 ais-

529 616 542 629 '
571 612 910 682 omnipotens
955 614 1023 671 de
1079 617 1480 684 omnipotente,
1511 616 1652 672 Deus
1699 631 1858 673 verus
1907 618 1976 672 de
2031 617 2142 672 Deo

572 715 702 756 vero
728 719 742 756 :
768 701 850 756 Ea:
879 720 982 773 quo
1009 706 1199 770 omnia,
1231 721 1323 776 per
1353 721 1502 775 quem
1529 709 1725 776 omnia,
1754 709 1807 763 in
1835 725 1938 780 quo
1972 710 2145 764 omnia

569 789 746 860 (Rom.
785 807 862 858 x1,
900 792 1018 862 30‘);
1061 793 1128 848 de
1174 808 1280 863 quo
1321 795 1388 850 ad
1443 795 1697 853 Hebraeos
1758 798 2023 867 scribens,
2070 799 2141 857 ait

563 883 851 951 Apostolus
892 902 904 938 :
944 885 1201 954 Splendor
1249 890 1458 959 gloriw,
1522 899 1569 945 et
1621 893 1790 962 ﬁgura
1846 894 2142 950 substantia:

564 979 694 1048 ejus,
725 995 904 1048 gerens
932 995 1128 1050 quoque
1169 985 1342 1038 omnia
1374 985 1524 1040 verba
1548 987 1750 1042 virtutis
1788 1004 1919 1055 suis,
1951 1005 2139 1060 purga-

566 1069 753 1124 tionem
789 1082 1116 1142 peccatorum
1143 1075 1362 1143 faciens,
1400 1079 1538 1132 sedet
1577 1080 1644 1132 ad
1675 1080 1937 1135 dexteram
1977 1083 2140 1153 maje-

563 1161 710 1214 statis
736 1162 788 1216 in
814 1164 1027 1220 excelsis
1051 1181 1070 1220 :
1101 1175 1242 1221 tanta
1271 1169 1452 1224 melior
1478 1171 1675 1242 angelis
1696 1172 1924 1241 effectus,
1949 1183 2139 1244 quanto

559 1253 876 1320 di/ferentius
905 1273 1010 1326 pra:
1037 1258 1142 1313 illis
1170 1275 1351 1316 nomen
1379 1262 1718 1318 hiereditavit.
1752 1263 1850 1318 Cui
1886 1266 2020 1321 enim
2045 1283 2138 1321 an-

557 1344 787 1415 gelorum
809 1349 939 1404 dixit
964 1350 1243 1420 aliquando
1269 1369 1288 1408 :
1317 1353 1486 1410 Filius
1513 1373 1653 1412 meus
1681 1373 1734 1412 es
1762 1368 1838 1426 tu,
1869 1374 1959 1427 ego
1987 1359 2138 1415 hodie

557 1439 712 1507 genui
754 1448 804 1492 te
833 1440 1018 1510 (Hebr.
1050 1459 1090 1512 ι,
1123 1443 1176 1510 5,
1205 1447 1262 1511 4,
1293 1446 1388 1516 5)?
1432 1457 1487 1503 et
1527 1457 1742 1522 czetera,
1791 1465 1910 1520 quae
1937 1450 2003 1506 de
2030 1467 2138 1508 ma-

556 1528 863 1597 gniﬁcentia
906 1532 1117 1588 Domini
1161 1535 1363 1590 Christi
1413 1548 1591 1594 textus
1639 1539 1732 1596 ille
1772 1542 2132 1612 proloquitur.

558 1619 893 1688 Quapropter
954 1633 1168 1679 cessent
1227 1627 1530 1697 vaniloquze
1589 1629 2021 1700 disputationes,
2053 1642 2138 1690 ‘et

555 1707 738 1765 Ariani
769 1710 1030 1782 dogmatis
1063 1716 1282 1784 perﬁdia
1323 1719 1690 1789 conquiescat.
1733 1722 1843 1778 Hoc
1881 1723 2016 1779 ﬁdes
2042 1739 2136 1780 ca-

556 1801 775 1869 tholica,
808 1805 911 1860 hoc
957 1809 1158 1864 sanitas
1187 1812 1382 1866 mentis
1425 1812 1696 1882 intelligit,
1738 1823 1793 1869 ut
1823 1815 2132 1884 nnigeuitus

2247 617 2440 675 tinctas
2483 629 2641 692 atque
2680 637 2952 694 separatas
2988 632 3208 701 sanguis
3237 633 3573 704 amplectitur
3594 645 3644 692 ⁸.
3677 638 3821 695 Gens

2245 711 2390 766 enim
2435 726 2465 770 a
2515 721 2717 784 genere
2770 717 3054 775 vocitatur.
3109 722 3392 792 Sequitur,
3451 725 3822 782 Haereditatem

2247 807 2406 858 tuam.
2449 800 2582 858 Cum
2619 804 2770 872 dicit,
2819 817 2980 876 tuam,
3024 817 3269 868 naturam
3318 813 3463 868 illam
3509 814 3563 870 in
3606 814 3822 872 Christo

2243 892 2495 961 perfectae
2524 895 2738 953 deitatis
2763 903 3016 958 ostendit.
3042 901 3178 958 Nam
3206 903 3306 959 hoc
3336 905 3509 975 ipsum
3540 909 3681 976 quod
3718 911 3818 980 ait,

2243 988 2406 1048 tuam,
2437 984 2860 1044 incarnationem
2886 991 3053 1050 Verbi
3096 1006 3218 1049 esse
3247 995 3600 1064 demonstrat,
3633 1007 3690 1053 ut
3735 1000 3820 1054 ni-

2241 1070 2316 1127 hii
2354 1073 2678 1146 intelligatur
2718 1093 2841 1136 esse
2868 1081 3120 1150 divisum,
3149 1085 3362 1154 quando
3405 1101 3513 1142 una
3538 1087 3820 1157 majestate

2239 1165 2420 1220 omnia
2458 1169 2826 1238 possidentur;
2877 1175 3016 1229 sicut
3054 1175 3170 1245 ipse
3214 1177 3267 1231 in
3318 1178 3606 1251 Evangelio
3640 1180 3771 1236 dicit
3802 1198 3816 1236 :

2245 1256 2433 1314 Omnia
2463 1278 2578 1332 quae
2623 1263 2779 1318 Pater
2810 1265 2977 1332 habet,
3008 1284 3120 1323 mea
3160 1279 3298 1335 sunt,
3345 1279 3392 1324 et
3435 1272 3607 1326 omnia
3639 1270 3821 1328 Patris

2238 1367 2351 1407 mea
2396 1362 2512 1407 sunt
2559 1353 2746 1424 (loan.
2792 1358 3044 1428 “1,15).
3094 1345 3390 1416 Haereditas
3429 1375 3558 1416 vero
3584 1361 3652 1418 ab
3684 1363 3820 1420 hero

2237 1441 2379 1498 dicta
2408 1453 2514 1512 est,
2535 1441 2589 1499 iii
2618 1453 2702 1500 est
2729 1445 2970 1513 domino,
3001 1449 3144 1520 quod
3168 1450 3222 1504 in
3251 1463 3313 1505 ea
3356 1458 3620 1520 potest-ate
3643 1451 3817 1511 libera

2239 1535 2566 1592 dominetur.

2311 1627 2378 1681 Et
2409 1631 2774 1696 possessionem
2803 1639 2944 1688 tuam
2973 1633 3211 1690 terminos
3246 1645 3410 1691 terrae.
3443 1636 3551 1707 _Hic
3579 1632 3811 1697 manife-

2239 1729 2412 1776 statur
2437 1724 2714 1780 universas
2743 1737 2929 1794 gentes
2975 1727 3028 1782 in
3066 1729 3263 1785 ChriSti
3312 1731 3530 1787 nomine
3575 1733 3818 1790 creditu-

2237 1827 2346 1878 ras,
2397 1828 2491 1883 per
2530 1830 2687 1883 quem
2736 1817 2990 1884 mundus,
3037 1818 3270 1889 explosis
3319 1823 3816 1894 superstitionibus,

555 1891 721 1949 Filius
751 1908 782 1948 a
809 1895 989 1964 Patre,
1021 1913 1122 1954 nec
1149 1909 1362 1968 natura,
1387 1917 1488 1958 nec
1517 1913 1758 1979 tempore
1785 1904 1998 1976 debeat,
2024 1923 2124 1965 nec
2155 1895 2203 1956 Β
2229 1905 2607 1960 reconciliatus
2633 1916 2718 1962 est
2749 1908 2876 1964 Deo.
2906 1911 3038 1964 Nam
3070 1925 3191 1965 cum
3220 1921 3274 1966 et
3313 1911 3402 1967 hic
3427 1916 3578 1980 dicit,
3610 1932 3816 1985 posses-

551 1994 816 2056 potestate
862 1994 1118 2062 separari.
1166 1995 1356 2066 Operae
1399 2013 1609 2071 quoque
1638 2001 1869 2071 pretium
1896 2014 1978 2060 est
2004 2019 2125 2075 per-

550 2079 786 2147 pendere
814 2086 1264 2150 quemadmodum
1309 2089 1366 2144 in
1406 2091 1488 2146 his
1517 2092 1726 2151 duobus
1761 2097 2004 2152 versibus
2031 2113 2126 2168 per

547 2168 708 2224 verba
743 2169 911 2228 Patris
938 2173 1244 2234 hominibus
1268 2181 1500 2236 voluerit
1523 2183 1800 2241 declarare
1827 2189 1970 2257 quod
2013 2199 2121 2245 est.

547 2261 665 2317 Non
693 2266 835 2320 enim
864 2277 1073 2338 poterat
1111 2273 1535 2333 substantialiter
1559 2291 1655 2347 per
1686 2294 1862 2350 genus
1883 2289 1939 2337 et
1967 2281 2119 2338 dilic-

546 2354 745 2410 rentias
796 2356 862 2412 ad
903 2359 1020 2429 ejus
1065 2363 1339 2432 proprium
1386 2367 1709 2436 pervenire,
1755 2369 1897 2440 quod
1950 2371 2120 2442 magis

544 2448 803 2504 creaturis
849 2464 1006 2521 quam
1053 2454 1293 2510 Creatori
1334 2456 1547 2512 videtur
1594 2475 1752 2530 posse
1805 2477 2123 2532 congruere.

543 2537 678 2596 Nam
715 2542 1161 2611 quemadmodum
1198 2560 1360 2617 supra
1389 2550 1508 2620 ejus
1535 2559 1784 2608 naturam
1818 2569 1990 2625 genus
2028 2557 2123 2612 ali-

543 2633 686 2702 quod
716 2636 967 2702 praevalet
1001 2639 1259 2707 reperiri,
1291 2654 1412 2696 cum
1461 2643 1634 2712 ipsum
1673 2661 1852 2702 rerum
1881 2649 2120 2706 omnium

545 2733 755 2781 constet
811 2729 914 2798 18
940 2742 1062 2786 esse
1109 2735 1417 2788 auctorem?
1457 2735 1790 2807 Quapropter
1843 2741 2121 2801 dissimilis

543 2825 626 2872 est
653 2817 754 2873 ista
781 2819 1021 2877 deﬁnitio
1047 2822 1125 2878 illi
1155 2825 1448 2883 deﬁnitioni
1479 2845 1596 2898 quae
1628 2832 1992 2892 substantialis
2021 2854 2118 2894 vo-

545 2915 718 2976 catur,
749 2925 868 2978 quae
892 2926 988 2981 per
1017 2912 1228 2970 habitas
1255 2915 1580 2974 diﬁ‘erentias
1611 2920 1889 2980 descendit
1908 2927 1973 2981 ad
2000 2943 2121 2996 pro-

545 2999 741 3070 prium.
769 3000 1148 3061 Snbstantialis
1192 3007 1334 3062 enim
1365 3010 1462 3064 ista
1491 3011 1594 3066 dici
1625 3028 1732 3068 non
1763 3026 1955 3086 potest,
1986 3035 2120 3089 quo-

545 3091 688 3146 niam
727 3091 854 3162 quid
903 3095 974 3148 sit
1017 3095 1113 3152 Dei
1161 3097 1458 3156 substantia
1508 3104 1811 3161 nullatenus
1867 3111 2120 3177 praevalet

546 3185 946 3254 comprehendi.
989 3187 1176 3246 Potest
1205 3199 1404 3260 tamen,
1439 3196 1575 3251 sicut
1602 3199 1914 3268 quibusdam
1944 3203 2116 3261 visum

546 3285 648 3344 est,
680 3279 894 3336 deﬁniri
927 3283 1105 3341 taliter
1129 3285 1267 3342 Deus
1300 3306 1311 3340 :
1343 3289 1484 3345 Deus
1513 3303 1597 3348 est
1618 3265 1912 3352 substantia
1943 3299 2120 3354 incor-
2146 3265 2194 3330 Ο

544 3384 728 3440 porea,
760 3373 986 3444 simplex
1015 3385 1069 3430 et
1091 3379 1562 3440 incommutabilis.
1592 3386 1744 3443 Nunc
1765 3393 2004 3447 membra
2027 3395 2120 3448 de-

544 3459 800 3520 ﬁnitionis
822 3466 973 3523 istius
1001 3469 1360 3526 minutissime
1391 3479 1784 3547 perquiramus.
1815 3483 1952 3540 Dicit
1972 3485 2116 3541 enim

543 3553 774 3621 primum
801 3573 812 3608 :
841 3554 951 3627 Ego
997 3571 1164 3614 autem
1203 3567 1501 3621 constitutus
1539 3586 1650 3625 sum
1677 3590 1766 3628 rea:
1805 3576 1868 3628 ab
1898 3593 1975 3631 eo.
2009 3579 2117 3636 Sed

544 3652 598 3698 et
627 3660 781 3715 rcges
815 3657 1073 3705 terrarum
1105 3655 1498 3714 constituuntur
1525 3676 1556 3716 a
1582 3661 1830 3721 Domino.
1875 3667 2114 3739 Addidit,

541 3735 711 3805 Super
742 3737 872 3792 Sion
899 3752 1120 3796 montem
1145 3757 1392 3802 -sauctum
1433 3755 1564 3822 ejus,
1596 3756 1882 3824 prwdicans
1921 3778 2114 3830 prlece-

541 3837 682 3894 ptum
711 3828 940 3886 Domini.
972 3833 1140 3891 Electi
1166 3849 1291 3894 sunt
1313 3851 1364 3898 et
1387 3846 1678 3918 pr0phetaz,
1707 3828 1958 3910 Ecclesia:
1980 3871 2118 3924 prte-

539 3917 825 3976 dicatores.
873 3920 1125 3994 Sequitur
1169 3929 1469 3990 :Dominus
1512 3917 1754 3995 dixitrad
1795 3961 1894 4013 me,
1942 3917 2114 4005 Filius

539 4024 680 4063 meus
729 4026 782 4064 es
823 4021 878 4066 tu
915 4029 931 4066 :
971 4016 1143 4072 dictus
1197 4032 1278 4076 est
1333 4035 1387 4079 et
1433 4027 1574 4085 ﬁlius
1625 4032 1820 4104 Israel,
1874 4039 2012 4094 sicut
2058 4041 2115 4097 in

537 4101 724 4157 Exodo
748 4103 1013 4164 Pharaoni
1056 4111 1249 4170 dicitur
1274 4133 1286 4168 :
1312 4115 1440 4172 Dixi
1468 4122 1575 4188 tibi,
1609 4101 1822 4182 Dimitte
1864 4133 2116 4203 primoge-

537 4192 702 4296 nitum
727 4195 893 4264 ﬁlium
921 4216 1089 4256 meum
1115 4203 1302 4273 Israel,
1349 4220 1396 4264 et
1429 4215 1638 4269 noluisti
1669 4192 1874 4288 (Exod:
1895 4237 1967 4290 IV,
1995 4192 2109 4296 2:3).

535 4282 656 4340 Non
700 4295 785 4342 εει
827 4304 956 4359 ergo
985 4295 1124 4362 quod
1158 4313 1440 4366 personam
1487 4282 1742 4375 unigeniti
1793 4311 1910 4367 Filii
1939 4282 2112 4372 adhuc

540 4376 816 4434 evidenter
855 4379 1134 4452 designare
1163 4389 1442 4456 potuisset.
1475 4396 1726 4453 Additum
1775 4411 1857 4455 cst
1894 4413 2109 4459 autem:

535 4467 652 4542 Ego
678 4469 830 4528 hodie
877 4475 1031 4544 genui
1075 4487 1141 4546 te,
1174 4481 1315 4547 quod
1360 4484 1488 4539 nulli
1528 4486 1681 4543 alteri
1711 4490 1964 4558 probatur
1991 4495 2116 4558 gedi-

541 4571 720 4632 ctum;
752 4565 847 4621 sed
877 4567 1022 4622 solus
1065 4569 1156 4625 ille
1197 4572 1314 4628 sine
1343 4583 1579 4646 tempore
1629 4583 1839 4650 genitus
1884 4595 1985 4654 est,
2019 4603 2112 4657 per

537 4670 698 4726 quem
743 4666 921 4713 creata
974 4669 1220 4718 constant
1267 4666 1537 4724 universa.
1584 4672 1672 4728 Sic
1718 4674 1873 4732 istam
1919 4681 2112 4736 verilo-

537 4761 697 4816 quam
767 4748 1288 4824 pulcherrimamque
1342 4757 1708 4820 deﬁnitionem
1777 4768 1845 4824 ad
1897 4770 2106 4830 scholas

540 4849 668 4890 suas
694 4840 854 4894 traxit
889 4840 1135 4899 doctrina
1175 4847 1469 4918 saecularis,
1503 4853 1688 4911 dicens
1715 4872 1832 4914 eam
1863 4861 2112 4920 substan-

538 4927 742 4996 tialem,
773 4945 936 5003 supra
966 4950 1126 5004 quam
1151 4953 1322 5008 genus
1349 4951 1556 5012 poterat
1580 4948 1831 5008 inveniri.

611 5020 766 5077 Vcrs.
793 5023 845 5078 8.
881 5023 1095 5082 Postula
1122 5046 1153 5083 a
1176 5047 1273 5097 me,
1303 5045 1349 5088 et
1377 5037 1509 5091 dabo
1530 5040 1620 5094 tibi
1643 5055 1812 5112 gentes
1839 5046 2110 5106 haeredita-

539 5124 638 5168 tem
665 5122 826 5170 tuam.
871 5116 982 5174 Hoc
1010 5135 1106 5190 per
1131 5122 1368 5182 habitum
1395 5129 1591 5188 dicitur
1627 5135 1956 5212 formamque
1995 5159 2109 5200 ser-

538 5207 720 5276 vilem,
752 5223 816 5264 ex
845 5225 911 5267 eo
936 5214 1078 5282 quod
1105 5215 1269 5272 Filius
1293 5231 1374 5277 est
1396 5222 1644 5295 Virginis.
1675 5207 1936 5303 Quidquid
1965 5238 2107 5294 enim

536 5298 592 5353 in
623 5308 863 5370 tempore
891 5306 1096 5374 accepit
1123 5307 1385 5380 Christus,
1421 5318 1710 5375 secundum
1743 5298 2011 5382 hominem
2042 5345 2106 5385 ea

538 5404 658 5460 qua:
681 5406 789 5448 non
818 5391 1049 5451 habebat
1071 5399 1319 5469 acquirit.
1351 5403 1449 5461 Hic
1475 5409 1616 5464 enim
1635 5409 1853 5480 jubetur
1880 5426 1938 5470 ut
1965 5428 2108 5486 petat

536 5485 831 5542 secundum
861 5495 1104 5546 naturam
1132 5492 1460 5568 inferiorem,
1490 5511 1544 5557 et
1568 5513 1784 5574 accepta
1807 5485 2104 5578 possideat;

539 5589 662 5630 nam
685 5578 974 5634 secundum
1007 5585 1301 5652 potentiam
1331 5588 1516 5658 Verbi,
1537 5591 1906 5654 inditI'ercnter
1925 5603 2108 5658 omnia

536 5684 654 5740 quae
687 5669 844 5728 habet
885 5673 1061 5744 Pater,
1096 5677 1259 5738 habet
1297 5690 1354 5738 et
1398 5683 1598 5753 Filius;
1632 5703 1732 5762 nec
1762 5691 1840 5746 illi
1880 5707 2110 5754 necesse

533 5771 615 5820 est
653 5771 836 5834 petere
865 5781 983 5838 quae
1013 5770 1178 5829 simul
1223 5776 1562 5845 cognoscitur
1589 5780 1886 5850 possidere.
1920 5785 2104 5846 Gentes

2228 1998 2425 2050 sionem
2452 2006 2613 2064 tuam,
2647 2007 2838 2054 natura
2866 2001 3211 2058 humanitatis
3241 2005 3468 2074 accepit,
3499 2008 3642 2076 quod
3661 2021 3817 2064 sem-

2229 2103 2328 2159 per
2367 2089 2543 2144 divina
2575 2093 2849 2157 possedit:
2875 2093 3141 2162 majestati
3171 2095 3313 2150 enim
3357 2097 3524 2165 ipsius
3553 2096 3664 2154 dari
3695 2113 3812 2155 non

2231 2189 2439 2249 poterat
2478 2183 2619 2252 quod
2661 2183 2909 2240 habebat.
2961 2185 3246 2243 Terminus
3293 2201 3469 2246 autem
3500 2192 3673 2249 dictus
3701 2204 3814 2263 est,

2229 2280 2285 2327 ut
2305 2273 2520 2342 quidam
2545 2275 2826 2332 voluerunt
2845 2279 2986 2348 quod
3013 2279 3148 2350 lapis
3175 2283 3288 2353 ipse
3313 2286 3345 2338 a
3374 2285 3544 2340 tribus
3573 2286 3803 2356 pedibus

2229 2365 2430 2437 aliquid
2473 2368 2646 2424 minus
2676 2369 2857 2426 habet.
2902 2372 3009 2428 Sed
3037 2375 3274 2430 terminos
3317 2386 3465 2433 terra:
3495 2393 3602 2434 non
3628 2381 3810 2438 otiose

2227 2460 2435 2516 aestimo
2465 2463 2869 2521 transeundum.
2903 2465 3127 2522 Termini
3169 2471 3312 2526 enim
3342 2482 3493 2527 terra:
3539 2481 3664 2529 sunt
3705 2475 3809 2543 qui

2227 2555 2474 2611 tellurem
2515 2556 2733 2628 cingunt
2776 2568 2936 2629 atque
2979 2561 3326 2631 concludunt,
3373 2573 3434 2620 ut
3481 2579 3586 2622 non
3625 2565 3815 2622 solum

2225 2648 2394 2714 arida,
2421 2663 2608 2706 verum
2639 2651 2801 2706 etiam
2834 2653 2996 2709 totius
3017 2655 3156 2711 aeris
3185 2657 3529 2728 circumiecta
3558 2661 3814 2717 substan-

2226 2744 2318 2816 tia,
2350 2753 2403 2801 et
2446 2747 2684 2803 omnium
2737 2758 3098 2807 creaturarum
3145 2751 3540 2822 signiﬁcaretur
3575 2753 3813 2823 integri-

2225 2844 2330 2902 tas;
2364 2839 2503 2895 sicut
2532 2850 2585 2895 et
2615 2841 2730 2910 ipse
2760 2842 2815 2896 in
2852 2843 3138 2914 Evangelia
3167 2844 3266 2898 sub
3295 2844 3556 2901 brevitate
3579 2845 3818 2904 conclu-

2223 2930 2311 2997 sit,
2340 2931 2523 2988 dicens
2547 2950 2559 2986 :
2586 2932 2721 2987 Data
2748 2943 2820 2988 est
2846 2934 2968 2988 mihi
2998 2935 3159 2988 omnis
3187 2943 3409 3003 potestas
3435 2936 3488 2988 in
3514 2935 3641 2990 caelo
3669 2945 3720 2991 et
3743 2940 3812 2995 in

2223 3031 2356 3078 terra
2387 3022 2602 3094 (Matth.
2634 3040 2817 3092 xxvm,
2851 3025 2971 3092 18);
2995 3035 3048 3079 et
3070 3024 3354 3102 Apostolus
3380 3043 3393 3077 :
3427 3024 3496 3079 Ut
3521 3027 3575 3080 in
3595 3030 3816 3086 nomine

2221 3112 2347 3167 Jesu
2375 3131 2522 3168 omne
2551 3131 2683 3184 genu
2705 3117 2938 3182 ﬂectatur
2961 3115 3258 3185 ctelestium,
3291 3119 3604 3173 terrestrium
3647 3131 3695 3177 et
3721 3121 3814 3176 in-

2223 3209 2488 3276 fernarum
2520 3204 2744 3276 (Philip.
2775 3223 2832 3272 Il,
2867 3207 2980 3277 10).

2297 3297 2450 3353 Vers.
2501 3298 2553 3352 9.
2602 3297 2765 3366 Reges
2809 3313 2893 3354 eos
2939 3300 2990 3352 in
3031 3300 3174 3371 virga
3202 3301 3387 3370 ferrea.
3444 3302 3602 3359 Modo
3644 3307 3806 3377 regni

2223 3390 2342 3458 ejus
2371 3390 2701 3444 consuetudo
2729 3389 3045 3447 describitur
3070 3410 3084 3445 :
3110 3395 3364 3462 quoniam
3389 3395 3435 3450 si
3467 3396 3534 3451 ad
3562 3397 3807 3455 litteram

2223 3479 2550 3546 intendatur,
2597 3495 2775 3550 parvae
2817 3483 3059 3538 utilitatis
3101 3492 3186 3539 est
3224 3485 3606 3556 confringenda
3633 3496 3809 3560 atque

2223 3569 2582 3626 imminuenda
2625 3571 2921 3641 percipere.
2977 3572 3083 3629 Sed
3128 3574 3336 3644 respice
3384 3577 3611 3646 primum
3656 3581 3810 3649 quod

2222 3661 2390 3717 dicit:
2424 3662 2585 3733 Reges
2615 3666 2722 3728 eos,
2751 3673 2810 3718 ut
2857 3672 3173 3734 potestatem
3220 3670 3510 3738 tyrannicae
3549 3669 3806 3727 domina-

2221 3753 2382 3808 tionis
2407 3753 2660 3809 auierret.
2715 3755 2796 3810 llli
2840 3757 2983 3811 enim
3031 3769 3309 3828 reguntur,
3362 3761 3455 3830 qui
3499 3762 3564 3815 ad
3610 3761 3807 3818 salutis

2225 3844 2363 3900 dona
2393 3846 2730 3914 perveniunt.
2767 3846 2926 3919 Virga
2954 3863 3082 3904 vero
3109 3859 3346 3920 potestas
3369 3853 3564 3930 regalis
3593 3854 3804 3926 signiﬁ-
3900 3856 3902 3858 ’

2221 3945 2395 4004 catur,
2445 3950 2546 4005 qua
2598 3939 2966 4006 peccatoribus
3013 3943 3360 4000 correctionis
3406 3959 3518 4000 suae
3560 3945 3805 4002 vindicta

2220 4027 2572 4095 promittitur.
2604 4026 2820 4096 Ferrea,
2854 4045 2959 4085 non
2987 4032 3110 4101 quia
3139 4033 3280 4089 Deus
3308 4034 3376 4090 ad
3407 4035 3661 4092 ultionem
3694 4040 3804 4092 uti-

2220 4128 2305 4174 tur
2342 4119 2488 4190 virga
2521 4121 2806 4188 metallica,
2856 4122 2951 4178 sed
2979 4122 3176 4179 duritia
3203 4125 3351 4192 ferri,
3382 4127 3546 4197 rigori
3573 4130 3802 4198 aequita-

2218 4211 2290 4268 tis
2311 4211 2568 4268 decenter
2588 4221 2765 4282 aptata
2790 4222 2892 4270 est.
2923 4214 3042 4285 ipsa
3072 4217 3213 4288 virga
3239 4227 3321 4274 est
3349 4218 3416 4274 de
3449 4234 3553 4288 qua
3579 4219 3634 4274 in
3663 4235 3800 4289 qua-

2218 4307 2521 4380 dragesimo
2561 4319 2750 4379 quarto
2777 4311 2987 4380 psalmo
3015 4313 3254 4370 dicturus
3299 4323 3382 4371 est
3411 4333 3422 4369 :
3458 4315 3617 4384 Virga
3655 4327 3802 4374 recta

2219 4409 2309 4465 est,
2360 4400 2503 4469 virga
2550 4401 2692 4470 regni
2731 4401 2805 4454 tui
2853 4402 3020 4473 (Psal.
3068 4419 3215 4471 κων,
3244 4403 3338 4473 7):
3367 4407 3460 4463 sed
3509 4407 3636 4477 quid
3669 4422 3800 4465 cum

2217 4491 2318 4546 ista
2346 4491 2493 4560 virga
2532 4491 2711 4559 iaciat,
2751 4494 3138 4566 subsequenter
3181 4497 3455 4567 explanat.
3488 4499 3611 4556 Haec
3651 4502 3801 4572 uirga

2217 4591 2318 4649 est,
2375 4596 2494 4652 quae
2543 4582 2832 4654 confringit
2877 4586 2945 4642 ad
2971 4587 3172 4642 vitam:
3201 4589 3300 4643 hoc
3345 4588 3610 4656 baculum,
3649 4593 3796 4662 quod

2219 4675 2457 4731 continet
2485 4677 2783 4732 imbecilles
2811 4695 2823 4730 :
2847 4678 2950 4735 hoc
2974 4689 3266 4750 sceptrum,
3295 4681 3436 4751 quod
3466 4682 3533 4738 de
3561 4686 3798 4741 mortuis

2220 4768 2368 4822 vivos
2399 4767 2540 4822 facit.
2583 4768 2744 4841 Virga
2772 4770 2914 4825 enim
2941 4785 3041 4825 usu
3071 4770 3304 4828 humano
3329 4771 3469 4828 dicta
3503 4782 3606 4841 est,
3645 4777 3798 4846 quod

2213 4861 2266 4915 vi
2296 4874 2394 4916 sua
2425 4869 2594 4932 regat,
2627 4872 2681 4917 et
2707 4876 2929 4933 vergere
2956 4878 3060 4918 non
3092 4865 3233 4919 sinat
3262 4865 3574 4922 innitentes.

2286 4952 2353 5006 Et
2383 4962 2624 5023 tanquam
2671 4971 2757 5009 uas
2797 4955 2943 5027 ﬁguli
2985 4956 3274 5028 confringes
3321 4974 3426 5015 eos.
3467 4960 3522 5015 ld
3552 4968 3656 5028 est,
3697 4976 3801 5031 per

2219 5046 2583 5102 conversionis
2606 5047 2838 5102 studium
2865 5055 3112 5103 conteres
3137 5049 3190 5103 in
3215 5050 3291 5104 eis
3324 5061 3564 5108 terrenas
3585 5055 3800 5123 cupidi-

2219 5149 2373 5207 tates,
2403 5150 2456 5194 et
2479 5139 2672 5195 veteris
2703 5139 2934 5193 hominis
2963 5153 3117 5195 emno
3144 5140 3373 5198 similem
3400 5144 3583 5200 vitam.
3615 5145 3683 5202 Et
3707 5162 3800 5204 re-

2216 5233 2362 5302 spice
2393 5232 2445 5286 in
2492 5231 2622 5300 ipsis
2668 5233 3175 5300 comparationibus,
3219 5234 3445 5306 singulis
3486 5239 3663 5295 verbis
3705 5256 3800 5296 re-

2214 5341 2332 5380 rum
2363 5336 2553 5379 causas
2587 5324 2842 5380 decenter
2867 5339 3176 5397 etpressas.
3221 5327 3546 5385 Potestatem
3576 5331 3797 5388 Domini

2212 5416 2344 5471 dixit
2368 5415 2566 5485 virgam
2602 5411 2857 5487 ferream;
2905 5419 3170 5487 superbos
3211 5420 3438 5488 populos
3481 5435 3566 5476 eas
3618 5423 3795 5494 ﬁguli,

2211 5507 2351 5579 quod
2378 5519 2508 5562 mox
2551 5517 2609 5564 ut
2639 5523 2951 5579 percussum
2979 5507 3164 5574 fuerit,
3199 5509 3253 5564 in
3280 5519 3460 5579 partes
3498 5513 3800 5570 minutissi-

2215 5617 2330 5658 mas
2355 5603 2665 5676 dissipatur.
2699 5603 2842 5658 Bene
2868 5618 2995 5673 ergo
3023 5612 3274 5674 peccator
3314 5606 3425 5661 vasi
3450 5606 3594 5662 luteo
3634 5621 3788 5663 eom-

2215 5706 2452 5766 paratur,
2501 5705 2560 5753 ut
2597 5704 2651 5752 et
2693 5688 2985 5753 coniractio
3031 5697 3149 5768 ejus
3177 5697 3365 5765 facilis,
3419 5706 3474 5756 et
3511 5700 3618 5756 vita
3647 5698 3796 5755 lutea

2217 5795 2629 5850 monstraretur.
2649 5786 2757 5848 Sed
2779 5794 2906 5864 tunc
2919 5787 2973 5851 in
2994 5788 3187 5849 melius
3206 5789 3552 5852 reformatur.
3573 5791 3796 5864 quando

605 5909 628 5939 ο
657 5901 805 5974 Mss,
836 5921 961 5978 quas
981 5907 1248 5975 distinctus
1275 5921 1423 5986 atque
1453 5929 1716 5990 separatus
1745 5925 1952 5997 sanguis
1989 5925 2333 6002 amplectitur-
