4064 6360
219 345 269 403 ιι
1137 333 1491 392 EXPOSI'I‘IO
1533 336 1596 391 IN
1640 334 2098 392 PSALTERIUM.
2142 333 2335 388 PSAL.
2380 331 2442 388 ll.
3353 332 3426 384 4⁸1

213 462 258 513 in
294 450 592 526 spiritualem
623 448 914 513 hominem,
956 447 1132 502 divina
1162 450 1331 519 gratia
1378 448 1731 519 sulfragantc,
1773 451 1820 508 Α
1846 445 2070 511 tionem,
2105 461 2198 514 per
2227 461 2385 516 quam
2421 446 2578 502 bonis
2609 446 2816 502 vivendi
2845 447 3047 516 prmbet
3077 445 3384 516 exemplum
3406 487 3426 514 .

215 548 503 622 perducitur.
1855 538 2058 593 Veritas
2093 549 2308 607 propter
2342 538 2635 608 judicium;
2688 539 2807 594 Vita
2838 546 3054 609 propter
3079 539 3356 594 deitatem.

271 634 408 694 Vers.
438 637 519 691 10.
546 629 613 687 Ει
642 650 800 699 nunc,
828 650 992 704 reges,
1033 633 1322 703 intelligite.
1355 631 1512 686 Venit
1539 630 1603 685 ad
1635 641 1748 686 ter-
1924 629 2077 685 Vers.
2111 629 2196 684 15.
2232 629 2358 683 Cum
2385 631 2628 685 exarserit
2654 633 2706 685 in
2729 632 2860 685 brevi
2892 633 2969 684 ira
2995 632 3129 700 ejus.
3158 630 3431 699 Metapho-

213 733 320 786 tium
348 728 657 790 membrum,
684 725 737 780 in
787 741 893 795 quo
916 726 1023 794 jam
1049 724 1322 794 ,propheta
1353 732 1658 779 commonet
1689 731 1748 776 ut
1849 735 1905 776 ra
1933 720 2001 775 ab
2031 719 2278 775 incendio
2327 721 2459 774 facta
2486 737 2500 785 ;
2533 722 2676 790 quod
2730 731 2854 776 tunc
2903 722 3070 790 magis
3115 719 3428 788 inardescit,

210 818 523 877 sacramentis
555 817 886 871 terribilibus
924 815 1223 885 patefactis,
1255 813 1547 868 humanum
1580 829 1749 884 genus
1850 809 2061 881 quando
2092 809 2342 879 pabulum
2383 810 2810 878 consumptionis
2860 812 3146 882 acceperit.
3178 809 3247 866 In
3295 810 3433 867 brevi

213 909 447 964 humiliter
471 905 686 962 obediat
713 905 979 960 Creatori.
1007 904 1107 960 Ubi
1140 905 1312 958 oritur
1335 902 1748 973 pulcherrimum
1851 903 1994 955 enim
2015 900 2168 964 dixit,
2189 899 2314 969 quia
2345 914 2465 954 cunt
2491 901 2788 956 decreverit
2812 902 3256 972 vindicat.Neque
3284 904 3432 960 enim

210 999 578 1056 deliberativum
624 997 834 1052 dicendi
865 1011 1054 1066 genus.
1104 996 1236 1050 Nam
1282 1011 1404 1050 cum
1448 994 1540 1050 tali
1585 1008 1757 1047 saera-

212 1100 365 1147 mento
413 1088 622 1158 vulgato
680 1087 1047 1158 obstupefacta
1093 1087 1291 1142 fuerint
1335 1086 1497 1142 corda
1550 1093 1751 1140 morta-

211 1181 337 1244 lium,
364 1175 742 1235 saluberrimus
771 1193 833 1234 ac
860 1178 1195 1234 necessarius
1225 1191 1413 1232 suasor
1443 1175 1670 1239 accedit,
1700 1182 1755 1228 ut

208 1291 310 1330 cum
354 1274 539 1328 timore
582 1286 645 1326 ac
701 1281 935 1326 tremore
991 1285 1118 1325 vero
1163 1270 1390 1324 Domino
1444 1268 1754 1332 serviatur,

209 1363 464 1420 ostendens
493 1361 565 1418 ab
602 1361 717 1416 utili
749 1372 803 1418 et
844 1363 1089 1426 honesto,
1125 1361 1179 1415 id
1219 1360 1360 1430 quod
1404 1359 1456 1413 in
1485 1358 1753 1413 delibera-

209 1450 414 1510 tionibus
453 1450 744 1524 plurimum
777 1453 943 1517 valet,
986 1452 1243 1522 expedire
1281 1466 1401 1520 qua:
1430 1451 1565 1504 dicta
1605 1456 1749 1504 sunt.

213 1545 330 1601 Utile
355 1555 434 1600 est
454 1545 598 1599 enim
636 1562 650 1598 :
686 1542 972 1614 Nequando
1001 1545 1256 1598 irascatur
1296 1541 1569 1608 Dominus,
1597 1550 1643 1595 et
1673 1557 1761 1610 pe-

207 1637 341 1690 reatis
367 1637 427 1690 de
461 1634 543 1689 uia
563 1635 727 1706 justo.
772 1632 1062 1690 Honestum
1098 1651 1118 1688 ε.
1148 1630 1294 1688 Beati
1328 1649 1500 1687 omnes
1530 1633 1616 1702 qui
1642 1647 1764 1684 con-

211 1727 356 1795 ﬁdunt
383 1727 434 1780 in
460 1743 542 1781 eo.
584 1727 674 1783 Sic
701 1726 1106 1782 deliberativum
1135 1724 1348 1781 dicendi
1382 1738 1551 1794 genus
1583 1722 1762 1792 perfe-

1853 995 2002 1050 illius
2018 995 2122 1048 alia
2143 994 2443 1063 dispositio,
2467 994 2570 1048 alia
2590 995 2845 1064 probatur
2872 997 3133 1064 operatio,
3152 995 3246 1050 sed
3268 995 3431 1051 simul

1854 1101 1972 1154 qua:
2002 1085 2242 1141 decernit
2266 1096 2319 1140 et
2359 1085 2503 1140 facit.
2539 1085 2606 1139 Et
2637 1093 2761 1140 nota
2793 1085 2934 1156 quod
2975 1087 3224 1154 superius
3253 1085 3305 1140 in
3332 1087 3436 1143 hoe

1855 1176 2053 1231 sacculo
2085 1177 2151 1230 ad
2183 1175 2554 1231 sustinendum
2596 1176 2794 1246 posuit,
2828 1177 3096 1246 nequando
3118 1192 3138 1230 :
3169 1177 3223 1231 in
3253 1177 3434 1233 futuro

1856 1283 1985 1322 vero
2013 1268 2077 1322 ad
2103 1268 2479 1340 judicandum,
2512 1268 2667 1334 dixit,
2705 1269 2758 1322 in
2793 1268 2964 1332 brevi;
2998 1277 3054 1322 nt
3078 1268 3238 1322 modo
3257 1269 3435 1323 omni~

1861 1359 2090 1428 potentis
2111 1357 2411 1413 declaretur
2429 1358 2617 1427 pietas,
2640 1367 2765 1412 tunc
2782 1367 3035 1428 poti-stas.
3060 1357 3173 1412 Non
3192 1367 3272 1413 est
3291 1359 3438 1414 enim

1861 1450 1913 1502 in
1933 1449 2022 1503 illo
2041 1448 2243 1518 judicio
2261 1450 2592 1519 singulorum
2606 1449 2882 1504 hominum
2905 1449 3141 1505 vicissim
3165 1449 3437 1518 operanda

1863 1538 2160 1605 discassie;
2207 1539 2299 1595 sed
2332 1549 2708 1596 momentaneo
2750 1540 2990 1596 discursu
3033 1539 3189 1595 simul
3231 1540 3437 1609 omnia,

1864 1632 1999 1684 sicut
2030 1630 2152 1686 fecit
2196 1640 2249 1686 et
2272 1631 2497 1702 judicat.
2529 1631 2675 1688 Bene
2703 1641 2881 1686 autem
2909 1631 3106 1687 dictum
3149 1641 3231 1686 est
3262 1649 3278 1687 :
3308 1629 3435 1686 Cum

1867 1724 2131 1789 exarserit,
2163 1724 2282 1794 quia
2309 1725 2421 1794 jam
2450 1739 2654 1795 magum
2679 1725 2949 1796 patientia:
2974 1725 3096 1780 ﬁnis
3127 1723 3215 1779 ille
3252 1723 3440 1780 decla-

209 1828 279 1872 cta
297 1818 678 1888 disceptatione
699 1819 1022 1887 completum
1049 1827 1151 1873 est.
1181 1817 1332 1872 Nunc
1356 1817 1420 1870 ad
1442 1814 1757 1886 exponenda
1791 1815 1835 1875 B
1867 1822 2035 1880 ratur,
2069 1829 2228 1885 supra
2251 1831 2409 1886 quem
2441 1817 2569 1870 nulli
2600 1816 2800 1886 aliquid
2825 1830 3045 1886 sperare
3070 1815 3405 1872 conceditur.

209 1910 352 1964 verba
389 1909 695 1965 redeamus.
745 1905 930 1982 Reges,
963 1906 1328 1964 dominatores
1357 1906 1617 1963 debemus
1662 1906 1760 1960 ad-

120 2047 121 2050 η
208 2009 400 2055 vertere
424 2000 703 2064 vitiorum,
749 1999 838 2070 qui
879 1999 992 2055 htec
1020 2008 1075 2054 et
1112 1998 1407 2069 intelligere
1436 1997 1668 2068 possint,
1708 2005 1764 2052 et

208 2089 448 2160 implere,
508 2091 740 2147 Domino
800 2099 1127 2161 praestante,
1181 2091 1528 2160 prtevaleant.
1583 2091 1767 2160 Neque

206 2181 334 2235 enim
365 2195 581 2253 semper
605 2192 923 2252 purpuratos
957 2196 1112 2252 reges
1157 2183 1362 2238 adverti
1394 2196 1620 2237 necesse
1658 2189 1762 2236 est.

209 2278 444 2336 Dicuntur
473 2290 634 2350 reges
663 2289 717 2334 et
741 2279 933 2350 quibus
959 2279 1162 2348 privata
1207 2273 1446 2331 conditio
1491 2279 1598 2357 est,
1630 2271 1771 2326 sicut

207 2371 270 2424 ait
285 2371 572 2440 Apostolus
595 2389 607 2424 :
630 2369 749 2426 Jam
777 2372 889 2427 sine
917 2371 1058 2425 nobis
1092 2369 1338 2440 regnetis,
1381 2375 1426 2422 et
1464 2366 1661 2421 utinam
1690 2381 1772 2419 re-

208 2463 429 2531 gnaretis,
455 2473 511 2517 ut
536 2472 584 2519 et
612 2480 702 2519 nos
726 2464 981 2518 vobiscum
1018 2469 1326 2534 regnemus‘l
1352 2457 1406 2532 (Ι
1432 2457 1554 2515 Cor.
1589 2473 1661 2523 tv,
1689 2456 1768 2527 8).

268 2550 560 2609 Erudimini
603 2555 691 2623 qui
719 2555 971 2626 judicatis
1020 2564 1227 2610 terram.
1270 2550 1534 2617 Erudire,
1577 2550 1772 2605 docere

209 2653 300 2709 est;
344 2661 466 2700 nam
519 2655 578 2702 et
612 2649 784 2715 ipsum
831 2661 1030 2702 nomen
1075 2646 1338 2717 significat
1381 2645 1774 2715 apprehensum

211 2735 473 2790 scientiam
504 2755 517 2791 :
542 2736 692 2791 rudis
713 2736 856 2792 enim
880 2736 1076 2790 dicitur
1100 2751 1290 2792 novus.
1323 2735 1598 2799 Eruditus,
1624 2731 1773 2802 quasi

210 2838 235 2878 a
275 2827 396 2882 rude
436 2827 570 2899 [ed.,
601 2842 632 2880 a
663 2823 809 2896 rure]
851 2825 1113 2892 sublatus,
1162 2825 1216 2880 id
1258 2834 1340 2880 est
1377 2825 1446 2879 ab
1480 2822 1776 2893 ignorantia

210 2913 414 2986 divisus,
459 2926 517 2972 et
548 2917 601 2971 in
630 2915 888 2972 doctrinm
930 2916 1125 2971 finibus
1152 2917 1467 2972 collocatus.
1494 2914 1647 2982 Quod
1673 2914 1778 2968 illis

209 3004 330 3064 bene
355 3008 574 3074 dicitur,
619 3009 706 3078 qui
745 3008 855 3078 jam
898 3009 1137 3064 carnalia
1181 3008 1371 3063 delicta
1413 3007 1774 3070 domuerunt;

211 3095 297 3168 ipsi
337 3100 480 3154 enim
527 3100 667 3155 bene
701 3100 943 3170 judicant
989 3109 1209 3165 terram,
1252 3099 1466 3170 quando
1511 3097 1777 3170 repressis

209 3188 360 3255 vitiis,
405 3190 729 3260 corporibus
773 3194 906 3255 suis,
954 3191 1164 3248 favente
1214 3191 1462 3259 Domino,
1507 3200 1773 3260 praecepta
1805 3179 1853 3242 C

210 3278 330 3350 legis
377 3283 688 3353 imponunt.
745 3284 848 3354 19
874 3283 1038 3339 Terra
1083 3292 1262 3338 autem
1309 3281 1450 3337 dicta
1500 3289 1585 3338 est
1629 3297 1660 3336 a
1697 3291 1782 3338 te-

211 3370 386 3437 rendo,
415 3373 559 3443 quod
589 3374 1006 3428 commeantium
1033 3375 1309 3444 gressibus
1333 3383 1613 3429 atteratur.

235 3525 238 3528 ,
276 3459 421 3516 Vers.
461 3464 548 3517 11.
587 3462 785 3518 Servite
806 3463 1025 3517 Domino
1045 3465 1099 3518 in
1117 3466 1319 3519 timore.
1341 3463 1531 3520 Brevis
1553 3472 1607 3518 et
1626 3463 1784 3533 plena

210 3553 568 3618 commonitio,
597 3567 702 3621 qua
720 3553 942 3608 Domino
962 3555 1068 3610 Deo
1083 3555 1296 3610 amabili
1319 3556 1512 3609 timore
1526 3553 1782 3608 servitur.

212 3636 335 3694 Nam
361 3643 496 3697 sicut
520 3643 751 3699 remissa
777 3646 1035 3699 securitas
1053 3645 1239 3714 culpas
1258 3645 1512 3711 admittit,
1533 3646 1601 3699 ita
1627 3644 1789 3699 timor

210 3729 576 3790 desiderabilis
600 3735 795 3789 delicta
823 3749 1036 3805 semper
1058 3736 1309 3791 excludit.
1331 3736 1399 3790 Et
1419 3751 1486 3791 ne
1512 3736 1788 3790 servitium

213 3819 302 3876 Dei
346 3823 698 3880 durissimum
747 3835 842 3881 aut
893 3827 1256 3882 tristissimum
1303 3827 1439 3882 forte
1488 3838 1792 3897 putaretur,

214 3912 506 3980 Subjunxit:

283 3998 346 4054 Et
389 4008 650 4060 exsultate
686 4006 730 4061 ei
769 4023 884 4060 cum
929 4017 1161 4063 tremore.
1193 4009 1325 4077 Quia
1376 4009 1538 4066 timor
1587 4007 1797 4064 Domini

218 4106 318 4145 non
348 4095 414 4148 ad
443 4097 747 4160 miseriam,
775 4099 868 4152 sed
891 4098 956 4152 ad
986 4101 1236 4169 gaudium
1275 4102 1452 4166 ducit;
1481 4101 1678 4170 quippe
1707 4101 1797 4169 qtti

224 4181 400 4238 beatos
427 4186 623 4254 efficit,
647 4198 700 4242 et
724 4198 939 4242 sanctos
964 4199 1235 4258 Operatur.
1259 4191 1322 4243 Et
1353 4191 1567 4252 iterum,
1601 4203 1667 4243 ne
1687 4187 1804 4242 hmc

220 4276 505 4332 exsultatio
547 4278 830 4348 negligens
853 4279 1190 4344 redderetur,
1221 4280 1446 4344 addidit,
1476 4295 1591 4332 cum
1621 4289 1806 4333 tremo-

220 4377 303 4426 re;
333 4377 387 4419 ut
414 4377 649 4440 utraque
678 4371 877 4425 sociata
908 4372 1184 4427 caelestem
1210 4373 1562 4428 reverentiam
1589 4385 1807 4441 compe-

224 4462 388 4512 tenter
412 4463 808 4528 exprimerent.

288 4569 442 4629 Vers.
471 4574 564 4630 12.
599 4575 985 4643 Appreltendite
1010 4576 1354 4648 disciplinam,
1380 4577 1646 4645 nequando
1699 4578 1805 4629 ira-
1841 4553 1888 4611 Ῑ)

225 4673 388 4718 scatur
427 4664 711 4730 Dominus,
747 4678 795 4720 et
819 4669 1030 4738 pereatis
1068 4671 1132 4721 de
1158 4671 1239 4722 via
1267 4672 1434 4740 justo.
1466 4669 1802 4738 Magnificum

226 4759 462 4827 verbum,
509 4761 884 4833 apprelteudite
924 4762 1270 4829 disciplintm,
1328 4763 1479 4832 quasi
1532 4765 1804 4816 munimen

224 4849 388 4918 clypei
416 4864 611 4907 centra
638 4854 764 4906 vitia
788 4854 944 4907 noxia
975 4858 1330 4923 profuturum.
1355 4854 1646 4909 Utilitatem
1678 4869 1806 4908 vero

227 4936 344 4993 facti
375 4941 537 5012 hujus
561 4944 910 5012 pulcherrimi
940 4945 1199 5014 propheta
1225 4945 1502 5014 subjttnxit
1529 4945 1756 5000 dicendo
1791 4961 1805 4998 :

227 5028 516 5101 Nequando
540 5037 798 5090 irascatur
822 5036 1092 5105 Dominus,
1122 5047 1170 5092 et
1200 5039 1413 5105 pereatis
1441 5039 1501 5091 de
1545 5039 1626 5091 via
1643 5039 1807 5106 justa.

228 5121 525 5194 Nequando
546 5130 704 5195 dixit,
736 5140 952 5199 propter
981 5130 1285 5198 patientiam
1320 5129 1547 5194 Domini,
1578 5145 1698 5199 qua:
1721 5130 1811 5183 ditt

225 5217 447 5273 stistinet
473 5221 832 5276 excedentes.
866 5219 931 5273 Et
962 5221 1181 5288 pereatis
1209 5222 1271 5275 de
1297 5221 1380 5273 via
1402 5223 1565 5292 justa,
1600 5222 1650 5276 id
1682 5233 1764 5276 est
1787 5238 1814 5276 a

228 5309 430 5363 ctelesti
459 5311 612 5380 Rege
641 5311 880 5380 Christo,
912 5311 1004 5380 qui
1039 5310 1130 5363 Via
1159 5318 1240 5364 est
1267 5322 1414 5365 recte
1435 5312 1814 5366 ambulantiutn

228 5398 290 5451 ad
319 5401 509 5470 vitam,
548 5405 664 5457 Dux
694 5404 959 5469 euntium,
996 5405 1098 5455 lter
1135 5400 1203 5454 ad
1245 5400 1625 5456 beatitudinem
1668 5402 1817 5457 festi-

229 5491 503 5558 nantium;
540 5493 681 5547 sicut
714 5494 828 5561 ipse
852 5494 981 5548 dicit
1011 5494 1061 5547 in
1088 5490 1377 5561 Evangelio
1401 5507 1415 5545 :
1441 5490 1553 5561 Ego
1575 5508 1689 5545 sum
1711 5495 1812 5561 via,

229 5581 432 5651 veritas,
461 5592 511 5636 et
538 5583 640 5636 vita
676 5582 856 5655 (Joan.
884 5600 992 5649 xiv,
1024 5581 1102 5654 6).
1156 5582 1274 5651 Via,
1308 5591 1524 5654 propter
1567 5583 1815 5639 incarna-

297 5788 323 5818 ⁸
346 5779 478 5838 Mss.
516 5780 615 5839 Α..
638 5780 722 5845 ιι,
757 5781 843 5844 F.,
873 5796 1086 5850 regnare
1108 5781 1376 5850 positum.

562 5873 833 5934 Partum.
884 5873 1076 5932 LXX.

1940 1905 2086 1961 Beati
2114 1923 2284 1961 omnes
2307 1908 2393 1978 qui
2415 1909 2678 1978 confidunt
2709 1909 2762 1962 in
2790 1924 2868 1962 eo.
2901 1907 3103 1962 Decora
3143 1905 3442 1974 conclusio,

1870 2007 1991 2067 post
2019 1998 2182 2052 multa
2200 1999 2382 2054 dicere
2410 1999 2474 2054 ad
2498 2001 2635 2069 quod
2654 2000 2772 2071 quis
2792 1999 2983 2055 debeat
3009 1997 3280 2054 festinare.
3302 1998 3444 2053 Con-

1870 2091 2036 2146 fidere
2060 2092 2202 2146 enim
2233 2091 2298 2144 de
2329 2091 2420 2145 illo
2445 2092 2556 2160 jam
2586 2093 2864 2162 praemium
2893 2100 2973 2146 est
2994 2107 3008 2144 :
3032 2089 3155 2159 quia
3188 2089 3299 2158 ipsa
3316 2104 3445 2145 con-

1873 2181 2090 2236 ﬁdentia
2119 2196 2211 2251 per
2241 2183 2331 2238 Dei
2362 2183 2583 2252 gratiam
2608 2183 2774 2247 venit,
2805 2185 2941 2238 sicut
2961 2185 3247 2252 Apostolus
3274 2181 3442 2240 dicit:

1874 2272 1918 2327 Α
1943 2290 2042 2345 quo
2067 2283 2141 2329 est
2167 2282 2212 2329 et
2240 2274 2364 2330 velle
2380 2283 2428 2330 et
2454 2276 2694 2346 perﬁcere
2717 2274 2880 2346 (Phil.
2907 2291 2966 2346 ιι,
2998 2275 3109 2348 13).

2409 2382 2678 2439 Conclusio
2705 2386 2906 2456 psalmi.

3341 2353 3354 2362 ρ
3392 2351 3442 2364 μ’,

1942 2495 2092 2552 Nunc
2119 2495 2173 2552 in
2218 2496 2450 2552 medium
2501 2496 2742 2553 breviter
2789 2497 3066 2568 cepiosum
3096 2494 3484 2551 sacramenti-

1871 2589 2182 2645 coelestibus
2199 2588 2489 2659 psalmum,
2503 2597 2716 2657 peracta
2730 2587 3065 2657 expositione
3093 2600 3407 2643 revocemus
3431 2629 3449 2650 ,

1875 2685 1934 2731 ut
1971 2677 2087 2745 ejus
2127 2677 2295 2733 virtus
2335 2677 2612 2733 evidenter
2638 2678 2807 2748 possit
2846 2677 3099 2748 intelligi,
3130 2691 3252 2732 cum
3283 2676 3452 2744 ipsius

1875 2770 2138 2826 valuerint
2161 2771 2398 2825 membra
2419 2769 2692 2839 cognosci.
2706 2769 3072 2838 Respiciamus
3088 2765 3447 2828 Psalmistam,

1877 2867 2073 2930 quanta
2122 2860 2193 2914 sit
2235 2861 2408 2930 gratia
2457 2859 2758 2914 D.vinitatis
2787 2867 3025 2913 ornatus.
3058 2859 3198 2913 Ante
3240 2856 3452 2913 Domini

1878 2948 2040 3003 verba
2073 2949 2401 3019 prtedicavit,
2443 2949 2634 3004 iterum
2673 2957 2794 3019 post
2821 2949 2937 3018 ejus
2960 2948 3099 3003 dicta
3135 2947 3451 3017 reloquitur.

1878 3039 2011 3096 Cum
2041 3040 2292 3110 praecedit
2317 3040 2576 3110 propheta
2595 3048 2696 3108 est,
2727 3055 2848 3096 cum
2877 3039 3113 3110 sequitur
3137 3038 3450 3108 apostolus:

1883 3130 2004 3198 quia
2029 3139 2082 3184 et
2108 3138 2333 3185 ventura
2364 3130 2568 3198 integra
2606 3129 2708 3186 fide
2747 3130 3012 3200 praadixit,
3043 3139 3097 3186 et
3126 3144 3454 3200 prosequens

1887 3219 2119 3289 perfecta
2155 3221 2382 3276 veritate
2411 3221 2713 3276 consonuit.
2741 3222 2860 3291 Ipse
2898 3231 3075 3278 autem
3107 3222 3359 3277 Dominus
3388 3222 3458 3277 de

1883 3309 2082 3376 medio,
2134 3317 2383 3380 tanquam
2429 3310 2497 3366 de
2546 3313 2686 3367 cmlo
2727 3323 3001 3378 retonans,
3052 3313 3301 3382 potentiae
3347 3326 3460 3368 sum

1885 3398 2037 3454 nobis
2058 3414 2248 3456 arcana
2282 3401 2566 3469 patefecit;
2600 3411 2658 3456 ut
2680 3411 2732 3457 et
2752 3402 3039 3458 divinitatis
3071 3403 3186 3473 ejus
3211 3403 3460 3474 gloriam,

1886 3502 1940 3545 et
1970 3491 2351 3547 incarnationis
2377 3494 2634 3564 mysteria
2662 3508 2759 3563 pro
2791 3494 3008 3550 modulo
3047 3505 3231 3550 nostro
3258 3496 3460 3551 saluta-

1888 3581 2019 3636 riter
2043 3582 2393 3637 disceremus.
2422 3583 2481 3636 ln
2513 3584 2615 3638 hoc
2640 3593 2818 3638 autem
2842 3583 3080 3639 secundo
3102 3600 3348 3651 numero,
3375 3597 3468 3656 qut

1889 3689 1952 3730 ex
1977 3674 2181 3729 duabus
2212 3674 2527 3729 monadibus
2555 3675 2773 3744 pulchre
2802 3677 3130 3745 compositus
3154 3687 3256 3745 est,
3296 3679 3468 3747 aptis-

1893 3765 2028 3819 sitne
2070 3765 2188 3819 duae
2231 3774 2434 3819 naturic
2483 3765 2774 3820 inconfusa:
2800 3776 2958 3836 atque
2987 3767 3238 3837 perfectae
3264 3768 3320 3823 in
3364 3783 3472 3824 una

1897 3872 2127 3926 persona
2151 3867 2276 3912 sunt
2305 3858 2492 3928 posita:
2521 3858 2728 3913 Domini
2756 3857 2950 3913 Christi
2978 3877 2990 3912 :
3018 3875 3238 3927 quarum
3265 3868 3347 3915 est
3367 3875 3474 3914 una

1897 3964 2000 4019 qua
2029 3957 2236 4018 regnat,
2269 3958 2325 4003 et
2351 3949 2518 4003 altera
2537 3965 2639 4019 qua
2678 3950 2982 4016 ministrat;
3017 3951 3184 4019 prima
3219 3953 3477 4013 creatrix.

1902 4042 2167 4109 posterior
2200 4050 2377 4094 creata
2403 4058 2417 4104 ;
2447 4049 2501 4095 et
2538 4040 2656 4094 ideo
2686 4055 2804 4109 quae
2835 4043 3145 4108 assumpsit,
3179 4042 3482 4110 impassibi-

1904 4127 2008 4192 Iis;
2051 4143 2170 4196 qua:
2202 4142 2330 4181 vero
2367 4137 2449 4182 est
2488 4137 2780 4195 assumpta,
2821 4128 3107 4196 passibilis.
3154 4128 3309 4192 Nam,
3341 4131 3482 4184 sicut

1907 4220 2092 4275 Patres
2111 4228 2329 4273 monent
2355 4258 2372 4285 ,
2411 4218 2598 4272 demus
2628 4217 2846 4288 injurias
2875 4218 3044 4282 carni,
3094 4221 3346 4275 miracula
3395 4221 3485 4275 di-

1906 4311 2150 4375 vinitati;
2182 4310 2550 4364 discernamus
2596 4309 2871 4364 intellectu
2918 4321 3158 4377 naturas,
3202 4320 3256 4366 et
3295 4313 3484 4365 noxios

1909 4404 2138 4458 vitemus
2160 4416 2391 4458 errores.
2423 4401 2685 4456 Divinitas
2709 4401 2851 4456 enim
2874 4401 2950 4456 sic
2979 4401 3078 4457 sibi
3102 4402 3487 4457 humanitatem

1912 4495 2195 4560 adunavit,
2242 4502 2300 4548 ιιι
2339 4493 2641 4547 nullatenus
2685 4507 2807 4547 cum
2858 4496 3185 4548 humanitate
3232 4493 3488 4548 confundi

1920 4587 2106 4656 possit.
2137 4584 2232 4640 sed
2263 4595 2486 4653 utraque
2515 4582 2790 4638 inconfusa
2816 4594 2870 4638 et
2894 4585 3125 4637 atlunata
3157 4593 3488 4652 permaneat.

1919 4677 2054 4742 Quia
2075 4677 2202 4730 licet
2231 4674 2614 4729 incarnationis
2639 4673 2970 4744 dispensatio
2995 4683 3114 4742 post
3139 4674 3489 4728 resurrectio-

1922 4783 2043 4824 nem
2091 4765 2382 4836 glorificata
2433 4767 2522 4831 sit,
2574 4759 2754 4819 tamen
2790 4766 2841 4818 in
2892 4763 3236 4818 humanitatis
3266 4764 3494 4820 vetitate

1923 4857 2234 4927 permansit.
2281 4855 2414 4911 Nam
2441 4871 2564 4912 cum
2606 4856 2721 4924 ipse
2749 4855 2944 4910 dixerit
2976 4864 3096 4923 post
3143 4857 3498 4911 resurrectio:-

1923 4963 2044 5003 nctn
2078 4947 2322 5017 apostolo
2353 4946 2613 5001 Thomas:
2647 4944 2796 4997 Mitte
2844 4961 3051 4998 manum
3083 4955 3242 5012 tuam,
3274 4955 3320 5000 et
3358 4947 3494 5011 vide,

1922 5041 2042 5109 quia
2062 5040 2271 5109 spiritus
2299 5053 2500 5091 carnem
2527 5046 2573 5089 et
2598 5052 2713 5089 ossa
2744 5052 2845 5088 non
2874 5035 3042 5103 habet,
3068 5038 3196 5092 sicut
3218 5053 3293 5091 me
3318 5038 3498 5092 uidetis

1920 5130 2102 5183 habere
2142 5127 2321 5199 (Joan.
2379 5143 2468 5190 xx,
2500 5126 2630 5195 ‘27);
2663 5140 2781 5179 cum
2817 5137 3019 5194 partem
3065 5127 3227 5198 piscis
3267 5126 3394 5194 assi,
3442 5138 3498 5182 et

1921 5223 2097 5277 favum
2125 5223 2302 5276 mellis
2344 5229 2465 5290 post
2491 5220 2938 5275 resurrectionem
2979 5220 3286 5291 sumpserit,
3335 5227 3498 5288 atque
3549 5225 3557 5259 κ

1921 5312 2214 5368 comederit
2236 5311 2388 5381 (Luc.
2413 5326 2559 5374 xxtv,
2576 5309 2666 5381 η)
2686 5327 2701 5373 ;
2725 5320 2778 5365 et
2806 5310 2860 5365 in
2887 5311 3106 5366 Actibus
3129 5311 3494 5380 apostolorum

1925 5404 2119 5475 legitur
2149 5421 2164 5456 :
2199 5402 2286 5460 Sic
2311 5403 2471 5456 veniet
2490 5403 2918 5471 quemadmodum
2937 5402 3128 5456 uidistis
3157 5418 3270 5456 eum
3300 5411 3502 5459 euntem

1924 5498 1978 5550 in
2008 5497 2188 5551 caelum
2219 5497 2358 5565 (Act.
2392 5511 2429 5563 t,
2465 5495 2586 5566 ll);
2614 5510 2735 5551 cum
2765 5495 2908 5552 dicat
2936 5495 3097 5549 etiam
3144 5496 3402 5566 propheta
3433 5495 3501 5548 de

1927 5583 2296 5655 peccatoribus
2318 5600 2330 5638 :
2358 5582 2611 5640 Videbunt
2635 5584 2685 5638 in
2713 5598 2857 5654 quem
2884 5594 3289 5641 comounazerunt
3314 5583 3499 5639 flock.

3127 5871 3167 5926 ‘2
