4016 6344
570 390 641 445 εἰς
1559 411 1565 419 ·
1793 386 1863 442 Μ.
1908 386 2137 444 AUREI.

2246 390 2300 443 ΖΛ
2312 388 2615 447 SSlODORI
3747 386 3813 443 44

572 524 666 571 ιιι,
698 506 808 578 to),
832 508 953 579 quia
977 503 1309 579 majestatcm
1329 506 1443 575 ejus
1467 510 1734 573 nequeunt
1756 504 1975 567 intueri;
2008 503 2134 556 illud
2168 510 2209 563 Α
2242 508 2358 559 me?
2383 505 2609 561 Secundi
2635 506 2819 575 psalmi
2850 505 2948 561 hoc
2969 502 3119 576 quasi
3142 504 3314 559 simllc
3340 503 3549 558 videtur
3575 502 3806 561 initium.

570 601 714 654 enim
744 598 873 653 solis
903 600 1071 654 beatis
1095 599 1322 663 dabitur,
1356 597 1494 651 sicut
1525 597 1574 649 iu
1602 596 1889 664 Evangelia
1912 595 2139 649 d'xcitnr:

572 692 717 744 [irati
732 697 918 745 mundo
933 692 1103 754 corde,
1122 692 1360 761 quoniam
1377 690 1473 760 ipsi
1494 689 1652 741 Deum
1672 689 1909 742 videbunt
1930 676 2119 756 (Matth
2130 726 2142 741 .

578 798 632 847 v,
655 782 733 852 8),
764 782 921 836 nimis
953 782 1168 835 exitiale
1205 789 1286 834 cst
1311 778 1441 833 duas
1462 788 1677 833 naturas
1706 779 1967 847 perfectas
1988 789 2144 849 atque

571 876 833 930 adunatas
854 876 904 930 in
927 874 1141 930 (Ihristo
1168 887 1272 929 non
1295 872 1515 927 credere
1541 887 1875 941 permanere,
1907 887 2037 942 quas
2070 882 2147 927 tot

573 970 832 1038 exemplis
878 969 1043 1024 voluit
1091 968 1160 1022 de
1206 968 1382 1035 seipsa
1434 966 1639 1021 Veritas
1680 966 1989 1033 przedicare.
2033 966 2145 1020 Hoc

576 1062 733 1116 Pater
763 1059 1083 1115 Athanasius
1122 1058 1542 1123 Alexandrinus,
1578 1058 1675 1112 hoc
1711 1058 1937 1111 llilarius
1968 1057 2141 1111 Picta-

572 1152 790 1219 viensis,
824 1151 925 1205 hoc
954 1151 1267 1206 Ambrosius
1311 1150 1735 1215 lllcdiolanensis,
1768 1149 1868 1204 hoc
1898 1150 2145 1220 Augusti-

572 1261 670 1299 nus
682 1254 734 1299 et
749 1245 1118 1315 Hieronymus,
1144 1244 1245 1299 hoc
1261 1243 1511 1314 Cyrillus,
1529 1243 1629 1298 hoc
1649 1243 1736 1297 alii
1759 1243 1909 1297 multi
1935 1244 2139 1309 Patres,

572 1340 636 1391 ad
666 1337 949 1392 tollendam
969 1351 1179 1405 quoque
1207 1335 1443 1390 funditus
1464 1336 1798 1391 occasionem
1824 1334 2144 1390 inanissima:

567 1425 906 1495 quaestionis,
937 1426 1227 1481 alﬁrmant.
1272 1426 1385 1481 Hoc
1412 1441 1544 1495 papa
1579 1427 1688 1482 Leo
1712 1441 1832 1481 cum
1855 1435 2033 1482 sancta
2057 1441 2147 1498 sy-

572 1516 713 1570 nodo
736 1514 1165 1572 Cbalcedonensi
1194 1517 1433 1572 decrevit
1472 1527 1633 1587 atque
1657 1519 1936 1574 constituit
1964 1518 2147 1590 (Parte

571 1621 630 1667 tt.
679 1607 877 1661 actione
922 1604 1000 1676 Ξ),
1049 1615 1109 1661 ut
1154 1622 1219 1662 ex
1266 1607 1494 1672 duabus,
1526 1617 1580 1663 et
1626 1608 1678 1662 in
1712 1608 1915 1663 duabus
1944 1610 2145 1665 naturis

571 1698 818 1753 adunatis
857 1707 1014 1769 atque
1046 1699 1316 1769 perfectis,
1348 1714 1513 1755 unum
1556 1700 1813 1771 praedicet
1846 1700 2142 1771 Christum,

569 1791 872 1861 quicunque
918 1791 1030 1846 vult
1072 1805 1196 1849 esse
1234 1790 1550 1847 catholicus.
1592 1792 1721 1859 Quae
1758 1792 1804 1847 si
1846 1794 2141 1858 memoriae,

2245 596 2352 650 Sed
2383 597 2489 663 illic
2536 597 2884 666 interrogatio
2917 594 3239 664 increpantis
3268 603 3369 658 est,
3403 592 3489 648 hic
3517 604 3694 649 autem
3721 596 3812 650 ade

2246 688 2469 742 t‘niratur
2496 700 2683 743 contra
2713 703 2773 743 se
2819 688 3045 757 populos
3086 686 3364 748 excitatos,
3396 686 3485 753 qui
3515 686 3578 739 ad
3610 701 3704 740 eos
3729 702 3818 742 c0.

2244 764 2519 849 gnoscitur
2549 779 2757 833 venisse
2795 776 3099 832 salvandos.
3127 774 3395 840 'Dicendo,
3428 772 3692 828 Tribulant
3720 793 3817 844 me,

2244 867 2543 922 ostenditur
2571 868 2637 921 de
2666 866 2894 936 amplius
2925 866 3136 921 illorum
3174 865 3415 919 caecitate
3445 864 3700 933 doluisse,
3730 867 3823 935 qui

2248 959 2484 1015 salutare
2520 974 2674 1014 suum
2707 957 2984 1014 obstinatis
3027 956 3290 1012 mentibus
3320 964 3657 1024 respuerant,
3687 958 3825 1011 sicut

2247 1050 2299 1103 in
2332 1050 2607 1120 trigesimo
2624 1058 2812 1120 quarto
2844 1049 3049 1118 psalmo
3073 1046 3308 1102 dicturus
3325 1057 3404 1101 est
3430 1065 3442 1099 :
3466 1047 3823 1102 Retribnebant

2245 1140 2375 1192 mihi
2420 1138 2559 1192 mala
2592 1140 2683 1209 pro
2711 1138 2875 1206 bonis,
2916 1130 3229 1192 sterilitatem
3259 1137 3444 1189 anima:
3487 1150 3613 1189 mea:
3654 1135 3820 1205 (Psal.

2246 1246 2431 1296 sxxw,
2464 1232 2575 1297 19.).

2317 1321 2475 1375 Multi
2520 1323 2790 1391 insurgunt
2810 1318 3078 1375 adversum
3108 1336 3222 1384 me;
3248 1321 3403 1373 multi
3430 1320 3603 1374 dicunt
3640 1318 3827 1374 animm

2248 1429 2395 1468 mea'.
2427 1412 2484 1468 In
2517 1423 2724 1468 tantum
2755 1412 2904 1467 inulti
2930 1414 3162 1478 fuerunt,
3196 1421 3252 1466 ut
3296 1413 3455 1467 etiam
3502 1412 3569 1467 de
3600 1426 3823 1469 numero

2250 1504 2636 1573 discipulorum
2683 1500 2907 1559 traditur
2935 1504 3096 1560 Judas
3142 1504 3245 1559 illis
3290 1501 3447 1558 fuerit
3486 1514 3825 1573 aggregatus.

2247 1596 2314 1652 Et
2345 1613 2466 1653 cum
2514 1599 2774 1668 repetitur
2816 1597 3032 1667 sacpius,
3077 1597 3247 1657 multi.
3293 1596 3591 1651 Ostenditur
3630 1598 3825 1652 acerba

2246 1692 2604 1747 numerositas
2629 1688 2933 1761 impiorum,
2964 1690 3049 1759 qui
3081 1702 3109 1741 a
3140 1689 3537 1758 conSpiratione
3566 1688 3824 1744 densissi-

2247 1797 2330 1836 ma
2371 1794 2703 1851 nequaquam
2727 1794 3002 1837 rarescere
3033 1787 3339 1849 potuerunt.
3383 1779 3506 1835 [lare
3547 1779 3711 1848 ﬁgura
3743 1779 3825 1834 lo-

570 1890 858 1950 praestante
875 1882 1120 1950 Domino,
1142 1884 1505 1952 recondimus,
1528 1884 1581 1938 in
1603 1883 1979 1941 ecclesiasticis
2003 1900 2142 1941 sem-
2176 1874 2220 1935 Β
2247 1876 2477 1931 cutionis
2532 1873 2727 1929 dicitur
2787 1873 3107 1943 epcmbasis.
3164 1873 3585 1929 εὶηυιηειτιιῖοηί5
3644 1874 3825 1929 81υάῙο

568 1987 663 2043 per
682 1974 881 2043 regalis
901 1974 1253 2030 ambulamus.

902 2087 1261 2145 EXPOSITIO
1297 2087 1363 2144 IN
1395 2087 1718 2145 PSALMUM
1748 2087 1836 2144 lli.

568 2177 816 2236 Psalmus
849 2178 1017 2235 David
1042 2196 1156 2235 cum
1174 2180 1365 2252 fugeret
1389 2196 1422 2233 a
1449 2180 1581 2252 facie
1609 2180 1898 2235 Abessalon:
1924 2179 2021 2249 ﬁlii
2044 2180 2146 2235 sui.

638 2293 954 2349 Abessalom
983 2292 1110 2348 dum
1138 2301 1343 2363 patrem
1371 2307 1526 2349 suum
1560 2293 1721 2348 David
1747 2293 2041 2349 crudeliter
2065 2294 2148 2349 in-

566 2392 904 2452 sequeretur,
949 2385 1106 2439 mula:
1150 2385 1354 2455 impetu
1404 2385 1691 2454 perductus
1720 2386 1773 2438 in
1820 2386 2144 2440 condensam

565 2488 845 2542 quercum,
878 2474 1043 2529 ramis
1084 2472 1200 2543 ejus
1231 2473 1369 2529 colla
1411 2474 1766 2540 neclentibus,
1811 2473 1863 2527 in
1894 2475 2032 2529 acris
2057 2488 2147 2528 su-

550 2560 835 2619 !ilimitate
880 2577 1173 2633 suspensus
1202 2573 1305 2629 est,
1334 2564 1559 2634 quadam
1600 2564 2027 2634 praeﬁguratione
2052 2563 2146 2619 do-

574 2655 757 2712 minici
806 2657 1113 2722 traditoris;
1143 2664 1204 2711 ut
1251 2657 1387 2712 sicut
1418 2656 1580 2712 Judas
1629 2656 1911 2711 innodatus
1957 2655 2145 2726 laqueo

571 2745 735 2801 vitam
767 2746 958 2815 ﬁnivit,
989 2746 1059 2802 ita
1083 2757 1137 2802 et
1176 2757 1485 2817 persecutor
1510 2747 1678 2802 David
1708 2747 2011 2803 constrictis
2033 2747 2146 2801 fau-

566 2836 721 2892 cibus
745 2838 1034 2908 expiraret.
1060 2838 1313 2894 Testante
1334 2848 1511 2894 autem
1540 2838 1743 2908 Regum
1767 2837 1984 2893 historia
2005 2837 2145 2908 psal-

568 2943 687 2985 mus
707 2929 809 2983 iste
838 2928 1275 2999 quinquagesimo
1299 2938 1418 2986 actu
1444 2931 1708 3000 posterior
1737 2938 1819 2985 est
1845 2946 1857 2982 :
1892 2928 2141 2998 quoniam

570 3026 690 3085 post
711 3018 893 3087 culpas
918 3019 1164 3074 adulterii
1190 3028 1244 3074 et
1273 3019 1541 3074 homicidii
1570 3017 1881 3074 Abessalom
1908 3019 1999 3072 ﬁlii
2026 3018 2143 3087 ejus

572 3110 872 3175 persecutio
918 3112 1159 3167 noscitur
1186 3112 1507 3180 contigisse;
1549 3110 1643 3166 sed
1689 3126 1785 3178 pro
1822 3112 2015 3166 virtute
2042 3127 2141 3167 sua

569 3200 896 3270 competenti
934 3217 1160 3257 numero
1197 3202 1452 3272 probatur
1492 3209 1719 3271 aptatus.
1758 3200 1964 3257 Tenere
1997 3204 2137 3257 enim

569 3290 719 3346 illum
742 3292 915 3346 locum
945 3293 1157 3348 tertium
1185 3300 1514 3362 oportuerat,
1543 3291 1634 3361 qui
1658 3301 1712 3347 ct
1739 3301 1937 3348 sanclte
1966 3293 2141 3349 Trini-

567 3382 694 3435 tatis
726 3382 1037 3450 potentiam,
1065 3392 1120 3437 et
1148 3381 1406 3437 triduana:
1429 3381 1831 3435 resurrectionis
1863 3383 1915 3435 in
1947 3397 2006 3437 se
2029 3399 2143 3456 tny-

568 3472 731 3528 steria
779 3473 1106 3529 continebat.
1158 3473 1290 3527 Nam
1321 3487 1417 3543 per
1456 3471 1823 3527 liberationem
1864 3471 2029 3529 David
2060 3491 2144 3531 re-

571 3566 838 3622 surrectio
895 3567 1104 3622 Domini
1156 3580 1391 3634 congrue
1445 3565 1808 3633 signiﬁcatur;
1869 3576 1927 3623 ut
1980 3569 2141 3623 animi

568 3663 995 3718 Christianorum
1056 3663 1145 3716 tali
1205 3660 1446 3729 exemplo
1475 3661 1750 3727 roborati,
1800 3661 1855 3716 in
1903 3663 2142 3719 adversis

567 3753 779 3806 casibus
807 3760 1118 3807 constanter
1143 3752 1436 3820 erigantur.
1466 3750 1650 3806 Simile
1676 3761 1756 3807 est
1796 3760 1850 3807 et
1877 3756 1984 3826 2ο
2011 3754 2140 3809 illud

565 3842 707 3912 quod
735 3842 1092 3898 Octateuchus
1118 3841 1303 3909 legitur
1327 3850 1353 3878 α
1376 3848 1498 3896 ante
1513 3842 1635 3907 Job,
1660 3858 1779 3897 cum
1804 3856 1920 3913 post
1945 3845 2141 3901 multos

565 3944 734 3987 annos
785 3933 992 4003 Moyses
1031 3932 1297 3987 exsﬁtisse
1337 3941 1607 3986 noscatur.
1647 3933 1985 4004 Quapropter
2029 3950 2134 3990 non

564 4028 858 4083 secundum
898 4026 1234 4083 existentiam
1268 4034 1587 4094 temporum,
1621 4027 1715 4083 sed
1755 4043 1850 4097 pro
1882 4029 2140 4098 qualitate

566 4120 833 4196 dictorum
882 4118 1015 4172 ordo
1053 4117 1365 4186 plerumque
1410 4119 1627 4187 ponitur
1676 4120 1989 4178 lectionum.
2032 4123 2141 4178 ille-

565 4221 748 4268 mento
773 4220 946 4267 autem
982 4210 1112 4265 alios
1143 4224 1260 4263 esse
1286 4210 1539 4278 psalmos,
1604 4212 1693 4283 qui
1737 4214 2037 4282 passionem
2088 4222 2145 4269 et

568 4304 1013 4361 resurrectionem
1045 4302 1254 4357 Damini
1298 4303 1533 4359 breviter
1560 4316 1813 4377 tangunt;
1852 4308 1984 4362 alios
2014 4323 2141 4363 vero

566 4398 655 4467 qui
698 4396 996 4451 distinctius
1036 4395 1377 4466 apertiusque
1414 4396 1707 4462 declarant,
1750 4399 1843 4453 sed
1881 4414 2135 4469 praesens,

568 4503 753 4544 eorum
780 4486 977 4556 primus
1004 4493 1107 4552 est,
1133 4487 1219 4554 qui
1245 4486 1358 4542 haec
1380 4486 1611 4543 breviter
1631 4488 1832 4543 dicunt.

1138 4593 1331 4651 Diuisio
1367 4599 1568 4667 psalmi.

636 4688 805 4743 Totus
850 4685 935 4739 ltic
965 4685 1200 4754 psalmus
1245 4687 1309 4741 ad
1352 4702 1635 4757 personam
1680 4687 1877 4743 CltriSti
1925 4687 2135 4743 Domini

567 4786 935 4847 competenter
985 4786 1218 4846 aptatur.
1270 4777 1501 4834 Persona
1533 4794 1661 4834 vero
1698 4778 1813 4848 ejus
1843 4786 1924 4833 est
1968 4779 2135 4832 virtus

568 4868 1104 4936 omnipotentissimm
1136 4868 1375 4932 Deitatis.
1408 4878 1464 4924 et
1493 4868 1767 4923 humilitas
1796 4867 2135 4923 humanitatis

569 4965 875 5026 assumptte,
903 4973 1007 5012 non
1038 4958 1137 5013 sub
1177 4958 1530 5027 permixtione
1556 4959 1797 5023 confusa,
1826 4958 1919 5013 sed
1948 4958 2139 5013 indivi-

567 5047 708 5103 sibili
736 5047 1061 5103 adunatiune
1098 5050 1419 5105 subsistens.
1461 5049 1639 5104 Primo
1668 5050 1846 5120 itaque
1875 5052 2030 5104 modo
2068 5049 2134 5104 ad

569 5141 782 5194 Patrem
815 5139 1070 5209 loquitur,
1095 5141 1530 5209 persecutoribus
1558 5141 1907 5209 exprobrans,
1938 5140 2025 5208 qui
2063 5142 2138 5196 ir-

564 5229 811 5299 religiosa
835 5242 1019 5286 contra
1062 5232 1234 5301 ipsum
1261 5231 1426 5286 verba
1475 5231 1847 5300 loquebantur.
1891 5232 2138 5287 Secundo

566 5322 684 5376 loco
711 5320 884 5376 ﬁdelis
910 5322 1157 5392 populus,
1181 5336 1248 5376 ne
1272 5332 1496 5377 mortem
1525 5321 1793 5385 formidet,
1814 5320 2095 5374 instruitur
2117 5362 2136 5389 ,

563 5412 778 5480 quando
807 5428 927 5467 eum
960 5414 1211 5484 exemplo
1233 5414 1472 5470 auctoris
1500 5414 1582 5468 sui
1613 5427 1708 5484 spe
1730 5410 2138 5467 resurrectionis

564 5505 876 5565 certissimae
898 5506 1225 5561 consolatur.

582 5580 595 5605 ί
1102 5594 1368 5663 Expositio
1388 5594 1593 5665 psalmi.

588 5686 786 5743 "Vcrs.
813 5688 867 5745 1.
895 5686 1125 5755 Domine,
1153 5687 1277 5759 quid
1296 5687 1616 5755 multiplicati
1638 5695 1756 5740 sunt
1777 5687 1863 5756 qui
1889 5686 2131 5741 tribulam

2248 1965 2411 2019 verba
2442 1973 2714 2035 repetens,
2744 1972 2803 2020 ut
2827 1964 2905 2019 rei
2933 1962 3002 2019 de
3028 1978 3129 2035 qua
3160 1963 3394 2035 loquitur
3415 1972 3661 2035 procuret
3691 1979 3827 2036 aug-

2247 2065 2510 2111 mentum.

2319 2148 2440 2203 Non
2483 2155 2558 2202 est
2595 2147 2733 2202 salus
2766 2145 2844 2201 illi
2864 2145 2917 2200 in
2948 2145 3054 2199 Deo
3076 2146 3205 2216 ejus.
3249 2143 3361 2201 Hoc
3389 2144 3454 2200 ad
3501 2144 3623 2201 illas
3665 2160 3829 2202 voces

2247 2240 2481 2310 pertinet
2510 2237 2815 2294 Iudaeorum
2844 2237 3132 2292 dicentium
3163 2254 3176 2290 :
3203 2235 3347 2290 Alios
3374 2236 3541 2290 salvos
3571 2237 3710 2307 fecit,
3744 2253 3831 2291 se-

2245 2332 2415 2401 ipsum
2464 2345 2567 2384 non
2606 2337 2768 2401 potest
2812 2329 3011 2384 salvum
3057 2331 3221 2398 facere
3250 2326 3463 2400 (Matth.
3491 2344 3659 2394 xxvii,
3700 2328 3829 2396 4‘2).

2247 2418 2540 2476 Putabater
2566 2417 2710 2474 enim
2742 2417 2901 2475 Pater
2926 2418 3267 2477 dilectionem
3313 2434 3417 2474 non
3450 2419 3648 2475 habere
3678 2418 3826 2486 Filii,

2247 2526 2405 2582 quem
2437 2510 2728 2567 carnaliter
2752 2510 3096 2580 permittebat
3124 2510 3311 2566 occidi.
3336 2511 3380 2567 Ο
3406 2510 3625 2567 nefariae
3654 2510 3831 2566 turba:

2244 2598 2623 2658 stultissimum
2659 2602 2897 2658 dictum!
2930 2603 3168 2674 nunquid
3199 2604 3497 2673 redemptio
3528 2604 3709 2659 mundi
3742 2604 3833 2659 in.

2243 2691 2479 2747 ﬁrmitati
2509 2691 2695 2748 debuit
2723 2692 3014 2763 applicari?
3034 2692 3148 2748 Non
3173 2694 3313 2748 enim
3337 2693 3653 2748 insatiabilis
3675 2708 3833 2763 mors

2244 2782 2399 2839 aliter
2427 2790 2635 2853 poterat
2680 2784 2844 2851 vinei,
2876 2783 2979 2840 nisi
3008 2786 3111 2838 vita
3162 2783 3455 2856 tyrannidis
3486 2783 3600 2854 ejus
3627 2783 3836 2855 januas

2245 2874 2539 2931 introisset.
2573 2876 2663 2930 Sic
2708 2875 2946 2930 tenebrte
2996 2888 3310 2945 permanere
3359 2881 3648 2943 nequeunt,
3698 2888 3833 2930 cum

2246 2968 2533 3038 praisentia
2564 2967 2779 3023 luminis
2805 2966 3179 3023 excluduntur.

2315 3057 2471 3112 Vers.
2496 3057 2550 3111 2.
2580 3056 2661 3110 Tu
2683 3065 2873 3122 autem,
2901 3055 3135 3119 Domine,
3167 3063 3426 3124 susceptor
3452 3070 3593 3109 meus
3614 3071 3685 3120 es,
3711 3056 3835 3127 glo-

2245 3150 2325 3204 ria
2354 3166 2466 3203 mea
2495 3159 2543 3203 et
2568 3150 2801 3203 exultans
2830 3157 2981 3217 caput
3011 3164 3196 3201 meum.
3229 3147 3503 3218 Susceptor
3528 3148 3831 3203 secundum

2168 3237 2213 3300 C
2250 3242 2471 3295 formam
2502 3240 2695 3295 dicitur
2724 3239 2899 3304 servi;
2952 3238 3181 3292 hominis
3212 3237 3352 3293 enim
3399 3239 3690 3303 susceptio,
3738 3249 3834 3294 est.
3906 3300 3912 3303 ,

2245 3331 2478 3387 Verbum
2518 3344 2642 3386 caro
2687 3329 2905 3385 factum.
2949 3329 3285 3398 Quapropter
3323 3328 3547 3397 gloriam
3579 3341 3727 3381 suam
3764 3338 3830 3383 et.

2245 3422 2622 3479 exaltationem
2639 3422 2826 3491 capitis
2848 3420 2930 3476 sui
2951 3435 3072 3475 caro
3089 3420 3239 3486 dicit,
3276 3434 3432 3489 quam
3460 3419 3690 3487 suscepit
3709 3434 3834 3472 om-

2244 3514 2491 3583 nipotens
2527 3513 2774 3579 Verbum,
2816 3520 2874 3567 ut
2921 3511 3105 3566 divina
3147 3511 3485 3577 humanaque
3519 3507 3828 3561 substantia

2244 3621 2346 3661 una
2372 3614 2511 3663 esset
2532 3606 2647 3660 sine
2674 3605 2848 3675 aliqua
2889 3603 3199 3659 confusione
3238 3615 3486 3671 persona.
3519 3600 3629 3654 Hoc
3655 3599 3827 3655 etiam

2244 3698 2309 3752 ad
2357 3696 2665 3766 Pelagianos
2710 3695 2941 3766 pertinet
2970 3693 3344 3757 destruendos,
3377 3692 3466 3761 qui
3495 3699 3680 3761 putant
3721 3690 3829 3744 ho-

2244 3788 2441 3843 minem
2472 3786 2671 3856 aliquid
2703 3801 2799 3855 per
2828 3801 2885 3841 se
2913 3784 3128 3841 efﬁcere
3152 3799 3308 3854 posse
3330 3783 3469 3851 quod
3494 3782 3686 3837 bonum
3710 3790 3823 3837 est.

2242 3880 2377 3935 Nam
2407 3877 2545 3948 quis.
2578 3891 2727 3946 rogo,
2761 3875 2862 3931 sibi
2893 3877 2956 3930 ad
2998 3876 3132 3931 bene
3182 3874 3442 3945 agendum
3475 3874 3590 3927 sine
3617 3873 3818 3927 divinae.

2245 3966 2431 4038 gratia:
2481 3966 2726 4035 largitate
2765 3964 3016 4030 sufﬁciat,
3054 3978 3175 4018 cum
3216 3964 3446 4017 humana
3486 3972 3669 4016 natura
3717 3976 3824 4031 per

2243 4055 2486 4127 gratiam,
2534 4071 2635 4125 qua
2666 4055 2810 4110 unita
2839 4041 2920 4110 est
2951 4053 3078 4118 Deo,
3111 4053 3175 4107 ad
3209 4052 3376 4108 Patris
3423 4053 3491 4106 sit
3535 4053 3813 4106 dexteram

2244 4147 2543 4203 collocata?
2598 4145 2751 4213 Quod
2796 4146 2984 4201 beatus
3036 4144 3364 4213 Augustinus
3395 4143 3449 4197 in
3504 4142 3817 4197 En-hiridio

2244 4256 2392 4295 more
2422 4255 2518 4295 suo
2539 4240 2696 4295 latius
2712 4251 2764 4295 et
2783 4240 2983 4294 utiliter
3006 4238 3291 4307 explicavit
3309 4235 3458 4308 (Cap.
3485 4235 3555 4291 55
3584 4248 3628 4289 et
3654 4237 3818 4307 δρψ).

2244 4331 2461 4385 Factum
2489 4340 2573 4386 est
2600 4340 2775 4385 autem
2823 4329 2907 4384 hic
2955 4328 3369 4399 pulcherrimum
3399 4326 3636 4390 schema,
3669 4329 3816 4398 quod

2245 4419 2429 4475 Grtece
2459 4419 2652 4475 dicitur
2677 4420 2910 4487 auxesis,
2928 4434 3045 4488 qua:
3065 4418 3307 4473 addendo
3328 4416 3568 4483 quadam
3600 4408 3818 4473 nomina

2244 4525 2342 4579 per
2386 4511 2623 4566 membra
2652 4510 2860 4581 singula
2899 4524 3078 4566 rerum
3124 4515 3404 4579 augmenta
3454 4506 3816 4577 congeminat.

2170 4607 2217 4667 D
2247 4600 2384 4656 Dicit
2424 4601 2567 4657 enim
2598 4622 2612 4657 :
2644 4600 2725 4655 Tu
2752 4611 2940 4667 autem,
2991 4599 3233 4666 Domine,
3263 4609 3521 4671 susceptor
3549 4615 3692 4653 meus
3740 4617 3819 4666 es,

2240 4693 2408 4761 gloria
2433 4708 2563 4758 mea,
2592 4702 2637 4747 et
2668 4693 2900 4748 exultem
2940 4700 3092 4763 caput
3114 4705 3298 4745 meum.
3330 4690 3443 4746 Hoc
3469 4689 3627 4743 etiam
3655 4690 3819 4744 latins

2240 4782 2486 4853 designat
2510 4783 2803 4851 Apostolus
2828 4783 3012 4838 dicens
3042 4799 3059 4836 :
3089 4783 3219 4849 Quis
3241 4790 3337 4835 nos
3365 4781 3615 4851 separabit
3637 4798 3667 4835 a
3692 4782 3820 4835 eba-

2238 4875 2387 4927 ritate
2414 4872 2639 4928 Christi?
2679 4872 2964 4939 tribulatio,
3004 4888 3073 4925 an
3124 4873 3384 4943 angustia,
3417 4888 3483 4925 an
3512 4873 3815 4941 persecutio,

2238 4981 2306 5018 an
2332 4968 2512 5033 fames,
2535 4981 2599 5017 an
2623 4964 2847 5030 nuditas,
2868 4980 2935 5018 an
2964 4964 3270 5030 periculum,
3302 4980 3370 5018 an
3402 4965 3604 5033 gladius
3631 4964 3814 5033 (Rom.

2239 5069 2354 5120 vtn,
2387 5053 2521 5122 55)?
2550 5061 2655 5108 etc.
2690 5053 2824 5107 lluic
2849 5054 3020 5108 vicina
3045 5063 3128 5109 est
3156 5053 3318 5122 ﬁgura
3349 5069 3467 5123 quae
3497 5054 3688 5109 dicitur
3714 5058 3817 5111 cli-

2239 5154 2383 5209 max,
2414 5144 2599 5200 Latine
2628 5144 2888 5213 gradatio,
2913 5144 3125 5214 quando
3150 5145 3334 5213 positis
3356 5144 3668 5215 quibusdam
3689 5161 3814 5216 gra-

2238 5236 2415 5300 dibus,
2455 5236 2568 5290 sive
2612 5236 2665 5289 in
2705 5234 2881 5301 laude,
2913 5236 3026 5292 sive
3065 5237 3118 5292 in
3158 5237 3546 5304 vituperatione
3594 5252 3815 5305 semper

2238 5326 2517 5380 accrescit.
2552 5324 2655 5381 Sed
2689 5325 2830 5381 inter
2869 5336 3092 5397 utraque
3117 5327 3387 5383 schemata
3419 5327 3520 5383 hoc
3562 5328 3811 5393 interest,

2237 5415 2379 5485 quod
2427 5416 2640 5473 auxesis
2684 5418 2800 5473 sine
2838 5418 2948 5473 ulla
2995 5420 3274 5474 iteratione
3318 5420 3569 5485 nominis,
3625 5435 3809 5475 rerum

2241 5516 2489 5574 procurat
2540 5518 2844 5579 augmenta,
2890 5511 2942 5564 in
2968 5511 3192 5566 climace
3223 5524 3353 5566 vero
3388 5526 3607 5568 necesse
3635 5521 3716 5567 est
3747 5522 3809 5567 ut

2239 5607 2565 5666 postremum
2594 5599 2838 5665 verbum,
2862 5598 3006 5669 quod
3034 5609 3117 5654 est
3144 5600 3194 5655 in
3228 5601 3397 5669 primo
3426 5611 3808 5670 commate-po-

2242 5688 2425 5759 situm,
2460 5690 2511 5744 in
2540 5691 2779 5761 sequenti
2809 5690 3049 5748 membro
3077 5691 3249 5749 modis
3268 5692 3512 5749 omnibus
3533 5692 3756 5749 iterctur
3786 5708 3809 5764 ,λ

634 5831 657 5859 ⁸
689 5823 810 5878 Mss.
844 5822 924 5891 S.,
958 5823 1119 5888 Aud.,
1154 5822 1275 5884 Bec.
1307 5832 1357 5876 et
1390 5821 1549 5888 Fisc.,
1589 5819 1956 5875 Dentatum/rus
2002 5824 2196 5894 leg’tur,
2229 5833 2330 5879 etc.
