4064 6360
221 422 278 478 l5
1138 403 1491 475 EXPOSiTIO
1533 402 1593 457 lN
1636 401 1826 456 PSAL'l

1816 400 2091 456 TERIUM.
2135 402 2318 456 PS.\L.
2367 402 2453 456 ιιι.
3355 406 3421 455 ιιδ

220 536 336 588 sicut
367 534 443 581 cst
471 521 591 577 illud
622 517 861 587 Apostuli
894 535 908 572 :
939 517 1163 573 Scienm
1209 516 1448 587 quoniam
1488 511 1749 579 tribulatio
1777 514 1826 570 Α
1854 508 2099 564 mendam
2130 525 2341 565 causam
2373 528 2471 585 per,
2494 513 2841 583 tropologinm
2872 528 2938 566 ex
2982 521 3159 567 nostra
3202 528 3427 567 consuc-

219 616 477 692 policntiam
522 618 775 679 aperatur,
820 607 1061 674 patientia
1103 606 1471 674 probationem,
1520 603 1749 672 probatio
1855 598 2037 653 tudine
2065 600 2261 668 aliquid
2290 599 2357 654 de
2398 601 2504 655 Deo
2541 602 2741 656 dicere.
2773 598 2980 670 Tropus
3009 611 3185 656 autem
3226 612 3311 656 cst
3348 602 3428 657 dis

220 688 354 780 spem,
380 720 482 773 spes
510 717 621 754 vero
646 716 749 752 non
778 698 1042 763 confundit
1072 695 1250 769 (Rom.
1282 710 1333 759 v,
1363 696 1417 759 4,
1444 692 1522 762 5).
1851 688 1961 742 ctio
1982 688 2050 741 ah
2076 703 2140 742 eo
2168 688 2287 741 loco
2315 689 2365 742 iu
2410 705 2514 758 quo
2546 693 2755 758 propria
2797 700 2908 760 cst,
2942 693 3193 747 translata
3223 693 3275 747 in
3304 709 3426 749 cum

278 799 411 852 Vers.
442 794 490 848 ὅ.
522 791 653 845 Voce
690 807 800 844 mea
844 790 911 841 ad
943 788 1218 842 Dominum
1247 788 1482 850 clamavi,
1519 794 1565 840 et
1587 802 1748 840 exau-
1853 778 2028 832 locum
2068 776 2122 831 in
2151 793 2255 848 quo
2284 781 2497 848 propria
2528 795 2634 834 non
2662 788 2764 836 est.
2797 781 3009 837 Salvum
3048 800 3126 837 me
3154 785 3257 855 fac,
3293 784 3430 838 Deus

219 886 321 941 δίυη
346 900 417 939 ,ηε
440 884 500 937 de
521 888 687 935 ηιοηεε
702 888 876 934 sancio
898 896 1011 934 suo.
1039 878 1169 933 Cum
1196 877 1348 947 dixit,
1374 894 1506 942 mea,
1538 877 1754 932 demon’.
1856 884 2015 922 meus.
2050 868 2159 922 lloc
2185 869 2252 922 de
2293 870 2686 925 resurrectione
2731 866 2956 937 dicitur;
2998 888 3103 927 non
3146 875 3288 930 enim
3330 876 3429 929 de-

221 986 333 1031 strat
358 972 603 1028 orationis
628 970 855 1039 proprias
880 969 1271 1024 sanctissimam
1302 970 1614 1037 puritatem.
1637 969 1751 1023 Non
1854 959 2056 1015 “illam
2082 960 2206 1014 νίιω
2235 959 2391 1030 huius
2423 962 2723 1030 Ρθῐῖευίιῑυΐ
2760 978 3009 1019 occasum
3028 1006 3043 1031 9
3073 966 3162 1034 (illi
3189 975 3303 1022 ειάῑ
3330 966 3431 1021 hu-

218 1066 337 1120 enim
366 1054 501 1117 illius
535 1060 893 1130 integritatem
934 1059 1107 1127 aliqua
1134 1046 1307 1129 imago
1340 1058 1634 1129 phantasize
1662 1073 1756 1127 ρο·
1856 1068 2017 1109 mano
2063 1055 2242 1129 generi
2299 1054 2628 1125 profuturus.
2679 1056 3013 1112 Adversantes
3062 1066 3271 1124 autem,
3320 1074 3430 1114 non

219 1160 334 1207 terat
356 1151 624 1221 impedire,
648 1159 704 1203 ut
731 1148 937 1204 caneris
967 1147 1279 1202 mortalibus
1306 1146 1615 1202 infirmitate
1643 1161 1756 1201 car-
1856 1144 2029 1198 solum
2057 1145 2123 1199 ad
2166 1155 2390 1200 mortem
2421 1145 2679 1215 pertinet,
2710 1145 2806 1201 sed
2846 1147 3005 1200 etiam
3046 1147 3111 1201 ad
3152 1147 3433 1203 hmreticas

219 1242 288 1298 nis
316 1243 607 1309 plerumque
650 1238 961 1309 subripitur.
1013 1237 1165 1303 Quod
1205 1246 1383 1292 autem
1428 1237 1588 1293 dicit:
1628 1237 1758 1292 Voce
1858 1235 2201 1304 quaestiones,
2228 1236 2319 1306 qui
2347 1236 2462 1290 sine
2489 1236 2728 1290 veritatis
2754 1232 2931 1291 studio
2959 1235 3249 1290 catholicas
3276 1250 3433 1306 regu-

218 1349 308 1385 utea
328 1331 390 1383 ad
412 1329 682 1383 Dominum
709 1328 943 1393 clamavi,
997 1328 1097 1383 hoc
1134 1328 1437 1397 evangelica
1468 1329 1634 1385 verba
1665 1329 1758 1385 de-
1859 1327 1938 1382 las
1966 1327 2141 1397 pravis
2167 1327 2499 1397 dogmatibus
2541 1331 2913 1397 insequuntur.
2958 1326 3027 1382 Et
3065 1329 3255 1383 merito
3298 1331 3441 1384 tales.

215 1423 408 1486 claraut,
424 1420 505 1474 ubi
532 1421 609 1474 ait
635 1418 798 1474 Filius
823 1437 836 1471 :
866 1417 1047 1484 Pater,
1075 1417 1306 1489 glori/ica
1336 1416 1529 1472 Filium
1558 1428 1700 1471 tuum
1730 1426 1757 1457 ι
1859 1418 2103 1473 caecitate
2145 1417 2339 1473 mentis
2366 1417 2753 1488 percutiuntur,
2792 1418 2882 1488 qui
2913 1433 2973 1474 se
3003 1418 3270 1488 perversis
3296 1418 3435 1473 desi-
3530 1416 3533 1417 ⁷

224 1509 377 1580 (Joan.
409 1526 530 1574 xvn,
568 1511 648 1580 l),
704 1520 807 1564 etc.
875 1508 1007 1564 Nam
1038 1508 1181 1578 quod
1210 1508 1363 1574 dixit,
1396 1524 1527 1573 mea,
1562 1509 1762 1565 indicat
1860 1508 2025 1563 deriis
2051 1508 2399 1565 miscuerunt.

217 1604 334 1673 quod
362 1603 467 1670 ipse
494 1603 703 1657 locutus
731 1611 812 1656 est
835 1603 994 1657 etiam
1026 1617 1120 1669 per
1144 1600 1451 1671 prephetas.
1476 1600 1609 1656 Illud
1635 1616 1759 1658 vero
1935 1598 2117 1654 Dentes
2143 1609 2463 1670 peccatorum
2503 1600 2802 1655 contrivisti.
2844 1599 2897 1654 ld
2929 1610 3010 1654 est
3038 1598 3431 1655 detrahentium

221 1692 341 1759 quod
375 1692 633 1761 sequitur,
669 1702 714 1746 et
745 1692 1003 1746 exaudivit
1032 1708 1110 1745 me
1145 1692 1207 1744 de
1235 1700 1404 1745 monte
1440 1702 1615 1747 sancto
1644 1709 1759 1759 suo,
1862 1690 2021 1744 verba
2063 1690 2363 1757 mordacia,
2394 1690 2481 1761 qui
2531 1690 2779 1758 potestati
2824 1690 3015 1745 divina:
3062 1689 3306 1747 nefandis
3331 1691 3431 1746 do-

216 1793 261 1838 ct
282 1785 369 1837 ltoc
392 1782 659 1856 Evangelii
689 1793 865 1839 textus
892 1784 1131 1852 exponit,
1162 1782 1251 1836 ubi
1279 1798 1379 1837 vox
1400 1782 1464 1838 ad
1479 1797 1599 1839 eum
1625 1783 1761 1838 facta
1862 1780 2126 1851 gmatibus
2151 1780 2530 1850 ohloquuntur.
2578 1782 2773 1836 Dentes
2801 1781 2941 1835 enim
2968 1779 3095 1836 dicti
3124 1790 3246 1835 sunt
3271 1794 3304 1834 a
3342 1780 3438 1836 de—

214 1882 310 1928 est:
334 1871 393 1925 Et
410 1872 707 1941 clari/icavi,
726 1882 772 1926 et
801 1874 980 1926 iterum
1003 1872 1294 1940 clariﬁcabo
1317 1872 1500 1940 (Joan.
1519 1889 1614 1940 xu,
1642 1872 1757 1942 2)).
1790 1868 1837 1929 B
1864 1871 2060 1927 mendo
2082 1870 2132 1925 ιι.
2163 1872 2231 1926 Et
2256 1871 2375 1927 ideo
2398 1871 2617 1942 pulchro
2641 1871 2797 1926 nimis
2823 1871 3016 1942 lingua:
3042 1871 3436 1928 detrahentium

215 1961 301 2018 Per
347 1975 577 2018 montem
623 1963 881 2032 siquidem
913 1975 968 2019 et
1015 1965 1128 2034 ipse
1176 1963 1454 2029 Dominus,
1487 1975 1541 2020 et
1588 1967 1765 2021 sancti
1869 1963 2057 2018 dentes
2103 1972 2392 2030 vocantur;
2423 1964 2543 2033 quia
2572 1964 2709 2019 sicut
2736 1964 2813 2018 illi
2839 1964 3079 2019 ciborum
3123 1973 3303 2033 partes
3340 1965 3439 2021 de-

225 2058 343 2124 ejus,
383 2066 436 2113 et
465 2058 703 2112 Ecclesia
743 2057 967 2113 diversis
996 2058 1207 2128 quidem
1238 2059 1368 2115 locis
1394 2059 1667 2129 aptissime
1694 2060 1762 2114 si-
1869 2066 2048 2122 munt,
2074 2058 2146 2112 ita
2173 2067 2228 2113 et
2252 2057 2339 2113 isti
2367 2058 2647 2127 opiniones
2686 2058 2959 2113 hominum
2997 2058 3232 2117 adhibita
3258 2058 3437 2113 detra-

224 2146 540 2215 gnilicantur.
578 2147 674 2203 llic
712 2158 886 2204 tamen
932 2149 1129 2204 dictum
1174 2150 1569 2219 intelligendum
1601 2158 1683 2203 est
1707 2149 1768 2204 de
1867 2149 2043 2205 ctione
2070 2148 2379 2204 corrodunt.
2414 2148 2663 2215 Quamvis
2691 2148 2794 2202 hoc
2830 2156 2888 2203 et
2926 2147 2991 2203 ad
3030 2147 3245 2203 iudices
3270 2148 3442 2217 possit

220 2249 382 2305 monte,
422 2240 471 2295 id
518 2251 603 2299 est
638 2240 705 2295 de
730 2240 1017 2297 divinitatis
1060 2242 1502 2299 excellentissima
1542 2241 1766 2297 summi-
1868 2238 2068 2309 aptari,
2098 2239 2184 2307 qui
2215 2238 2500 2294 dicebant:
2529 2238 2591 2294 Si
2628 2255 2719 2293 rex
2745 2238 2913 2293 Israel
2938 2247 3045 2307 est,
3075 2238 3347 2294 descendat
3374 2239 3439 2294 de

218 2334 332 2392 tate;
373 2330 509 2384 sicut
549 2339 604 2385 et
642 2329 780 2385 alius
807 2330 1041 2400 psalmus
1080 2330 1207 2386 dicit
1237 2349 1249 2384 :
1287 2331 1499 2387 Justitia
1528 2340 1613 2384 tua
1637 2330 1766 2383 sicut
1868 2343 2040 2394 cruce,
2069 2336 2116 2381 et
2151 2328 2405 2381 credimus
2442 2328 2489 2381 ei
2520 2327 2733 2399 (Matth.
2760 2342 2937 2395 xxvn,
2964 2327 3081 2398 42).
3116 2326 3441 2393 Contrivisti,

215 2429 384 2473 montes
416 2420 512 2473 Dei
534 2420 709 2490 (Psal.
750 2437 910 2488 xxxv,
942 2422 1019 2491 7).
1055 2421 1289 2492 rEquum
1327 2421 1468 2478 enim
1509 2421 1683 2477 fuerat
1712 2430 1768 2477 ut
1871 2418 1971 2472 hoc
2005 2422 2089 2472 est
2114 2418 2180 2471 ad
2210 2416 2432 2472 nihilum
2462 2417 2776 2487 perduxisti.
2818 2417 2948 2472 Nam
2988 2432 3171 2473 revera
3217 2418 3436 2473 contriti

217 2516 376 2561 natura
405 2509 744 2565 humanitatis
771 2520 1078 2582 assumptus,
1107 2513 1291 2583 qu:ei:r
1320 2513 1476 2569 terris
1497 2513 1769 2583 singulare
1867 2518 2024 2576 sunt,
2057 2510 2268 2579 quando
2297 2509 2469 2579 ipsum
2512 2519 2876 2581 cognoverunt
2904 2512 2957 2565 in
3000 2510 3222 2581 gloriam
3260 2525 3441 2568 resur-

216 2598 459 2665 patientia:
489 2604 808 2657 monstravit
837 2604 1162 2672 exemplum,
1215 2605 1266 2659 in
1315 2604 1466 2660 ctelis
1496 2606 1767 2677 acciperet
1869 2597 2098 2666 rexisse,
2123 2611 2292 2667 quem
2320 2598 2420 2654 nisi
2463 2605 2621 2665 sunt.
2667 2597 2994 2659 humanitate
3018 2597 3303 2668 despecta.
3333 2607 3445 2655 tru-

218 2699 559 2747 creaturarum
586 2694 822 2748 omnium
852 2694 1225 2765 principatum.
1868 2686 2070 2741 cidare.

273 2785 418 2844 νει-3.
443 2788 502 2846 4.
535 2789 647 2863 Ego
674 2791 889 2847 dormivi
910 2802 956 2847 et
976 2804 1239 2862 saporatus
1261 2812 1394 2861 sunt,
1418 2805 1463 2851 et
1482 2798 1766 2859 exsurrexi,

1942 2777 2094 2831 γωδ.
2124 2778 2176 2831 7.
2200 2776 2418 2833 Domini
2451 2788 2525 2833 est
2559 2779 2722 2845 salus,
2753 2790 2802 2833 et
2838 2796 2994 2845 super
3024 2781 3270 2850 populum
3300 2788 3469 2843 tuum.

219 2879 318 2941 (μία
336 2879 587 2936 Domina,
606 2885 826 2952 suscepi,
849 2884 1119 2939 ,ηαγρηη
1140 2886 1205 2940 ad
1227 2887 1514 2941 secundum
1541 2897 1767 2958 partem,
1871 2864 2153 2958 benedictio
2176 2876 2284 2920 tua.
2323 2868 2529 2958 Contra
2555 2869 2674 2958 illos
2700 2869 2817 2924 haec
2844 2871 3108 2926 sententia
3150 2870 3440 2938 profertur.

223 2968 269 3021 in
300 2987 392 3039 qua
437 2973 793 3028 dubitautium
824 2976 983 3030 corda
1024 2978 1361 3042 roborantur,
1402 2988 1459 3032 ut
1493 2954 1774 3035 crederent
1870 2969 2095 3023 quorum
2122 2954 2310 3011 demes
2352 2956 2600 3025 superius
2638 2957 2775 3012 dum
2813 2973 2934 3014 ⁸⁵³⁸
2974 2958 3254 3021 conum"
3302 2960 3443 3016 pro"

220 3072 323 3114 eum
349 3064 631 3118 confestim
657 3074 1102 3131 resurrecturum,
1124 3081 1282 3135 quem
1310 3067 1471 3122 visuri
1494 3077 1645 3122 erant
1674 3069 1771 3123 im-

1870 3046 2163 3100 nuutiando
2201 3048 2378 3113 enim,
2428 3045 2635 3101 Domini
2672 3059 2746 3103 est
2793 3050 2957 3115 salus,
3004 3050 3126 3115 illos
3165 3051 3443 3113 confundit

218 3148 404 3216 piorum
439 3154 685 3208 manibus
713 3156 1043 3211 crucifixum.
1069 3157 1319 3223 Dormivi,
1346 3157 1504 3228 dixit,
1529 3160 1650 3230 quia
1680 3175 1769 3215 ce-
1813 3229 1823 3230 ί

1870 3136 1959 3204 qui
2008 3144 2354 3205 putaverunt,
2385 3137 2608 3193 salutem
2648 3135 2886 3208 Christo,
2919 3150 3172 3211 tanquam
3221 3150 3442 3198 terreno

218 3234 378 3293 leriter
408 3244 697 3298 resurrexit
725 3261 740 3309 ;
773 3245 913 3314 quod
943 3245 1003 3299 fit
1043 3247 1094 3300 iu
1121 3258 1311 3303 somno
1339 3250 1442 3303 isto
1479 3229 1645 3315 vitali,
1674 3251 1765 3306 ubi
1794 3229 1823 3291 (ί

1834 3231 1840 3289 ι
1871 3229 2099 3294 homini.
2119 3229 2506 3298 contemptibili
2529 3232 2943 3302 praesumptione
2963 3232 3275 3303 decerpere.
3299 3232 3439 3301 Quid

217 3340 310 3381 ηοη
338 3329 455 3385 vim
477 3335 763 3399 terminus.
790 3336 884 3390 sed
915 3337 1221 3406 tempora‘is
1243 3340 1454 3408 requies
1481 3339 1763 3395 invenitur.
1871 3319 2299 3389 inaniter,impii,
2320 3319 2894 3389 laboratisiouomodo
2925 3330 3097 3392 potest
3124 3333 3215 3379 aut
3238 3333 3441 3379 mterua

219 3415 484 3486 soporem
505 3441 645 3490 sum,
676 3440 918 3481 securam
948 3427 1210 3496 Signiﬁcal
1234 3430 1627 3497 musmonem;
1660 3445 1765 3485 ηοη
1869 3410 1973 3463 vita
2015 3410 2275 3474 interimi,
2314 3418 2407 3463 aut
2446 3410 2713 3497 salvatori
2754 3412 2897 3467 salus
2938 3413 3203 3469 ullatenus
3247 3429 3437 3483 ampu-

214 3509 337 3564 εῑουι
365 3513 500 3584 impii
550 3518 645 3586 qui
676 3518 727 3570 in
772 3528 943 3572 morm
972 3496 1304 3589 quatiuntur,
1349 3535 1482 3589 quos
1510 3521 1768 3589 inquietat
1870 3498 2003 3553 tati?
2031 3497 2200 3568 Super
2222 3496 2643 3568 populum'tuum
2686 3499 2964 3555 benedictio
3005 3511 3115 3556 tua.
3151 3502 3266 3557 Utta
3309 3517 3440 3558 seu-

210 3595 390 3666 jugiter
433 3606 767 3661 conscientia
816 3618 1153 3676 peccatorum
1186 3626 1200 3661 :
1230 3609 1323 3664 sed
1366 3612 1639 3679 soporatio
1668 3613 1765 3666 ista

1870 3590 2067 3655 tentia,
2110 3597 2166 3645 ct
2200 3590 2325 3659 quid
2374 3590 2603 3646 debeant
2649 3592 2900 3660 credere,
2948 3593 3255 3649 hominibus
3301 3609 3439 3664 prtc‘

214 3688 299 3745 fuit
325 3696 450 3749 sacri
479 3700 723 3768 corporis
751 3699 902 3754 beata
943 3700 1214 3757 dormitio.
1245 3700 1533 3774 Exsurgere
1560 3713 1764 3772 autem,

1869 3678 2030 3747 cipit,
2078 3688 2132 3765 et
2179 3678 2307 3749 quid
2354 3678 2421 3734 ab
2473 3680 2589 3750 ipso
2647 3681 2853 3750 possint
2898 3683 3141 3753 recipere
3188 3682 3474 3754 compro-‘

217 3790 292 3834 est
320 3798 433 3838 cum
452 3788 730 3845 alacritate
752 3793 1274 3861 resurgere;quippe
1301 3793 1423 3862 quia
1452 3807 1599 3858 caro,
1626 3808 1765 3848 mora
1870 3768 2034 3823 mis“-

214 3870 397 3929 talitate
420 3875 684 3947 deposita,
716 3880 1162 3935 immortalitatem
1187 3882 1431 3951 sumpsit,
1464 3891 1517 3936 et
1545 3883 1765 3953 gloriam
2292 3877 2297 3881 ’
2328 3869 2334 3875 ’
2396 3864 2672 3920 condam
2711 3867 2915 3936 ρεαιηιῑ-

217 3964 600 4031 sempiternam.
635 3970 739 4025 Sel
767 3985 931 4037 quare
971 3973 1332 4037 exsttrrexcrt't,
1365 3973 1637 4028 evidenter
1673 3989 1767 4028 ex-
1940 3970 2123 4026 Brevis
2151 3972 2361 4041 quidem
2395 3974 2651 4041 psalmus,
2678 3990 2705 4030 s
2727 3978 2771 4029 τά
2802 3974 3085 4031 maximam
3114 3991 3441 4049 paganorum

219 4055 370 4122 punit,
422 4059 678 4124 Quoniam
729 4061 976 4115 Dominus
1000 4064 1218 4133 suscepit
1263 4082 1358 4117 me.
1403 4066 1595 4119 Natura
1624 4066 1765 4119 enim
1868 4059 2147 4117 destruens
2186 4064 2532 4131 pravitatem,
2575 4079 2695 4132 quas
2737 4073 2885 4130 putat
2930 4066 3151 4132 gloriam
3192 4080 3441 4133 supernas

218 4138 540 4203 humanitatis
572 4167 669 4219 per
690 4165 747 4205 se
774 4167 876 4205 non
912 4153 1170 4219 potuisset
1211 4155 1421 4221 propria
1462 4155 1658 4207 virtute
1684 4169 1769 4206 rc-
1870 4151 2186 4217 maiestatis,
2221 4152 2285 4205 ad
2316 4152 2666 4206 humilitatem
2704 4168 2809 4206 non
2840 4152 3075 4221 potuisse
3113 4152 3445 4208 descendere

216 4242 433 4300 surgere,
471 4240 569 4292 nisi
617 4254 733 4293 eam
784 4236 963 4295 divina
1007 4241 1389 4308 omnipotentia
1421 4242 1763 4311 suscepisset,
1870 4241 2151 4309 passionis.
2185 4241 2522 4310 lusipientes,
2552 4257 2777 4312 quorum
2824 4257 3015 4299 sensus
3056 4243 3181 4298 inde
3210 4242 3442 4299 confun-

216 4320 335 4378 sicut
372 4327 481 4397 ipse
519 4331 655 4388 dicit
696 4329 1049 4386 :Potcstatem
1077 4331 1233 4385 habeo
1260 4335 1360 4403 21
1409 4335 1625 4401 poncna‘i
1654 4334 1761 4385 ani-
1867 4331 2029 4399 ditur,
2081 4332 2220 4387 unde
2269 4331 2497 4387 mundus
2543 4332 2787 4387 noscitur
2830 4346 2950 4388 esse
2991 4333 3273 4400 liberatus,
3304 4333 3443 4392 sicut

217 4425 334 4466 ruant
360 4434 537 4487 meam,
577 4429 629 4474 et
658 4429 952 4489 potestatem
980 4421 1139 4476 habeo
1175 4424 1357 4477 iterum
1384 4423 1617 4477 sumendi
1653 4439 1765 4477 earn
1866 4425 1994 4479 dicit
2020 4426 2302 4495 Apostolus
2330 4442 2342 4478 :
2368 4422 2597 4480 Christus
2622 4424 2772 4480 Iesus
2797 4426 2928 4480 venit
2954 4426 3007 4479 in
3036 4427 3167 4481 hunc
3199 4427 3447 4480 ntundum

219 4500 377 4568 (Joan.
406 4524 457 4574 ι,
492 4512 609 4582 18).
1798 4587 1806 4588 7

1868 4529 2156 4587 peccatores
2199 4518 2365 4571 salt-os
2410 4517 2597 4587 facere,
2627 4533 2843 4587 quorum
2876 4517 3069 4587 primus
3108 4533 3199 4588 ego
3240 4534 3353 4570 sum
3392 4514 3442 4587 (ι

277 4592 415 4652 Vers.
442 4601 494 4657 5.
530 4602 654 4656 Non
684 4603 863 4657 timebo
893 4604 1053 4657 millia
1078 4606 1256 4675 populi
1280 4605 1640 4661 circumdantis
1671 4623 1766 4661 me.
1794 4587 1847 4646 Ῑ)
1879 4606 2048 4661 Tim.t
2070 4650 2084 4672 ,
2116 4609 2227 4676 15).
2258 4608 2409 4662 Nunc
2437 4608 2839 4665 eousidercmus
2867 4587 3314 4680 quemadmodum
3344 4623 3449 4665 cm-

217 4682 411 4745 Tirnere
456 4711 561 4749 non
613 4696 784 4764 potuit
823 4697 1062 4766 iniquum
1121 4700 1397 4766 populum,
1440 4700 1526 4753 cui
1556 4709 1673 4754 erat
1714 4700 1765 4753 in
1879 4698 2027 4754 lcstis
2056 4699 2408 4769 philosophiae
2435 4714 2592 4753 verus
2631 4700 2764 4754 ordo
2805 4701 3045 4771 prolatus
3086 4710 3195 4767 est,
3242 4708 3298 4754 ut
3332 4700 3446 4770 pri-
3540 4752 3543 4753 ν

216 4788 297 4828 sua
340 4781 615 4841 divinitate
666 4788 1009 4854 pmsidium;
1055 4804 1142 4842 scr
1170 4799 1314 4857 ptum
1371 4796 1455 4855 est
1514 4792 1657 4843 enim
1714 4793 1766 4844 in
1875 4808 1995 4849 mus
2041 4793 2281 4863 psalmus
2330 4793 2530 4849 Christi
2578 4793 2789 4848 Domini
2840 4794 3128 4859 moralem,
3177 4794 3445 4848 secundus

217 4865 501 4947 Evangelia,
526 4878 652 4945 quia
685 4878 737 4930 in
767 4880 1015 4945 passione
1046 4894 1233 4946 magna
1263 4894 1382 4933 eum
1416 4880 1590 4947 popufi
1625 4883 1766 4934 mul-
1876 4884 2171 4938 naturalem
2191 4928 2204 4951 ,
2246 4883 2297 4936 id
2327 4893 2411 4938 est
2439 4885 2789 4938 substantiam
2829 4884 3169 4939 humanitatis
3198 4892 3253 4940 et
3278 4885 3448 4940 deita-

217 4957 368 5012 liludu
408 4967 780 5022 circumdedit.
831 4968 960 5023 Nam
1004 4970 1143 5038 quod
1189 4970 1315 5023 dicit
1349 4987 1362 5023 :
1400 4970 1519 5023 Non
1564 4970 1767 5036 timebo,
1877 4963 1974 5037 tis;
2007 4974 2195 5027 tertius
2235 4972 2302 5028 de
2343 4975 2738 5029 resurrectione
2779 4974 2943 5042 ipsius
2984 4975 3225 5045 loquens,
3269 4974 3449 5045 inspe-

216 5062 310 5104 nan
338 5054 593 5124 signiﬁcat
617 5074 676 5114 se
705 5074 809 5112 non
851 5073 972 5114 esse
1018 5061 1365 5124 moriturum,
1398 5062 1490 5115 sed
1542 5072 1769 5115 mortem
1879 5068 2073 5123 ctivam
2125 5066 2517 5136 quodammodo
2558 5066 2827 5121 contineat
2873 5074 3118 5134 partem:
3150 5082 3268 5137 qua:
3313 5068 3451 5121 ratio

215 5138 482 5202 formidare
508 5166 611 5203 non
644 5160 875 5219 poterat,
910 5166 1067 5220 quam
1111 5152 1406 5207 tr-iduanatn
1430 5194 1443 5218 ,
1472 5166 1527 5209 et
1573 5153 1770 5207 mundo
1880 5172 1975 5228 per
2002 5171 2187 5212 omnes
2212 5158 2518 5226 Scripturas
2543 5157 2749 5211 divinas
2778 5155 3035 5213 decurrit;
3065 5158 3193 5212 lude
3219 5165 3270 5211 et
3300 5156 3448 5211 Isaae

216 5232 525 5297 profuturam
556 5256 675 5296 esse
704 5243 1041 5311 pratsciehat.
1880 5248 2175 5317 patriarcha
2208 5257 2314 5301 tres
2345 5256 2528 5316 puteos
2572 5245 2730 5311 fodit,
2759 5246 3134 5303 demonstrans
3178 5257 3441 5316 praecepta

200 5338 208 5383 i
281 5322 421 5381 νει-8.
449 5330 502 5384 6.
538 5330 790 5403 Exsurge,
836 5332 1079 5396 Domine;
1118 5332 1314 5385 salvum
1358 5352 1436 5388 me
1480 5339 1583 5405 fac,
1634 5335 1791 5390 Deus
1880 5337 2088 5391 Domini
2126 5337 2363 5391 doctrina
2412 5335 2602 5411 triplici
2649 5339 2931 5392 contineri.
2976 5338 3064 5393 Sic
3090 5347 3144 5393 et
3171 5338 3444 5405 Sapientia

215 5425 378 5470 meus:
406 5424 643 5489 quoniam
681 5434 747 5490 tu,
769 5425 1055 5492 percussisti
1086 5438 1256 5476 omnes
1283 5425 1602 5478 adversantes
1646 5428 1772 5480 milii
1879 5438 2061 5482 menet
2092 5427 2269 5501 (Prov.
2302 5442 2438 5489 χιιι,
2467 5427 2558 5497 9.0)
2590 5436 2649 5483 ut
2675 5428 3039 5483 describamus
3082 5443 3145 5482 ea
3194 5429 3347 5482 nobis
3395 5428 3447 5481 in

216 5505 311 5557 sine
345 5525 514 5565 causa.
547 5514 659 5568 Non
704 5517 823 5585 quia
874 5516 1012 5570 Deus
1056 5515 1326 5570 dormiens
1370 5520 1463 5568 aut
1509 5518 1770 5573 recubans
1874 5518 2035 5573 corde
2067 5517 2360 5586 tripliciter,
2393 5526 2447 5570 et
2486 5517 2707 5588 refiqua.
2752 5517 2894 5583 Quas
2942 5525 3120 5586 partes
3155 5517 3207 5571 in
3255 5516 3448 5571 subse-

217 5599 488 5668 excitatnr,
519 5609 611 5660 sed
649 5605 937 5677 Scripturis
983 5606 1175 5661 divinis
1216 5620 1330 5662 mos
1359 5615 1442 5662 est
1484 5608 1549 5663 ad
1595 5612 1771 5677 expri-
1874 5610 2166 5680 quentibus
2213 5609 2433 5678 ps:tlrnis
2480 5608 2635 5665 facile
2684 5610 2917 5680 poteris,
2958 5616 3053 5661 aut
3103 5602 3318 5674 mixtas,
3361 5614 3452 5661 aut

280 5724 305 5765 δ
334 5730 492 5802 Edit.,
530 5734 700 5807 Pater,
725 5739 953 5809 clari/ica
979 5737 1188 5794 Fifium.
1922 5740 1975 5844 ἰ)
2001 5742 2133 5863 318εᾶ
2160 5740 2323 5805 Aud.,
2354 5741 2477 5802 Ber.
2506 5751 2556 5798 et
2587 5742 2749 5810 Fisc.,
2783 5740 2971 5795 Dentes
3012 5741 3141 5792 enim
3174 5742 3293 5795 dicti
3334 5750 3452 5797 sunt

1885 5829 1944 5863 ao
1973 5827 1998 5863 e
2038 5828 2117 5863 (ρι’
2138 5829 2185 5863 o.
3096 5826 3103 5831 '
3346 5820 3355 5827 '

1885 5820 1944 5865 ab
1973 5820 2185 5864 edendo.
3096 5826 3103 5831 '
3346 5820 3355 5827 '
