  <div class='ocr_page' id='page_1' title='image "/cluster/home/n/w/nwhite01/storage/ocr_20150623/70/hvd.32044015469356/029.png"; bbox 0 0 4016 6344; ppageno 0'>
   <div class='ocr_carea' id='block_1_1' title="bbox 576 318 3838 433">
    <p class='ocr_par' dir='ltr' id='par_1_1' title="bbox 576 318 3838 433">
     <span class='ocr_line' id='line_1_1' title="bbox 576 318 3838 433; baseline 0.002 -15"><span class='ocrx_word' id='word_1_1' title='bbox 576 378 642 430; x_wconf 65' lang='grc' dir='ltr'><strong>ιτ</strong></span> <span class='ocrx_word' id='word_1_2' title='bbox 1783 362 1852 419; x_wconf 77' lang='grc' dir='ltr'><strong>Μ.</strong></span> <span class='ocrx_word' id='word_1_3' title='bbox 1897 361 2176 420; x_wconf 80' lang='lat' dir='ltr'><strong>AURELII</strong></span> <span class='ocrx_word' id='word_1_4' title='bbox 2212 363 2616 422; x_wconf 75' lang='lat' dir='ltr'><strong>CASSIODORI</strong></span> <span class='ocrx_word' id='word_1_5' title='bbox 3568 318 3579 325; x_wconf 41' lang='lat'>&#39;</span> <span class='ocrx_word' id='word_1_6' title='bbox 3772 378 3838 433; x_wconf 69' lang='lat' dir='ltr'><strong>ss</strong></span> 
     </span>
    </p>
   </div>
   <div class='ocr_carea' id='block_1_2' title="bbox 574 480 2231 563">
    <p class='ocr_par' dir='ltr' id='par_1_2' title="bbox 574 480 2231 563">
     <span class='ocr_line' id='line_1_2' title="bbox 574 480 2231 563; baseline -0.01 -16"><span class='ocrx_word' id='word_1_7' title='bbox 574 489 840 563; x_wconf 84' lang='lat' dir='ltr'><strong>sigillatim</strong></span> <span class='ocrx_word' id='word_1_8' title='bbox 872 488 1091 560; x_wconf 87' lang='lat' dir='ltr'><strong>positas,</strong></span> <span class='ocrx_word' id='word_1_9' title='bbox 1120 487 1284 543; x_wconf 82' lang='lat' dir='ltr'><strong>etiam</strong></span> <span class='ocrx_word' id='word_1_10' title='bbox 1313 499 1421 541; x_wconf 93' lang='lat' dir='ltr'><strong>non</strong></span> <span class='ocrx_word' id='word_1_11' title='bbox 1447 481 1749 538; x_wconf 90' lang='lat' dir='ltr'><strong>admonitus</strong></span> <span class='ocrx_word' id='word_1_12' title='bbox 1782 480 1951 536; x_wconf 91' lang='lat' dir='ltr'><strong>lector</strong></span> <span class='ocrx_word' id='word_1_13' title='bbox 1981 496 2142 548; x_wconf 75' lang='lat' dir='ltr'><strong>agnn-</strong></span> <span class='ocrx_word' id='word_1_14' title='bbox 2181 483 2231 541; x_wconf 75' lang='grc' dir='ltr'>Α</span> 
     </span>
    </p>
   </div>
   <div class='ocr_carea' id='block_1_3' title="bbox 573 574 2150 647">
    <p class='ocr_par' dir='ltr' id='par_1_3' title="bbox 573 574 2150 647">
     <span class='ocr_line' id='line_1_3' title="bbox 573 574 2150 647; baseline -0.008 -7"><span class='ocrx_word' id='word_1_15' title='bbox 573 599 745 642; x_wconf 81' lang='lat' dir='ltr'><strong>scere.</strong></span> <span class='ocrx_word' id='word_1_16' title='bbox 790 585 833 639; x_wconf 79' lang='grc' dir='ltr'><strong>Δ</strong></span> <span class='ocrx_word' id='word_1_17' title='bbox 880 582 1034 639; x_wconf 91' lang='lat' dir='ltr'><strong>nobis</strong></span> <span class='ocrx_word' id='word_1_18' title='bbox 1080 580 1223 636; x_wconf 89' lang='lat' dir='ltr'><strong>enim</strong></span> <span class='ocrx_word' id='word_1_19' title='bbox 1276 580 1580 647; x_wconf 79' lang='lat' dir='ltr'><strong>frequenter</strong></span> <span class='ocrx_word' id='word_1_20' title='bbox 1626 576 1728 631; x_wconf 91' lang='lat' dir='ltr'><strong>ista</strong></span> <span class='ocrx_word' id='word_1_21' title='bbox 1780 589 1888 629; x_wconf 91' lang='lat' dir='ltr'><strong>non</strong></span> <span class='ocrx_word' id='word_1_22' title='bbox 1934 574 2150 644; x_wconf 73' lang='lat' dir='ltr'><strong>exigas,</strong></span> 
     </span>
    </p>
   </div>
   <div class='ocr_carea' id='block_1_4' title="bbox 574 664 2149 745">
    <p class='ocr_par' dir='ltr' id='par_1_4' title="bbox 574 664 2149 745">
     <span class='ocr_line' id='line_1_4' title="bbox 574 664 2149 745; baseline -0.008 -13"><span class='ocrx_word' id='word_1_23' title='bbox 574 676 763 745; x_wconf 83' lang='lat' dir='ltr'><strong>quibus</strong></span> <span class='ocrx_word' id='word_1_24' title='bbox 805 674 1017 730; x_wconf 91' lang='lat' dir='ltr'><strong>noviter</strong></span> <span class='ocrx_word' id='word_1_25' title='bbox 1063 672 1227 727; x_wconf 90' lang='lat' dir='ltr'><strong>multa</strong></span> <span class='ocrx_word' id='word_1_26' title='bbox 1276 667 1504 723; x_wconf 88' lang='lat' dir='ltr'><strong>dicenda</strong></span> <span class='ocrx_word' id='word_1_27' title='bbox 1549 675 1696 722; x_wconf 89' lang='lat' dir='ltr'><strong>sunt.</strong></span> <span class='ocrx_word' id='word_1_28' title='bbox 1747 664 1916 735; x_wconf 75' lang='lat' dir='ltr'><strong>Hujus</strong></span> <span class='ocrx_word' id='word_1_29' title='bbox 1970 675 2149 719; x_wconf 87' lang='lat' dir='ltr'><strong>autem</strong></span> 
     </span>
    </p>
   </div>
   <div class='ocr_carea' id='block_1_5' title="bbox 575 755 2153 835">
    <p class='ocr_par' dir='ltr' id='par_1_5' title="bbox 575 755 2153 835">
     <span class='ocr_line' id='line_1_5' title="bbox 575 755 2153 835; baseline -0.007 -13"><span class='ocrx_word' id='word_1_30' title='bbox 575 765 766 835; x_wconf 84' lang='lat' dir='ltr'><strong>psalmi</strong></span> <span class='ocrx_word' id='word_1_31' title='bbox 814 763 1074 820; x_wconf 79' lang='lat' dir='ltr'><strong>calculum</strong></span> <span class='ocrx_word' id='word_1_32' title='bbox 1121 759 1312 815; x_wconf 89' lang='lat' dir='ltr'><strong>edocet</strong></span> <span class='ocrx_word' id='word_1_33' title='bbox 1344 764 1527 812; x_wconf 87' lang='lat' dir='ltr'><strong>sancta</strong></span> <span class='ocrx_word' id='word_1_34' title='bbox 1566 755 1823 822; x_wconf 84' lang='lat' dir='ltr'><strong>Trinitas,</strong></span> <span class='ocrx_word' id='word_1_35' title='bbox 1856 771 1979 826; x_wconf 69' lang='lat' dir='ltr'><strong>qua:</strong></span> <span class='ocrx_word' id='word_1_36' title='bbox 2028 756 2153 811; x_wconf 73' lang='lat' dir='ltr'><strong>licvt</strong></span> 
     </span>
    </p>
   </div>
   <div class='ocr_carea' id='block_1_6' title="bbox 573 847 2148 920">
    <p class='ocr_par' dir='ltr' id='par_1_6' title="bbox 573 847 2148 920">
     <span class='ocr_line' id='line_1_6' title="bbox 573 847 2148 920; baseline -0.008 -6"><span class='ocrx_word' id='word_1_37' title='bbox 573 868 817 915; x_wconf 84' lang='lat' dir='ltr'><strong>naturam</strong></span> <span class='ocrx_word' id='word_1_38' title='bbox 859 854 1053 910; x_wconf 90' lang='lat' dir='ltr'><strong>habeat</strong></span> <span class='ocrx_word' id='word_1_39' title='bbox 1086 850 1460 920; x_wconf 86' lang='lat' dir='ltr'><strong>inseparabilis</strong></span> <span class='ocrx_word' id='word_1_40' title='bbox 1492 847 1731 916; x_wconf 73' lang='lat' dir='ltr'><strong>unitatis,</strong></span> <span class='ocrx_word' id='word_1_41' title='bbox 1767 848 1938 903; x_wconf 90' lang='lat' dir='ltr'><strong>tribus</strong></span> <span class='ocrx_word' id='word_1_42' title='bbox 1968 856 2148 904; x_wconf 87' lang='lat' dir='ltr'><strong>tamen</strong></span> 
     </span>
    </p>
   </div>
   <div class='ocr_carea' id='block_1_7' title="bbox 572 938 1721 1008">
    <p class='ocr_par' dir='ltr' id='par_1_7' title="bbox 572 938 1721 1008">
     <span class='ocr_line' id='line_1_7' title="bbox 572 938 1721 1008; baseline -0.01 -4"><span class='ocrx_word' id='word_1_43' title='bbox 572 964 690 1004; x_wconf 87' lang='lat' dir='ltr'><strong>eam</strong></span> <span class='ocrx_word' id='word_1_44' title='bbox 716 945 1053 1002; x_wconf 81' lang='lat' dir='ltr'><strong>manifestum</strong></span> <span class='ocrx_word' id='word_1_45' title='bbox 1076 950 1159 999; x_wconf 91' lang='lat' dir='ltr'><strong>est</strong></span> <span class='ocrx_word' id='word_1_46' title='bbox 1182 950 1429 997; x_wconf 83' lang='lat' dir='ltr'><strong>constare</strong></span> <span class='ocrx_word' id='word_1_47' title='bbox 1456 938 1721 1008; x_wconf 83' lang='lat' dir='ltr'><strong>personis.</strong></span> 
     </span>
    </p>
   </div>
   <div class='ocr_carea' id='block_1_8' title="bbox 890 1097 1831 1160">
    <p class='ocr_par' dir='ltr' id='par_1_8' title="bbox 890 1097 1831 1160">
     <span class='ocr_line' id='line_1_8' title="bbox 890 1097 1831 1160; baseline -0.005 0"><span class='ocrx_word' id='word_1_48' title='bbox 890 1100 1249 1160; x_wconf 79' lang='lat' dir='ltr'><strong>EXPOSITIO</strong></span> <span class='ocrx_word' id='word_1_49' title='bbox 1277 1100 1344 1157; x_wconf 86' lang='lat' dir='ltr'><strong>1N</strong></span> <span class='ocrx_word' id='word_1_50' title='bbox 1381 1097 1706 1156; x_wconf 76' lang='lat' dir='ltr'><strong>PSALMUM</strong></span> <span class='ocrx_word' id='word_1_51' title='bbox 1743 1098 1831 1155; x_wconf 83' lang='lat' dir='ltr'><strong>IV.</strong></span> 
     </span>
    </p>
   </div>
   <div class='ocr_carea' id='block_1_9' title="bbox 854 1212 1867 1286">
    <p class='ocr_par' dir='ltr' id='par_1_9' title="bbox 854 1212 1867 1286">
     <span class='ocr_line' id='line_1_9' title="bbox 854 1212 1867 1286; baseline -0.007 -13"><span class='ocrx_word' id='word_1_52' title='bbox 854 1215 922 1273; x_wconf 81' lang='lat' dir='ltr'><strong>In</strong></span> <span class='ocrx_word' id='word_1_53' title='bbox 953 1217 1107 1285; x_wconf 81' lang='lat' dir='ltr'><strong>ﬁnem</strong></span> <span class='ocrx_word' id='word_1_54' title='bbox 1137 1215 1362 1286; x_wconf 79' lang='lat' dir='ltr'><strong>psalmus</strong></span> <span class='ocrx_word' id='word_1_55' title='bbox 1394 1212 1562 1266; x_wconf 84' lang='lat' dir='ltr'><strong>David</strong></span> <span class='ocrx_word' id='word_1_56' title='bbox 1589 1212 1867 1266; x_wconf 76' lang='lat' dir='ltr'><strong>canticum.</strong></span> 
     </span>
    </p>
   </div>
   <div class='ocr_carea' id='block_1_10' title="bbox 638 1347 2148 1419">
    <p class='ocr_par' dir='ltr' id='par_1_10' title="bbox 638 1347 2148 1419">
     <span class='ocr_line' id='line_1_10' title="bbox 638 1347 2148 1419; baseline -0.005 -9"><span class='ocrx_word' id='word_1_57' title='bbox 638 1351 925 1410; x_wconf 79' lang='lat' dir='ltr'><strong>Subtiliter</strong></span> <span class='ocrx_word' id='word_1_58' title='bbox 961 1357 1358 1419; x_wconf 86' lang='lat' dir='ltr'><strong>perscrutemur</strong></span> <span class='ocrx_word' id='word_1_59' title='bbox 1377 1347 1503 1416; x_wconf 88' lang='lat' dir='ltr'><strong>quid</strong></span> <span class='ocrx_word' id='word_1_60' title='bbox 1536 1347 1691 1403; x_wconf 88' lang='lat' dir='ltr'><strong>nobis</strong></span> <span class='ocrx_word' id='word_1_61' title='bbox 1718 1347 1993 1417; x_wconf 88' lang='lat' dir='ltr'><strong>sigillatim</strong></span> <span class='ocrx_word' id='word_1_62' title='bbox 2029 1361 2148 1404; x_wconf 85' lang='lat' dir='ltr'><strong>ser-</strong></span> 
     </span>
    </p>
   </div>
   <div class='ocr_carea' id='block_1_11' title="bbox 568 1440 2146 1511">
    <p class='ocr_par' dir='ltr' id='par_1_11' title="bbox 568 1440 2146 1511">
     <span class='ocr_line' id='line_1_11' title="bbox 568 1440 2146 1511; baseline -0.003 -11"><span class='ocrx_word' id='word_1_63' title='bbox 568 1458 759 1500; x_wconf 88' lang='lat' dir='ltr'><strong>mones</strong></span> <span class='ocrx_word' id='word_1_64' title='bbox 802 1444 891 1498; x_wconf 82' lang='lat' dir='ltr'><strong>isti</strong></span> <span class='ocrx_word' id='word_1_65' title='bbox 935 1441 1279 1506; x_wconf 86' lang='lat' dir='ltr'><strong>denuntient,</strong></span> <span class='ocrx_word' id='word_1_66' title='bbox 1321 1455 1455 1511; x_wconf 89' lang='lat' dir='ltr'><strong>quos</strong></span> <span class='ocrx_word' id='word_1_67' title='bbox 1501 1440 1714 1509; x_wconf 65' lang='lat' dir='ltr'><strong>praefati</strong></span> <span class='ocrx_word' id='word_1_68' title='bbox 1761 1454 1946 1495; x_wconf 90' lang='lat' dir='ltr'><strong>sumus</strong></span> <span class='ocrx_word' id='word_1_69' title='bbox 1984 1455 2146 1496; x_wconf 86' lang='lat' dir='ltr'><strong>vera-</strong></span> 
     </span>
    </p>
   </div>
   <div class='ocr_carea' id='block_1_12' title="bbox 569 1529 2146 1601">
    <p class='ocr_par' dir='ltr' id='par_1_12' title="bbox 569 1529 2146 1601">
     <span class='ocr_line' id='line_1_12' title="bbox 569 1529 2146 1601; baseline -0.002 -11"><span class='ocrx_word' id='word_1_70' title='bbox 569 1535 812 1591; x_wconf 89' lang='lat' dir='ltr'><strong>cissimos</strong></span> <span class='ocrx_word' id='word_1_71' title='bbox 856 1532 1060 1587; x_wconf 84' lang='lat' dir='ltr'><strong>indices</strong></span> <span class='ocrx_word' id='word_1_72' title='bbox 1100 1546 1221 1587; x_wconf 92' lang='lat' dir='ltr'><strong>esse</strong></span> <span class='ocrx_word' id='word_1_73' title='bbox 1266 1531 1613 1601; x_wconf 89' lang='lat' dir='ltr'><strong>psalmorum.</strong></span> <span class='ocrx_word' id='word_1_74' title='bbox 1662 1529 1812 1585; x_wconf 85' lang='lat' dir='ltr'><strong>Finis</strong></span> <span class='ocrx_word' id='word_1_75' title='bbox 1841 1530 2000 1587; x_wconf 90' lang='lat' dir='ltr'><strong>modo</strong></span> <span class='ocrx_word' id='word_1_76' title='bbox 2040 1547 2146 1587; x_wconf 90' lang='lat' dir='ltr'><strong>non</strong></span> 
     </span>
    </p>
   </div>
   <div class='ocr_carea' id='block_1_13' title="bbox 570 1622 2148 1695">
    <p class='ocr_par' dir='ltr' id='par_1_13' title="bbox 570 1622 2148 1695">
     <span class='ocr_line' id='line_1_13' title="bbox 570 1622 2148 1695; baseline -0.002 -14"><span class='ocrx_word' id='word_1_77' title='bbox 570 1624 833 1695; x_wconf 84' lang='lat' dir='ltr'><strong>signiﬁcat</strong></span> <span class='ocrx_word' id='word_1_78' title='bbox 878 1622 1105 1693; x_wconf 87' lang='lat' dir='ltr'><strong>alicujus</strong></span> <span class='ocrx_word' id='word_1_79' title='bbox 1150 1622 1227 1677; x_wconf 88' lang='lat' dir='ltr'><strong>rei</strong></span> <span class='ocrx_word' id='word_1_80' title='bbox 1274 1623 1771 1691; x_wconf 82' lang='lat' dir='ltr'><strong>consumptionem,</strong></span> <span class='ocrx_word' id='word_1_81' title='bbox 1820 1623 1915 1677; x_wconf 88' lang='lat' dir='ltr'><strong>sed</strong></span> <span class='ocrx_word' id='word_1_82' title='bbox 1966 1623 2148 1693; x_wconf 82' lang='lat' dir='ltr'><strong>perfe-</strong></span> 
     </span>
    </p>
   </div>
   <div class='ocr_carea' id='block_1_14' title="bbox 569 1713 2150 1785">
    <p class='ocr_par' dir='ltr' id='par_1_14' title="bbox 569 1713 2150 1785">
     <span class='ocr_line' id='line_1_14' title="bbox 569 1713 2150 1785; baseline -0.003 -12"><span class='ocrx_word' id='word_1_83' title='bbox 569 1720 800 1774; x_wconf 88' lang='lat' dir='ltr'><strong>ctionem</strong></span> <span class='ocrx_word' id='word_1_84' title='bbox 828 1715 1183 1785; x_wconf 87' lang='lat' dir='ltr'><strong>spiritualium</strong></span> <span class='ocrx_word' id='word_1_85' title='bbox 1228 1729 1429 1771; x_wconf 91' lang='lat' dir='ltr'><strong>rerum.</strong></span> <span class='ocrx_word' id='word_1_86' title='bbox 1462 1715 1629 1780; x_wconf 84' lang='lat' dir='ltr'><strong>Nam,</strong></span> <span class='ocrx_word' id='word_1_87' title='bbox 1656 1715 1790 1769; x_wconf 89' lang='lat' dir='ltr'><strong>sicut</strong></span> <span class='ocrx_word' id='word_1_88' title='bbox 1835 1713 1967 1769; x_wconf 85' lang='lat' dir='ltr'><strong>dicit</strong></span> <span class='ocrx_word' id='word_1_89' title='bbox 2005 1720 2150 1784; x_wconf 85' lang='lat' dir='ltr'><strong>Apo-</strong></span> 
     </span>
    </p>
   </div>
   <div class='ocr_carea' id='block_1_15' title="bbox 568 1805 2147 1878">
    <p class='ocr_par' dir='ltr' id='par_1_15' title="bbox 568 1805 2147 1878">
     <span class='ocr_line' id='line_1_15' title="bbox 568 1805 2147 1878; baseline -0.003 -14"><span class='ocrx_word' id='word_1_90' title='bbox 568 1810 740 1864; x_wconf 86' lang='lat' dir='ltr'><strong>stolus</strong></span> <span class='ocrx_word' id='word_1_91' title='bbox 767 1826 781 1864; x_wconf 92' lang='lat'><strong>:</strong></span> <span class='ocrx_word' id='word_1_92' title='bbox 814 1808 963 1862; x_wconf 85' lang='lat' dir='ltr'><strong>Finis</strong></span> <span class='ocrx_word' id='word_1_93' title='bbox 992 1808 1118 1878; x_wconf 76' lang='lat' dir='ltr'><strong>tegis</strong></span> <span class='ocrx_word' id='word_1_94' title='bbox 1146 1816 1217 1862; x_wconf 87' lang='lat' dir='ltr'><strong>est</strong></span> <span class='ocrx_word' id='word_1_95' title='bbox 1246 1805 1477 1860; x_wconf 78' lang='lat' dir='ltr'><strong>Christus</strong></span> <span class='ocrx_word' id='word_1_96' title='bbox 1503 1805 1573 1859; x_wconf 87' lang='lat' dir='ltr'><strong>ad</strong></span> <span class='ocrx_word' id='word_1_97' title='bbox 1589 1806 1849 1877; x_wconf 80' lang='lat' dir='ltr'><strong>justitiam</strong></span> <span class='ocrx_word' id='word_1_98' title='bbox 1877 1806 2014 1859; x_wconf 86' lang='lat' dir='ltr'><strong>omni</strong></span> <span class='ocrx_word' id='word_1_99' title='bbox 2039 1821 2147 1859; x_wconf 86' lang='lat' dir='ltr'><strong>cre-</strong></span> 
     </span>
    </p>
   </div>
   <div class='ocr_carea' id='block_1_16' title="bbox 569 1896 2145 1971">
    <p class='ocr_par' dir='ltr' id='par_1_16' title="bbox 569 1896 2145 1971">
     <span class='ocr_line' id='line_1_16' title="bbox 569 1896 2145 1971; baseline -0.002 -17"><span class='ocrx_word' id='word_1_100' title='bbox 569 1900 707 1955; x_wconf 84' lang='lat' dir='ltr'><strong>denti</strong></span> <span class='ocrx_word' id='word_1_101' title='bbox 754 1899 942 1971; x_wconf 82' lang='lat' dir='ltr'><strong>(Rom.</strong></span> <span class='ocrx_word' id='word_1_102' title='bbox 973 1914 1025 1967; x_wconf 83' lang='lat' dir='ltr'><strong>s,</strong></span> <span class='ocrx_word' id='word_1_103' title='bbox 1053 1898 1151 1968; x_wconf 69' lang='lat'><strong>4),</strong></span> <span class='ocrx_word' id='word_1_104' title='bbox 1193 1898 1283 1967; x_wconf 88' lang='lat' dir='ltr'><strong>qui</strong></span> <span class='ocrx_word' id='word_1_105' title='bbox 1313 1905 1395 1952; x_wconf 88' lang='lat' dir='ltr'><strong>est</strong></span> <span class='ocrx_word' id='word_1_106' title='bbox 1435 1896 1676 1952; x_wconf 89' lang='lat' dir='ltr'><strong>omnium</strong></span> <span class='ocrx_word' id='word_1_107' title='bbox 1722 1896 1985 1952; x_wconf 86' lang='lat' dir='ltr'><strong>bonorum</strong></span> <span class='ocrx_word' id='word_1_108' title='bbox 2024 1897 2145 1964; x_wconf 84' lang='lat' dir='ltr'><strong>glo-</strong></span> 
     </span>
    </p>
   </div>
   <div class='ocr_carea' id='block_1_17' title="bbox 570 1984 2144 2058">
    <p class='ocr_par' dir='ltr' id='par_1_17' title="bbox 570 1984 2144 2058">
     <span class='ocr_line' id='line_1_17' title="bbox 570 1984 2144 2058; baseline -0.003 -15"><span class='ocrx_word' id='word_1_109' title='bbox 570 1990 711 2045; x_wconf 90' lang='lat' dir='ltr'><strong>riosa</strong></span> <span class='ocrx_word' id='word_1_110' title='bbox 737 1986 1017 2058; x_wconf 79' lang='lat' dir='ltr'><strong>perfectio.</strong></span> <span class='ocrx_word' id='word_1_111' title='bbox 1049 1987 1115 2042; x_wconf 86' lang='lat' dir='ltr'><strong>Et</strong></span> <span class='ocrx_word' id='word_1_112' title='bbox 1144 1985 1266 2041; x_wconf 86' lang='lat' dir='ltr'><strong>ideo</strong></span> <span class='ocrx_word' id='word_1_113' title='bbox 1292 1984 1433 2057; x_wconf 91' lang='lat' dir='ltr'><strong>quod</strong></span> <span class='ocrx_word' id='word_1_114' title='bbox 1461 1986 1693 2056; x_wconf 87' lang='lat' dir='ltr'><strong>positum</strong></span> <span class='ocrx_word' id='word_1_115' title='bbox 1722 1992 1834 2049; x_wconf 84' lang='lat' dir='ltr'><strong>est,</strong></span> <span class='ocrx_word' id='word_1_116' title='bbox 1865 1984 1930 2038; x_wconf 86' lang='lat' dir='ltr'><strong>In</strong></span> <span class='ocrx_word' id='word_1_117' title='bbox 1959 1984 2144 2053; x_wconf 80' lang='lat' dir='ltr'><strong>ﬁnem,</strong></span> 
     </span>
    </p>
   </div>
   <div class='ocr_carea' id='block_1_18' title="bbox 568 2076 2142 2136">
    <p class='ocr_par' dir='ltr' id='par_1_18' title="bbox 568 2076 2142 2136">
     <span class='ocr_line' id='line_1_18' title="bbox 568 2076 2142 2136; baseline -0.004 0"><span class='ocrx_word' id='word_1_118' title='bbox 568 2082 635 2136; x_wconf 87' lang='lat' dir='ltr'><strong>ad</strong></span> <span class='ocrx_word' id='word_1_119' title='bbox 659 2079 935 2136; x_wconf 81' lang='lat' dir='ltr'><strong>Christum</strong></span> <span class='ocrx_word' id='word_1_120' title='bbox 965 2078 1246 2133; x_wconf 83' lang='lat' dir='ltr'><strong>Dominum</strong></span> <span class='ocrx_word' id='word_1_121' title='bbox 1276 2084 1583 2133; x_wconf 86' lang='lat' dir='ltr'><strong>commonet</strong></span> <span class='ocrx_word' id='word_1_122' title='bbox 1607 2090 1728 2132; x_wconf 87' lang='lat' dir='ltr'><strong>esse</strong></span> <span class='ocrx_word' id='word_1_123' title='bbox 1764 2076 2100 2131; x_wconf 85' lang='lat' dir='ltr'><strong>referendum</strong></span> <span class='ocrx_word' id='word_1_124' title='bbox 2129 2093 2142 2129; x_wconf 90' lang='lat'><strong>:</strong></span> 
     </span>
    </p>
   </div>
   <div class='ocr_carea' id='block_1_19' title="bbox 568 2166 2147 2241">
    <p class='ocr_par' dir='ltr' id='par_1_19' title="bbox 568 2166 2147 2241">
     <span class='ocr_line' id='line_1_19' title="bbox 568 2166 2147 2241; baseline -0.003 -13"><span class='ocrx_word' id='word_1_125' title='bbox 568 2174 701 2236; x_wconf 87' lang='lat' dir='ltr'><strong>sive,</strong></span> <span class='ocrx_word' id='word_1_126' title='bbox 734 2180 790 2237; x_wconf 73' lang='lat' dir='ltr'><strong>ut</strong></span> <span class='ocrx_word' id='word_1_127' title='bbox 830 2169 1151 2241; x_wconf 83' lang='lat' dir='ltr'><strong>quibusdam</strong></span> <span class='ocrx_word' id='word_1_128' title='bbox 1197 2169 1401 2239; x_wconf 85' lang='lat' dir='ltr'><strong>placet,</strong></span> <span class='ocrx_word' id='word_1_129' title='bbox 1442 2182 1541 2238; x_wconf 91' lang='lat' dir='ltr'><strong>pro</strong></span> <span class='ocrx_word' id='word_1_130' title='bbox 1584 2167 1739 2223; x_wconf 88' lang='lat' dir='ltr'><strong>nobis</strong></span> <span class='ocrx_word' id='word_1_131' title='bbox 1780 2166 1978 2222; x_wconf 90' lang='lat' dir='ltr'><strong>dictum</strong></span> <span class='ocrx_word' id='word_1_132' title='bbox 2025 2181 2147 2224; x_wconf 89' lang='lat' dir='ltr'><strong>esse</strong></span> 
     </span>
    </p>
   </div>
   <div class='ocr_carea' id='block_1_20' title="bbox 567 2258 2148 2331">
    <p class='ocr_par' dir='ltr' id='par_1_20' title="bbox 567 2258 2148 2331">
     <span class='ocr_line' id='line_1_20' title="bbox 567 2258 2148 2331; baseline -0.005 -12"><span class='ocrx_word' id='word_1_133' title='bbox 567 2261 895 2319; x_wconf 89' lang='lat' dir='ltr'><strong>credendum</strong></span> <span class='ocrx_word' id='word_1_134' title='bbox 925 2270 1036 2327; x_wconf 83' lang='lat' dir='ltr'><strong>est,</strong></span> <span class='ocrx_word' id='word_1_135' title='bbox 1068 2259 1135 2314; x_wconf 83' lang='lat' dir='ltr'><strong>In</strong></span> <span class='ocrx_word' id='word_1_136' title='bbox 1164 2258 1366 2331; x_wconf 85' lang='lat' dir='ltr'><strong>quibus,</strong></span> <span class='ocrx_word' id='word_1_137' title='bbox 1397 2258 1691 2313; x_wconf 87' lang='lat' dir='ltr'><strong>secundum</strong></span> <span class='ocrx_word' id='word_1_138' title='bbox 1731 2258 1976 2314; x_wconf 87' lang='lat' dir='ltr'><strong>eumdem</strong></span> <span class='ocrx_word' id='word_1_139' title='bbox 2019 2274 2148 2328; x_wconf 89' lang='lat' dir='ltr'><strong>apo-</strong></span> 
     </span>
    </p>
   </div>
   <div class='ocr_carea' id='block_1_21' title="bbox 566 2348 2144 2422">
    <p class='ocr_par' dir='ltr' id='par_1_21' title="bbox 566 2348 2144 2422">
     <span class='ocr_line' id='line_1_21' title="bbox 566 2348 2144 2422; baseline -0.002 -13"><span class='ocrx_word' id='word_1_140' title='bbox 566 2354 789 2419; x_wconf 85' lang='lat' dir='ltr'><strong>stolum,</strong></span> <span class='ocrx_word' id='word_1_141' title='bbox 820 2353 1126 2409; x_wconf 75' lang='lat' dir='ltr'><strong>siceulorum</strong></span> <span class='ocrx_word' id='word_1_142' title='bbox 1156 2351 1274 2421; x_wconf 78' lang='lat' dir='ltr'><strong>finis</strong></span> <span class='ocrx_word' id='word_1_143' title='bbox 1312 2351 1515 2405; x_wconf 82' lang='lat' dir='ltr'><strong>advenit</strong></span> <span class='ocrx_word' id='word_1_144' title='bbox 1546 2348 1600 2422; x_wconf 86' lang='grc' dir='ltr'><strong>(ι</strong></span> <span class='ocrx_word' id='word_1_145' title='bbox 1625 2348 1745 2405; x_wconf 88' lang='lat' dir='ltr'><strong>Cor.</strong></span> <span class='ocrx_word' id='word_1_146' title='bbox 1777 2365 1841 2417; x_wconf 76' lang='grc' dir='ltr'><strong>ι,</strong></span> <span class='ocrx_word' id='word_1_147' title='bbox 1873 2350 1985 2420; x_wconf 81' lang='grc' dir='ltr'><strong>Η).</strong></span> <span class='ocrx_word' id='word_1_148' title='bbox 2016 2350 2144 2406; x_wconf 90' lang='lat' dir='ltr'><strong>Illud</strong></span> 
     </span>
    </p>
   </div>
   <div class='ocr_carea' id='block_1_22' title="bbox 568 2442 2142 2514">
    <p class='ocr_par' dir='ltr' id='par_1_22' title="bbox 568 2442 2142 2514">
     <span class='ocr_line' id='line_1_22' title="bbox 568 2442 2142 2514; baseline -0.001 -14"><span class='ocrx_word' id='word_1_149' title='bbox 568 2459 745 2502; x_wconf 90' lang='lat' dir='ltr'><strong>tamen</strong></span> <span class='ocrx_word' id='word_1_150' title='bbox 767 2444 1043 2502; x_wconf 89' lang='lat' dir='ltr'><strong>sciendum</strong></span> <span class='ocrx_word' id='word_1_151' title='bbox 1072 2453 1178 2509; x_wconf 87' lang='lat' dir='ltr'><strong>est,</strong></span> <span class='ocrx_word' id='word_1_152' title='bbox 1206 2442 1272 2498; x_wconf 85' lang='lat' dir='ltr'><strong>ad</strong></span> <span class='ocrx_word' id='word_1_153' title='bbox 1301 2443 1585 2499; x_wconf 86' lang='lat' dir='ltr'><strong>terminum</strong></span> <span class='ocrx_word' id='word_1_154' title='bbox 1612 2442 1803 2499; x_wconf 78' lang='lat' dir='ltr'><strong>referri</strong></span> <span class='ocrx_word' id='word_1_155' title='bbox 1831 2457 1935 2497; x_wconf 84' lang='lat' dir='ltr'><strong>non</strong></span> <span class='ocrx_word' id='word_1_156' title='bbox 1961 2457 2142 2514; x_wconf 82' lang='lat' dir='ltr'><strong>posse,</strong></span> 
     </span>
    </p>
   </div>
   <div class='ocr_carea' id='block_1_23' title="bbox 564 2533 2148 2605">
    <p class='ocr_par' dir='ltr' id='par_1_23' title="bbox 564 2533 2148 2605">
     <span class='ocr_line' id='line_1_23' title="bbox 564 2533 2148 2605; baseline -0.004 -10"><span class='ocrx_word' id='word_1_157' title='bbox 564 2553 688 2595; x_wconf 88' lang='lat' dir='ltr'><strong>cum</strong></span> <span class='ocrx_word' id='word_1_158' title='bbox 714 2538 889 2594; x_wconf 88' lang='lat' dir='ltr'><strong>adhuc</strong></span> <span class='ocrx_word' id='word_1_159' title='bbox 914 2536 1094 2605; x_wconf 81' lang='lat' dir='ltr'><strong>operis</strong></span> <span class='ocrx_word' id='word_1_160' title='bbox 1126 2536 1291 2605; x_wconf 88' lang='lat' dir='ltr'><strong>ipsius</strong></span> <span class='ocrx_word' id='word_1_161' title='bbox 1331 2535 1482 2589; x_wconf 86' lang='lat' dir='ltr'><strong>initia</strong></span> <span class='ocrx_word' id='word_1_162' title='bbox 1510 2547 1632 2590; x_wconf 87' lang='lat' dir='ltr'><strong>esse</strong></span> <span class='ocrx_word' id='word_1_163' title='bbox 1664 2533 1965 2589; x_wconf 88' lang='lat' dir='ltr'><strong>videantur.</strong></span> <span class='ocrx_word' id='word_1_164' title='bbox 2001 2533 2148 2589; x_wconf 83' lang='lat' dir='ltr'><strong>Psal-</strong></span> 
     </span>
    </p>
   </div>
   <div class='ocr_carea' id='block_1_24' title="bbox 566 2624 2144 2697">
    <p class='ocr_par' dir='ltr' id='par_1_24' title="bbox 566 2624 2144 2697">
     <span class='ocr_line' id='line_1_24' title="bbox 566 2624 2144 2697; baseline -0.004 -11"><span class='ocrx_word' id='word_1_165' title='bbox 566 2642 687 2686; x_wconf 87' lang='lat' dir='ltr'><strong>mus</strong></span> <span class='ocrx_word' id='word_1_166' title='bbox 727 2637 814 2686; x_wconf 86' lang='lat' dir='ltr'><strong>est</strong></span> <span class='ocrx_word' id='word_1_167' title='bbox 847 2637 1063 2695; x_wconf 85' lang='lat' dir='ltr'><strong>autem,</strong></span> <span class='ocrx_word' id='word_1_168' title='bbox 1106 2627 1250 2682; x_wconf 85' lang='lat' dir='ltr'><strong>sicut</strong></span> <span class='ocrx_word' id='word_1_169' title='bbox 1288 2625 1545 2689; x_wconf 81' lang='lat' dir='ltr'><strong>diximus,</strong></span> <span class='ocrx_word' id='word_1_170' title='bbox 1573 2639 1832 2697; x_wconf 79' lang='lat' dir='ltr'><strong>organum</strong></span> <span class='ocrx_word' id='word_1_171' title='bbox 1880 2624 2144 2680; x_wconf 90' lang='lat' dir='ltr'><strong>musicum</strong></span> 
     </span>
    </p>
   </div>
   <div class='ocr_carea' id='block_1_25' title="bbox 564 2718 2141 2794">
    <p class='ocr_par' dir='ltr' id='par_1_25' title="bbox 564 2718 2141 2794">
     <span class='ocr_line' id='line_1_25' title="bbox 564 2718 2141 2794; baseline -0.004 -15"><span class='ocrx_word' id='word_1_172' title='bbox 564 2723 737 2794; x_wconf 80' lang='lat' dir='ltr'><strong>capite</strong></span> <span class='ocrx_word' id='word_1_173' title='bbox 781 2736 1068 2788; x_wconf 88' lang='lat' dir='ltr'><strong>sonorum,</strong></span> <span class='ocrx_word' id='word_1_174' title='bbox 1095 2723 1215 2792; x_wconf 86' lang='lat' dir='ltr'><strong>quo&#39;</strong></span> <span class='ocrx_word' id='word_1_175' title='bbox 1246 2719 1425 2775; x_wconf 89' lang='lat' dir='ltr'><strong>divina</strong></span> <span class='ocrx_word' id='word_1_176' title='bbox 1464 2720 1729 2789; x_wconf 68' lang='lat' dir='ltr'><strong>praeconia</strong></span> <span class='ocrx_word' id='word_1_177' title='bbox 1777 2718 2141 2786; x_wconf 89' lang='lat' dir='ltr'><strong>canebantur;</strong></span> 
     </span>
    </p>
   </div>
   <div class='ocr_carea' id='block_1_26' title="bbox 563 2810 2146 2882">
    <p class='ocr_par' dir='ltr' id='par_1_26' title="bbox 563 2810 2146 2882">
     <span class='ocr_line' id='line_1_26' title="bbox 563 2810 2146 2882; baseline -0.004 -10"><span class='ocrx_word' id='word_1_178' title='bbox 563 2815 829 2872; x_wconf 81' lang='lat' dir='ltr'><strong>canticum</strong></span> <span class='ocrx_word' id='word_1_179' title='bbox 874 2823 1087 2882; x_wconf 88' lang='lat' dir='ltr'><strong>autem,</strong></span> <span class='ocrx_word' id='word_1_180' title='bbox 1137 2811 1281 2882; x_wconf 88' lang='lat' dir='ltr'><strong>quod</strong></span> <span class='ocrx_word' id='word_1_181' title='bbox 1340 2825 1606 2881; x_wconf 89' lang='lat' dir='ltr'><strong>supernas</strong></span> <span class='ocrx_word' id='word_1_182' title='bbox 1657 2810 1845 2865; x_wconf 88' lang='lat' dir='ltr'><strong>laudes</strong></span> <span class='ocrx_word' id='word_1_183' title='bbox 1896 2810 2146 2866; x_wconf 89' lang='lat' dir='ltr'><strong>humanis</strong></span> 
     </span>
    </p>
   </div>
   <div class='ocr_carea' id='block_1_27' title="bbox 566 2900 2146 2978">
    <p class='ocr_par' dir='ltr' id='par_1_27' title="bbox 566 2900 2146 2978">
     <span class='ocr_line' id='line_1_27' title="bbox 566 2900 2146 2978; baseline -0.003 -17"><span class='ocrx_word' id='word_1_184' title='bbox 566 2907 786 2963; x_wconf 81' lang='lat' dir='ltr'><strong>vocibus</strong></span> <span class='ocrx_word' id='word_1_185' title='bbox 833 2904 1177 2978; x_wconf 80' lang='lat' dir='ltr'><strong>personabat.</strong></span> <span class='ocrx_word' id='word_1_186' title='bbox 1221 2903 1326 2959; x_wconf 87' lang='lat' dir='ltr'><strong>Sed</strong></span> <span class='ocrx_word' id='word_1_187' title='bbox 1381 2904 1496 2958; x_wconf 75' lang='lat' dir='ltr'><strong>lucc</strong></span> <span class='ocrx_word' id='word_1_188' title='bbox 1550 2900 1676 2957; x_wconf 88' lang='lat' dir='ltr'><strong>ideo</strong></span> <span class='ocrx_word' id='word_1_189' title='bbox 1728 2900 1979 2955; x_wconf 91' lang='lat' dir='ltr'><strong>videntur</strong></span> <span class='ocrx_word' id='word_1_190' title='bbox 2022 2914 2146 2956; x_wconf 84' lang='lat' dir='ltr'><strong>esse</strong></span> 
     </span>
    </p>
   </div>
   <div class='ocr_carea' id='block_1_28' title="bbox 564 2989 2145 3066">
    <p class='ocr_par' dir='ltr' id='par_1_28' title="bbox 564 2989 2145 3066">
     <span class='ocr_line' id='line_1_28' title="bbox 564 2989 2145 3066; baseline -0.005 -14"><span class='ocrx_word' id='word_1_191' title='bbox 564 3000 799 3063; x_wconf 87' lang='lat' dir='ltr'><strong>sociata,</strong></span> <span class='ocrx_word' id='word_1_192' title='bbox 843 2995 968 3066; x_wconf 83' lang='lat' dir='ltr'><strong>quia</strong></span> <span class='ocrx_word' id='word_1_193' title='bbox 1012 3002 1069 3049; x_wconf 89' lang='lat' dir='ltr'><strong>et</strong></span> <span class='ocrx_word' id='word_1_194' title='bbox 1120 2993 1494 3047; x_wconf 87' lang='lat' dir='ltr'><strong>instrumentis</strong></span> <span class='ocrx_word' id='word_1_195' title='bbox 1560 2992 1817 3055; x_wconf 88' lang='lat' dir='ltr'><strong>musicis,</strong></span> <span class='ocrx_word' id='word_1_196' title='bbox 1865 2999 1921 3044; x_wconf 90' lang='lat' dir='ltr'><strong>et</strong></span> <span class='ocrx_word' id='word_1_197' title='bbox 1964 2989 2145 3044; x_wconf 56' lang='lat' dir='ltr'><strong>choris</strong></span> 
     </span>
    </p>
   </div>
   <div class='ocr_carea' id='block_1_29' title="bbox 566 3079 2145 3156">
    <p class='ocr_par' dir='ltr' id='par_1_29' title="bbox 566 3079 2145 3156">
     <span class='ocr_line' id='line_1_29' title="bbox 566 3079 2145 3156; baseline -0.006 -15"><span class='ocrx_word' id='word_1_198' title='bbox 566 3084 934 3156; x_wconf 67' lang='lat' dir='ltr'><strong>psallentium,</strong></span> <span class='ocrx_word' id='word_1_199' title='bbox 964 3082 1246 3138; x_wconf 87' lang='lat' dir='ltr'><strong>sacriﬁciis</strong></span> <span class='ocrx_word' id='word_1_200' title='bbox 1276 3082 1588 3138; x_wconf 74' lang='lat' dir='ltr'><strong>ctelestibus</strong></span> <span class='ocrx_word' id='word_1_201' title='bbox 1613 3094 1849 3135; x_wconf 89' lang='lat' dir='ltr'><strong>consona</strong></span> <span class='ocrx_word' id='word_1_202' title='bbox 1881 3079 2081 3133; x_wconf 78' lang='lat' dir='ltr'><strong>vocifer</strong></span> <span class='ocrx_word' id='word_1_203' title='bbox 2099 3104 2145 3126; x_wconf 56' lang='lat'><strong>.-</strong></span> 
     </span>
    </p>
   </div>
   <div class='ocr_carea' id='block_1_30' title="bbox 564 3167 2139 3231">
    <p class='ocr_par' dir='ltr' id='par_1_30' title="bbox 564 3167 2139 3231">
     <span class='ocr_line' id='line_1_30' title="bbox 564 3167 2139 3231; baseline -0.008 -1"><span class='ocrx_word' id='word_1_204' title='bbox 564 3176 709 3231; x_wconf 88' lang='lat' dir='ltr'><strong>tione</strong></span> <span class='ocrx_word' id='word_1_205' title='bbox 735 3172 1083 3229; x_wconf 80' lang='lat' dir='ltr'><strong>canebantur.</strong></span> <span class='ocrx_word' id='word_1_206' title='bbox 1113 3170 1204 3227; x_wconf 85' lang='lat' dir='ltr'><strong>Sic</strong></span> <span class='ocrx_word' id='word_1_207' title='bbox 1245 3169 1362 3224; x_wconf 88' lang='lat' dir='ltr'><strong>istis</strong></span> <span class='ocrx_word' id='word_1_208' title='bbox 1392 3169 1573 3224; x_wconf 81' lang='lat' dir='ltr'><strong>verbis</strong></span> <span class='ocrx_word' id='word_1_209' title='bbox 1612 3167 1863 3222; x_wconf 89' lang='lat' dir='ltr'><strong>omnibus</strong></span> <span class='ocrx_word' id='word_1_210' title='bbox 1894 3180 2139 3222; x_wconf 85' lang='lat' dir='ltr'><strong>commo-</strong></span> 
     </span>
    </p>
   </div>
   <div class='ocr_carea' id='block_1_31' title="bbox 564 3259 2139 3331">
    <p class='ocr_par' dir='ltr' id='par_1_31' title="bbox 564 3259 2139 3331">
     <span class='ocr_line' id='line_1_31' title="bbox 564 3259 2139 3331; baseline -0.004 -10"><span class='ocrx_word' id='word_1_211' title='bbox 564 3278 773 3331; x_wconf 88' lang='lat' dir='ltr'><strong>nemur,</strong></span> <span class='ocrx_word' id='word_1_212' title='bbox 806 3264 875 3321; x_wconf 90' lang='lat' dir='ltr'><strong>de</strong></span> <span class='ocrx_word' id='word_1_213' title='bbox 905 3263 1129 3320; x_wconf 90' lang='lat' dir='ltr'><strong>Domino</strong></span> <span class='ocrx_word' id='word_1_214' title='bbox 1153 3260 1370 3318; x_wconf 83' lang='lat' dir='ltr'><strong>Christo</strong></span> <span class='ocrx_word' id='word_1_215' title='bbox 1411 3260 1679 3317; x_wconf 90' lang='lat' dir='ltr'><strong>canticum</strong></span> <span class='ocrx_word' id='word_1_216' title='bbox 1718 3259 1862 3316; x_wconf 88' lang='lat' dir='ltr'><strong>istud</strong></span> <span class='ocrx_word' id='word_1_217' title='bbox 1898 3273 2020 3317; x_wconf 86' lang='lat' dir='ltr'><strong>esse</strong></span> <span class='ocrx_word' id='word_1_218' title='bbox 2055 3260 2139 3316; x_wconf 89' lang='lat' dir='ltr'><strong>di-</strong></span> 
     </span>
    </p>
   </div>
   <div class='ocr_carea' id='block_1_32' title="bbox 562 3364 798 3414">
    <p class='ocr_par' dir='ltr' id='par_1_32' title="bbox 562 3364 798 3414">
     <span class='ocr_line' id='line_1_32' title="bbox 562 3364 798 3414; baseline -0.008 -1"><span class='ocrx_word' id='word_1_219' title='bbox 562 3364 798 3414; x_wconf 80' lang='lat' dir='ltr'><strong>cturum.</strong></span> 
     </span>
    </p>
   </div>
   <div class='ocr_carea' id='block_1_33' title="bbox 1130 3469 1568 3541">
    <p class='ocr_par' dir='ltr' id='par_1_33' title="bbox 1130 3469 1568 3541">
     <span class='ocr_line' id='line_1_33' title="bbox 1130 3469 1568 3541; baseline -0.002 -17"><span class='ocrx_word' id='word_1_220' title='bbox 1130 3469 1324 3525; x_wconf 86' lang='lat' dir='ltr'><strong>Divisio</strong></span> <span class='ocrx_word' id='word_1_221' title='bbox 1366 3469 1568 3541; x_wconf 84' lang='lat' dir='ltr'><strong>psalmi.</strong></span> 
     </span>
    </p>
   </div>
   <div class='ocr_carea' id='block_1_34' title="bbox 610 3580 2139 3655">
    <p class='ocr_par' dir='ltr' id='par_1_34' title="bbox 610 3580 2139 3655">
     <span class='ocr_line' id='line_1_34' title="bbox 610 3580 2139 3655; baseline -0.003 -15"><span class='ocrx_word' id='word_1_222' title='bbox 610 3585 735 3655; x_wconf 5' lang='lat' dir='ltr'><strong>(Per</strong></span> <span class='ocrx_word' id='word_1_223' title='bbox 762 3590 933 3639; x_wconf 87' lang='lat' dir='ltr'><strong>totum</strong></span> <span class='ocrx_word' id='word_1_224' title='bbox 962 3582 1226 3654; x_wconf 85' lang='lat' dir='ltr'><strong>psalmum</strong></span> <span class='ocrx_word' id='word_1_225' title='bbox 1256 3582 1417 3637; x_wconf 81' lang='lat' dir='ltr'><strong>verba</strong></span> <span class='ocrx_word' id='word_1_226' title='bbox 1445 3591 1573 3635; x_wconf 86' lang='lat' dir='ltr'><strong>sunt</strong></span> <span class='ocrx_word' id='word_1_227' title='bbox 1601 3588 1802 3636; x_wconf 72' lang='lat' dir='ltr'><strong>sancta:</strong></span> <span class='ocrx_word' id='word_1_228' title='bbox 1825 3580 2011 3636; x_wconf 84' lang='lat' dir='ltr'><strong>matris</strong></span> <span class='ocrx_word' id='word_1_229' title='bbox 2040 3580 2139 3636; x_wconf 89' lang='lat' dir='ltr'><strong>Ec-</strong></span> 
     </span>
    </p>
   </div>
   <div class='ocr_carea' id='block_1_35' title="bbox 561 3670 2141 3747">
    <p class='ocr_par' dir='ltr' id='par_1_35' title="bbox 561 3670 2141 3747">
     <span class='ocr_line' id='line_1_35' title="bbox 561 3670 2141 3747; baseline -0.003 -16"><span class='ocrx_word' id='word_1_230' title='bbox 561 3678 759 3746; x_wconf 73' lang='lat' dir='ltr'><strong>clesite,</strong></span> <span class='ocrx_word' id='word_1_231' title='bbox 782 3690 901 3747; x_wconf 76' lang='lat' dir='ltr'><strong>qum</strong></span> <span class='ocrx_word' id='word_1_232' title='bbox 924 3690 1029 3730; x_wconf 89' lang='lat' dir='ltr'><strong>non</strong></span> <span class='ocrx_word' id='word_1_233' title='bbox 1060 3675 1113 3730; x_wconf 91' lang='lat' dir='ltr'><strong>in</strong></span> <span class='ocrx_word' id='word_1_234' title='bbox 1141 3672 1392 3730; x_wconf 88' lang='lat' dir='ltr'><strong>cordibus</strong></span> <span class='ocrx_word' id='word_1_235' title='bbox 1422 3673 1619 3730; x_wconf 85' lang='lat' dir='ltr'><strong>nostris</strong></span> <span class='ocrx_word' id='word_1_236' title='bbox 1646 3672 1980 3744; x_wconf 85' lang='lat' dir='ltr'><strong>phantastica</strong></span> <span class='ocrx_word' id='word_1_237' title='bbox 2011 3670 2141 3727; x_wconf 86' lang='lat' dir='ltr'><strong>ima-</strong></span> 
     </span>
    </p>
   </div>
   <div class='ocr_carea' id='block_1_36' title="bbox 561 3764 2139 3838">
    <p class='ocr_par' dir='ltr' id='par_1_36' title="bbox 561 3764 2139 3838">
     <span class='ocr_line' id='line_1_36' title="bbox 561 3764 2139 3838; baseline -0.003 -14"><span class='ocrx_word' id='word_1_238' title='bbox 561 3770 830 3838; x_wconf 85' lang='lat' dir='ltr'><strong>ginatione</strong></span> <span class='ocrx_word' id='word_1_239' title='bbox 876 3765 1155 3831; x_wconf 82' lang='lat' dir='ltr'><strong>formatur,</strong></span> <span class='ocrx_word' id='word_1_240' title='bbox 1203 3765 1345 3819; x_wconf 86' lang='lat' dir='ltr'><strong>sicut</strong></span> <span class='ocrx_word' id='word_1_241' title='bbox 1391 3765 1604 3835; x_wconf 90' lang='lat' dir='ltr'><strong>patria,</strong></span> <span class='ocrx_word' id='word_1_242' title='bbox 1651 3764 1737 3820; x_wconf 88' lang='lat' dir='ltr'><strong>vel</strong></span> <span class='ocrx_word' id='word_1_243' title='bbox 1781 3764 2017 3835; x_wconf 76' lang='lat' dir='ltr'><strong>civitas,</strong></span> <span class='ocrx_word' id='word_1_244' title='bbox 2054 3764 2139 3820; x_wconf 91' lang='lat' dir='ltr'><strong>vel</strong></span> 
     </span>
    </p>
   </div>
   <div class='ocr_carea' id='block_1_37' title="bbox 560 3854 2140 3929">
    <p class='ocr_par' dir='ltr' id='par_1_37' title="bbox 560 3854 2140 3929">
     <span class='ocr_line' id='line_1_37' title="bbox 560 3854 2140 3929; baseline -0.003 -15"><span class='ocrx_word' id='word_1_245' title='bbox 560 3858 758 3929; x_wconf 90' lang='lat' dir='ltr'><strong>aliquid</strong></span> <span class='ocrx_word' id='word_1_246' title='bbox 784 3871 967 3914; x_wconf 92' lang='lat' dir='ltr'><strong>eorum</strong></span> <span class='ocrx_word' id='word_1_247' title='bbox 991 3857 1189 3924; x_wconf 88' lang='lat' dir='ltr'><strong>simile,</strong></span> <span class='ocrx_word' id='word_1_248' title='bbox 1213 3855 1351 3926; x_wconf 88' lang='lat' dir='ltr'><strong>quod</strong></span> <span class='ocrx_word' id='word_1_249' title='bbox 1383 3870 1674 3926; x_wconf 86' lang='lat' dir='ltr'><strong>personam</strong></span> <span class='ocrx_word' id='word_1_250' title='bbox 1705 3869 1812 3909; x_wconf 93' lang='lat' dir='ltr'><strong>non</strong></span> <span class='ocrx_word' id='word_1_251' title='bbox 1841 3854 2000 3911; x_wconf 86' lang='lat' dir='ltr'><strong>habet</strong></span> <span class='ocrx_word' id='word_1_252' title='bbox 2027 3855 2140 3911; x_wconf 76' lang='lat' dir='ltr'><strong>esi-</strong></span> 
     </span>
    </p>
   </div>
   <div class='ocr_carea' id='block_1_38' title="bbox 559 3947 2139 4007">
    <p class='ocr_par' dir='ltr' id='par_1_38' title="bbox 559 3947 2139 4007">
     <span class='ocr_line' id='line_1_38' title="bbox 559 3947 2139 4007; baseline -0.001 -2"><span class='ocrx_word' id='word_1_253' title='bbox 559 3959 787 4007; x_wconf 90' lang='lat' dir='ltr'><strong>stentem</strong></span> <span class='ocrx_word' id='word_1_254' title='bbox 813 3967 825 4003; x_wconf 93' lang='lat'><strong>:</strong></span> <span class='ocrx_word' id='word_1_255' title='bbox 856 3948 949 4005; x_wconf 87' lang='lat' dir='ltr'><strong>sed</strong></span> <span class='ocrx_word' id='word_1_256' title='bbox 981 3948 1218 4004; x_wconf 84' lang='lat' dir='ltr'><strong>Ecclesia</strong></span> <span class='ocrx_word' id='word_1_257' title='bbox 1245 3955 1333 4003; x_wconf 91' lang='lat' dir='ltr'><strong>est</strong></span> <span class='ocrx_word' id='word_1_258' title='bbox 1377 3948 1625 4004; x_wconf 91' lang='lat' dir='ltr'><strong>collectio</strong></span> <span class='ocrx_word' id='word_1_259' title='bbox 1657 3947 1895 4002; x_wconf 83' lang='lat' dir='ltr'><strong>ﬁdelium</strong></span> <span class='ocrx_word' id='word_1_260' title='bbox 1926 3955 2139 4003; x_wconf 90' lang='lat' dir='ltr'><strong>sancto-</strong></span> 
     </span>
    </p>
   </div>
   <div class='ocr_carea' id='block_1_39' title="bbox 561 4022 2132 4111">
    <p class='ocr_par' dir='ltr' id='par_1_39' title="bbox 561 4022 2132 4111">
     <span class='ocr_line' id='line_1_39' title="bbox 561 4022 2132 4111; baseline -0.001 -15"><span class='ocrx_word' id='word_1_261' title='bbox 561 4060 679 4099; x_wconf 80' lang='lat' dir='ltr'><strong>vum</strong></span> <span class='ocrx_word' id='word_1_262' title='bbox 709 4022 1179 4111; x_wconf 30' lang='lat' dir='ltr'><strong>omnium,ranima</strong></span> <span class='ocrx_word' id='word_1_263' title='bbox 1226 4050 1281 4096; x_wconf 90' lang='lat' dir='ltr'><strong>et</strong></span> <span class='ocrx_word' id='word_1_264' title='bbox 1317 4056 1411 4097; x_wconf 90' lang='lat' dir='ltr'><strong>cor</strong></span> <span class='ocrx_word' id='word_1_265' title='bbox 1442 4056 1605 4096; x_wconf 92' lang='lat' dir='ltr'><strong>unum</strong></span> <span class='ocrx_word' id='word_1_266' title='bbox 1627 4080 1643 4107; x_wconf 93' lang='lat'><strong>,</strong></span> <span class='ocrx_word' id='word_1_267' title='bbox 1682 4055 1879 4110; x_wconf 87' lang='lat' dir='ltr'><strong>sponsa</strong></span> <span class='ocrx_word' id='word_1_268' title='bbox 1907 4039 2132 4109; x_wconf 89' lang='lat' dir='ltr'><strong>Christi,</strong></span> 
     </span>
    </p>
   </div>
   <div class='ocr_carea' id='block_1_40' title="bbox 560 4131 2137 4201">
    <p class='ocr_par' dir='ltr' id='par_1_40' title="bbox 560 4131 2137 4201">
     <span class='ocr_line' id='line_1_40' title="bbox 560 4131 2137 4201; baseline -0.002 -11"><span class='ocrx_word' id='word_1_269' title='bbox 560 4135 855 4191; x_wconf 76' lang='lat' dir='ltr'><strong>Jerusalem</strong></span> <span class='ocrx_word' id='word_1_270' title='bbox 904 4132 1063 4188; x_wconf 77' lang='lat' dir='ltr'><strong>futuri</strong></span> <span class='ocrx_word' id='word_1_271' title='bbox 1107 4132 1322 4197; x_wconf 73' lang='lat' dir='ltr'><strong>szeculi;</strong></span> <span class='ocrx_word' id='word_1_272' title='bbox 1370 4131 1439 4187; x_wconf 89' lang='lat' dir='ltr'><strong>de</strong></span> <span class='ocrx_word' id='word_1_273' title='bbox 1485 4146 1590 4201; x_wconf 89' lang='lat' dir='ltr'><strong>qua</strong></span> <span class='ocrx_word' id='word_1_274' title='bbox 1638 4131 1766 4186; x_wconf 90' lang='lat' dir='ltr'><strong>dicit</strong></span> <span class='ocrx_word' id='word_1_275' title='bbox 1813 4132 1865 4187; x_wconf 89' lang='lat' dir='ltr'><strong>in</strong></span> <span class='ocrx_word' id='word_1_276' title='bbox 1915 4131 2137 4187; x_wconf 89' lang='lat' dir='ltr'><strong>Cantico</strong></span> 
     </span>
    </p>
   </div>
   <div class='ocr_carea' id='block_1_41' title="bbox 559 4221 2137 4287">
    <p class='ocr_par' dir='ltr' id='par_1_41' title="bbox 559 4221 2137 4287">
     <span class='ocr_line' id='line_1_41' title="bbox 559 4221 2137 4287; baseline -0.001 -9"><span class='ocrx_word' id='word_1_277' title='bbox 559 4225 891 4279; x_wconf 89' lang='lat' dir='ltr'><strong>canticorum</strong></span> <span class='ocrx_word' id='word_1_278' title='bbox 917 4224 1171 4287; x_wconf 87' lang='lat' dir='ltr'><strong>Dominus</strong></span> <span class='ocrx_word' id='word_1_279' title='bbox 1192 4222 1349 4277; x_wconf 84' lang='lat' dir='ltr'><strong>Jesus</strong></span> <span class='ocrx_word' id='word_1_280' title='bbox 1369 4242 1381 4276; x_wconf 87' lang='lat'><strong>:</strong></span> <span class='ocrx_word' id='word_1_281' title='bbox 1404 4223 1673 4277; x_wconf 83' lang='lat' dir='ltr'><strong>Osculetur</strong></span> <span class='ocrx_word' id='word_1_282' title='bbox 1692 4238 1772 4277; x_wconf 90' lang='lat' dir='ltr'><strong>me</strong></span> <span class='ocrx_word' id='word_1_283' title='bbox 1791 4221 1965 4277; x_wconf 86' lang='lat' dir='ltr'><strong>osculo</strong></span> <span class='ocrx_word' id='word_1_284' title='bbox 1987 4231 2013 4261; x_wconf 74' lang='grc' dir='ltr'>ι</span> <span class='ocrx_word' id='word_1_285' title='bbox 2032 4225 2137 4277; x_wconf 89' lang='lat' dir='ltr'><strong>oris</strong></span> 
     </span>
    </p>
   </div>
   <div class='ocr_carea' id='block_1_42' title="bbox 563 4312 2137 4383">
    <p class='ocr_par' dir='ltr' id='par_1_42' title="bbox 563 4312 2137 4383">
     <span class='ocr_line' id='line_1_42' title="bbox 563 4312 2137 4383; baseline -0.002 -15"><span class='ocrx_word' id='word_1_286' title='bbox 563 4318 642 4368; x_wconf 88' lang='lat' dir='ltr'><strong>sui</strong></span> <span class='ocrx_word' id='word_1_287' title='bbox 676 4314 847 4383; x_wconf 84' lang='lat' dir='ltr'><strong>(Cant.</strong></span> <span class='ocrx_word' id='word_1_288' title='bbox 876 4328 923 4381; x_wconf 83' lang='grc' dir='ltr'><strong>ι,</strong></span> <span class='ocrx_word' id='word_1_289' title='bbox 951 4315 1037 4382; x_wconf 80' lang='lat' dir='ltr'><strong>t);</strong></span> <span class='ocrx_word' id='word_1_290' title='bbox 1065 4322 1118 4367; x_wconf 89' lang='lat' dir='ltr'><strong>et</strong></span> <span class='ocrx_word' id='word_1_291' title='bbox 1147 4312 1272 4366; x_wconf 81' lang='lat' dir='ltr'><strong>alibi</strong></span> <span class='ocrx_word' id='word_1_292' title='bbox 1298 4331 1311 4365; x_wconf 89' lang='lat'><strong>:</strong></span> <span class='ocrx_word' id='word_1_293' title='bbox 1346 4313 1475 4379; x_wconf 77' lang='lat' dir='ltr'><strong>Qua:</strong></span> <span class='ocrx_word' id='word_1_294' title='bbox 1502 4321 1575 4365; x_wconf 87' lang='lat' dir='ltr'><strong>est</strong></span> <span class='ocrx_word' id='word_1_295' title='bbox 1611 4313 1712 4365; x_wconf 88' lang='lat' dir='ltr'><strong>ista</strong></span> <span class='ocrx_word' id='word_1_296' title='bbox 1754 4327 1869 4382; x_wconf 77' lang='lat' dir='ltr'><strong>qua:</strong></span> <span class='ocrx_word' id='word_1_297' title='bbox 1907 4313 2137 4365; x_wconf 83' lang='lat' dir='ltr'><strong>ascendit</strong></span> 
     </span>
    </p>
   </div>
   <div class='ocr_carea' id='block_1_43' title="bbox 557 4401 2137 4474">
    <p class='ocr_par' dir='ltr' id='par_1_43' title="bbox 557 4401 2137 4474">
     <span class='ocr_line' id='line_1_43' title="bbox 557 4401 2137 4474; baseline -0.002 -15"><span class='ocrx_word' id='word_1_298' title='bbox 557 4405 793 4459; x_wconf 81' lang='lat' dir='ltr'><strong>dealbata</strong></span> <span class='ocrx_word' id='word_1_299' title='bbox 842 4402 1016 4474; x_wconf 87' lang='lat' dir='ltr'><strong>(Cant.</strong></span> <span class='ocrx_word' id='word_1_300' title='bbox 1044 4418 1166 4467; x_wconf 84' lang='lat' dir='ltr'><strong>vul,</strong></span> <span class='ocrx_word' id='word_1_301' title='bbox 1193 4403 1282 4473; x_wconf 81' lang='lat'><strong>5);</strong></span> <span class='ocrx_word' id='word_1_302' title='bbox 1320 4410 1376 4456; x_wconf 87' lang='lat' dir='ltr'><strong>et</strong></span> <span class='ocrx_word' id='word_1_303' title='bbox 1422 4403 1592 4457; x_wconf 88' lang='lat' dir='ltr'><strong>illud:</strong></span> <span class='ocrx_word' id='word_1_304' title='bbox 1629 4401 1746 4455; x_wconf 88' lang='lat' dir='ltr'><strong>Una</strong></span> <span class='ocrx_word' id='word_1_305' title='bbox 1786 4412 1860 4455; x_wconf 90' lang='lat' dir='ltr'><strong>est</strong></span> <span class='ocrx_word' id='word_1_306' title='bbox 1903 4402 2137 4456; x_wconf 85' lang='lat' dir='ltr'><strong>columba</strong></span> 
     </span>
    </p>
   </div>
   <div class='ocr_carea' id='block_1_44' title="bbox 561 4490 2137 4561">
    <p class='ocr_par' dir='ltr' id='par_1_44' title="bbox 561 4490 2137 4561">
     <span class='ocr_line' id='line_1_44' title="bbox 561 4490 2137 4561; baseline -0.003 -12"><span class='ocrx_word' id='word_1_307' title='bbox 561 4513 703 4561; x_wconf 84' lang='lat' dir='ltr'><strong>mea,</strong></span> <span class='ocrx_word' id='word_1_308' title='bbox 734 4510 838 4550; x_wconf 73' lang='lat' dir='ltr'><strong>una</strong></span> <span class='ocrx_word' id='word_1_309' title='bbox 875 4501 952 4547; x_wconf 80' lang='lat' dir='ltr'><strong>est</strong></span> <span class='ocrx_word' id='word_1_310' title='bbox 994 4508 1179 4561; x_wconf 86' lang='lat' dir='ltr'><strong>sponsa</strong></span> <span class='ocrx_word' id='word_1_311' title='bbox 1225 4507 1338 4545; x_wconf 86' lang='lat' dir='ltr'><strong>mea</strong></span> <span class='ocrx_word' id='word_1_312' title='bbox 1385 4490 1557 4561; x_wconf 86' lang='lat' dir='ltr'><strong>(Cant.</strong></span> <span class='ocrx_word' id='word_1_313' title='bbox 1584 4506 1665 4554; x_wconf 87' lang='lat' dir='ltr'><strong>vt,</strong></span> <span class='ocrx_word' id='word_1_314' title='bbox 1694 4490 1771 4560; x_wconf 92' lang='lat'><strong>8).</strong></span> <span class='ocrx_word' id='word_1_315' title='bbox 1802 4490 2137 4561; x_wconf 84' lang='lat' dir='ltr'><strong>Quapropter</strong></span> 
     </span>
    </p>
   </div>
   <div class='ocr_carea' id='block_1_45' title="bbox 2808 479 3315 554">
    <p class='ocr_par' dir='ltr' id='par_1_45' title="bbox 2808 479 3315 554">
     <span class='ocr_line' id='line_1_45' title="bbox 2808 479 3315 554; baseline 0.016 -21"><span class='ocrx_word' id='word_1_316' title='bbox 2808 479 3073 551; x_wconf 68' lang='lat' dir='ltr'><strong>Expositio</strong></span> <span class='ocrx_word' id='word_1_317' title='bbox 3106 486 3315 554; x_wconf 81' lang='lat' dir='ltr'><strong>psalmi.</strong></span> 
     </span>
    </p>
   </div>
   <div class='ocr_carea' id='block_1_46' title="bbox 2330 568 3837 649">
    <p class='ocr_par' dir='ltr' id='par_1_46' title="bbox 2330 568 3837 649">
     <span class='ocr_line' id='line_1_46' title="bbox 2330 568 3837 649; baseline 0.005 -25"><span class='ocrx_word' id='word_1_318' title='bbox 2330 568 2484 625; x_wconf 77' lang='lat' dir='ltr'><strong>Vers.</strong></span> <span class='ocrx_word' id='word_1_319' title='bbox 2516 571 2566 624; x_wconf 78' lang='lat' dir='ltr'><strong>i.</strong></span> <span class='ocrx_word' id='word_1_320' title='bbox 2598 569 2725 624; x_wconf 86' lang='lat' dir='ltr'><strong>Cum</strong></span> <span class='ocrx_word' id='word_1_321' title='bbox 2755 572 3034 627; x_wconf 80' lang='lat' dir='ltr'><strong>invocarem</strong></span> <span class='ocrx_word' id='word_1_322' title='bbox 3063 584 3131 640; x_wconf 88' lang='lat' dir='ltr'><strong>te,</strong></span> <span class='ocrx_word' id='word_1_323' title='bbox 3161 576 3416 629; x_wconf 75' lang='lat' dir='ltr'><strong>exaudisti</strong></span> <span class='ocrx_word' id='word_1_324' title='bbox 3454 592 3551 641; x_wconf 89' lang='lat' dir='ltr'><strong>me,</strong></span> <span class='ocrx_word' id='word_1_325' title='bbox 3588 576 3727 632; x_wconf 79' lang='lat' dir='ltr'><strong>Deus</strong></span> <span class='ocrx_word' id='word_1_326' title='bbox 3746 578 3837 649; x_wconf 81' lang='lat' dir='ltr'><strong>ju-</strong></span> 
     </span>
    </p>
   </div>
   <div class='ocr_carea' id='block_1_47' title="bbox 2255 662 3839 728">
    <p class='ocr_par' dir='ltr' id='par_1_47' title="bbox 2255 662 3839 728">
     <span class='ocr_line' id='line_1_47' title="bbox 2255 662 3839 728; baseline 0.005 -13"><span class='ocrx_word' id='word_1_327' title='bbox 2255 662 2407 716; x_wconf 77' lang='lat' dir='ltr'><strong>stitite</strong></span> <span class='ocrx_word' id='word_1_328' title='bbox 2438 678 2561 717; x_wconf 72' lang='lat' dir='ltr'><strong>mea:</strong></span> <span class='ocrx_word' id='word_1_329' title='bbox 2592 663 2636 728; x_wconf 77' lang='grc' dir='ltr'><strong>δ,</strong></span> <span class='ocrx_word' id='word_1_330' title='bbox 2669 664 2721 716; x_wconf 91' lang='lat' dir='ltr'><strong>in</strong></span> <span class='ocrx_word' id='word_1_331' title='bbox 2765 664 3091 719; x_wconf 83' lang='lat' dir='ltr'><strong>tribulatione</strong></span> <span class='ocrx_word' id='word_1_332' title='bbox 3129 668 3357 721; x_wconf 89' lang='lat' dir='ltr'><strong>dilatasti</strong></span> <span class='ocrx_word' id='word_1_333' title='bbox 3400 668 3546 723; x_wconf 77' lang='lat' dir='ltr'><strong>mihi.</strong></span> <span class='ocrx_word' id='word_1_334' title='bbox 3598 667 3839 724; x_wconf 76' lang='lat' dir='ltr'><strong>Miserere</strong></span> 
     </span>
    </p>
   </div>
   <div class='ocr_carea' id='block_1_48' title="bbox 2258 754 3841 823">
    <p class='ocr_par' dir='ltr' id='par_1_48' title="bbox 2258 754 3841 823">
     <span class='ocr_line' id='line_1_48' title="bbox 2258 754 3841 823; baseline 0.006 -14"><span class='ocrx_word' id='word_1_335' title='bbox 2258 756 2386 823; x_wconf 89' lang='lat' dir='ltr'><strong>mei,</strong></span> <span class='ocrx_word' id='word_1_336' title='bbox 2418 754 2657 820; x_wconf 85' lang='lat' dir='ltr'><strong>Domine,</strong></span> <span class='ocrx_word' id='word_1_337' title='bbox 2690 765 2735 809; x_wconf 87' lang='lat' dir='ltr'><strong>et</strong></span> <span class='ocrx_word' id='word_1_338' title='bbox 2762 758 2951 811; x_wconf 72' lang='lat' dir='ltr'><strong>exaudi</strong></span> <span class='ocrx_word' id='word_1_339' title='bbox 2979 760 3261 813; x_wconf 89' lang='lat' dir='ltr'><strong>orationem</strong></span> <span class='ocrx_word' id='word_1_340' title='bbox 3298 778 3482 815; x_wconf 86' lang='lat' dir='ltr'><strong>meam.</strong></span> <span class='ocrx_word' id='word_1_341' title='bbox 3512 762 3841 818; x_wconf 77' lang='lat' dir='ltr'><strong>Considere-</strong></span> 
     </span>
    </p>
   </div>
   <div class='ocr_carea' id='block_1_49' title="bbox 2257 826 3854 918">
    <p class='ocr_par' dir='ltr' id='par_1_49' title="bbox 2257 826 3854 918">
     <span class='ocr_line' id='line_1_49' title="bbox 2257 826 3854 918; baseline 0.006 -17"><span class='ocrx_word' id='word_1_342' title='bbox 2257 862 2375 902; x_wconf 91' lang='lat' dir='ltr'><strong>mus</strong></span> <span class='ocrx_word' id='word_1_343' title='bbox 2402 847 2527 917; x_wconf 85' lang='lat' dir='ltr'><strong>quid</strong></span> <span class='ocrx_word' id='word_1_344' title='bbox 2554 848 2622 903; x_wconf 89' lang='lat' dir='ltr'><strong>sit</strong></span> <span class='ocrx_word' id='word_1_345' title='bbox 2654 848 2776 917; x_wconf 89' lang='lat' dir='ltr'><strong>hoc,</strong></span> <span class='ocrx_word' id='word_1_346' title='bbox 2822 849 2963 918; x_wconf 90' lang='lat' dir='ltr'><strong>quod</strong></span> <span class='ocrx_word' id='word_1_347' title='bbox 2998 860 3171 905; x_wconf 90' lang='lat' dir='ltr'><strong>mater</strong></span> <span class='ocrx_word' id='word_1_348' title='bbox 3214 851 3454 907; x_wconf 86' lang='lat' dir='ltr'><strong>Ecclesia</strong></span> <span class='ocrx_word' id='word_1_349' title='bbox 3486 854 3538 907; x_wconf 92' lang='lat' dir='ltr'><strong>in</strong></span> <span class='ocrx_word' id='word_1_350' title='bbox 3587 869 3697 908; x_wconf 91' lang='lat' dir='ltr'><strong>uno</strong></span> <span class='ocrx_word' id='word_1_351' title='bbox 3744 826 3854 910; x_wconf 68' lang='lat' dir='ltr'><strong>eo-t</strong></span> 
     </span>
    </p>
   </div>
   <div class='ocr_carea' id='block_1_50' title="bbox 2254 926 3850 1009">
    <p class='ocr_par' dir='ltr' id='par_1_50' title="bbox 2254 926 3850 1009">
     <span class='ocr_line' id='line_1_50' title="bbox 2254 926 3850 1009; baseline 0.005 -19"><span class='ocrx_word' id='word_1_352' title='bbox 2254 937 2482 1006; x_wconf 83' lang='lat' dir='ltr'><strong>demque</strong></span> <span class='ocrx_word' id='word_1_353' title='bbox 2522 952 2717 1003; x_wconf 89' lang='lat' dir='ltr'><strong>versu,</strong></span> <span class='ocrx_word' id='word_1_354' title='bbox 2760 946 2817 994; x_wconf 91' lang='lat' dir='ltr'><strong>et</strong></span> <span class='ocrx_word' id='word_1_355' title='bbox 2860 941 3162 994; x_wconf 79' lang='lat' dir='ltr'><strong>exauditam</strong></span> <span class='ocrx_word' id='word_1_356' title='bbox 3210 955 3269 995; x_wconf 90' lang='lat' dir='ltr'><strong>se</strong></span> <span class='ocrx_word' id='word_1_357' title='bbox 3320 942 3495 1009; x_wconf 91' lang='lat' dir='ltr'><strong>dicat,</strong></span> <span class='ocrx_word' id='word_1_358' title='bbox 3540 952 3596 998; x_wconf 91' lang='lat' dir='ltr'><strong>et</strong></span> <span class='ocrx_word' id='word_1_359' title='bbox 3646 926 3850 998; x_wconf 40' lang='lat' dir='ltr'><strong>iterum.</strong></span> 
     </span>
    </p>
   </div>
   <div class='ocr_carea' id='block_1_51' title="bbox 2253 1027 3838 1103">
    <p class='ocr_par' dir='ltr' id='par_1_51' title="bbox 2253 1027 3838 1103">
     <span class='ocr_line' id='line_1_51' title="bbox 2253 1027 3838 1103; baseline 0.008 -23"><span class='ocrx_word' id='word_1_360' title='bbox 2253 1027 2573 1097; x_wconf 88' lang='lat' dir='ltr'><strong>deprecetur</strong></span> <span class='ocrx_word' id='word_1_361' title='bbox 2624 1028 2799 1084; x_wconf 90' lang='lat' dir='ltr'><strong>audiri</strong></span> <span class='ocrx_word' id='word_1_362' title='bbox 2843 1048 2857 1083; x_wconf 88' lang='lat'><strong>:</strong></span> <span class='ocrx_word' id='word_1_363' title='bbox 2909 1029 3215 1101; x_wconf 80' lang='lat' dir='ltr'><strong>signiﬁcans</strong></span> <span class='ocrx_word' id='word_1_364' title='bbox 3265 1034 3523 1103; x_wconf 72' lang='lat' dir='ltr'><strong>perfectae</strong></span> <span class='ocrx_word' id='word_1_365' title='bbox 3579 1038 3838 1091; x_wconf 87' lang='lat' dir='ltr'><strong>orationis</strong></span> 
     </span>
    </p>
   </div>
   <div class='ocr_carea' id='block_1_52' title="bbox 2254 1119 3835 1199">
    <p class='ocr_par' dir='ltr' id='par_1_52' title="bbox 2254 1119 3835 1199">
     <span class='ocr_line' id='line_1_52' title="bbox 2254 1119 3835 1199; baseline 0.004 -27"><span class='ocrx_word' id='word_1_366' title='bbox 2254 1119 2395 1174; x_wconf 89' lang='lat' dir='ltr'><strong>hunc</strong></span> <span class='ocrx_word' id='word_1_367' title='bbox 2422 1134 2541 1175; x_wconf 90' lang='lat' dir='ltr'><strong>esse</strong></span> <span class='ocrx_word' id='word_1_368' title='bbox 2571 1121 2788 1175; x_wconf 90' lang='lat' dir='ltr'><strong>modum</strong></span> <span class='ocrx_word' id='word_1_369' title='bbox 2806 1164 2821 1189; x_wconf 95' lang='lat'><strong>,</strong></span> <span class='ocrx_word' id='word_1_370' title='bbox 2850 1131 2907 1176; x_wconf 90' lang='lat' dir='ltr'><strong>ut</strong></span> <span class='ocrx_word' id='word_1_371' title='bbox 2936 1122 3061 1178; x_wconf 91' lang='lat' dir='ltr'><strong>licet</strong></span> <span class='ocrx_word' id='word_1_372' title='bbox 3090 1124 3241 1179; x_wconf 88' lang='lat' dir='ltr'><strong>nobis</strong></span> <span class='ocrx_word' id='word_1_373' title='bbox 3273 1125 3538 1193; x_wconf 88' lang='lat' dir='ltr'><strong>postulata</strong></span> <span class='ocrx_word' id='word_1_374' title='bbox 3565 1126 3835 1199; x_wconf 71' lang='lat' dir='ltr'><strong>desideria</strong></span> 
     </span>
    </p>
   </div>
   <div class='ocr_carea' id='block_1_53' title="bbox 2251 1211 3837 1283">
    <p class='ocr_par' dir='ltr' id='par_1_53' title="bbox 2251 1211 3837 1283">
     <span class='ocr_line' id='line_1_53' title="bbox 2251 1211 3837 1283; baseline 0.003 -18"><span class='ocrx_word' id='word_1_375' title='bbox 2251 1211 2637 1279; x_wconf 87' lang='lat' dir='ltr'><strong>concedantur,</strong></span> <span class='ocrx_word' id='word_1_376' title='bbox 2665 1212 2925 1281; x_wconf 88' lang='lat' dir='ltr'><strong>probabili</strong></span> <span class='ocrx_word' id='word_1_377' title='bbox 2952 1226 3168 1283; x_wconf 88' lang='lat' dir='ltr'><strong>semper</strong></span> <span class='ocrx_word' id='word_1_378' title='bbox 3192 1214 3486 1269; x_wconf 86' lang='lat' dir='ltr'><strong>ambitione</strong></span> <span class='ocrx_word' id='word_1_379' title='bbox 3509 1214 3703 1270; x_wconf 90' lang='lat' dir='ltr'><strong>audiri.</strong></span> <span class='ocrx_word' id='word_1_380' title='bbox 3728 1216 3837 1270; x_wconf 86' lang='lat' dir='ltr'><strong>Nos</strong></span> 
     </span>
    </p>
   </div>
   <div class='ocr_carea' id='block_1_54' title="bbox 2255 1302 3835 1374">
    <p class='ocr_par' dir='ltr' id='par_1_54' title="bbox 2255 1302 3835 1374">
     <span class='ocr_line' id='line_1_54' title="bbox 2255 1302 3835 1374; baseline 0.004 -20"><span class='ocrx_word' id='word_1_381' title='bbox 2255 1310 2432 1356; x_wconf 87' lang='lat' dir='ltr'><strong>tamen</strong></span> <span class='ocrx_word' id='word_1_382' title='bbox 2479 1302 2675 1372; x_wconf 84' lang='lat' dir='ltr'><strong>jugiter</strong></span> <span class='ocrx_word' id='word_1_383' title='bbox 2729 1303 3090 1371; x_wconf 90' lang='lat' dir='ltr'><strong>postulemus,</strong></span> <span class='ocrx_word' id='word_1_384' title='bbox 3136 1304 3276 1358; x_wconf 81' lang='lat' dir='ltr'><strong>sicut</strong></span> <span class='ocrx_word' id='word_1_385' title='bbox 3321 1303 3452 1359; x_wconf 91' lang='lat' dir='ltr'><strong>dicit</strong></span> <span class='ocrx_word' id='word_1_386' title='bbox 3498 1305 3835 1374; x_wconf 81' lang='lat' dir='ltr'><strong>Apostolus:</strong></span> 
     </span>
    </p>
   </div>
   <div class='ocr_carea' id='block_1_55' title="bbox 2253 1393 3836 1468">
    <p class='ocr_par' dir='ltr' id='par_1_55' title="bbox 2253 1393 3836 1468">
     <span class='ocr_line' id='line_1_55' title="bbox 2253 1393 3836 1468; baseline 0.002 -20"><span class='ocrx_word' id='word_1_387' title='bbox 2253 1394 2380 1448; x_wconf 85' lang='lat' dir='ltr'><strong>Sine</strong></span> <span class='ocrx_word' id='word_1_388' title='bbox 2410 1395 2781 1449; x_wconf 89' lang='lat' dir='ltr'><strong>intermissione</strong></span> <span class='ocrx_word' id='word_1_389' title='bbox 2824 1404 2982 1450; x_wconf 88' lang='lat' dir='ltr'><strong>orate.</strong></span> <span class='ocrx_word' id='word_1_390' title='bbox 3014 1393 3079 1450; x_wconf 88' lang='lat' dir='ltr'><strong>In</strong></span> <span class='ocrx_word' id='word_1_391' title='bbox 3115 1396 3345 1450; x_wconf 87' lang='lat' dir='ltr'><strong>omnibus</strong></span> <span class='ocrx_word' id='word_1_392' title='bbox 3374 1398 3568 1467; x_wconf 87' lang='lat' dir='ltr'><strong>gratias</strong></span> <span class='ocrx_word' id='word_1_393' title='bbox 3605 1398 3740 1467; x_wconf 79' lang='lat' dir='ltr'><strong>agite</strong></span> <span class='ocrx_word' id='word_1_394' title='bbox 3784 1396 3836 1468; x_wconf 86' lang='lat' dir='ltr'><strong>(I</strong></span> 
     </span>
    </p>
   </div>
   <div class='ocr_carea' id='block_1_56' title="bbox 2254 1482 3838 1555">
    <p class='ocr_par' dir='ltr' id='par_1_56' title="bbox 2254 1482 3838 1555">
     <span class='ocr_line' id='line_1_56' title="bbox 2254 1482 3838 1555; baseline 0.004 -18"><span class='ocrx_word' id='word_1_395' title='bbox 2254 1482 2428 1538; x_wconf 81' lang='lat' dir='ltr'><strong>Thess.</strong></span> <span class='ocrx_word' id='word_1_396' title='bbox 2454 1499 2508 1551; x_wconf 89' lang='lat' dir='ltr'><strong>v,</strong></span> <span class='ocrx_word' id='word_1_397' title='bbox 2543 1483 2631 1552; x_wconf 80' lang='lat' dir='ltr'><strong>i7,</strong></span> <span class='ocrx_word' id='word_1_398' title='bbox 2675 1484 2794 1555; x_wconf 83' lang='grc'><strong>18).</strong></span> <span class='ocrx_word' id='word_1_399' title='bbox 2842 1483 2982 1539; x_wconf 84' lang='lat' dir='ltr'><strong>Deus</strong></span> <span class='ocrx_word' id='word_1_400' title='bbox 3024 1494 3199 1540; x_wconf 90' lang='lat' dir='ltr'><strong>autem</strong></span> <span class='ocrx_word' id='word_1_401' title='bbox 3243 1486 3457 1555; x_wconf 71' lang='lat' dir='ltr'><strong>iustitia</strong></span> <span class='ocrx_word' id='word_1_402' title='bbox 3502 1501 3650 1552; x_wconf 76' lang='lat' dir='ltr'><strong>mete,</strong></span> <span class='ocrx_word' id='word_1_403' title='bbox 3692 1496 3838 1543; x_wconf 88' lang='lat' dir='ltr'><strong>recte</strong></span> 
     </span>
    </p>
   </div>
   <div class='ocr_carea' id='block_1_57' title="bbox 2251 1574 3839 1647">
    <p class='ocr_par' dir='ltr' id='par_1_57' title="bbox 2251 1574 3839 1647">
     <span class='ocr_line' id='line_1_57' title="bbox 2251 1574 3839 1647; baseline 0.002 -16"><span class='ocrx_word' id='word_1_404' title='bbox 2251 1576 2383 1631; x_wconf 91' lang='lat' dir='ltr'><strong>dicit</strong></span> <span class='ocrx_word' id='word_1_405' title='bbox 2424 1575 2696 1643; x_wconf 81' lang='lat' dir='ltr'><strong>Ecclesia,</strong></span> <span class='ocrx_word' id='word_1_406' title='bbox 2729 1592 2850 1647; x_wconf 74' lang='lat' dir='ltr'><strong>quze</strong></span> <span class='ocrx_word' id='word_1_407' title='bbox 2878 1591 3037 1632; x_wconf 89' lang='lat' dir='ltr'><strong>sensu</strong></span> <span class='ocrx_word' id='word_1_408' title='bbox 3070 1575 3370 1632; x_wconf 80' lang='lat' dir='ltr'><strong>orthodoxe</strong></span> <span class='ocrx_word' id='word_1_409' title='bbox 3411 1574 3689 1634; x_wconf 85' lang='lat' dir='ltr'><strong>Trinitatis</strong></span> <span class='ocrx_word' id='word_1_410' title='bbox 3719 1579 3839 1634; x_wconf 88' lang='lat' dir='ltr'><strong>uni-</strong></span> 
     </span>
    </p>
   </div>
   <div class='ocr_carea' id='block_1_58' title="bbox 2252 1668 3840 1736">
    <p class='ocr_par' dir='ltr' id='par_1_58' title="bbox 2252 1668 3840 1736">
     <span class='ocr_line' id='line_1_58' title="bbox 2252 1668 3840 1736; baseline 0.002 -14"><span class='ocrx_word' id='word_1_411' title='bbox 2252 1678 2413 1723; x_wconf 88' lang='lat' dir='ltr'><strong>tatem</strong></span> <span class='ocrx_word' id='word_1_412' title='bbox 2451 1674 2507 1722; x_wconf 92' lang='lat' dir='ltr'><strong>et</strong></span> <span class='ocrx_word' id='word_1_413' title='bbox 2562 1668 2998 1736; x_wconf 82' lang='lat' dir='ltr'><strong>omnipotentiam</strong></span> <span class='ocrx_word' id='word_1_414' title='bbox 3026 1668 3332 1723; x_wconf 82' lang='lat' dir='ltr'><strong>conﬁtetur.</strong></span> <span class='ocrx_word' id='word_1_415' title='bbox 3361 1668 3491 1723; x_wconf 75' lang='lat' dir='ltr'><strong>Nam</strong></span> <span class='ocrx_word' id='word_1_416' title='bbox 3514 1677 3568 1725; x_wconf 91' lang='lat' dir='ltr'><strong>et</strong></span> <span class='ocrx_word' id='word_1_417' title='bbox 3593 1670 3840 1725; x_wconf 85' lang='lat' dir='ltr'><strong>membra</strong></span> 
     </span>
    </p>
   </div>
   <div class='ocr_carea' id='block_1_59' title="bbox 2250 1757 3837 1830">
    <p class='ocr_par' dir='ltr' id='par_1_59' title="bbox 2250 1757 3837 1830">
     <span class='ocr_line' id='line_1_59' title="bbox 2250 1757 3837 1830; baseline 0.001 -17"><span class='ocrx_word' id='word_1_418' title='bbox 2250 1759 2366 1828; x_wconf 86' lang='lat' dir='ltr'><strong>ejus</strong></span> <span class='ocrx_word' id='word_1_419' title='bbox 2394 1757 2664 1827; x_wconf 83' lang='lat' dir='ltr'><strong>sigillatim</strong></span> <span class='ocrx_word' id='word_1_420' title='bbox 2694 1757 2873 1813; x_wconf 89' lang='lat' dir='ltr'><strong>dicere</strong></span> <span class='ocrx_word' id='word_1_421' title='bbox 2902 1758 3119 1825; x_wconf 86' lang='lat' dir='ltr'><strong>similia,</strong></span> <span class='ocrx_word' id='word_1_422' title='bbox 3151 1772 3305 1814; x_wconf 87' lang='lat' dir='ltr'><strong>sacra</strong></span> <span class='ocrx_word' id='word_1_423' title='bbox 3347 1758 3578 1816; x_wconf 88' lang='lat' dir='ltr'><strong>lectione</strong></span> <span class='ocrx_word' id='word_1_424' title='bbox 3615 1774 3837 1830; x_wconf 84' lang='lat' dir='ltr'><strong>compe-</strong></span> 
     </span>
    </p>
   </div>
   <div class='ocr_carea' id='block_1_60' title="bbox 2179 1846 3838 1921">
    <p class='ocr_par' dir='ltr' id='par_1_60' title="bbox 2179 1846 3838 1921">
     <span class='ocr_line' id='line_1_60' title="bbox 2179 1846 3838 1921; baseline 0.001 -15"><span class='ocrx_word' id='word_1_425' title='bbox 2179 1846 2223 1906; x_wconf 88' lang='lat' dir='ltr'><strong>B</strong></span> <span class='ocrx_word' id='word_1_426' title='bbox 2250 1852 2443 1916; x_wconf 91' lang='lat' dir='ltr'><strong>rimus,</strong></span> <span class='ocrx_word' id='word_1_427' title='bbox 2495 1851 2634 1905; x_wconf 89' lang='lat' dir='ltr'><strong>sicut</strong></span> <span class='ocrx_word' id='word_1_428' title='bbox 2690 1850 2744 1905; x_wconf 92' lang='lat' dir='ltr'><strong>in</strong></span> <span class='ocrx_word' id='word_1_429' title='bbox 2794 1849 2897 1906; x_wconf 83' lang='lat' dir='ltr'><strong>Job</strong></span> <span class='ocrx_word' id='word_1_430' title='bbox 2951 1850 3193 1921; x_wconf 78' lang='lat' dir='ltr'><strong>legitur:</strong></span> <span class='ocrx_word' id='word_1_431' title='bbox 3241 1852 3455 1905; x_wconf 78' lang='lat' dir='ltr'><strong>Attende</strong></span> <span class='ocrx_word' id='word_1_432' title='bbox 3498 1852 3838 1906; x_wconf 82' lang='lat' dir='ltr'><strong>innocentiam</strong></span> 
     </span>
    </p>
   </div>
   <div class='ocr_carea' id='block_1_61' title="bbox 2248 1940 3841 2016">
    <p class='ocr_par' dir='ltr' id='par_1_61' title="bbox 2248 1940 3841 2016">
     <span class='ocr_line' id='line_1_61' title="bbox 2248 1940 3841 2016; baseline 0.003 -21"><span class='ocrx_word' id='word_1_433' title='bbox 2248 1959 2411 1998; x_wconf 88' lang='lat' dir='ltr'><strong>meam</strong></span> <span class='ocrx_word' id='word_1_434' title='bbox 2457 1940 2579 2014; x_wconf 84' lang='lat' dir='ltr'><strong>(Job</strong></span> <span class='ocrx_word' id='word_1_435' title='bbox 2610 1959 2789 2011; x_wconf 75' lang='lat' dir='ltr'><strong>xxvii,</strong></span> <span class='ocrx_word' id='word_1_436' title='bbox 2819 1946 2904 2014; x_wconf 84' lang='lat'><strong>5);</strong></span> <span class='ocrx_word' id='word_1_437' title='bbox 2936 1953 2989 1999; x_wconf 90' lang='lat' dir='ltr'><strong>et</strong></span> <span class='ocrx_word' id='word_1_438' title='bbox 3021 1944 3215 2000; x_wconf 85' lang='lat' dir='ltr'><strong>Paulus</strong></span> <span class='ocrx_word' id='word_1_439' title='bbox 3243 1945 3517 2016; x_wconf 87' lang='lat' dir='ltr'><strong>apostolus</strong></span> <span class='ocrx_word' id='word_1_440' title='bbox 3547 1946 3623 2000; x_wconf 91' lang='lat' dir='ltr'><strong>ait</strong></span> <span class='ocrx_word' id='word_1_441' title='bbox 3649 1963 3664 2000; x_wconf 91' lang='lat'><strong>:</strong></span> <span class='ocrx_word' id='word_1_442' title='bbox 3702 1946 3841 2001; x_wconf 80' lang='lat' dir='ltr'><strong>Red-</strong></span> 
     </span>
    </p>
   </div>
   <div class='ocr_carea' id='block_1_62' title="bbox 2246 2035 3836 2109">
    <p class='ocr_par' dir='ltr' id='par_1_62' title="bbox 2246 2035 3836 2109">
     <span class='ocr_line' id='line_1_62' title="bbox 2246 2035 3836 2109; baseline 0.004 -20"><span class='ocrx_word' id='word_1_443' title='bbox 2246 2036 2331 2089; x_wconf 88' lang='lat' dir='ltr'><strong>det</strong></span> <span class='ocrx_word' id='word_1_444' title='bbox 2361 2035 2486 2088; x_wconf 80' lang='lat' dir='ltr'><strong>mihi</strong></span> <span class='ocrx_word' id='word_1_445' title='bbox 2531 2051 2775 2090; x_wconf 87' lang='lat' dir='ltr'><strong>coronam</strong></span> <span class='ocrx_word' id='word_1_446' title='bbox 2796 2036 3017 2106; x_wconf 78' lang='lat' dir='ltr'><strong>justitite</strong></span> <span class='ocrx_word' id='word_1_447' title='bbox 3059 2035 3146 2109; x_wconf 86' lang='lat' dir='ltr'><strong>(ll</strong></span> <span class='ocrx_word' id='word_1_448' title='bbox 3176 2035 3312 2091; x_wconf 88' lang='lat' dir='ltr'><strong>Tim.</strong></span> <span class='ocrx_word' id='word_1_449' title='bbox 3339 2052 3415 2103; x_wconf 82' lang='lat' dir='ltr'><strong>tv,</strong></span> <span class='ocrx_word' id='word_1_450' title='bbox 3446 2036 3539 2108; x_wconf 89' lang='lat'><strong>8);</strong></span> <span class='ocrx_word' id='word_1_451' title='bbox 3573 2038 3836 2107; x_wconf 78' lang='lat' dir='ltr'><strong>propheta</strong></span> 
     </span>
    </p>
   </div>
   <div class='ocr_carea' id='block_1_63' title="bbox 2246 2128 3838 2202">
    <p class='ocr_par' dir='ltr' id='par_1_63' title="bbox 2246 2128 3838 2202">
     <span class='ocr_line' id='line_1_63' title="bbox 2246 2128 3838 2202; baseline 0.002 -19"><span class='ocrx_word' id='word_1_452' title='bbox 2246 2128 2301 2183; x_wconf 93' lang='lat' dir='ltr'><strong>in</strong></span> <span class='ocrx_word' id='word_1_453' title='bbox 2328 2130 2559 2199; x_wconf 86' lang='lat' dir='ltr'><strong>septimo</strong></span> <span class='ocrx_word' id='word_1_454' title='bbox 2589 2130 2797 2199; x_wconf 88' lang='lat' dir='ltr'><strong>psalmo</strong></span> <span class='ocrx_word' id='word_1_455' title='bbox 2831 2130 3074 2186; x_wconf 89' lang='lat' dir='ltr'><strong>dicturus</strong></span> <span class='ocrx_word' id='word_1_456' title='bbox 3114 2140 3235 2187; x_wconf 89' lang='lat' dir='ltr'><strong>est:</strong></span> <span class='ocrx_word' id='word_1_457' title='bbox 3270 2130 3334 2187; x_wconf 90' lang='lat' dir='ltr'><strong>Si</strong></span> <span class='ocrx_word' id='word_1_458' title='bbox 3380 2140 3453 2185; x_wconf 88' lang='lat' dir='ltr'><strong>est</strong></span> <span class='ocrx_word' id='word_1_459' title='bbox 3496 2132 3734 2202; x_wconf 78' lang='lat' dir='ltr'><strong>iniquitas</strong></span> <span class='ocrx_word' id='word_1_460' title='bbox 3781 2133 3838 2186; x_wconf 88' lang='lat' dir='ltr'><strong>in</strong></span> 
     </span>
    </p>
   </div>
   <div class='ocr_carea' id='block_1_64' title="bbox 2244 2222 3838 2295">
    <p class='ocr_par' dir='ltr' id='par_1_64' title="bbox 2244 2222 3838 2295">
     <span class='ocr_line' id='line_1_64' title="bbox 2244 2222 3838 2295; baseline 0.002 -20"><span class='ocrx_word' id='word_1_461' title='bbox 2244 2223 2479 2276; x_wconf 84' lang='lat' dir='ltr'><strong>manibus</strong></span> <span class='ocrx_word' id='word_1_462' title='bbox 2516 2224 2641 2277; x_wconf 87' lang='lat' dir='ltr'><strong>meis</strong></span> <span class='ocrx_word' id='word_1_463' title='bbox 2681 2222 2853 2295; x_wconf 84' lang='lat' dir='ltr'><strong>(Psal.</strong></span> <span class='ocrx_word' id='word_1_464' title='bbox 2881 2239 2988 2292; x_wconf 82' lang='lat' dir='ltr'><strong>vn,</strong></span> <span class='ocrx_word' id='word_1_465' title='bbox 3022 2223 3100 2295; x_wconf 78' lang='grc'><strong>4).</strong></span> <span class='ocrx_word' id='word_1_466' title='bbox 3148 2223 3261 2278; x_wconf 83' lang='lat' dir='ltr'><strong>Non</strong></span> <span class='ocrx_word' id='word_1_467' title='bbox 3293 2224 3416 2293; x_wconf 87' lang='lat' dir='ltr'><strong>quia</strong></span> <span class='ocrx_word' id='word_1_468' title='bbox 3446 2223 3563 2279; x_wconf 88' lang='lat' dir='ltr'><strong>sine</strong></span> <span class='ocrx_word' id='word_1_469' title='bbox 3611 2234 3838 2293; x_wconf 90' lang='lat' dir='ltr'><strong>peccato</strong></span> 
     </span>
    </p>
   </div>
   <div class='ocr_carea' id='block_1_65' title="bbox 2247 2311 3838 2384">
    <p class='ocr_par' dir='ltr' id='par_1_65' title="bbox 2247 2311 3838 2384">
     <span class='ocr_line' id='line_1_65' title="bbox 2247 2311 3838 2384; baseline 0.001 -17"><span class='ocrx_word' id='word_1_470' title='bbox 2247 2312 2420 2367; x_wconf 87' lang='lat' dir='ltr'><strong>modis</strong></span> <span class='ocrx_word' id='word_1_471' title='bbox 2448 2311 2697 2367; x_wconf 89' lang='lat' dir='ltr'><strong>omnibus</strong></span> <span class='ocrx_word' id='word_1_472' title='bbox 2723 2314 2970 2382; x_wconf 77' lang='lat' dir='ltr'><strong>luerunt,</strong></span> <span class='ocrx_word' id='word_1_473' title='bbox 3000 2313 3094 2369; x_wconf 90' lang='lat' dir='ltr'><strong>sed</strong></span> <span class='ocrx_word' id='word_1_474' title='bbox 3118 2321 3242 2368; x_wconf 92' lang='lat' dir='ltr'><strong>sunt</strong></span> <span class='ocrx_word' id='word_1_475' title='bbox 3269 2314 3610 2383; x_wconf 87' lang='lat' dir='ltr'><strong>operationes</strong></span> <span class='ocrx_word' id='word_1_476' title='bbox 3638 2314 3838 2384; x_wconf 66' lang='lat' dir='ltr'><strong>aliquas</strong></span> 
     </span>
    </p>
   </div>
   <div class='ocr_carea' id='block_1_66' title="bbox 2247 2404 3838 2476">
    <p class='ocr_par' dir='ltr' id='par_1_66' title="bbox 2247 2404 3838 2476">
     <span class='ocr_line' id='line_1_66' title="bbox 2247 2404 3838 2476; baseline 0 -17"><span class='ocrx_word' id='word_1_477' title='bbox 2247 2404 2301 2459; x_wconf 89' lang='lat' dir='ltr'><strong>in</strong></span> <span class='ocrx_word' id='word_1_478' title='bbox 2331 2406 2525 2475; x_wconf 87' lang='lat' dir='ltr'><strong>quibus</strong></span> <span class='ocrx_word' id='word_1_479' title='bbox 2573 2405 2756 2463; x_wconf 85' lang='lat' dir='ltr'><strong>ﬁdeles</strong></span> <span class='ocrx_word' id='word_1_480' title='bbox 2806 2407 3048 2461; x_wconf 86' lang='lat' dir='ltr'><strong>homines</strong></span> <span class='ocrx_word' id='word_1_481' title='bbox 3090 2406 3364 2461; x_wconf 86' lang='lat' dir='ltr'><strong>evidenter</strong></span> <span class='ocrx_word' id='word_1_482' title='bbox 3400 2415 3696 2476; x_wconf 87' lang='lat' dir='ltr'><strong>appareant</strong></span> <span class='ocrx_word' id='word_1_483' title='bbox 3746 2407 3838 2460; x_wconf 82' lang='lat' dir='ltr'><strong>in-</strong></span> 
     </span>
    </p>
   </div>
   <div class='ocr_carea' id='block_1_67' title="bbox 2248 2495 3823 2567">
    <p class='ocr_par' dir='ltr' id='par_1_67' title="bbox 2248 2495 3823 2567">
     <span class='ocr_line' id='line_1_67' title="bbox 2248 2495 3823 2567; baseline 0 -16"><span class='ocrx_word' id='word_1_484' title='bbox 2248 2504 2521 2553; x_wconf 84' lang='lat' dir='ltr'><strong>nocentes.</strong></span> <span class='ocrx_word' id='word_1_485' title='bbox 2543 2495 2814 2567; x_wconf 86' lang='lat' dir='ltr'><strong>Sequitur,</strong></span> <span class='ocrx_word' id='word_1_486' title='bbox 2836 2497 2889 2551; x_wconf 88' lang='lat' dir='ltr'><strong>in</strong></span> <span class='ocrx_word' id='word_1_487' title='bbox 2919 2497 3242 2551; x_wconf 73' lang='lat' dir='ltr'><strong>tribulatione</strong></span> <span class='ocrx_word' id='word_1_488' title='bbox 3269 2496 3497 2551; x_wconf 88' lang='lat' dir='ltr'><strong>dilatasti</strong></span> <span class='ocrx_word' id='word_1_489' title='bbox 3529 2497 3676 2550; x_wconf 74' lang='lat' dir='ltr'><strong>milii.</strong></span> <span class='ocrx_word' id='word_1_490' title='bbox 3698 2495 3823 2551; x_wconf 79' lang='lat' dir='ltr'><strong>Tri-</strong></span> 
     </span>
    </p>
   </div>
   <div class='ocr_carea' id='block_1_68' title="bbox 2247 2586 3827 2658">
    <p class='ocr_par' dir='ltr' id='par_1_68' title="bbox 2247 2586 3827 2658">
     <span class='ocr_line' id='line_1_68' title="bbox 2247 2586 3827 2658; baseline 0 -16"><span class='ocrx_word' id='word_1_491' title='bbox 2247 2586 2448 2642; x_wconf 88' lang='lat' dir='ltr'><strong>bulatio</strong></span> <span class='ocrx_word' id='word_1_492' title='bbox 2493 2595 2576 2645; x_wconf 87' lang='lat' dir='ltr'><strong>est</strong></span> <span class='ocrx_word' id='word_1_493' title='bbox 2626 2588 2767 2643; x_wconf 89' lang='lat' dir='ltr'><strong>enim</strong></span> <span class='ocrx_word' id='word_1_494' title='bbox 2818 2602 2937 2657; x_wconf 70' lang='lat' dir='ltr'><strong>qua:</strong></span> <span class='ocrx_word' id='word_1_495' title='bbox 2989 2587 3175 2643; x_wconf 90' lang='lat' dir='ltr'><strong>dilatat</strong></span> <span class='ocrx_word' id='word_1_496' title='bbox 3224 2602 3436 2658; x_wconf 89' lang='lat' dir='ltr'><strong>semper</strong></span> <span class='ocrx_word' id='word_1_497' title='bbox 3489 2588 3827 2653; x_wconf 77' lang='lat' dir='ltr'><strong>Ecclesium,</strong></span> 
     </span>
    </p>
   </div>
   <div class='ocr_carea' id='block_1_69' title="bbox 2245 2678 3843 2759">
    <p class='ocr_par' dir='ltr' id='par_1_69' title="bbox 2245 2678 3843 2759">
     <span class='ocr_line' id='line_1_69' title="bbox 2245 2678 3843 2759; baseline 0 -25"><span class='ocrx_word' id='word_1_498' title='bbox 2245 2678 2459 2749; x_wconf 88' lang='lat' dir='ltr'><strong>quando</strong></span> <span class='ocrx_word' id='word_1_499' title='bbox 2487 2679 2678 2735; x_wconf 91' lang='lat' dir='ltr'><strong>eodem</strong></span> <span class='ocrx_word' id='word_1_500' title='bbox 2712 2687 2957 2759; x_wconf 87' lang='lat' dir='ltr'><strong>tempore</strong></span> <span class='ocrx_word' id='word_1_501' title='bbox 2985 2678 3325 2736; x_wconf 81' lang='lat' dir='ltr'><strong>confessores</strong></span> <span class='ocrx_word' id='word_1_502' title='bbox 3374 2680 3538 2744; x_wconf 90' lang='lat' dir='ltr'><strong>tiunt,</strong></span> <span class='ocrx_word' id='word_1_503' title='bbox 3566 2689 3843 2750; x_wconf 81' lang='lat' dir='ltr'><strong>martyres</strong></span> 
     </span>
    </p>
   </div>
   <div class='ocr_carea' id='block_1_70' title="bbox 2245 2770 3836 2842">
    <p class='ocr_par' dir='ltr' id='par_1_70' title="bbox 2245 2770 3836 2842">
     <span class='ocr_line' id='line_1_70' title="bbox 2245 2770 3836 2842; baseline -0.002 -14"><span class='ocrx_word' id='word_1_504' title='bbox 2245 2780 2594 2840; x_wconf 90' lang='lat' dir='ltr'><strong>coronantur,</strong></span> <span class='ocrx_word' id='word_1_505' title='bbox 2643 2780 2861 2842; x_wconf 90' lang='lat' dir='ltr'><strong>totaque</strong></span> <span class='ocrx_word' id='word_1_506' title='bbox 2900 2773 3051 2828; x_wconf 92' lang='lat' dir='ltr'><strong>turba</strong></span> <span class='ocrx_word' id='word_1_507' title='bbox 3100 2772 3366 2841; x_wconf 80' lang='lat' dir='ltr'><strong>iustorum</strong></span> <span class='ocrx_word' id='word_1_508' title='bbox 3406 2770 3836 2827; x_wconf 80' lang='lat' dir='ltr'><strong>contritimiibus</strong></span> 
     </span>
    </p>
   </div>
   <div class='ocr_carea' id='block_1_71' title="bbox 2246 2860 3844 2933">
    <p class='ocr_par' dir='ltr' id='par_1_71' title="bbox 2246 2860 3844 2933">
     <span class='ocr_line' id='line_1_71' title="bbox 2246 2860 3844 2933; baseline -0.002 -14"><span class='ocrx_word' id='word_1_509' title='bbox 2246 2878 2462 2933; x_wconf 82' lang='lat' dir='ltr'><strong>semper</strong></span> <span class='ocrx_word' id='word_1_510' title='bbox 2490 2873 2736 2932; x_wconf 83' lang='lat' dir='ltr'><strong>augetur.</strong></span> <span class='ocrx_word' id='word_1_511' title='bbox 2772 2863 3018 2932; x_wconf 86' lang='lat' dir='ltr'><strong>Adjecit:</strong></span> <span class='ocrx_word' id='word_1_512' title='bbox 3056 2862 3301 2917; x_wconf 76' lang='lat' dir='ltr'><strong>Miserere</strong></span> <span class='ocrx_word' id='word_1_513' title='bbox 3340 2862 3460 2924; x_wconf 85' lang='lat' dir='ltr'><strong>mei,</strong></span> <span class='ocrx_word' id='word_1_514' title='bbox 3509 2860 3746 2918; x_wconf 63' lang='lat' dir='ltr'><strong>Domine.</strong></span> <span class='ocrx_word' id='word_1_515' title='bbox 3787 2873 3844 2916; x_wconf 88' lang='lat' dir='ltr'><strong>et</strong></span> 
     </span>
    </p>
   </div>
   <div class='ocr_carea' id='block_1_72' title="bbox 2246 2949 3841 3008">
    <p class='ocr_par' dir='ltr' id='par_1_72' title="bbox 2246 2949 3841 3008">
     <span class='ocr_line' id='line_1_72' title="bbox 2246 2949 3841 3008; baseline -0.001 0"><span class='ocrx_word' id='word_1_516' title='bbox 2246 2954 2434 3008; x_wconf 69' lang='lat' dir='ltr'><strong>exaudi</strong></span> <span class='ocrx_word' id='word_1_517' title='bbox 2472 2954 2751 3007; x_wconf 87' lang='lat' dir='ltr'><strong>orationem</strong></span> <span class='ocrx_word' id='word_1_518' title='bbox 2779 2968 2964 3005; x_wconf 87' lang='lat' dir='ltr'><strong>meam.</strong></span> <span class='ocrx_word' id='word_1_519' title='bbox 2995 2953 3086 3006; x_wconf 81' lang='lat' dir='ltr'><strong>Pia</strong></span> <span class='ocrx_word' id='word_1_520' title='bbox 3130 2959 3302 3006; x_wconf 87' lang='lat' dir='ltr'><strong>mater</strong></span> <span class='ocrx_word' id='word_1_521' title='bbox 3331 2949 3433 3004; x_wconf 88' lang='lat' dir='ltr'><strong>sibi</strong></span> <span class='ocrx_word' id='word_1_522' title='bbox 3462 2950 3841 3007; x_wconf 86' lang='lat' dir='ltr'><strong>miserendutn</strong></span> 
     </span>
    </p>
   </div>
   <div class='ocr_carea' id='block_1_73' title="bbox 2245 3042 3844 3112">
    <p class='ocr_par' dir='ltr' id='par_1_73' title="bbox 2245 3042 3844 3112">
     <span class='ocr_line' id='line_1_73' title="bbox 2245 3042 3844 3112; baseline -0.001 -12"><span class='ocrx_word' id='word_1_523' title='bbox 2245 3058 2367 3100; x_wconf 89' lang='lat' dir='ltr'><strong>esse</strong></span> <span class='ocrx_word' id='word_1_524' title='bbox 2396 3044 2636 3109; x_wconf 88' lang='lat' dir='ltr'><strong>dicebat,</strong></span> <span class='ocrx_word' id='word_1_525' title='bbox 2668 3044 2712 3098; x_wconf 88' lang='lat' dir='ltr'><strong>si</strong></span> <span class='ocrx_word' id='word_1_526' title='bbox 2743 3058 2839 3111; x_wconf 91' lang='lat' dir='ltr'><strong>pro</strong></span> <span class='ocrx_word' id='word_1_527' title='bbox 2869 3043 2989 3098; x_wconf 79' lang='lat' dir='ltr'><strong>[iliis</strong></span> <span class='ocrx_word' id='word_1_528' title='bbox 3012 3043 3130 3112; x_wconf 87' lang='lat' dir='ltr'><strong>ejus</strong></span> <span class='ocrx_word' id='word_1_529' title='bbox 3151 3042 3427 3097; x_wconf 89' lang='lat' dir='ltr'><strong>audiretur</strong></span> <span class='ocrx_word' id='word_1_530' title='bbox 3453 3042 3625 3097; x_wconf 89' lang='lat' dir='ltr'><strong>oratio</strong></span> <span class='ocrx_word' id='word_1_531' title='bbox 3652 3060 3665 3094; x_wconf 92' lang='lat'><strong>:</strong></span> <span class='ocrx_word' id='word_1_532' title='bbox 3696 3058 3844 3112; x_wconf 77' lang='lat' dir='ltr'><strong>quo-</strong></span> 
     </span>
    </p>
   </div>
   <div class='ocr_carea' id='block_1_74' title="bbox 2248 3131 3845 3204">
    <p class='ocr_par' dir='ltr' id='par_1_74' title="bbox 2248 3131 3845 3204">
     <span class='ocr_line' id='line_1_74' title="bbox 2248 3131 3845 3204; baseline 0.002 -16"><span class='ocrx_word' id='word_1_533' title='bbox 2248 3134 2389 3188; x_wconf 86' lang='lat' dir='ltr'><strong>niam</strong></span> <span class='ocrx_word' id='word_1_534' title='bbox 2419 3133 2676 3203; x_wconf 76' lang='lat' dir='ltr'><strong>quidquid</strong></span> <span class='ocrx_word' id='word_1_535' title='bbox 2722 3133 2978 3189; x_wconf 88' lang='lat' dir='ltr'><strong>membris</strong></span> <span class='ocrx_word' id='word_1_536' title='bbox 3022 3132 3292 3200; x_wconf 87' lang='lat' dir='ltr'><strong>tribuitur,</strong></span> <span class='ocrx_word' id='word_1_537' title='bbox 3327 3131 3422 3189; x_wconf 90' lang='lat' dir='ltr'><strong>toti</strong></span> <span class='ocrx_word' id='word_1_538' title='bbox 3467 3134 3681 3204; x_wconf 90' lang='lat' dir='ltr'><strong>corpori</strong></span> <span class='ocrx_word' id='word_1_539' title='bbox 3711 3133 3845 3191; x_wconf 80' lang='lat' dir='ltr'><strong>sine</strong></span> 
     </span>
    </p>
   </div>
   <div class='ocr_carea' id='block_1_75' title="bbox 2169 3206 2917 3295">
    <p class='ocr_par' dir='ltr' id='par_1_75' title="bbox 2169 3206 2917 3295">
     <span class='ocr_line' id='line_1_75' title="bbox 2169 3206 2917 3295; baseline -0.001 -16"><span class='ocrx_word' id='word_1_540' title='bbox 2169 3206 2215 3269; x_wconf 69' lang='grc' dir='ltr'>Ο</span> <span class='ocrx_word' id='word_1_541' title='bbox 2244 3223 2579 3280; x_wconf 87' lang='lat' dir='ltr'><strong>dubitatione</strong></span> <span class='ocrx_word' id='word_1_542' title='bbox 2610 3232 2917 3295; x_wconf 67' lang='lat' dir='ltr'><strong>praestatur.</strong></span> 
     </span>
    </p>
   </div>
   <div class='ocr_carea' id='block_1_76' title="bbox 2313 3313 3843 3385">
    <p class='ocr_par' dir='ltr' id='par_1_76' title="bbox 2313 3313 3843 3385">
     <span class='ocr_line' id='line_1_76' title="bbox 2313 3313 3843 3385; baseline -0.003 -15"><span class='ocrx_word' id='word_1_543' title='bbox 2313 3314 2470 3371; x_wconf 81' lang='lat' dir='ltr'><strong>Vers.</strong></span> <span class='ocrx_word' id='word_1_544' title='bbox 2499 3314 2555 3371; x_wconf 79' lang='lat'><strong>2.</strong></span> <span class='ocrx_word' id='word_1_545' title='bbox 2596 3314 2721 3369; x_wconf 84' lang='lat' dir='ltr'><strong>Filii</strong></span> <span class='ocrx_word' id='word_1_546' title='bbox 2750 3314 3042 3381; x_wconf 84' lang='lat' dir='ltr'><strong>hominum,</strong></span> <span class='ocrx_word' id='word_1_547' title='bbox 3071 3328 3329 3383; x_wconf 81' lang='lat' dir='ltr'><strong>usquequa</strong></span> <span class='ocrx_word' id='word_1_548' title='bbox 3371 3313 3515 3385; x_wconf 79' lang='lat' dir='ltr'><strong>gravi</strong></span> <span class='ocrx_word' id='word_1_549' title='bbox 3541 3313 3713 3378; x_wconf 87' lang='lat' dir='ltr'><strong>corde,</strong></span> <span class='ocrx_word' id='word_1_550' title='bbox 3756 3322 3843 3366; x_wconf 78' lang='lat' dir='ltr'><strong>us-</strong></span> 
     </span>
    </p>
   </div>
   <div class='ocr_carea' id='block_1_77' title="bbox 2240 3401 3837 3479">
    <p class='ocr_par' dir='ltr' id='par_1_77' title="bbox 2240 3401 3837 3479">
     <span class='ocr_line' id='line_1_77' title="bbox 2240 3401 3837 3479; baseline 0.001 -19"><span class='ocrx_word' id='word_1_551' title='bbox 2240 3406 2364 3475; x_wconf 84' lang='lat' dir='ltr'><strong>quid</strong></span> <span class='ocrx_word' id='word_1_552' title='bbox 2407 3406 2617 3479; x_wconf 87' lang='lat' dir='ltr'><strong>diligitis</strong></span> <span class='ocrx_word' id='word_1_553' title='bbox 2642 3405 2945 3469; x_wconf 85' lang='lat' dir='ltr'><strong>vanitatem,</strong></span> <span class='ocrx_word' id='word_1_554' title='bbox 2975 3414 3022 3460; x_wconf 91' lang='lat' dir='ltr'><strong>et</strong></span> <span class='ocrx_word' id='word_1_555' title='bbox 3049 3406 3271 3474; x_wconf 79' lang='lat' dir='ltr'><strong>qmeritis</strong></span> <span class='ocrx_word' id='word_1_556' title='bbox 3300 3404 3662 3458; x_wconf 84' lang='lat' dir='ltr'><strong>mendacium?</strong></span> <span class='ocrx_word' id='word_1_557' title='bbox 3684 3401 3837 3461; x_wconf 84' lang='lat' dir='ltr'><strong>Cum</strong></span> 
     </span>
    </p>
   </div>
   <div class='ocr_carea' id='block_1_78' title="bbox 2239 3494 3837 3566">
    <p class='ocr_par' dir='ltr' id='par_1_78' title="bbox 2239 3494 3837 3566">
     <span class='ocr_line' id='line_1_78' title="bbox 2239 3494 3837 3566; baseline -0.001 -14"><span class='ocrx_word' id='word_1_558' title='bbox 2239 3497 2503 3565; x_wconf 83' lang='lat' dir='ltr'><strong>superiori</strong></span> <span class='ocrx_word' id='word_1_559' title='bbox 2532 3512 2689 3553; x_wconf 86' lang='lat' dir='ltr'><strong>versu</strong></span> <span class='ocrx_word' id='word_1_560' title='bbox 2719 3511 2817 3566; x_wconf 89' lang='lat' dir='ltr'><strong>pro</strong></span> <span class='ocrx_word' id='word_1_561' title='bbox 2841 3496 2996 3551; x_wconf 90' lang='lat' dir='ltr'><strong>nobis</strong></span> <span class='ocrx_word' id='word_1_562' title='bbox 3022 3496 3286 3562; x_wconf 75' lang='lat' dir='ltr'><strong>oraverit,</strong></span> <span class='ocrx_word' id='word_1_563' title='bbox 3319 3494 3404 3550; x_wconf 89' lang='lat' dir='ltr'><strong>hic</strong></span> <span class='ocrx_word' id='word_1_564' title='bbox 3432 3509 3526 3564; x_wconf 89' lang='lat' dir='ltr'><strong>per</strong></span> <span class='ocrx_word' id='word_1_565' title='bbox 3546 3494 3837 3564; x_wconf 86' lang='lat' dir='ltr'><strong>energiam</strong></span> 
     </span>
    </p>
   </div>
   <div class='ocr_carea' id='block_1_79' title="bbox 2239 3584 3838 3671">
    <p class='ocr_par' dir='ltr' id='par_1_79' title="bbox 2239 3584 3838 3671">
     <span class='ocr_line' id='line_1_79' title="bbox 2239 3584 3838 3671; baseline -0.003 -29"><span class='ocrx_word' id='word_1_566' title='bbox 2239 3588 2532 3659; x_wconf 90' lang='lat' dir='ltr'><strong>alloquitur</strong></span> <span class='ocrx_word' id='word_1_567' title='bbox 2575 3603 2745 3658; x_wconf 87' lang='lat' dir='ltr'><strong>genus</strong></span> <span class='ocrx_word' id='word_1_568' title='bbox 2792 3588 3111 3671; x_wconf 39' lang='lat' dir='ltr'><strong>humanum,</strong></span> <span class='ocrx_word' id='word_1_569' title='bbox 3141 3602 3209 3643; x_wconf 92' lang='lat' dir='ltr'><strong>ne</strong></span> <span class='ocrx_word' id='word_1_570' title='bbox 3253 3586 3305 3640; x_wconf 87' lang='lat' dir='ltr'><strong>in</strong></span> <span class='ocrx_word' id='word_1_571' title='bbox 3355 3584 3579 3640; x_wconf 88' lang='lat' dir='ltr'><strong>culturis</strong></span> <span class='ocrx_word' id='word_1_572' title='bbox 3622 3585 3838 3640; x_wconf 71' lang='lat' dir='ltr'><strong>daemo-</strong></span> 
     </span>
    </p>
   </div>
   <div class='ocr_carea' id='block_1_80' title="bbox 2240 3678 3836 3750">
    <p class='ocr_par' dir='ltr' id='par_1_80' title="bbox 2240 3678 3836 3750">
     <span class='ocr_line' id='line_1_80' title="bbox 2240 3678 3836 3750; baseline 0 -17"><span class='ocrx_word' id='word_1_573' title='bbox 2240 3678 2449 3734; x_wconf 89' lang='lat' dir='ltr'><strong>niorum</strong></span> <span class='ocrx_word' id='word_1_574' title='bbox 2479 3679 2793 3750; x_wconf 84' lang='lat' dir='ltr'><strong>gravissimo</strong></span> <span class='ocrx_word' id='word_1_575' title='bbox 2831 3694 3016 3734; x_wconf 91' lang='lat' dir='ltr'><strong>errore</strong></span> <span class='ocrx_word' id='word_1_576' title='bbox 3049 3686 3386 3747; x_wconf 88' lang='lat' dir='ltr'><strong>permaneat;</strong></span> <span class='ocrx_word' id='word_1_577' title='bbox 3429 3686 3693 3746; x_wconf 88' lang='lat' dir='ltr'><strong>quatenus</strong></span> <span class='ocrx_word' id='word_1_578' title='bbox 3725 3692 3836 3746; x_wconf 90' lang='lat' dir='ltr'><strong>pro</strong></span> 
     </span>
    </p>
   </div>
   <div class='ocr_carea' id='block_1_81' title="bbox 2239 3768 3836 3842">
    <p class='ocr_par' dir='ltr' id='par_1_81' title="bbox 2239 3768 3836 3842">
     <span class='ocr_line' id='line_1_81' title="bbox 2239 3768 3836 3842; baseline -0.003 -15"><span class='ocrx_word' id='word_1_579' title='bbox 2239 3774 2356 3842; x_wconf 88' lang='lat' dir='ltr'><strong>ipso</strong></span> <span class='ocrx_word' id='word_1_580' title='bbox 2399 3771 2638 3827; x_wconf 83' lang='lat' dir='ltr'><strong>exaudiri</strong></span> <span class='ocrx_word' id='word_1_581' title='bbox 2684 3772 2853 3842; x_wconf 91' lang='lat' dir='ltr'><strong>possit</strong></span> <span class='ocrx_word' id='word_1_582' title='bbox 2899 3771 3013 3826; x_wconf 79' lang='lat' dir='ltr'><strong>fusa</strong></span> <span class='ocrx_word' id='word_1_583' title='bbox 3059 3770 3341 3841; x_wconf 89' lang='lat' dir='ltr'><strong>precatio:</strong></span> <span class='ocrx_word' id='word_1_584' title='bbox 3383 3768 3618 3839; x_wconf 87' lang='lat' dir='ltr'><strong>alioquin</strong></span> <span class='ocrx_word' id='word_1_585' title='bbox 3669 3768 3836 3824; x_wconf 84' lang='lat' dir='ltr'><strong>irrita</strong></span> 
     </span>
    </p>
   </div>
   <div class='ocr_carea' id='block_1_82' title="bbox 2240 3860 3830 3934">
    <p class='ocr_par' dir='ltr' id='par_1_82' title="bbox 2240 3860 3830 3934">
     <span class='ocr_line' id='line_1_82' title="bbox 2240 3860 3830 3934; baseline -0.002 -16"><span class='ocrx_word' id='word_1_586' title='bbox 2240 3877 2339 3934; x_wconf 92' lang='lat' dir='ltr'><strong>pro</strong></span> <span class='ocrx_word' id='word_1_587' title='bbox 2362 3880 2422 3919; x_wconf 90' lang='lat' dir='ltr'><strong>se</strong></span> <span class='ocrx_word' id='word_1_588' title='bbox 2463 3863 2636 3920; x_wconf 88' lang='lat' dir='ltr'><strong>reddit</strong></span> <span class='ocrx_word' id='word_1_589' title='bbox 2666 3875 2787 3917; x_wconf 87' lang='lat' dir='ltr'><strong>vota</strong></span> <span class='ocrx_word' id='word_1_590' title='bbox 2832 3863 3278 3933; x_wconf 89' lang='lat' dir='ltr'><strong>supplicantium,</strong></span> <span class='ocrx_word' id='word_1_591' title='bbox 3310 3860 3551 3929; x_wconf 76' lang='lat' dir='ltr'><strong>quisquis</strong></span> <span class='ocrx_word' id='word_1_592' title='bbox 3582 3875 3685 3915; x_wconf 93' lang='lat' dir='ltr'><strong>non</strong></span> <span class='ocrx_word' id='word_1_593' title='bbox 3732 3875 3830 3916; x_wconf 86' lang='lat' dir='ltr'><strong>re-</strong></span> 
     </span>
    </p>
   </div>
   <div class='ocr_carea' id='block_1_83' title="bbox 2238 3951 3834 4024">
    <p class='ocr_par' dir='ltr' id='par_1_83' title="bbox 2238 3951 3834 4024">
     <span class='ocr_line' id='line_1_83' title="bbox 2238 3951 3834 4024; baseline -0.002 -15"><span class='ocrx_word' id='word_1_594' title='bbox 2238 3954 2453 4024; x_wconf 87' lang='lat' dir='ltr'><strong>liquerit</strong></span> <span class='ocrx_word' id='word_1_595' title='bbox 2495 3953 2766 4009; x_wconf 90' lang='lat' dir='ltr'><strong>consortia</strong></span> <span class='ocrx_word' id='word_1_596' title='bbox 2820 3961 3182 4023; x_wconf 85' lang='lat' dir='ltr'><strong>peccatorum.</strong></span> <span class='ocrx_word' id='word_1_597' title='bbox 3229 3951 3513 4020; x_wconf 88' lang='lat' dir='ltr'><strong>Sequitur,</strong></span> <span class='ocrx_word' id='word_1_598' title='bbox 3567 3967 3834 4020; x_wconf 80' lang='lat' dir='ltr'><strong>usquequo</strong></span> 
     </span>
    </p>
   </div>
   <div class='ocr_carea' id='block_1_84' title="bbox 2237 4041 3834 4115">
    <p class='ocr_par' dir='ltr' id='par_1_84' title="bbox 2237 4041 3834 4115">
     <span class='ocr_line' id='line_1_84' title="bbox 2237 4041 3834 4115; baseline -0.002 -16"><span class='ocrx_word' id='word_1_599' title='bbox 2237 4046 2381 4115; x_wconf 83' lang='lat' dir='ltr'><strong>gravi</strong></span> <span class='ocrx_word' id='word_1_600' title='bbox 2408 4045 2593 4111; x_wconf 84' lang='lat' dir='ltr'><strong>corde;</strong></span> <span class='ocrx_word' id='word_1_601' title='bbox 2622 4045 2815 4098; x_wconf 91' lang='lat' dir='ltr'><strong>merito</strong></span> <span class='ocrx_word' id='word_1_602' title='bbox 2856 4057 2951 4098; x_wconf 93' lang='lat' dir='ltr'><strong>eos</strong></span> <span class='ocrx_word' id='word_1_603' title='bbox 2998 4042 3197 4097; x_wconf 85' lang='lat' dir='ltr'><strong>diutius</strong></span> <span class='ocrx_word' id='word_1_604' title='bbox 3232 4057 3420 4111; x_wconf 84' lang='lat' dir='ltr'><strong>graves</strong></span> <span class='ocrx_word' id='word_1_605' title='bbox 3456 4042 3621 4097; x_wconf 90' lang='lat' dir='ltr'><strong>corde</strong></span> <span class='ocrx_word' id='word_1_606' title='bbox 3664 4041 3834 4096; x_wconf 76' lang='lat' dir='ltr'><strong>fuisse</strong></span> 
     </span>
    </p>
   </div>
   <div class='ocr_carea' id='block_1_85' title="bbox 2237 4129 3834 4205">
    <p class='ocr_par' dir='ltr' id='par_1_85' title="bbox 2237 4129 3834 4205">
     <span class='ocr_line' id='line_1_85' title="bbox 2237 4129 3834 4205; baseline -0.003 -13"><span class='ocrx_word' id='word_1_607' title='bbox 2237 4136 2410 4203; x_wconf 75' lang='lat' dir='ltr'><strong>dixit,</strong></span> <span class='ocrx_word' id='word_1_608' title='bbox 2461 4137 2553 4205; x_wconf 85' lang='lat' dir='ltr'><strong>qui</strong></span> <span class='ocrx_word' id='word_1_609' title='bbox 2606 4142 2727 4205; x_wconf 88' lang='lat' dir='ltr'><strong>post</strong></span> <span class='ocrx_word' id='word_1_610' title='bbox 2778 4133 3020 4189; x_wconf 83' lang='lat' dir='ltr'><strong>veritatis</strong></span> <span class='ocrx_word' id='word_1_611' title='bbox 3077 4133 3548 4202; x_wconf 71' lang='lat' dir='ltr'><strong>praedicationem,</strong></span> <span class='ocrx_word' id='word_1_612' title='bbox 3592 4129 3834 4187; x_wconf 76' lang='lat' dir='ltr'><strong>adorare</strong></span> 
     </span>
    </p>
   </div>
   <div class='ocr_carea' id='block_1_86' title="bbox 2238 4222 3833 4297">
    <p class='ocr_par' dir='ltr' id='par_1_86' title="bbox 2238 4222 3833 4297">
     <span class='ocr_line' id='line_1_86' title="bbox 2238 4222 3833 4297; baseline -0.004 -14"><span class='ocrx_word' id='word_1_613' title='bbox 2238 4229 2406 4297; x_wconf 86' lang='lat' dir='ltr'><strong>magis</strong></span> <span class='ocrx_word' id='word_1_614' title='bbox 2434 4228 2713 4297; x_wconf 85' lang='lat' dir='ltr'><strong>elegerunt</strong></span> <span class='ocrx_word' id='word_1_615' title='bbox 2742 4224 2884 4281; x_wconf 89' lang='lat' dir='ltr'><strong>idola</strong></span> <span class='ocrx_word' id='word_1_616' title='bbox 2929 4224 3207 4289; x_wconf 78' lang='lat' dir='ltr'><strong>falsitatis;</strong></span> <span class='ocrx_word' id='word_1_617' title='bbox 3237 4224 3373 4278; x_wconf 87' lang='lat' dir='ltr'><strong>sicut</strong></span> <span class='ocrx_word' id='word_1_618' title='bbox 3400 4230 3485 4278; x_wconf 90' lang='lat' dir='ltr'><strong>est</strong></span> <span class='ocrx_word' id='word_1_619' title='bbox 3513 4222 3640 4277; x_wconf 92' lang='lat' dir='ltr'><strong>illud</strong></span> <span class='ocrx_word' id='word_1_620' title='bbox 3668 4236 3833 4277; x_wconf 78' lang='lat' dir='ltr'><strong>evan-</strong></span> 
     </span>
    </p>
   </div>
   <div class='ocr_carea' id='block_1_87' title="bbox 2240 4312 3831 4385">
    <p class='ocr_par' dir='ltr' id='par_1_87' title="bbox 2240 4312 3831 4385">
     <span class='ocr_line' id='line_1_87' title="bbox 2240 4312 3831 4385; baseline -0.004 -13"><span class='ocrx_word' id='word_1_621' title='bbox 2240 4318 2472 4385; x_wconf 82' lang='lat' dir='ltr'><strong>gelicum</strong></span> <span class='ocrx_word' id='word_1_622' title='bbox 2499 4335 2511 4370; x_wconf 94' lang='lat'><strong>:</strong></span> <span class='ocrx_word' id='word_1_623' title='bbox 2541 4317 2730 4372; x_wconf 86' lang='lat' dir='ltr'><strong>Servus</strong></span> <span class='ocrx_word' id='word_1_624' title='bbox 2754 4316 2920 4370; x_wconf 89' lang='lat' dir='ltr'><strong>sciens</strong></span> <span class='ocrx_word' id='word_1_625' title='bbox 2941 4316 3249 4369; x_wconf 81' lang='lat' dir='ltr'><strong>voluntatem</strong></span> <span class='ocrx_word' id='word_1_626' title='bbox 3277 4312 3474 4367; x_wconf 88' lang='lat' dir='ltr'><strong>domini</strong></span> <span class='ocrx_word' id='word_1_627' title='bbox 3502 4312 3618 4379; x_wconf 89' lang='lat' dir='ltr'><strong>sui,</strong></span> <span class='ocrx_word' id='word_1_628' title='bbox 3642 4321 3692 4365; x_wconf 89' lang='lat' dir='ltr'><strong>et</strong></span> <span class='ocrx_word' id='word_1_629' title='bbox 3719 4328 3831 4366; x_wconf 75' lang='lat' dir='ltr'><strong>non</strong></span> 
     </span>
    </p>
   </div>
   <div class='ocr_carea' id='block_1_88' title="bbox 2239 4401 3830 4476">
    <p class='ocr_par' dir='ltr' id='par_1_88' title="bbox 2239 4401 3830 4476">
     <span class='ocr_line' id='line_1_88' title="bbox 2239 4401 3830 4476; baseline -0.001 -20"><span class='ocrx_word' id='word_1_630' title='bbox 2239 4407 2429 4475; x_wconf 80' lang='lat' dir='ltr'><strong>faciens</strong></span> <span class='ocrx_word' id='word_1_631' title='bbox 2460 4407 2642 4476; x_wconf 85' lang='lat' dir='ltr'><strong>digna,</strong></span> <span class='ocrx_word' id='word_1_632' title='bbox 2687 4405 2852 4475; x_wconf 82' lang='lat' dir='ltr'><strong>plagis</strong></span> <span class='ocrx_word' id='word_1_633' title='bbox 2878 4404 3137 4475; x_wconf 77' lang='lat' dir='ltr'><strong>vapulabit</strong></span> <span class='ocrx_word' id='word_1_634' title='bbox 3169 4403 3344 4458; x_wconf 88' lang='lat' dir='ltr'><strong>multis</strong></span> <span class='ocrx_word' id='word_1_635' title='bbox 3389 4401 3540 4474; x_wconf 88' lang='lat' dir='ltr'><strong>(Luc.</strong></span> <span class='ocrx_word' id='word_1_636' title='bbox 3570 4416 3671 4469; x_wconf 75' lang='grc' dir='ltr'><strong>ιιι,</strong></span> <span class='ocrx_word' id='word_1_637' title='bbox 3702 4402 3830 4472; x_wconf 66' lang='grc'><strong>4⁸1).</strong></span> 
     </span>
    </p>
   </div>
   <div class='ocr_carea' id='block_1_89' title="bbox 2241 4493 3829 4567">
    <p class='ocr_par' dir='ltr' id='par_1_89' title="bbox 2241 4493 3829 4567">
     <span class='ocr_line' id='line_1_89' title="bbox 2241 4493 3829 4567; baseline -0.003 -15"><span class='ocrx_word' id='word_1_638' title='bbox 2241 4498 2417 4553; x_wconf 81' lang='lat' dir='ltr'><strong>Primo</strong></span> <span class='ocrx_word' id='word_1_639' title='bbox 2440 4498 2585 4553; x_wconf 90' lang='lat' dir='ltr'><strong>enim</strong></span> <span class='ocrx_word' id='word_1_640' title='bbox 2613 4496 2841 4552; x_wconf 87' lang='lat' dir='ltr'><strong>mundus</strong></span> <span class='ocrx_word' id='word_1_641' title='bbox 2861 4495 3006 4566; x_wconf 84' lang='lat' dir='ltr'><strong>juste</strong></span> <span class='ocrx_word' id='word_1_642' title='bbox 3034 4496 3332 4567; x_wconf 83' lang='lat' dir='ltr'><strong>ﬁagellatus</strong></span> <span class='ocrx_word' id='word_1_643' title='bbox 3353 4504 3436 4549; x_wconf 90' lang='lat' dir='ltr'><strong>est</strong></span> <span class='ocrx_word' id='word_1_644' title='bbox 3466 4493 3669 4562; x_wconf 87' lang='lat' dir='ltr'><strong>paucis,</strong></span> <span class='ocrx_word' id='word_1_645' title='bbox 3695 4493 3829 4561; x_wconf 86' lang='lat' dir='ltr'><strong>quia</strong></span> 
     </span>
    </p>
   </div>
   <div class='ocr_carea' id='block_1_90' title="bbox 558 4564 3831 4658">
    <p class='ocr_par' dir='ltr' id='par_1_90' title="bbox 558 4564 3831 4658">
     <span class='ocr_line' id='line_1_90' title="bbox 558 4564 3831 4658; baseline -0.002 -18"><span class='ocrx_word' id='word_1_646' title='bbox 558 4590 706 4643; x_wconf 66' lang='lat' dir='ltr'><strong>nefas</strong></span> <span class='ocrx_word' id='word_1_647' title='bbox 730 4594 815 4641; x_wconf 84' lang='lat' dir='ltr'><strong>est</strong></span> <span class='ocrx_word' id='word_1_648' title='bbox 842 4583 928 4638; x_wconf 85' lang='lat' dir='ltr'><strong>hic</strong></span> <span class='ocrx_word' id='word_1_649' title='bbox 964 4581 1180 4652; x_wconf 66' lang='lat' dir='ltr'><strong>aliquod</strong></span> <span class='ocrx_word' id='word_1_650' title='bbox 1221 4581 1441 4636; x_wconf 87' lang='lat' dir='ltr'><strong>dubium</strong></span> <span class='ocrx_word' id='word_1_651' title='bbox 1488 4580 1848 4647; x_wconf 87' lang='lat' dir='ltr'><strong>introducere,</strong></span> <span class='ocrx_word' id='word_1_652' title='bbox 1873 4580 1962 4635; x_wconf 89' lang='lat' dir='ltr'><strong>ubi</strong></span> <span class='ocrx_word' id='word_1_653' title='bbox 1995 4590 2137 4636; x_wconf 84' lang='lat' dir='ltr'><strong>tanta</strong></span> <span class='ocrx_word' id='word_1_654' title='bbox 2166 4564 2217 4625; x_wconf 85' lang='grc' dir='ltr'><strong>Ῐ)</strong></span> <span class='ocrx_word' id='word_1_655' title='bbox 2241 4602 2395 4642; x_wconf 84' lang='lat' dir='ltr'><strong>suum</strong></span> <span class='ocrx_word' id='word_1_656' title='bbox 2439 4587 2725 4642; x_wconf 82' lang='lat' dir='ltr'><strong>Dominum</strong></span> <span class='ocrx_word' id='word_1_657' title='bbox 2766 4564 3013 4658; x_wconf 70' lang='lat' dir='ltr'><strong>ignorare</strong></span> <span class='ocrx_word' id='word_1_658' title='bbox 3037 4564 3293 4657; x_wconf 59' lang='lat' dir='ltr'><strong>probatus</strong></span> <span class='ocrx_word' id='word_1_659' title='bbox 3322 4594 3426 4640; x_wconf 80' lang='lat' dir='ltr'><strong>est.</strong></span> <span class='ocrx_word' id='word_1_660' title='bbox 3469 4583 3597 4639; x_wconf 84' lang='lat' dir='ltr'><strong>Post</strong></span> <span class='ocrx_word' id='word_1_661' title='bbox 3623 4581 3831 4639; x_wconf 78' lang='lat' dir='ltr'><strong>adven-</strong></span> 
     </span>
    </p>
   </div>
   <div class='ocr_carea' id='block_1_91' title="bbox 557 4671 2135 4749">
    <p class='ocr_par' dir='ltr' id='par_1_91' title="bbox 557 4671 2135 4749">
     <span class='ocr_line' id='line_1_91' title="bbox 557 4671 2135 4749; baseline -0.004 -16"><span class='ocrx_word' id='word_1_662' title='bbox 557 4680 751 4735; x_wconf 88' lang='lat' dir='ltr'><strong>veritas</strong></span> <span class='ocrx_word' id='word_1_663' title='bbox 773 4677 1116 4749; x_wconf 85' lang='lat' dir='ltr'><strong>cognoscitur</strong></span> <span class='ocrx_word' id='word_1_664' title='bbox 1146 4682 1224 4729; x_wconf 82' lang='lat' dir='ltr'><strong>tot</strong></span> <span class='ocrx_word' id='word_1_665' title='bbox 1252 4674 1553 4729; x_wconf 88' lang='lat' dir='ltr'><strong>testimonia</strong></span> <span class='ocrx_word' id='word_1_666' title='bbox 1586 4672 1893 4742; x_wconf 88' lang='lat' dir='ltr'><strong>perhibere.</strong></span> <span class='ocrx_word' id='word_1_667' title='bbox 1925 4671 1991 4725; x_wconf 84' lang='lat' dir='ltr'><strong>Et</strong></span> <span class='ocrx_word' id='word_1_668' title='bbox 2015 4672 2135 4727; x_wconf 91' lang='lat' dir='ltr'><strong>ideo</strong></span> 
     </span>
    </p>
   </div>
   <div class='ocr_carea' id='block_1_92' title="bbox 555 4763 2134 4839">
    <p class='ocr_par' dir='ltr' id='par_1_92' title="bbox 555 4763 2134 4839">
     <span class='ocr_line' id='line_1_92' title="bbox 555 4763 2134 4839; baseline -0.003 -15"><span class='ocrx_word' id='word_1_669' title='bbox 555 4770 655 4824; x_wconf 88' lang='lat' dir='ltr'><strong>sub</strong></span> <span class='ocrx_word' id='word_1_670' title='bbox 676 4771 841 4839; x_wconf 83' lang='lat' dir='ltr'><strong>ﬁgura</strong></span> <span class='ocrx_word' id='word_1_671' title='bbox 864 4765 1211 4839; x_wconf 65' lang='lat' dir='ltr'><strong>mytbopaaia,</strong></span> <span class='ocrx_word' id='word_1_672' title='bbox 1236 4764 1527 4820; x_wconf 81' lang='lat' dir='ltr'><strong>Ecclesium</strong></span> <span class='ocrx_word' id='word_1_673' title='bbox 1552 4764 1794 4819; x_wconf 90' lang='lat' dir='ltr'><strong>dicamus</strong></span> <span class='ocrx_word' id='word_1_674' title='bbox 1822 4763 1988 4833; x_wconf 86' lang='lat' dir='ltr'><strong>loqui,</strong></span> <span class='ocrx_word' id='word_1_675' title='bbox 2014 4779 2134 4833; x_wconf 76' lang='lat' dir='ltr'><strong>qua:</strong></span> 
     </span>
    </p>
   </div>
   <div class='ocr_carea' id='block_1_93' title="bbox 559 4854 2131 4929">
    <p class='ocr_par' dir='ltr' id='par_1_93' title="bbox 559 4854 2131 4929">
     <span class='ocr_line' id='line_1_93' title="bbox 559 4854 2131 4929; baseline 0.002 -20"><span class='ocrx_word' id='word_1_676' title='bbox 559 4859 799 4929; x_wconf 70' lang='lat' dir='ltr'><strong>personis</strong></span> <span class='ocrx_word' id='word_1_677' title='bbox 843 4873 1058 4928; x_wconf 87' lang='lat' dir='ltr'><strong>semper</strong></span> <span class='ocrx_word' id='word_1_678' title='bbox 1104 4857 1447 4928; x_wconf 85' lang='lat' dir='ltr'><strong>cognoscitur</strong></span> <span class='ocrx_word' id='word_1_679' title='bbox 1486 4854 1805 4911; x_wconf 82' lang='lat' dir='ltr'><strong>certissimis</strong></span> <span class='ocrx_word' id='word_1_680' title='bbox 1853 4855 2131 4925; x_wconf 83' lang='lat' dir='ltr'><strong>applicari.</strong></span> 
     </span>
    </p>
   </div>
   <div class='ocr_carea' id='block_1_94' title="bbox 559 4945 2136 5020">
    <p class='ocr_par' dir='ltr' id='par_1_94' title="bbox 559 4945 2136 5020">
     <span class='ocr_line' id='line_1_94' title="bbox 559 4945 2136 5020; baseline -0.002 -16"><span class='ocrx_word' id='word_1_681' title='bbox 559 4952 613 5004; x_wconf 91' lang='lat' dir='ltr'><strong>lu</strong></span> <span class='ocrx_word' id='word_1_682' title='bbox 643 4949 808 5020; x_wconf 86' lang='lat' dir='ltr'><strong>prima</strong></span> <span class='ocrx_word' id='word_1_683' title='bbox 853 4949 1114 5018; x_wconf 89' lang='lat' dir='ltr'><strong>siquidem</strong></span> <span class='ocrx_word' id='word_1_684' title='bbox 1150 4957 1299 5016; x_wconf 87' lang='lat' dir='ltr'><strong>parte</strong></span> <span class='ocrx_word' id='word_1_685' title='bbox 1330 4955 1480 5016; x_wconf 87' lang='lat' dir='ltr'><strong>rogat</strong></span> <span class='ocrx_word' id='word_1_686' title='bbox 1502 4954 1560 4999; x_wconf 87' lang='lat' dir='ltr'><strong>ut</strong></span> <span class='ocrx_word' id='word_1_687' title='bbox 1590 4945 1707 5015; x_wconf 81' lang='lat' dir='ltr'><strong>ejus</strong></span> <span class='ocrx_word' id='word_1_688' title='bbox 1734 4946 1983 5001; x_wconf 86' lang='lat' dir='ltr'><strong>audiatur</strong></span> <span class='ocrx_word' id='word_1_689' title='bbox 2010 4960 2136 5001; x_wconf 87' lang='lat' dir='ltr'><strong>ora-</strong></span> 
     </span>
    </p>
   </div>
   <div class='ocr_carea' id='block_1_95' title="bbox 556 5032 2134 5109">
    <p class='ocr_par' dir='ltr' id='par_1_95' title="bbox 556 5032 2134 5109">
     <span class='ocr_line' id='line_1_95' title="bbox 556 5032 2134 5109; baseline -0.001 -15"><span class='ocrx_word' id='word_1_690' title='bbox 556 5032 629 5095; x_wconf 83' lang='lat' dir='ltr'><strong>tio</strong></span> <span class='ocrx_word' id='word_1_691' title='bbox 658 5057 676 5093; x_wconf 89' lang='lat'><strong>:</strong></span> <span class='ocrx_word' id='word_1_692' title='bbox 717 5040 997 5109; x_wconf 89' lang='lat' dir='ltr'><strong>increpans</strong></span> <span class='ocrx_word' id='word_1_693' title='bbox 1043 5041 1149 5109; x_wconf 74' lang='lat'><strong>22</strong></span> <span class='ocrx_word' id='word_1_694' title='bbox 1197 5035 1467 5097; x_wconf 84' lang='lat' dir='ltr'><strong>inﬁdeles.</strong></span> <span class='ocrx_word' id='word_1_695' title='bbox 1511 5036 1636 5106; x_wconf 88' lang='lat' dir='ltr'><strong>quia</strong></span> <span class='ocrx_word' id='word_1_696' title='bbox 1680 5035 1921 5091; x_wconf 85' lang='lat' dir='ltr'><strong>colentes</strong></span> <span class='ocrx_word' id='word_1_697' title='bbox 1969 5035 2134 5092; x_wconf 74' lang='lat' dir='ltr'><strong>falsos</strong></span> 
     </span>
    </p>
   </div>
   <div class='ocr_carea' id='block_1_96' title="bbox 553 5126 2134 5197">
    <p class='ocr_par' dir='ltr' id='par_1_96' title="bbox 553 5126 2134 5197">
     <span class='ocr_line' id='line_1_96' title="bbox 553 5126 2134 5197; baseline -0.002 -12"><span class='ocrx_word' id='word_1_698' title='bbox 553 5133 705 5196; x_wconf 88' lang='lat' dir='ltr'><strong>deos,</strong></span> <span class='ocrx_word' id='word_1_699' title='bbox 731 5128 990 5184; x_wconf 86' lang='lat' dir='ltr'><strong>culturam</strong></span> <span class='ocrx_word' id='word_1_700' title='bbox 1012 5128 1124 5183; x_wconf 85' lang='lat' dir='ltr'><strong>veri</strong></span> <span class='ocrx_word' id='word_1_701' title='bbox 1154 5127 1246 5181; x_wconf 90' lang='lat' dir='ltr'><strong>Dei</strong></span> <span class='ocrx_word' id='word_1_702' title='bbox 1269 5127 1628 5197; x_wconf 81' lang='lat' dir='ltr'><strong>negligebant.</strong></span> <span class='ocrx_word' id='word_1_703' title='bbox 1659 5126 1715 5181; x_wconf 92' lang='lat' dir='ltr'><strong>ln</strong></span> <span class='ocrx_word' id='word_1_704' title='bbox 1741 5126 1975 5182; x_wconf 89' lang='lat' dir='ltr'><strong>secunda</strong></span> <span class='ocrx_word' id='word_1_705' title='bbox 1998 5141 2134 5183; x_wconf 91' lang='lat' dir='ltr'><strong>vero</strong></span> 
     </span>
    </p>
   </div>
   <div class='ocr_carea' id='block_1_97' title="bbox 552 5216 2131 5290">
    <p class='ocr_par' dir='ltr' id='par_1_97' title="bbox 552 5216 2131 5290">
     <span class='ocr_line' id='line_1_97' title="bbox 552 5216 2131 5290; baseline 0.001 -16"><span class='ocrx_word' id='word_1_706' title='bbox 552 5228 861 5275; x_wconf 79' lang='lat' dir='ltr'><strong>commouet</strong></span> <span class='ocrx_word' id='word_1_707' title='bbox 910 5217 1355 5290; x_wconf 83' lang='lat' dir='ltr'><strong>generalitatem,</strong></span> <span class='ocrx_word' id='word_1_708' title='bbox 1401 5225 1459 5272; x_wconf 92' lang='lat' dir='ltr'><strong>ut</strong></span> <span class='ocrx_word' id='word_1_709' title='bbox 1503 5216 1690 5272; x_wconf 84' lang='lat' dir='ltr'><strong>relicta</strong></span> <span class='ocrx_word' id='word_1_710' title='bbox 1743 5218 2131 5286; x_wconf 84' lang='lat' dir='ltr'><strong>superstitione</strong></span> 
     </span>
    </p>
   </div>
   <div class='ocr_carea' id='block_1_98' title="bbox 556 5308 2134 5378">
    <p class='ocr_par' dir='ltr' id='par_1_98' title="bbox 556 5308 2134 5378">
     <span class='ocr_line' id='line_1_98' title="bbox 556 5308 2134 5378; baseline 0.001 -13"><span class='ocrx_word' id='word_1_711' title='bbox 556 5312 762 5378; x_wconf 76' lang='lat' dir='ltr'><strong>fallaci,</strong></span> <span class='ocrx_word' id='word_1_712' title='bbox 792 5310 1110 5367; x_wconf 85' lang='lat' dir='ltr'><strong>sacriﬁcium</strong></span> <span class='ocrx_word' id='word_1_713' title='bbox 1156 5308 1376 5378; x_wconf 74' lang='lat' dir='ltr'><strong>justitire</strong></span> <span class='ocrx_word' id='word_1_714' title='bbox 1414 5308 1608 5365; x_wconf 87' lang='lat' dir='ltr'><strong>debeat</strong></span> <span class='ocrx_word' id='word_1_715' title='bbox 1650 5309 1952 5366; x_wconf 90' lang='lat' dir='ltr'><strong>immolare.</strong></span> <span class='ocrx_word' id='word_1_716' title='bbox 1984 5311 2051 5366; x_wconf 82' lang='lat' dir='ltr'><strong>Et</strong></span> <span class='ocrx_word' id='word_1_717' title='bbox 2077 5321 2134 5367; x_wconf 90' lang='lat' dir='ltr'><strong>ut</strong></span> 
     </span>
    </p>
   </div>
   <div class='ocr_carea' id='block_1_99' title="bbox 552 5398 2132 5471">
    <p class='ocr_par' dir='ltr' id='par_1_99' title="bbox 552 5398 2132 5471">
     <span class='ocr_line' id='line_1_99' title="bbox 552 5398 2132 5471; baseline 0 -14"><span class='ocrx_word' id='word_1_718' title='bbox 552 5402 827 5471; x_wconf 78' lang='lat' dir='ltr'><strong>gentilium</strong></span> <span class='ocrx_word' id='word_1_719' title='bbox 860 5410 1069 5457; x_wconf 87' lang='lat' dir='ltr'><strong>mentes</strong></span> <span class='ocrx_word' id='word_1_720' title='bbox 1096 5398 1234 5454; x_wconf 79' lang='lat' dir='ltr'><strong>facta</strong></span> <span class='ocrx_word' id='word_1_721' title='bbox 1264 5400 1619 5469; x_wconf 86' lang='lat' dir='ltr'><strong>promissione</strong></span> <span class='ocrx_word' id='word_1_722' title='bbox 1641 5411 2018 5468; x_wconf 86' lang='lat' dir='ltr'><strong>converteret,</strong></span> <span class='ocrx_word' id='word_1_723' title='bbox 2047 5402 2132 5457; x_wconf 82' lang='lat' dir='ltr'><strong>in-</strong></span> 
     </span>
    </p>
   </div>
   <div class='ocr_carea' id='block_1_100' title="bbox 551 5488 2130 5562">
    <p class='ocr_par' dir='ltr' id='par_1_100' title="bbox 551 5488 2130 5562">
     <span class='ocr_line' id='line_1_100' title="bbox 551 5488 2130 5562; baseline 0.003 -15"><span class='ocrx_word' id='word_1_724' title='bbox 551 5491 728 5562; x_wconf 87' lang='lat' dir='ltr'><strong>gentia</strong></span> <span class='ocrx_word' id='word_1_725' title='bbox 755 5498 1143 5547; x_wconf 84' lang='lat' dir='ltr'><strong>commemorat</strong></span> <span class='ocrx_word' id='word_1_726' title='bbox 1185 5488 1497 5561; x_wconf 70' lang='lat' dir='ltr'><strong>praestitisse</strong></span> <span class='ocrx_word' id='word_1_727' title='bbox 1534 5490 1821 5551; x_wconf 88' lang='lat' dir='ltr'><strong>Dominum</strong></span> <span class='ocrx_word' id='word_1_728' title='bbox 1868 5493 2130 5551; x_wconf 80' lang='lat' dir='ltr'><strong>beneﬁcia</strong></span> 
     </span>
    </p>
   </div>
   <div class='ocr_carea' id='block_1_101' title="bbox 552 5582 899 5639">
    <p class='ocr_par' dir='ltr' id='par_1_101' title="bbox 552 5582 899 5639">
     <span class='ocr_line' id='line_1_101' title="bbox 552 5582 899 5639; baseline 0 -1"><span class='ocrx_word' id='word_1_729' title='bbox 552 5582 899 5639; x_wconf 79' lang='lat' dir='ltr'><strong>Christianis.</strong></span> 
     </span>
    </p>
   </div>
   <div class='ocr_carea' id='block_1_102' title="bbox 608 5721 1691 5797">
    <p class='ocr_par' dir='ltr' id='par_1_102' title="bbox 608 5721 1691 5797">
     <span class='ocr_line' id='line_1_102' title="bbox 608 5721 1691 5797; baseline 0.005 -17"><span class='ocrx_word' id='word_1_730' title='bbox 608 5733 651 5793; x_wconf 54' lang='grc' dir='ltr'><strong>,ι</strong></span> <span class='ocrx_word' id='word_1_731' title='bbox 681 5725 775 5782; x_wconf 77' lang='lat' dir='ltr'><strong>bis.</strong></span> <span class='ocrx_word' id='word_1_732' title='bbox 803 5725 990 5797; x_wconf 82' lang='lat' dir='ltr'><strong>Sang.,</strong></span> <span class='ocrx_word' id='word_1_733' title='bbox 1016 5722 1272 5781; x_wconf 83' lang='lat' dir='ltr'><strong>osculetur</strong></span> <span class='ocrx_word' id='word_1_734' title='bbox 1300 5737 1378 5780; x_wconf 86' lang='lat' dir='ltr'><strong>me</strong></span> <span class='ocrx_word' id='word_1_735' title='bbox 1405 5721 1470 5781; x_wconf 76' lang='lat' dir='ltr'><strong>ab</strong></span> <span class='ocrx_word' id='word_1_736' title='bbox 1496 5725 1691 5786; x_wconf 78' lang='lat' dir='ltr'><strong>osculo.</strong></span> 
     </span>
    </p>
   </div>
   <div class='ocr_carea' id='block_1_103' title="bbox 2241 4672 3825 4747">
    <p class='ocr_par' dir='ltr' id='par_1_103' title="bbox 2241 4672 3825 4747">
     <span class='ocr_line' id='line_1_103' title="bbox 2241 4672 3825 4747; baseline -0.005 -14"><span class='ocrx_word' id='word_1_737' title='bbox 2241 4687 2353 4733; x_wconf 91' lang='lat' dir='ltr'><strong>tum</strong></span> <span class='ocrx_word' id='word_1_738' title='bbox 2386 4691 2515 4733; x_wconf 91' lang='lat' dir='ltr'><strong>vero</strong></span> <span class='ocrx_word' id='word_1_739' title='bbox 2543 4677 2818 4732; x_wconf 87' lang='lat' dir='ltr'><strong>Creatoris</strong></span> <span class='ocrx_word' id='word_1_740' title='bbox 2844 4677 2927 4732; x_wconf 90' lang='lat' dir='ltr'><strong>sui</strong></span> <span class='ocrx_word' id='word_1_741' title='bbox 2972 4677 3268 4747; x_wconf 78' lang='lat' dir='ltr'><strong>iustissime</strong></span> <span class='ocrx_word' id='word_1_742' title='bbox 3310 4674 3584 4746; x_wconf 83' lang='lat' dir='ltr'><strong>vapulabit</strong></span> <span class='ocrx_word' id='word_1_743' title='bbox 3613 4672 3825 4741; x_wconf 84' lang='lat' dir='ltr'><strong>multis,</strong></span> 
     </span>
    </p>
   </div>
   <div class='ocr_carea' id='block_1_104' title="bbox 2237 4762 3829 4839">
    <p class='ocr_par' dir='ltr' id='par_1_104' title="bbox 2237 4762 3829 4839">
     <span class='ocr_line' id='line_1_104' title="bbox 2237 4762 3829 4839; baseline -0.004 -15"><span class='ocrx_word' id='word_1_744' title='bbox 2237 4769 2326 4839; x_wconf 91' lang='lat' dir='ltr'><strong>qui</strong></span> <span class='ocrx_word' id='word_1_745' title='bbox 2352 4768 2526 4823; x_wconf 90' lang='lat' dir='ltr'><strong>adhuc</strong></span> <span class='ocrx_word' id='word_1_746' title='bbox 2559 4767 2821 4824; x_wconf 92' lang='lat' dir='ltr'><strong>idolorum</strong></span> <span class='ocrx_word' id='word_1_747' title='bbox 2844 4769 3043 4823; x_wconf 64' lang='lat' dir='ltr'><strong>naeuius</strong></span> <span class='ocrx_word' id='word_1_748' title='bbox 3073 4766 3391 4836; x_wconf 85' lang='lat' dir='ltr'><strong>inquirebat.</strong></span> <span class='ocrx_word' id='word_1_749' title='bbox 3415 4763 3695 4835; x_wconf 87' lang='lat' dir='ltr'><strong>Sequitur:</strong></span> <span class='ocrx_word' id='word_1_750' title='bbox 3729 4762 3829 4818; x_wconf 88' lang='lat' dir='ltr'><strong>Ut-</strong></span> 
     </span>
    </p>
   </div>
   <div class='ocr_carea' id='block_1_105' title="bbox 2234 4855 3828 4933">
    <p class='ocr_par' dir='ltr' id='par_1_105' title="bbox 2234 4855 3828 4933">
     <span class='ocr_line' id='line_1_105' title="bbox 2234 4855 3828 4933; baseline -0.002 -19"><span class='ocrx_word' id='word_1_751' title='bbox 2234 4861 2359 4933; x_wconf 84' lang='lat' dir='ltr'><strong>quid</strong></span> <span class='ocrx_word' id='word_1_752' title='bbox 2388 4860 2601 4931; x_wconf 84' lang='lat' dir='ltr'><strong>diligitis</strong></span> <span class='ocrx_word' id='word_1_753' title='bbox 2635 4861 2905 4914; x_wconf 77' lang='lat' dir='ltr'><strong>vanitatem</strong></span> <span class='ocrx_word' id='word_1_754' title='bbox 2930 4869 2978 4914; x_wconf 85' lang='lat' dir='ltr'><strong>et</strong></span> <span class='ocrx_word' id='word_1_755' title='bbox 3009 4859 3235 4930; x_wconf 66' lang='lat' dir='ltr'><strong>queritis</strong></span> <span class='ocrx_word' id='word_1_756' title='bbox 3264 4858 3633 4911; x_wconf 81' lang='lat' dir='ltr'><strong>mendacium?</strong></span> <span class='ocrx_word' id='word_1_757' title='bbox 3661 4855 3828 4911; x_wconf 82' lang='lat' dir='ltr'><strong>Vani-</strong></span> 
     </span>
    </p>
   </div>
   <div class='ocr_carea' id='block_1_106' title="bbox 2241 4946 3826 5022">
    <p class='ocr_par' dir='ltr' id='par_1_106' title="bbox 2241 4946 3826 5022">
     <span class='ocr_line' id='line_1_106' title="bbox 2241 4946 3826 5022; baseline -0.001 -17"><span class='ocrx_word' id='word_1_758' title='bbox 2241 4961 2319 5007; x_wconf 89' lang='lat' dir='ltr'><strong>tas</strong></span> <span class='ocrx_word' id='word_1_759' title='bbox 2346 4951 2563 5022; x_wconf 90' lang='lat' dir='ltr'><strong>quidem</strong></span> <span class='ocrx_word' id='word_1_760' title='bbox 2607 4966 2806 5007; x_wconf 89' lang='lat' dir='ltr'><strong>nomen</strong></span> <span class='ocrx_word' id='word_1_761' title='bbox 2833 4960 2916 5006; x_wconf 90' lang='lat' dir='ltr'><strong>est</strong></span> <span class='ocrx_word' id='word_1_762' title='bbox 2944 4949 3193 5020; x_wconf 87' lang='lat' dir='ltr'><strong>generale</strong></span> <span class='ocrx_word' id='word_1_763' title='bbox 3220 4948 3505 5014; x_wconf 87' lang='lat' dir='ltr'><strong>vitiorum;</strong></span> <span class='ocrx_word' id='word_1_764' title='bbox 3552 4946 3645 5002; x_wconf 88' lang='lat' dir='ltr'><strong>sed</strong></span> <span class='ocrx_word' id='word_1_765' title='bbox 3691 4947 3826 5003; x_wconf 89' lang='lat' dir='ltr'><strong>illud</strong></span> 
     </span>
    </p>
   </div>
   <div class='ocr_carea' id='block_1_107' title="bbox 2237 5039 3828 5112">
    <p class='ocr_par' dir='ltr' id='par_1_107' title="bbox 2237 5039 3828 5112">
     <span class='ocr_line' id='line_1_107' title="bbox 2237 5039 3828 5112; baseline -0.002 -15"><span class='ocrx_word' id='word_1_766' title='bbox 2237 5042 2449 5112; x_wconf 88' lang='lat' dir='ltr'><strong>proprie</strong></span> <span class='ocrx_word' id='word_1_767' title='bbox 2495 5057 2690 5097; x_wconf 90' lang='lat' dir='ltr'><strong>vanum</strong></span> <span class='ocrx_word' id='word_1_768' title='bbox 2735 5041 2949 5109; x_wconf 91' lang='lat' dir='ltr'><strong>dicitur,</strong></span> <span class='ocrx_word' id='word_1_769' title='bbox 2980 5040 3121 5110; x_wconf 91' lang='lat' dir='ltr'><strong>quod</strong></span> <span class='ocrx_word' id='word_1_770' title='bbox 3161 5055 3193 5095; x_wconf 90' lang='lat' dir='ltr'><strong>a</strong></span> <span class='ocrx_word' id='word_1_771' title='bbox 3238 5040 3347 5095; x_wconf 91' lang='lat' dir='ltr'><strong>Deo</strong></span> <span class='ocrx_word' id='word_1_772' title='bbox 3394 5039 3650 5109; x_wconf 86' lang='lat' dir='ltr'><strong>probatur</strong></span> <span class='ocrx_word' id='word_1_773' title='bbox 3690 5039 3828 5094; x_wconf 82' lang='lat' dir='ltr'><strong>alie-</strong></span> 
     </span>
    </p>
   </div>
   <div class='ocr_carea' id='block_1_108' title="bbox 2237 5131 3828 5191">
    <p class='ocr_par' dir='ltr' id='par_1_108' title="bbox 2237 5131 3828 5191">
     <span class='ocr_line' id='line_1_108' title="bbox 2237 5131 3828 5191; baseline -0.001 -2"><span class='ocrx_word' id='word_1_774' title='bbox 2237 5150 2387 5191; x_wconf 91' lang='lat' dir='ltr'><strong>num.</strong></span> <span class='ocrx_word' id='word_1_775' title='bbox 2414 5134 2545 5189; x_wconf 85' lang='lat' dir='ltr'><strong>Nam</strong></span> <span class='ocrx_word' id='word_1_776' title='bbox 2572 5135 2711 5189; x_wconf 91' lang='lat' dir='ltr'><strong>sicut</strong></span> <span class='ocrx_word' id='word_1_777' title='bbox 2733 5134 2787 5189; x_wconf 92' lang='lat' dir='ltr'><strong>in</strong></span> <span class='ocrx_word' id='word_1_778' title='bbox 2818 5133 3105 5188; x_wconf 81' lang='lat' dir='ltr'><strong>Diviuitate</strong></span> <span class='ocrx_word' id='word_1_779' title='bbox 3132 5132 3402 5189; x_wconf 83' lang='lat' dir='ltr'><strong>conlidere</strong></span> <span class='ocrx_word' id='word_1_780' title='bbox 3431 5132 3698 5188; x_wconf 80' lang='lat' dir='ltr'><strong>fructuosa</strong></span> <span class='ocrx_word' id='word_1_781' title='bbox 3733 5131 3828 5188; x_wconf 82' lang='lat' dir='ltr'><strong>ﬁr-</strong></span> 
     </span>
    </p>
   </div>
   <div class='ocr_carea' id='block_1_109' title="bbox 2238 5220 3825 5289">
    <p class='ocr_par' dir='ltr' id='par_1_109' title="bbox 2238 5220 3825 5289">
     <span class='ocr_line' id='line_1_109' title="bbox 2238 5220 3825 5289; baseline -0.003 -11"><span class='ocrx_word' id='word_1_782' title='bbox 2238 5225 2396 5278; x_wconf 89' lang='lat' dir='ltr'><strong>mitas</strong></span> <span class='ocrx_word' id='word_1_783' title='bbox 2423 5233 2537 5289; x_wconf 91' lang='lat' dir='ltr'><strong>est,</strong></span> <span class='ocrx_word' id='word_1_784' title='bbox 2572 5224 2642 5277; x_wconf 88' lang='lat' dir='ltr'><strong>ita</strong></span> <span class='ocrx_word' id='word_1_785' title='bbox 2671 5221 2739 5277; x_wconf 88' lang='lat' dir='ltr'><strong>ab</strong></span> <span class='ocrx_word' id='word_1_786' title='bbox 2764 5222 2953 5277; x_wconf 82' lang='lat' dir='ltr'><strong>cadent</strong></span> <span class='ocrx_word' id='word_1_787' title='bbox 2981 5222 3201 5278; x_wconf 86' lang='lat' dir='ltr'><strong>deviare</strong></span> <span class='ocrx_word' id='word_1_788' title='bbox 3229 5221 3434 5276; x_wconf 87' lang='lat' dir='ltr'><strong>vanitas</strong></span> <span class='ocrx_word' id='word_1_789' title='bbox 3474 5229 3559 5276; x_wconf 91' lang='lat' dir='ltr'><strong>est</strong></span> <span class='ocrx_word' id='word_1_790' title='bbox 3585 5220 3825 5286; x_wconf 88' lang='lat' dir='ltr'><strong>caduca,</strong></span> 
     </span>
    </p>
   </div>
   <div class='ocr_carea' id='block_1_110' title="bbox 2237 5308 3827 5381">
    <p class='ocr_par' dir='ltr' id='par_1_110' title="bbox 2237 5308 3827 5381">
     <span class='ocr_line' id='line_1_110' title="bbox 2237 5308 3827 5381; baseline -0.004 -13"><span class='ocrx_word' id='word_1_791' title='bbox 2237 5315 2372 5370; x_wconf 87' lang='lat' dir='ltr'><strong>sicut</strong></span> <span class='ocrx_word' id='word_1_792' title='bbox 2399 5314 2560 5368; x_wconf 71' lang='lat' dir='ltr'><strong>Isaias</strong></span> <span class='ocrx_word' id='word_1_793' title='bbox 2584 5313 2748 5368; x_wconf 89' lang='lat' dir='ltr'><strong>dicit:</strong></span> <span class='ocrx_word' id='word_1_794' title='bbox 2783 5312 3067 5367; x_wconf 83' lang='lat' dir='ltr'><strong>Aderantes</strong></span> <span class='ocrx_word' id='word_1_795' title='bbox 3097 5328 3226 5365; x_wconf 80' lang='lat' dir='ltr'><strong>vana</strong></span> <span class='ocrx_word' id='word_1_796' title='bbox 3255 5320 3303 5365; x_wconf 86' lang='lat' dir='ltr'><strong>et</strong></span> <span class='ocrx_word' id='word_1_797' title='bbox 3331 5310 3498 5381; x_wconf 82' lang='lat' dir='ltr'><strong>falsa,</strong></span> <span class='ocrx_word' id='word_1_798' title='bbox 3530 5308 3827 5363; x_wconf 55' lang='lat' dir='ltr'><strong>miserieer.</strong></span> 
     </span>
    </p>
   </div>
   <div class='ocr_carea' id='block_1_111' title="bbox 2234 5398 3827 5474">
    <p class='ocr_par' dir='ltr' id='par_1_111' title="bbox 2234 5398 3827 5474">
     <span class='ocr_line' id='line_1_111' title="bbox 2234 5398 3827 5474; baseline -0.001 -18"><span class='ocrx_word' id='word_1_799' title='bbox 2234 5403 2375 5456; x_wconf 88' lang='lat' dir='ltr'><strong>diam</strong></span> <span class='ocrx_word' id='word_1_800' title='bbox 2416 5412 2555 5457; x_wconf 86' lang='lat' dir='ltr'><strong>tuam</strong></span> <span class='ocrx_word' id='word_1_801' title='bbox 2595 5403 2973 5471; x_wconf 82' lang='lat' dir='ltr'><strong>dereliquerunt</strong></span> <span class='ocrx_word' id='word_1_802' title='bbox 3022 5400 3157 5474; x_wconf 73' lang='grc' dir='ltr'><strong>(ιω.</strong></span> <span class='ocrx_word' id='word_1_803' title='bbox 3185 5416 3255 5467; x_wconf 84' lang='lat' dir='ltr'><strong>tt,</strong></span> <span class='ocrx_word' id='word_1_804' title='bbox 3281 5401 3337 5468; x_wconf 88' lang='lat'><strong>8,</strong></span> <span class='ocrx_word' id='word_1_805' title='bbox 3379 5400 3458 5472; x_wconf 87' lang='lat'><strong>9).</strong></span> <span class='ocrx_word' id='word_1_806' title='bbox 3503 5398 3827 5471; x_wconf 82' lang='lat' dir='ltr'><strong>Arguuutur</strong></span> 
     </span>
    </p>
   </div>
   <div class='ocr_carea' id='block_1_112' title="bbox 2237 5491 3823 5567">
    <p class='ocr_par' dir='ltr' id='par_1_112' title="bbox 2237 5491 3823 5567">
     <span class='ocr_line' id='line_1_112' title="bbox 2237 5491 3823 5567; baseline -0.002 -18"><span class='ocrx_word' id='word_1_807' title='bbox 2237 5495 2416 5567; x_wconf 90' lang='lat' dir='ltr'><strong>itaque</strong></span> <span class='ocrx_word' id='word_1_808' title='bbox 2439 5494 2515 5550; x_wconf 92' lang='lat' dir='ltr'><strong>illi</strong></span> <span class='ocrx_word' id='word_1_809' title='bbox 2538 5496 2630 5567; x_wconf 83' lang='lat' dir='ltr'><strong>qui</strong></span> <span class='ocrx_word' id='word_1_810' title='bbox 2656 5495 2917 5551; x_wconf 90' lang='lat' dir='ltr'><strong>idolorum</strong></span> <span class='ocrx_word' id='word_1_811' title='bbox 2943 5493 3251 5564; x_wconf 90' lang='lat' dir='ltr'><strong>turpissimo</strong></span> <span class='ocrx_word' id='word_1_812' title='bbox 3274 5491 3458 5549; x_wconf 81' lang='lat' dir='ltr'><strong>amore</strong></span> <span class='ocrx_word' id='word_1_813' title='bbox 3485 5492 3823 5564; x_wconf 80' lang='lat' dir='ltr'><strong>ﬂagrabant,</strong></span> 
     </span>
    </p>
   </div>
   <div class='ocr_carea' id='block_1_113' title="bbox 2235 5581 3825 5659">
    <p class='ocr_par' dir='ltr' id='par_1_113' title="bbox 2235 5581 3825 5659">
     <span class='ocr_line' id='line_1_113' title="bbox 2235 5581 3825 5659; baseline -0.003 -16"><span class='ocrx_word' id='word_1_814' title='bbox 2235 5594 2291 5643; x_wconf 92' lang='lat' dir='ltr'><strong>et</strong></span> <span class='ocrx_word' id='word_1_815' title='bbox 2313 5586 2415 5644; x_wconf 90' lang='lat' dir='ltr'><strong>sub</strong></span> <span class='ocrx_word' id='word_1_816' title='bbox 2444 5586 2817 5659; x_wconf 85' lang='lat' dir='ltr'><strong>increpatione</strong></span> <span class='ocrx_word' id='word_1_817' title='bbox 2861 5583 3312 5656; x_wconf 87' lang='lat' dir='ltr'><strong>pronuntiandum</strong></span> <span class='ocrx_word' id='word_1_818' title='bbox 3353 5594 3471 5651; x_wconf 86' lang='lat' dir='ltr'><strong>est;</strong></span> <span class='ocrx_word' id='word_1_819' title='bbox 3500 5596 3566 5639; x_wconf 89' lang='lat' dir='ltr'><strong>ac</strong></span> <span class='ocrx_word' id='word_1_820' title='bbox 3594 5583 3642 5640; x_wconf 90' lang='lat' dir='ltr'><strong>si</strong></span> <span class='ocrx_word' id='word_1_821' title='bbox 3671 5581 3825 5639; x_wconf 89' lang='lat' dir='ltr'><strong>dice-</strong></span> 
     </span>
    </p>
   </div>
   <div class='ocr_carea' id='block_1_114' title="bbox 2241 5716 3822 5851">
    <p class='ocr_par' dir='ltr' id='par_1_114' title="bbox 2241 5716 3822 5851">
     <span class='ocr_line' id='line_1_114' title="bbox 2241 5716 3822 5851; baseline -0.003 -74"><span class='ocrx_word' id='word_1_822' title='bbox 2241 5793 2281 5851; x_wconf 44' lang='lat' dir='ltr'>r</span> <span class='ocrx_word' id='word_1_823' title='bbox 2313 5721 2343 5761; x_wconf 69' lang='grc' dir='ltr'>δ</span> <span class='ocrx_word' id='word_1_824' title='bbox 2376 5721 2543 5792; x_wconf 83' lang='lat' dir='ltr'><strong>Edit.,</strong></span> <span class='ocrx_word' id='word_1_825' title='bbox 2571 5719 2697 5779; x_wconf 88' lang='lat' dir='ltr'><strong>Cum</strong></span> <span class='ocrx_word' id='word_1_826' title='bbox 2736 5721 3056 5804; x_wconf 78' lang='lat' dir='ltr'><strong>invocarem,</strong></span> <span class='ocrx_word' id='word_1_827' title='bbox 3096 5719 3354 5777; x_wconf 67' lang='lat' dir='ltr'><strong>exaudivit</strong></span> <span class='ocrx_word' id='word_1_828' title='bbox 3380 5734 3460 5781; x_wconf 75' lang='lat' dir='ltr'><strong>me</strong></span> <span class='ocrx_word' id='word_1_829' title='bbox 3488 5716 3625 5775; x_wconf 86' lang='lat' dir='ltr'><strong>Deus</strong></span> <span class='ocrx_word' id='word_1_830' title='bbox 3663 5716 3822 5789; x_wconf 81' lang='lat' dir='ltr'><strong>iusti-</strong></span> 
     </span>
     <span class='ocr_line' id='line_1_115' title="bbox 2263 5807 2506 5851; baseline 0.008 -2"><span class='ocrx_word' id='word_1_831' title='bbox 2263 5807 2327 5851; x_wconf 81' lang='lat' dir='ltr'><strong>ne</strong></span> <span class='ocrx_word' id='word_1_832' title='bbox 2363 5809 2506 5851; x_wconf 77' lang='lat' dir='ltr'><strong>mete.</strong></span> 
     </span>
    </p>
   </div>
   <div class='ocr_carea' id='block_1_115' title="bbox 2263 5807 2506 5851">
    <p class='ocr_par' dir='ltr' id='par_1_115' title="bbox 2263 5807 2506 5851">
     <span class='ocr_line' id='line_1_116' title="bbox 2263 5807 2506 5851; baseline 0.008 -2"><span class='ocrx_word' id='word_1_833' title='bbox 2263 5807 2327 5851; x_wconf 71' lang='grc' dir='ltr'><strong>ιω</strong></span> <span class='ocrx_word' id='word_1_834' title='bbox 2363 5809 2506 5851; x_wconf 72' lang='lat' dir='ltr'><strong>metr.</strong></span> 
     </span>
    </p>
   </div>
  </div>
