4064 6360
255 385 314 440 49
1196 361 1552 420 EXPOSITIO
1596 359 1658 413 IN
1700 353 2156 413 PSALTERIUM.
2203 350 2394 408 PSAL.
2440 349 2523 404 IV.

3416 342 3486 396 50

253 505 355 550 τοις
385 493 548 558 Quare
577 491 847 543 vanitatem
887 487 1100 556 diligitis
1153 499 1254 553 qua
1304 481 1526 550 peritis?
1559 478 1786 547 Diligcre
1818 476 1858 530 Α
1893 481 1977 524 tur
1999 485 2028 521 a
2059 468 2324 522 cubando.
2360 464 2641 520 Ferocium
2664 476 2793 532 ergo
2822 460 3173 530 cogitationes
3217 467 3337 529 apte
3361 459 3488 514 dicit

252 597 376 652 enim
403 593 653 647 debemus
685 589 952 658 proﬁcua,
982 601 1085 640 non
1131 584 1316 646 noxia;
1350 583 1468 650 quia
1502 581 1677 650 potius
1704 595 1799 633 es—

249 708 441 751 srcrare
465 690 743 757 convenit,
774 703 869 758 per
893 701 1012 757 quze
1041 700 1137 739 nos
1166 697 1323 753 poma
1355 691 1624 751 perpetua:
1650 679 1802 733 damv

253 792 458 849 nationis
508 791 711 860 afﬁigit.
750 790 993 855 Quaeritis
1038 785 1386 850 mendacium,
1429 781 1570 852 quod
1617 781 1802 850 utique

249 902 342 940 non
385 891 654 952 appetere,
698 879 792 934 sed
842 879 1084 948 refugere
1115 874 1402 931 deberetis.
1434 872 1579 927 Istud
1621 882 1800 926 autem

249 975 550 1030 mendacium
578 971 714 1027 idola
747 969 1039 1039 signiﬁcat,
1083 981 1205 1035 qua:
1234 965 1344 1020 tale
1374 978 1568 1018 nomen
1610 961 1803 1017 merito

249 1073 615 1134 susceperunt,
642 1062 767 1133 quia
793 1069 978 1117 contra
1005 1059 1321 1130 dignitatem
1358 1056 1594 1114 veritatis
1622 1067 1803 1112 erecta

247 1170 375 1216 sunt.

313 1260 456 1314 Vers.
488 1259 544 1313 5.
592 1256 782 1312 Scitote
822 1255 1062 1324 quoniam
1108 1251 1456 1324 magniﬁcavit
1487 1259 1513 1288 ι
1551 1248 1805 1303 Dominus

245 1371 458 1419 sanctum
487 1371 671 1420 suum;
700 1355 950 1410 Dominus
991 1351 1225 1407 exaudiet
1253 1366 1331 1405 me
1365 1365 1480 1403 cum
1521 1349 1731 1400 clamuv.
1748 1363 1807 1400 ro

248 1465 308 1515 ad
333 1477 462 1516 eum.
510 1460 792 1514 Permanet
833 1457 886 1511 in
933 1457 1295 1525 increpatione
1339 1452 1596 1517 salutari,
1638 1458 1696 1504 ut
1740 1449 1808 1503 ad

249 1569 378 1609 verte
415 1551 689 1620 religionis
731 1548 1012 1612 affectum,
1043 1546 1204 1602 corda
1231 1545 1557 1600 dementium
1590 1543 1808 1610 explo-a

248 1645 493 1714 pravitate
522 1648 838 1696 convertat:
871 1638 1224 1710 pronuntians
1255 1636 1358 1690 illis
1385 1634 1627 1689 veritatis
1659 1646 1810 1686 arca-

249 1749 391 1799 num,
418 1742 474 1787 ut
509 1729 928 1786 incarnationem
958 1736 1196 1783 sanctam
1231 1724 1610 1781 venerabiliter
1636 1721 1807 1777 susci-

1905 559 2128 624 cubilia,
2159 557 2403 627 quamvis
2430 557 2534 610 hoc
2580 554 2846 610 interdum
2886 564 2943 609 et
2984 552 3038 607 in
3082 554 3224 608 bono
3265 551 3488 607 abusive

1905 652 2111 721 legatur
2140 659 2507 717 assumptum;
2538 656 2595 702 ut
2635 656 2718 702 cst
2767 646 2895 701 illud
2941 645 3008 703 de
3047 645 3280 701 sanctis;
3314 643 3487 698 La'ta-

1903 743 2091 796 buntur
2125 742 2177 794 in
2209 740 2314 812 23
2364 738 2608 792 cubilibus
2644 740 2750 792 suis
2797 734 2976 809 (Psal.
3002 752 3160 792 cxux
3181 777 3196 804 ,
3227 734 3302 804 5).
3330 734 3487 800 Com-

1905 832 2222 906 pungimini,
2253 831 2549 900 signiﬁcat,
2586 829 2952 897 paenitentiam
2980 828 3157 899 agite;
3187 842 3310 882 nam
3333 841 3490 882 com-

1905 923 2192 997 punctione
2232 921 2459 992 quadam
2500 920 2800 974 animarum
2845 922 2903 973 ﬁt
2947 928 3124 988 optata
3156 918 3479 974 conversio:

1905 1031 1971 1071 ac
2008 1016 2053 1071 si
2096 1013 2335 1078 diceret,
2365 1012 2599 1067 deserite
2640 1025 2828 1080 pravas
2871 1011 3222 1080 cogitationes
3252 1017 3485 1072 vestras,

1907 1115 2189 1175 antequam
2230 1103 2434 1159 scelera
2463 1105 2800 1172 perpetrctis.
2830 1099 3082 1170 Sequitur
3115 1115 3330 1171 quoque
3376 1098 3489 1154 dia-

1912 1195 2186 1266 psalmatis
2231 1193 2501 1249 silentium
2533 1208 2548 1248 :
2582 1190 2668 1246 ubi
2697 1189 2890 1246 merito
2928 1189 3246 1244 divisionem
3297 1189 3486 1260 posui-

1910 1300 2050 1353 mus,
2083 1288 2334 1356 quoniam
2374 1299 2463 1339 res
2502 1283 2668 1338 altera
2699 1280 3039 1353 cognoscitur
3085 1279 3347 1334 imlmari.
3390 1281 3493 1336 De«

1911 1379 2084 1449 pos-ito
2111 1377 2252 1431 enim
2301 1375 2469 1431 veteri
2510 1375 2746 1438 homine,
2780 1388 2878 1428 nos
2917 1373 3015 1441 ipsi
3047 1386 3145 1427 nos
3189 1372 3246 1427 in
3295 1387 3490 1428 novum

1911 1467 2228 1525 sacriﬁcium
2256 1466 2558 1520 salutariter
2583 1465 2833 1534 jubcmur
2861 1463 3076 1519 oﬁ‘erre.

1984 1557 2140 1613 Vers.
2171 1557 2226 1612 ὅ.
2270 1556 2571 1624 Sacri/icate
2599 1556 2911 1624 sacriﬁcium
2937 1556 3175 1627 justitiaz,
3220 1562 3267 1610 et
3297 1565 3498 1625 sperate.-

1914 1652 1967 1706 in
2019 1651 2256 1704 Domino.
2287 1651 2549 1728 Quoniam
2595 1648 2837 1718 superius
2866 1648 3281 1703 clementissima
3327 1659 3498 1704 mater

1917 1741 2193 1797 admonuit
2221 1741 2288 1796 ab
2318 1741 2550 1811 antiquis
2576 1740 3042 1810 superst'tio'nibus
3070 1739 3451 1795 discedendum
3475 1779 3494 1808 ,

246 1838 363 1894 Ρθτθ
401 1838 505 1877 “0"
554 1828 822 1876 τεθυδθηίο
856 1820 1108 1874 smmum
1149 1833 1324 1907 “mm!
1356 1815 1483 1870 die“
1521 1813 1805 1907 [hminum
1839 1847 1886 1907 Β
1912 1841 1967 1895 in
2002 1839 2235 1894 secunda
2281 1838 2546 1907 positione
2573 1837 2768 1906 docet,
2801 1848 2860 1892 ut
2903 1837 3074 1893 renati
3119 1837 3360 1891 homines
3390 1849 3495 1888 non

247 1916 538 1978 Chrismm;
571 1914 706 1968 sicut
726 1921 778 1966 et
805 1909 932 1964 alibi
959 1910 1026 1964 de
1051 1909 1227 1978 seipsa
1251 1906 1457 1963 Veritas
1487 1905 1806 1975 profitetur:

245 2007 445 2060 Custodi
487 2005 714 2058 animam
755 2019 949 2068 meam,
989 2002 1229 2069 quoniam
1265 2008 1470 2053 sanctus
1500 2014 1611 2051 sum
1637 1995 1809 2067 (Psal.

249 2095 544 2166 ιιιιν,2).
590 2093 834 2162 Adiecit:
867 2092 1114 2146 Dominus
1156 2092 1391 2144 exaudiet
1430 2105 1510 2143 me
1552 2105 1667 2142 cum
1707 2088 1816 2141 cla-

248 2204 443 2241 uincero
471 2186 542 2239 ad
572 2200 709 2237 eum.
739 2183 928 2238 hlerito
956 2196 1015 2236 se
1052 2181 1288 2236 exaudiri
1317 2178 1653 2246 conﬁdebat,
1684 2191 1816 2247 quo-

249 2279 381 2330 niam
440 2275 731 2329 Dominum
786 2280 1027 2327 sanctum
1092 2269 1538 2340 magniﬁcandum
1605 2268 1816 2339 populis

247 2367 588 2440 praedicabat.
619 2366 745 2420 Cum
783 2365 1088 2429 clamrero,
1116 2363 1272 2427 dicit,
1303 2361 1354 2417 id
1385 2371 1467 2418 est
1509 2377 1628 2418 eum
1662 2359 1820 2415 bonis

248 2462 498 2531 operibus
539 2459 802 2516 divinitati
847 2458 1236 2528 supplicavero.
1268 2459 1387 2526 Ipse
1423 2459 1568 2515 enim
1618 2459 1821 2513 clamor

249 2560 328 2607 est
356 2551 446 2622 qui
497 2551 690 2608 tacitus
730 2550 794 2604 ad
840 2551 1002 2605 Deum
1044 2550 1318 2620 pervenit,
1345 2559 1400 2604 et
1427 2549 1666 2606 exaudiri
1697 2549 1823 2606 facit

249 2657 336 2700 eos
359 2644 453 2713 qui
481 2643 636 2698 bonis
664 2641 911 2711 operibus
936 2650 1244 2698 constanter
1269 2641 1545 2698 insistunt.

312 2748 475 2803 Vers.
507 2748 566 2802 4.
599 2744 920 2811 Irascimini,
950 2754 998 2799 et
1036 2744 1192 2798 nolite
1226 2759 1462 2814 peccare;
1503 2759 1620 2814 qua:
1656 2744 1824 2798 dicitis

248 2839 296 2891 in
336 2838 585 2893 cordibus
625 2838 820 2914 vestris,
860 2845 908 2890 et
949 2837 1002 2890 in
1031 2836 1281 2890 cubilibus
1318 2837 1494 2890 vestris
1522 2837 1824 2908 compungi-

249 2930 386 2984 mini.
418 2929 539 2982 lloc
565 2927 704 2983 bene
735 2925 960 2981 trahitur
985 2927 1052 2980 ad
1085 2926 1319 2992 Iudaeos,
1354 2935 1413 2980 ut
1439 2926 1486 2981 si
1523 2941 1618 2980 eos
1663 2925 1825 2980 irasci

249 3019 535 3089 contigerit
553 3058 568 3082 ,
597 3018 785 3074 saltem
813 3033 873 3072 se
896 3018 962 3073 ab
989 3018 1190 3072 illicitis
1218 3017 1438 3074 ausibus
1463 3017 1822 3084 abstinerent;

249 3110 383 3176 quod
416 3119 604 3165 tamen
636 3119 691 3165 et
735 3109 1055 3180 generaliter
1100 3117 1466 3177 competenter
1509 3108 1820 3178 accipimus.

1913 1929 2150 1984 victimis
2200 1943 2452 1998 pecorum
2484 1928 2754 1994 studeant,
2785 1928 2879 1982 sed
2907 1929 3111 1998 scipsos
3158 1928 3267 1981 Deo
3296 1926 3494 1981 sacritiv

1913 2020 2053 2075 cium
2087 2030 2350 2076 conentur
2381 2018 2573 2076 offerre
2597 2034 2612 2074 :
2636 2018 2756 2087 quia
2789 2033 2892 2072 non
2923 2028 3001 2075 est
3033 2017 3136 2073 tale
3164 2015 3390 2072 Domino
3413 2016 3500 2084 ju-

1916 2120 2215 2168 mentorum
2260 2111 2526 2165 victimam
2553 2111 2702 2176 dare,
2735 2109 2892 2179 quale
2940 2110 3216 2166 hominum
3247 2110 3498 2163 devotum

1914 2211 2103 2273 peetus
2133 2200 2346 2256 offerre.
2380 2200 2508 2255 Nam
2543 2199 2596 2256 si
2627 2204 2740 2268 ipse
2771 2214 2866 2268 pro
2895 2198 3049 2253 nobis
3080 2199 3385 2252 immolatus
3416 2211 3500 2252 es.

1916 2294 2192 2360 Christus,
2223 2300 2422 2364 quanto
2451 2293 2620 2362 magis
2661 2292 2910 2347 convenit
2939 2290 3258 2346 sacriﬁcium
3289 2290 3337 2344 ei
3369 2304 3494 2343 not-

1920 2387 2176 2454 metipsiis
2223 2384 2456 2452 offerre,
2499 2391 2558 2438 ut
2587 2384 2856 2453 possimus
2899 2382 3058 2450 Regis
3105 2381 3272 2436 nostri
3322 2380 3499 2438 imitat-

1922 2477 2068 2531 tione
2097 2473 2362 2544 gaudere!
2401 2474 2542 2530 Dixit
2571 2473 2714 2528 enim
2749 2489 2766 2527 :
2800 2473 3131 2540 Sacriﬁcate;
3163 2480 3218 2527 et
3254 2486 3320 2526 ne
3349 2472 3506 2530 intel-

1922 2567 2114 2638 ligercs
2145 2565 2395 2637 pecudes,
2445 2565 2718 2636 subjuuxit
2748 2582 2761 2618 :
2796 2564 3126 2633 Sacriﬁcium
3165 2563 3406 2634 justitiw,
3452 2561 3503 2614 id

1922 2668 2029 2726 est,
2077 2669 2222 2714 recte
2253 2659 2434 2726 vivite,
2486 2668 2540 2714 et
2585 2657 2744 2712 corda
2775 2665 2952 2713 vestra
2997 2654 3263 2710 divinitati
3309 2654 3507 2709 munda

1926 2766 2139 2820 semper
2170 2750 2381 2806 offerte.
2427 2750 2646 2805 Addidit
2689 2765 2900 2820 quoque
2931 2765 2944 2802 :
2980 2748 3047 2802 Et
3077 2759 3276 2815 sperate
3312 2749 3366 2801 in
3397 2747 3507 2799 Do-

1926 2843 2086 2908 mino,
2110 2851 2167 2896 ut
2197 2842 2357 2895 vitam
2387 2840 2582 2894 bonam
2605 2854 2728 2910 spes
2759 2839 2966 2894 felicior
2995 2839 3368 2908 subsequatur.
3393 2839 3511 2894 Non

1928 2934 2070 2990 enim
2118 2933 2205 2988 hic
2254 2933 2411 3002 plene
2439 2932 2681 3002 recipere
2729 2944 3052 3002 possumus,
3099 2930 3309 2985 etiamsi
3338 2929 3509 2986 bonos

1927 3037 2079 3082 actus
2125 3023 2325 3080 divinis
2370 3024 2748 3093 conspectibus
2795 3023 3117 3088 offeramus;
3165 3023 3261 3077 sed
3309 3039 3516 3094 sperare

1929 3117 2186 3172 docemur
2215 3117 2268 3171 in
2314 3115 2552 3182 Domino,
2586 3125 2643 3170 ut
2673 3116 2724 3169 in
2757 3115 2934 3170 futuro
2966 3116 3228 3185 promissa
3260 3117 3514 3172 salutaria.

253 3197 483 3254 Vcnialis
512 3208 598 3255 est
624 3199 768 3253 enim
809 3199 884 3252 ira
924 3213 1044 3267 quae
1073 3198 1138 3252 ad
1169 3197 1416 3252 eﬂ'ectum
1448 3197 1825 3266 indignati-unis
1856 3205 1900 3267 ί]
1931 3225 2340 3281 consequamur,
2373 3208 2478 3264 sed
2525 3222 2570 3275 ε,
2591 3222 2650 3264 es
2677 3209 2795 3264 ,ίδιη
2844 3223 2950 3262 non
2981 3207 3178 3276 decipi;
3201 3249 3216 3274 ν
3266 3210 3518 3266 volumas

249 3305 355 3344 sua-
385 3306 492 3345 non
525 3291 796 3361 pervenit;
829 3291 965 3346 sicut
986 3289 1245 3358 scriptum
1272 3298 1394 3345 cst:
1427 3289 1613 3343 Melior
1641 3299 1714 3343 est
1740 3291 1826 3358 qui

249 3382 400 3434 vincit
428 3384 591 3448 iram,
620 3398 770 3449 quam
793 3383 880 3452 qui
908 3383 1042 3449 capit
1073 3382 1324 3436 ciuitatem
1351 3380 1530 3452 (Prov.
1556 3397 1643 3436 avt
1662 3423 1678 3448 ,
1710 3382 1824 3451 5‘2).

252 3472 316 3527 Et
344 3475 465 3530 ideo
501 3486 829 3545 praeceptum
855 3476 1148 3530 curationis
1186 3474 1496 3540 adhibetur,
1529 3484 1618 3542 ut,
1648 3474 1691 3528 si
1718 3474 1827 3542 jam

250 3565 556 3632 irascimur,
590 3581 697 3621 non
725 3566 1024 3622 inconsulta
1057 3566 1354 3622 temeritate
1384 3579 1684 3635 peccemus.
1717 3565 1830 3619 Mo-

253 3665 361 3709 tum
412 3657 683 3726 siquidem
733 3656 893 3710 animi
951 3656 1214 3712 fervidum
1268 3667 1486 3727 propter
1545 3657 1828 3712 humanam

251 3745 600 3814 fragilitatem
633 3747 686 3802 in
718 3757 979 3817 potestate
1010 3749 1207 3804 habere
1233 3765 1337 3803 non
1370 3763 1653 3819 possumus
1679 3769 1692 3802 :
1720 3749 1832 3802 suf-

251 3835 495 3905 fragante
546 3847 726 3893 tamen
786 3837 877 3892 Dei
930 3841 1140 3909 gratia,
1190 3839 1395 3894 ratione
1452 3838 1828 3908 disciplinabili

251 3927 614 3982 continemus.
650 3927 715 3982 Et
744 3926 863 3981 ideo
897 3928 1085 3982 beatus
1117 3927 1414 3997 PrOpheta,
1441 3929 1586 3997 quod.
1611 3937 1694 3984 est
1716 3928 1834 3996 qui-

251 4015 369 4070 dem
397 4018 808 4075 consuetudinis
853 4018 1124 4087 permisit,
1156 4019 1294 4089 quod
1324 4033 1452 4073 vero
1496 4018 1668 4085 culpa:
1712 4033 1836 4088 pro-

256 4106 449 4164 hibuit.
497 4111 632 4165 Nam
678 4111 725 4165 si
772 4110 1082 4176 irascamur,
1131 4125 1228 4166 nec
1273 4111 1483 4165 Domini
1527 4111 1838 4166 considera.

253 4198 394 4254 tione
439 4201 813 4267 refrenemur,
861 4201 954 4256 sed
1001 4214 1030 4254 a
1081 4208 1204 4255 voto
1252 4209 1438 4255 nostro
1485 4201 1837 4270 impcdiamu-r

251 4287 428 4358 aliquo
457 4290 800 4346 necessitatis
825 4290 1038 4360 objecta
1064 4331 1080 4356 ,
1114 4298 1238 4345 tunc
1269 4290 1449 4360 utique
1486 4300 1696 4347 constat
1738 4306 1836 4348 nos

255 4381 376 4436 facti
424 4384 637 4439 crimen
685 4391 930 4452 portare.
981 4382 1189 4438 etiamsi
1241 4399 1344 4438 non
1403 4384 1669 4453 possimus
1716 4400 1838 4454 quae

253 4472 570 4528 volebamus
590 4473 828 4528 efﬁcere.
860 4473 1006 4540 Sive,
1039 4482 1096 4527 ut
1125 4472 1442 4543 quibusdam
1474 4475 1676 4544 placet,
1713 4491 1841 4545 pra:-

1932 3302 2052 3357 talis
2081 3317 2187 3356 non
2218 3301 2460 3371 pervenit
2489 3298 2555 3354 ad
2593 3309 2819 3366 reatum,
2866 3301 3002 3354 sicut
3029 3299 3158 3353 dicit
3184 3298 3473 3368 Apostolus
3500 3322 3513 3357 :

1931 3392 2064 3460 Spes
2091 3402 2266 3446 autem
2304 3407 2404 3444 non
2434 3389 2697 3459 confundit
2729 3405 2748 3442 :
2777 3391 2896 3459 quia
2935 3390 3160 3443 charitas
3197 3389 3290 3443 Dei
3322 3390 3517 3457 di/[usa

1935 3497 2008 3540 est
2039 3487 2090 3539 in
2121 3485 2360 3539 cordibus
2381 3483 2566 3538 nostris
2592 3500 2682 3554 per
2704 3481 2960 3552 Spiritum
2984 3482 3344 3554 saitctunt,qui
3365 3483 3517 3540 datus

1932 3585 2006 3632 est
2036 3576 2180 3629 nobis
2211 3574 2383 3645 (Rom.
2417 3590 2470 3640 v,
2502 3573 2584 3643 5).
3463 3582 3466 3586 ’

2003 3667 2158 3721 Vers.
2193 3665 2245 3718 6.
2295 3664 2450 3720 Multi
2480 3665 2694 3732 dicunt,
2749 3663 2874 3730 Quis
2905 3663 3121 3718 ostendit
3150 3663 3292 3717 nobis
3339 3663 3520 3719 bona?

1935 3757 2210 3828 Signatum
2250 3765 2322 3810 est
2373 3769 2524 3823 super
2554 3770 2646 3808 nos
2693 3753 2862 3832 lumen
2909 3754 3075 3807 uultus
3106 3755 3222 3818 tui,
3275 3752 3512 3807 Domine.

1936 3847 2246 3905 Certamine
2283 3848 2515 3919 quodam
2566 3846 2706 3902 facto
2752 3847 3020 3916 partium,
3071 3845 3233 3899 corda
3281 3845 3514 3898 ﬁdelium

1935 3941 2246 3995 salutariter
2292 3946 2693 3995 construuntur.
2739 3936 2929 3989 Dicunt
2970 3937 3110 3991 enim
3155 3935 3300 3987 multi
3348 3932 3523 3988 adhuc

1937 4028 2224 4083 carnaliter
2257 4028 2548 4095 sapientes,
2597 4026 2740 4094 quod
2783 4039 2883 4079 nec
2915 4025 3064 4090 pauci
3094 4023 3272 4077 dicere
3301 4023 3520 4076 debuis-

1937 4129 2058 4174 sent
2083 4136 2096 4172 :
2126 4119 2253 4184 Quis
2288 4117 2507 4170 ostendit
2536 4116 2679 4168 nobis
2701 4115 2870 4167 bona?
2897 4113 2988 4166 llla
3016 4113 3217 4166 scilicet
3243 4125 3362 4181 quae
3387 4126 3523 4178 pra:-

1938 4211 2084 4266 dicat
2125 4224 2340 4278 semper
2369 4205 2610 4263 Ecclesia
2638 4246 2655 4273 ,
2703 4205 3150 4260 resurrectionem
3179 4218 3302 4258 esse
3335 4211 3525 4256 ventu-

1940 4315 2075 4367 ram,
2092 4300 2144 4353 in
2173 4313 2274 4368 qua
2293 4296 2418 4367 justi
2436 4309 2624 4351 omnes
2650 4302 2851 4350 aeterna
2871 4291 3084 4364 praemia
3102 4301 3519 4363 consequentur.

1945 4390 2056 4446 lloc
2097 4389 2410 4458 imputative
2450 4384 2732 4455 legendum
2771 4392 2876 4451 est,
2921 4383 3072 4453 quasi
3128 4382 3308 4436 dicant
3350 4400 3362 4436 :
3407 4397 3526 4450 pro-

1944 4481 2170 4536 mitti‘nr
2210 4479 2364 4533 nobis
2395 4476 2534 4547 quod
2576 4475 2786 4546 penitus
2816 4490 2920 4528 non
2951 4474 3224 4538 videmus;
3255 4471 3528 4527 desidera-

255 4563 423 4618 teritis
468 4565 710 4634 peccatis
747 4563 906 4618 irasci
957 4563 1233 4628 debemus,
1265 4573 1323 4618 ut
1371 4575 1687 4632 pr.rsentem
1737 4581 1824 4620 ne-

1946 4585 2064 4626 mus
2112 4584 2232 4640 qua:
2263 4569 2352 4623 hic
2399 4566 2655 4635 consequi
2699 4581 2803 4620 non
2847 4566 3108 4622 valemus.
3141 4565 3260 4619 lstis
3308 4579 3530 4631 respon-

253 4655 475 4720 qoitiam
529 4653 798 4724 possimus
845 4653 1115 4724 effugere;
1162 4653 1356 4709 delicta
1404 4655 1546 4709 enim
1600 4657 1835 4710 recentia

255 4741 530 4800 declinare
560 4760 666 4799 non
695 4758 1001 4812 possumus,
1034 4743 1137 4798 nisi
1168 4744 1370 4799 vetusta
1401 4743 1652 4798 laudabili
1680 4759 1837 4799 exse-

255 4835 495 4890 cratione
551 4835 889 4890 damnemus.
946 4834 1084 4901 Quid
1141 4843 1223 4889 est
1275 4835 1417 4890 enim
1471 4834 1614 4888 aliud
1669 4834 1841 4903 pmni-

256 4933 388 4988 tere,
421 4926 525 4980 nisi
559 4926 721 4980 irasci
750 4926 883 4990 sibi,
913 4934 970 4980 ut
1000 4926 1215 4980 horreat
1253 4925 1394 4995 quod
1427 4924 1549 4980 fecit
1570 4967 1584 4993 ,
1620 4934 1674 4979 ct
1713 4939 1836 4980 cru.-

255 5015 423 5069 tiatus
453 5032 483 5070 a
521 5031 585 5072 se
613 5017 826 5087 exigat,
859 5032 926 5072 ne
964 5017 1126 5086 judex
1172 5017 1346 5086 potius
1390 5015 1558 5071 iratus
1600 5015 1840 5084 afﬂigat?

256 5103 516 5160 Addidit:
559 5106 689 5173 Quae
725 5108 890 5160 dicitis
927 5107 979 5161 in
1020 5107 1254 5162 cordibus
1296 5108 1493 5174 vestris,
1526 5116 1572 5161 et
1605 5108 1658 5160 in
1698 5106 1840 5160 cubi-

254 5194 388 5250 libus
429 5198 617 5250 vestris
655 5199 1075 5267 compungimini,
1107 5197 1395 5253 ostendens
1443 5198 1726 5252 Dominum
1759 5212 1844 5254 se-

254 5299 433 5346 cretas
482 5290 768 5346 hominum
814 5291 1162 5360 cogitationes
1189 5305 1508 5360 agnoscere;
1542 5293 1616 5346 ait
1657 5290 1840 5346 enim:

259 5381 386 5444 ρυω
408 5381 590 5435 dicitis
614 5381 665 5434 in
690 5381 862 5448 corde,
892 5381 1074 5451 utique
1103 5381 1240 5450 quod
1272 5396 1377 5436 non
1410 5383 1604 5450 putatis
1637 5383 1843 5449 audiri;

253 5481 307 5526 ct
336 5473 464 5528 ideo
495 5471 723 5529 creditis
750 5472 1048 5538 occultum,
1081 5471 1204 5541 quia
1252 5486 1359 5526 non
1389 5481 1471 5525 est
1512 5474 1664 5527 verbi
1709 5473 1840 5528 atla-

257 5563 402 5617 tioue
446 5562 747 5630 vulgatum.
779 5563 1063 5631 Sequitur:
1095 5560 1162 5616 In
1197 5561 1447 5615 cubilibus
1486 5563 1665 5616 vestris
1703 5579 1846 5615 com-

256 5654 581 5726 pungimini.
616 5652 864 5710 Ferarum
893 5652 1220 5708 domicilium
1249 5653 1463 5724 preprie
1506 5651 1680 5707 cubile
1711 5653 1845 5709 dici-

1943 4660 2118 4716 dendo
2148 4659 2412 4714 indicatur
2439 4656 2775 4722 beneﬁcium,
2809 4656 2947 4728 quod
2979 4656 3140 4710 etiam
3188 4655 3244 4708 in
3271 4653 3527 4722 ptccsettti

1943 4751 2140 4805 smculo
2189 4747 2547 4818 possidemus.
2594 4748 2868 4816 Signatum
2909 4755 2981 4798 cst
3024 4760 3176 4813 super
3221 4759 3313 4797 nos
3356 4743 3526 4796 lumen

1943 4840 2113 4894 uultus
2141 4839 2238 4905 tui,
2290 4837 2529 4891 Domine.
2558 4835 2692 4903 Quia
2731 4837 2868 4890 sicut
2898 4847 3146 4888 nummus
3191 4833 3530 4903 imperatoris

1948 4938 2124 4999 portat
2144 4929 2453 4997 imaginem,
2483 4927 2555 4982 ita
2584 4936 2638 4983 et
2665 4925 2907 4981 ﬁdelibus
2938 4925 3085 4992 signa
3113 4924 3343 4980 cmlestis
3377 4923 3530 4978 Prin.

1949 5021 2083 5090 cipis
2133 5020 2511 5089 imprimuntur
2545 5037 2557 5072 :
2594 5021 2695 5074 hoc
2739 5017 3029 5087 munimine
3058 5019 3298 5073 diabolus
3347 5020 3529 5072 multi-

1950 5113 2134 5168 formis
2181 5113 2485 5182 expellitur,
2517 5121 2571 5168 et
2619 5111 2951 5165 fraudulenta
2999 5112 3391 5166 machinatione
3423 5127 3528 5164 non

1952 5207 2208 5276 praevalet
2236 5220 2495 5275 superare
2537 5213 2817 5269 tentatum,
2847 5219 3004 5274 quem
3038 5202 3217 5261 habuit
3249 5202 3402 5271 primi
3437 5203 3531 5257 lto-

1953 5297 2113 5351 minis
2157 5298 2406 5351 suasione
2437 5294 2724 5363 captivum.
2763 5294 2903 5349 Crux
2948 5303 3033 5349 est.
3073 5295 3213 5347 enim
3249 5293 3530 5346 humilium

1956 5385 2149 5439 invicta
2184 5384 2356 5450 tuitio,
2391 5383 2741 5453 superborum
2779 5383 3025 5452 dejectio,
3058 5383 3278 5437 victoria
3309 5382 3528 5445 Chrisn,

1955 5477 2187 5546 perditio
2230 5475 2454 5541 diaboli,
2503 5475 2827 5531 infernorum
2873 5475 3181 5539 destructio,
3229 5475 3530 5528 cmlcstium

1955 5569 2308 5635 confirmatio,
2350 5583 2494 5623 mors
2525 5568 2841 5631 infidelium,
2870 5569 2975 5620 vita
3001 5569 3284 5636 justorum.
3321 5567 3394 5620 De
3426 5581 3529 5635 quo

1956 5659 2074 5715 loco
2101 5659 2335 5715 Joannes
2379 5656 2981 5726 Constantinopolitano:
3025 5653 3256 5710 civitatis
3287 5657 3526 5715 antistes,

310 5771 358 5864 δι’
390 5772 532 5830 Mss.
571 5768 734 5842 Aud.,
777 5771 920 5840 Bec.,
959 5767 1102 5825 Fisc.
1133 5777 1186 5826 et
1227 5767 1384 5838 edit.,
1429 5768 1668 5838 quoniam
1708 5768 2016 5841 miri/irarit.
