4064 6360
582 350 643 402 5|

1812 350 1881 405 Μ.
1922 349 2202 406 Λυιιιειιι
2242 347 2638 406 CASSIUDORI

3765 354 3836 410 5‘2

584 463 737 535 quasi
782 462 1096 521 multifarias
1123 463 1488 521 deﬁnitionum
1535 463 1720 520 stellas
1765 464 1817 518 in
1860 466 2037 521 crucis
2068 465 2162 521 de-
2193 471 2237 526 Α
2266 475 2445 522 mente
2488 480 2594 523 non
2625 464 2794 536 litigat
2825 481 2839 517 :
2870 463 2967 520 sed
3014 465 3067 519 in
3099 464 3306 519 Domini
3352 464 3626 521 beneﬁciis
3656 481 3836 535 perse-

576 546 906 613 ’clsmatlone
932 556 1183 627 lampavit
1211 554 1345 629 [sic],
1371 556 1553 612 dicens
1586 574 1598 611 :
1629 555 1768 611 Crux
1796 564 1878 612 est
1903 556 2157 612 Christia-

584 661 777 704 norum
807 661 951 720 spes.
996 647 1137 704 Crux
1171 647 1529 703 Romanorum
1560 649 1804 717 victoria,
1849 664 1977 705 crux
2008 666 2154 707 mor-

584 747 798 794 tuorum
841 740 1184 806 resurrectio,
1229 752 1359 793 crux
1404 754 1665 794 cmcorum
1696 739 1824 805 dux,
1863 756 1996 797 crux
2029 755 2157 796 con-

583 843 859 885 versurum
888 830 992 897 via,
1021 844 1150 885 crux
1193 829 1501 885 claudornm
1530 830 1773 898 baculus,
1803 846 1932 886 crux
1963 847 2159 903 paupe-

582 935 702 975 rum
728 921 1041 988 consolatio,
1073 930 1205 987 etc.,
1235 936 1353 990 qua:
1383 923 1449 977 ab
1475 937 1540 979 eo
1568 923 1619 978 in
1661 923 1802 978 hunc
1832 923 2046 979 modum
2076 923 2158 980 di-

584 1011 706 1065 vina
753 1011 1076 1081 aspiratione
1121 1012 1333 1082 profusa
1379 1023 1523 1068 sunt.
1557 1013 1695 1070 Ecce
1726 1029 1847 1070 vera
1895 1030 2153 1083 munera,

503 1114 543 1187 "
584 1118 711 1161 ecce
756 1106 894 1161 dona
944 1109 1248 1177 praesentia,
1297 1110 1489 1178 quibus
1538 1109 1915 1165 maledicorum
1965 1110 2158 1180 lingum

582 1196 848 1251 damnatis
890 1195 1133 1254 faucibus
1172 1198 1538 1254 obstruuntur.
1583 1200 1708 1255 llaec
1752 1199 1919 1272 ﬁgura
1964 1201 2159 1257 dicitur

583 1290 773 1345 Grece
800 1290 1003 1358 pensis,
1036 1290 1221 1345 Latine
1249 1299 1424 1347 autem
1455 1293 1840 1361 percunctatio,
1869 1292 1957 1348 ubi
2000 1302 2053 1349 et
2079 1294 2159 1348 in-

581 1380 876 1451 terrogatio
904 1380 984 1448 ﬁt,
1014 1389 1069 1435 et
1110 1381 1386 1450 responsio
1426 1389 1604 1450 parata
1651 1382 2013 1452 subsequitur.
2045 1381 2158 1437 Ad-

578 1470 711 1540 iecit
741 1488 755 1528 :
789 1470 982 1525 Lumen
1009 1472 1174 1525 cultus
1200 1475 1296 1538 tui,
1326 1471 1563 1529 Domine.
1596 1471 1651 1528 ln
1679 1474 1854 1529 crucis
1882 1475 2024 1530 enim
2061 1474 2161 1529 im-

584 1561 887 1630 pressione,
930 1563 1099 1615 lumen
1128 1570 1208 1616 est
1236 1562 1402 1615 uultus
1432 1563 1526 1618 Dei
1560 1580 1572 1616 :
1606 1564 1725 1633 quia
1757 1578 1969 1634 semper
1998 1565 2049 1620 in
2079 1565 2159 1621 eis

583 1656 825 1711 noscitur
854 1655 1080 1721 radiare,
1110 1654 1199 1726 qui
1230 1669 1290 1711 se
1320 1671 1427 1710 non
1457 1656 1629 1727 aliqua
1658 1657 1862 1728 eligunt
1902 1657 2161 1728 pravitate

586 1748 867 1816 polluere,
915 1749 1052 1803 sicut
1095 1749 1224 1805 dicit
1271 1749 1604 1817 Apostolus:
1640 1749 1814 1804 Nolite
1861 1750 2162 1805 contristare

2268 568 2461 610 verans
2487 569 2695 610 amoena
2725 555 3105 623 tranquillitate
3132 554 3439 625 perfruitur.
3472 555 3547 611 De
3574 556 3686 625 ipsa
3707 556 3838 613 dicit

2261 646 2521 702 Dominus
2548 647 2600 703 in
2626 647 2913 717 Evangelia
2942 664 2956 700 :
2990 645 3176 700 Pacem
3203 663 3365 700 meam
3390 647 3455 701 do
3481 646 3643 713 vobis,
3666 663 3838 717 pacem

2258 753 2420 791 meam
2448 738 2678 805 relinquo
2718 739 2855 792 vobis
2904 735 3080 804 (Joan.
3113 753 3222 803 xrv,
3252 738 3370 808 27).
3420 739 3523 795 Sed
3555 754 3622 796 ne
3653 754 3837 809 pacem

2260 826 2416 881 istam
2451 829 2799 898 temporalem
2828 836 3065 898 putares,
3094 828 3295 882 addidit
3326 844 3342 881 τ
3374 827 3439 882 In
3471 828 3696 897 idipsum
3718 830 3841 883 dor-

2259 918 2415 970 miam
2439 928 2487 972 et
2512 918 2847 988 requiescam.
2877 918 2945 971 In
2969 919 3191 990 idipsutn
3234 919 3429 988 quippe
3455 919 3669 986 dicitur,
3696 922 3838 990 quod

2261 1010 2404 1064 nulla
2436 1023 2614 1065 rerum
2643 1010 3007 1066 vicissitudine
3032 1020 3425 1077 commutatur;
3456 1011 3549 1067 sed
3578 1013 3751 1082 ipsum
3784 1013 3837 1068 in

2259 1113 2323 1155 se
2366 1115 2687 1169 permanens
2730 1101 3149 1156 lncr-mmtttabili
3196 1103 3528 1171 perennitate
3571 1104 3838 1159 consistit.

2261 1190 2549 1259 Dormiam,
2598 1193 2756 1248 ﬁnem
2786 1194 2913 1249 vitze
2943 1194 3055 1249 vult
3097 1194 3352 1264 intelligi;
3384 1197 3713 1266 requiescam,
3758 1196 3841 1251 lu-

2260 1288 2432 1335 turam
2456 1281 2838 1336 beatitudinem
2862 1282 3098 1338 indicare
3118 1294 3468 1348 monstratur,
3490 1285 3704 1354 quando
3724 1285 3838 1354 jam

2259 1369 2477 1438 requies
2505 1368 2724 1426 dabitur
2765 1371 2988 1436 sanctis,
3016 1381 3069 1427 et
3098 1372 3329 1442 gloriosa
3360 1374 3626 1442 pausatio.
3652 1375 3844 1443 Sequi-

2263 1464 2349 1510 tur
2392 1471 2552 1512 causa
2581 1473 2749 1528 quare
2796 1460 3139 1530 requiescat:
3178 1461 3433 1527 Quoniam
3482 1472 3557 1528 tu,
3604 1463 3839 1528 Domine,

2259 1545 2590 1617 singulariter
2618 1549 2673 1602 in
2717 1565 2808 1617 spe
2853 1550 3159 1604 constituisti
3208 1565 3307 1604 me.
3338 1549 3632 1620 S'ngularis
3661 1552 3843 1621 itaque

2260 1654 2386 1707 spes
2412 1650 2496 1696 est
2525 1640 2777 1696 Ecclesiae
2808 1640 2914 1712 24
2942 1642 2993 1695 in
3019 1642 3270 1697 membris
3298 1642 3427 1707 suis,
3460 1643 3582 1712 quia
3611 1643 3722 1697 sola
3755 1660 3843 1698 re.

2261 1730 2423 1801 cipiat
2448 1747 2671 1804 regnum
2702 1732 2822 1797 Dei,
2852 1732 2994 1802 quod
3023 1731 3326 1802 Babylonia:
3363 1733 3585 1800 populus
3611 1747 3717 1786 non
3750 1747 3844 1801 po-

585 1838 842 1906 Spiritum
867 1851 1100 1895 sanctum
1126 1837 1243 1906 Dei,
1274 1841 1325 1894 in
1353 1858 1452 1911 quo
1495 1843 1682 1912 signati
1720 1843 1840 1897 estis
1868 1843 1919 1896 in
1963 1844 2045 1897 die
2070 1859 2155 1896 re-

2266 1830 2370 1878 test
2391 1822 2638 1893 adipisci.
2667 1823 2875 1879 Etcum
2903 1824 3071 1878 dicit:
3105 1821 3419 1878 Constituisti
3450 1823 3843 1894 me,'siguiﬁcat

585 1927 890 1999 demptionis
936 1929 1149 2001 (Ephes.
1181 1946 1271 1996 tv,
1321 1929 1430 2000 30).
1464 1931 1601 1998 Quid
1647 1931 1789 1986 enim
1833 1931 2030 1986 efﬁciat
2057 1931 2158 1986 ista

590 2036 742 2087 crux,
773 2020 826 2074 in
869 2019 976 2075 alio
1005 2021 1124 2075 loco
1150 2019 1437 2089 Apostolus
1468 2020 1686 2090 pulchra
1718 2020 1975 2075 brevitate
2012 2034 2161 2074 com-

584 2112 780 2182 plexus
821 2120 925 2176 est,
953 2111 1134 2167 dicens
1164 2128 1178 2164 :
1214 2110 1439 2166 Verbum
1463 2112 1598 2165 enim
1641 2112 1805 2166 crucis
1840 2111 2160 2182 pereuntibus

584 2204 792 2274 quidem
818 2204 1035 2258 stultitia
1078 2212 1185 2269 est;
1214 2203 1295 2257 Itis
1330 2212 1498 2258 autem
1525 2203 1614 2274 qui
1654 2204 1779 2259 salvi
1822 2203 1969 2273 ﬁunt,
2002 2204 2160 2258 uirtus

584 2295 686 2350 Dei
729 2306 801 2350 est
832 2294 884 2365 (Ι
914 2293 1030 2350 Cor.
1063 2311 1103 2362 ι,
1153 2293 1264 2365 l8).
1296 2294 1633 2364 Quapropter
1668 2307 1829 2348 voces
1873 2292 2159 2363 sacrilegas

584 2404 921 2459 rcspunmus.
954 2388 1140 2459 Magna
1169 2396 1225 2442 et
1248 2384 1606 2456 competentia
1633 2393 1758 2441 sunt
1782 2385 1918 2439 dona
1947 2383 2157 2439 Domini

584 2492 771 2536 contra
802 2480 1094 2551 principem
1127 2478 1467 2535 tenebrarum
1492 2520 1507 2545 ,
1561 2477 1737 2532 lumen
1784 2476 1938 2532 nobis
1967 2476 2159 2531 adesse

583 2570 930 2626 dominicum.

656 2660 807 2717 Vers.
837 2663 890 2715 7.
921 2661 1116 2715 Dedisti
1145 2661 1374 2716 laetitiam
1401 2661 1453 2715 in
1480 2661 1630 2715 corde
1654 2676 1763 2715 meo
1781 2677 1800 2715 :
1832 2677 1864 2714 a
1892 2657 2045 2732 [mss.
2067 2660 2157 2727 A.,

583 2751 671 2817 8.,
697 2750 781 2816 Ρη
798 2749 873 2821 in]
889 2759 1111 2818 tempore
1126 2752 1390 2821 frumenti,
1408 2751 1532 2817 cini,
1554 2761 1600 2805 et
1623 2752 1722 2805 olei
1734 2751 1815 2806 sui
1835 2750 2159 2820 multiplicati

582 2852 722 2900 sunt.
740 2844 927 2899 Adhuc
943 2843 1199 2900 beneﬁcia
1216 2853 1463 2900 numerat
1480 2859 1599 2913 qua:
1615 2843 1888 2913 possident
1902 2842 1996 2898 Clu
2011 2842 2159 2897 istia-

583 2939 663 2993 ni.
678 2937 791 2993 Non
818 2937 959 2992 enim
979 2938 1132 2992 istam
1154 2937 1389 2992 laetitiam
1411 2935 1541 2992 dicit
1561 2949 1717 3007 quam
1735 2935 1994 2991 cachinno
2011 2934 2158 2989 vocis

584 3029 974 3098 exprimimus;
1005 3028 1102 3085 sed
1146 3029 1382 3084 laetitiam
1422 3039 1582 3085 recta:
1626 3028 1767 3094 ﬁdei,
1799 3042 1956 3096 quam
2002 3027 2157 3083 bona:

586 3121 928 3177 conscientia:
954 3131 1206 3189 pmstare
1235 3121 1486 3175 Dominus
1514 3120 1809 3175 consuevit.
1839 3119 1988 3174 Tunc
2013 3120 2153 3175 enim

585 3212 850 3269 veraciter
884 3213 1148 3279 laetamur,
1176 3213 1385 3282 quando
1411 3220 1465 3267 et
1493 3220 1637 3268 recte
1660 3210 1948 3280 credimus,
1984 3219 2036 3266 et
2061 3211 2149 3266 ad-
2180 3197 2226 3259 C

584 3304 787 3374 jutorio
816 3305 1048 3371 Domini,
1092 3304 1354 3369 probabili
1385 3318 1482 3359 nos
1524 3305 1926 3360 conversatione
1965 3313 2160 3359 tracta-

591 3412 733 3454 mus.
767 3398 951 3454 Brevis
992 3412 1210 3463 sermo,
1255 3397 1351 3453 sed
1393 3397 1627 3467 perfecta
1670 3398 1989 3468 complexio.
2019 3399 2158 3467 Quid

590 3491 734 3545 enim
782 3490 1008 3560 amplius
1037 3505 1063 3542 a
1094 3487 1454 3543 dubl'antibus
1491 3487 1746 3557 quteritnr
1767 3529 1784 3556 ,
1830 3504 1987 3559 quam
2017 3488 2158 3560 quod

585 3589 641 3636 et
667 3580 821 3650 signo
849 3580 1023 3636 erucis
1050 3578 1180 3649 Regi
1219 3588 1403 3635 nostro
1429 3579 1657 3634 militare
1685 3579 2078 3648 cognoscimur,
2106 3587 2161 3634 et

587 3675 657 3728 de
699 3671 930 3738 perfecta
963 3670 1065 3727 ﬁde
1102 3671 1327 3726 Domino
1370 3676 1654 3742 prmstantc
1701 3672 2032 3741 gaudemus?
2063 3671 2160 3728 Sc-

586 3766 767 3837 quitur
796 3784 810 3819 :
841 3765 885 3819 Α
916 3772 1139 3835 tempore
1176 3764 1457 3835 frumenti,
1488 3765 1591 3819 uini
1619 3773 1666 3818 et
1708 3763 1807 3819 olei
1834 3765 1915 3818 sui
1940 3805 1954 3831 ,
1983 3763 2160 3819 multi-

588 3859 769 3931 plicati
792 3870 929 3917 sunt.
962 3858 1117 3916 Redit
1142 3859 1211 3914 ad
1254 3873 1347 3916 eos
1389 3859 1479 3929 qui
1506 3859 1664 3915 rebus
1707 3858 2010 3913 carnalibus
2039 3872 2160 3927 pro-

590 3951 786 4006 bantur
810 3950 1020 4007 intenti.
1062 3950 1168 4005 Nec
1200 3958 1384 4013 vacat,
1416 3948 1556 4018 quod
1588 3948 1669 4003 his
1698 3948 1867 4003 tribus
1891 3989 1905 4013 ,
1952 3948 2004 4003 id
2035 3956 2119 4003 est
2141 3987 2157 4014 ,

583 4041 865 4110 frumenti,
915 4041 1018 4095 vini
1055 4051 1100 4094 et
1143 4040 1279 4108 olei,
1303 4039 1540 4093 additum
1568 4048 1650 4093 est
1685 4040 1782 4094 sui.
1815 4038 1904 4093 Est
1934 4039 2077 4093 enim
2106 4047 2161 4093 et

584 4133 797 4189 Donini
838 4134 984 4202 panis
1022 4134 1161 4188 vicus
1188 4133 1275 4203 qui
1300 4133 1363 4186 de
1389 4130 1513 4187 caelo
1552 4131 1805 4187 descendit
1835 4128 2028 4200 (Joan.
2066 4145 2156 4195 vt,

580 4224 652 4279 62
672 4225 714 4295 ).
764 4226 861 4280 Est
888 4233 942 4281 et
985 4225 1163 4280 vinum
1198 4240 1213 4280 :
1247 4223 1498 4279 Paculam
1541 4234 1683 4279 tuum
1725 4224 1978 4279 inebrians
2004 4239 2158 4292 quam

584 4319 889 4386 prmclarum
918 4328 993 4372 est
1023 4316 1192 4388 (Psal.
1227 4318 1355 4383 x'xtt,
1389 4317 1465 4388 5)!
1502 4318 1595 4373 Est
1623 4329 1677 4374 et
1703 4320 1879 4375 oleum
1913 4335 1925 4369 :
1962 4315 2161 4385 Impin-

583 4408 753 4477 guasti
780 4408 832 4459 in
862 4409 971 4461 oleo
999 4417 1153 4475 caput
1178 4422 1364 4461 meum.
1398 4408 1538 4476 Ergo
1568 4408 1669 4462 ista
1696 4408 1789 4463 Dei
1827 4423 1933 4462 non
1965 4407 2160 4461 habent

583 4503 895 4568 peccatores
928 4514 941 4549 :
974 4495 1067 4551 sed
1092 4509 1209 4561 sua,
1242 4495 1294 4549 id
1322 4505 1403 4551 est
1430 4507 1663 4562 terrena,
1691 4496 1830 4552 unde
1858 4510 2051 4564 corpus
2079 4495 2158 4548 vi-

584 4567 695 4657 vat,
727 4576 834 4645 non
862 4580 1036 4644 anima
1067 4588 1386 4657 perfruatur.
1419 4585 1753 4642 Frumentum
1779 4587 1923 4644 enim
1955 4588 2157 4642 dictum
2186 4567 2238 4628 Ῐ)

585 4698 615 4737 a
647 4679 894 4747 frtimine,
926 4681 977 4737 id
1006 4690 1087 4737 est
1116 4698 1146 4737 a
1177 4696 1381 4736 summa
1415 4694 1565 4751 parte
1590 4683 1759 4751 gnltte;
1790 4682 1990 4753 antiqui
2015 4683 2158 4738 enim

587 4785 746 4844 caput
780 4774 918 4845 gula:
961 4774 1170 4829 frumen
1195 4773 1473 4829 vocabant.
1503 4772 1837 4843 Multiplicati
1876 4781 1992 4828 sunt
2017 4774 2158 4829 enim

585 4864 831 4932 peSsimis
859 4863 1085 4929 actibus,
1108 4861 1159 4918 id
1190 4872 1292 4929 est,
1311 4862 1576 4917 mundana
1606 4864 1877 4918 voluntate
1908 4864 2034 4935 [ed.,
2066 4878 2161 4919 vo-

584 4950 807 5024 luptate]
835 4953 1107 5022 completi.
1136 4952 1249 5007 iloc
1290 4962 1373 5007 est
1409 4953 1550 5007 enim
1578 4953 1719 5022 quod
1763 4953 1814 5006 in
1850 4954 2161 5022 prmfatione

587 5042 839 5107 diximus,
881 5041 932 5094 in
973 5056 1079 5095 uno
1106 5055 1355 5096 sermone
1382 5041 1697 5112 plerumque
1725 5057 1911 5098 causas
1939 5043 2157 5114 profuno

583 5130 830 5185 dissimas
852 5128 1092 5196 indicari,
1116 5138 1176 5183 ut
1194 5139 1277 5185 est
1297 5129 1383 5183 hic
1406 5130 1657 5199 positum,
1681 5131 1782 5186 sui.

650 5218 807 5275 Vcrs.
840 5220 893 5273 8.
947 5219 1011 5272 In
1042 5237 1167 5289 pace
1216 5221 1270 5273 in
1320 5221 1541 5289 idipsum
1569 5222 1821 5275 dormiant
1865 5231 1913 5276 et
1957 5224 2154 5293 requie-

579 5326 739 5365 scam.
773 5310 1027 5376 Quoniam
1056 5320 1111 5365 tu
1134 5352 1150 5378 ,
1183 5309 1401 5366 Domine
1421 5351 1436 5376 ,
1470 5313 1803 5384 singulariter
1842 5313 1894 5367 in
1923 5331 2013 5382 spe
2040 5332 2156 5369 con-

573 5403 780 5457 stituisti
809 5418 909 5457 me.
936 5401 1133 5459 Contra
1179 5403 1441 5461 humanos
1486 5406 1745 5461 tumultus
1774 5412 1830 5461 et
1874 5406 2153 5463 felicitates

576 5493 804 5559 caducas
825 5536 842 5562 ,
888 5510 1023 5566 quas
1052 5494 1282 5551 mundus
1324 5496 1624 5551 aestimabat
1651 5511 1772 5552 esse
1817 5496 2109 5566 praecipuas
2130 5538 2147 5564 ,

578 5587 936 5656 pulcherrime
965 5602 1147 5657 pacem
1176 5588 1354 5643 cordis
1383 5588 1601 5659 objecit,
1633 5603 1791 5658 quam
1825 5588 2021 5643 habere
2045 5603 2149 5643 non

579 5689 839 5748 possunt,
892 5683 981 5751 qui
1023 5681 1363 5736 saecularibus
1393 5683 1599 5736 actibus
1645 5681 2003 5749 implicantur.
2040 5679 2154 5733 Pus:

580 5786 719 5826 etum
745 5774 844 5828 ista
872 5773 1030 5830 habet
1054 5774 1538 5843 tranquillissimam
1563 5776 1743 5838 vitam,
1772 5789 1889 5843 qur.
1917 5789 2033 5828 cum
2058 5785 2149 5827 sua

2259 1913 2477 1985 dignam
2508 1914 2967 1986 deliberatamque
2994 1914 3336 1980 sententiam,
3361 1930 3519 1985 quam
3560 1914 3646 1970 hic
3672 1916 3844 1971 habe-

2259 2020 2380 2061 mus
2410 2006 2464 2061 in
2492 2020 2611 2076 spe,
2645 2007 2716 2062 ibi
2745 2016 2922 2063 autem
2951 2004 3266 2074 possidetur.
3281 2004 3334 2059 in
3360 2020 3440 2060 re.
3466 2004 3571 2060 Sed
3604 2014 3733 2061 tunc
3760 2021 3847 2058 rc-

2260 2113 2387 2155 vera
2410 2098 2539 2154 illud
2578 2114 2771 2155 munus
2792 2099 2991 2169 quietis
3023 2095 3367 2164 merebimur,
3395 2098 3442 2153 si
3467 2097 3568 2152 hoc
3591 2096 3705 2153 ﬁeri
3734 2096 3845 2152 Dc-

2259 2189 2387 2245 mini
2414 2188 2687 2259 juvamine
2716 2190 3068 2246 conﬁdamus.

2798 2300 3071 2357 Conclusio
3099 2301 3304 2371 psalmi.

2329 2412 2566 2468 Decurso
2622 2411 2782 2482 igitur
2832 2419 3086 2466 maternas
3139 2408 3533 2481 praedicationis
3582 2406 3849 2479 eloquio,

2259 2503 2668 2560 consideremus
2695 2502 2886 2557 cantici
2919 2501 3079 2572 hujus
3107 2502 3363 2573 principia
3390 2543 3405 2569 ,
3438 2500 3609 2556 media
3634 2540 3650 2566 ,
3698 2508 3753 2555 et
3789 2502 3846 2554 ﬁ-

2260 2612 2410 2667 nem,
2439 2604 2495 2650 et
2539 2596 2887 2652 intentionem
2921 2594 3052 2649 tanti
3097 2595 3338 2667 mysterii
3381 2592 3848 2649 reverendissimis

2260 2685 2689 2755 indagationibus
2738 2685 3058 2741 invenimus.
3109 2685 3200 2741 Sic
3242 2687 3384 2740 enim
3430 2685 3618 2754 psalmi
3664 2685 3848 2740 virtus

2259 2777 2588 2849 agnoscitur,
2611 2777 2658 2831 si
2685 2776 3086 2832 circumstantia
3105 2777 3351 2833 dictionis
3381 2777 3471 2832 tali
3499 2778 3688 2833 ordine
3708 2792 3843 2846 ρειαί

2258 2871 2453 2940 quisita
2486 2876 2760 2925 tractetur.
2782 2868 2964 2924 Primo
2991 2881 3151 2923 versu
3179 2866 3421 2923 exaudiri
3451 2882 3511 2922 se
3541 2882 3637 2935 pro
3662 2883 3847 2923 meru-

2258 2961 2374 3019 bris
2417 2961 2530 3016 suis
2559 2967 2743 3015 sancta
2787 2958 3029 3015 exoravit
3057 2957 3327 3023 Ecclesia;
3355 2966 3409 3012 et
3453 2956 3656 3028 utrius
3683 2959 3849 3011 audi-

2261 3062 2412 3109 retur
2436 3051 2631 3116 oratio,
2681 3050 2970 3105 humannm
2996 3061 3165 3119 genus
3202 3048 3496 3117 admonuit,
3526 3058 3583 3103 ut
3612 3048 3679 3105 ab
3722 3048 3851 3103 itlo-

2259 3140 2431 3197 lorum
2487 3139 2826 3196 veneratione
2885 3139 3185 3195 discederet
3227 3156 3242 3193 :
3294 3140 3469 3195 sciens
3520 3153 3580 3195 se
3635 3139 3849 3197 habere

2261 3231 2540 3286 Dominum
2553 3228 2902 3299 Salvatorem,
2916 3230 3000 3283 cui
3021 3229 3134 3284 htec
3154 3232 3409 3285 veraciter
3423 3229 3624 3285 cultura
3642 3230 3853 3285 debes;

2260 3328 2364 3376 tur.
2397 3319 2602 3375 Deinde
2628 3319 2906 3389 populum,
2937 3318 3384 3388 quemadmodum
3414 3318 3720 3373 sacriﬁcare
3747 3319 3844 3376 dc-

2260 3411 2487 3476 buisset,
2526 3409 2777 3465 instruxit
2804 3426 2818 3463 :
2850 3410 2974 3480 quid
3001 3410 3162 3465 etiam
3195 3410 3521 3480 blasphemis
3547 3411 3846 3479 rcSpontleo

2260 3514 2406 3558 retur
2428 3501 2722 3558 admonuit.
2775 3500 2906 3556 Post
2928 3502 3250 3572 singularem
3278 3501 3659 3557 beatitudinem
3680 3502 3841 3568 dixit,

2260 3616 2420 3670 quam
2450 3599 2649 3655 sanctis
2683 3599 2794 3654 suis
2826 3598 3085 3652 Dominus
3127 3597 3514 3667 compromisit.
3543 3580 3634 3652 Sic
3675 3597 3844 3651 totius

2261 3690 2579 3746 Christiana:
2606 3689 2900 3757 disciplina:
2933 3688 3193 3743 institutio
3222 3700 3404 3743 sancta
3430 3687 3691 3756 completa
3722 3699 3841 3752 eet;

2262 3790 2321 3837 ut
2346 3792 2399 3837 et
2425 3782 2551 3852 quid
2579 3789 2802 3851 agerent
2842 3780 3109 3850 homines,
3147 3791 3197 3835 et
3228 3781 3354 3850 quid
3382 3793 3599 3849 sperare
3623 3778 3844 3833 debuis-

2263 3885 2406 3940 sent,
2439 3875 2714 3929 evidenter
2754 3881 3125 3942 agnoscerent.
3157 3871 3421 3926 Admonet
3458 3870 3617 3924 etiam
3648 3885 3843 3925 nume-

2261 3979 2356 4019 rus
2386 3965 2486 4019 iste
2515 3964 2887 4031 quaternarius
2915 3970 2973 4014 ιιι
2993 3976 3114 4016 eum
3140 3960 3339 4015 mundo
3366 3961 3710 4029 praedicatum
3736 3963 3845 4015 vir-

2262 4062 2375 4109 tute
2403 4053 2707 4121 evangelica
2737 4055 3051 4107 sentiamus.
3083 4051 3387 4121 Congruum
3423 4050 3685 4120 siquidem
3718 4053 3841 4117 fuit,

2262 4154 2322 4199 ut
2360 4154 2585 4200 cunctus
2616 4152 2875 4198 terrarum
2916 4141 3166 4207 ambitus,
3204 4141 3255 4195 in
3285 4151 3512 4211 quatuor
3536 4141 3844 4196 cardinibus

2260 4234 2601 4297 conStitutus,
2624 4233 2838 4288 salutari
2862 4231 3086 4286 Domino
3111 4231 3332 4285 credere
3349 4239 3688 4296 moneretur;
3712 4246 3846 4301 qna-

2264 4335 2421 4380 trnus
2449 4325 2516 4380 de
2542 4324 2765 4379 diversis
2793 4323 3040 4392 gentibus
3066 4323 3345 4387 advocata,
3373 4337 3476 4376 una
3508 4323 3659 4378 ﬁeret
3680 4325 3846 4377 totius

2262 4414 2407 4468 orbis
2445 4411 2705 4465 Ecclesia.
2756 4411 2885 4465 Nam
2935 4422 2988 4465 et
3031 4420 3256 4481 quatuor
3304 4412 3629 4479 temporibus
3666 4426 3848 4468 annus

2262 4503 2378 4570 ipse
2413 4500 2799 4570 distinguitur;
2833 4509 3058 4570 quatuor
3083 4503 3254 4555 ventis
3294 4501 3646 4555 cardinalibus
3679 4504 3844 4557 totius

2263 4591 2408 4646 orbis
2434 4591 2594 4645 inane
2616 4590 2867 4659 perﬂatur
2888 4606 2903 4655 ;
2926 4600 3153 4659 quatuor
3179 4590 3337 4645 etiam
3364 4591 3646 4646 virtutibus
3672 4593 3844 4648 animi

2264 4681 2495 4760 dignitas
2518 4692 2874 4751 comparatur,
2910 4683 2958 4736 id
2990 4691 3091 4744 est,
3135 4681 3433 4749 prudentia,
3465 4681 3689 4749 iustitia,
3731 4684 3845 4737 fur-

2265 4775 2514 4842 titudine,
2543 4784 2597 4830 et
2624 4764 2994 4845 temperantia.
3019 4776 3186 4843 Quem
3208 4773 3471 4829 calculum
3500 4773 3843 4846 Pythagorici

2264 4876 2409 4922 tanta
2433 4867 2589 4922 laude
2618 4867 2887 4936 prosecuti
2913 4874 3055 4932 sunt,
3086 4877 3143 4919 ut
3168 4879 3293 4920 eum
3327 4876 3536 4919 sacrum
3560 4879 3681 4921 esse
3706 4864 3844 4921 fate-

2262 4971 2467 5016 remur.
2583 5049 2943 5106 EXPOSITIO
2982 5047 3047 5102 IN
3087 5046 3411 5104 PSALMUM
3450 5046 3514 5102 ν.

2262 5167 2328 5221 1η
2356 5168 2509 5236 finem
2537 5184 2629 5237 pro
2659 5182 2718 5219 ea
2744 5181 2857 5233 qua:
2886 5164 3229 5288 Ιιιεὶὶειιῑιᾶιιωη
3258 5162 3583 5233 consequitur
3610 5161 3840 5231 psalmus

3009 5251 3085 5288 avt
3128 5273 3144 5288 .

3009 5251 3144 5288 avra.

2334 5344 2509 5408 Quare
2551 5351 2778 5411 ponatur
2803 5344 2854 5397 in
2886 5344 3057 5411 finem,
3109 5343 3389 5413 superiore
3418 5340 3622 5411 psalmo
3665 5354 3839 5410 nuper

2260 5434 2492 5490 edictum
2518 5443 2618 5488 est.
2647 5433 2754 5488 Pro
2780 5452 2837 5488 ea
2866 5450 2996 5490 vero
3035 5449 3151 5505 qut:
3186 5435 3533 5489 ltwreditatem
3572 5434 3838 5502 consequi-

2260 5532 2363 5587 tur,
2392 5524 2681 5578 Ecclesiam
2705 5524 2988 5592 signiﬁcat,
3012 5525 3164 5593 cujus
3187 5540 3411 5593 persona
3435 5526 3486 5579 in
3511 5526 3610 5579 hoc
3629 5525 3837 5593 psalmo

2260 5612 2613 5668 introducitur
2640 5615 2705 5667 ad
2751 5614 3094 5682 loquendum.
3127 5613 3253 5669 llaec
3297 5616 3434 5671 bona
3467 5617 3689 5673 Domini-
3719 5619 3834 5674 Sal-

2260 5705 2460 5758 vatoris
2488 5706 2596 5759 adit
2617 5720 2679 5759 ac
2709 5704 2960 5772 possidet.
2992 5704 3364 5760 [hereditatem
3387 5723 3517 5763 vero
3544 5708 3663 5762 ideo
3685 5707 3829 5779 laus.

2262 5813 2289 5851 a
2326 5796 2453 5870 Deo]
2484 5798 2736 5869 consepti
2769 5796 2960 5851 dicitur
2993 5837 3006 5861 ,
3039 5799 3158 5867 quia
3189 5798 3403 5855 Christo
3429 5814 3739 5871 resurgente
3762 5801 3829 5856 ad

3868 445 3883 470 I
