4064 6360
231 344 291 402 εὖ
1165 325 1521 382 EXPOSlTlO
1561 324 1621 378 ΙΝ
1663 320 2118 377 PSALTERIUM.
2163 319 2353 375 PSAL.
2397 318 2459 372 Υ.

3388 307 3455 361 54

232 469 333 512 eam
360 451 485 506 bona
511 445 803 517 spiritualia
834 453 1228 515 pervenerunt;
1263 443 1314 496 id
1345 451 1447 506 est,
1480 442 1599 495 ﬁdei
1633 440 1856 497 iusti-VA
1889 451 2003 488 rum
2032 448 2222 488 sensus
2264 434 2395 488 istos
2422 430 2712 494 discernit,
2761 427 2853 483 sed
2884 441 2985 479 una
3033 425 3226 479 virtute
3271 433 3461 479 cuncta

236 544 442 616 pcrabile
469 540 889 607 (undamentum,
928 539 1043 608 spei
1073 538 1428 593 certissimum
1470 532 1772 603 praemium,

231 649 379 690 suave
407 632 667 687 vinculum
687 630 984 698 charitatis,
1014 638 1118 685 etc.
1145 642 1405 695 :_quarum
1438 639 1614 679 rerum
1638 637 1777 675 nunc

234 735 364 780 leuet
388 722 655 792 imagines.
681 732 734 777 et
756 724 807 776 in
837 721 1014 775 futuro
1039 730 1121 775 est
1142 717 1447 789 perenniter
1473 729 1778 785 possessum

236 814 460 868 virtutes.
490 812 566 867 De
610 827 716 883 qua
763 813 1073 867 hmreditate
1119 812 1172 865 in
1204 809 1492 879 Evangelia
1536 807 1777 861 dicitur:

234 903 366 955 Beati
390 902 527 954 mites
549 940 566 966 ,
597 903 716 970 quia
761 902 860 971 ipsi
908 901 1199 955 literedi5ate
1242 899 1567 967 possidebunt
1596 906 1782 965 terrain

239 993 430 1063 (IIaltIt.
462 1007 514 1060 v,
562 991 640 1062 4).
669 992 898 1047 Rursum
929 992 1164 1047 Ecclesia
1192 992 1399 1046 Domini
1430 1004 1651 1045 vocatur
1676 990 1783 1042 hae-

238 1084 437 1148 reditas,
462 1082 602 1138 sicut
645 1084 697 1138 in
727 1084 963 1138 secunda
993 1094 1198 1152 psalmo
1228 1083 1429 1137 dictum
1457 1090 1578 1136 cst:
1606 1080 1663 1133 P.
1680 1090 1726 1134 te
1753 1096 1787 1132 a

238 1189 323 1238 me,
344 1182 387 1227 et
408 1171 538 1226 dabo
561 1174 649 1226 tibi
686 1182 853 1243 gentes
882 1173 1226 1227 htereditatem
1254 1181 1416 1240 tuam,
1439 1181 1487 1227 et
1515 1171 1789 1239 possessio-

238 1281 337 1319 nem
363 1275 497 1317 tuam
529 1266 769 1319 terminos
791 1274 937 1319 terra:
959 1263 1125 1335 (Psal.
1150 1279 1212 1345 tt,
1235 1265 1312 1332 8).
1342 1264 1469 1330 ane
1491 1263 1680 1317 merita
1711 1261 1792 1330 ip-

236 1355 336 1409 sius
358 1354 638 1409 haereditas
660 1354 869 1419 dicitur,
910 1354 1063 1422 cujus
1093 1354 1327 1421 pretioso
1366 1353 1621 1422 sanguine
1645 1366 1795 1406 com~

236 1455 400 1515 parata
423 1455 770 1501 monstratur.
798 1445 949 1513 Quod
980 1460 1084 1500 non
1114 1455 1269 1514 putes
1287 1459 1407 1500 esse
1424 1444 1748 1499 contrarium
1772 1486 1790 1513 ,

238 1539 346 1608 quia
367 1539 485 1592 licet
509 1539 562 1592 in
585 1538 876 1608 Scripturis
900 1538 1094 1593 divinis
1116 1538 1324 1592 diversa
1347 1551 1467 1592 esse
1491 1536 1793 1602 videantur,

237 1633 283 1686 in
310 1646 461 1686 unam
492 1639 676 1687 tamen
716 1632 1078 1702 intelligentia:
1113 1632 1452 1688 concordiam
1490 1634 1797 1686 veritatem-

238 1737 330 1791 que
355 1723 697 1778 conveniunt.
742 1722 1010 1779 Psalmum
1037 1738 1164 1779 vero
1202 1732 1256 1779 et
1294 1724 1395 1792 ipsi
1423 1724 1589 1779 David
1614 1765 1629 1790 ,
1661 1725 1799 1778 sicut

236 1813 467 1883 superius
505 1814 875 1885 exposuimus,
902 1814 1103 1872 referre
1126 1815 1385 1872 debemus
1409 1814 1476 1871 ad
1513 1814 1794 1871 Dominum
1826 1810 1876 1871 Β
1902 1798 2041 1853 De”
2066 1812 2229 1860 ηιεαδι
2258 1810 2289 1849 ³

240 1902 522 1960 Christum.

799 2020 994 2076 Dii-isio
1024 2022 1226 2090 psalmi.

301 2129 463 2184 Totus
491 2131 583 2187 hic
624 2132 856 2200 psalmus
896 2146 925 2185 a
968 2146 1197 2200 persona
1227 2130 1500 2185 catholica:
1539 2130 1805 2200 profertur

238 2218 508 2287 Ecclesiae,
537 2237 656 2289 quae
684 2223 851 2291 prima
885 2224 1119 2277 sectione
1144 2221 1436 2276 orationem
1460 2235 1607 2275 suam
1637 2222 1798 2290 poscit

236 2309 437 2379 audiri,
482 2312 767 2367 haereticos
816 2320 870 2367 et
914 2311 1280 2367 schismaticos
1327 2312 1618 2381 prmdicans
1649 2327 1679 2365 a
1710 2312 1808 2366 Do-

238 2400 357 2455 mini
386 2402 704 2458 muneribus
749 2401 1130 2459 excludendos.
1160 2402 1401 2458 Secunda
1447 2404 1682 2458 sectione
1711 2418 1807 2471 per

240 2490 563 2547 intellectum
589 2492 885 2548 divinarum
910 2492 1300 2562 Scripturarum
1326 2500 1471 2548 recto
1493 2493 1706 2547 tramite
1728 2492 1808 2547 di—

238 2582 327 2651 rigi
350 2596 411 2638 se
433 2584 503 2637 ad
527 2584 675 2637 illam
698 2582 909 2638 felicem
931 2584 1157 2653 patriam
1177 2583 1357 2638 divino
1381 2597 1599 2638 munere
1619 2583 1806 2652 depre-

237 2683 403 2741 catur,
429 2676 669 2745 perlidos
690 2676 813 2730 inde
831 2689 1075 2731 asserens
1094 2675 1210 2731 ﬁeri
1229 2674 1463 2730 funditus
1481 2676 1703 2730 alienos.
1727 2676 1807 2730 Ad

239 2774 567 2832 postremum
606 2780 1032 2821 commemorans
1057 2767 1274 2834 praemia
1295 2766 1591 2832 beatorum,
1621 2774 1678 2819 ut
1706 2781 1808 2820 una

239 2855 620 2921 praedicatione
643 2866 695 2911 et
723 2856 893 2910 malos
913 2856 1161 2925 praedicta
1191 2870 1346 2924 plena
1373 2864 1730 2926 converteret,
1758 2865 1812 2911 et

235 2943 400 3013 justas
430 2948 700 3018 promissa
731 2948 946 3017 prtemia
979 2948 1327 3003 concitarent.

1399 3022 1445 3031 νυν
1474 3009 1636 3033 nua.“

765 3054 1034 3126 Expositio
1064 3055 1271 3127 psalmi.

1882 528 2108 597 pcrag‘t.
2138 526 2233 579 llic
2258 526 2400 587 etiim
2420 538 2543 593 qum
2563 538 2594 576 a
2614 522 2766 577 nobis
2789 518 3054 583 videntur,
3077 515 3247 578 audit;
3269 524 3323 567 ct
3345 528 3464 581 qua:

1880 635 1911 674 a
1938 618 2091 673 nobis
2119 615 2428 679 audiuntur,
2455 614 2632 679 videt;
2672 621 2728 667 et
2750 625 2866 680 quas
2894 624 2924 663 a
2952 607 3112 663 nobis
3139 604 3464 677 cogitantur,

1886 710 2030 764 intra
2072 707 2320 778 inspicit;
2350 721 2450 762 nec
2493 714 2575 761 est
2601 704 2915 774 quidquam,
2945 699 3087 771 quod
3108 698 3232 770 ejus
3272 696 3465 752 lumini

1886 816 1945 857 se
1977 801 2146 871 possit
2182 797 2535 859 abscondere.
2564 797 2676 851 llac
2708 798 2929 851 schema
2952 792 3148 849 dicitur
3174 789 3464 855 metabole,

1887 891 1940 948 id
1965 902 2046 947 est
2073 891 2282 947 iteratio
2305 889 2463 944 unius
2484 888 2558 943 rei
2586 888 2685 943 sub
2710 886 2966 941 varietate
2990 883 3306 939 verborum:
3326 881 3467 937 trina

1886 982 2029 1038 cnim
2046 982 2369 1053 repetitione
2380 995 2540 1035 unum
2564 978 2814 1047 idemque
2827 976 3108 1045 significat.
3128 973 3431 1028 Disitenim
3454 989 3468 1025 :

1893 1074 2064 1128 Verba
2088 1089 2200 1127 mea
2226 1070 2432 1125 auribus
2458 1070 2683 1141 percipe,
2712 1067 2957 1131 Domine;
2983 1064 3215 1121 deinde:
3244 1063 3476 1131 intellige

1890 1163 2165 1218 clamorem
2194 1176 2393 1225 meum;
2429 1160 2586 1215 tertio
2614 1175 2631 1214 :
2656 1157 2863 1212 intende
2888 1156 2997 1209 voci
3032 1156 3280 1209 orationis
3307 1167 3435 1207 metu

1891 1254 2035 1325 quod
2085 1261 2251 1308 totum
2282 1252 2350 1307 ad
2396 1265 2554 1305 unam
2583 1248 2800 1317 resiiicit
2827 1246 3136 1315 petitionem
3161 1262 3175 1310 ;
3204 1259 3269 1298 ao
3295 1243 3344 1299 si
3387 1242 3478 1299 di-

1894 1354 2041 1400 ceret
2067 1360 2083 1397 :
2112 1343 2315 1397 Exaudi
2341 1341 2637 1397 arationem
2666 1339 2771 1411 25
2798 1352 2995 1393 meam.
3024 1335 3275 1405 Sequitur
3307 1352 3322 1389 :
3360 1334 3475 1397 Rea:

1894 1452 2032 1490 meus
2057 1475 2074 1500 ,
2103 1443 2150 1489 et
2175 1433 2313 1489 Deus
2348 1448 2487 1487 meus
2515 1432 2799 1503 :.quonium
2826 1429 2895 1483 ad
2939 1436 2987 1483 te
3011 1426 3166 1481 orabo
3190 1466 3207 1492 ,
3236 1426 3473 1480 Domine.

1895 1525 2084 1581 Merito
2109 1524 2175 1578 ad
2201 1521 2575 1593 inquirendum
2609 1519 2819 1589 aliquas
2846 1530 3159 1587 permovere
3196 1513 3357 1579 solet,
3383 1527 3477 1567 cur

1898 1617 1954 1672 in
1998 1615 2179 1671 medio
2216 1613 2478 1670 versiculo
2524 1613 2677 1668 beata
2723 1610 2962 1666 Ecclesia
3002 1608 3159 1664 tertia
3201 1606 3476 1667 cmlestem
3570 1670 3571 1673 η

1902 1706 2259 1763 nominaverit
2300 1703 2691 1774 principatum?
2730 1698 2865 1756 Dicit
2891 1698 3035 1756 enim
3066 1715 3081 1752 :
3113 1696 3225 1752 Rea:
3266 1712 3404 1750 meus
3429 1706 3479 1753 et

2296 1794 2515 1865 :Ijiciens
2544 1811 2558 1847 :
2592 1792 2846 1858 Quoniam
2871 1792 2938 1843 ad
2962 1797 3011 1843 te
3035 1786 3210 1850 orabo,
3239 1786 3475 1840 Domine.

1904 1887 2010 1943 Sed
2037 1886 2120 1941 his
2158 1885 2332 1941 tribus
2370 1883 2613 1954 personis
2639 1897 2744 1937 non
2766 1880 2900 1935 dixit
2934 1878 3193 1934 intendite
3216 1918 3231 1941 .
3271 1876 3369 1932 sed
3395 1878 3477 1931 in-

1903 1979 2051 2035 tende
2077 1994 2095 2032 :
2124 1976 2373 2048 quoniam
2400 1975 2634 2030 Ecclesia
2660 1971 2928 2030 catholica
2952 1985 3115 2023 unum
3143 1969 3330 2033 Deum,
3353 1981 3479 2020 sau-

1902 2080 2041 2127 ctam
2084 2068 2337 2139 prazdicat
2364 2067 2716 2130 Trinitatem;
2773 2078 2880 2118 non
2926 2072 2983 2115 ut
3028 2059 3290 2116 Sabellius
3334 2072 3476 2110 con—

1903 2165 2043 2228 fuse,
2072 2162 2168 2219 sed
2192 2162 2443 2217 distincte
2481 2168 2641 2228 atque
2669 2155 2922 2226 perfecte.
2954 2154 3110 2209 Pater
3134 2150 3277 2207 enim
3319 2150 3478 2213 Deus,

1907 2258 1947 2313 Ρ
1953 2260 2073 2312 ilius
2102 2257 2266 2322 Deus,
2306 2254 2537 2325 Spiritus
2561 2259 2778 2308 sanctus
2805 2250 2978 2315 Deus;
3019 2256 3074 2309 et
3096 2256 3274 2302 tamen
3302 2245 3481 2306 Pater,

1906 2358 1961 2404 ct
1988 2348 2172 2413 Filius,
2203 2353 2260 2401 et
2297 2345 2529 2414 Spiritus
2569 2353 2787 2399 sanctus
2815 2355 2920 2396 non
2951 2350 3060 2394 tres
3097 2337 3193 2403 dii,
3223 2335 3319 2392 sed
3347 2351 3484 2390 unus

1905 2449 1991 2499 est
2019 2441 2177 2495 Deus.
2220 2436 2363 2493 Nihil
2390 2444 2569 2491 autem
2608 2435 2679 2490 ibi
2705 2432 2934 2502 amplius
2976 2430 3219 2486 minusve
3244 2435 3350 2493 est,
3381 2426 3485 2481 nisi

1907 2535 1960 2590 in
1988 2533 2183 2589 Ariana
2210 2532 2471 2600 pravitate
2492 2569 2509 2595 ,
2557 2542 2676 2599 quas
2702 2541 2763 2582 se
2797 2534 2878 2581 tot
2920 2524 3133 2580 szeculis
3157 2522 3334 2577 adhuc
3375 2534 3484 2574 non

1907 2622 2182 2692 cognoscit
2201 2635 2403 2677 errare.
2423 2618 2640 2675 Intuere
2660 2618 2818 2674 etiam
2848 2617 3086 2687 ipsarum
3106 2610 3484 2671 vocabulorum

1910 2713 2207 2770 mirabilem
2234 2711 2708 2782 dispensationem.
2736 2709 2894 2763 Prius
2928 2707 3077 2776 ponit
3119 2706 3307 2775 Regem
3334 2719 3353 2758 :
3380 2718 3492 2771 qua

1912 2804 2127 2860 nomine
2144 2803 2436 2870 Scriptura:
2459 2801 2653 2856 divina:
2674 2800 2979 2868 frequenter
3002 2796 3273 2866 appellant
3299 2794 3483 2849 Domi-

1914 2908 2040 2951 num
2062 2890 2331 2947 Christum
2356 2909 2369 2944 :
2394 2890 2536 2946 hunc
2557 2890 2701 2946 enim
2723 2887 2965 2944 ordinem
2989 2888 3040 2941 in
3065 2884 3352 2954 Evangelia
3370 2884 3487 2952 ipso

1914 2992 2157 3049 testatur,
2192 2998 2318 3041 cum
2360 2982 2530 3037 dicit:
2562 2981 2666 3035 Per
2689 2996 2771 3035 me
2809 2979 2917 3033 itur
2955 2978 3024 3032 ad
3052 2976 3259 3032 Patrem
3303 2977 3485 3048 (Joan.

1912 3090 2024 3141 xiv,
2051 3074 2131 3145 6).
2156 3073 2357 3129 Deinde
2379 3073 2506 3128 dicit
2534 3073 2743 3128 Patrem
2769 3072 2970 3136 Deum;
3006 3069 3163 3126 tertia
3203 3069 3356 3124 Domi
3396 3084 3488 3123 um

302 3163 454 3219 Vere.
492 3165 544 3219 l.
582 3164 748 3219 Verba
774 3181 882 3218 mea
907 3164 1113 3219 auribus
1142 3166 1362 3234 percipe.
1391 3164 1630 3232 Domine;
1657 3167 1806 3220 iutel-
1834 3172 1882 3236 ο
1911 3166 2165 3236 Spiritum
2187 3174 2453 3220 sanctum.
2480 3163 2581 3219 Ubi
2606 3164 2733 3219 licet
2750 3162 2967 3218 nomina
2989 3169 3205 3231 propter
3232 3175 3491 3229 personas

241 3249 332 3319 lige
348 3253 628 3307 clamorem
652 3269 837 3308 meum.
861 3253 961 3309 Per
982 3254 1200 3324 ﬁgurant
1224 3255 1624 3327 mythupmiam,
1649 3272 1807 3324 quam

240 3338 288 3392 iu
313 3353 502 3410 quarto
530 3343 741 3412 psalmo
774 3343 884 3412 jam
913 3344 1164 3409 diximus,
1195 3346 1469 3414 aptissime
1509 3344 1622 3399 lucc
1650 3345 1809 3399 verba

237 3430 423 3487 dantur
462 3435 757 3500 Ecclesiae;
789 3443 844 3489 ut
870 3445 1042 3490 amata
1072 3435 1357 3491 Dominum
1394 3444 1686 3504 exspectet,
1714 3451 1804 3491 ac.-

238 3524 425 3579 cersita
456 3528 710 3593 festinet;
740 3541 1000 3598 quatenus
1028 3528 1209 3584 smculi
1238 3528 1394 3598 hujus
1433 3530 1693 3598 nequitias
1720 3544 1812 3585 eo-

238 3612 354 3667 dem
396 3616 620 3683 juvante
649 3620 1028 3687 pertransicns,
1070 3618 1279 3690 Sponsa
1307 3633 1404 3674 suo
1431 3618 1765 3674 immaculata
1792 3661 1809 3688 ,

238 3711 292 3757 et
316 3705 432 3761 sine
459 3723 595 3777 ruga
635 3724 845 3778 semper
871 3708 1163 3765 adh-.creat.
1194 3709 1291 3765 Ubi
1322 3709 1491 3779 prima
1519 3709 1692 3764 fronte
1720 3724 1813 3778 per

238 3805 419 3864 partes
463 3804 619 3856 trime
646 3803 900 3857 orationis
924 3845 940 3869 ,
971 3804 1140 3858 virtus
1167 3802 1444 3859 Trinitatis
1486 3803 1769 3873 exponitur
1794 3846 1810 3873 ,

237 3890 445 3956 qualem
495 3893 699 3948 habere
742 3904 978 3948 sanctam
1023 3893 1178 3949 decet
1219 3894 1533 3950 Ecclesium.
1579 3894 1815 3948 Dicenda

235 3983 373 4035 enim
406 4001 418 4035 :
463 3983 631 4039 Verba
658 4002 767 4038 mea
808 3986 1014 4040 auribus
1058 3987 1276 4056 percipe,
1312 3985 1545 4056 Domine,
1582 3986 1691 4041 oris
1734 3986 1814 4040 si-

235 4072 447 4137 gnilirat
491 4074 871 4145 psalmodiam.
946 4075 1232 4142 Sequitur:
1266 4073 1502 4146 Inteltige
1542 4075 1816 4129 clamorem

238 4176 422 4230 meum,
449 4177 510 4219 ut
536 4165 790 4220 allectum
832 4166 1007 4220 cordis
1034 4166 1300 4235 aperiret;
1331 4169 1473 4220 sicut
1507 4176 1560 4221 et
1585 4169 1818 4237 Aposto-

239 4251 317 4306 lus
340 4256 413 4310 ait
442 4273 457 4310 :
489 4256 640 4310 Misit
664 4256 800 4310 Deus
828 4255 1081 4324 Spiritum
1104 4253 1233 4308 Filii
1256 4256 1336 4309 sui
1361 4257 1415 4309 in
1440 4256 1597 4310 corda
1622 4264 1814 4323 nostra,

237 4344 288 4396 in
328 4363 429 4415 quo
455 4349 766 4411 clamamus,
796 4349 958 4413 Abba,
1005 4346 1162 4402 Pater
1201 4345 1397 4413 (Gulat.
1426 4361 1500 4411 tv,
1526 4345 1601 4416 6).
1646 4346 1818 4401 Aures

237 4447 409 4491 autem
435 4440 522 4493 Dii
538 4441 744 4495 initatis
763 4440 829 4494 ad
851 4440 1247 4494 similitudinem
1276 4438 1604 4509 corporalem
1630 4439 1818 4493 dicun-

1909 3256 2286 3326 exprimeudas
2331 3255 2607 3311 videantur
2648 3268 2772 3310 esse
2814 3254 3045 3308 discreta
3072 3294 3088 3321 ,
3133 3264 3268 3305 unus
3313 3259 3488 3304 tanien

1910 3350 2143 3420 perfecte
2165 3349 2400 3405 creditur
2421 3363 2484 3404 ac
2507 3347 2701 3403 dicitur
2726 3348 2887 3412 Deus,
2910 3349 3049 3402 sicut
3076 3346 3302 3415 legitur:
3327 3345 3487 3406 Audi.

1910 3439 2100 3507 Israel,
2129 3440 2380 3494 Dominus
2410 3438 2547 3493 Deus
2587 3448 2704 3493 tuus
2754 3435 2895 3493 Deus
2934 3454 3065 3491 unus
3106 3447 3179 3492 est
3208 3435 3387 3507 (Deut.
3417 3451 3492 3502 vi,

1909 3535 1990 3601 4).
2011 3532 2347 3602 Quapropter
2367 3532 2556 3603 ligatur
2575 3529 2768 3585 animis
2793 3530 3041 3585 salutaris
3062 3528 3163 3583 ista
3186 3542 3283 3582 sen
3306 3528 3449 3583 entia
3475 3544 3487 3579 :

1911 3623 2187 3679 distinctio
2226 3623 2279 3679 iu
2309 3622 2557 3693 personis
2583 3661 2599 3689 ,
2646 3621 2824 3677 unitas
2850 3622 2989 3677 bene
3015 3620 3265 3677 credatur
3294 3620 3349 3674 in
3392 3634 3490 3673 na-

1916 3721 2029 3770 tura
2039 3753 2052 3767 .
2664 3740 2667 3743 '

1986 3807 2140 3863 Vers.
2171 3808 2223 3861 3.
2257 3805 2413 3860 Mane
2437 3805 2677 3860 exaudies
2711 3820 2881 3861 uocem
2908 3820 3089 3859 mea-n.
3120 3802 3278 3859 Hane
3303 3805 3485 3858 astabo

1914 3898 2005 3953 tibi
2026 3908 2072 3953 et
2096 3897 2295 3953 uidebo.
2322 3898 2543 3962 Astabo,
2573 3896 2816 3967 utrisque
2848 3897 3087 3966 partibus
3121 3904 3332 3951 constat
3360 3908 3483 3950 esse

1911 3989 2276 4061 jungendum,
2332 3997 2389 4042 ut
2424 3987 2661 4058 perlecta
2717 3989 2886 4057 possit
2925 3989 3187 4044 sententia
3237 3987 3483 4057 reperiri.

1916 4081 2250 4149 Quapropter
2294 4093 2444 4132 marte
2469 4078 2819 4144 deprecatur,
2848 4077 2940 4147 qui
2991 4079 3045 4131 in
3080 4076 3253 4130 lucida
3290 4078 3491 4144 degere

1917 4168 2325 4225 conversatione
2350 4165 2704 4235 dignoscitur.
2740 4165 2893 4219 Tunc
2917 4165 3061 4220 enim
3090 4180 3240 4219 mane
3264 4164 3494 4221 dicimus

1918 4259 2132 4331 quando
2161 4258 2417 4315 discussis
2466 4257 2739 4327 tenebris,
2783 4258 2914 4313 clari
2962 4258 3179 4314 luminis
3228 4257 3492 4314 adventus

1919 4351 2204 4408 inl'ulserit.
2230 4349 2470 4405 Ecclesia
2494 4349 2662 4415 enirn,
2696 4364 2815 4419 quas
2843 4363 2903 4405 se
2931 4350 3205 4420 cognoscit
3235 4350 3493 4406 habuisse

1920 4443 2169 4500 tenebras
2197 4452 2564 4514 peccatorum,
2592 4443 2736 4500 etde
2762 4452 2921 4499 nocte
2959 4444 3145 4499 mundi
3177 4444 3331 4500 istius
3361 4458 3493 4499 con-

240 4534 342 4595 tur,
384 4546 482 4600 per
524 4547 661 4601 quas
686 4546 811 4587 aere
838 4532 1120 4587 verberato
1147 4531 1451 4585 hominibus
1479 4531 1639 4585 intrat
1663 4529 1812 4584 audi-
1841 4526 1893 4587 D
1915 4544 2182 4606 gregatam
2206 4575 2223 4602 ,
2269 4544 2398 4590 tunc
2429 4548 2491 4591 se
2516 4534 2760 4589 exaudiri
2797 4535 2990 4590 merita
3035 4533 3238 4599 credit,
3272 4547 3393 4588 cum
3438 4535 3499 4588 in

240 4626 341 4674 tus.
367 4624 527 4679 Auris
540 4626 693 4679 enim
716 4625 783 4678 ab
804 4624 983 4678 auditu
1009 4625 1146 4679 dicta
1171 4633 1269 4678 est.
1297 4623 1360 4678 Et
1381 4624 1658 4679 considera
1679 4640 1813 4695 quo-

239 4710 377 4765 niam
410 4716 709 4769 clamorem
733 4729 889 4768 suum
918 4713 1103 4782 petivit
1130 4712 1372 4783 intelLigi.
1401 4713 1511 4767 Vox
1545 4712 1686 4768 enim
1712 4714 1813 4766 ista

240 4813 340 4853 non
369 4814 488 4858 erat
530 4804 797 4859 labiorum
832 4805 1087 4873 crepitus,
1134 4802 1227 4858 sed
1264 4802 1441 4857 cordis
1475 4802 1666 4857 all'atus
1708 4800 1813 4872 [ed.

236 4891 498 4966 allectus],
528 4897 623 4967 qui
661 4912 766 4950 non
794 4895 1010 4952 auribus
1045 4896 1237 4964 audiri,
1263 4896 1355 4952 sed
1384 4896 1578 4952 mentis
1614 4895 1815 4950 lumine

239 4987 517 5041 consuevit
544 4985 785 5056 intelligi.

308 5074 461 5133 Vers.
493 5079 552 5132 2.
587 5076 803 5132 Intende
846 5078 954 5132 voci
982 5078 1225 5133 orationis
1271 5092 1394 5132 mea:
1415 5116 1431 5140 ,
1478 5092 1570 5131 rea:
1598 5076 1737 5131 meus
1764 5083 1814 5130 et

238 5163 373 5218 Deus
417 5186 565 5223 meus
592 5183 611 5224 :
638 5170 879 5239 quoniam
921 5170 991 5221 ad
1037 5178 1086 5222 te
1125 5168 1281 5222 orabo
1304 5207 1320 5232 ,
1370 5166 1609 5221 Domine.
1641 5166 1816 5235 Supra

236 5256 365 5314 dixit
388 5279 401 5313 :
428 5261 679 5333 Intelligo
704 5262 977 5316 clamorem
1002 5277 1201 5325 meum;
1230 5260 1387 5315 modo
1411 5261 1541 5315 dicit
1564 5278 1575 5312 :
1601 5257 1816 5314 Intende

235 5350 340 5401 voci
361 5352 621 5403 orationis
650 5366 791 5417 mete,
819 5359 875 5405 ut
895 5349 1193 5405 declararet
1217 5350 1509 5405 orationem
1539 5340 1675 5404 hanc
1695 5363 1816 5404 esse

237 5440 558 5509 perfectam,
585 5458 743 5514 quam
770 5442 991 5498 allectus
1019 5441 1210 5497 mentis
1239 5439 1549 5500 inﬂammat.
1577 5441 1816 5510 Quapro-

234 5538 349 5597 pter
375 5532 774 5590 discutiendum
827 5545 910 5590 est
961 5548 1135 5604 quare
1155 5533 1372 5612 mutatis
1406 5530 1582 5586 verbis
1624 5546 1815 5587 sensus

234 5636 448 5680 nosnos
490 5626 834 5682 immisceat?
860 5624 1077 5680 Intende
1101 5665 1114 5691 ,
1146 5623 1313 5692 dicit,
1341 5623 1454 5677 voci
1478 5666 1493 5690 ,
1526 5636 1645 5691 quae
1682 5622 1818 5676 solet

234 5715 405 5773 audiri
436 5733 451 5771 :
484 5728 767 5789 propterea
795 5718 917 5790 quia
947 5718 1086 5776 Deus
1132 5731 1238 5775 non
1284 5716 1520 5787 partibus
1549 5714 1818 5803 membroj

1916 4627 2089 4682 lucem
2110 4625 2345 4681 caelestis
2364 4624 2793 4681 conversationis
2826 4623 3086 4693 eruperit.
3119 4623 3334 4692 Repetit
3353 4638 3490 4693 quo-

1918 4731 2045 4786 que,
2076 4730 2246 4781 mane,
2275 4714 2399 4785 quia
2426 4714 2732 4770 necessaria
2776 4722 3012 4769 mentem
3058 4712 3290 4768 lucidam
3328 4712 3495 4768 benc-

1919 4805 2039 4860 licio
2070 4804 2279 4860 Domini
2308 4810 2485 4860 astare
2522 4805 2634 4859 suis
2669 4818 2883 4873 semper
2911 4802 3250 4860 orationibus
3278 4806 3484 4861 sentie-

1920 4897 2029 4952 bat.
2064 4898 2131 4952 Et
2160 4897 2365 4953 intuere
2390 4911 2559 4967 quare
2582 4912 2735 4952 mane
2758 4896 2965 4952 dictum
2983 4904 3105 4963 est,
3136 4897 3345 4954 scilicet
3367 4913 3501 4953 cum

1919 4987 1973 5042 in
2004 4988 2120 5057 ipso
2150 4987 2371 5043 exordia
2404 4987 2669 5043 honorum
2696 4996 2912 5043 actuum
2954 4987 3234 5044 veritatem
3263 4992 3497 5059 οωριτὶι

1920 5092 2072 5133 mens
2095 5077 2380 5133 clariﬁcata
2406 5091 2767 5148 cognoscere:
2799 5091 2868 5132 ne
2896 5085 3116 5147 putares
3133 5088 3260 5154 post
3277 5091 3497 5150 pech

1920 5182 2125 5224 moram
2158 5168 2270 5224 ﬁeri
2295 5208 2311 5233 ,
2353 5183 2459 5237 qua
2485 5167 2750 5236 potuisset
2788 5169 2996 5240 audiri,
3048 5172 3190 5227 sicut
3238 5171 3494 5228 Ezechiel

1919 5260 2176 5331 propheta
2202 5260 2331 5315 dicit
2360 5277 2375 5313 :
2408 5260 2610 5328 Impius
2638 5276 2939 5333 quacunque
2970 5262 3057 5318 die
3083 5280 3137 5318 se
3162 5265 3401 5319 averterit
3428 5266 3501 5319 ab.

1918 5352 2179 5420 impietate
2202 5366 2319 5417 sua,
2346 5364 2517 5403 omnes
2547 5350 2832 5419 impietates
2858 5356 2971 5425 ejus
3000 5369 3103 5409 non
3122 5364 3271 5409 erunt
3295 5355 3352 5409 in
3374 5370 3503 5409 me-.

1917 5441 2081 5494 moria
2108 5438 2319 5509 (Ezech.
2351 5453 2499 5505 xvtu,
2526 5439 2618 5506 21,
2646 5440 2763 5511 22).
2808 5444 3021 5509 Astura,
3049 5452 3135 5500 est
3170 5444 3315 5499 enim
3350 5459 3495 5515 prae-

1917 5539 2122 5587 sentem
2150 5542 2363 5598 semper
2384 5530 2660 5586 assistere.
2691 5532 2793 5587 Per
2824 5533 2927 5589 hoc
2951 5542 3132 5590 autem
3158 5535 3379 5592 verbum
3406 5551 3497 5592 re-

1920 5622 2120 5693 ligiosa:
2160 5620 2455 5677 devotionis
2496 5624 2820 5680 continuitas
2864 5624 3151 5680 indicatur.
3194 5624 3291 5681 Ille
3323 5627 3497 5695 siqui-

1920 5715 2042 5790 dem
2072 5715 2205 5773 bene
2235 5714 2426 5770 dicitur
2458 5714 2568 5773 Deo
2596 5726 2763 5772 astare
2802 5717 2893 5787 qui
2933 5716 3124 5788 dignus
3163 5725 3341 5786 potest
3376 5716 3499 5785 ejus
