4016 6344
554 359 623 416 55
1768 354 1837 411 Il.
1882 350 2155 413 AURELII
2184 352 2587 412 CASSIODORI
3735 352 3797 412 ὅθ

552 472 932 544 conspectibus
960 484 1250 543 apparere;
1280 467 1419 526 sicut
1445 461 1593 523 Elias
1626 464 1693 521 de
1723 478 1785 521 se
1816 465 1951 521 dixit
1984 481 1999 520 :
2035 463 2130 519 γε.
2158 464 2210 523 Α
2239 473 2415 520 autem
2447 466 2569 521 illos
2598 463 2867 537 signiﬁcat
2908 465 2997 536 qui
3038 465 3271 525 scientes
3311 467 3540 535 malum,
3572 466 3799 523 alienum

553 566 627 620 rit
670 564 941 629 Dominus,
969 564 1025 618 in
1049 565 1198 633 cujus
1231 565 1517 630 conspectu,
1546 565 1658 611 asto
1687 553 1743 629 (1
1748 553 1806 609 ll
1840 554 1967 626 Reg.
1997 570 2131 625 xvu,

553 656 645 728 1).
672 657 843 727 Supra
875 655 1048 721 dixit,
1078 650 1320 708 exaudies
1350 664 1370 703 :
1408 647 1495 703 hic
1534 646 1777 712 additur,
1813 645 1878 699 Et
1905 645 2085 699 uidebo
2114 686 2130 709 ,

552 748 805 818 quoniam
832 747 885 802 in
918 746 1007 801 illa
1045 741 1443 800 resurrectione
1476 740 1655 809 ipsum
1685 737 2011 809 conspiciat,
2046 738 2133 794 cui

553 840 643 896 hic
666 838 867 895 sanctis
894 833 1223 891 orationibus
1251 828 1597 902 supplicavit.

628 929 786 984 Vera.
814 926 869 981 4.
901 923 1154 992 Quoniam
1194 936 1298 976 non
1340 920 1482 974 Deus
1516 914 1693 974 solens
1727 917 2050 988 iniquitatem
2076 923 2133 970 tu
2190 920 2195 923 ’

554 1038 628 1077 es.
661 1019 782 1075 Non
803 1016 1045 1072 habitabit
1066 1018 1220 1088 juxta
1255 1023 1304 1067 te
1343 1012 1631 1083 malignus;
1669 1026 1828 1082 mue
1868 1024 2134 1082 permane-

557 1116 682 1169 bunt
708 1110 893 1184 injusti
918 1118 1038 1164 ante
1060 1109 1236 1163 oculos
1260 1113 1393 1161 tuos.

626 1202 784 1259 Vera.
833 1203 892 1257 εί
918 1199 1090 1256 Odisti
1131 1213 1304 1252 omnes
1341 1195 1431 1267 qui
1456 1201 1730 1263 operantur
1763 1192 2085 1260 iniquitatem
2112 1206 2133 1246 :

554 1295 735 1362 perdes
762 1309 846 1350 eos
873 1298 1027 1364 (mss.
1055 1293 1144 1360 A.,
1163 1290 1249 1358 Β.,
1267 1287 1331 1345 F.
1344 1331 1359 1359 ,
1379 1286 1575 1358 omnes)
1593 1286 1679 1357 qui
1701 1287 1979 1357 loquuntur
1989 1298 2131 1338 meno

555 1388 782 1442 dacium.

632 1479 783 1534 Vers.
806 1478 860 1533 6.
897 1475 1076 1531 Virum
1102 1475 1406 1549 sanguinum
1432 1482 1478 1529 et
1504 1474 1738 1529 dolorum
1760 1470 2134 1527 abominabitur

556 1569 827 1626 Dominus.
859 1568 914 1623 in
942 1568 1117 1639 primo
1142 1568 1351 1638 psalmo
1377 1565 1612 1622 diximus
1646 1562 2020 1619 ennmmaticaa
2048 1559 2135 1617 de-

556 1660 817 1719 ﬁnitionis
844 1660 983 1717 hanc
1019 1673 1140 1716 esse
1177 1659 1452 1726 virtutem,
1486 1665 1543 1712 ut
1581 1654 1826 1727 negando
1853 1652 1996 1725 quod
2025 1668 2131 1707 non

558 1762 664 1822 est,
696 1754 799 1811 hoc
827 1752 969 1824 quod
999 1752 1223 1808 intendit
1246 1751 1524 1807 declarare
1552 1747 1834 1812 videatur;
1858 1754 1915 1801 et
1938 1746 2131 1799 iterum

2239 556 2454 625 operari
2476 558 2718 611 nituntur
2743 556 2984 611 exitium.
3019 558 3152 612 Dum
3180 558 3314 613 dicit
3339 577 3354 613 :
3383 559 3759 612 abominabitur
3781 597 3798 625 ,

2235 646 2503 716 signiﬁcat
2525 661 2714 701 omnes
2733 662 2868 717 quos
2896 650 3142 717 superius
3168 648 3301 705 dixit
3328 664 3357 703 a
3390 664 3557 721 regno
3586 649 3794 704 Domini

2235 737 2542 794 reddendos
2564 747 2871 795 extraneos.
2903 740 2983 795 Illi
3011 741 3153 797 enim
3189 741 3529 797 abominandi
3560 751 3687 798 sunt
3716 744 3800 812 qui

2235 829 2352 899 ejus
2376 829 2593 899 prtemia
2617 832 2872 900 consequi
2895 846 3000 887 non
3032 842 3330 888 merentur.
3358 832 3651 902 Complela‘.
3681 843 3804 889 sunt

2235 922 2303 977 ab
2332 932 2558 993 utraque
2594 932 2744 993 parte
2766 926 3137 980 ennmmatica:
3158 924 3520 991 definitiones,
3543 940 3662 995 quae
3687 941 3805 980 seu-

2238 1015 2418 1069 tentias
2440 1012 2493 1068 in
2534 1028 2780 1084 magnam
2805 1014 3084 1069 utilitatem
3122 1015 3402 1070 hominum
3427 1015 3677 1070 videntur
3714 1032 3802 1070 ex-

2236 1116 2467 1172 pressae;
2517 1113 2576 1158 ut
2603 1104 2838 1159 breviter
2879 1104 3240 1175 intelligerent
3283 1113 3623 1177 peccatores,
3674 1120 3805 1177 quos

2238 1192 2501 1249 Dominus
2528 1202 2839 1249 exsecratur
2860 1203 2915 1249 et
2940 1193 3148 1265 abjiclt.

2309 1284 2469 1341 Vers.
2497 1285 2553 1339 7.
2602 1284 2714 1357 Ego
2767 1296 2937 1340 autem
2989 1288 3041 1341 in
3076 1286 3403 1342 multitudine
3448 1287 3808 1355 misericordia

2235 1383 2357 1430 tute.
2385 1373 2615 1429 Introibo
2641 1376 2696 1428 in
2721 1376 2931 1429 domum
2957 1384 3115 1429 tuam.
3145 1376 3406 1444 Quoniam
3442 1379 3611 1433 malos
3652 1379 3806 1435 dixe-

2235 1472 2320 1522 rat
2341 1464 2751 1532 abominandos,
2779 1479 3113 1536 consequens
3139 1475 3256 1521 erat
3276 1476 3335 1521 ut
3365 1481 3426 1521 se
3449 1482 3544 1536 per
3570 1468 3803 1523 divinam

2236 1559 2463 1629 gratiam
2509 1559 2563 1613 in
2614 1558 2774 1613 domo
2813 1558 3027 1613 Domini
3074 1565 3358 1614 testaretur
3402 1558 3633 1614 admitti.
3676 1559 3806 1615 Nam

2236 1663 2357 1704 cum
2394 1649 2508 1718 ipsa
2539 1647 2778 1704 Ecclesia
2807 1647 2893 1703 hic
2923 1648 3114 1702 domus
3143 1648 3212 1703 sit
3243 1647 3471 1715 Domini,
3505 1657 3685 1705 tamen
3719 1666 3809 1719 po-

2238 1748 2343 1795 test
2369 1754 2465 1810 per
2480 1752 2910 1808 unumquemque
2931 1738 3143 1794 beatum
3166 1739 3366 1805 dicere,
3392 1740 3482 1809 qui
3507 1739 3623 1809 ejus
3645 1757 3807 1796 mem-

553 1845 783 1901 diceudo
807 1843 949 1914 quod
978 1852 1084 1909 est,
1108 1841 1161 1897 id
1182 1840 1323 1911 quod
1352 1836 1623 1909 proponit,
1653 1836 1935 1893 evidenter
1963 1834 2135 1904 possit
2168 1836 2213 1897 Β
2242 1831 2335 1885 bra
2364 1838 2510 1897 sunt,
2541 1829 2839 1885 Jerusalem
2869 1828 3103 1884 futuram
3127 1843 3186 1885 se
3207 1830 3558 1885 nihilominus
3586 1831 3813 1885 intratu-

555 1932 786 1994 ostendi.
816 1931 969 2001 Quod
996 1932 1049 1988 in
1080 1931 1167 1985 his
1208 1930 1380 1986 tribus
1410 1927 1657 1984 versibus
1688 1934 1975 1993 utrumque
2007 1936 2127 1992 pro-

554 2023 715 2079 batur
739 2020 1008 2079 effectum.
1040 2020 1180 2076 Dicit
1201 2019 1346 2075 enim
1380 2036 1393 2073 :
1420 2017 1504 2073 Tu
1535 2032 1594 2073 es
1623 2016 1788 2085 Deus,
1820 2014 1912 2083 qui
1939 2012 2133 2083 iniqui-

554 2123 720 2169 tatem
776 2112 920 2169 nolle
964 2110 1324 2182 cognosceris.
1374 2106 1513 2175 Quid
1564 2105 1708 2162 enim
1758 2104 1905 2160 aliud
1955 2111 2137 2174 potest

554 2202 698 2259 Deus
724 2202 881 2268 velle,
904 2201 1005 2256 nisi
1036 2200 1180 2271 quod
1204 2199 1460 2269 probatur
1488 2195 1606 2265 ipse
1632 2194 1970 2265 praecipere?
1998 2192 2037 2248 S
2053 2193 2138 2248 ic-

555 2298 616 2347 ut
651 2292 815 2347 isaias
844 2292 919 2346 ait
944 2307 961 2346 :
995 2289 1106 2361 Ego
1141 2305 1254 2345 sum
1279 2287 1552 2358 Dominus,
1576 2287 1859 2357 quiloquor
1876 2285 2137 2359 justitiam

554 2391 605 2437 et
628 2384 878 2437 annuntio
903 2390 1041 2437 recta
1070 2383 1086 2452 (
1112 2378 1243 2438 Isai.
1278 2393 1400 2445 ην,
1430 2378 1553 2447 19).
1585 2377 1838 2448 Sequitur
1868 2394 1881 2430 :
1912 2393 2013 2430 non
2037 2376 2136 2430 Ita-

555 2471 732 2525 bitabit
750 2474 907 2543 juxta
927 2480 974 2526 te
999 2471 1276 2542 malignus.
1306 2468 1405 2524 Hie
1430 2476 1739 2539 peccatores
1764 2483 1796 2522 a
1834 2481 2000 2537 regno
2025 2466 2123 2522 Dei

554 2563 820 2634 significat
841 2560 1201 2618 excludendos
1224 2600 1240 2626 ,
1271 2560 1363 2630 qui
1394 2559 1538 2615 nulla
1563 2558 1921 2614 conversione
1947 2557 2136 2613 mutati

554 2662 701 2709 sunt.
733 2651 865 2708 Nam
895 2652 1020 2707 licet
1038 2665 1161 2708 eum
1183 2650 1472 2707 carnaliter
1499 2657 1705 2704 tantum
1733 2647 1969 2714 videant,
1994 2660 2134 2717 quos

544 2750 738 2797 reatus
767 2742 1002 2809 involvit,
1033 2741 1171 2796 sicut
1189 2740 1451 2810 scriptum
1472 2747 1555 2795 est
1581 2756 1594 2791 :
1627 2736 1881 2792 Videbunt
1911 2737 1963 2790 in
1989 2751 2138 2804 quem

552 2841 959 2903 eompunxerunt
999 2830 1198 2902 (Zach.
1239 2845 1349 2896 xn,
1384 2826 1518 2900 10);
1547 2827 1697 2899 juxta
1735 2826 1912 2897 ipsum
1957 2834 2137 2881 tamen

550 2923 801 2979 habitare
838 2931 1146 2994 nequeunt,
1179 2921 1274 2993 qui
1316 2920 1579 2991 gehennae
1609 2918 1940 2975 cruciatione
1980 2917 2136 2973 dam-

556 3015 719 3071 nandi
764 3024 909 3069 snnt.
959 3012 1216 3069 Addidit:
1248 3027 1408 3082 neque
1452 3008 1842 3079 permanebunt.
1886 3008 2138 3063 Osendit

554 3121 652 3162 eos
679 3107 733 3162 in
758 3104 963 3177 judicio
980 3104 1201 3161 Domini
1225 3101 1548 3174 generaliter
1574 3114 1697 3156 esse
1723 3106 2010 3165 venturos;
2041 3099 2135 3155 sed

2238 1935 2373 1976 ram.
2405 1920 2497 1978 Sic
2522 1920 2667 1975 enim
2690 1919 2917 1975 dicimus
2939 1929 2993 1975 et
3022 1919 3272 1989 patriam,
3319 1930 3375 1976 et
3401 1920 3712 1985 civitatem;
3761 1932 3815 1977 et

2237 2019 2413 2066 tamen
2442 2008 2526 2066 his
2550 2009 2713 2066 rebus
2746 2010 2909 2065 verba
2937 2009 3125 2064 damus
3151 2049 3169 2076 ,
3197 2024 3318 2079 quae
3346 2010 3412 2063 ad
3441 2010 3589 2065 cives
3625 2026 3810 2067 earum

2237 2101 2483 2167 novimus
2527 2101 2812 2171 pertinere.
2856 2100 2961 2157 Sed
3005 2102 3130 2171 quia
3166 2100 3261 2155 illa
3312 2100 3487 2156 futura
3516 2100 3813 2159 Jerusalem

2237 2189 2499 2260 lapidibus
2520 2191 2654 2245 vivis
2675 2201 2980 2247 sanctorum
3011 2190 3250 2246 creditur
3293 2191 3638 2248 multitudine
3666 2208 3806 2249 con-

2236 2280 2520 2346 struenda,
2548 2281 2656 2351 26
2681 2292 2803 2350 apte
2845 2280 2979 2335 dixit
3014 2298 3029 2335 :
3057 2281 3288 2336 lntroibo
3313 2283 3366 2336 in
3392 2284 3598 2336 domum
3624 2296 3773 2339 tuam
3798 2303 3815 2340 :

2235 2374 2383 2444 quasi
2402 2374 2456 2429 in
2474 2373 2616 2429 illius
2636 2372 2852 2429 fabricas
2867 2372 3105 2443 perfecta
3124 2374 3473 2431 aedificatione
3498 2377 3810 2434 concludat.

2310 2464 2462 2520 νει-ε.
2499 2465 2553 2521 8.
2586 2466 2821 2520 Adorabo
2854 2467 2923 2520 ad
2949 2468 3193 2536 templum
3223 2478 3458 2525 sanetum
3486 2481 3626 2526 tuum
3652 2473 3707 2525 in
3746 2474 3814 2527 ti-

2235 2571 2375 2610 more
2415 2565 2525 2611 tuo.
2570 2557 3031 2613 Considerandum
3071 2569 3153 2614 est
3190 2560 3331 2631 quod
3381 2576 3489 2618 non
3529 2562 3663 2619 dixit
3696 2581 3709 2617 :
3760 2566 3813 2619 in

2238 2649 2465 2718 templo,
2508 2649 2604 2705 sed
2629 2651 2698 2704 ad
2718 2652 2997 2719 templum;
3026 2653 3157 2723 quia
3191 2668 3289 2709 nec
3332 2651 3565 2725 syllabas
3602 2656 3756 2725 ipsas
3783 2672 3812 2712 s

2235 2740 2583 2797 sacramentis
2598 2756 2787 2797 vacare
2808 2743 3118 2812 praedictum
3139 2753 3247 2801 est.
3260 2745 3529 2817 Templum
3553 2758 3817 2814 sanctum,

2236 2846 2431 2903 corpus
2452 2841 2537 2889 est
2563 2832 2775 2888 Domini
2799 2833 3123 2903 Salvatoris,
3167 2836 3308 2906 quod
3337 2837 3458 2905 jure
3485 2838 3678 2894 adorat
3711 2841 3821 2897 Ec-

2235 2922 2421 2989 clesia,
2475 2937 2572 2994 per
2612 2923 2754 2994 quod
2785 2926 2979 2980 meruit
3026 2940 3148 2982 esse
3186 2927 3513 2995 reverenda;
3542 2930 3622 2986 sic
3662 2936 3821 2989 enim

2238 3013 2353 3083 ipse
2378 3013 2446 3069 de
2466 3027 2565 3070 suo
2592 3028 2819 3084 corpore
2844 3014 2980 3068 dixit
3009 3030 3023 3067 :
3055 3013 3313 3070 Destruite
3334 3017 3584 3086 templum
3614 3019 3733 3081 hoc.
3776 3034 3824 3077 et

2237 3104 2292 3158 in
2315 3104 2483 3158 triduo
2521 3104 2785 3172 wdiﬁcabo
2820 3104 2953 3158 illud
2986 3101 3161 3176 (Joan.
3187 3120 3246 3171 tt,
3280 3105 3390 3178 19).
3425 3107 3677 3179 Sequitur
3708 3130 3723 3165 :
3773 3115 3825 3167 in

555 3206 684 3253 ante
709 3196 896 3253 oculos
924 3195 1135 3251 Domini
1160 3193 1353 3249 merito
1379 3204 1696 3261 permanere
1722 3204 1831 3245 non
1860 3189 2129 3257 dicuntur,
2157 3207 2206 3271 ο
2238 3199 2415 3251 timore
2435 3204 2542 3249 tuo.
2572 3195 2640 3252 Ut
2665 3194 2843 3251 cordis
2870 3196 3337 3265 compunctionem
3367 3197 3692 3268 declararet,
3724 3204 3813 3258 ti-

522 3274 650 3361 qui
695 3290 749 3345 in
798 3298 1056 3359 perpetua
1095 3294 1362 3343 lamenta
1403 3284 1649 3341 mittendi
1687 3291 1833 3340 sunt.
1884 3284 2025 3340 Nihil
2055 3294 2138 3340 est

561 3382 710 3438 enim
736 3379 878 3450 quod
923 3380 1061 3434 Deus
1091 3391 1199 3433 nou
1239 3377 1438 3444 videat,
1498 3375 1626 3431 dum
1656 3374 1855 3446 ubique
1901 3389 2138 3444 prmsens

552 3481 615 3529 et
642 3480 785 3528 totus
811 3484 932 3527 esse
960 3476 1234 3525 noscatur.
1258 3467 1365 3524 Sed
1386 3465 1464 3521 illi
1487 3473 1636 3523 recte
1660 3479 1841 3522 coram
1873 3466 1992 3534 ipso
2016 3479 2138 3521 esse

558 3564 783 3619 minime
823 3563 1101 3630 dicuntur,
1141 3561 1232 3631 qui
1261 3560 1331 3615 ab
1368 3559 1487 3630 ejus
1515 3558 1682 3630 gratia
1753 3558 2002 3629 donoque
2028 3557 2137 3628 pri-

559 3654 719 3709 vandi
760 3662 911 3710 sunt.
959 3652 1231 3707 Hactenus
1262 3649 1528 3706 indicatus
1569 3658 1653 3705 est
1696 3648 1983 3714 Dominus,
2013 3663 2136 3704 cum

562 3744 763 3799 dicitur
807 3743 864 3799 id
923 3742 1206 3825 quodnon
1249 3751 1334 3798 est
1366 3758 1379 3797 :
1418 3754 1561 3797 nune
1598 3740 1720 3796 aliis
1764 3740 1933 3796 tribus
1965 3738 2137 3795 moilis

557 3827 859 3889 ostenditur
895 3831 1211 3889 aftirmando
1236 3832 1378 3903 quod
1418 3842 1524 3888 est.
1560 3831 1699 3887 Dicit
1723 3832 1871 3887 enim
1905 3849 1916 3883 :
1954 3830 2133 3886 Odisti

559 3940 734 3981 omnes
760 3925 848 3995 qui
868 3935 1146 3995 operantur
1170 3925 1490 3996 iniquitatem
1514 3939 1534 3989 ;
1576 3937 1683 3979 non
1718 3923 1856 3978 dixit
1880 3923 1969 3993 qui
2007 3937 2138 3993 ope-

560 4020 662 4076 rati
691 4027 837 4085 sunt,
894 4018 1020 4090 quia
1059 4018 1139 4074 illi
1169 4028 1373 4074 tantum
1413 4018 1467 4073 in
1488 4017 1691 4088 judicio
1718 4016 2133 4081 damnabantur,

557 4110 652 4180 qui
678 4124 843 4181 usque
871 4109 941 4165 ad
990 4108 1151 4165 tinem
1200 4111 1324 4164 vitae
1369 4122 1484 4165 sua:
1532 4109 1761 4164 crimine
1799 4123 1859 4164 se
1900 4108 2131 4164 nefando

557 4204 972 4261 eommaculant.
1002 4188 1110 4260 Sed
1138 4204 1276 4259 inter
1297 4203 1559 4273 speciales
1581 4203 2012 4259 enumerationes
2032 4202 2137 4257 cri-

557 4296 795 4362 minum,
832 4311 1068 4366 congrue
1117 4311 1312 4352 nomen
1354 4299 1603 4367 generale
1649 4298 1879 4366 positum
1911 4306 2025 4361 est,
2076 4296 2131 4350 id

558 4394 670 4452 est,
699 4396 1013 4455 operatores
1054 4385 1424 4456 iniquitatem,
1454 4396 1512 4441 ut
1552 4387 1623 4441 ibi
1662 4386 1929 4457 intelligas
1970 4386 2130 4455 quid-

557 4475 688 4545 quid
717 4490 749 4529 a
790 4474 983 4531 divinis
1019 4476 1287 4531 mandatis
1323 4482 1535 4530 constat
1573 4475 1832 4530 alienum.
1871 4474 2129 4544 Adjecit:

2239 3287 2407 3343 moris
2428 3286 2609 3342 intulit
2636 3286 3004 3342 mentionem:
3035 3287 3158 3357 quia
3191 3295 3317 3343 tunc
3342 3288 3475 3344 lides
3503 3290 3674 3345 solida
3705 3304 3814 3359 est,

2238 3377 2449 3449 quando
2478 3377 2647 3432 amori
2674 3386 2821 3433 casto
2842 3376 3071 3432 formido
3093 3377 3393 3434 Divinitatis
3414 3379 3724 3440 adhibetur.

2308 3475 2466 3531 Vers.
2486 3474 2539 3530 9.
2564 3473 2739 3529 Deduc
2763 3490 2865 3542 me,
2890 3473 3130 3542 Domine,
3158 3476 3211 3529 in
3223 3476 3431 3547 justitia
3451 3485 3538 3530 tua
3561 3492 3581 3531 :
3601 3491 3820 3551 propter

2236 3566 2469 3621 inimicos
2510 3580 2648 3620 meos
2688 3565 2852 3636 dirige
2896 3565 2951 3620 in
2995 3574 3270 3635 conspectu
3315 3572 3404 3620 tua
3453 3567 3585 3620 viam
3621 3584 3816 3626 meam.

2239 3658 2525 3729 Postquam
2556 3658 2853 3714 orationem
2883 3672 3033 3713 suam
3063 3658 3206 3714 dixit
3230 3660 3504 3714 matutinis
3544 3666 3818 3732 tempori-

2236 3749 2336 3805 bus
2363 3749 2680 3805 audiendam
2708 3789 2725 3816 ,
2777 3757 3118 3819 peccatorum
3145 3764 3360 3820 quoque
3383 3764 3821 3819 commemorans

2235 3840 2558 3898 exitiabilem
2619 3840 2926 3910 repulsam,
2986 3840 3113 3895 hinc
3161 3838 3448 3896 secundam
3499 3841 3809 3911 ingreditur

2236 3934 2553 3999 sectionem,
2597 3931 2877 4001 postulans
2922 3930 3205 3986 Dominum
3251 3940 3309 3986 ut
3344 3931 3454 4001 jam
3493 3930 3562 3986 ad
3604 3940 3815 3991 aeterna

2234 4022 2424 4094 gaudia
2453 4023 2773 4089 deducatur,
2803 4021 2927 4091 quia
2969 4019 3057 4076 hic
3090 4021 3320 4077 diversis
3353 4021 3679 4092 fatigabatur
3705 4040 3815 4078 an-

2235 4116 2441 4186 gustiis.
2473 4116 2562 4170 Ait
2588 4114 2733 4170 enim
2769 4132 2782 4168 :
2814 4114 2869 4167 in
2898 4123 2985 4168 tua
2997 4114 3235 4188 justitia,
3262 4113 3313 4169 id
3349 4123 3461 4183 est,
3494 4115 3620 4170 dum
3641 4116 3820 4169 conti-

2238 4206 2471 4262 tentibus
2497 4205 2692 4275 parcis,
2722 4220 2887 4275 seque
2916 4205 3226 4274 paenitendo
3254 4203 3596 4271 danmantes,
3622 4208 3823 4276 aequis.

2238 4298 2374 4353 sima
2409 4297 2646 4365 potentia
2672 4303 2779 4351 tute
2821 4296 3035 4363 pietatis
3062 4295 3323 4351 absolvis.
3350 4295 3483 4351 Nam
3515 4297 3606 4365 qui
3628 4296 3826 4368 alljicit

2234 4387 2489 4451 rebelles,
2528 4386 2732 4455 justum
2760 4395 2846 4441 est
2881 4394 2941 4441 ut
2969 4386 3097 4442 velit
3133 4387 3375 4457 recipere
3416 4388 3819 4456 supplicantes.

2237 4475 2455 4547 Propter
2477 4477 2714 4531 inimicos
2741 4493 2911 4542 meos,
2966 4476 3019 4531 id
3049 4487 3133 4533 est
3174 4487 3391 4549 propter
3419 4478 3708 4535 haareticos
3761 4490 3823 4537 et

557 4570 739 4642 perdes
767 4586 851 4626 eos
893 4571 983 4642 qui
1027 4571 1306 4641 loquuntur
1331 4569 1678 4623 mendacium.
1712 4566 1969 4621 Videntur
2011 4566 2131 4622 istm
2158 4555 2209 4617 D
2236 4581 2488 4640 paganos.
2520 4568 2667 4625 Unus
2691 4570 2831 4624 enim
2869 4583 3037 4640 pravo
3082 4570 3329 4640 dogmate
3360 4560 3824 4638 contrarius,ial-
3880 4588 3883 4589 '

556 4664 837 4720 sententia:
882 4663 1188 4719 nonnullam
1216 4662 1459 4730 recipere
1498 4660 1845 4730 quaestionem
1871 4697 1887 4725 ,
1936 4666 1994 4715 ut
2028 4658 2131 4715 ini-

557 4756 817 4824 quitatem
847 4762 1134 4823 operantes
1161 4753 1342 4809 odisse
1372 4760 1577 4807 tantum
1616 4750 1900 4807 Dominum
1931 4751 2076 4808 dicat
2112 4770 2126 4807 :

558 4844 895 4899 mendacium
923 4859 1051 4900 vero
1080 4844 1358 4915 loquentes
1379 4844 1559 4912 perire
1581 4843 1866 4899 confirmet
1891 4859 1907 4909 ;
1936 4843 2061 4899 dum
2086 4845 2132 4901 si

558 4935 790 4991 litteram
818 4935 1099 5001 intendas,
1145 4935 1359 5005 gravius
1400 4934 1648 4989 videatur
1674 4946 1796 4989 esse
1826 4948 1989 5004 agere
2029 4935 2134 4990 ini-

557 5026 817 5094 quitatem
842 5039 1001 5095 quam
1032 5025 1175 5095 loqui
1210 5023 1568 5081 mendacium.
1606 5024 1713 5080 Sed
1751 5025 1840 5079 hic
1867 5025 2134 5093 significat

559 5117 866 5185 haereticos,
886 5118 975 5188 qui
996 5116 1275 5187 loquentes
1297 5117 1659 5183 mendacium,
1684 5118 1993 5186 sequacium
2020 5118 2139 5173 ani-

557 5220 676 5262 mas
695 5206 1208 5277 perdiderunt.Quid
1230 5209 1372 5265 enim
1401 5217 1573 5278 potest
1594 5222 1715 5264 esse
1737 5210 1951 5278 gravius
1975 5225 2135 5280 quam

558 5298 632 5353 ibi
676 5312 881 5366 errare,
910 5298 997 5353 ubi
1048 5307 1103 5354 et
1144 5300 1372 5354 alterum
1419 5300 1585 5369 possit
1631 5299 2017 5369 exstinguere?
2052 5299 2136 5354 Ad

558 5394 887 5455 postremum
922 5387 1053 5442 dicit
1080 5406 1092 5441 :
1124 5388 1290 5443 uirum
1316 5390 1624 5461 sanguiuum
1664 5397 1711 5443 et
1749 5388 1986 5443 dolosum
2011 5389 2137 5443 abo-

558 5480 834 5535 minabitur
860 5480 1129 5537 Dominus.
1177 5481 1268 5537 Vir
1305 5483 1523 5551 quidem
1560 5483 1870 5552 sanguinum
1910 5490 1995 5536 est
2041 5482 2134 5550 qui

562 5567 797 5624 humano
822 5583 1016 5626 cruore
1040 5570 1327 5640 polluitur,
1359 5571 1451 5626 sed
1497 5578 1551 5625 et
1589 5570 1681 5626 ille
1710 5571 1801 5640 qui
1823 5570 2022 5639 decipit
2050 5568 2132 5622 vi-

558 5673 706 5714 vum.
754 5661 1004 5728 Addidit,
1046 5672 1095 5718 et
1132 5663 1389 5717 dolosam.
1448 5662 1608 5717 Multa
1657 5661 1800 5716 enim
1851 5674 2131 5730 perperam

544 5740 730 5831 liiunt,
773 5770 890 5825 quae
918 5755 1132 5825 propria
1177 5756 1451 5812 voluntafe
1495 5767 1602 5819 non
1646 5752 1876 5824 agimus.
1913 5751 2131 5809 Dolosus

2239 4666 2323 4716 ter
2350 4674 2456 4716 non
2484 4659 2753 4717 credendo
2768 4676 2981 4731 semper
3007 4661 3262 4717 adversus
3284 4669 3388 4718 est.
3422 4662 3645 4732 Propter
3673 4678 3824 4734 quos

2239 4753 2295 4808 in
2335 4751 2544 4807 Domini
2586 4751 2790 4822 justitia
2838 4765 2898 4807 se
2938 4753 3068 4820 petit
3109 4765 3229 4806 esse
3282 4752 3632 4822 dirigendam,
3686 4754 3824 4823 quia

2239 4843 2704 4913 prtedicationibus
2734 4843 2853 4912 ejus
2892 4857 2998 4897 non
3044 4844 3217 4898 credit
3261 4845 3581 4900 adversitas.
3628 4844 3822 4916 Dirige

2236 4937 2291 4990 in
2330 4948 2601 5004 conspectu
2642 4945 2729 4989 tuo
2774 4935 2908 4987 riam
2953 4950 3148 5002 nteant,
3200 4934 3254 4989 id
3282 4944 3400 5000 est,
3431 4936 3590 4989 vitam
3637 4952 3827 4994 meam

2241 5028 2439 5098 perduc
2464 5027 2529 5082 ad
2556 5037 2660 5082 tua:
2684 5024 2987 5081 serenitatis
3014 5034 3308 5095 aspectum.
3357 5026 3471 5081 Non
3502 5028 3644 5082 enim
3712 5044 3826 5083 no-

2243 5126 2358 5172 stra
2390 5117 2637 5171 facultate
2664 5114 2730 5172 ad
2753 5129 2873 5171 eum
2912 5115 3193 5185 pervenire
3223 5131 3540 5185 possumus,
3572 5117 3660 5187 qui
3693 5126 3830 5174 tor-

2241 5210 2410 5265 tuosis
2434 5222 2647 5276 semper
2673 5207 2881 5262 semitis
2908 5208 3265 5264 ambulamus.

2309 5298 2465 5354 Vera.
2498 5296 2585 5351 10.
2611 5296 2862 5362 Quoniam
2886 5313 2989 5352 non
3014 5307 3087 5353 est
3108 5299 3160 5353 in
3184 5314 3270 5353 ore
3292 5315 3467 5354 eorum
3492 5300 3695 5367 veritas,
3730 5317 3834 5354 cor

2239 5403 2411 5442 eorum
2438 5401 2626 5441 vanum
2654 5396 2748 5441 est.
2771 5387 2902 5443 Cum
2930 5388 3177 5458 superius
3199 5390 3408 5458 petierit
3430 5390 3495 5445 ad
3528 5401 3823 5461 aspectum

2242 5478 2486 5545 Domini,
2518 5493 2611 5548 per
2631 5480 2747 5549 ejus
2773 5479 3032 5548 justitiam
3064 5494 3123 5535 se
3153 5480 3377 5550 deduci,
3414 5491 3471 5538 ut
3508 5491 3713 5552 partem
3753 5484 3829 5537 ilo

2242 5570 2348 5624 lam
2397 5570 2675 5643 beatorum
2717 5569 2838 5640 ejus
2880 5585 3103 5627 munere
3150 5574 3321 5643 possit
3371 5573 3638 5645 adipisci,
3669 5589 3832 5633 nunc

2240 5660 2501 5717 humanas
2545 5662 2882 5730 cognoscitur
2913 5661 3188 5734 increpare
3227 5664 3493 5732 fallacias,
3523 5674 3581 5722 ut
3628 5675 3831 5721 osten-

2239 5755 2330 5811 dat
2357 5754 2746 5812 obstinationes
2767 5753 3119 5824 pertinacium
3139 5756 3507 5821 [uereticorum
3530 5772 3633 5815 non
3654 5772 3835 5825 posse
