4064 6360
333 357 366 371 δ

258 373 318 430 87

1193 363 1555 424 EXPOSITIO
1592 363 1657 419 IN
1697 361 2161 421 PSALTERIUM.
2202 359 2392 418 PSAL.
2433 360 2502 416 ν.

3429 357 3499 412 58

259 481 320 536 ad
347 477 464 533 talia
494 474 709 546 praemia
737 475 1014 545 pervenire
1035 515 1050 540 ,
1081 490 1200 546 quae
1227 477 1340 534 suis
1367 476 1614 532 ﬁdelibus
1636 473 1814 530 Domi-
1840 477 1894 534 Α
1921 473 1991 555 sit
2016 472 2122 532 ista,
2141 474 2455 542 pollicitatio
2495 488 2655 545 quam
2691 472 2938 544 superius
2963 472 3098 528 dixit
3123 489 3138 529 :
3167 473 3221 526 in
3248 481 3494 528 eternium

261 582 354 625 nus
383 566 714 638 praeparavit.
741 566 904 621 Recte
947 565 1090 621 enim
1119 567 1314 621 dicitur
1345 584 1359 620 :
1393 568 1447 620 in
1476 582 1562 620 ore
1588 567 1814 637 ipsorum

258 676 352 714 non
384 674 487 712 esse
522 658 808 722 veritatem,
861 671 1086 724 quorum
1114 671 1209 713 cor
1241 658 1450 712 vanitas
1487 655 1812 725 possidebat.

1918 563 2288 650 exsultabant?
2325 565 2449 620 audi
2503 565 2706 621 dictum
2755 565 2988 621 breviter
3029 581 3046 620 :

1915 656 1970 710 in
2010 657 2102 710 eis.
2152 657 2195 712 0
2237 671 2428 726 magna
2477 668 2533 714 et
2579 656 2866 713 ineﬁabilis
2907 657 3130 728 largitas
3175 655 3491 712 donatorisl

3095 573 3142 619 et
3189 564 3497 618 inhabitabis

261 750 450 817 Lingua
479 747 622 802 enim
653 747 894 817 sequitur
922 747 1116 802 mentis
1140 747 1442 812 arbitrium,
1485 746 1818 817 imperioque
1917 747 2054 813 Quid
2078 745 2252 802 simile
2285 756 2460 816 potest
2491 748 2633 814 dari,
2660 747 2802 819 quod
2830 748 2901 803 ibi
2943 747 3283 819 cognoscitur
3308 760 3490 802 rerum

257 840 427 898 cordis
453 839 571 909 ejus
599 838 865 892 mobilitas
894 839 1124 893 naturali
1150 838 1341 894 ordine
1371 838 1684 893 famulatur.

325 929 473 984 νει-ε.
507 928 593 981 11.
625 927 930 997 Sepulcrum
958 938 1133 996 patens
1172 937 1242 982 est
1270 937 1442 999 guttur
1481 943 1686 993 eorum,
1717 927 1818 982 lin-

257 1021 362 1090 guis
383 1020 489 1072 suis
532 1017 707 1071 dolose
733 1016 969 1087 agebant.
1003 1017 1104 1072 Per
1148 1017 1372 1088 ﬁguram
1412 1017 1701 1088 parabolen
1734 1015 1819 1070 ni-

253 1113 352 1166 mis
397 1119 706 1180 competens
750 1110 888 1164 facta
935 1110 1189 1178 probatur
1239 1110 1452 1165 allusio.
1507 1110 1819 1177 Sepulcrum

255 1205 389 1260 enim
419 1202 637 1265 mortui,
669 1210 846 1274 guttur
888 1209 969 1255 est
999 1202 1335 1267 mentientis,
1389 1201 1604 1272 quando
1629 1201 1822 1257 exitia-

255 1295 405 1348 bilem
428 1294 534 1348 sibi
555 1292 842 1346 vanitatem
877 1292 928 1344 in
957 1291 1194 1347 faucibus
1217 1293 1459 1358 revolvit,
1485 1308 1602 1363 qua:
1620 1293 1819 1347 malum

255 1385 436 1439 mortis
464 1383 675 1453 infligit.
706 1383 848 1438 Bene
888 1393 1068 1438 autem
1098 1385 1336 1450 addidit,
1362 1394 1571 1454 patens;
1601 1383 1743 1453 quod
1776 1383 1819 1437 si

254 1477 487 1531 clausum
517 1484 684 1542 esset,
712 1476 892 1530 minus
937 1474 1148 1531 feteret.
1180 1475 1406 1531 intende
1449 1476 1591 1545 quod
1639 1475 1773 1529 dixit
1802 1492 1820 1532 :

255 1568 436 1638 linguis
471 1570 583 1622 suis
625 1569 800 1622 dolose
837 1569 1072 1639 agebant.
1115 1569 1447 1639 Frequenter
1486 1571 1630 1624 enim
1668 1567 1824 1624 dolos

256 1669 454 1716 tantum
473 1662 783 1731 loquuntur,
807 1671 860 1716 et
882 1663 1079 1716 habere
1103 1677 1205 1717 non
1232 1663 1530 1731 probantur
1543 1661 1821 1726 effectum;

255 1753 347 1808 sed
382 1752 468 1807 hic
514 1762 576 1808 ut
625 1751 867 1822 graviora
907 1763 1122 1822 peccata
1174 1763 1528 1821 monstraret,
1580 1753 1820 1818 addidit,

1920 837 2179 894 Dominus
2206 839 2322 907 ipse
2342 839 2598 893 concedi?
2619 839 2752 894 Nam
2768 839 2994 909 quilibet
3019 838 3303 895 muniﬁcus
3329 839 3496 892 donat

1919 927 2006 983 illa
2034 943 2154 998 quae
2202 928 2475 994 possidet;
2529 929 2668 984 Deus
2717 940 2918 996 autem,
2957 930 3048 1000 qui
3103 938 3186 985 est
3227 927 3495 983 ineffabile

1921 1018 2116 1072 bonum
2139 1057 2155 1083 ,
2185 1031 2245 1072 se
2279 1018 2500 1088 largitur
2527 1018 2582 1072 in
2615 1021 2856 1088 praemio.
2889 1019 2954 1073 Et
2985 1019 3113 1090 quid
3153 1028 3261 1075 tam
3310 1027 3492 1089 potest

1921 1124 2042 1164 esse
2075 1110 2247 1164 simile
2296 1125 2454 1180 quam
2484 1125 2605 1164 cum
2637 1126 2734 1166 nos
2756 1111 3017 1166 bonorum
3046 1113 3284 1168 omnium
3315 1125 3495 1182 cespes

1924 1201 1996 1256 rit
2019 1210 2205 1256 auctor
2233 1201 2499 1271 implere?
2525 1200 2919 1266 Gloriabuntnr,
2947 1202 3082 1259 dixit
3116 1223 3128 1258 :
3159 1205 3280 1275 quia
3307 1204 3498 1258 effectu

1931 1281 2280 1362 perfruuntur
2321 1305 2526 1365 optato.
2559 1296 2626 1350 In
2660 1307 2708 1351 te
2737 1313 2754 1350 :
2781 1297 2902 1367 quia
2929 1305 2984 1352 tu
3014 1312 3072 1353 es
3100 1299 3362 1368 promissa
3390 1298 3496 1353 illis

1927 1384 2243 1450 litereditas;
2276 1393 2331 1440 et
2379 1386 2500 1442 ideo
2537 1387 2588 1440 in
2630 1397 2872 1441 a’ternum
2903 1388 3245 1455 exsultabant,
3278 1389 3401 1459 quia
3429 1388 3499 1444 de

1925 1487 2128 1532 interno
2159 1479 2383 1533 Domino
2403 1479 2781 1548 gloriabuntur.
2825 1480 3013 1534 Omnes
3051 1482 3137 1550 qui
3159 1480 3500 1551 diligunt'no-

1926 1585 2039 1622 men
2072 1579 2236 1624 tuum.
2268 1571 2541 1641 Significat
2569 1573 2621 1626 in
2647 1573 2736 1627 illa
2764 1575 2930 1643 patria
2955 1573 3096 1629 felici
3123 1615 3139 1641 ,
3168 1587 3356 1628 omnes
3379 1572 3500 1642 qui-

1927 1659 2050 1714 dem
2078 1661 2284 1716 Domini
2335 1664 2739 1733 participatione
2768 1665 3019 1734 gloriari;
3048 1665 3292 1736 quamvis
3322 1664 3502 1720 ineffa-

1930 1749 2022 1804 bili
2043 1750 2444 1821 dispensatione
2468 1768 2565 1824 pro
2589 1755 2900 1809 meritorum
2934 1755 3189 1825 qualitate
3213 1755 3502 1826 unicuique

255 1843 497 1914 Agebant,
527 1853 586 1898 ut
611 1845 817 1899 malitia
848 1859 953 1898 non
985 1835 1153 1898 solum
1183 1845 1234 1898 in
1278 1845 1469 1914 linguis
1488 1884 1505 1910 ,
1537 1844 1631 1899 sed
1660 1844 1820 1901 etiam
1854 1859 1902 1919 Β
1930 1853 1989 1894 se
2017 1839 2258 1896 videatur
2287 1841 2539 1912 maiestas
2563 1850 2742 1897 sancta
2773 1844 3086 1900 concedere.

257 1934 308 1988 in
337 1943 456 1988 actu
484 1935 803 1990 exsecrabili
836 1949 955 1990 esse
980 1935 1311 2006 probaretur.

325 2025 474 2081 Vers.
511 2026 601 2080 12.
633 2025 823 2080 Judira
849 2028 989 2093 illos,
1021 2027 1178 2081 Deus.
1212 2026 1461 2081 Decidanl
1503 2044 1535 2080 a
1563 2027 1828 2097 cogitatio-

254 2119 398 2172 nibus
425 2120 555 2173 suis.
590 2120 890 2190 l’rophetiaa
917 2135 1034 2174 mos
1061 2129 1143 2176 est
1169 2119 1340 2176 futura
1373 2120 1686 2190 praedicere.
1711 2121 1826 2175 Non

253 2207 394 2262 enim
422 2208 821 2264 maledictionis
844 2218 969 2264 voto
999 2211 1123 2265 talia
1150 2212 1359 2280 Optavit
1380 2211 1622 2266 Ecclesia
1644 2253 1659 2277 ,
1700 2227 1823 2266 cum

257 2298 354 2366 ipsi
386 2300 646 2370 probetur
673 2301 819 2366 addi,
845 2302 1103 2371 quidquid
1137 2303 1397 2358 bonorum
1421 2318 1644 2358 numero
1667 2303 1830 2358 vide-

258 2397 341 2443 tur
359 2390 589 2460 acquiri.
615 2391 719 2446 Sed
741 2406 961 2447 necesse
983 2402 1099 2448 erat
1119 2394 1184 2448 de
1210 2395 1572 2463 pertinacibus
1611 2403 1665 2448 et
1691 2409 1826 2464 prte-

255 2481 400 2535 scitis
420 2482 624 2548 dicere,
659 2497 793 2553 quos
819 2493 1042 2538 noverat
1065 2486 1346 2540 Dominum
1371 2501 1525 2554 posse
1552 2485 1826 2541 damnare.

259 2567 517 2624 Dccidant
549 2589 581 2624 a
609 2574 997 2643 cogitationibus
1033 2576 1140 2628 suis
1169 2617 1184 2642 ,
1217 2591 1337 2630 cum
1377 2590 1436 2631 se
1467 2592 1573 2631 non
1603 2577 1830 2631 viderint

257 2659 505 2729 adipisci,
539 2661 682 2730 quod
704 2662 1000 2718 credebant
1037 2679 1195 2732 posse
1223 2667 1538 2734 promereri.
1574 2667 1830 2723 Decidere

259 2749 400 2804 enim
432 2750 658 2820 proprie
686 2751 904 2819 dicitur,
930 2753 1022 2823 qui
1053 2755 1166 2823 spei
1210 2769 1321 2809 sua:
1359 2755 1650 2812 amissione
1688 2754 1833 2810 frau-

260 2842 436 2896 datur.

324 2933 486 2990 Vers.
535 2934 622 2990 15.
654 2932 950 2990 Secundum
994 2937 1366 2993 multitudinem
1405 2940 1724 3008 impietatum
1745 2957 1835 2997 eo-

261 3040 371 3078 rum
400 3024 600 3094 expelle
627 3041 713 3080 eos
748 3040 767 3079 :
793 3028 1028 3089 quoniam
1054 3031 1474 3085 exacerbarerunt
1499 3040 1565 3097 te,
1599 3034 1831 3090 Domine.

267 3113 363 3170 Per
396 3115 536 3170 hanc
567 3118 887 3171 sententiam
925 3118 1203 3186 discimus,
1250 3122 1391 3190 quod
1435 3131 1638 3178 tantum
1670 3140 1836 3181 unus-

2002 1929 2255 1994 Quoniam
2290 1941 2344 1985 tu
2364 1973 2380 1997 ,
2412 1931 2660 1999 Domine,
2695 1934 2956 1989 benedices
2985 1939 3206 2008 justum.
3239 1935 3503 2004 Magnitu—

1925 2018 2055 2074 dine
2097 2021 2299 2089 praemii
2341 2031 2397 2076 et
2425 2022 2738 2090 gaudiorum
2789 2023 3151 2079 immensitate
3182 2024 3499 2094 praemissa;

1929 2124 2093 2178 quare
2121 2118 2268 2169 tanto
2297 2112 2435 2165 bono
2463 2112 2699 2168 indebite
2720 2113 2991 2180 repleatur
3017 2113 3322 2168 humanitas
3341 2155 3356 2180 ,
3387 2113 3505 2167 1)ιά-

1932 2199 2068 2255 viter
2092 2200 2351 2256 docemur
2385 2219 2397 2254 :
2431 2215 2497 2258 ne
2540 2204 2659 2272 quis
2708 2204 2944 2258 ascribat
2983 2205 3188 2260 meritis
3219 2205 3329 2260 suis
3359 2205 3502 2272 quod

1934 2291 2191 2346 tributum
2215 2291 2588 2348 benedictione
2610 2303 2822 2348 constat
2847 2296 3101 2350 auctoris.

2003 2381 2238 2450 Domine,
2269 2392 2323 2436 ut
2348 2393 2487 2438 scuto
2515 2384 2661 2438 bona:
2687 2387 2958 2440 voluntatis
2979 2395 3081 2440 tua:
3102 2385 3359 2440 coronasti
3385 2401 3500 2439 nos.

1933 2471 2351 2527 Consideremus
2382 2489 2539 2543 quam
2588 2476 2736 2530 suavi
2776 2491 2840 2531 ac
2881 2477 3075 2532 decoro
3122 2478 3224 2532 line
3271 2489 3506 2547 praesens

1931 2564 2170 2634 psalmus
2207 2564 2488 2620 conclusus
2523 2574 2630 2632 est,
2692 2580 2800 2620 uno
2830 2567 2994 2621 verbo
3023 2566 3268 2622 indicans
3304 2566 3509 2621 benefi-

1936 2655 2018 2709 cia
2052 2655 2304 2722 Domini,
2335 2671 2452 2724 qua:
2478 2656 2642 2710 nullis
2679 2665 2905 2725 possunt
2931 2657 3290 2712 voluminibus
3337 2655 3508 2726 expli-

1937 2751 2068 2802 cari.
2099 2749 2246 2802 Bona
2280 2749 2541 2818 siquidem
2590 2748 2834 2804 voluntas
2873 2751 3147 2806 Creatoris
3170 2791 3185 2816 ,
3234 2764 3354 2819 quas
3405 2762 3505 2803 nos

1937 2835 2296 2890 ineﬁ'abilibus
2343 2837 2652 2892 muneribus
2705 2839 2900 2906 replet,
2946 2838 3085 2892 dicta
3139 2845 3222 2891 est
3267 2846 3506 2902 scutum,

1939 2925 2080 2994 quod
2123 2938 2306 2980 revera
2353 2938 2451 2979 nos
2483 2925 2752 2994 protegit,
2794 2926 2896 2995 2'7
2952 2934 3006 2981 et
3056 2925 3272 2994 praemia
3316 2925 3511 2980 decora

1938 3021 2205 3075 concedit.
2236 3019 2469 3090 Clypeus
2492 3020 2633 3075 enim
2654 3021 2932 3090 impositus
2958 3020 3140 3090 capiti,
3163 3034 3364 3074 corona
3393 3029 3508 3085 est;

1938 3121 2148 3181 aptatus
2173 3113 2321 3168 cordi
2348 3156 2362 3175 .
2411 3113 2676 3169 defensio.
2718 3114 2817 3169 llic
2842 3121 2924 3168 est
2967 3115 3056 3182 qui
3096 3129 3284 3170 omnes
3327 3113 3511 3168 ﬁdeles

264 3205 486 3273 quisque
508 3219 541 3258 a
572 3203 856 3261 Divinitate
884 3207 1180 3277 repellitur,
1205 3221 1460 3278 quantum
1481 3212 1596 3281 ejus
1618 3223 1831 3283 peccata
1860 3216 1905 3277 ρ
1942 3205 2174 3275 protegit
2205 3223 2218 3256 :
2253 3204 2370 3273 ipse
2401 3205 2574 3274 operit
2611 3203 2907 3259 Ecclesium
2937 3214 3048 3260 toto
3070 3206 3201 3260 orbe
3229 3203 3511 3270 δίποδαωὸ

267 3296 625 3350 cumulantur.
659 3297 939 3364 Quantitas
968 3301 1112 3354 enim
1141 3300 1322 3356 delicti
1346 3319 1594 3357 mensura
1625 3304 1836 3374 repudii

265 3397 343 3441 est
371 3404 384 3440 :
415 3387 547 3441 dum
572 3396 775 3442 tantum
798 3389 867 3442 ab
892 3390 983 3444 illo
1009 3407 1132 3446 reus
1152 3391 1360 3461 longior
1387 3393 1647 3461 redditur,
1671 3410 1840 3463 quan-

270 3482 374 3528 tum
404 3491 698 3533 numeroso
733 3478 960 3533 crimine
997 3480 1271 3535 dilatatur.
1319 3479 1570 3550 Expelle,
1622 3492 1842 3553 propter

270 3569 614 3638 cogitationes
639 3582 1010 3641 prmsumptas,
1034 3571 1231 3628 dicitur
1268 3589 1283 3627 :
1324 3575 1444 3642 quia
1469 3574 1578 3644 jam
1612 3587 1841 3630 temera-

271 3657 345 3711 ria
373 3660 650 3714 voluntate
671 3661 901 3730 decepti,
927 3662 1249 3718 videbantur
1276 3664 1375 3717 sibi
1408 3665 1560 3720 bouis
1591 3667 1839 3721 omnibus

271 3748 585 3805 intromissi.
618 3751 887 3822 Expulsos
909 3755 1050 3808 enim
1077 3753 1197 3808 illos
1219 3754 1466 3820 dicimus,
1496 3757 1588 3824 qui
1627 3755 1694 3810 de
1723 3758 1852 3830 loco

270 3839 443 3909 aliquo
463 3841 720 3897 interiore
742 3845 1023 3912 iactantur.
1042 3845 1486 3898 Exacerbaverunt
1508 3848 1648 3899 enim
1672 3861 1840 3915 :Pgro-

270 3930 308 3982 ti
354 3932 476 3985 mali
526 3933 794 3988 medicum
844 3934 1040 3989 bonum
1067 3976 1084 4002 ,
1113 3935 1205 4004 qui
1234 3936 1468 3990 remedia
1512 3936 1699 3991 salutis
1727 3952 1838 3993 sua:

272 4023 567 4079 insensibili
591 4024 785 4079 duritia
810 4037 1146 4095 respuerant.

337 4113 488 4170 Vers.
537 4114 631 4169 H.
662 4113 728 4169 Et
765 4114 1001 4169 laetentur
1022 4132 1190 4169 omnes
1215 4117 1302 4186 qui
1343 4127 1549 4183 sperant
1581 4119 1633 4171 in
1660 4127 1706 4172 te
1730 4132 1749 4171 :
1779 4118 1832 4171 in

270 4215 506 4261 a’ternum
548 4207 892 4261 exsultabant.
946 4207 1234 4276 Postquam
1283 4209 1573 4277 impiorum
1624 4210 1836 4264 debitas

271 4298 644 4352 retributiones
674 4298 929 4364 asseruit,
963 4312 1102 4352 nunc
1149 4298 1386 4354 Ecclesia
1431 4299 1570 4354 redit
1612 4299 1678 4352 ad
1709 4313 1836 4354 sau-

271 4397 413 4456 ctos,
444 4404 674 4460 quorum
725 4390 1138 4459 congregatione
1169 4389 1322 4444 beata
1352 4389 1690 4459 dignoscitur
1717 4405 1732 4443 :
1769 4404 1839 4444 ne

270 4479 446 4538 sileret
473 4482 736 4536 bonorum
760 4481 980 4550 praemia
1020 4495 1138 4549 quae
1178 4491 1400 4538 noverat
1427 4496 1548 4536 esse
1586 4491 1834 4536 ventura.

1937 3293 2052 3363 ipse
2075 3309 2286 3364 quoque
2311 3295 2650 3362 amplectitur
2677 3303 2731 3350 et
2759 3295 2979 3361 ctelnm,
3007 3310 3109 3364 quo
3130 3295 3374 3349 celantur
3395 3296 3513 3348 nni-

1939 3400 2092 3441 versa
2127 3404 2138 3438 :
2173 3387 2446 3440 munimen
2475 3385 2613 3455 quod
2645 3385 2824 3440 nullus
2870 3386 3009 3440 ictus
3039 3385 3331 3454 irrumpat;
3361 3399 3508 3438 arma

1939 3490 2056 3544 quin
2086 3476 2290 3530 nullum
2337 3477 2501 3530 intret
2540 3476 2793 3541 exitium;
2834 3491 2928 3544 per
2973 3490 3093 3545 quae
3136 3476 3314 3544 potius
3366 3484 3513 3531 mors"

1942 3566 2079 3620 victa
2110 3565 2409 3632 succubuit,
2439 3575 2494 3621 et
2517 3565 2663 3620 salus
2695 3566 2927 3619 hominis
2950 3565 3230 3634 desperata
3255 3580 3513 3621 surrexn.

1940 3655 2099 3712 Bome
2138 3657 2429 3712 voluntatis.
2452 3657 2714 3723 Quoniam
2744 3660 2952 3712 vocatio
2976 3657 3184 3711 Domini
3211 3671 3372 3712 omne
3401 3671 3515 3710 me-

1941 3749 2100 3802 ritum
2135 3747 2412 3816 praecedit,
2442 3763 2542 3802 nec
2572 3749 2773 3803 invenit
2805 3747 3045 3818 dignum,
3076 3748 3170 3802 sed
3201 3748 3357 3812 facit;
3388 3746 3510 3800 ideo

1939 3840 2080 3894 enim
2111 3840 2360 3909 gratuita,
2388 3841 2622 3909 alioquin
2648 3839 2793 3909 justa
2813 3841 3100 3896 dit-eretur.
3125 3840 3247 3894 llaec
3268 3849 3352 3895 est
3379 3853 3509 3908 ergo

1947 3933 2088 3987 bona
2112 3933 2382 3999 voluntas,
2411 3947 2531 3999 qua:
2554 3946 2650 3985 nos
2685 3940 2841 3987 vocat
2874 3942 2928 3987 et
2953 3932 3212 3997 attrahit,-
3245 3947 3342 3987 nec
3361 3930 3517 4001 quid-

1943 4041 2100 4095 quam
2151 4026 2446 4093 proﬁcuum
2481 4025 2725 4080 valemus
2770 4027 3009 4096 cogitare
3044 4026 3127 4080 vel
3161 4028 3366 4089 facere,
3412 4025 3514 4078 nisi

1945 4115 2047 4169 hoc
2075 4115 2404 4182 accipiamus
2433 4130 2462 4168 a
2494 4115 2746 4169 bonitatis
2773 4124 3022 4181 auctore,
3053 4116 3190 4169 sicut
3226 4115 3516 4184 Apostolus

1940 4205 2071 4260 dicit
2104 4221 2117 4257 :
2149 4203 2272 4257 Non
2294 4205 2426 4258 enim
2468 4219 2737 4272 possumus
2763 4205 2988 4273 cogitare
3031 4204 3230 4274 aliquid
3272 4221 3302 4257 α
3332 4204 3476 4256 nobis
3503 4244 3520 4270 ,

1939 4297 2084 4366 quasi
2137 4312 2201 4350 ex
2242 4295 2385 4350 nobis
2400 4312 2420 4361 ,°
2471 4295 2561 4349 sed
2608 4296 2906 4364 sufﬁcientia
2954 4305 3128 4350 nostra
3179 4313 3242 4351 ex
3289 4293 3400 4349 Deo
3448 4303 3522 4348 cst

1941 4386 2029 4461 (Il
2063 4386 2182 4442 Cor.
2208 4402 2288 4454 lli,
2316 4387 2393 4455 5).
2422 4387 2674 4454 Quiescat
2722 4401 2855 4456 ergo
2886 4386 3167 4458 Pelagiana
3207 4387 3474 4442 dementia
3504 4426 3519 4451 ,

1941 4497 2009 4536 ne
2037 4496 2158 4536 cum
2184 4479 2289 4536 sibi
2315 4479 2514 4550 aliquid
2549 4478 2676 4534 boni
2705 4479 2843 4536 falso
2859 4480 3133 4551 applicare
3154 4480 3360 4549 nititur,
3393 4493 3522 4535 vero

271 4565 556 4625 Considera
597 4570 741 4642 quod
770 4585 834 4626 ea
856 4586 976 4640 qua:
1013 4572 1065 4627 in
1097 4573 1271 4640 capite
1301 4587 1490 4631 versus
1528 4572 1835 4642 supplicans
1870 4599 1923 4657 D
1948 4570 2124 4641 patins
2151 4571 2410 4626 donatore
2440 4569 2734 4626 fraudetur.

273 4661 418 4730 petit,
453 4662 702 4732 sequenti
729 4671 880 4731 parte
909 4663 1097 4718 eadem
1130 4663 1430 4733 promittit:
1464 4679 1532 4718 ne
1557 4673 1838 4734 putaretur

275 4751 570 4822 ambiguum
612 4753 752 4823 quod
792 4755 1090 4808 certissime
1125 4754 1440 4824 sperabatur
1481 4769 1602 4810 esse
1644 4766 1837 4812 ventu-

275 4857 406 4900 rum.
440 4847 506 4902 Et
535 4862 604 4902 ne
651 4847 957 4902 crederetur
982 4849 1288 4918 tempmalls
1321 4863 1443 4904 esse
1490 4849 1668 4903 laetitia
1696 4889 1713 4915 ,
1760 4849 1841 4904 di-

262 4943 408 4989 ctum
445 4947 529 4992 est
558 4955 569 4994 :
611 4940 662 4991 in
707 4948 953 4994 aeternum
975 4955 994 4992 :
1022 4940 1110 4993 ubi
1153 4939 1330 5010 gaudii
1359 4939 1538 4994 nullus
1569 4950 1650 4995 est
1675 4941 1794 4994 ﬁnis
1821 4980 1836 5005 ,

278 5025 395 5080 dum
423 5031 678 5084 continue
706 5039 952 5098 percepta
978 5031 1195 5098 praemia
1227 5029 1589 5099 possidentur.
1626 5031 1838 5085 I..tucra

275 5117 407 5183 quod
430 5119 480 5170 in
507 5128 752 5173 internum
775 5119 1030 5174 exsultare
1051 5119 1180 5176 dicit
1200 5129 1476 5188 sperantes
1505 5121 1560 5175 in
1591 5121 1836 5187 Domino,

278 5207 521 5270 quoniam
562 5207 616 5261 in
659 5207 758 5261 ista
790 5209 1181 5276 temporalitate
1223 5210 1460 5278 gaudere
1510 5211 1760 5266 videntur
1789 5223 1842 5265 ct

278 5296 449 5365 impii;
486 5299 537 5353 in
563 5298 744 5356 futuro
783 5313 960 5356 autem
1003 5303 1115 5356 sola
1158 5304 1446 5362 exsnltabit
1493 5318 1708 5373 semper
1743 5304 1845 5361 Ec-

277 5387 455 5448 clesia.

345 5478 501 5535 Vers.
543 5481 627 5536 15.
661 5481 979 5538 lnltabitabis
1006 5485 1058 5538 in
1085 5486 1175 5539 eis.
1229 5485 1293 5538 Et
1321 5487 1678 5557 gloriabuntur
1717 5491 1844 5544 inte

280 5583 445 5625 omnes
487 5574 576 5642 qui
614 5575 832 5646 diligunt
875 5595 1056 5633 nomen
1097 5589 1258 5633 tuum.
1293 5581 1367 5634 De
1393 5583 1657 5650 superiori
1687 5599 1842 5638 versu

283 5661 475 5726 pendet
501 5664 598 5717 ista
625 5669 914 5734 sententia,
945 5685 1065 5739 quae
1095 5671 1239 5741 tangi
1269 5673 1483 5740 quidem
1524 5683 1720 5742 potest,
1748 5691 1788 5728 St
1808 5676 1842 5731 d

285 5752 347 5818 ad
378 5753 631 5830 liquidum
660 5775 766 5818 non
795 5763 932 5820 va'ct
959 5764 1255 5835 explanari.
1276 5764 1405 5824 Nam
1429 5766 1472 5824 si
1495 5782 1704 5840 quaeras
1724 5784 1841 5840 qur

2468 4724 2742 4781 Conclusio
2779 4726 2983 4797 psalmi.

2017 4861 2188 4928 Quam
2212 4859 2394 4915 suavis
2414 4861 2589 4915 oratio
2618 4869 2816 4916 sancta:
2847 4859 3031 4915 matris
3060 4856 3239 4913 audita
3269 4867 3371 4926 est,
3401 4874 3522 4929 qum

1948 4968 2046 5008 nos
2086 4962 2142 5007 et
2181 4953 2284 5008 ﬁde
2309 4963 2548 5022 generat,
2578 4962 2634 5009 et
2676 4953 2923 5022 religiosa
2953 4951 3284 5006 institutione
3312 4951 3523 5006 confor-

1949 5052 2077 5096 mat.
2113 5043 2328 5111 lgnaros
2357 5043 2538 5111 docet,
2570 5043 2819 5111 parvulos
2850 5041 3015 5108 fovet,
3048 5043 3272 5097 afﬂictos
3299 5043 3518 5112 relevat,

1945 5145 1999 5189 et
2042 5134 2165 5187 illos
2194 5134 2259 5187 ad
2311 5134 2521 5202 pr0pria
2570 5134 2731 5187 ubera
2783 5133 3096 5189 nutriendos
3135 5133 3356 5200 colligit,
3386 5148 3520 5201 quos

1946 5225 2028 5278 sui
2058 5226 2320 5293 dogmatis
2352 5240 2471 5280 esse
2510 5225 2803 5293 cognoscit.
2848 5225 3122 5296 Supplicat
3151 5227 3316 5290 enim,
3359 5211 3525 5278 ut‘ro-

1947 5329 2072 5383 gare
2112 5316 2419 5379 discamus;
2455 5314 2626 5369 malos
2655 5316 2866 5387 refugit,
2895 5327 2949 5371 ut
2991 5316 3251 5385 pessimos
3280 5330 3527 5370 exsecre-

1949 5422 2106 5472 mur;
2139 5406 2358 5461 conlidit
2389 5406 2440 5459 in
2488 5404 2736 5476 Domino,
2767 5416 2824 5461 ut
2849 5415 2904 5461 et
2946 5422 3044 5461 nos
3071 5406 3138 5461 de
3181 5408 3296 5476 ipso
3325 5422 3527 5474 prmsu-

1949 5514 2098 5554 mere
2117 5500 2425 5554 debeamus.
2442 5501 2529 5556 Sic
2548 5507 2799 5571 tanquam
2827 5499 3129 5555 veneranda
3154 5499 3524 5564 mater,vcrba

1949 5591 2108 5645 tradit
2133 5590 2369 5659 parvulis
2390 5591 2456 5644 ad
2481 5591 2846 5661 loquendum;
2872 5599 2928 5642 ut
2957 5591 3009 5644 in
3035 5590 3189 5643 nobis
3211 5589 3522 5643 coalescens

1948 5679 2206 5734 orationis
2254 5679 2575 5742 aﬁectus,et
2621 5679 2974 5750 psalmodiam
3016 5686 3233 5746 prmstet
3279 5676 3526 5729 humanis

1949 5770 2156 5830 actibus
2206 5771 2636 5842 consolatricem,
2665 5779 2720 5829 et
2766 5777 3143 5838 congruentem
3185 5764 3376 5822 divinis
3401 5763 3517 5832 jus-

3527 4717 3544 4778 i
