2032 3180
10 2321 28 2851 Κ

10 2778 14 2804 ξ

13 2821 21 2850 τη

21 2853 29 2891 ι

234 142 268 170 59
834 134 870 161 Μ.
890 131 1027 160 Λυῐιιιιιι
1047 128 1246 157 αιδδιυῡυιιι

234 199 354 228 sionibus
367 196 509 224 actionem.
529 194 684 228 Loquamur
705 190 855 226 ergo-quod
876 190 1013 220 admouet,
1029 187 1113 217 Acur
1128 185 1280 212 dubitemus
1299 183 1430 217 exaudiri,
1452 190 1513 210 eum
1534 183 1569 210 ab
1583 183 1653 218 ipso,
1669 186 1697 210 et
1709 182 1744 211 ad
1762 182 1861 218 ipsum

234 245 369 279 sapiamus
389 241 459 279 quod
481 239 576 272 credit,
598 244 718 279 amemus
739 240 812 264 certe
826 235 905 271 ~quod
920 235 1017 269 diligit,

235 296 265 318 ut
279 297 340 318 cum
355 276 412 323 ejus
423 278 540 315 animum
552 283 698 319 sequimur,
707 276 773 310 tunc
795 281 880 317 ipsius
894 281 939 308 ﬁlii
959 282 1019 308 sine

235 334 402 364 dubitatione
423 332 575 360 reddamur.
591 329 703 363 Quintus
723 332 811 355 autem
829 334 972 359 .numerus,
992 327 1018 353 in

237 388 291 418 quo
306 381 350 408 hic
363 379 480 415 psalmus
492 376 611 404 noscitur
623 368 794 408 constitutus,
807 374 965 401 tribuendus
979 377 1020 401 est

237 422 504 461 Pentateucho,quod
518 424 574 450 sola
590 421 708 449 Ecclesia
719 420 850 448 catholica
859 427 924 448 vere
938 419 1018 446 intel-

237 473 304 509 ligit,
320 480 376 508 quas
391 472 548 507 promissam
575 474 654 505 atque
674 471 854 503 exspectatam
876 464 1020 501 plenitudi-

238 526 300 547 nem
315 519 379 554 legis
397 517 511 552 accepit.

396 594 575 623 EXPOSITIO
592 593 626 621 IN
644 590 805 620 PSALMU‘.“
817 590 862 618 Vl.

293 651 326 679 In
339 652 414 686 finem
430 651 455 678 in
467 649 566 685 hymnis
580 656 627 684 pro
643 651 731 676 octava
744 647 859 681 psalmus
872 644 967 673 Dauid.

275 718 309 746 In
320 718 397 752 ﬁnem
407 717 462 750 jam
481 719 572 744 notum
583 719 638 747 est.
657 714 775 750 "mea
788 717 831 741 est
849 713 907 740 laus
920 712 1026 740 Divini-

241 764 317 796 tatis,
331 762 409 790 metri
421 761 533 796 alicujus
545 761 603 795 lege
611 759 769 795 composita.
783 758 835 786 Pro
849 763 936 786 octava
950 764 1024 791 vero,

241 814 272 836 ut
294 808 400 842 quidam
422 807 525 839 volant,
551 806 655 833 Domini
678 805 844 840 signiﬁcatur
872 803 1024 836 adventus,

239 854 348 889 quando
362 853 435 880 finita
448 852 539 880 saeculi
554 851 732 884 hebdomada,
747 850 780 877 ad
792 849 965 884 iudicandum
976 856 1027 876 ve-

243 900 312 927 nerit
326 899 452 933 mundum
466 908 473 926 :
488 898 560 926 unde
578 900 605 925 et
625 897 742 932 psalmus
764 896 824 930 ipse
836 903 896 923 curn
911 899 1028 922 tremore

243 945 360 972 maximo
375 944 436 972 fecit
450 943 552 971 initium
575 942 667 970 dicens
680 951 687 969 :
703 941 821 974 Domine,
838 948 869 968 ne
883 940 912 967 in
929 940 969 966 ira
984 943 1028 966 tua

243 998 338 1025 arguas
351 998 401 1022 me,
416 997 496 1024 neque
507 990 533 1016 in
545 990 633 1024 furore
650 993 694 1015 tuo
705 987 829 1022 corripias
849 994 900 1013 me.
916 985 982 1013 Nam
1002 990 1029 1013 et

244 1039 352 1062 sanctus
372 1034 487 1062 llilarius
508 1034 535 1061 in
558 1033 669 1068 prologo
683 1032 861 1065 Psalmorum,
877 1036 905 1060 et
922 1035 1030 1059 sanctus

245 1080 423 1116 Hieronymus
436 1080 463 1107 in
477 1080 643 1114 expositione
656 1078 715 1107 libri
729 1078 905 1106 Ecclesiastes
918 1077 945 1113 (1
948 1086 963 1105 n
978 1077 1028 1105 Ec-

245 1124 306 1152 cler.
327 1133 384 1161 cap.
400 1125 453 1160 χι),
468 1129 495 1152 ct
511 1130 619 1152 sanctus
633 1124 791 1152 Ambrosius
814 1124 842 1151 in
863 1124 1031 1158 expositione

246 1170 326 1198 Lucas
349 1170 520 1205 evangelista:
540 1170 608 1206 (Lib.
627 1177 646 1203 ι,
668 1178 727 1204 cap.
742 1169 787 1204 9),
802 1169 848 1197 ubi
861 1169 986 1197 Dominus
1005 1170 1031 1197 iu

247 1220 339 1243 monte
352 1216 556 1250 transliguratus
578 1220 636 1249 est;
651 1220 678 1243 et
699 1220 808 1243 sanctus
822 1215 985 1250 Augustinus
999 1215 1034 1243 de

247 1260 379 1290 Sermone
390 1261 495 1289 Domini
506 1262 533 1289 in
546 1266 646 1295 monte,
654 1261 699 1289 ubi
711 1261 746 1289 de
755 1266 817 1289 octo
827 1261 1034 1289 beatitudinibus

251 1307 407 1343 disputavit,
428 1307 461 1335 de
491 1308 542 1335 hac
563 1311 654 1336 octava
674 1308 717 1335 die
739 1307 820 1336 latius
840 1307 1035 1342 diligenterque

247 1353 331 1381 locuti
343 1358 415 1381 sunt.
432 1353 507 1382 Unde
520 1354 589 1389 quod
605 1354 698 1381 lectori
715 1353 854 1388 placuerit,
866 1353 965 1388 eligere
980 1352 1035 1379 suf-

249 1397 378 1433 fragatur.
393 1398 522 1432 Quocirca
545 1399 612 1427 tales
631 1399 703 1426 viros
717 1405 944 1426 commemorasse
957 1397 1035 1425 sufﬂ-

249 1444 303 1471 ciat
314 1465 322 1478 ,
337 1444 443 1479 quando
464 1444 534 1472 dicta
547 1451 650 1477 eorum,
667 1444 690 1472 si
704 1444 731 1472 in
746 1451 826 1472 unam
849 1443 946 1472 seriem
961 1443 1038 1471 colli-

250 1492 364 1523 gantur,
378 1489 423 1517 vix
445 1493 554 1523 possunt
572 1490 729 1524 longissimo
755 1489 891 1517 volumine
912 1496 1037 1524 compre-

253 1533 345 1561 bendi.
362 1534 399 1561 De
410 1541 461 1568 qua
475 1534 518 1562 die
532 1534 614 1562 Amos
636 1535 768 1569 propheta
781 1535 848 1562 dicit
860 1543 867 1561 :
882 1534 929 1561 Va:
947 1542 1038 1561 concu-

254 1579 408 1614 piscentibus
421 1580 488 1607 diem
503 1580 625 1613 Domini;
646 1581 736 1615 utquid
754 1581 824 1608 vobis
837 1581 904 1608 diem
915 1580 1039 1608 Domini?

253 1625 288 1653 Et
299 1626 353 1659 ipse
361 1630 399 1653 est
410 1626 465 1653 dies
477 1626 584 1653 tenebris
596 1630 684 1654 etnon
697 1626 743 1653 lus;
756 1626 845 1662 (Amos
860 1633 886 1658 v,
900 1625 957 1660 iS).
969 1625 1039 1652 Idem

253 1673 282 1697 et
293 1669 441 1704 Sophonias
461 1670 589 1705 propheta
603 1671 668 1698 dicit
683 1678 690 1698 :
706 1670 764 1698 Vox
785 1671 835 1698 diei
857 1670 959 1697 Domini
974 1671 1040 1697 dura

253 1719 278 1742 et
290 1723 379 1742 amara
388 1714 519 1750 (Sophou.
531 1723 551 1749 ι,
567 1715 622 1751 id).
636 1715 714 1744 Unde
728 1723 799 1744 nunc
810 1716 976 1744 introductus
987 1723 1043 1750 poe-

256 1759 345 1799 nitens
356 1759 505 1788 distributis
518 1760 638 1795 partibus
654 1761 784 1789 orationis
796 1761 969 1789 vehementer
978 1769 1042 1789 exo-

256 1809 309 1838 rat,
324 1812 357 1832 ne
372 1805 399 1833 in
413 1805 460 1833 illo
472 1806 517 1833 die
527 1805 623 1841 judicii
637 1806 672 1834 de
691 1807 807 1841 propriis
821 1806 983 1835 facinoribus
998 1814 1043 1834 ar-

255 1854 362 1885 guatur.
378 1850 446 1884 Quid
471 1851 543 1883 enim
567 1851 711 1885 salubrius,
730 1852 828 1888 quidve
851 1853 1042 1887 providentius,

259 1895 312 1922 nisi
334 1899 364 1923 ut
382 1896 429 1931 qui
445 1896 471 1923 in
491 1896 594 1924 meritis
606 1897 661 1925 suis
675 1905 728 1925 non
739 1902 843 1932 poterat
856 1898 956 1925 habere
969 1904 1043 1932 spem

259 1947 308 1975 pro
322 1941 483 1976 perpetratis
500 1942 614 1975 delictis,
631 1942 657 1969 in
673 1942 724 1970 hoc
745 1942 844 1970 mundo
868 1943 980 1977 positus,
1000 1943 1045 1970 ubi

259 1986 424 2020 paenitentia:
445 1987 523 2015 locus
538 1991 592 2021 est,
605 1987 724 2016 divinam
741 1988 852 2023 eligeret
870 1995 982 2016 exorare
991 1988 1047 2023 pie-

260 2032 362 2058 tatem?
999 2025 1009 2031 "

295 2077 395 2105 Verum
406 2077 489 2115 istum
505 2079 577 2107 diem
590 2086 605 2106 a
618 2078 770 2107 conditione
781 2079 883 2113 mundi,
896 2079 941 2106 alii
954 2078 1048 2107 dicunt

261 2127 321 2157 post
334 2131 465 2151 annorum
485 2131 535 2151 sex
557 2125 640 2153 millia
655 2131 715 2152 esse
728 2129 885 2158 venturum;
905 2131 1046 2159 prapterca

262 2167 333 2201 quod
353 2168 467 2202 septimo
481 2168 525 2196 die
539 2169 677 2202 Dominus,
693 2169 726 2196 ab
741 2177 822 2204 opere
837 2177 886 2197 suo
907 2170 1004 2205 legitur
1021 2172 1047 2197 in

263 2212 309 2240 illa
320 2220 410 2240 rerum
425 2213 577 2241 conditione
589 2214 722 2249 quievisse
734 2224 739 2241 :
753 2215 826 2242 mille
835 2223 919 2243 annos
932 2223 980 2250 per
990 2215 1048 2242 dies

263 2257 382 2292 singulos
396 2263 593 2294 computantes,
605 2260 668 2294 quia
678 2260 775 2295 legitur
789 2269 796 2288 :
809 2261 874 2288 Ante
888 2246 1049 2295 conspectum
1063 2246 1090 2275 D

259 2304 319 2345 vrjus
332 2304 402 2346 mille
414 2305 477 2332 anni
488 2305 553 2332 sicut
567 2305 622 2332 dies
635 2313 701 2333 unus
714 2306 801 2342 (Psal.
817 2314 929 2339 Lnxrx,
943 2306 981 2341 tl).
996 2306 1050 2334 Alii

264 2356 360 2386 putant
373 2356 433 2387 post
445 2360 575 2380 annorum
588 2357 690 2388 septem
703 2353 796 2387 millia,
810 2353 836 2381 id
847 2359 898 2386 est,
913 2356 1052 2380 transacta

266 2398 342 2425 istius
364 2399 454 2426 smculi
476 2399 634 2433 septimana,
649 2402 746 2426 octavo
766 2399 810 2427 die
823 2399 895 2426 illam
918 2402 1048 2425 mternam

267 2443 353 2471 lucem
369 2452 446 2479 posse
460 2445 606 2478 declarari;
622 2445 690 2472 sicut
703 2449 731 2473 et
746 2445 850 2472 Domini
866 2445 948 2472 nostri
961 2451 1052 2473 resur-

268 2490 353 2517 rectio
367 2490 456 2517 habita
470 2490 551 2519 fuisse
566 2491 745 2526 cognoscitur.
760 2491 813 2518 Sed
825 2497 885 2518 cum
901 2490 973 2517 dicat
994 2489 1053 2523 ipsa

270 2536 398 2564 Dominus
412 2536 438 2563 in
454 2536 595 2572 Evangelia
609 2537 720 2573 (Matth.
735 2544 808 2570 xxtv,
826 2536 875 2568 56;
895 2535 978 2563 Marc.
994 2542 1052 2568 xnr,

270 2582 327 2617 '52),
337 2583 407 2610 hunc
420 2583 502 2617 diem,
511 2592 559 2611 nec
566 2584 662 2611 Filium
678 2590 768 2616 nosse,
780 2582 857 2610 nimis
870 2581 1054 2616 importunum

271 2635 313 2658 est
331 2630 394 2659 illud
409 2631 528 2659 studiose
538 2639 666 2667 quiercre,
679 2630 750 2664 quod
764 2628 840 2656 nobis
854 2628 953 2656 utiliter
961 2627 1054 2655 divina

272 2679 438 2712 providentia
457 2678 543 2706 noluit
565 2678 693 2705 revelare.
712 2676 879 2709 Quapropter
901 2675 934 2702 ad
953 2681 1055 2702 sermo-

274 2731 335 2752 nem
352 2725 421 2753 tiluli
440 2723 627 2753 declarandum
647 2729 726 2749 nosse
749 2720 874 2753 sufficiat,
896 2724 956 2755 post
977 2720 1058 2755 hujus

274 2771 365 2798 surculi
377 2770 466 2803 linem,
482 2770 556 2796 illum
572 2768 643 2794 diem
655 2773 716 2794 esse
729 2771 894 2793 venturum;

309 2813 385 2842 Nune
397 2814 431 2841 ad
442 2812 612 2847 intelligenda
623 2811 705 2839 verba
716 2818 776 2847 qua:
793 2811 870 2838 nobis
881 2815 942 2838 sunt
951 2810 1060 2844 donata,

275 2859 404 2889 velociter
426 2858 593 2888 festinemus.
610 2857 674 2885 Nam
699 2858 721 2887 si
744 2865 811 2893 puro
830 2857 911 2886 corde
935 2857 1060 2892 petimus,

1069 230 1209 258 veniamus
1227 229 1368 256 instructi?
1385 229 1470 261 Dona,
1486 228 1608 260 Domine,
1625 227 1653 256 in
1671 227 1868 257 satisfactione

1070 281 1161 305 nostra
1177 279 1230 302 tota
1243 282 1291 302 nos
1305 275 1434 302 rliaritate
1445 274 1598 310 compuugi.
1608 273 1655 307 qui
1666 273 1745 301 nobis
1756 273 1869 300 saluta—

1070 328 1127 348 rem
1139 319 1305 354 supplicandi
1318 319 1436 354 regulam
1452 318 1608 353 praetitisti.
1621 318 1756 346 Memento
1768 322 1869 346 autem

1070 364 1142 407 quod
1159 364 1202 391 hic
1216 364 1401 399 pet-nitentium
1415 364 1518 398 primus
1530 368 1573 391 est
1589 363 1719 397 psalmus,
1737 363 1870 397 sequitur

1073 410 1222 438 tricesimus
1244 410 1357 444 primus,
1377 409 1527 438 tricesimus
1541 409 1679 443 septimus,
1694 408 1870 443 quinquage-

1072 455 1167 487 simus,
1182 454 1342 483 centesimus
1356 454 1468 488 primus,
1480 454 1641 480 centesimus
1654 454 1796 480 vicesimus
1812 460 1870 480 no-

1073 507 1134 532 nus,
1144 499 1307 531 centesimus
1319 498 1541 534 quadragesimus
1553 498 1695 525 secundus.
1704 497 1741 525 De
1751 497 1867 532 quibus,

1073 549 1103 573 ut
1114 544 1205 573 datum
1221 544 1309 578 fuerit,
1323 551 1372 571 suo
1392 545 1452 571 loco
1465 543 1593 571 dicemus.
1609 543 1681 576 Quos
1698 550 1752 570 non
1766 543 1871 570 credas

1074 591 1208 619 incassum
1219 590 1251 617 ad
1261 589 1441 624 septenarium
1456 596 1597 616 numerum
1609 588 1690 616 fuisse
1701 588 1850 623 perduCIOs
1859 609 1870 622 ,

1075 635 1181 672 quando
1193 640 1221 663 et
1235 635 1349 670 majores
1362 634 1448 662 nostri
1469 638 1571 668 septem
1594 633 1679 660 modis
1693 637 1802 667 pectata
1816 640 1874 662 no-

1075 682 1118 711 bis
1132 682 1229 710 dimitti
1245 688 1322 717 posse
1337 681 1482 708 dixcrunt:
1498 680 1585 714 primo
1608 687 1655 714 per
1679 679 1843 713 baptismum
1861 686 1871 710 ;

1076 731 1194 759 seCuudo
1207 738 1255 766 per
1267 728 1419 765 passionem
1440 727 1576 762 martyrii;
1594 727 1673 754 tertio
1688 734 1735 761 per
1747 726 1876 754 eleemo—

1077 784 1171 813 synam
1181 785 1188 809 ;
1199 780 1294 811 quarto
1309 782 1356 810 per
1372 774 1422 802 hoc
1432 773 1503 808 quod
1517 772 1676 801 remittimus
1691 775 1799 806 peccata
1812 770 1876 797 ira-

1079 821 1163 848 trlbus
1177 821 1294 853 nostris;
1310 819 1402 854 quinto
1418 825 1478 846 cum
1494 817 1655 845 converterit
1669 816 1729 850 quis
1743 821 1876 851 peccato-

1044 875 1068 905 Β
1081 874 1137 895 rem
1152 866 1186 893 ab
1199 872 1291 893 errore
1302 865 1351 891 vim
1365 871 1436 896 sum;
1451 867 1528 891 sexto
1540 869 1587 897 per
1600 861 1788 889 abundantiam
1803 860 1876 887 cha-

1078 912 1179 945 ritatis;
1190 911 1304 946 septimo
1315 917 1363 944 per
1370 909 1568 944 paenitentiam:
1577 907 1695 934 addenda
1702 913 1808 941 quoque
1823 910 1873 932 est

1078 957 1284 987 communicatio
1294 949 1365 992 [msh
1375 956 1419 988 Α.,
1428 954 1472 987 Β..
1489 953 1535 985 F.,
1554 952 1701 988 perceptio]
1711 952 1832 986 corporis
1846 956 1878 978 et

1079 1003 1216 1039 sanguinis
1226 1002 1329 1030 Domini
1343 1001 1425 1028 nostri
1437 1000 1500 1027 Jesu
1508 999 1618 1031 Christi,
1625 1002 1782 1025 cumtamen
1790 996 1879 1030 digne

1080 1046 1411 1083 suscipitur.Inveniuntur
1425 1049 1452 1072 et
1463 1044 1508 1071 alii
1521 1045 1633 1071 fortasse
1648 1042 1719 1069 modi
1733 1041 1879 1068 remissiu-

1081 1102 1163 1127 num;
1180 1092 1301 1128 congruit
1319 1090 1390 1118 enim
1404 1093 1434 1117 ut
1448 1096 1586 1116 numerum
1599 1085 1801 1122 supplicationis
1823 1092 1877 1112 no-

1082 1144 1147 1168 stra:
1157 1136 1320 1173 indulgentia
1329 1135 1417 1164 divina
1433 1133 1613 1162 transcendat.

1368 1201 1464 1229 Diuisio
1474 1201 1578 1237 psalmi.

1119 1271 1237 1305 Quatuor
1254 1268 1341 1297 modis
1362 1268 1389 1295 in
1404 1266 1456 1294 hoc
1470 1266 1572 1300 psalmo
1587 1264 1628 1291 vir
1641 1263 1772 1291 confitens
1786 1266 1813 1289 et
1827 1269 1878 1289 re-

1084 1317 1195 1351 ligiosus
1210 1319 1312 1343 exorat.
1329 1314 1357 1341 ιιι
1380 1312 1491 1340 exordio
1507 1310 1669 1338 benevolum
1692 1309 1742 1336 sibi
1755 1308 1880 1343 judicem

1086 1361 1196 1389 faciens.
1207 1359 1348 1387 Exordium
1362 1363 1404 1386 est
1416 1362 1505 1384 autem
1518 1356 1603 1383 oratio
1613 1353 1742 1381 auditoris
1754 1353 1880 1379 animum

1086 1407 1182 1435 idonee
1201 1412 1358 1440 comparans
1380 1403 1413 1431 ad
1428 1402 1556 1437 reliquam
1572 1400 1726 1431 dictionem,
1742 1398 1768 1425 id
1781 1403 1824 1425 est
1840 1418 1849 1429 ,
1865 1405 1882 1424 a

1088 1457 1218 1488 poteState
1230 1451 1339 1485 iudicis,
1354 1449 1415 1484 quia
1428 1448 1501 1475 solus
1512 1452 1553 1475 est
1569 1446 1643 1481 cujus
1657 1444 1799 1472 constituta
1815 1450 1882 1470 ser-

1087 1502 1131 1525 vat
1145 1497 1290 1524 mternitas.
1304 1495 1343 1522 Ab
1353 1493 1505 1521 infirmitate
1519 1499 1566 1519 sua
1580 1511 1587 1524 ,
1603 1491 1728 1525 quoniam
1743 1492 1880 1523 quantum

1089 1541 1301 1574 mereturlucre,
1311 1547 1363 1568 non
1380 1538 1506 1574 prmvalet
1520 1536 1692 1565 sustinere.A
1703 1535 1882 1570 28consue-

1091 1589 1184 1617 tudine
1194 1586 1328 1623 parcendi,
1335 1586 1459 1622 quoniam
1472 1592 1523 1610 non
1530 1591 1559 1610 se
1569 1582 1649 1609 vulta
1658 1580 1769 1608 mortuis
1777 1579 1882 1613 rogari,

1091 1634 1138 1662 sed
1158 1640 1172 1660 a
1188 1633 1255 1659 vivis
1276 1630 1429 1659 hominibus
1452 1629 1583 1657 conﬁteri.
1600 1625 1722 1655 Secunda
1735 1624 1885 1656 divisione

1092 1682 1185 1707 narrat
1197 1684 1330 1705 aerumnas
1342 1675 1471 1710 proprias,
1481 1674 1577 1708 quibus
1588 1672 1700 1698 afﬂictus
1711 1675 1738 1697 et
1747 1668 1884 1696 contritus

1093 1730 1154 1751 esse
1168 1722 1347 1757 cognoscitur.
1368 1718 1489 1747 Narratio
1504 1724 1568 1744 vero
1582 1719 1624 1744 est
1637 1715 1670 1742 ad
1684 1720 1790 1742 causam
1815 1719 1883 1745 pro-

1093 1769 1208 1798 habilem
1224 1767 1371 1795 faciendam
1385 1772 1475 1792 rerum
1488 1768 1622 1799 gestarum
1637 1762 1708 1789 clara
1722 1764 1749 1787 et
1762 1759 1882 1792 diligens

1097 1814 1240 1849 expositio.
1257 1812 1382 1846 Sequitur
1393 1809 1516 1837 salutaris
1526 1813 1553 1836 et
1568 1808 1648 1835 nimis
1669 1805 1805 1840 profutura
1819 1811 1884 1830 cor-

1095 1862 1188 1890 rectio.
1204 1861 1362 1894 chnestrat
1375 1858 1445 1885 enim
1456 1864 1486 1884 se
1499 1864 1513 1884 a
1528 1856 1616 1884 malis.
1630 1852 1700 1889 quod
1714 1851 1784 1879 bono
1796 1849 1884 1884 judici

1095 1911 1206 1934 noverat
1219 1912 1280 1933 esse
1293 1903 1487 1939 gratiSsimum;
1502 1905 1531 1928 ut
1544 1900 1578 1927 ab
1592 1899 1643 1926 illis
1659 1902 1735 1925 mens
1755 1895 1887 1923 reddere-

1096 1956 1139 1980 tur
1152 1949 1350 1984 aliena,quihus
1363 1952 1389 1975 et
1404 1948 1459 1981 ipsa
1472 1945 1573 1981 justitia
1585 1943 1746 1978 probabatur
1756 1941 1884 1967 adversa.

1096 1996 1224 2031 Superest
1238 1992 1438 2025 conclusio.ubi
1447 1992 1501 2026 jam
1515 1989 1651 2017 deﬁnitive
1664 1986 1763 2021 aliquid
1775 1985 1886 2015 dicitur,

1096 2030 1236 2076 postquam
1248 2038 1314 2066 nihil
1328 2037 1440 2073 amplius
1458 2031 1787 2063 desideretur.ConturbIt
1810 2030 1883 2057 enim

1097 2075 1124 2114 et
1139 2085 1261 2120 repudiat
1274 2090 1368 2111 omnes
1388 2082 1493 2116 iniqttos
1505 2100 1513 2114 ,
1529 2079 1654 2115 quoniam
1678 2084 1736 2104 cum
1757 2075 1822 2110 ipsis
1837 2075 1888 2101 ha-

1098 2130 1163 2158 bere
1177 2129 1285 2157 nolebat
1299 2128 1429 2155 ullatenus
1441 2126 1599 2160 portionem.
1616 2124 1660 2150 Sic
1675 2130 1721 2157 per
1737 2122 1784 2148 has
1797 2124 1890 2155 partes

1098 2175 1223 2211 proficuaz
1240 2173 1405 2209 pmnitentia:
1420 2178 1500 2199 causa
1514 2169 1657 2205 peragitur.
1673 2169 1785 2203 Aptatur
1799 2172 1889 2192 amem

1101 2210 1159 2248 haec
1174 2220 1228 2247 Deo
1247 2227 1294 2254 per
1316 2218 1459 2245 humanam
1483 2214 1702 2244 consuetudinem
1727 2210 1890 2239 translativis

1104 2267 1210 2294 verbis:
1227 2270 1256 2293 ut
1276 2263 1352 2300 quasi
1374 2263 1455 2298 jndex
1477 2262 1578 2294 audiat,
1603 2260 1681 2296 quasi
1701 2259 1823 2294 cognitor
1851 2258 1892 2284 in-

1103 2315 1238 2343 struatur,
1258 2310 1334 2345 quasi
1350 2309 1467 2340 nescius,
1482 2315 1542 2342 qua:
1566 2310 1627 2334 sunt
1643 2305 1711 2332 facta
1734 2307 1889 2338 cognoscat.

1104 2356 1180 2389 Quod
1195 2363 1276 2391 genus
1287 2354 1431 2382 sehematis
1441 2352 1530 2390 multis
1543 2352 1609 2379 locis
1624 2350 1743 2385 reperies
1754 2350 1779 2376 in
1792 2348 1891 2376 litteris

1105 2401 1198 2429 sacris.
1214 2400 1296 2428 Totus
1311 2404 1399 2427 autem
1413 2399 1456 2426 hic
1469 2398 1586 2432 psalmus
1601 2399 1710 2430 propter
1725 2394 1804 2421 futuri
1817 2392 1889 2427 judi-

1104 2447 1137 2475 cii
1152 2447 1275 2474 timorem
1299 2445 1417 2472 noscitur
1429 2450 1490 2471 esse
1504 2441 1685 2475 conscriptus;
1710 2438 1782 2474 quod
1798 2439 1891 2472 utique

1105 2495 1185 2519 recta:
1206 2490 1303 2517 mentis
1325 2493 1366 2516 est
1387 2488 1557 2515 imminentes
1579 2489 1699 2512 metuere
1712 2482 1893 2512 calamitates,

1105 2542 1133 2566 et
1145 2537 1209 2565 illud
1225 2537 1318 2564 timere
1340 2533 1411 2569 quod
1427 2536 1546 2560 meretur
1560 2531 1696 2564 excipere.
1708 2529 1776 2557 Nam
1788 2529 1811 2556 si
1827 2525 1891 2554 illud

1106 2588 1167 2611 ante
1186 2582 1278 2610 oculos
1302 2580 1447 2608 habeamus
1472 2578 1543 2613 quod
1567 2577 1593 2604 in
1618 2576 1746 2603 Malachia
1762 2574 1893 2610 propheta

1106 2630 1212 2665 legitur,
1227 2635 1333 2662 semper
1354 2627 1386 2653 ad
1411 2626 1468 2653 vias
1493 2629 1581 2652 rectas
1604 2623 1779 2654 recurrimus,
1795 2624 1823 2647 et
1846 2613 1896 2659 nos

1112 2661 1229 2709 prolicao
1245 2661 1340 2699 timore
1353 2671 1521 2705 corrigimur.
1542 2668 1586 2695 Ait
1599 2668 1686 2695 enim:
1702 2666 1766 2699 Quis
1782 2661 1896 2691 tolerabit

1112 2706 1178 2746 diem
1188 2718 1306 2745 introitus
1318 2718 1383 2752 ejus,
1396 2720 1440 2743 aut
1453 2715 1510 2751 quis
1522 2713 1654 2741 sustinebit
1667 2713 1693 2740 in
1708 2715 1813 2747 aspectu
1823 2706 1898 2745 ejus?

1112 2765 1172 2800 quia
1184 2765 1237 2799 ipse
1247 2763 1387 2798 ingreditur
1397 2762 1463 2789 sicut
1473 2760 1540 2796 ignis
1554 2760 1667 2794 ﬂaturae,
1683 2763 1706 2785 ct
1716 2759 1781 2785 sicut
1793 2759 1897 2791 squama

1114 2810 1262 2842 lavantium,
1276 2813 1301 2836 et
1314 2808 1407 2836 sedebit
1420 2807 1453 2833 ad
1467 2804 1641 2840 can/landum,
1657 2808 1681 2832 et
1700 2803 1735 2830 ad
1753 2806 1897 2836 repurgari:

1115 2857 1176 2884 dum
1190 2860 1324 2891 argentum
1335 2852 1460 2890 (Maian,
1473 2851 1548 2887 2,3).
1563 2850 1691 2879 Similiter
1698 2854 1725 2878 et
1734 2848 1858 2877 Salomon
1871 2843 1897 2870 iu
