4064 6360
282 359 341 413 6!
830 406 833 411 λ
1233 358 1592 417 ΕΧΡΟΞΠῘΟ
1628 359 1694 414 IN
1734 360 2186 415 PSALTERiUM.
2227 360 2414 417 PSAL.
2452 360 2535 415 Vl.
3443 368 3521 425 ω

286 470 660 528 licclesiastico
686 486 1020 542 praemonens
1047 470 1206 527 dicit:
1238 474 1366 525 Ante
1400 472 1677 526 ortttionem
1704 487 1837 540 pro.»
1867 474 1915 530 Α
1942 481 1991 525 et
2015 471 2068 524 in
2087 471 2262 539 furore
2298 488 2393 525 suo
2434 472 2746 525 conturbabit
2789 489 2872 527 eos
2906 474 3075 546 (Psat.
3109 495 3164 544 ιι,
3196 479 3254 549 5)
3283 496 3299 546 ;
3325 482 3392 538 de
3410 497 3519 551 quo

279 579 403 629 para
446 563 673 617 animam
716 573 885 629 luam;
914 575 969 618 et
1008 563 1162 628 paulo
1188 572 1303 632 post
1335 581 1348 616 :
1388 562 1642 617 “Memento
1669 562 1761 615 ira:
1790 562 1843 615 in

278 654 359 708 die
388 656 857 723 consummationis,
886 664 930 709 et
960 663 1157 725 tempus
1191 652 1533 709 retributionis
1559 655 1612 706 in
1643 669 1846 707 conter-

277 743 472 799 satione
491 745 640 815 [aciei
662 744 856 816 (Eccle.
882 761 1026 811 xvnt,
1052 746 1141 814 25,
1165 743 1282 815 ﬁt.)

810 904 1073 974 Expositio
1117 904 1320 973 psalmi.

343 1015 501 1073 Vera.
529 1016 579 1070 i.
614 1017 849 1082 Domine,
872 1036 935 1072 ne
964 1020 1016 1072 in
1047 1020 1123 1072 ira
1153 1027 1240 1071 tua
1264 1033 1451 1089 arguas
1477 1034 1576 1074 me.
1604 1016 1840 1074 Primum

276 1122 433 1164 nosse
458 1108 714 1164 debemus
743 1110 1176 1178 omnipotentiam
1207 1110 1441 1176 Domini,
1484 1110 1840 1181 eloquentiam

273 1212 423 1253 suam
453 1198 527 1252 ita
568 1198 728 1252 variis
767 1199 1056 1267 disciplinis
1095 1208 1252 1269 atque
1296 1200 1498 1253 artibus
1529 1186 1839 1269 plenissime

274 1290 490 1358 ditasse,
532 1299 593 1344 ut
619 1298 673 1344 et
698 1289 809 1357 ipsa
852 1289 1171 1344 mirabiliter
1213 1290 1613 1359 exquirentibus
1651 1300 1840 1346 ornata

273 1382 631 1451 resplendeat,
657 1390 713 1437 et
740 1381 942 1437 semina
970 1381 1298 1437 diversarum
1325 1381 1688 1437 doctrinarum
1714 1382 1839 1438 dili-

274 1480 459 1541 genter
486 1481 766 1526 retractata
810 1471 1251 1526 concedat.1linc
1300 1481 1381 1527 est
1423 1474 1566 1527 enim
1596 1474 1736 1543 quod
1782 1474 1836 1529 in

273 1565 386 1634 ipsa
414 1566 772 1634 reperiuntur,
814 1581 932 1634 qua:
962 1566 1199 1636 magistri
1243 1566 1582 1622 smcnlarium
1633 1568 1839 1623 littera-

275 1672 389 1711 rum
422 1657 486 1711 ad
519 1672 613 1711 sua
642 1666 762 1725 post
803 1655 1068 1709 volumina
1101 1657 1501 1712 transtulerunt.
1534 1658 1666 1712 Nam
1697 1659 1840 1714 inter

272 1750 407 1803 alios
428 1757 619 1815 status,
650 1763 783 1819 quos
806 1755 1045 1801 oratores
1071 1749 1247 1802 causis
1272 1749 1666 1819 cmergentibus
1697 1750 1838 1805 indi-

1944 574 1995 621 et
2017 565 2154 619 alius
2185 565 2440 633 propheta
2466 564 2596 619 dicit
2625 584 2638 619 :
2675 565 2796 620 Dies
2818 567 2931 633 illa,
2955 569 3064 623 dies
3086 571 3196 630 irre.
3225 573 3333 628 dies
3356 575 3519 633 tribu-

1944 658 2147 713 lationis
2177 666 2221 709 et
2243 658 2497 725 angustius
2526 656 2784 727 (Saplton.
2811 657 2989 729 1,15).
3486 720 3487 723 η

2018 746 2169 801 Vera.
2195 745 2250 800 2.
2280 744 2529 800 Miserere
2567 748 2686 813 mei,
2722 748 2958 817 Domine,
2990 753 3232 821 quoniam
3279 755 3516 823 inﬁrmus

1943 854 2076 894 sum.
2096 836 2422 892 lniirmitatis
2449 837 2718 893 confessio
2742 840 2976 896 caelestis
2996 842 3184 899 Medici
3210 846 3515 905 misericor-

1945 930 2083 984 diam
2113 938 2311 994 movet,
2339 943 2369 982 a
2397 941 2501 996 quo
2537 928 2691 983 facile
2728 930 3076 998 impetrantur
3104 935 3361 1001 remedia,
3389 951 3513 992 cum

1943 1020 2301 1074 ostenduntur
2358 1019 2578 1074 vulnera
2631 1020 2933 1075 manifesta.
2985 1022 3098 1077 Non
3148 1026 3291 1080 enim
3335 1025 3512 1082 dixit:

1942 1111 2196 1181 quoniam
2228 1124 2457 1174 mereor,
2480 1109 2598 1177 sed,
2628 1110 2750 1180 quia
2774 1111 3031 1180 justitiam
3063 1123 3206 1170 tuam
3244 1116 3515 1177 sustinere

1944 1218 2049 1258 non
2094 1203 2264 1257 valeo.
2294 1201 2338 1256 0
2367 1202 2648 1257 clementia
2690 1218 2881 1273 magna
2923 1204 3227 1263 Creatoris!
3273 1223 3302 1263 a
3328 1209 3510 1279 judice

1943 1292 2268 1363 percipimus
2312 1292 2437 1362 quid
2459 1292 2538 1348 rei
2565 1293 2743 1348 dicere
2776 1293 3095 1361 debeamus;
3114 1296 3366 1354 docemur
3396 1301 3511 1369 pie-

1940 1392 2105 1441 tatem
2145 1393 2350 1454 petere,
2385 1399 2451 1439 ne
2477 1397 2577 1439 nos
2599 1384 2802 1452 justitia
2851 1389 3019 1455 possit
3057 1389 3356 1447 absumere.
3380 1393 3513 1460 Quis

1943 1475 2087 1531 enim
2130 1473 2240 1544 jam
2284 1473 2492 1527 dubitet
2530 1488 2652 1528 eum
2681 1475 2852 1540 verba
2890 1490 2987 1532 sua
3020 1479 3203 1535 audire
3231 1494 3389 1549 posse
3419 1501 3431 1534 :
3464 1486 3511 1540 si

1944 1576 2120 1620 tamen
2152 1563 2272 1617 talis
2292 1565 2362 1619 sit
2388 1564 2656 1633 precantis
2674 1566 2904 1634 animus,
2926 1570 3137 1639 qualem
3168 1572 3284 1641 ipse
3304 1580 3388 1628 est
3418 1573 3508 1643 ju-

1942 1656 2073 1712 bere
2098 1655 2380 1723 dignatus?

2011 1747 2169 1803 Vers.
2192 1746 2243 1801 5.
2275 1745 2418 1801 Sana
2440 1762 2535 1814 me,
2562 1744 2799 1811 Domine,
2824 1749 3064 1816 quoniam
3078 1750 3513 1808 conturbatum

271 1840 484 1905 derunt,
513 1840 875 1893 concessivam
916 1837 1343 1907 deprecationem
1384 1854 1506 1894 esse
1548 1840 1830 1907 dixerunt;
1865 1830 1909 1889 Β
1939 1837 2109 1892 omnia
2137 1852 2252 1889 ossa
2278 1852 2410 1891 mea.
2450 1835 2506 1890 In
2536 1836 2913 1905 deprecatione
2951 1838 3137 1894 eadem
3180 1852 3506 1910 perseverat.

269 1942 391 1982 cum
432 1944 555 1984 reus
596 1943 699 1982 non
729 1928 781 1982 id
821 1928 963 1998 quod
1006 1927 1201 1982 factum
1231 1938 1314 1983 est
1356 1929 1612 1997 defendit,
1657 1931 1753 1986 sed
1783 1940 1840 1985 ut

270 2018 572 2087 ignoscatur
598 2018 917 2086 expostulat.
946 2017 1045 2085 Qui
1088 2027 1256 2074 status
1291 2020 1414 2075 licet
1444 2021 1668 2076 inermis
1698 2023 1839 2091 apud

270 2118 481 2164 terrena
523 2110 721 2180 judicia
750 2109 1016 2176 videatur,
1048 2110 1397 2179 humanisque
1428 2112 1632 2166 viribus
1666 2113 1855 2168 desti-‘

270 2208 415 2255 tutus
441 2241 459 2267 ,
488 2202 679 2257 invicta
715 2211 890 2258 tamen
918 2200 1059 2269 apud
1089 2201 1251 2255 Deum
1284 2202 1577 2258 munitione
1606 2205 1837 2274 praecin-

268 2292 440 2360 gitur,
462 2301 520 2347 ut
540 2308 694 2361 quem
718 2294 860 2348 nulla
880 2293 1167 2363 praevalent
1191 2307 1503 2364 argumenta
1526 2288 1837 2362 defendere,

268 2381 381 2436 sola
412 2383 581 2452 possit
603 2383 774 2439 fidelis
800 2383 1068 2439 confessio
1098 2384 1390 2441 vindicare.
1420 2386 1529 2441 [loc
1560 2403 1687 2444 vere
1719 2402 1838 2457 pa:-

267 2470 556 2527 nitentibus
584 2471 756 2538 datur,
778 2474 868 2541 qui
894 2471 1021 2526 dum
1060 2485 1121 2527 se
1162 2474 1381 2542 cupiunt
1407 2475 1704 2543 absolvere,
1738 2476 1839 2545 ipsi

268 2562 444 2629 potius
474 2563 685 2632 prepria
714 2564 951 2619 nituntur
976 2563 1114 2619 facta
1159 2564 1433 2621 damnare.
1466 2566 1558 2622 Sic
1584 2577 1636 2621 et
1668 2567 1833 2623 lsaias

266 2661 482 2706 monet:
515 2651 611 2706 Dic
646 2661 702 2705 tu
736 2648 1035 2723 iniquitates
1081 2663 1197 2708 tuas
1243 2657 1405 2724 prius,
1438 2665 1493 2711 ut
1531 2658 1838 2726 justiﬁceris

266 2736 422 2807 (lsai.
449 2756 597 2807 thu,
624 2740 740 2811 26).
765 2741 917 2799 Nunc
960 2745 1404 2800 considerandum
1452 2753 1537 2802 est
1582 2763 1739 2816 quam
1770 2747 1841 2801 sit

265 2827 549 2883 verborum
580 2828 801 2886 istorum
827 2846 1061 2904 congrua
1090 2836 1441 2905 salutarisqne
1483 2835 1697 2905 positio.
1724 2836 1839 2892 Non

256 2917 409 2973 enim
431 2920 697 2990 supplicat
722 2922 945 2978 Domino
972 2924 1291 2993 Patri,sicut
1317 2936 1371 2982 et
1390 2926 1509 2982 aliis
1535 2928 1704 2983 visum
1733 2937 1836 2995 est,

264 3018 323 3065 ut
349 3026 455 3067 non
483 3022 735 3083 arguatur
761 3056 778 3082 ,
810 3017 906 3071 sed
948 3032 1015 3072 ne
1041 3018 1092 3071 in
1120 3017 1307 3086 judicii
1336 3020 1621 3074 severitate
1648 3020 1838 3089 culpe-

267 3110 389 3157 tur:
421 3104 543 3171 quia
570 3104 656 3159 bic
677 3105 858 3161 multis
881 3107 1031 3177 argui
1064 3109 1207 3163 salus
1232 3116 1334 3178 est,
1376 3109 1517 3165 sicut
1540 3110 1594 3165 in
1625 3113 1836 3180 Apoca-

267 3191 403 3262 lypsi
429 3192 646 3249 Joannis
668 3195 896 3264 legitur:
928 3196 1039 3268 Ego
1064 3214 1191 3267 quos
1219 3215 1338 3253 amo
1363 3200 1619 3273 redarguo
1643 3178 1690 3255 et
1713 3218 1830 3256 cas-
1859 3178 1907 3241 ε

266 3283 369 3353 ligo
395 3282 578 3351 (Apoc.
621 3300 701 3350 nt,
736 3284 843 3356 i9).
872 3286 1005 3341 Nam
1038 3289 1109 3342 ita
1139 3299 1194 3343 et
1219 3288 1320 3358 ipsi
1359 3289 1527 3344 David
1575 3292 1826 3361 contigit,

265 3388 384 3429 eum
410 3390 529 3431 eum
555 3379 858 3447 prophetica
885 3380 1119 3435 correxit
1146 3382 1401 3437 invectio.
1434 3384 1624 3452 Arguit
1653 3392 1708 3438 et
1751 3383 1836 3437 Fi-

267 3466 389 3533 lius,
412 3470 547 3523 sicut
574 3469 627 3523 in
654 3472 757 3525 alio
786 3472 991 3540 psalmo
1018 3472 1257 3543 legitur:
1291 3473 1517 3544 Arguam
1551 3484 1617 3541 te,
1651 3486 1700 3530 et
1730 3485 1834 3530 sta-

267 3567 412 3610 tuam
436 3560 526 3612 illa
550 3571 668 3613 ante
693 3562 877 3630 [aciein
914 3570 1056 3615 tuam
1099 3562 1273 3634 (Psat.
1313 3579 1461 3630 xux,
1501 3564 1617 3636 21).
1648 3565 1840 3636 Arguit

264 3649 425 3704 etiam
463 3649 690 3719 Spiritus
718 3661 953 3721 sanctus,
982 3654 1119 3709 sicut
1151 3654 1408 3725 scriptum
1436 3666 1519 3712 est
1554 3674 1567 3710 :
1600 3654 1728 3711 Cum
1753 3674 1837 3712 ve-

266 3741 394 3793 nerit
417 3741 636 3811 Spiritus
662 3742 978 3810 Paraclctus,
1012 3746 1121 3814 ipse
1150 3754 1330 3816 arguet
1357 3746 1607 3800 mundum
1638 3747 1701 3801 de
1718 3764 1837 3818 pec-

263 3844 378 3887 cato
428 3834 605 3904 (Joan.
638 3851 751 3899 xvr,
781 3836 858 3896 8).
890 3836 1058 3892 Dicite
1103 3852 1264 3906 nunc,
1313 3840 1572 3908 perversi,
1617 3839 1706 3895 ubi
1752 3851 1838 3896 est

268 3917 354 3971 hic
391 3926 595 3974 natura:
637 3920 1016 3988 potestattsque
1044 3920 1318 3987 distantia,
1347 3923 1561 3993 quando
1590 3938 1688 3978 nec
1720 3923 1834 3993 ipsa

265 4008 570 4076 discrepant
614 4011 808 4067 verba?
845 4012 1181 4067 Conticescat
1214 4015 1409 4068 Ariana
1455 4016 1688 4084 nequitia
1720 4033 1735 4069 :
1770 4030 1837 4071 ne

266 4099 353 4166 qui
394 4099 579 4154 volunt
606 4099 658 4153 in
692 4110 877 4156 sancta
901 4101 1160 4157 Trinitate
1206 4104 1495 4173 sacrilegas
1539 4103 1834 4158 divisiones

266 4191 485 4260 inferre,
515 4192 613 4262 ipsi
655 4208 716 4249 se
754 4208 785 4247 a
824 4207 988 4263 regno
1017 4192 1228 4248 Domini
1270 4194 1566 4263 probentur
1614 4194 1839 4248 abscin-

266 4281 417 4339 dere.
515 4334 521 4340 .
634 4277 643 4283 ’

340 4373 524 4444 Neque
554 4376 610 4429 in
634 4377 809 4447 furore
833 4383 920 4430 tuo
948 4376 1197 4445 corripias
1225 4392 1320 4430 me.
1349 4375 1430 4431 Ira
1452 4385 1506 4433 et
1534 4376 1681 4432 furor
1699 4377 1841 4447 judi-

264 4463 343 4519 cis
392 4472 576 4519 contra
629 4480 781 4519 reum
822 4464 1176 4520 damnationis
1225 4466 1446 4522 etl‘ectus
1488 4476 1597 4532 est;
1640 4468 1692 4521 id
1733 4478 1835 4534 est,

1944 1928 2039 1983 Pio
2080 1927 2289 1983 Medico
2333 1927 2550 1991 dicitur,
2582 1927 2950 1996 :cgritudinem
2985 1930 3215 1985 tabidam
3247 1947 3414 2003 usque
3440 1934 3508 1988 ad

1941 2019 2197 2076 interiora
2222 2019 2452 2083 venisse,
2479 2032 2547 2073 ne
2567 2018 2808 2074 differret
2834 2020 3111 2091 auxilium,
3127 2024 3208 2076 cui
3232 2023 3512 2079 imminere

1940 2112 2295 2183 cognoscebat
2321 2109 2566 2165 exitium.
2602 2110 2731 2166 Ossa
2758 2109 2848 2166 hic
2877 2127 2972 2181 per
2998 2113 3331 2185 allegoriam,
3361 2114 3511 2169 forti-

1942 2204 2180 2259 tudinem
2205 2202 2399 2257 mentis
2427 2201 2685 2258 debemus
2710 2202 2860 2257 adve:
2875 2212 3008 2267 tere,
3023 2219 3140 2273 qua:
3165 2219 3285 2259 cum
3308 2204 3507 2271 deﬁcit,

1940 2294 2090 2363 vigor
2120 2292 2294 2347 omnis
2323 2291 2574 2358 elabitur,
2604 2292 2741 2347 sicut
2783 2301 2837 2347 et
2862 2293 3074 2349 ossibus
3103 2294 3364 2364 quassatis
3384 2309 3507 2353 cor.-

1936 2399 2041 2457 bpus
2072 2370 2296 2437 minime
2321 2380 2648 2437 continetur.

2013 2474 2167 2531 \‘ers.
2196 2474 2251 2528 4.
2285 2473 2351 2527 Ει
2372 2474 2544 2527 anima
2571 2488 2680 2527 mea
2702 2473 2903 2526 turbata
2921 2481 2994 2528 est
3020 2474 3200 2529 valde:
3227 2483 3273 2528 et
3302 2484 3374 2541 tu,
3402 2474 3511 2529 Do-

1940 2564 2094 2629 mine,
2120 2563 2424 2633 usquequo?
2455 2560 2553 2629 Ne
2575 2577 2770 2633 corpus
2805 2562 3155 2634 intelligeres,
3201 2564 3342 2633 quod
3387 2577 3508 2625 ossa

1940 2652 2254 2721 nominavit,
2287 2653 2513 2706 anintam
2554 2667 2705 2708 suam
2732 2652 2876 2709 dixit
2919 2670 3027 2708 esse
3055 2654 3332 2709 turbataml
3363 2656 3510 2712 Bene

1939 2752 2117 2799 autem
2170 2744 2315 2797 valde
2360 2744 2597 2798 additum
2636 2752 2739 2809 est,
2774 2759 2841 2798 ne
2867 2743 3107 2800 clemens
3130 2746 3339 2800 auditor
3361 2756 3511 2816 pate-

1926 2838 2090 2890 retur
2118 2835 2318 2888 diutius
2345 2833 2721 2897 diil'erendum,
2742 2834 2786 2887 si
2810 2835 2972 2887 nimis
3007 2849 3130 2889 eum
3167 2850 3272 2890 non
3304 2850 3507 2904 cogno-

1941 2934 2116 2979 sceret
2164 2923 2333 2978 fuisse
2385 2923 2675 2978 turbatum.
2728 2920 2999 2991 Usquequo
3048 2924 3505 2994 subaudiendum,

1940 3014 2142 3082 differs,
2171 3014 2261 3084 qui
2307 3028 2474 3083 usque
2521 3013 2587 3067 ad
2621 3013 2781 3067 linem
2821 3026 3008 3082 preces
3047 3013 3347 3083 supplicum
3397 3029 3505 3070 non

1942 3108 2084 3162 soles
2140 3105 2404 3160 ullatenus
2458 3103 2738 3159 oblivisci?
2785 3103 3111 3173 Supplicatio
3167 3106 3362 3177 quippe
3408 3107 3510 3162 ista

1940 3196 2148 3266 magnis
2191 3193 2594 3251 commendatur
2633 3194 2921 3263 angustiis;
2955 3201 3017 3248 ut
3054 3203 3267 3264 recepta
3310 3194 3510 3249 sanitas

1940 3286 2224 3357 pretiosior
2262 3285 2430 3354 possit
2470 3285 2706 3355 agnosci.
2731 3285 2797 3339 Et
2822 3285 3050 3341 intuere.
3083 3285 3210 3354 quia
3248 3283 3507 3354 justitiam

1941 3377 2152 3431 Domini
2183 3391 2395 3445 semper
2426 3376 2687 3445 pmnitens
2718 3375 2820 3430 iste
2843 3373 3060 3443 refugit,
3086 3384 3141 3430 et
3173 3374 3511 3430 consuetudi-

1938 3478 2063 3524 nem
2093 3467 2208 3536 ejus
2238 3465 2582 3536 benignitatis
2607 3469 2873 3535 exposcit.

2012 3556 2166 3612 Vera.
2194 3557 2246 3612 5.
2273 3556 2590 3623 Convertere,
2614 3565 2661 3609 et
2686 3557 2824 3626 eripe
2843 3557 3066 3610 animant
3096 3571 3257 3610 meum
3271 3573 3291 3623 ;
3313 3555 3510 3627 salvum

1939 3664 2021 3702 me
2042 3648 2125 3717 [ac
2145 3656 2351 3719 prapter
2378 3645 2783 3700 misericordiam
2813 3656 2972 3700 tuam.
2998 3644 3132 3701 Cum
3156 3646 3267 3701 Deo
3292 3646 3510 3711 dicitur,

1941 3736 2263 3804 Convertere,
2291 3735 2540 3791 vindictae
2570 3736 2828 3791 relaxatio
2859 3737 3177 3806 postulatur,
3218 3747 3275 3791 nt
3302 3736 3512 3792 debitas

1939 3829 2106 3899 ipsius
2126 3828 2329 3897 justitia
2352 3827 2421 3882 de
2444 3826 2597 3882 nobis
2618 3842 2722 3881 non
2751 3828 2933 3896 exigat
2950 3827 3332 3883 ultiones.Sive
3362 3842 3514 3901 more

1939 3928 2125 3975 nostro
2156 3918 2348 3973 dicitur
2378 3918 2511 3985 Deo,
2541 3919 2648 3988 29
2678 3917 3008 3983 Convertere,
3039 3919 3177 3973 sicut
3216 3918 3389 3972 aversi
3421 3906 3513 3973 so?-

1939 4010 2052 4066 Ient
2074 4012 2248 4079 rogari
2283 4026 2297 4063 :
2330 4010 2416 4077 qui
2441 4019 2531 4063 aut
2570 4009 2838 4077 respicere
2868 4009 3070 4075 nolunt,
3105 4018 3195 4064 ant
3223 4009 3509 4063 subvenire

1938 4108 2305 4155 contemnunt.
2364 4097 2523 4169 Eripe
2578 4099 2799 4150 animant
2844 4114 3044 4162 meam,
3100 4100 3167 4152 ab
3215 4098 3513 4151 imminenti

1939 4191 2148 4246 scilicet
2176 4188 2457 4255 supplicio,
2486 4187 2626 4255 quod
2675 4185 2902 4238 debetur
2949 4186 3275 4239 errantibus.
3307 4187 3515 4239 Avertit

1938 4281 2080 4337 enim
2110 4295 2141 4334 a
2173 4277 2331 4334 nobis
2357 4277 2562 4332 debitas
2583 4289 2789 4347 pinnas,
2814 4289 2934 4330 cum
2957 4290 3048 4329 eas
3074 4276 3395 4331 relaxaverit
3422 4277 3513 4331 bc;

1939 4370 2097 4440 nigna
2144 4367 2409 4424 remissio.
2459 4366 2708 4437 Congrue
2736 4381 2886 4431 vero,
2916 4375 3220 4435 convertere,
3251 4368 3303 4421 in
3336 4371 3510 4437 poeni-

1942 4460 2104 4514 tentis
2134 4471 2292 4529 prece
2315 4457 2562 4526 ponitur;
2592 4456 2733 4525 quod
2775 4456 3226 4511 satisfacientibus
3257 4458 3513 4514 Dominus

266 4565 445 4611 motus
486 4557 648 4611 animi
690 4558 987 4613 concitatus
1031 4557 1096 4612 ad
1129 4573 1339 4627 poenam
1371 4572 1665 4627 provocans
1705 4560 1838 4615 infe-
1867 4536 1920 4596 Π
1944 4550 2223 4621 pollicetur
2250 4549 2473 4603 dicens:
2505 4547 2867 4602 Convertimini
2894 4548 2962 4601 ad
2991 4564 3086 4612 me,
3120 4558 3165 4600 tt
3187 4564 3276 4619 ego
3305 4565 3514 4601 conver-

264 4647 505 4703 rendam.
523 4648 630 4703 Sed
667 4650 745 4703 ira
775 4650 930 4717 longa
959 4651 1252 4720 indignatio
1293 4660 1377 4705 est
1410 4669 1422 4703 :
1456 4651 1603 4706 furor
1644 4667 1839 4721 repen-

266 4740 373 4794 tina
405 4742 598 4795 mentis
623 4740 890 4796 accensio.
917 4741 1043 4796 Hmc
1074 4752 1253 4797 autem
1288 4741 1577 4811 allegorice
1609 4742 1840 4797 transla-

264 4831 385 4886 tivis
413 4832 590 4887 verbis
633 4833 807 4888 edscta
855 4840 1007 4887 sunt.
1050 4831 1313 4888 Caeterum
1362 4833 1618 4887 Dominus
1644 4848 1742 4888 nec
1765 4833 1841 4887 ira

264 4923 623 4989 confunditur,
655 4938 756 4978 nec
784 4923 964 4979 furore
990 4924 1258 4978 turbatur:
1284 4922 1377 4977 sed
1409 4924 1460 4977 in
1487 4939 1588 4977 una
1620 4925 1835 4979 eadem-

264 5031 365 5086 que
389 5031 603 5085 semper
627 5018 809 5087 gloria:
830 5030 941 5071 sum
978 5018 1361 5087 tranquillitate
1386 5017 1649 5072 consistit.
1678 5017 1839 5072 δῑιιιί-

260 5109 386 5165 liter
414 5119 467 5166 et
483 5109 688 5181 Moyses
708 5108 834 5164 dicit
857 5126 872 5162 :
902 5107 1047 5165 Sicut
1072 5109 1269 5163 laetatus
1291 5118 1364 5163 est
1393 5108 1644 5162 Dominus
1672 5108 1837 5175 a'di/i-

262 5215 381 5255 cans
410 5215 518 5266 vos,
545 5208 594 5253 et
614 5215 833 5254 crescere
862 5200 1075 5268 faciens,
1103 5200 1177 5253 sic
1206 5198 1460 5253 (relabitur
1506 5199 1731 5269 aﬁiigens
1751 5214 1836 5252 vos

261 5304 412 5365 atque
439 5295 731 5349 subuertens
760 5293 938 5364 (Deut.
966 5307 1150 5357 xxvm,
1169 5290 1283 5360 65).
1314 5292 1450 5347 Petit
1475 5307 1602 5363 ergo
1631 5301 1686 5347 ut
1712 5299 1837 5345 ante

257 5384 539 5452 judicium,
569 5398 675 5439 non
725 5385 779 5439 in
826 5383 1026 5453 judicio
1066 5382 1422 5452 corripiatur:
1455 5386 1574 5454 quia
1631 5383 1718 5453 qui
1765 5382 1835 5437 ibi

260 5476 526 5543 arguitur,
556 5475 673 5530 sine
697 5474 1032 5530 dubitatione
1069 5473 1367 5527 damnatur.
1400 5472 1469 5526 Et
1500 5483 1679 5527 mente
1709 5488 1836 5527 con-

259 5568 492 5623 dendurn
522 5575 626 5634 est,
653 5567 793 5637 quod
818 5567 936 5623 dies
958 5566 1144 5636 judicii
1168 5579 1267 5634 pro
1293 5561 1484 5620 timore
1525 5564 1836 5633 magnitudi-

261 5660 346 5715 nis
374 5675 488 5714 sum
533 5660 610 5713 ira
654 5666 710 5713 et
752 5659 901 5713 furor
926 5666 1179 5723 vocatur;
1226 5655 1363 5711 sicut
1405 5663 1459 5709 et
1502 5654 1555 5710 in
1602 5653 1837 5709 secundo

263 5753 469 5823 psalmo
499 5751 701 5808 dictum
733 5762 812 5809 cst
846 5770 858 5805 :
890 5750 1035 5806 Tunc
1064 5751 1296 5820 loquetur
1317 5748 1385 5803 ad
1414 5764 1496 5803 cos
1522 5747 1571 5801 in
1601 5748 1678 5801 ira
1720 5762 1835 5815 sua,

1942 4654 2022 4697 tar
2046 4644 2115 4696 ad
2142 4658 2229 4696 vos
2249 4640 2431 4711 (Zaclt.
2462 4656 2502 4706 ι,
2535 4640 2612 4711 '5).
2638 4639 2854 4698 Salvum
2877 4655 2957 4693 me
2977 4640 3061 4709 fac
3080 4648 3287 4709 propter
3316 4641 3514 4693 miseri;

1941 4735 2167 4788 cordiant
2191 4743 2351 4787 tuam.
2367 4732 2538 4798 Quam
2558 4731 2913 4801 pulcherrime
2934 4733 3033 4787 ista
3059 4733 3372 4802 supplicatio
3392 4749 3515 4803 pru-

1943 4827 2071 4895 priis
2100 4839 2165 4881 ac
2207 4824 2457 4895 proticuis
2486 4824 2825 4879 sermonibus
2856 4824 3184 4893 explicatur!
3225 4825 3433 4879 Salvum
3457 4842 3517 4881 se

1940 4918 2071 4987 petit
2096 4917 2231 4985 ﬁeri,
2280 4931 2383 4970 non
2431 4916 2725 4970 secundum
2776 4918 2964 4971 merita
3017 4932 3135 4981 sua,
3165 4918 3257 4973 sed
3298 4929 3518 4989 propter

1940 5012 2172 5066 divinam
2202 5010 2615 5089 misericordiam
2646 5051 2661 5075 ,
2694 5010 2745 5064 in
2776 5025 2877 5079 qua
2902 5010 3028 5066 dum
3058 5011 3161 5065 lixa
3189 5027 3311 5082 spes
3353 5013 3512 5083 poni-

1945 5112 2051 5167 tur,
2078 5102 2229 5155 venia
2260 5100 2469 5155 facilius
2499 5101 2836 5169 impetratur.

2017 5194 2167 5248 Vers.
2199 5192 2253 5247 6.
2288 5193 2538 5259 Quoniam
2580 5210 2681 5246 non
2720 5202 2797 5247 est
2831 5194 2883 5247 in
2913 5203 3071 5250 morte
3110 5195 3195 5264 qui
3232 5212 3422 5250 memor
3449 5198 3515 5251 sit

1944 5287 2016 5339 tui
2038 5301 2057 5339 :
2087 5285 2139 5338 in
2178 5285 2377 5354 inferno
2424 5293 2589 5337 autem
2617 5285 2730 5354 quis
2771 5286 3092 5354 conﬁtebitur
3119 5288 3251 5343 tibi?
3296 5289 3515 5343 Movere

1943 5385 2302 5447 potestquare
2342 5375 2506 5443 dicat,
2539 5376 2591 5429 in
2620 5386 2801 5442 morte,
2835 5379 3036 5434 nullum
3061 5395 3181 5435 esse
3221 5396 3510 5435 memorem

1945 5467 2063 5529 Dei,
2094 5468 2219 5520 dum
2246 5466 2418 5520 vicina
2448 5467 2616 5536 possit
2643 5468 2869 5537 ampiius
2897 5468 2972 5523 ira
2993 5470 3187 5536 judicis
3224 5472 3514 5526 contremi-

1942 5562 2017 5615 sci
2043 5561 2067 5613 ’ἶ
2104 5559 2207 5615 Sed
2240 5559 2375 5614 bene
2404 5560 2639 5627 perlidos
2670 5559 2897 5613 dicimus
2939 5561 3276 5613 immemores
3301 5559 3415 5623 Dei,
3447 5561 3515 5615 de

1942 5653 2134 5721 quibus
2179 5661 2233 5705 ct
2264 5650 2423 5705 Isaias
2461 5650 2573 5705 ait:
2619 5649 2740 5703 Non
2784 5650 2917 5703 enim
2959 5650 3045 5716 qui
3073 5650 3124 5701 in
3154 5649 3352 5715 infcrno
3394 5656 3514 5701 sunt

1946 5746 2224 5800 laudabunt
2262 5754 2354 5811 te;
2399 5758 2557 5813 neque
2597 5741 2685 5812 qui
2740 5741 2920 5794 mortui
2968 5747 3082 5793 sunt
3129 5737 3420 5792 bencdiccnt
3466 5746 3517 5791 te
