4064 6360
482 344 551 400 63
1721 332 1790 388 Μ.
1834 324 2109 386 AURELlI
2148 326 2549 383 CASSIODORI

3692 326 3781 384 63

486 461 649 535 (isai.
697 445 926 527 navus,
958 456 1072 525 t8).
1118 453 1251 511 Nam
1294 466 1416 507 cum
1460 448 1591 504 dicit
1636 445 1958 515 Apostolus:
2001 438 2075 494 -In
2102 441 2152 499 Δ
2181 440 2407 495 vestium
2440 441 2570 495 velis
2598 439 2897 506 advertere,
2927 442 3039 508 ipsa
3081 441 3482 511 impossibilitas
3518 444 3775 498 occurrit

482 532 688 605 nomine
705 546 832 603 Iesu
851 562 998 602 omne
1017 562 1145 615 genu
1164 546 1400 614 ﬂectatur
1419 537 1722 601 antestium,
1750 532 2067 588 terrestrium

485 650 533 696 et
563 642 885 711 infernorum
911 628 1133 710 (Philip.
1158 649 1219 701 ll,
1248 630 1373 703 ιο),
1400 630 1488 684 hic
1519 627 1588 683 de
1610 626 1741 682 solis
1768 622 2070 679 infidelibus

488 747 554 787 ac
582 730 948 801 pertinacibus
986 727 1147 783 debet
1194 722 1365 792 accipi
1396 722 1619 787 dictum,
1648 718 1739 789 qui
1776 716 1974 772 nullam
2004 713 2069 769 tl-

488 822 705 877 duciam
732 816 1090 877 confessionis
1113 830 1225 871 sua:
1248 814 1448 869 habere
1470 819 1862 881 promerentur.
1886 806 2071 862 Merito

488 927 619 982 ergo
644 912 731 967 hic
760 910 860 966 sibi
901 907 1114 965 festinat
1145 904 1380 961 dimitti:
1428 904 1553 974 quia
1596 909 1719 973 post
1746 899 1881 955 lucis
1915 913 2073 954 occa-

491 1018 634 1068 sum,
665 1015 770 1057 non
803 1007 972 1055 restat
998 996 1102 1052 nisi
1140 996 1257 1051 sola
1294 991 1577 1049 retributio
1626 991 1957 1045 meritorum.
2003 984 2072 1041 In

491 1096 692 1163 inferno
726 1099 897 1146 autem
934 1089 1048 1161 quis
1094 1085 1421 1155 conﬁtebitur
1452 1083 1542 1137 tibi
1568 1083 1594 1136 7
1636 1078 2071 1136 Subaudiendum

440 1186 443 1189 ’
492 1183 558 1238 ad
588 1183 834 1246 veniam;
867 1182 1005 1237 sicut
1039 1187 1095 1234 et
1124 1177 1378 1234 Salomon
1409 1174 1476 1229 de
1513 1172 1693 1242 impiis
1721 1171 1892 1227 dicit:
1938 1168 2074 1236 Quia

493 1277 660 1329 dicent
688 1275 818 1328 inter
844 1288 918 1337 se,
948 1271 1296 1340 paenitentiam
1339 1267 1597 1331 habentes,
1629 1273 1677 1319 et
1704 1278 1811 1333 prce
1834 1261 2074 1332 angustia

492 1368 705 1437 spiritus
752 1373 1005 1436 gementes
1036 1361 1191 1432 (Sap.
1225 1375 1278 1426 v,
1312 1358 1390 1429 5),
1435 1365 1540 1413 etc.
1573 1357 1706 1412 Nam
1730 1365 1784 1412 et
1809 1354 1964 1410 dives
1982 1354 2075 1424 qui

495 1456 756 1511 Lazarum
803 1453 1018 1508 videbat
1056 1451 1111 1506 in
1159 1449 1343 1520 requie
1390 1448 1761 1514 constitutum,
1807 1445 1945 1499 mala
1977 1459 2075 1499 sua

496 1546 752 1615 probatur
778 1556 896 1598 esse
920 1541 1197 1597 confessus
1233 1538 1384 1610 (Luc.
1417 1555 1529 1605 xvt,
1569 1538 1686 1607 25),
1725 1537 1821 1593 sed
1861 1550 1967 1590 non
1994 1542 2078 1590 est

497 1635 567 1690 ad
592 1645 771 1690 votum
794 1632 1198 1704 supplicationis
1223 1631 1436 1686 auditus
1461 1648 1475 1684 :
1508 1631 1629 1700 quia
1652 1630 1707 1683 in
1738 1628 1839 1683 hoc
1869 1626 2076 1681 mundo

498 1729 712 1799 proprie
740 1727 1004 1783 confessio
1038 1725 1256 1791 dicitur,
1291 1724 1378 1778 ubi
1408 1731 1463 1779 et
1502 1721 1661 1778 venia
1689 1719 1973 1790 reperitur.
2008 1717 2077 1771 Et

2169 548 2289 602 qua:
2323 534 2391 589 de
2421 534 2542 588 lecti
2592 533 2855 589 lavatione
2894 536 3145 589 surrexit.
3180 536 3304 590 Sive
3347 535 3447 590 hoc
3479 550 3574 607 per
3616 537 3776 604 figu-

2168 642 2282 681 ram
2331 626 2656 696 hyperbolen
2698 636 2871 696 potest
2902 628 3091 696 accipi,
3123 643 3221 697 per
3250 643 3408 697 quam
3440 629 3616 681 solent
3652 628 3778 680 ali—

2168 733 2273 787 qua
2295 718 2346 772 in
2369 720 2785 789 magnitudinem
2808 721 3234 790 exaggeratinnis
3258 719 3501 776 extendi:
3526 720 3662 777 sicut
3688 719 3777 773 tle

2171 809 2540 879 navigantibus
2564 810 2617 863 in
2638 810 2933 865 centesimo
2955 820 3112 866 sexto
3141 811 3346 880 psalmo
3364 809 3606 866 dicturus
3632 818 3725 863 est
3751 849 3770 862 .

2172 899 2463 953 Ascendunt
2502 915 2655 970 usque
2702 900 2770 952 ad
2809 902 2960 954 caelos
2985 942 3003 965 ,
3044 913 3091 955 et
3127 900 3439 955 descendunt
3486 917 3641 969 usque
3687 900 3776 953 ad

2171 989 2377 1059 abyssos
2397 987 2568 1060 (Psal.
2589 1005 2695 1057 cvt,
2717 990 2832 1058 26).
2868 990 2933 1045 Et
2956 991 3007 1045 in
3035 992 3483 1062 quinquagesimo
3505 992 3723 1059 psalmo
3749 1007 3769 1044 :

2173 1080 2388 1136 Lavabis
2416 1099 2514 1152 me,
2539 1092 2585 1136 et
2609 1100 2764 1153 super
2785 1083 2947 1137 nivem
2968 1082 3240 1137 dealbabor
3262 1082 3431 1152 (Psal.
3457 1099 3509 1147 ι..
3531 1082 3608 1152 9);
3631 1097 3775 1136 cum

2178 1175 2302 1229 nive
2332 1173 2461 1229 nihil
2494 1175 2658 1243 possit
2686 1188 2805 1230 esse
2833 1174 3129 1231 candidius.
3163 1174 3230 1229 Et
3258 1175 3308 1228 in
3339 1173 3778 1243 Denteronomio

2176 1265 2383 1335 Moyses
2408 1265 2533 1320 Jesu
2571 1265 2716 1319 Nave
2746 1267 3036 1336 prmcepit:
3073 1264 3224 1318 Liber
3254 1265 3335 1318 hic
3374 1264 3500 1335 («gis
3545 1280 3646 1317 non
3673 1278 3777 1317 τεο

2174 1355 2320 1411 cedat
2349 1356 2411 1410 de
2440 1371 2596 1409 manu
2617 1366 2705 1410 tua
2727 1373 2745 1409 :
2772 1367 2817 1409 et
2844 1355 3169 1410 meditaberis
3197 1357 3248 1409 in
3270 1372 3329 1410 eo
3359 1356 3539 1410 diebus
3564 1371 3626 1409 ac
3656 1372 3769 1409 no-

2175 1449 2358 1515 ctibus,
2392 1458 2445 1501 ut
2475 1449 2607 1502 scias
2635 1448 2832 1517 ingredi
2856 1450 2989 1501 viam
3029 1459 3167 1499 tuam
3191 1446 3378 1515 (Josue
3408 1463 3446 1515 ι,
3477 1447 3557 1515 8).
3588 1436 3776 1501 Simili

2178 1541 2338 1596 modo
2364 1550 2413 1596 et
2446 1542 2581 1595 alter
2622 1541 2885 1606 paenitens
2916 1540 2969 1594 in
3008 1541 3304 1594 centesimo
3346 1540 3520 1608 primo
3550 1539 3775 1608 psalmo

2178 1631 2418 1688 dicturus
2448 1640 2563 1686 est:
2606 1632 2837 1685 Cinerem
2878 1632 3005 1686 sicut
3044 1646 3230 1700 panem
3275 1629 3671 1694 manducabam,
3717 1637 3777 1681 et

2181 1734 2356 1794 potum
2385 1741 2551 1780 meum
2589 1743 2703 1780 cum
2730 1727 2853 1795 ﬂetu
2878 1726 3222 1796 temperabant
3251 1724 3424 1798 (Psal.
3454 1740 3527 1793 Cl,
3564 1725 3677 1795 10),
3711 1733 3780 1779 ct.

494 1829 558 1876 ut
582 1821 811 1889 aliquam
841 1818 1158 1874 divisionem
1198 1818 1252 1870 in
1283 1816 1368 1871 bis
1396 1815 1576 1870 verbis
1605 1812 1830 1883 intelligi
1872 1810 2070 1866 debea-
2103 1800 2154 1863 Β
2182 1816 2263 1870 his
2292 1815 2510 1870 similia,

500 1926 643 1979 mus,
676 1913 729 1966 in
757 1920 916 1965 morte
962 1909 1228 1980 significat
1274 1908 1556 1962 transitum
1599 1908 1725 1960 vitae
1750 1920 1766 1969 ;
1794 1904 1846 1957 in
1875 1903 2079 1974 inferno

503 2018 639 2058 vero
666 2002 966 2058 custodiam
993 2001 1234 2056 locorum
1274 2012 1429 2069 quam
1460 2013 1556 2067 pro
1585 1997 1698 2053 suis
1724 1996 1927 2051 meritis
1964 1994 2081 2049 ani—

500 2108 607 2148 mae
634 2095 901 2148 sustinere
940 2100 1254 2147 noscuntur.
1288 2091 1346 2144 In
1385 2100 1611 2159 utroque
1641 2097 1819 2142 tamen
1855 2094 2080 2156 negatur

498 2183 749 2239 absolute
774 2182 1111 2253 suscipienda
1150 2181 1437 2237 confessio.
1470 2181 1738 2235 Hactenus
1764 2178 1964 2234 dictum
1996 2184 2082 2234 est

501 2274 573 2330 de
604 2271 913 2343 principiis;
941 2287 1082 2328 nunc
1107 2271 1175 2328 de
1201 2272 1515 2327 narratione
1537 2270 1833 2327 videamus.

575 2364 728 2419 Vers.
763 2365 814 2418 7.
848 2362 1100 2417 Laboravi
1119 2363 1173 2417 in
1203 2364 1393 2436 gemitu
1421 2379 1554 2417 meo.
1583 2361 1959 2419 Benevoleutia
1984 2360 2085 2432 igi-

505 2464 593 2510 tur
630 2456 683 2509 itt
709 2454 929 2511 exordio
975 2454 1383 2524 diligentissime
1428 2464 1735 2524 comparata
1760 2495 1777 2519 ,
1816 2453 1962 2508 venit
2014 2452 2082 2508 ad

506 2546 866 2601 narrationem
894 2554 1109 2601 actuum
1149 2561 1391 2616 suorum,
1433 2560 1684 2603 asserens
1714 2545 2082 2617 paenitentiam

506 2653 660 2695 suam
718 2640 925 2712 magnis
981 2642 1309 2697 cruciatibus
1358 2642 1524 2698 fuisse
1566 2644 1923 2714 completam:
1960 2644 2083 2714 quia

504 2746 615 2787 non
646 2741 847 2786 tantum
879 2732 1054 2788 verbis
1092 2733 1302 2799 otiosis,
1342 2733 1437 2789 sed
1482 2734 1773 2790 afﬂictione
1827 2734 2087 2806 probabili

506 2822 738 2878 maxime
770 2824 993 2879 venialis
1036 2824 1268 2879 efficitur
1306 2825 1599 2893 ptenitudo.
1648 2824 1877 2881 Gemitus
1906 2826 2085 2895 itaque

506 2922 562 2969 et
588 2914 690 2969 iste
717 2913 930 2982 dicitur,
971 2914 1062 2984 qui
1101 2925 1190 2969 aut
1239 2915 1475 2985 pondere
1508 2915 1672 2971 nimio
1708 2917 1963 2984 curvatis,
1994 2926 2088 2971 aut

507 3004 729 3060 vulnere
757 3006 1008 3062 sauciatis
1052 3007 1310 3062 evenerit.
1351 3008 1458 3063 Sed
1503 3008 1592 3064 ille
1633 3008 1954 3079 qumrendus
2002 3016 2089 3064 est

508 3095 847 3163 Christianis,
886 3096 977 3167 qui
1001 3098 1178 3153 cordis
1205 3101 1616 3169 compunctione
1647 3101 1939 3171 peragitur,
1967 3115 2086 3156 cum

2254 1907 2409 1963 Vers.
2440 1908 2494 1964 8.
2513 1906 2767 1962 Turbatus
2787 1917 2860 1963 est
2884 1924 2991 1978 prta
3016 1910 3093 1963 ira
3124 1909 3301 1964 oculus
3325 1926 3486 1963 meus.
3515 1907 3647 1964 Cum
3678 1924 3783 1963 su-

2181 2000 2361 2067 perius
2389 2007 2441 2053 et
2469 1999 2738 2066 gemuisse
2763 2014 2822 2054 se
2847 2008 3074 2065 asserat,
3105 2010 3160 2055 et
3187 2001 3423 2070 plorasse
3449 2002 3734 2055 confirmet
3753 2037 3773 2061 ,

2179 2089 2417 2159 ineptum
2456 2099 2540 2145 est
2584 2101 2640 2145 ut
2667 2091 2843 2145 subito
2884 2090 3251 2162 indignatione
3292 2091 3506 2162 propria
3547 2104 3779 2164 putetur

2180 2195 2304 2237 esse
2329 2180 2619 2236 confusus:
2662 2181 2756 2235 sed
2806 2191 3024 2251 propter
3071 2184 3201 2237 iram
3250 2184 3457 2238 Domini
3484 2222 3504 2250 ,
3551 2186 3778 2238 oculum

2182 2274 2360 2329 cordis
2388 2275 2469 2329 sui
2501 2274 2779 2344 profitetur
2817 2288 2939 2329 esse
2974 2275 3261 2329 turbatum.
3302 2274 3437 2342 QJid
3479 2276 3625 2331 enim
3651 2275 3774 2329 fer—

2185 2364 2504 2418 midnlosius
2532 2378 2690 2433 quam
2723 2363 2872 2418 illum
2904 2364 3088 2428 irasci,
3117 2365 3206 2435 qui
3236 2356 3282 2419 si
3311 2381 3419 2420 non
3448 2360 3779 2420 misereatur

2183 2455 2512 2527 exstinguit?
2540 2456 2737 2510 Oculus
2776 2456 2920 2511 enim
2952 2455 3123 2512 dictus
3155 2466 3268 2524 est,
3301 2457 3451 2525 quasi
3479 2457 3627 2511 ocior
3654 2458 3776 2521 lux,

2184 2547 2324 2617 quod
2371 2547 2477 2602 cito
2519 2546 2776 2601 intentata
2821 2547 3108 2615 respiciat:
3158 2547 3276 2601 sive
3320 2546 3465 2614 quod
3502 2547 3783 2618 palpebris

2185 2638 2553 2694 occulentibus
2587 2626 2843 2708 probatur
2872 2626 3134 2694 occultus.
3166 2636 3173 2643 ’
3222 2674 3227 2677 -
3320 2672 3325 2677 -

2258 2752 2543 2807 Inveteravi
2581 2752 2709 2805 inter
2749 2767 2924 2806 omnes
2969 2751 3199 2806 inim'cos
3244 2767 3401 2806 meos.
3450 2750 3781 2819 Inceceraei,

2188 2841 2241 2898 id
2267 2852 2371 2908 est,
2404 2843 2455 2896 in
2483 2842 2679 2896 veteris
2710 2841 2942 2896 hominis
2972 2840 3097 2896 Adze
3134 2841 3449 2912 antiquitate
3475 2842 3781 2910 permansi,

2188 2936 2279 3007 qui
2307 2936 2372 2991 ad
2400 2935 2757 3001 differentiam
2786 2934 2908 2989 novi
2933 2934 3187 3001 hominis,
3218 2935 3269 2990 id
3292 2944 3396 3001 est,
3428 2935 3646 3001 Christi,
3680 2950 3784 2992 ve-

2191 3036 2362 3082 tustus
2387 3028 2579 3082 merito
2601 3035 2956 3097 nuncupatur.
2983 3024 3130 3080 Inter
3155 3043 3325 3082 omnes
3354 3027 3588 3081 inimicos
3610 3042 3784 3082 meos:

2194 3117 2309 3172 sive
2333 3116 2473 3171 inter
2510 3115 2728 3185 spiritus
2755 3115 3074 3184 di.bo|icos,
3103 3116 3216 3171 sive
3246 3116 3391 3173 inter
3423 3127 3603 3171 nostra
3639 3134 3781 3189 pec-

510 3194 567 3240 et
591 3185 848 3241 malorum
885 3195 1191 3243 nostrorum
1233 3189 1650 3258 reminiscimur,
1677 3200 1732 3247 et
1758 3191 1947 3247 futura:
1978 3206 2087 3261 Γαθ-
2119 3167 2166 3231 C
2194 3216 2332 3260 eam,
2369 3206 2482 3275 Ipsa
2510 3167 2631 3261 5.3m
2657 3206 2799 3260 enim
2828 3167 3090 3260 venena;-
3119 3207 3368 3270 ,ἀνω-εδ,
3405 3222 3524 3277 qua,
3563 3167 3781 3265 “ira,”

510 3293 597 3334 nae
622 3279 1046 3336 consideratione
1067 3290 1351 3337 terremur.
1382 3282 1610 3339 Gemitus
1634 3283 1777 3339 enim
1803 3283 1976 3340 dictus
2007 3295 2089 3341 est

510 3369 810 3438 geminatus
855 3371 1051 3426 luctus.
1102 3372 1271 3440 Quem
1319 3373 1510 3429 merito
1562 3374 1749 3430 fideles
1793 3385 2084 3446 appetunt,

512 3462 764 3531 quoniam
794 3464 1035 3534 lugentes
1071 3466 1400 3533 consolatur,
1430 3467 1755 3537 pmnitentes
1791 3469 2086 3537 emundat,

515 3552 787 3608 diabolum
818 3554 985 3625 fugat,
1035 3556 1248 3611 Christo
1270 3556 1549 3626 conciliat;
1568 3558 1868 3615 amaritudo
1896 3560 2086 3628 dulcis,

516 3644 771 3716 lacryma:
800 3646 1006 3715 felices,
1035 3648 1284 3705 salutaris
1307 3648 1541 3706 afflictio.
1570 3651 1648 3707 De
1674 3667 1777 3722 qua
1814 3668 1873 3708 re
1902 3654 2089 3709 beatus
2124 3688 2127 3691 λ

514 3736 750 3793 Joannes
776 3738 984 3795 duobus
1016 3740 1168 3797 libris
1204 3740 1275 3797 ita
1321 3740 1594 3809 disseruit,
1635 3751 1696 3799 ut
1719 3743 1908 3800 merito
1947 3742 2089 3815 apud

515 3829 732 3886 Graecos
762 3830 907 3886 aurei
935 3831 1046 3887 oris
1071 3848 1266 3889 nomen
1303 3833 1589 3904 acceperit.

588 3921 796 3977 Lavabo
815 3940 905 3994 per
931 3923 1163 3996 singulas
1190 3934 1358 3982 noctes
1386 3925 1571 3980 fectum
1595 3940 1780 3981 meum.
1809 3924 1866 3983 Si
1890 3925 1993 3982 hoc
2022 3925 2089 3983 ad

519 4012 752 4069 litteram
780 4016 911 4070 velis
936 4016 1199 4087 accipere,
1230 4016 1422 4072 merito
1448 4017 1665 4087 quidem
1693 4018 1911 4084 lectum,
1931 4034 2088 4089 quem

518 4104 763 4162 noctibus
793 4105 1093 4175 polluerat,
1132 4107 1384 4178 lacrymis
1409 4108 1677 4165 abluebat.
1714 4109 1821 4166 Sed
1859 4110 2093 4167 occurrit

518 4193 942 4265 impossibilitas,
979 4207 1038 4253 ut
1080 4207 1225 4256 tanta
1262 4199 1454 4256 fuisset
1493 4201 1646 4271 copia
1693 4200 2046 4272 lacrymarum
2072 4242 2090 4272 ,

518 4304 637 4357 qua:
664 4304 770 4344 non
796 4291 967 4346 solum
1007 4291 1224 4359 faciem,
1250 4292 1345 4348 sed
1385 4294 1548 4349 etiam
1576 4294 1762 4349 lectum
1791 4294 1971 4352 lavisse
2012 4296 2095 4351 di-

518 4388 749 4436 ceretur.
795 4381 1127 4454 Quapropter
1165 4384 1358 4441 melius
1403 4385 1590 4440 lectum
1620 4424 1639 4452 ,
1686 4386 2091 4446 delectationem

519 4471 764 4541 corporis
789 4472 1181 4547 intelligamus:
1210 4474 1267 4529 in
1304 4490 1409 4545 qua
1440 4476 1584 4531 velut
1623 4476 1679 4532 in
1718 4477 1880 4534 cubili
1908 4490 2093 4537 nostro

519 4572 791 4619 marcente
818 4564 962 4637 [mss.
986 4566 1074 4633 A.,
1091 4564 1184 4634 8.,
1199 4565 1290 4634 l".,
1313 4566 1705 4640 inardescente]
1722 4571 1990 4642 voluptate
2009 4590 2096 4629 re-

523 4653 824 4722 tnittimur;
873 4670 1032 4726 quam
1077 4665 1253 4727 potest
1299 4657 1460 4715 homo
1508 4660 1759 4733 lacrymis
1786 4705 1803 4731 ,
1854 4666 2096 4734 quamvis

522 4747 706 4817 paucis
733 4747 934 4816 lavare,
964 4749 1010 4805 si
1051 4763 1175 4804 eum
1202 4751 1475 4821 contingat
1497 4753 1719 4817 caelesti
1744 4754 2096 4825 inspiratione

522 4835 739 4893 deflere.
786 4837 971 4893 Lectus
1000 4849 1177 4895 autem
1206 4844 1273 4898 ab
1316 4845 1501 4900 electis
1527 4860 1591 4901 ac
1631 4846 1881 4903 mollibus
1911 4848 2095 4905 betbis

522 4927 697 4983 dictus
723 4939 838 4983 est:
878 4944 1039 5001 supra
1065 4946 1198 5002 quas
1234 4935 1522 5005 antiquitus
1555 4939 1945 5009 quiescentium
1970 4954 2093 4996 cor-

522 5033 652 5088 pora
680 5019 1089 5076 remittebantur
1116 5023 1170 5078 in
1199 5039 1467 5083 somnum.

594 5108 858 5181 Lacrymis
886 5120 1101 5168 stratum
1123 5131 1291 5170 nteant
1319 5118 1519 5190 rigabo.
1551 5117 1741 5190 Rigore
1762 5119 1982 5175 uberius
2001 5119 2098 5175 ali-

521 5198 647 5268 quid
668 5200 927 5270 significat
948 5214 1106 5273 quam
1124 5204 1321 5263 lavare.
1345 5207 1451 5264 Sed
1472 5207 1769 5275 videamus,
1791 5224 1913 5265 cum
1936 5224 2097 5280 supe-

522 5291 635 5346 rius
658 5292 851 5347 lectum
882 5293 1123 5363 dixisset,
1147 5313 1310 5369 quare
1348 5300 1541 5356 iterum
1574 5308 1819 5371 repetere
1842 5300 2099 5357 voluisset

523 5388 779 5439 stratum?
799 5386 1031 5443 Stratum
1068 5390 1210 5446 enim
1243 5391 1510 5461 significat
1537 5394 1805 5449 cumulum
1850 5406 2095 5465 peccato-

524 5492 643 5533 rum
667 5495 682 5544 ;
711 5480 850 5549 quod
873 5480 993 5538 ideo
1015 5482 1253 5554 lacrumis
1276 5487 1434 5557 rigat,
1455 5494 1514 5541 ut
1537 5487 1726 5543 eodem
1742 5488 2098 5544 saluberrimo

524 5568 699 5627 imbre
720 5573 977 5644 resoluto,
1002 5574 1164 5632 homo
1186 5578 1239 5632 in
1261 5592 1450 5634 novam
1477 5592 1708 5634 messem
1736 5581 1947 5637 virtutis
1968 5580 2098 5636 ado-

525 5662 710 5730 lescat,
744 5665 941 5739 fiatque
957 5682 1023 5724 ex
1052 5677 1335 5738 peccatore
1358 5669 1554 5739 justus,
1588 5684 1651 5724 ex
1682 5671 1894 5741 lugente
1920 5671 2095 5737 laetus,

524 5770 589 5813 ex
620 5766 821 5829 πετοιο
848 5759 1197 5835 sanissimus.
1238 5745 1369 5823 Nam
1399 5762 1445 5821 si
1473 5756 1691 5823 stratum
1729 5762 2094 5821 collectionem

2192 3300 2245 3355 in
2278 3307 2531 3354 tartarum
2572 3299 2875 3366 deducunt,
2910 3311 2964 3355 et
2995 3300 3173 3356 adhuc
3219 3300 3457 3357 feraliter
3493 3302 3783 3358 blandiun-

2191 3398 2298 3445 tur.
2331 3389 2603 3459 Completa
2631 3397 2715 3444 est
2745 3388 3004 3458 promissa
3044 3390 3411 3446 narratio:est
3439 3392 3780 3458 enim,rsicut

2190 3478 2516 3549 praecipitur,
2551 3479 2726 3534 brevis
2753 3488 2809 3533 et
2851 3477 3047 3543 lucida,
3078 3478 3270 3534 idonea
3311 3495 3522 3551 quoque
3550 3482 3617 3536 ad
3662 3483 3779 3538 ira-

2189 3568 2437 3633 cundiam
2466 3568 2660 3637 judicis
2682 3567 3109 3638 temperandam.
3137 3567 3287 3625 Nunc
3319 3573 3387 3626 de
3414 3571 3777 3631 saluberrima

2189 3659 2522 3715 correctione
2548 3658 2833 3715 dicendum
2858 3667 2961 3716 est.

2262 3749 2415 3806 Vers.
2458 3749 2514 3805 9.
2542 3740 2798 3804 Discedite
2824 3766 2859 3803 a
2894 3766 2973 3804 me
2995 3790 3013 3816 ,
3044 3766 3217 3805 omnes
3244 3750 3333 3820 qui
3364 3752 3646 3821 operamini
3675 3753 3784 3806 ini-

2189 3842 2451 3914 quitatem,
2469 3842 2711 3913 quoniam
2731 3843 2986 3897 exaudiuit
3009 3840 3265 3897 Dominus
3289 3859 3459 3897 vocem
3476 3846 3628 3914 ﬂetus
3651 3847 3778 3901 mei.

2189 3935 2529 3991 Euumeratis
2573 3934 2992 4001 afﬂictionibus,
3034 3934 3428 3992 emendationis
3477 3936 3782 4006 ingreditur

2193 4041 2395 4100 partem
2422 4046 2436 4095 ;
2470 4035 2529 4083 ut
2555 4028 2644 4099 qui
2672 4029 2932 4084 malorum
2958 4027 3186 4097 collegio
3216 4038 3553 4097 peccaverat,
3581 4028 3783 4099 fugatis

2190 4134 2223 4175 a
2252 4134 2311 4175 se
2341 4120 2559 4187 talibus,
2593 4118 2855 4175 mandatis
2879 4118 3089 4174 Domini
3128 4118 3506 4174 devotissimus
3548 4133 3781 4189 appareo

2192 4220 2293 4267 ret.
2322 4211 2470 4280 Quod
2498 4221 2868 4281 argumentum
2897 4210 2965 4264 ab
2991 4209 3261 4265 attributis
3288 4224 3636 4278 personarum
3669 4218 3783 4265 tra-

2192 4312 2355 4367 ctum,
2391 4302 2583 4357 dicitur
2612 4315 2643 4356 a
2668 4302 2832 4356 victu.
2858 4300 2937 4355 Eo
2960 4299 3156 4370 quippe
3194 4300 3353 4354 modo
3379 4314 3441 4354 se
3478 4299 3668 4368 probat
3711 4301 3783 4355 ad

2194 4394 2404 4463 plenam
2436 4393 2827 4447 correctionem
2857 4390 3068 4445 venisse
3087 4429 3103 4454 ,
3131 4404 3239 4460 quo
3266 4405 3326 4445 se
3353 4390 3520 4444 voluit
3544 4404 3574 4443 a
3604 4404 3656 4443 m
3680 4390 3781 4444 ,ιη-

2196 4501 2313 4542 rum
2341 4487 2597 4542 societate
2623 4483 2884 4538 dividere.
2915 4482 3045 4537 Nam
3076 4482 3197 4538 vide
3226 4482 3352 4552 quid
3383 4482 3644 4552 sequitur.

2271 4575 2422 4630 Vers.
2455 4575 2541 4627 10.
2575 4571 2849 4626 Exaudivit
2877 4569 3127 4627 Dominus
3153 4571 3562 4639 deprecationem
3588 4586 3781 4636 meam,

2200 4665 2447 4721 Dominus
2476 4666 2757 4717 orationem
2794 4679 2959 4718 meam
2999 4664 3293 4732 assumpsit.
3340 4660 3655 4732 Deprecat‘o
3694 4672 3784 4717 est

2195 4769 2317 4811 cum
2350 4755 2545 4825 pietate
2576 4753 2828 4823 frequens
2857 4751 3052 4819 oratio,
3083 4762 3137 4807 et
3159 4752 3277 4808 sola
3302 4760 3384 4806 est
3414 4765 3533 4819 quae
3560 4750 3669 4820 3o
3698 4751 3784 4805 ni-

2196 4848 2301 4902 mia
2331 4847 2506 4912 decet,
2538 4855 2594 4900 et
2622 4846 2926 4914 importuna
2954 4842 3226 4898 conciliat.
3256 4842 3565 4912 Assumpsit,
3595 4855 3781 4895 ειιει-ο-

2198 4939 2275 5010 pit
2295 4938 2410 4993 vult
2433 4936 2674 5007 intelligi,
2699 4945 2950 5006 tanquam
2970 4933 3174 5003 aliquid
3193 4932 3439 4987 manibus
3469 4938 3776 5000 acceptum.

2199 5031 2267 5086 Et
2295 5031 2505 5085 intuere
2548 5042 2796 5097 magnum
2828 5024 3197 5080 exsultationis
3231 5039 3528 5090 arcanum;
3574 5032 3631 5078 ut
3656 5037 3780 5077 ora-

2196 5121 2395 5177 tionem
2425 5134 2575 5174 suam
2601 5128 2657 5173 et
2680 5116 2902 5172 auribus
2920 5116 3061 5171 dicat
3083 5117 3341 5183 auditam,
3374 5126 3429 5172 et
3457 5116 3606 5186 quasi
3629 5114 3784 5169 nblao

2201 5212 2399 5267 tionem
2446 5210 2677 5279 aliquam
2716 5207 2881 5263 fuisse
2922 5218 3248 5277 susceptam.
3289 5208 3380 5264 Sic
3421 5209 3563 5263 enim
3604 5208 3783 5268 facere

2201 5304 2446 5359 [tutantes
2475 5300 2677 5366 solent,
2705 5310 2762 5355 ut
2789 5299 3017 5356 diversis
3046 5300 3218 5354 modis
3264 5298 3452 5354 eadem
3492 5310 3734 5369 repetant
3761 5342 3778 5368 ,

2209 5393 2349 5450 unde
2378 5407 2570 5462 magno
2599 5394 2801 5460 impetu
2830 5390 3202 5460 gratulationis
3232 5390 3521 5445 exsultant.
3554 5390 3664 5445 Nec
3692 5407 3784 5445 va-

2208 5491 2315 5548 cat,
2342 5481 2481 5552 quod
2511 5482 2569 5536 in
2610 5496 2715 5535 uno
2745 5494 2966 5534 munere
3006 5478 3161 5532 tertio
3197 5477 3297 5532 sibi
3327 5479 3459 5534 dicit
3500 5480 3783 5536 Dominum

2210 5575 2521 5645 praestitisse
2546 5590 2561 5640 ;
2592 5575 2797 5629 scilicet
2820 5580 2876 5625 ut
2900 5570 3378 5640 supplicationibus
3411 5572 3520 5628 suis
3541 5583 3783 5631 sanetam

2208 5665 2524 5723 Trinitatem
2545 5662 2776 5717 adfuisse
2800 5668 3147 5715 monstraret.

2282 5761 2433 5821 Vers.
2465 5760 2551 5815 il.
2587 5758 2899 5814 Erubescaut
2937 5766 2981 5813 ct
3009 5757 3371 5823 conturbeutur
3396 5772 3563 5826 omnes
3591 5755 3781 5810 inimici
