4064 6360
241 352 306 406 65
1200 345 1289 400 EX
1299 342 1556 401 POSITIO
1595 341 1659 397 IN
1698 337 1807 394 PSA

1910 338 2148 392 ’EBIUM.
2194 338 2384 394 PSAL.
2429 339 2536 393 VII.
3427 340 3494 394 66

241 481 330 518 met
370 478 391 518 ἔ

244 557 383 610 citer.
433 555 625 608 Tribus
674 553 908 622 partibus
953 553 1223 620 decursis,
1270 554 1413 608 venit
1454 552 1521 606 ad-
1565 552 1806 606 ultimam

239 646 654 702 conclusionem.
685 644 968 700 Conclusio
1009 656 1092 700 est
1132 645 1273 700 enim
1317 645 1490 700 exitus
1533 653 1585 698 et
1634 645 1810 698 deter-

240 738 453 793 minatio
485 737 649 792 totius
683 737 942 791 orationis
975 754 988 789 :
1024 737 1110 791 ubi
1136 736 1278 806 jam,
1303 744 1357 789 ut
1383 735 1689 811 exauditum
1718 734 1812 789 de-

239 829 408 892 cebat,
443 830 596 883 laetus
618 829 874 883 exsultat.
899 829 1156 893 Quoniam
1189 828 1283 880 ista
1315 829 1553 896 quaedam
1586 825 1810 878 formula

239 920 601 989 pmnitentium
627 928 728 984 est,
761 930 816 973 ut
851 919 1100 972 inchoent
1128 934 1155 972 a
1191 919 1458 988 lacrymis,
1487 925 1539 970 et
1566 916 1812 968 desinant

235 1007 283 1060 in
315 1005 495 1059 laetitia
520 1021 534 1068 ;
555 1013 838 1073 .quatenus
864 1003 951 1056 tali
993 1001 1240 1071 exemplo
1271 1005 1440 1071 poss‘t
1472 1004 1690 1074 agnosci
1722 1018 1814 1057 ve-

235 1110 349 1150 rum
377 1108 498 1146 esse
524 1092 667 1161 quod
698 1093 926 1162 legitur:
962 1092 1066 1158 Qui
1095 1092 1345 1144 seminam
1374 1092 1424 1145 in
1460 1092 1720 1161 lacrymis,
1759 1092 1812 1146 in

232 1183 415 1256 gaudio
446 1191 636 1236 metant
663 1181 835 1253 (Psal.
861 1197 1019 1244 cxxv,
1049 1181 1127 1252 5).
1153 1182 1216 1235 Et
1239 1181 1442 1237 intuere
1465 1183 1604 1251 quod
1627 1192 1810 1239 saneta

231 1274 555 1332 conscientia
590 1277 922 1344 pmnitentis,
964 1291 992 1330 a
1029 1275 1263 1344 peccatis
1288 1277 1398 1332 suis
1428 1276 1565 1331 facta
1606 1277 1804 1340 libera,

227 1364 604 1420 ecclesiasticis
631 1367 826 1437 regulis
851 1365 1253 1432 obseeundans,
1281 1382 1402 1423 mox
1440 1381 1536 1434 pro
1573 1366 1809 1420 inimicis

228 1454 351 1516 suis,
385 1465 443 1509 ut
470 1466 882 1522 convertantur,
915 1467 1136 1520 exorat;
1179 1467 1258 1519 ut,
1290 1457 1432 1512 sicut
1457 1457 1548 1512 ille
1574 1458 1814 1526 suscepit

227 1543 451 1610 veniam,
479 1543 559 1600 ita
589 1553 645 1601 et
673 1546 919 1602 inimicos
946 1546 1064 1616 ejus
1089 1547 1334 1601 carnales
1367 1545 1433 1600 ad
1455 1545 1666 1600 Domini
1690 1561 1811 1616 gra-

229 1635 348 1688 tiam
395 1636 580 1692 redire
609 1639 901 1708 contingat.
939 1638 1071 1694 Nam
1097 1653 1220 1694 cum
1263 1639 1422 1694 dicit:
1456 1638 1807 1708 Erubuerunt,

228 1727 329 1780 vult
356 1740 452 1780 eos
492 1735 640 1781 tanta
685 1728 1098 1797 compunctione
1134 1728 1450 1794 illuminari,
1487 1737 1547 1782 ut
1590 1744 1686 1799 pro
1726 1730 1808 1786 his

439 470 732 518 avertantur
759 469 1054 529 retrorsum,
1085 472 1132 517 et
1168 464 1457 518 erubescant
1483 463 1626 516 valde
1671 464 1806 516 velo-

1916 449 2006 502 lat.
2041 447 2086 503 0
2119 449 2505 506 inzestimabilis
2562 449 2731 520 pietas
2766 449 3076 506 Creatoris!
3125 450 3270 505 Reus
3305 465 3401 520 pro
3438 466 3500 507 se

1913 539 2235 594 sententiam
2276 539 2382 594 dici
2423 541 2548 596 fecit
2575 559 2587 596 :
2618 540 2868 611 quoniam
2903 541 3016 617 ipse
3046 556 3106 596 se
3134 541 3501 597 vehementius

1912 627 2201 683 accusavit.
2229 628 2334 684 Sed
2366 645 2697 700 nequaquam
2721 632 2943 702 quilibet
2966 633 3188 686 callidus
3211 640 3492 686 oratorum

1919 719 2033 774 lucc
2057 735 2086 772 a
2113 719 2294 788 judice
2335 721 2580 776 obtinere
2611 724 2819 791 potuit,
2865 739 2982 792 qua:
3016 724 3116 778 iste
3154 723 3497 792 simplicitate

1927 812 2114 879 plenus
2142 826 2169 863 a
2204 809 2410 864 Domini
2443 811 2636 879 pietate
2679 814 2988 881 promeruit.
3024 812 3132 867 Nec
3169 819 3324 866 vacat
3349 810 3493 881 quod

1913 903 1966 957 in
1995 901 2200 956 calculo
2241 901 2484 966 senario,
2530 917 2687 970 quem
2734 905 2785 956 in
2817 903 3100 972 disciplina
3149 917 3492 957 numerormn

1912 1002 2126 1050 constat
2170 1009 2293 1048 esse
2325 991 2639 1062 perfectum,
2673 1009 2954 1062 pirsonam
2996 995 3304 1064 paenitentis
3346 1004 3495 1063 apta-

1914 1087 2007 1140 vit.
2058 1085 2180 1153 Ipso
2225 1085 2366 1138 enim
2423 1083 2513 1138 die
2562 1083 2834 1138 hominem
2881 1086 3116 1139 creavit:
3167 1085 3278 1153 ipsa
3333 1085 3494 1139 etiam

1912 1183 2068 1228 mtate
2095 1171 2340 1227 Christus
2364 1171 2619 1228 Dominus
2646 1173 2710 1227 ad
2742 1173 3073 1228 liberandum
3099 1189 3242 1241 eum,
3275 1175 3327 1228 in
3357 1173 3498 1226 hunc

1913 1263 2169 1317 mundum
2203 1262 2386 1317 venire
2411 1262 2658 1332 dignatus
2688 1272 2805 1316 cst:
2841 1273 2992 1317 sexto
3019 1266 3177 1316 etiam
3211 1263 3298 1318 die
3325 1264 3498 1316 cruei-

1914 1354 1999 1422 ligi
2034 1368 2132 1422 pro
2162 1354 2436 1407 hominum
2461 1354 2635 1408 salute
2657 1353 2928 1418 decrevit;
2961 1363 3021 1408 ut
3049 1356 3164 1409 ha-c
3191 1355 3498 1423 supputatio

1911 1455 1967 1500 et
2018 1446 2253 1500 hominis
2318 1446 2525 1500 initium
2562 1486 2577 1511 ,
2633 1459 2685 1501 et
2716 1447 3102 1502 absolutionem
3162 1456 3497 1516 peccatormn

1911 1535 2185 1602 aptissime
2227 1535 2509 1590 continere
2554 1534 2820 1590 videatur.
2869 1535 2999 1589 Nam
3048 1537 3116 1590 de
3173 1536 3499 1605 paenitentia:

1913 1624 2137 1679 utilitate
2175 1632 2230 1679 et
2275 1623 2473 1679 virtute
2509 1633 2668 1693 atque
2698 1626 2900 1694 gratia,
2949 1625 3134 1680 beatus
3174 1626 3500 1694 Augustinus

1912 1715 2052 1770 inter
2079 1715 2331 1784 copiosos
2363 1715 2548 1779 libros,
2576 1715 2643 1770 de
2672 1715 2772 1769 hac
2801 1731 2880 1782 re,
2925 1717 3010 1769 ubi
3043 1715 3217 1768 locum
3260 1716 3497 1782 reperit,

224 1831 334 1885 qua:
364 1821 633 1888 agebant,
667 1819 766 1888 ipsi
810 1819 987 1889 potius
1018 1819 1380 1885 erubescant,
1419 1829 1476 1875 et
1511 1821 1806 1891 intelligant

1912 1805 2283 1875 negligendum
2331 1819 2452 1862 esse
2503 1820 2608 1860 non
2657 1805 2922 1870 credidit;
2974 1815 3149 1859 tamen
3195 1819 3301 1858 uno
3344 1805 3498 1858 volu-

235 1908 566 1975 perniciosos
603 1918 753 1965 actus
776 1949 792 1975 ,
828 1925 962 1978 quos
1007 1910 1212 1980 pridem
1251 1911 1353 1966 sibi
1392 1911 1648 1982 putabant
1685 1926 1806 1968 esse

223 1999 504 2068 proﬁcuos.
559 2000 936 2055 Conturbentur
977 2013 1155 2057 autem
1198 2002 1402 2058 dictum
1441 2011 1566 2069 est,
1613 2003 1806 2059 timore

223 2089 377 2143 futuri
397 2089 618 2159 judicii,
643 2099 700 2144 et
724 2090 1119 2161 Scripturarum
1147 2092 1527 2161 praedicatione
1550 2093 1804 2148 terribili:

226 2194 286 2234 ne
317 2178 367 2233 in
395 2181 520 2235 illas
547 2195 734 2250 ptenas
762 2183 1050 2238 miserrimi
1079 2183 1354 2238 hominum
1393 2184 1588 2238 cadant
1613 2225 1630 2251 ,
1673 2198 1810 2252 quas

226 2273 596 2339 peccatoribus
645 2273 729 2328 lex
782 2273 960 2328 divina
1007 2276 1318 2344 pronttntiat
1363 2289 1485 2330 esse
1531 2285 1806 2332 venturas.

225 2362 347 2416 Cum
379 2361 536 2429 dicit,
563 2365 679 2429 mei,
705 2363 965 2420 relaxavit
993 2364 1176 2420 odium
1202 2366 1287 2420 cui
1318 2365 1603 2420 multitudo
1639 2367 1808 2422 fuerat

223 2452 412 2508 donata
457 2455 758 2523 culparum.
809 2454 1097 2526 Sequitur:
1137 2457 1445 2511 Avertantur
1485 2466 1804 2525 retrorsum,

224 2552 275 2595 ut
299 2558 403 2598 non
449 2546 827 2613 permittantur
860 2547 938 2602 ire
981 2562 1088 2616 quo
1126 2548 1386 2614 tendunt;
1418 2547 1517 2604 sed
1555 2563 1678 2603 cum
1723 2564 1810 2605 re-

224 2633 397 2699 deunt,
431 2636 505 2690 ab
533 2636 728 2691 inferni
760 2637 911 2692 fovea
951 2639 1265 2694 liberentur.
1297 2639 1412 2694 Hoc
1442 2640 1586 2694 enim
1617 2650 1671 2693 et
1703 2639 1806 2694 Pe—

225 2734 296 2779 tro
321 2726 537 2781 dictum
569 2737 650 2782 est
676 2727 907 2784 humana
935 2730 1218 2798 cogitanti:
1256 2729 1383 2783 Redi
1404 2739 1562 2794 retro,
1589 2729 1808 2784 Satanas

228 2813 412 2884 (Marc.
448 2831 570 2884 vm,
613 2815 741 2885 53);
781 2815 989 2871 scilicet
1039 2832 1107 2871 ne
1145 2817 1322 2884 sapias
1370 2817 1458 2870 illa
1490 2830 1608 2884 quae
1638 2817 1806 2886 sapis.

226 2903 384 2960 Minus
412 2907 594 2972 enim,
634 2922 754 2962 cum
787 2915 1082 2963 retrorsum
1124 2908 1290 2974 redit,
1316 2909 1661 2974 emendatur;
1689 2925 1808 2965 cum

222 2994 425 3064 justus,
456 2997 700 3052 offendit.
753 2997 859 3052 Sed
899 3000 1150 3068 quoniam
1199 2998 1286 3053 hic
1329 2999 1396 3054 de
1442 3000 1812 3068 peccatoribus

228 3089 492 3155 agebatur,
528 3087 664 3141 bene
704 3087 810 3141 illis
838 3098 1018 3157 optata
1046 3098 1132 3144 est
1169 3088 1347 3144 votiva
1389 3092 1695 3144 conversio.
1741 3089 1807 3143 Et

230 3192 291 3231 ne
316 3193 406 3233 eos
432 3178 638 3233 diutius
662 3178 929 3248 judicaret
957 3179 1181 3234 forsitan
1204 3179 1552 3247 differendus,
1579 3179 1800 3234 addidit:
1835 3176 1880 3239 C

231 3262 290 3316 Et
334 3268 629 3322 erubescunt
677 3268 826 3321 valde
869 3268 1122 3323 velociter.
1153 3269 1197 3324 0
1241 3269 1568 3324 desiderium
1605 3280 1804 3324 saneta:

231 3358 412 3413 mentis
453 3359 745 3414 eximium!
780 3360 912 3426 Quis
957 3361 1100 3415 enim
1142 3361 1194 3415 in
1241 3376 1400 3416 causa
1430 3377 1524 3416 sua
1573 3362 1806 3430 amplius

233 3459 404 3516 petere
434 3453 610 3522 potuit
638 3468 796 3522 quam
828 3454 928 3508 iste
956 3454 1043 3522 qui
1071 3468 1166 3523 pro
1193 3453 1424 3508 inimicis
1464 3453 1577 3507 suis
1605 3454 1805 3508 acerri-

233 3540 326 3594 mis
354 3544 679 3609 postulavit?
711 3544 918 3599 Talium
958 3545 1138 3614 itaque
1183 3545 1444 3602 Dominus
1480 3545 1802 3612 miseretur,

229 3634 312 3700 qtti
339 3636 724 3692 misericordia:
767 3651 1035 3693 momenta
1067 3654 1173 3693 non
1219 3639 1530 3710 negligunt;
1563 3640 1703 3695 sicut
1747 3643 1802 3697 in

236 3721 509 3795 Evangelio
544 3729 802 3797 scriptum
831 3739 944 3784 est:
980 3730 1128 3784 Beati
1155 3731 1529 3796 misericordes,
1565 3734 1804 3801 quoniam

231 3813 324 3883 ipsi
351 3818 752 3872 misericordiam
788 3830 1153 3887 consequentur
1183 3819 1396 3891 (Matth.
1424 3838 1475 3889 v,
1504 3822 1582 3893 7).

753 3909 1021 3964 Conclusio
1061 3910 1266 3980 psalmi.

295 3995 430 4053 Licet
475 4001 532 4055 in
587 3999 1100 4070 omnihuspsalmis
1153 4002 1521 4072 intelligentia:
1567 4005 1803 4062 studium

233 4086 469 4147 adhibere
509 4091 824 4158 debeamus,
850 4093 1100 4162 quoniam
1141 4094 1267 4151 inde
1298 4097 1420 4151 vitae
1449 4108 1648 4153 nostra:
1686 4114 1804 4153 ma-

237 4177 364 4235 xima
420 4185 661 4240 subsidia
718 4187 1152 4257 conquiruntur,
1200 4198 1381 4244 tamen
1431 4192 1804 4259 paenitendum

235 4272 423 4329 testimo
449 4291 777 4346 magnopere
817 4281 1256 4348 perscrutandos,
1302 4283 1390 4351 qui
1434 4281 1669 4338 humano
1713 4299 1808 4352 ge-

237 4365 339 4417 neri
383 4368 528 4422 velut
575 4379 888 4439 competens
948 4372 1214 4427 medicina
1287 4382 1628 4443 praestantur.
1677 4375 1807 4434 Inde

235 4451 361 4507 enim
410 4458 711 4512 animarum
773 4460 1127 4516 saluberrima
1172 4463 1386 4519 lavacra
1436 4467 1803 4535 suscipimus,

239 4538 348 4596 inde
373 4549 605 4612 peccatis
645 4549 842 4604 mortui
883 4552 1274 4620 reviviscimus,
1306 4554 1430 4610 inde
1462 4555 1706 4624 lugentes
1735 4561 1801 4614 ad
1833 4553 1883 4613 ἰ)

239 4642 416 4692 :eterna
444 4641 637 4710 gaudia
660 4643 1024 4709 pervenimus.
1066 4645 1161 4700 Est
1185 4648 1329 4702 enim
1358 4648 1623 4717 quoddam
1647 4651 1786 4720 judio

239 4724 356 4782 ciale
383 4745 412 4800 g
447 4749 572 4800 nus,
617 4735 668 4788 in
711 4751 818 4804 quo
857 4753 978 4792 reus
1016 4741 1391 4808 conspectibus
1425 4743 1624 4812 judicis
1665 4759 1801 4812 pra:-

241 4826 459 4878 sentatus
485 4825 715 4890 assiSIit,
745 4837 1016 4894 peccatum
1055 4845 1211 4885 suum
1261 4832 1510 4902 lacrymis
1553 4833 1796 4900 diluens,

241 4915 289 4956 et
310 4912 603 4970 confitendo
631 4915 952 4983 dissolvens,
977 4934 1243 4975 summum
1267 4936 1432 4990 genus
1470 4923 1799 4980 defensionis

239 4995 468 5073 aﬂcrens,
499 5024 608 5077 quo
637 5023 695 5063 se
727 5010 840 5078 ipse
865 5011 1206 5066 condemnati
1240 5013 1334 5068 llic
1366 5029 1472 5070 non
1503 5025 1587 5070 est
1631 5031 1791 5072 accu-

237 5100 369 5148 sator
399 5109 704 5168 estraneus,
733 5102 826 5155 sed
874 5104 990 5171 ipse
1018 5103 1355 5176 impugnator
1379 5115 1463 5161 est
1497 5121 1644 5162 suus.
1686 5109 1797 5163 Me-

238 5194 366 5244 retur
390 5194 595 5249 veniam
621 5196 741 5266 quia
769 5212 827 5251 se
854 5212 958 5252 non
981 5208 1253 5253 excusata
1275 5200 1426 5270 culpa
1449 5217 1464 5266 ;
1487 5215 1586 5256 nec
1618 5211 1796 5270 potest

239 5277 399 5339 taliter
422 5286 503 5355 agi
531 5286 630 5340 sub
657 5287 749 5341 tali
777 5287 977 5356 judice,
1014 5289 1099 5342 cui
1133 5302 1344 5357 peccata
1385 5291 1560 5346 nullus
1591 5307 1796 5361 praeva-

243 5366 308 5423 let
325 5373 600 5447 abnegare.
621 5379 714 5433 llic
736 5380 1040 5448 conjectura
1059 5392 1263 5434 cessat:
1289 5382 1376 5436 hic
1390 5383 1510 5438 linis
1531 5399 1636 5438 non
1658 5400 1798 5454 quae-

241 5457 388 5517 ritur:
420 5466 503 5531 hic
524 5479 732 5526 eadem
761 5471 1034 5541 qualitatis
1058 5474 1268 5541 species
1296 5473 1520 5542 desunt,
1548 5478 1794 5546 quoniam

239 5557 400 5610 omnia
429 5560 596 5617 lucida
628 5566 852 5621 veritate
895 5567 1214 5634 panduntur.
1252 5566 1376 5622 Sola
1417 5576 1500 5623 est
1526 5584 1656 5638 ergo
1695 5585 1793 5627 ne-

242 5651 451 5705 cessaria
495 5669 610 5725 qua:
654 5656 850 5712 dicitur
887 5658 1206 5727 concessio,
1259 5673 1378 5713 cum
1428 5675 1554 5714 reus
1593 5676 1698 5715 non
1743 5662 1796 5718 id

241 5737 364 5800 Quod
386 5743 569 5802 factum
597 5757 680 5804 est
706 5745 966 5820 defendit,
994 5749 1174 5824 scd_ut
1206 5751 1512 5821 ignoscatur
1539 5762 1794 5823 expostu-

1909 1897 2053 1951 mine
2099 1895 2416 1952 mirabiliter
2461 1904 2517 1953 et
2565 1895 2802 1953 breviter
2860 1897 3020 1952 solita
3060 1897 3344 1954 vivacitate
3386 1906 3496 1953 tra-

1907 1983 2093 2040 ctavit.

2226 2119 2585 2178 EXPOSITIO
2611 2123 2676 2179 IN
2709 2124 3032 2182 PSALMUM
3060 2127 3172 2181 VII.

1910 2228 2153 2285 Psalmus
2199 2231 2368 2286 David
2390 2234 2875 2312 ,l‘uquetnueantavit
2930 2239 3149 2296 Domino
3196 2257 3291 2312 pro
3337 2242 3496 2296 verbis

2388 2304 2459 2358 Ch
2468 2309 2548 2360 usi
2577 2309 2673 2375 ﬁlii
2697 2307 2909 2366 Jemim'.

1980 2415 2230 2483 Quamvis
2259 2415 2374 2472 hrrc
2400 2432 2560 2472 causa
2589 2419 2643 2473 in
2672 2421 2906 2476 secundo
2937 2421 3069 2475 libro
3099 2421 3303 2492 Regum
3330 2422 3484 2493 (Cap.

1909 2508 2002 2572 xv)
2034 2506 2192 2561 latius
2232 2505 2496 2562 indicetur
2520 2549 2536 2574 ,
2583 2519 2801 2580 propter
2839 2511 3270 2580 explanationem
3316 2522 3494 2565 tamen

1911 2599 2047 2651 tituli
2081 2599 2312 2654 breviter
2347 2603 2659 2669 exponenda
2690 2605 3053 2674 cognoscitur.
3087 2603 3222 2659 Cum
3263 2604 3429 2659 David
3463 2621 3494 2660 a

1913 2690 2020 2743 filio
2049 2705 2147 2743 suo
2187 2692 2498 2745 Abessalom
2545 2692 2748 2748 crudeli
2781 2695 2920 2748 bello
2959 2703 3317 2764 premeretur.
3361 2695 3498 2749 ami-

1912 2796 2034 2835 cum
2085 2797 2237 2835 suum
2279 2780 2443 2835 Chusi
2473 2783 2597 2838 fecit
2627 2800 2722 2852 pro
2765 2786 3130 2854 dignoscemlo
3173 2787 3396 2841 consilio
3427 2787 3495 2840 ad

1909 2871 2024 2938 ejus
2053 2881 2225 2924 castra
2266 2872 2536 2941 migrare:
2567 2882 2624 2926 ut
2648 2874 2900 2944 quidquid
2929 2876 3184 2950 adversus
3221 2892 3341 2931 eum
3371 2892 3495 2947 age-

1912 2971 2079 3027 retur,
2109 2962 2321 3016 sibimet
2351 2963 2611 3018 secretius
2639 2964 2918 3020 iudic:tret.
2948 2965 3082 3020 Nam
3114 2975 3168 3021 et
3200 2968 3371 3036 ipsum
3403 2983 3500 3022 no-

1911 3069 2031 3108 men
2073 3054 2382 3122 praedictam
2425 3055 2628 3109 indicat
2655 3072 2889 3111 causam.
2932 3055 3090 3111 Clausi
3123 3052 3490 3126 enim,l’atre

1912 3144 2206 3212 AnguStino
2229 3144 2458 3200 docente
2481 3144 2670 3216 (Enar.
2701 3149 2752 3200 in
2783 3148 2914 3218 psal.
2946 3153 3069 3219 vti),
3115 3150 3498 3220 interpretatur

1909 3235 2218 3290 silentium:
2251 3237 2390 3304 quod
2424 3253 2610 3292 revera
2643 3239 2821 3293 ﬁdelis
2851 3240 2965 3308 ejus
2993 3243 3256 3307 exercuit,
3281 3242 3495 3310 quando

1909 3326 1984 3379 illi
2013 3327 2276 3381 secretius
2323 3329 2599 3395 profutura
2643 3331 2943 3385 mandavit.
2983 3331 3155 3386 Filius
3189 3344 3365 3388 autem
3405 3332 3497 3389 Je-

1907 3415 2069 3480 mini,
2121 3417 2262 3470 filius
2312 3417 2549 3473 dextera:
2605 3419 3006 3489 interpretatur.
3051 3423 3201 3488 Quod
3253 3423 3387 3478 bene
3426 3424 3494 3478 ad

1908 3507 2080 3577 ipsum
2107 3508 2356 3575 refertur,
2385 3511 2508 3579 quia
2529 3511 2683 3565 saluti
2705 3513 2822 3580 ejus
2849 3514 3152 3567 necessaria
3186 3514 3493 3584 proditione

1907 3598 2190 3653 consuluit.
2233 3597 2322 3654 Sic
2365 3600 2620 3654 Dominus
2655 3602 2922 3672 nosterin
2967 3604 3142 3659 medio
3184 3604 3492 3658 Judaaorum

1907 3689 2175 3743 silentium
2223 3691 2387 3756 misit,
2425 3705 2547 3746 cum
2591 3694 2846 3763 mysteria
2885 3704 3084 3748 sancta:
3114 3695 3494 3751 incarna‘ionis

1906 3781 2214 3851 assumpsit.
2263 3781 2487 3838 Pel'lldIS
2533 3786 2675 3839 enim
2727 3793 2978 3854 tanquam
3027 3787 3303 3841 silentium
3353 3788 3491 3855 fuit,

1907 3873 2048 3942 quod
2083 3873 2328 3930 fidelibus
2357 3876 2612 3944 probatur
2641 3891 2761 3932 esse
2792 3878 3156 3946 praedicatum.
3187 3880 3337 3933 Hunc
3358 3894 3492 3950 ergo

1908 3962 2168 4031 psalmum
2196 3962 2263 4017 ad
2293 3965 2696 4020 similitudinem
2728 3966 2890 4021 Chusi
2918 3968 2987 4022 de
3020 3967 3196 4022 futuro
3235 3971 3495 4039 mysterio

1910 4055 2118 4109 Domini
2153 4057 2408 4126 propheta
2441 4059 2706 4124 cantavit,
2748 4061 2871 4128 quia
2917 4061 3055 4114 sicut
3083 4062 3244 4115 David
3278 4062 3369 4116 filii
3410 4066 3492 4118 sui

1909 4143 2218 4198 Abessalom
2250 4159 2280 4197 a
2310 4159 2369 4198 se
2403 4146 2564 4214 geniti
2607 4155 2661 4198 et
2697 4147 2910 4200 edocui
2953 4149 3204 4217 injustam
3243 4166 3494 4218 persecu-

1911 4237 2106 4290 tionem
2135 4238 2387 4306 pertulit,
2414 4238 2487 4292 ita
2519 4235 2774 4294 Dominus
2819 4241 3024 4296 liberati
3048 4257 3078 4295 a
3108 4257 3168 4298 se
3193 4245 3369 4313 populi
3414 4255 3492 4300 at-

1909 4345 2011 4400 que
2039 4330 2254 4398 nutriti,
2283 4332 2513 4387 furorem
2538 4333 2870 4389 detestabilis
2905 4338 3338 4409 praesumptionis
3369 4354 3484 4394 sus-

1910 4419 2081 4475 tinuit.
2143 4421 2296 4477 Scire
2367 4434 2544 4478 autem
2595 4423 2853 4480 debemus
2899 4425 3039 4482 hunc
3092 4429 3319 4497 primum
3365 4446 3489 4485 esse

1909 4514 2170 4582 psalmum
2211 4529 2418 4580 eorum,
2457 4516 2508 4568 in
2554 4516 2747 4585 quibus
2779 4532 2872 4586 per
2901 4527 3052 4573 actus
3082 4519 3244 4572 David
3288 4521 3405 4589 sign
3433 4520 3495 4574 fl-

1905 4615 2094 4660 cantur
2120 4606 2328 4660 Domini
2377 4606 2550 4661 futura
2597 4610 2873 4678 mysteria.
2906 4611 3320 4680 Subsequuntur
3344 4611 3488 4666 enim

1902 4693 2274 4763 hujuscemodi
2306 4697 2590 4750 vicesimus
2614 4707 2821 4762 sextus,
2854 4700 3156 4754 tricesimus
3193 4700 3401 4766 tertius,
3435 4713 3490 4755 et

1901 4786 2224 4841 centesimus
2269 4787 2706 4858 quadragesimus
2751 4793 2970 4855 tertius,
3002 4790 3198 4861 quibus
3226 4794 3483 4848 convenit

1902 4877 2116 4931 schema
2148 4877 2289 4944 quod
2319 4877 2512 4931 dicitur
2550 4879 2823 4949 allegoria,
2860 4881 2910 4933 id
2935 4891 3016 4935 est
3049 4880 3307 4951 inversio,
3343 4883 3490 4939 aliud

1901 4967 2111 5034 dicens,
2139 4968 2282 5024 aliud
2313 4969 2644 5039 signiﬁcans.

2393 5085 2496 5155 31
2542 5082 2736 5138 Divisio
2776 5085 2983 5154 psalmi.

1971 5211 2196 5267 Causam
2221 5228 2369 5268 suam
2404 5213 2661 5282 propheta
2687 5215 2909 5271 trahens
2938 5219 2988 5272 in
3021 5218 3252 5274 futurum
3285 5229 3496 5292 myste-

1902 5302 2040 5356 rium
2089 5303 2297 5357 Domini
2347 5302 2675 5371 Salvatoris,
2726 5306 2810 5360 cui
2855 5309 3015 5362 etiam
3064 5325 3263 5365 nomen
3317 5313 3490 5379 ipsum

1906 5393 2072 5448 David
2103 5395 2350 5466 mysticis
2379 5393 2908 5464 interpretationibus
2934 5413 3293 5471 congruenter
3321 5406 3489 5458 ascri-

1903 5486 2085 5541 bitur:
2138 5489 2190 5542 in
2222 5488 2390 5557 prima
2418 5489 2680 5548 divisione
2707 5508 2775 5548 ex
2807 5509 2900 5549 sua
2945 5511 3172 5564 persona
3207 5497 3492 5554 Dominum

1901 5578 2223 5648 deprecatur
2263 5591 2320 5634 ut
2361 5580 2429 5636 ab
2469 5585 2719 5640 omnibus
2762 5589 3192 5654 persecutoribus
3229 5589 3346 5658 ejus
3375 5593 3493 5644 vir-

1902 5677 2017 5724 tute
2047 5669 2322 5726 liberetur.
2375 5672 2607 5734 Persona
2636 5691 2766 5730 vero
2806 5676 3035 5730 hominis
3072 5687 3153 5732 est
3193 5679 3494 5733 substantia

1904 5759 2212 5826 ra'ionalis,
2256 5761 2554 5830 individua,
2601 5767 2711 5821 suis
2755 5767 3170 5837 prttpiictatibus
3199 5783 3226 5820 a
3257 5768 3491 5822 consub-
