4016 6344
459 375 524 431 ιη
1673 354 1743 408 Μ.
1788 350 2061 408 Αυῐιιῖιιι

2167 346 2503 406 tsstcnunt
3624 337 3711 417 ges

461 484 796 547 stantialihus
818 482 1028 539 etctcris
1051 486 1342 551 segregata.
1369 471 1609 531 Secunda
1635 471 1871 525 sectione
1894 466 2032 522 idem
2063 470 2110 526 Α
2221 464 2373 517 Vcrs.
2401 462 2455 514 4.
2499 460 2558 514 Si
2588 457 2788 512 reddidi
2818 456 3200 511 retribuentibus
3231 454 3357 507 mihi
3383 455 3543 519 ntata,
3572 454 3710 506 deci-

464 580 723 651 propbeta
752 585 933 645 rogat,
975 584 1033 628 ut
1070 566 1477 627 resurrectionis
1505 562 1623 631 ejus
1664 561 1829 630 gloria
1861 558 2032 613 mani-

467 678 657 732 festata
679 670 973 728 subveniat.
1003 667 1181 721 Tertia
1212 662 1382 730 ipsum
1415 655 1701 711 introducit
1730 655 2032 723 loquentem

471 782 565 835 per
592 766 641 819 id
672 762 810 832 quod
842 760 1007 814 factus
1035 763 1116 810 est
1155 751 1401 814 humilis;
1448 757 1505 802 ut
1544 744 1835 801 secundum
1874 740 2034 811 justi-

470 831 594 911 tiam
641 831 789 908 suam
834 848 1213 909 veritatemque
1256 839 1567 909 iudicetur:
1618 834 1788 889 malos
1829 831 2036 887 ultione

473 946 787 1005 deterrens,
836 936 989 991 benis
1037 932 1265 1003 gratuita
1314 928 1532 999 prtemia
1577 924 2034 993 compromittens.

473 1036 530 1089 in
577 1041 759 1101 quarta
803 1038 955 1097 parte
1000 1027 1188 1079 iterum
1237 1020 1493 1090 pmpbeta
1540 1017 1850 1085 reloquitur,
1884 1027 2037 1067 com-

475 1136 699 1178 monens
737 1118 973 1179 Judzros,
1004 1125 1065 1170 ut
1106 1123 1247 1169 metu
1292 1112 1453 1165 futuri
1497 1107 1679 1178 judicii
1710 1122 1739 1161 a
1769 1107 2039 1176 proposita

475 1214 755 1282 iniquitate
796 1209 1107 1264 discedant:
1160 1221 1227 1260 ne
1274 1204 1481 1274 possint
1521 1200 1785 1255 sustinere
1826 1197 2040 1252 meritas

474 1304 723 1357 ultiones.
784 1298 894 1354 lioc
941 1312 1080 1353 nunc
1126 1295 1371 1351 convenit
1419 1291 1646 1346 sollicita
1698 1297 1877 1343 mente
1924 1301 2043 1355 per-

476 1397 635 1464 quiri,
662 1405 715 1446 ιιι
742 1394 987 1446 virtutem
1019 1388 1206 1460 psalmi
1236 1387 1417 1442 divino
1447 1396 1666 1438 munere
1695 1379 2045 1449 introspicere

480 1501 799 1541 ιιοιωῐηυτ.

1010 1615 1274 1688 Expositio
1315 1610 1520 1682 psalmi.

552 1755 705 1810 Vers.
740 1754 789 1806 i.
834 1750 1043 1804 Domine
1069 1748 1206 1801 Deus
1248 1760 1419 1809 meus,
1460 1743 1513 1796 in
1545 1750 1593 1795 te
1618 1737 1845 1807 speravi,
1887 1735 2048 1789 libera

2136 555 2258 607 dam
2287 552 2469 606 merito
2497 552 2558 604 ab
2590 550 2807 602 inimicis
2838 550 2957 601 meis
2984 548 3171 601 inanis.
3218 545 3519 602 Secundum
3552 552 3711 612 caput

2136 653 2220 700 est
2257 642 2506 697 antelatae
2547 640 2855 711 patientins:
2898 640 3020 708 quia
3061 639 3128 692 de
3171 635 3614 707 persequentibus
3652 649 3713 689 se

2138 736 2308 791 noluit
2353 734 2647 788 vindicare.
2705 732 2834 785 Nam
2889 740 2943 784 et
2989 729 3204 784 Saulcm
3255 740 3462 781 summa
3514 727 3714 795 pietate

2138 812 2412 890 tractavit,
2453 834 2513 880 ut
2556 824 2802 879 traditum
2845 822 2945 877 sibi
2986 822 3181 889 smpius
3225 819 3278 873 in
3323 827 3581 884 mortem,
3623 817 3718 871 ille

2139 917 2408 973 remiserit
2437 916 2502 969 ad
2531 914 2780 968 salutem.
2830 912 2980 978 Quod
3012 912 3154 966 idem
3188 910 3344 964 lectio
3372 908 3605 963 antelata
3637 915 3719 961 te-

2140 1018 2329 1064 statur.
2366 1006 2724 1061 ltetribuebant
2750 1004 2891 1059 enim
2919 1002 3043 1058 Saul
3072 1011 3229 1070 atque
3257 999 3568 1054 Abessalom
3597 1013 3715 1050 nta-

2142 1101 2271 1162 lum,
2317 1098 2404 1167 qui
2434 1096 2502 1151 ab
2534 1096 2651 1163 ipso
2677 1095 2823 1161 prius
2852 1102 3169 1158 acceperant
3207 1088 3420 1160 pietatis
3450 1088 3714 1142 officium.

2140 1187 2310 1242 Nemo
2339 1187 2479 1241 enim
2510 1184 2744 1238 retribuit
2769 1224 2784 1247 ,
2836 1182 2935 1236 nisi
2964 1181 3051 1251 qui
3079 1179 3277 1247 aliquid
3307 1186 3431 1232 ante
3457 1177 3717 1247 percepit.

2144 1278 2249 1333 Sed
2280 1279 2378 1332 iste
2406 1279 2485 1331 vir
2516 1277 2624 1331 Deo
2655 1276 2875 1343 plenus,
2925 1284 2978 1328 et
3009 1272 3276 1342 patientia:
3305 1269 3498 1325 virtute
3524 1270 3721 1324 ﬁrmis-

2144 1370 2333 1434 simus,
2361 1366 2613 1437 perfectae
2638 1366 3022 1422 benevolentiae
3045 1379 3102 1419 se
3123 1362 3428 1418 conditione
3453 1362 3721 1417 constrin-

2144 1460 2251 1529 git,
2279 1467 2334 1513 ut
2358 1459 2402 1513 si
2427 1458 2624 1512 malum
2647 1472 2742 1526 pro
2763 1456 2906 1511 malo
2929 1455 3177 1519 reddidit,
3196 1456 3397 1509 decidat
3420 1455 3484 1507 ab
3503 1454 3721 1508 inimicis

2146 1552 2251 1605 suis
2276 1550 2475 1612 inanis;
2516 1549 2567 1603 id
2600 1559 2712 1615 est,
2745 1548 2916 1602 fructu
2946 1546 3366 1601 mansuetudinis
3399 1561 3604 1616 magna:
3629 1559 3724 1599 va-

2149 1652 2372 1706 cuatus;
2404 1656 2503 1696 nec
2523 1640 2590 1696 de
2619 1640 2719 1694 hoc
2744 1640 3036 1695 certamine
3061 1638 3281 1703 referat,
3302 1637 3443 1707 quod
3470 1638 3722 1692 Dominus

2154 1734 2231 1787 illi
2262 1732 2496 1802 applicet
2521 1732 2587 1786 ad
2612 1746 2887 1787 coronam.
2917 1732 3047 1798 Qua:
3074 1732 3117 1785 si
3146 1731 3307 1787 altius
3335 1731 3596 1797 intendas,
3629 1731 3725 1785 do-

482 1866 560 1903 me
583 1849 644 1901 ab
669 1846 895 1898 omnibus
922 1839 1325 1914 persequentibus
1345 1853 1423 1890 me
1442 1843 1489 1889 et
1512 1835 1649 1903 eripe
1668 1848 1765 1885 me.
1793 1829 2049 1897 Quamvis
2083 1824 2126 1881 Β
2154 1823 2364 1877 ιιιὶιιίοω
2404 1822 2666 1891 passionis
2691 1821 3034 1877 declarantur
3072 1821 3268 1877 indicia
3288 1865 3303 1887 ,
3347 1837 3468 1877 eum
3492 1821 3723 1891 perﬁdus

484 1936 772 2009 p-ophcta,
823 1933 1132 1990 Abessalom
1182 1929 1276 1983 filii
1322 1928 1404 1981 Sui
1449 1939 1606 1980 causa
1650 1922 1893 1977 videatur
1933 1933 2053 1974 e~se

486 2028 751 2097 proposita
780 2067 795 2089 ,
836 2026 904 2079 dc
944 2021 1207 2078 universis
1233 2027 1408 2074 tamen
1449 2014 1680 2070 inimicis
1707 2027 1767 2067 se
1793 2010 2054 2081 supplicat

402 2157 407 2161 ς
485 2122 684 2176 debere
721 2116 966 2179 liberari,
1009 2115 1077 2167 ab
1111 2110 1474 2180 spiritualibus
1509 2106 1745 2160 maxime
1782 2101 2050 2171 nequitiis,

486 2229 619 2283 quas
644 2212 891 2267 convenit
921 2205 1310 2274 studiosissime
1340 2198 1629 2271 prtecaveri
1657 2214 1669 2249 :
1715 2195 1839 2268 quia
1865 2206 2057 2249 carna-

490 2306 569 2358 les
599 2303 777 2357 hostes
804 2314 1000 2368 corpus
1029 2297 1320 2363 impetunt,
1361 2289 1663 2361 spirituales
1692 2301 1820 2343 vero
1848 2286 2055 2340 animas

489 2407 681 2449 necare
708 2388 1054 2445 contendunt.
1102 2386 1293 2441 Libera
1329 2396 1358 2435 a
1399 2387 1637 2451 peccato,
1685 2378 1833 2447 eripe
1872 2391 1903 2429 a
1944 2374 2059 2430 dia-

490 2482 634 2535 bolo.
693 2480 775 2535 Ab
822 2478 989 2547 ipsius
1037 2476 1179 2530 enim
1232 2479 1493 2539 potestate
1542 2467 1800 2531 tollimur,
1848 2463 2060 2535 quando

494 2568 854 2624 misericordia
882 2566 1092 2621 Domini
1122 2563 1436 2619 delictorum
1485 2558 1734 2613 sordibus
1758 2557 2057 2625 expiamur.

494 2662 601 2718 Sed
648 2675 743 2717 cur
786 2652 978 2715 debeat
1022 2674 1051 2712 a
1094 2654 1536 2728 persequentibus
1579 2652 1735 2715 erui,
1784 2650 2058 2721 prtemissa

491 2753 696 2807 ratione
736 2751 1105 2805 demonstrat:
1160 2746 1411 2817 quoniam
1455 2759 1514 2800 se
1557 2743 1612 2797 in
1658 2744 1773 2811 ipso
1817 2755 2063 2811 sperasse

492 2844 793 2898 confirmat.

561 2932 715 2988 Vers.
745 2933 801 2985 2.
842 2928 1128 2999 Nequando
1157 2928 1324 2997 rapiat
1372 2934 1429 2980 ut
1476 2925 1555 2979 leo
1602 2922 1828 2977 animam
1876 2936 2060 2987 meam,

494 3023 618 3075 dum
657 3037 757 3074 non
795 3030 868 3073 est
908 3020 993 3087 qui
1033 3019 1275 3080 redimat,
1323 3032 1480 3084 neque
1519 3014 1605 3084 qui
1649 3013 1846 3067 salvum
1888 3012 2085 3083 faciat.

496 3112 653 3168 Leoni
681 3110 950 3166 confertur
976 3108 1249 3171 diabolus,
1289 3106 1423 3159 leoni
1453 3104 1758 3173 frequenter
1781 3116 2063 3172 compara-

2151 1911 2368 1967 Judaeus
2392 1911 2529 1965 mala
2549 1910 2818 1977 retribuit,
2839 1911 3084 1981 quamvis
3105 1911 3395 1967 inefi‘abilia
3417 1910 3551 1966 bona
3575 1925 3605 1964 a
3625 1924 3726 1966 suo

2149 2002 2349 2073 jugiter
2375 2009 2592 2056 auctore
2622 2004 2939 2074 perceperit.

2196 2116 2379 2173 ‘Vcrs.
2409 2116 2461 2173 5.
2508 2113 2847 2187 Persequatur
2886 2117 3119 2169 inimicus
3163 2115 3389 2167 animant
3437 2129 3635 2177 meam,
3678 2122 3729 2167 et

2156 2206 2549 2276 comprehendat
2572 2223 2710 2272 eam,
2742 2215 2788 2261 et
2825 2204 3082 2260 conculcet
3108 2205 3161 2258 in
3190 2214 3324 2258 terra
3351 2204 3505 2257 vitim
3533 2218 3692 2256 meum
3711 2242 3727 2265 ,

2156 2308 2205 2353 et
2232 2299 2446 2368 gloriam
2475 2312 2635 2350 meam
2672 2298 2726 2350 in
2765 2296 3021 2365 pulverem
3050 2296 3284 2349 deducat.
3319 2291 3591 2346 Inimicum
3618 2292 3731 2345 dia-

2160 2388 2336 2442 bolum
2362 2387 2513 2452 dicit,
2541 2386 2632 2457 qui
2658 2386 2864 2440 animas
2890 2400 3021 2454 quas
3048 2383 3450 2453 comprehendit
3476 2380 3728 2437 conterit.

2158 2477 2416 2547 Superior
2441 2477 2583 2531 enim
2611 2474 2781 2531 factus
2805 2475 3200 2540 datinterituni,
3232 2488 3334 2528 non
3363 2475 3607 2528 salutem.
3639 2470 3732 2527 Sic

2160 2567 2303 2621 enim
2330 2567 2397 2621 de
2425 2563 2708 2619 animabus
2733 2564 2895 2619 efﬁcit
2912 2604 2929 2630 ,
2957 2578 3087 2633 quas
3114 2562 3512 2617 crudelissimus
3537 2561 3731 2625 vincit,

2161 2666 2219 2709 ut
2244 2664 2394 2711 actus
2421 2670 2606 2710 earum
2647 2663 2859 2710 terrena
2907 2654 3063 2709 faciat
3104 2654 3421 2723 contagione
3454 2652 3731 2705 maculari.

2160 2748 2495 2817 Quapropter
2534 2760 2800 2817 cnngruus
2849 2754 2935 2801 est
2981 2748 3189 2816 positus
3235 2744 3365 2799 ordo
3405 2745 3732 2799 verborum:

2162 2837 2308 2907 prius
2335 2838 2480 2892 enim
2509 2837 2606 2890 fuit
2634 2847 2690 2890 ut
2717 2834 3229 2905 comprehenderet,
3262 2842 3450 2903 postea
3496 2841 3555 2887 ut
3598 2847 3735 2888 con-

2160 2928 2415 2984 culcaret.
2467 2925 2534 2979 Et
2570 2925 2787 2997 gloriam
2818 2942 2981 2979 meam
3011 2926 3062 2978 in
3092 2922 3347 2994 pulverem
3379 2923 3641 2990 deducat;
3684 2925 3736 2979 id

2163 3025 2246 3070 eat
2275 3015 2510 3081 suscepti
2542 3013 2775 3068 hominis
2803 3013 3092 3079 honorem,
3135 3010 3226 3080 qui
3256 3010 3322 3064 ad
3354 3010 3643 3080 imaginem
3684 3021 3742 3067 et

2164 3104 2562 3159 similitudinem
2596 3103 2685 3157 Dei
2716 3110 2929 3156 constat
2955 3100 3196 3156 effectus.
3243 3099 3477 3155 Deducat
3504 3102 3557 3154 in
3588 3102 3743 3156 illum

497 3212 585 3257 tur
613 3210 666 3256 et
693 3200 933 3255 Christus
964 3215 978 3252 :
1023 3198 1115 3252 ille
1143 3195 1282 3266 quod
1313 3194 1380 3248 ad
1409 3194 1681 3248 interitum
1712 3192 1915 3258 rapiat,
1964 3193 2064 3247 iste
2092 3182 2137 3246 C
2167 3197 2420 3264 pulverem
2447 3208 2603 3264 quem
2630 3192 2839 3263 projicit
2862 3200 3050 3248 ventus
3077 3208 3107 3245 a
3137 3190 3273 3247 facie
3299 3202 3477 3247 terrm.
3510 3193 3580 3245 Ita
3609 3192 3743 3246 dum

495 3292 638 3364 quod
665 3291 855 3361 eripiat
878 3289 945 3344 ad
972 3290 1219 3343 salutem.
1254 3286 1483 3341 Pulchre
1506 3300 1637 3339 vero
1666 3280 1877 3354 propria
1903 3285 2064 3340 verba

496 3384 605 3438 suis
634 3382 937 3437 auctoribus
966 3380 1111 3434 dedit
1140 3398 1154 3433 :
1191 3377 1467 3431 Dominum
1501 3382 1650 3443 rogat
1679 3384 1735 3428 ut
1762 3374 1971 3443 eripiat,
2001 3389 2067 3429 ne

497 3474 581 3529 leo
609 3473 796 3543 rapiat.
843 3470 1131 3541 Subjunxit
1156 3485 1168 3523 :
1204 3465 1342 3521 Dum
1377 3483 1476 3520 non
1503 3474 1574 3519 est
1602 3466 1689 3531 qui
1715 3466 1949 3531 redimat,
1982 3482 2069 3518 ne-

497 3581 595 3635 que
619 3566 706 3635 qui
735 3563 928 3617 salvum
960 3562 1157 3631 faciat;
1202 3558 1254 3614 id
1284 3567 1383 3623 est,
1414 3572 1536 3611 cum
1568 3565 1623 3610 tu
1652 3571 1681 3609 a
1708 3554 2069 3610 subveniendi)

502 3656 835 3721 cessaveris,
876 3653 966 3708 illo
996 3653 1137 3707 enim
1169 3659 1407 3719 tempore
1438 3648 1686 3717 prtevalet
1714 3647 1958 3702 diabolus
1985 3661 2071 3701 ra-

502 3762 650 3817 pere,
679 3761 801 3800 cum
828 3746 980 3800 nobis
1010 3742 1240 3812 peccatis
1271 3740 1467 3794 nostris
1486 3738 1824 3793 obstantibus
1844 3735 2071 3792 Creator

502 3836 773 3892 distulerit
801 3836 1104 3891 subvenire.
1154 3834 1273 3903 ipse
1299 3831 1440 3885 enim
1473 3828 1657 3885 fideles
1692 3826 1936 3893 redimit,
1980 3830 2071 3897 qui

503 3941 656 3980 suum
693 3925 882 3979 Filium
922 3939 1017 3993 pro
1049 3923 1281 3977 humano
1316 3935 1517 3990 genere
1552 3918 1923 3973 inaestimabile
1952 3933 2074 3988 pre-

502 4020 633 4073 tium
659 4017 823 4072 dedit.
873 4016 981 4072 Nec
1014 4015 1082 4070 ab
1121 4014 1224 4068 alio
1253 4019 1426 4082 potest
1468 4010 1613 4066 salus
1636 4010 1855 4079 venire,
1900 4009 2001 4064 nisi
2043 4025 2075 4065 a

503 4110 689 4164 salutis
717 4118 951 4163 auctore.
987 4107 1077 4163 Sic
1110 4107 1391 4161 Dominum
1422 4103 1691 4158 Cbrismm
1726 4117 1819 4172 per
1845 4101 1960 4155 hazc
1987 4116 2073 4156 re—

508 4201 733 4256 lucentia
762 4201 920 4256 verba
953 4197 1264 4254 declaravit.

518 4288 525 4293 ’
578 4290 732 4343 Vers.
761 4289 816 4341 5.
860 4285 1081 4340 Domine
1118 4285 1255 4339 Deus
1294 4301 1461 4348 meus,
1507 4282 1553 4336 si
1591 4282 1686 4354 feci
1716 4282 1875 4346 istud,
1919 4281 1964 4334 si
2003 4288 2075 4335 est

505 4378 748 4445 iniquitas
775 4375 827 4427 in
853 4375 1084 4427 manibus
1113 4376 1257 4427 meis.
1310 4374 1406 4427 llic
1436 4372 1650 4439 quidem
1679 4371 1807 4424 dicit
1831 4387 1859 4445 εἴ
1891 4370 1951 4424 Si
1980 4370 2081 4439 feci

508 4466 687 4521 istud:
718 4466 810 4520 sed
838 4462 1059 4519 inferius
1087 4462 1213 4533 quid
1244 4464 1334 4537 sit,
1365 4463 1525 4527 istud,
1558 4461 1778 4537 exponit
1806 4474 1925 4514 cum
1962 4460 2032 4514 ait
2062 4476 2077 4515 :

2167 3285 2272 3341 sibi
2302 3284 2659 3339 conditionem
2692 3284 2857 3353 ponit,
2903 3282 3234 3351 peccantium
3266 3284 3470 3336 ruinam
3502 3281 3741 3335 mirabili

2168 3377 2473 3432 narratione
2500 3376 2802 3445 descripsit.
2858 3375 2951 3430 [iis
2981 3375 3141 3443 igitur
3170 3374 3537 3444 superioribus
3570 3374 3746 3429 ttibus

2168 3468 2410 3523 versibus
2438 3468 2757 3537 explanatis,
2786 3468 3071 3523 dicendum
3103 3467 3257 3523 nobis
3286 3477 3368 3523 est
3396 3468 3749 3538 quemadmo-

2168 3559 2294 3613 dum
2337 3560 2390 3613 in
2431 3560 2512 3615 eis
2559 3559 2883 3629 hypothetici
2930 3560 3225 3630 syllogismi
3253 3560 3518 3614 secundus
3546 3559 3745 3615 modus

2170 3659 2461 3719 appareat,
2516 3651 2606 3718 qui
2658 3650 2759 3706 hoc
2809 3649 2970 3705 modo
3021 3651 3139 3706 fieri
3187 3664 3345 3719 posse
3386 3649 3747 3719 dignoscitur.

2174 3741 2558 3812 liypotbeticus
2584 3749 2781 3810 autem,
2812 3742 2863 3795 id
2890 3750 2972 3796 est
2999 3741 3372 3796 conditionalis
3399 3743 3748 3812 syllogismus

2173 3842 2286 3899 est,
2316 3835 2406 3903 qui
2437 3850 2500 3888 ex
2531 3834 2910 3899 conditionali,
2942 3844 3033 3889 aut
3063 3835 3509 3891 conditionaiibus
3539 3852 3745 3906 prepo-
3840 3836 3847 3839 ⁷

2174 3924 2457 3979 sitionibus
2484 3926 2753 3993 accipiens
2791 3927 3241 3994 assumptionem,
3286 3927 3489 3997 colligit
3517 3929 3744 3982 conclu-

2174 4016 2401 4071 sionem.
2432 4014 2597 4085 Cujus
2624 4016 2915 4085 propositio
2941 4016 3062 4070 talis
3088 4027 3190 4084 est,
3216 4027 3467 4086 quantum
3498 4016 3563 4071 ad
3589 4017 3752 4074 istam

2177 4108 2406 4177 pertinet
2426 4107 2743 4162 dictionem:
2770 4107 2995 4162 Domine
3019 4108 3159 4163 Deus
3186 4123 3358 4177 meus,
3381 4110 3424 4163 si
3454 4109 3550 4164 feci
3574 4109 3752 4176 istud;

2177 4198 2224 4251 si
2261 4206 2343 4253 est
2381 4198 2631 4268 iniquitas
2660 4199 2711 4253 in
2743 4200 2987 4255 manibus
3017 4203 3186 4265 meis;
3238 4201 3284 4254 si
3334 4201 3537 4256 reddidi
3585 4203 3755 4256 retri-

2179 4289 2466 4345 buentibus
2512 4290 2641 4346 mihi
2688 4293 2862 4355 maia,
2911 4292 3151 4348 decidam
3180 4297 3373 4349 merito
3412 4296 3480 4350 ab
3521 4295 3760 4353 inimicis

2178 4385 2313 4439 meis
2341 4384 2553 4439 inanis:
2589 4394 2941 4455 persequatur
2980 4387 3227 4443 inimicus
3266 4391 3496 4444 animam
3540 4406 3756 4455 meam,

2180 4485 2234 4531 et
2261 4475 2681 4545 comprehendat
2708 4491 2857 4543 eam,
2908 4486 2964 4532 et
3004 4479 3278 4534 conculcet
3322 4480 3374 4534 in
3420 4492 3558 4535 terra
3586 4482 3756 4535 vitam

510 4559 573 4614 Si
598 4568 669 4612 est
696 4558 935 4626 iniquitas
964 4557 1016 4610 in
1051 4556 1283 4610 manibus
1310 4556 1455 4609 meis.
1504 4554 1635 4622 Qua:
1652 4536 1849 4626 “figura
1884 4553 2081 4610 dicitur
2106 4536 2465 4631 011mm,.“
2486 4566 2710 4634 gloriam
2736 4536 2911 4620 ωεέηι
2936 4567 2991 4620 in
3015 4568 3289 4636 pulverem
3317 4569 3562 4624 deducat.
3599 4570 3763 4627 ιειίηε

509 4649 839 4719 epexegesis,
889 4647 939 4703 id
985 4657 1066 4702 est
1109 4648 1413 4715 explanatio
1439 4645 1571 4701 dicti
1602 4645 1922 4714 superioris.
1972 4645 2078 4701 Sed

514 4744 614 4798 hoc
643 4758 746 4796 non
782 4742 936 4798 debet
965 4742 1284 4814 generaliter
1314 4741 1535 4811 intelligi
1561 4758 1575 4794 :
1618 4742 1740 4812 quia
1773 4757 1879 4796 non
1910 4752 1996 4799 est
2026 4745 2079 4798 in

514 4837 730 4892 homine
768 4839 998 4905 aliquam
1043 4838 1375 4907 iniquitatem
1426 4836 1477 4891 in
1524 4837 1635 4892 suis
1681 4838 1925 4891 manibus
1972 4852 2079 4892 non

514 4927 731 4982 habere.
784 4928 888 4984 Sed
918 4929 1052 4983 istud
1080 4929 1145 4983 ad
1191 4928 1615 4998 persecutionem
1649 4929 1965 4985 Abessalom
1999 4932 2083 4985 di-

512 5017 649 5071 citur
680 5018 805 5083 filii,
847 5033 877 5071 a
920 5035 1024 5089 quo
1061 5021 1318 5089 propheta
1354 5018 1549 5090 injus:e
1582 5021 1862 5077 videbatur
1892 5022 2077 5091 afﬂigi.

516 5109 651 5164 Nam
688 5111 1134 5178 quemadmodum
1167 5113 1246 5167 vel
1288 5112 1557 5169 inimicum
1604 5117 1942 5182 tractaverit,
1985 5116 2087 5170 lte-

515 5215 638 5268 gum
687 5210 860 5254 textus
897 5202 1125 5256 ostendit
1152 5201 1238 5274 (II
1269 5202 1398 5274 Reg.
1427 5220 1578 5270 ιιι-ιιι,
1606 5206 1700 5274 5);
1742 5214 1802 5260 ut
1843 5215 2085 5274 tempore

516 5303 621 5357 quo
650 5297 832 5344 contra
861 5305 983 5344 eum
1012 5292 1310 5347 exercitum
1340 5295 1673 5363 destinabat,
1715 5296 1939 5350 ducibus
1976 5297 2090 5352 suis

519 5381 835 5450 praiccperit
874 5390 930 5436 ut
960 5384 1189 5440 maxime
1220 5384 1536 5444 Abessalom
1580 5388 1736 5442 saluti
1783 5388 2092 5456 prospicere

519 5472 859 5540 debuissent;
891 5491 1047 5547 quem
1071 5477 1230 5532 etiam
1261 5488 1530 5533 mortuum
1558 5478 1880 5548 gravissimo
1905 5478 2090 5535 dolore

519 5563 756 5618 deflevit.
808 5566 993 5621 Merito
1020 5581 1149 5638 ergo
1175 5568 1304 5624 dicit
1345 5570 1679 5638 iniquitatem
1720 5568 1775 5621 in
1807 5566 1905 5621 hac
1930 5582 2091 5623 causa

518 5655 769 5710 duntaxat
818 5657 873 5712 in
915 5661 1024 5713 suis
1049 5662 1293 5715 manibus
1322 5676 1424 5713 non
1455 5659 1639 5725 fuisse,
1668 5674 1788 5714 eum
1829 5659 1931 5715 sibi
1971 5673 2091 5715 eum

518 5750 676 5802 ctiam
706 5751 1045 5818 superstitem
1075 5752 1380 5819 relinquere
1408 5749 1683 5803 voluisset.

2184 4666 2359 4711 autem
2386 4657 2765 4726 propositionis
2791 4658 3081 4713 secundum
3112 4662 3323 4730 regulas
3350 4661 3763 4718 dialecticorum

2184 4746 2534 4817 reciprocatio
2575 4748 2697 4801 talis
2738 4755 2860 4802 est:
2910 4749 2955 4802 si
3004 4765 3107 4804 nun
3158 4750 3400 4805 decidam
3451 4754 3645 4805 merito
3686 4753 3760 4806 ab

2186 4840 2416 4895 inimicis
2461 4838 2593 4895 meis
2636 4840 2845 4905 inanis;
2891 4841 2935 4895 si
2977 4855 3080 4895 non
3122 4852 3473 4913 persequatur
3508 4843 3760 4899 inimicus

2188 4932 2415 4985 animam
2448 4946 2642 4997 meam,
2676 4938 2731 4986 et
2761 4932 3175 5000 comprehendat
3204 4948 3351 4998 eam;
3394 4934 3438 4987 si
3482 4950 3587 4989 non
3629 4949 3765 4988 con-

2188 5022 2362 5077 culcet
2390 5023 2440 5076 in
2474 5032 2615 5077 terra
2641 5024 2803 5077 vitam
2834 5038 3038 5085 meam;
3085 5025 3128 5077 si
3175 5039 3279 5077 non
3319 5021 3542 5093 gloriam
3582 5038 3762 5079 meam

2189 5112 2242 5166 in
2284 5114 2554 5182 pulverem
2584 5113 2840 5176 deducat;
2894 5114 3115 5168 Domine
3150 5115 3287 5168 Deus
3317 5127 3490 5180 meus,
3520 5128 3623 5168 non
3654 5114 3761 5169 feci

2188 5203 2359 5267 istud;
2393 5218 2497 5257 non
2532 5212 2615 5258 est
2649 5205 2900 5275 iniquitas
2937 5206 2988 5259 in
3029 5205 3271 5260 manibus
3303 5208 3463 5269 meis;
3499 5221 3602 5259 non
3632 5205 3763 5261 red-

2192 5293 2298 5347 didi
2330 5294 2745 5349 retribuentibus
2774 5295 2901 5349 mihi
2935 5295 3093 5350 mala.
3136 5295 3299 5365 Cujus
3327 5297 3770 5365 reciprocationis

2195 5383 2252 5437 fit
2283 5384 2400 5437 talis
2426 5386 2722 5453 assumptio
2748 5403 2762 5435 -.
2794 5394 3026 5439 attamen
3057 5400 3162 5439 non
3192 5386 3433 5441 decidam
3473 5389 3664 5441 merito
3697 5386 3771 5442 ab

2199 5474 2426 5530 inimicis
2454 5478 2592 5531 meis
2622 5477 2819 5543 inanis;
2860 5485 3094 5530 attamen
3135 5489 3238 5529 non
3278 5485 3631 5545 persequetur
3660 5478 3774 5533 ini-

2201 5566 2371 5623 micus
2399 5569 2629 5623 animam
2660 5582 2868 5631 meam,
2913 5568 3018 5638 32
3060 5575 3114 5621 et
3157 5567 3574 5636 comprehendet
3613 5583 3774 5637 eam;

2204 5672 2307 5711 non
2347 5658 2683 5714 conculcabit
2714 5660 2767 5712 in
2800 5667 2943 5713 terra
2968 5660 3130 5712 vitam
3162 5671 3366 5722 meam;
3410 5672 3514 5713 non
3543 5657 3774 5728 gloriam

2202 5765 2374 5806 meam
2420 5753 2472 5806 in
2516 5752 2787 5823 pulverem
2826 5750 3072 5806 deducet.
3124 5749 3271 5804 lianc
3296 5763 3423 5806 vero
3450 5750 3777 5817 assumptio.-

3988 462 3991 615 ι

3990 622 3993 698 l
