4064 6360
234 341 294 391 ίιυ
1192 342 1467 391 ωιύδιί
1487 342 1550 389 IU
1594 341 1655 389 ΙΝ
1702 342 1806 390 1⁸δί

1906 343 2160 390 unum.
2205 344 2392 394 rsau.
2443 344 2548 393 \‘ti.
3405 348 3479 403 το

234 463 347 505 nem
386 445 629 516 sequitur
672 444 774 500 ista
814 444 1108 500 conclusio.
1162 445 1345 515 igitur,
1392 445 1614 500 Domine
1658 446 1797 500 Deus
1826 448 1869 505 Λ
1902 454 2104 527 torum:
2134 456 2179 500 et
2206 450 2373 517 posuit
2404 450 2632 506 tenebras
2660 450 2930 507 latibulum
2957 469 3106 511 suum
3135 454 3308 527 (Psal.
3340 473 3470 527 xvu,

236 555 401 606 meus,
431 553 536 591 non
570 537 667 591 ieci
698 536 835 591 istud
862 552 879 592 :
923 550 1029 591 non
1071 545 1155 591 est
1191 536 1444 606 iniquitas
1474 537 1527 590 in
1557 537 1802 590 manibus

235 633 389 695 meis;
416 644 518 683 non
544 628 752 684 reddidi
776 626 1192 683 retribuentibus
1214 626 1344 681 mihi
1370 627 1528 681 mala.
1561 626 1685 680 llaec
1706 639 1803 680 nos

238 738 400 777 summ
437 722 533 774 tim
576 730 734 789 atque
774 720 1089 789 simpliciter
1122 734 1279 775 causa
1319 718 1598 774 brevitatis
1629 717 1806 787 attigi-

237 828 365 868 mus.
418 811 472 868 Si
504 810 625 880 quis
654 820 864 876 autem,
904 810 1018 866 sive
1046 811 1113 865 de
1141 808 1536 874 schematibus,
1580 808 1698 863 sive
1738 808 1804 862 de

238 907 398 962 modis
427 903 864 973 syllogismorum
885 943 899 967 ,
930 902 1043 956 sive
1070 900 1197 971 quid
1224 903 1331 956 sint
1354 900 1649 966 simplices,
1691 898 1805 953 sive

236 997 507 1066 compositi
540 996 851 1064 plenissime
881 1008 1037 1048 nosse
1065 992 1352 1057 desiderat,
1381 989 1720 1046 Aristotelem
1750 989 1802 1043 in

238 1089 448 1151 (ἱππεῖς,
468 1086 803 1141 Victorinum
826 1097 1001 1139 autem
1025 1082 1247 1139 Marium
1272 1084 1472 1138 lectitet
1504 1083 1554 1135 in
1580 1082 1801 1148 Latinis,

234 1193 285 1236 et
312 1180 459 1235 facile
493 1179 600 1235 sibi
632 1180 855 1248 quisque
887 1178 1013 1232 talia
1040 1175 1349 1242 conﬁrmat,
1392 1190 1510 1245 qua-
1537 1190 1677 1230 nunc
1700 1174 1803 1229 dif-

238 1271 382 1327 ficilia
412 1271 647 1325 fortasse
674 1269 951 1337 dijudicat.
1498 1262 1501 1265 λ

297 1363 445 1420 Vers.
480 1364 535 1418 6.
583 1360 835 1433 Exsurge,
869 1360 1106 1427 Domine,
1146 1362 1201 1415 in
1236 1360 1315 1413 ira
1344 1367 1461 1423 tua,
1503 1367 1551 1413 et
1579 1357 1805 1412 exaltare

231 1446 281 1506 in
307 1453 487 1521 ﬁnibus
516 1451 843 1506 inimicorum
874 1461 1094 1505 tuorum.
1132 1449 1386 1521 Exsurge,
1419 1449 1638 1503 Domine
1668 1449 1804 1504 Deus

233 1562 380 1609 meus,
408 1545 463 1597 in
489 1553 743 1614 prmerpto
768 1544 903 1612 quod
931 1543 1204 1597 mandasti.
1240 1542 1395 1597 Venit
1420 1542 1484 1596 ad
1514 1541 1802 1596 secundam

231 1636 564 1701 divisionem,
601 1636 654 1689 in
689 1650 787 1704 qua
821 1634 1103 1688 transitum
1138 1633 1263 1687 facit
1287 1633 1353 1686 ad
1385 1632 1527 1687 illam
1558 1632 1804 1687 similitu-

231 1726 397 1781 dinem
428 1741 590 1795 quam
626 1725 826 1780 fecerat
865 1726 907 1778 D
930 1724 1074 1778 imini
1112 1725 1428 1779 Salvatoris.
1485 1722 1590 1778 Sed
1633 1723 1803 1777 tribus

231 1817 475 1888 gradibus
506 1815 751 1871 ascendit
775 1817 873 1871 ista
907 1818 1110 1885 petitio.
1157 1816 1367 1871 Primus
1397 1825 1499 1879 est,
1533 1824 1590 1869 ut
1618 1817 1671 1869 in
1699 1815 1797 1880 ira,

233 1907 279 1961 id
308 1919 383 1962 eat
414 1908 465 1961 in
496 1907 732 1962 vindicta
760 1916 1073 1978 consurgat;
1124 1907 1220 1963 sed
1263 1922 1368 1961 non
1408 1906 1474 1961 ad
1519 1907 1648 1961 iram
1678 1922 1806 1976 pro-

231 2010 375 2054 vocat
399 1999 594 2067 Deum,
619 2015 775 2070 quem
805 2001 1004 2055 sciebat
1029 2015 1150 2057 esse
1178 1998 1546 2066 mitissimum;
1576 2000 1808 2055 maxime

230 2106 340 2145 cum
369 2090 621 2159 superius
648 2090 713 2145 de
744 2106 801 2146 se
827 2091 1021 2145 dixerit
1046 2109 1060 2145 :
1094 2091 1157 2146 Si
1181 2092 1383 2145 reddidi
1418 2088 1808 2145 retribuentibus

233 2180 349 2234 mihi
382 2181 519 2235 mala
543 2199 563 2237 :
603 2181 697 2237 sed
740 2183 985 2238 humanis
1015 2193 1067 2239 et
1099 2184 1433 2237 translatitiis
1459 2184 1637 2238 verbis
1678 2183 1803 2237 talia

234 2271 547 2328 referuntur.
582 2273 781 2329 Verum
815 2275 931 2331 haec
958 2276 1192 2329 vindicta
1222 2290 1340 2344 qua:
1375 2274 1571 2329 dicitur
1598 2275 1703 2341 ira,
1752 2275 1804 2331 in

233 2362 496 2421 diabolum
543 2367 720 2437 potius
761 2367 920 2422 debet
960 2366 1207 2433 adverti,
1253 2367 1342 2435 qui
1386 2370 1544 2422 toties
1589 2369 1806 2435 punitur

232 2456 430 2527 quoties
460 2459 531 2513 ab
560 2474 627 2514 eo
657 2469 906 2528 peccator
933 2459 1245 2529 subiugatus
1270 2458 1513 2528 eripitur.
1551 2459 1799 2511 Exaltare

232 2546 282 2600 in
317 2549 506 2617 ﬁnibus
547 2550 901 2615 inimicorum,
944 2550 996 2603 id
1028 2559 1111 2605 est
1139 2550 1193 2603 in
1225 2548 1572 2618 possessione
1600 2548 1804 2604 diaboli

234 2638 603 2707 magnificare,
649 2654 804 2708 quam
847 2641 899 2693 in
942 2639 1313 2708 peccatoribus
1350 2646 1517 2693 tenet.
1576 2639 1629 2692 In
1677 2639 1809 2709 ipsis

234 2728 365 2782 enim
412 2728 683 2782 exal'atur
709 2728 1001 2795 Dominus,
1042 2728 1256 2796 quando
1299 2743 1327 2782 a
1374 2730 1809 2783 eonvertentibus

235 2820 496 2874 confessio
525 2820 698 2874 laudis
724 2819 968 2874 offertur.
1015 2820 1292 2875 Secundus
1320 2819 1517 2889 gradus
1547 2829 1625 2874 est
1651 2836 1664 2873 :
1700 2819 1811 2873 Er-

237 2929 397 2983 surge,
426 2913 645 2967 Domine
668 2911 799 2966 Deus
822 2927 982 2981 meus,
1007 2914 1059 2965 in
1082 2926 1333 2982 prwcrpto
1354 2911 1491 2981 quod
1515 2912 1810 2966 mandasti:

239 3005 399 3074 ipsum
429 3013 513 3059 est
554 3004 696 3059 enim
728 3002 869 3073 quod
909 3003 1153 3072 superius
1181 3003 1340 3067 dixit,
1385 3003 1438 3056 in
1467 3003 1546 3055 ira
1567 3039 1583 3068 ,
1624 3010 1683 3056 ut
1719 3017 1812 3057 co-

241 3110 453 3165 gnoscas
467 3095 755 3150 vindictam
778 3108 900 3150 esse
922 3093 1116 3163 potius,
1136 3107 1241 3147 non
1264 3091 1517 3147 furorem.
1544 3090 1810 3146 Mandavit

1909 533 2019 605 tl).

1981 626 2131 680 \‘ers.
2160 626 2216 681 8.
2262 627 2501 694 Domine,
2536 632 2721 702 judica
2750 636 2982 703 papulas.
3026 637 3215 692 Indica
3243 656 3342 704 me,
3371 638 3481 694 Da-

1906 716 2060 777 mine.
2089 717 2367 771 secundum
2403 722 2655 788 justitiam
2683 742 2876 789 meam,
2921 738 2969 779 et
3009 730 3287 783 secundum
3331 732 3483 785 iuno-

1905 807 2122 859 ccntiam
2147 822 2387 861 manuum
2415 824 2639 867 mearum
2664 829 2816 883 super
2841 831 2938 869 me.
2985 815 3139 871 Venit
3166 819 3231 872 ad
3266 820 3477 885 tertiam

1907 908 2132 965 partem,
2169 899 2259 952 ubi
2294 899 2406 969 jam
2440 901 2693 956 Dominus
2724 906 2958 975 loquitur
2982 908 3258 973 Cluistu-,
3303 927 3371 966 ex
3412 928 3477 968 ea

1905 988 2303 1057 dispensatione
2343 1006 2444 1059 qua
2486 1006 2676 1060 passus
2705 1004 2807 1048 est.
2862 995 2993 1051 Nam
3024 1012 3144 1053 cum
3173 1000 3337 1054 dicit:
3372 1000 3482 1054 Do-

1905 1080 2065 1143 mine,
2102 1083 2286 1152 judico
2323 1084 2569 1152 papulos,
2616 1085 2997 1154 omnipotentis
3028 1088 3196 1144 Putris
3227 1090 3481 1159 maiestas

1904 1174 2223 1228 ostenditur.
2268 1175 2399 1229 Cum
2430 1189 2558 1231 vero
2594 1176 2845 1246 ponitur:
2878 1178 3069 1232 Judica
3101 1195 3206 1245 me,
3241 1179 3479 1247 Domine,

1903 1264 2179 1317 secundum
2202 1266 2464 1333 justitiam
2500 1282 2693 1334 meam,
2732 1277 2781 1323 et
2821 1270 3099 1322 secundum
3135 1272 3476 1326 innocentiam

1903 1370 2152 1409 manuum
2193 1372 2421 1410 mearum
2463 1374 2616 1427 super
2661 1374 2773 1424 me,
2826 1358 3095 1414 humilitas
3139 1362 3479 1420 humanitatis

1903 1445 2238 1512 exprimitur,
2283 1462 2401 1515 quas
2445 1447 2513 1502 de
2558 1458 2757 1504 sanctae
2808 1450 2985 1505 Maria:
3034 1451 3276 1521 virginali
3325 1464 3495 1515 utero,

1903 1546 2170 1607 assumpta
2214 1554 2337 1595 esse
2384 1549 2728 1596 monstratur.
2777 1542 2868 1597 Sic
2914 1543 2967 1597 in
3016 1558 3122 1598 uno
3168 1558 3323 1599 versu
3372 1554 3480 1601 tam

1903 1628 2196 1698 ingentium
2237 1645 2412 1685 rerum
2443 1642 2648 1687 secreta
2676 1634 2924 1688 conclusa
2953 1643 3094 1689 sunt.
3145 1633 3210 1689 Et
3260 1636 3469 1704 respice

1903 1720 2348 1789 quemadmodum
2380 1722 2543 1781 totius
2567 1721 2809 1777 veritatis
2838 1722 2968 1778 ordo
3005 1735 3269 1781 servetur.
3320 1726 3476 1781 Prius

1835 1828 1882 1888 Β
1907 1812 2048 1864 enim
2077 1810 2332 1881 propheta
2358 1810 2720 1868 innocentiam
2750 1827 3004 1868 manuum
3033 1830 3252 1870 suarum
3291 1818 3343 1873 in
3371 1831 3475 1872 una

1907 1903 1940 1957 d
1964 1911 2120 1958 serat
2146 1917 2344 1959 causa:
2378 1920 2518 1961 nunc
2543 1915 2721 1961 autem
2750 1920 2780 1961 a
2810 1921 3035 1976 persona
3056 1908 3268 1966 Domini
3293 1910 3482 1966 Salva-

1909 1992 2039 2047 toris
2067 1994 2394 2061 generaliter
2421 1996 2821 2065 pronuntiatur,
2846 1999 3097 2067 quoniam
3121 2010 3337 2057 constat
3359 2016 3481 2056 eum

1906 2092 2179 2153 peceatum
2212 2084 2511 2142 nullatenus
2534 2085 2805 2143 habuisse.
2839 2088 3026 2143 Merito
3053 2090 3316 2159 siquidem
3346 2092 3483 2159 petit

1905 2175 2184 2229 secundum
2200 2178 2460 2249 justitiam
2482 2192 2631 2233 suam
2657 2194 2719 2234 se
2744 2178 2941 2235 debere
2955 2181 3208 2251 judicari,
3235 2183 3324 2250 qui
3347 2184 3483 2239 divi-

1908 2264 2092 2323 ui'atis
2119 2279 2231 2321 sua:
2272 2267 2692 2335 perfectissimus
2722 2268 2912 2325 doctor
2940 2279 3206 2340 praecepta
3246 2272 3482 2342 comple-

1906 2354 2013 2407 vit:
2045 2354 2133 2423 qui
2161 2356 2360 2411 malum
2394 2371 2489 2425 pro
2527 2358 2806 2415 malonon
2836 2360 3099 2428 reddidit;
3142 2363 3232 2433 qui
3264 2374 3483 2433 propter

1906 2444 2136 2503 aliorum
2163 2445 2357 2501 delicta
2380 2461 2595 2504 crucem
2621 2458 2840 2504 sanctus
2856 2450 2988 2522 [ed.,
3011 2450 3274 2523 sanctam]
3295 2468 3483 2510 ascvn-

1906 2536 2023 2591 dit:
2054 2536 2144 2605 qui
2180 2551 2276 2605 pro
2302 2540 2732 2607 persecutoribus
2769 2540 3126 2598 inaestimabili
3165 2546 3335 2613 gratia
3365 2546 3480 2615 pie-

1908 2628 2033 2683 tatis
2074 2629 2285 2693 oravit;
2336 2638 2391 2686 et
2436 2642 2665 2697 etatem,
2710 2648 2830 2703 qua:
2858 2634 3169 2690 verissimus
3204 2635 3481 2707 Evangelii

1910 2726 2087 2772 textus
2111 2719 2396 2789 eloquitur.
2444 2721 2548 2776 Sed
2575 2737 2697 2778 cum
2728 2724 3026 2780 innocentia
3058 2726 3204 2781 cordi
3234 2728 3484 2795 speciali-

1911 2819 1993 2865 ter
2011 2811 2304 2879 applicetur
2327 2852 2342 2877 ,
2369 2812 2455 2867 hic
2476 2813 2669 2868 dictqu
2696 2825 2797 2880 est,
2827 2816 3118 2872 Secundum
3142 2818 3484 2873 innocentiam

1912 2919 2155 2957 manuum
2189 2919 2435 2960 mearum.
2477 2905 2627 2972 Quod
2657 2921 2826 2977 genus
2864 2908 3146 2964 locutionis
3174 2909 3479 2979 Scriptura-

1912 3008 2028 3046 rum
2072 2993 2368 3048 divinarum
2421 2998 2692 3064 proprium
2737 3012 2858 3054 esse
2896 3002 3263 3070 cognoscitur,
3314 3003 3484 3074 signi-

1913 3083 2153 3140 ficantius
2177 3095 2385 3141 mutare
2412 3088 2721 3155 verborum;
2767 3089 2906 3146 sicut
2947 3093 3001 3146 in
3032 3092 3242 3148 decimo
3272 3096 3478 3163 psalmo

241 3189 370 3242 enim
419 3188 676 3242 Dominus
725 3187 779 3239 in
825 3194 1096 3253 ρηρεεριο,
1148 3185 1358 3253 quando
1408 3186 1461 3240 in
1511 3183 1803 3252 Evangelii)
1834 3198 1880 3261 ρ
1910 3175 2149 3230 dicturus
2185 3185 2306 3233 est:
2350 3176 2615 3249 Palpebras
2650 3183 2762 3251 ejus
2800 3182 3111 3254 interrogant
3146 3185 3281 3253 ﬁlios
3310 3187 3482 3242 homi-

241 3278 362 3333 disit
379 3277 657 3348 discipulis
678 3279 818 3333 suis:
842 3277 1018 3331 Tertia
1041 3277 1122 3330 die
1143 3292 1425 3347 resurgam,
1452 3285 1499 3329 et
1524 3278 1808 3346 prtecedum

240 3384 317 3423 ro;
356 3371 406 3423 in
432 3369 705 3424 Catilinam
736 3369 950 3441 (Matth.
980 3385 1136 3432 xxvi,
1168 3369 1283 3439 32).
1338 3369 1464 3425 Haec
1498 3369 1621 3424 dum
1665 3371 1803 3424 facta

241 3460 380 3524 aunt,
408 3461 680 3514 esalta’us
706 3469 789 3514 est
817 3460 867 3513 in
899 3467 1010 3513 toto
1038 3459 1169 3513 orbe
1199 3467 1490 3522 terrarum,
1523 3473 1681 3527 quem
1715 3474 1811 3529 po-

244 3556 393 3603 testas
439 3548 644 3604 diaboli
694 3548 1035 3618 possidebat;
1091 3560 1145 3603 et
1190 3548 1483 3603 vindicavit
1533 3548 1585 3603 in
1636 3565 1805 3619 eum,

244 3639 437 3706 quando
461 3641 526 3695 ab
563 3655 628 3695 eo
652 3640 871 3695 abstulit
897 3641 1039 3710 quod
1065 3640 1297 3694 tenebat.
1350 3638 1417 3693 Et
1452 3638 1660 3695 intuere
1684 3640 1809 3710 quia

245 3742 384 3783 more
410 3731 702 3802 prophetia:
732 3731 903 3786 futura
937 3745 1033 3800 pro
1063 3730 1347 3801 praeteritis
1375 3730 1541 3786 dicit:
1572 3731 1640 3784 In
1671 3747 1806 3801 pra-

246 3828 378 3890 cepto
400 3825 527 3891 quod
566 3824 850 3887 mandasti,
883 3824 1062 3891 utique
1090 3822 1229 3892 quod
1258 3822 1433 3878 adhuc
1462 3822 1808 3880 mandaturus

251 3920 382 3975 erat;
425 3922 479 3967 ut
516 3921 609 3969 est
651 3913 778 3967 illud
809 3912 1047 3968 vicesimi
1087 3911 1242 3980 primi
1273 3911 1504 3982 psalmi:
1540 3912 1808 3968 Foderunt

250 4014 416 4057 manus
436 4020 578 4059 meas
605 4014 649 4059 et
675 4004 825 4073 pedes
847 4019 1002 4071 meas,
1032 4004 1475 4059 dinumeraverunt
1497 4004 1666 4059 omnia
1691 4020 1809 4059 ossa

250 4105 350 4144 mea
368 4092 531 4164 (Psal.
566 4109 681 4159 xxI,
706 4095 819 4164 18),
847 4103 951 4150 etc.

311 4181 455 4240 Vere.
481 4185 537 4238 7.
584 4184 648 4238 Et
686 4200 946 4255 synagoga
989 4184 1297 4253 populorum
1339 4182 1672 4237 circumdabit
1718 4190 1807 4238 te:

248 4278 291 4323 et
317 4285 506 4344 propter
534 4275 670 4328 hanc
696 4275 749 4329 in
777 4276 938 4328 altum
964 4273 1245 4345 regredere.
1289 4272 1546 4345 Superius
1576 4273 1727 4343 petiit
1752 4281 1811 4330 ut

250 4363 463 4430 veniret,
495 4379 644 4420 nunc
672 4373 848 4419 autem
874 4363 1000 4434 quid
1043 4364 1096 4419 in
1124 4363 1354 4419 adventu
1385 4363 1502 4431 ejus
1529 4377 1808 4433 emergere

251 4456 421 4518 possit,
450 4453 721 4518 ostendit;
760 4466 825 4507 ac
860 4453 907 4507 si
933 4452 1172 4507 diceret:
1197 4452 1277 4506 Tu
1306 4452 1519 4521 quidem
1550 4461 1808 4508 venturus

1910 3285 2034 3323 num
2058 3270 2228 3339 (Psal.
2256 3287 2313 3337 ι,
2343 3272 2423 3341 5),
2453 3274 2975 3345 cum.palpebrarum
3011 3291 3116 3334 non
3145 3280 3215 3334 sit
3246 3280 3480 3338 interro-

1907 3348 2053 3431 gare,
2081 3364 2175 3417 sed
2206 3364 2419 3433 linguai.

1978 3452 2132 3509 Vers.
2163 3454 2215 3508 9.
2256 3455 2592 3509 Consumetur
2618 3458 2841 3529 nequitia
2868 3470 3211 3531 peccatorum,
3239 3470 3287 3516 et
3310 3464 3475 3535 dirige

1899 3547 2123 3616 justum.
2173 3546 2314 3600 Petit
2360 3547 2653 3603 accelerari
2701 3552 2890 3607 mortis
2935 3552 3249 3618 adventum,
3289 3563 3348 3609 ut
3374 3556 3482 3609 cito

1908 3647 2038 3688 suus
2077 3633 2404 3690 clariﬁeetur
2439 3650 2715 3692 ascensus.
2765 3637 3037 3707 Completa
3083 3650 3163 3695 est
3203 3624 3345 3696 enim
3382 3658 3481 3699 ne.-

1907 3723 2072 3792 quitia
2098 3732 2467 3793 peccatorum,
2510 3727 2724 3792 quando
2757 3729 3041 3785 crucifixus
3077 3739 3159 3785 est
3196 3730 3475 3786 Dominus.

1908 3814 2049 3871 Nihil
2072 3817 2520 3886 enimtpotuerunt
2545 3818 2678 3873 ultra
2705 3818 2896 3885 facere,
2920 3822 3165 3891 quamvis
3186 3823 3480 3878 crudeliter

1908 3905 2254 3967 insanissent.
2301 3907 2455 3975 Quod
2483 3909 2701 3964 verbum
2750 3920 2804 3965 et
2844 3912 2958 3980 ipse
2999 3913 3201 3980 positus
3237 3913 3288 3968 in
3323 3929 3483 3971 cruce

1907 3994 2081 4050 dixit:
2131 3994 2547 4051 Consummatum
2599 4008 2672 4052 est
2715 3998 2892 4070 (Joan.
2920 4016 3039 4066 stx,
3081 4003 3197 4071 30).
3245 4001 3482 4059 Directus

1909 4093 1992 4140 est
2016 4094 2192 4142 autem
2214 4089 2406 4157 justus,
2434 4089 2645 4157 quando
2677 4092 2969 4147 resurrexit
2998 4108 3029 4145 a
3057 4095 3299 4162 mortuis,
3332 4105 3386 4151 et
3411 4098 3480 4150 ad

1910 4176 2167 4230 cuilorum
2191 4191 2353 4246 regna
2372 4178 2706 4232 conscendit.
2735 4179 2823 4234 Sic
2846 4180 3057 4247 pietatis
3077 4184 3255 4237 studio
3275 4185 3483 4242 videtur

1908 4265 2111 4332 expeti,
2141 4279 2238 4334 per
2265 4265 2404 4335 quod
2430 4266 2537 4320 vita
2563 4266 2805 4322 omnium
2831 4269 3085 4335 probatur
3108 4272 3342 4342 impleri.

1966 4356 2136 4437 .Vers.
2160 4358 2246 4415 10.
2280 4357 2530 4415 Scrutaris
2554 4358 2713 4413 corda
2737 4369 2785 4415 et
2803 4377 2947 4417 renes
2972 4360 3109 4419 Deus
3128 4367 3325 4437 justus.
3360 4366 3485 4424 lltec

1908 4448 2122 4517 propria
2148 4448 2318 4503 virtus
2345 4456 2431 4503 est
2461 4447 2586 4514 Dei,
2626 4457 2681 4504 et
2707 4450 2871 4507 corda
2902 4460 3083 4507 nostra
3109 4453 3397 4519 discutere,
3427 4464 3480 4510 et

250 4548 304 4589 es
332 4540 392 4593 ad
424 4541 795 4608 liberandum,
831 4542 927 4597 sed
961 4541 1141 4610 populi
1174 4540 1480 4598 Iudaeorum
1518 4541 1723 4597 insanis
1755 4552 1806 4597 te
1835 4557 1884 4618 η
1909 4538 2073 4593 animi
2107 4540 2274 4594 nostri
2302 4539 2540 4609 vigorem
2568 4543 2821 4608 potentia:
2865 4556 2977 4597 sum
3021 4543 3141 4599 luce
3173 4553 3476 4613 penetrare.

252 4628 492 4686 mentibus
524 4642 937 4701 persequentur.
988 4631 1270 4702 Synagoga
1312 4632 1399 4687 hic
1427 4632 1803 4687 collectionem

252 4716 491 4787 significat
542 4724 938 4792 improborum,
983 4738 1093 4778 non
1132 4723 1500 4789 religiosarum
1550 4724 1807 4780 mentium

252 4818 451 4867 canum.
468 4814 602 4867 Nam
625 4815 669 4869 si
697 4816 747 4868 in
771 4828 889 4868 eum
908 4813 1224 4870 credidisset
1240 4813 1487 4870 universa
1504 4813 1809 4870 Judteorum

254 4896 405 4968 plebs,
425 4904 631 4961 devotis
654 4906 917 4960 mentibus
939 4906 1119 4974 utique
1138 4906 1485 4973 suscepisset.
1509 4903 1573 4957 Et
1598 4916 1807 4976 propter

254 4984 374 5042 hanc
401 4992 452 5045 in
483 4996 646 5049 altum
687 4994 973 5062 regredere.
1025 4993 1253 5062 Praptes‘
1272 4993 1428 5061 hanc,
1461 4993 1512 5048 id
1538 5003 1621 5049 est
1647 5008 1807 5065 syna-

254 5089 446 5148 θυμω,
473 5101 593 5153 qua:
620 5094 798 5140 tamen
827 5083 924 5139 fuit
951 5083 1235 5140 obstinatis
1257 5086 1496 5141 moribus
1520 5083 1803 5140 indevota:

246 5165 302 5221 in
323 5185 416 5241 qua
442 5174 680 5233 habitare
710 5190 815 5231 non
846 5176 1019 5246 potuit
1038 5216 1054 5242 ,
1087 5176 1212 5230 dum
1242 5192 1303 5231 se
1329 5176 1397 5231 ab
1425 5177 1542 5246 ejus
1572 5175 1803 5232 infideli-

259 5262 355 5315 tate
396 5265 667 5321 subduxit.
720 5264 789 5320 In
832 5267 995 5321 altum
1041 5266 1308 5337 regredere
1341 5282 1360 5320 :
1408 5278 1626 5337 propter
1675 5267 1806 5324 illud

259 5345 515 5425 Evangelii
540 5375 554 5412 :
589 5357 755 5414 Nemo
780 5357 1010 5413 ascendit
1044 5359 1099 5410 in
1123 5358 1326 5423 emtum,
1353 5359 1453 5411 nisi
1480 5360 1568 5427 qui
1595 5358 1659 5412 de
1687 5360 1811 5413 caelo

258 5438 492 5499 descendit
516 5446 692 5519 (Joan.
722 5465 801 5518 ιιι,
830 5448 939 5519 15).
981 5447 1201 5516 Regredi
1228 5448 1372 5503 enim
1403 5458 1507 5514 est,
1542 5448 1683 5504 unde
1714 5466 1811 5507 ve-

260 5530 389 5586 neris
423 5533 605 5593 iterata
642 5541 726 5593 via
771 5537 990 5596 reverti.
1045 5537 1199 5592 Nam-
1225 5537 1293 5592 de
1343 5537 1443 5593 hac
1479 5540 1813 5597 Ascensione

240 5618 502 5694 .Bloriosa,
542 5630 593 5684 in
637 5628 743 5685 alio
784 5630 990 5700 psalmo
1020 5630 1258 5685 dicturus
1302 5636 1426 5683 est:
1472 5625 1541 5682 Et
1584 5633 1812 5686 ascendit

261 5720 400 5777 διψιν
434 5716 682 5776 cherubim
717 5730 764 5776 et
796 5720 1007 5790 volavit,
1050 5721 1231 5777 volarit
1272 5736 1421 5790 super
1459 5736 1651 5791 pennas
1696 5740 1813 5779 cen-

1910 4630 2043 4685 Nam
2077 4630 2199 4686 licet
2225 4631 2378 4687 nobis
2406 4632 2572 4686 multo
2595 4634 2848 4690 celsiores
2873 4635 2981 4690 sint
3008 4644 3296 4704 potestates
3319 4637 3481 4691 caelo-

1911 4735 2051 4788 rum,
2071 4722 2201 4775 nulli
2225 4730 2400 4775 tamen
2421 4730 2785 4779 creaturarum
2803 4724 2982 4779 datum
3003 4733 3087 4779 est
3106 4725 3482 4794 cogitationum

1912 4820 2213 4865 nostrarum
2248 4812 2552 4880 plenissime
2582 4823 2792 4868 secreta
2832 4828 3176 4883 cognoscere.
3228 4817 3482 4886 Agnoscit

1910 4907 2088 4954 autem
2120 4903 2353 4969 perfecte
2382 4900 2432 4956 in
2465 4902 2618 4958 nobis
2646 4903 2792 4958 solus
2819 4903 2934 4972 ipse
2960 4904 3048 4973 qui
3074 4904 3307 4974 judicat;
3362 4922 3481 4974 pro.

1913 5000 2032 5061 pter
2057 4992 2199 5061 quod
2236 4992 2433 5048 dictum
2478 4994 2722 5050 mstimo:
2772 4994 2846 5047 Tu
2888 4997 3001 5065 quis
3047 5012 3105 5059 es
3144 4997 3235 5062 qui
3274 4998 3483 5067 judfcm

1910 5099 2107 5138 servum
2134 5084 2358 5140 alienum
2385 5084 2564 5156 (llam.
2595 5101 2704 5150 xw,
2736 5084 2790 5154 4)
2816 5084 2838 5137 ?
2870 5085 2932 5141 id
2955 5094 3058 5154 est,
3090 5088 3176 5157 qui
3205 5086 3480 5157 cogitatio-

1912 5189 2010 5228 nes
2034 5173 2149 5243 ejus
2177 5190 2281 5229 non
2312 5174 2579 5243 intelligis.
2632 5173 2762 5228 Nam
2791 5192 2889 5233 nec
2930 5191 3028 5232 nos
3073 5177 3175 5246 ipsi
3216 5179 3371 5232 nobis
3400 5178 3480 5232 sic

1915 5262 2183 5319 manili-sti
2209 5279 2330 5321 esse
2357 5277 2656 5334 possumus,
2675 5266 3118 5334 quemadmodum
3142 5266 3334 5323 divinis
3354 5282 3483 5323 con-

1914 5354 2183 5423 spectibus
2235 5368 2612 5423 apparemus:
2671 5371 2791 5427 cum
2846 5356 2914 5412 de
2968 5357 3181 5411 homine
3237 5356 3482 5426 legatur,

1915 5445 2134 5505 Peccata
2180 5447 2294 5517 quis
2340 5444 2575 5517 intelligit
2621 5446 2790 5519 (Psal.
2838 5465 2993 5520 xvnt,
3043 5448 3177 5518 15)?
3227 5448 3482 5521 Conside-

1916 5555 2099 5596 remus
2124 5539 2283 5596 etiam
2312 5541 2469 5594 corda
2506 5540 2571 5597 ad
2609 5541 2956 5611 cogitationes
2987 5542 3153 5610 posita
3185 5560 3199 5596 :
3238 5555 3380 5616 renes
3418 5539 3482 5593 ad

1915 5634 2075 5687 animi
2106 5634 2592 5692 constantissimum
2622 5636 2886 5707 vigorem,
2932 5638 3043 5692 sive
3085 5635 3150 5705 ad
3194 5644 3483 5704 corporeae

1844 5802 1851 5805 η
1916 5727 2317 5783 delectationes.
