4064 6360
518 378 583 436 71
1456 382 1467 388 ’
1703 363 1772 419 Μ.
1824 356 2098 418 AUREIJI

2209 353 2531 413 tSSIODOl“
3702 340 3775 394 ῬΞ

590 493 747 551 Vera.
771 489 860 549 11.
902 486 1231 561 Adjutoriunt
1255 497 1420 539 meum
1444 496 1475 533 a
1504 476 1751 546 Domino,
1792 475 1883 545 qui
1921 472 2087 527 salvos
2114 469 2166 530 Α
2192 483 2313 522 suos
2350 464 2642 521 ardentibus
2679 462 2867 531 eiecit.
2909 461 3008 520 llic
3040 458 3349 517 distributio
3384 456 3579 514 divinzc
3608 456 3777 527 maie-

522 586 645 659 {acit
681 592 843 639 rectos
879 582 1053 636 corde.
1107 574 1402 634 Incarnatio
1443 571 1535 625 illa
1575 582 1694 639 quae
1733 573 2095 659 propter-nos

521 652 767 747 suscepta
794 681 906 739 est,
945 670 1013 727 ad
1038 682 1136 725 nos
1152 666 1393 736 loquitur
1418 658 1757 715 animandos.
1782 653 1942 747 liam
1968 652 2095 707 licet

523 767 665 823 istud
680 744 761 820 Vde
787 779 848 819 se
876 762 1057 818 dicere
1077 757 1315 814 videatur
1330 768 1439 823 per
1460 750 1514 807 id
1543 747 1685 820 quod
1714 744 1987 815 subjectus
2013 748 2098 798 est

526 856 715 923 Patri,
767 868 916 924 spem
965 860 1145 907 tamen
1191 848 1244 902 in
1279 859 1338 901 se
1365 840 1710 899 credentibus
1738 834 2093 892 inaestimabili

525 947 722 1018 pietate
750 945 991 1015 largitur.
1040 940 1176 996 Nam
1205 951 1328 994 cum
1354 950 1458 989 uua
1485 932 1780 1001 eademque
1807 928 1899 983 Dei
1928 926 2098 1018 homi-

524 1015 709 1105 nisque
734 1046 957 1104 persona
985 1029 1086 1096 sit,
1117 1041 1270 1083 suum
1299 1023 1598 1079 humanitas
1624 1019 1757 1075 dicit
1782 1015 2099 1089 adjutoriunt

524 1125 817 1195 potentiam
843 1121 1029 1186 Verbi,
1060 1117 1203 1189 quod
1234 1117 1395 1172 rectis
1407 1113 1574 1170 corde
1602 1121 1658 1167 et
1678 1110 1888 1166 veniam
1915 1106 2100 1163 tribuit

522 1223 580 1270 et
602 1215 847 1268 salutem.
897 1211 1113 1265 Intuere
1148 1208 1310 1264 etiam
1358 1204 1498 1277 quod
1544 1205 1598 1259 in
1641 1211 1796 1273 parte
1836 1197 2100 1270 superiori

524 1303 781 1374 propheta
806 1302 911 1373 33
933 1315 990 1355 se
1011 1298 1164 1368 petiit
1186 1297 1428 1353 liberari:
1455 1295 1541 1351 hic
1568 1302 1747 1349 autem
1774 1288 2097 1361 adjutorium

528 1392 737 1449 Domini
785 1392 886 1447 sibi
935 1390 1178 1445 Christus
1225 1388 1344 1459 ipse
1390 1383 1683 1457 promittit,
1730 1381 1821 1452 qui
1867 1380 1999 1435 dicit
2043 1378 2099 1433 in

525 1484 854 1556 Evangelio:
887 1481 1073 1537 Omnia
1100 1497 1215 1551 quae
1244 1480 1401 1533 Pater
1430 1477 1581 1532 habet
1612 1491 1723 1529 mea
1750 1483 1888 1537 sunt,
1916 1481 1962 1526 et
1991 1486 2102 1525 mea

527 1576 705 1631 Patris
732 1585 849 1629 sunt
877 1573 1057 1645 (Joan.
1091 1588 1200 1637 xvt,
1234 1570 1344 1640 15).
1398 1570 1487 1625 Ille
1514 1568 1656 1624 enim
1686 1564 1821 1637 petit
1846 1572 1907 1619 ut
1930 1564 2104 1619 famu-

526 1668 649 1725 lus:
682 1668 785 1722 iste
812 1666 1073 1734 promittit
1096 1663 1198 1718 sibi
1225 1670 1285 1717 ut
1312 1660 1588 1716 Dominus.

599 1757 753 1813 νει-ε.
780 1755 866 1811 12.
901 1754 1037 1810 Deus
1070 1754 1237 1827 judea:
1261 1754 1435 1824 justus
1468 1750 1618 1821 fortis
1662 1755 1710 1802 et
1748 1745 2052 1818 longanimis
2082 1760 2105 1799 :

2194 558 2348 613 statis
2385 556 2517 629 [ed.,
2543 551 2702 625 legis]
2730 554 3028 610 ostenditur
3048 571 3063 608 :
3083 552 3205 621 quia
3234 566 3331 621 per
3355 564 3559 613 arcum,
3593 546 3645 602 id
3669 558 3775 607 est,

2196 661 2292 716 per
2323 645 2484 701 Vetus
2512 652 2567 699 et
2594 644 2797 699 Novum
2824 642 3250 702 Testamentum,
3282 638 3420 694 sicut
3440 637 3550 707 jam
3575 636 3777 690 dictum

2197 747 2309 805 est,
2343 746 2399 792 et
2432 735 2654 791 euectus
2692 734 2880 789 mortis
2904 732 3085 798 venit,
3113 738 3170 786 et
3205 729 3414 798 sagittis
3455 727 3624 797 ipsius
3670 727 3778 779 vita

2199 834 2499 896 prmstatur.
2534 825 2775 894 Egressa:
2810 832 2934 880 sunt
2957 832 3133 877 autem
3160 820 3225 876 de
3247 819 3350 874 isto
3374 833 3501 873 arcu
3522 826 3777 886 tanquam

2196 920 2413 989 sagittae,
2448 917 2499 973 id
2528 927 2632 984 est,
2661 916 2911 987 apostoli,
2932 916 3019 985 qui
3050 910 3384 976 ardentibus,
3416 909 3517 963 hoc
3546 917 3651 974 est,
3682 906 3781 961 de-

2200 1010 2559 1066 siderantibus
2581 1010 2807 1074 animis,
2839 1009 2894 1063 in
2925 1005 3139 1061 modum
3166 1005 3477 1072 sagittarum
3510 1010 3782 1069 praecepta

2199 1100 2450 1155 salutaria
2482 1100 2921 1160 transmiserunt,
2952 1095 3091 1151 unde
3120 1102 3175 1151 et
3205 1093 3350 1163 impii
3390 1091 3781 1153 sautiareutur,

2199 1199 2255 1245 et
2280 1189 2524 1245 ﬁdelibus
2552 1190 2740 1244 elllcax
2770 1202 2896 1243 cura
2930 1186 3253 1256 proveniret.
3292 1180 3473 1249 Elfecit
3499 1191 3676 1235 autem
3705 1180 3784 1232 si-

2198 1279 2419 1349 Bnilicat
2452 1288 2706 1348 operatus
2737 1286 2852 1342 est;
2888 1274 3029 1346 quod
3063 1274 3281 1329 verbum
3320 1271 3479 1326 Pater
3517 1270 3786 1339 Hierony-

2201 1384 2321 1426 mus
2348 1369 2511 1425 etiam
2539 1369 2591 1424 in
2622 1368 2940 1425 auctoritate
2967 1364 3270 1421 seminavit.

2274 1463 2427 1519 Vers.
2460 1460 2549 1517 15.
2574 1458 2706 1514 Ecce
2725 1457 2965 1528 parturiit
2994 1453 3296 1527 injustitiam
3320 1495 3334 1519 ,
3373 1450 3602 1521 concepit
3636 1449 3789 1503 dolo-

2201 1569 2345 1617 rem,
2405 1558 2453 1605 et
2501 1550 2694 1620 peperit
2736 1547 3077 1617 iniquitatem.
3124 1542 3403 1600 Subtiliter
3450 1539 3788 1609 inquirantus

2202 1644 2369 1701 verba
2389 1658 2508 1714 qua:
2537 1642 2677 1697 dicta
2701 1647 2845 1696 sunt.
2874 1638 3155 1693 Parturivit
3182 1635 3487 1709 injustitiam
3509 1633 3662 1703 plebs
3688 1629 3786 1688 in-

2205 1735 2396 1803 daica,
2446 1749 2567 1790 cum
2598 1732 2817 1787 videret
2859 1729 3141 1784 Dominum
3191 1742 3288 1797 pro
3328 1725 3499 1780 salute
3546 1718 3786 1777 humana

529 1850 762 1921 nunquid
790 1848 1036 1903 irascetur
1062 1814 1150 1919 per
1190 1814 1419 1919 sin'gttlos
1462 1814 1613 1898 dies?
1638 1814 1865 1897 Ventum
1910 1845 1998 1894 est
2038 1836 2105 1894 ad
2136 1839 2184 1902 Β
2210 1826 2463 1921 miracula
2493 1824 2799 1921 iacientem,
2824 1830 2879 1876 et
2897 1820 2963 1921 de
2991 1819 3108 1891 ejus
3129 1819 3303 1921 potius
3322 1814 3485 1919 exitio
3509 1814 3786 1921 cogitavit.

529 1948 771 2012 quartam
801 1938 1149 1995 nihilominus
1194 1936 1486 1993 sectionem
1512 1978 1527 2001 ,
1584 1933 1640 1990 in
1690 1946 1797 2002 qua
1841 1928 2102 2001 propheta

528 2046 595 2088 ex
628 2044 725 2086 sua
770 2043 994 2102 persona
1031 2027 1242 2084 laudem
1289 2026 1580 2082 concinens
1628 2022 1813 2089 Patri,
1841 2029 1896 2077 et
1935 2020 2103 2075 vehe-

530 2133 738 2181 menter
779 2123 998 2179 Judzeos
1042 2119 1305 2178 terrificat
1350 2117 1666 2183 obstinatos,
1712 2122 1768 2170 et
1812 2126 1964 2182 spem
2000 2113 2101 2179 eis,

530 2218 622 2287 qui
648 2216 715 2271 ad
744 2230 864 2272 eum
893 2214 1071 2270 redire
1105 2213 1342 2282 cupiunt,
1375 2209 1670 2281 pollicetur.
1699 2204 1883 2260 Justus
1913 2204 2106 2260 dicitur

536 2306 829 2377 Deus,quia
850 2300 1396 2371 tribuitunicuiquein
1413 2301 1520 2354 ﬁne
1534 2297 1673 2369 quod
1695 2296 1941 2368 gesserit.
1968 2293 2106 2348 Fort-

533 2400 618 2464 tis,
642 2400 766 2469 quia
783 2397 960 2454 nullus
976 2403 1150 2468 potest
1169 2393 1418 2451 resistere
1446 2391 1701 2447 voluntati
1729 2388 1867 2461 ejus.
1898 2387 2107 2458 Longa.

533 2490 683 2543 nimis
701 2530 717 2556 ,
744 2499 803 2544 ut
837 2489 1099 2559 hodieque
1126 2486 1191 2543 ad
1218 2485 1583 2557 pmnitentiam
1616 2488 1895 2550 exspectet
1915 2518 1933 2544 ,
1971 2493 2107 2549 quos

535 2578 762 2649 perdere
807 2594 905 2650 pro
961 2579 1223 2634 scelerum
1267 2589 1486 2631 suorum
1519 2573 1775 2644 qualitate
1823 2570 2104 2641 potuisset.

537 2669 789 2741 Nunquid
822 2670 1114 2724 irascetur!
1135 2668 1246 2723 Sub
1273 2665 1623 2722 admiratione
1650 2662 2105 2734 pronuntiandum

533 2771 617 2818 est
641 2801 661 2830 ,
691 2761 812 2832 quia
847 2760 1125 2831 imputatio
1167 2759 1268 2814 ista
1318 2756 1560 2828 negativa
1600 2762 1702 2811 est.
1736 2753 1897 2810 irasci
1926 2763 2104 2810 autem

534 2868 685 2911 more
709 2852 947 2923 judicum
988 2850 1213 2917 dicitur,
1245 2849 1334 2920 qui
1372 2848 1584 2915 quando
1611 2845 1886 2901 vindicare
1913 2845 2105 2901 delicta

533 2945 753 3014 cupiunt
799 2944 853 2997 in
899 2942 1218 2999 sententiam
1264 2953 1451 2995 severa
1489 2935 1852 3007 indignatione
1877 2948 2106 2990 consur—

534 3044 682 3107 gunt.
708 3034 815 3090 Sed
841 3034 978 3089 istud
1005 3034 1059 3087 in
1090 3032 1378 3087 Divinitate
1408 3045 1512 3083 non
1549 3026 1834 3093 convenit,
1866 3025 1988 3095 quia
2015 3024 2107 3080 ubi

534 3135 619 3182 est
644 3124 847 3181 fervida
881 3121 1145 3186 vindicta,
1178 3135 1283 3175 non
1311 3128 1395 3174 est
1429 3124 1720 3187 temperata
1745 3115 1971 3187 justitia.
2002 3113 2108 3168 Per

2206 1916 2447 1986 Concepit
2476 1916 2704 1969 dolorem
2727 1952 2745 1981 ,
2774 1911 2987 1983 quando
3030 1923 3125 1965 eos
3154 1905 3378 1964 diversis
3405 1900 3675 1976 parabolis
3702 1903 3790 1958 in-

2205 2005 2458 2074 crepabat
2485 2046 2499 2068 ,
2549 2012 2610 2057 ut
2659 2017 2689 2056 a
2739 2015 2837 2057 sua
2883 2000 3002 2055 illos
3048 1998 3396 2070 perversitate
3422 2002 3785 2051 converteret.

2208 2094 2415 2166 Peperit
2442 2082 2782 2163 iniquitatem,
2809 2090 3020 2161 quando
3044 2090 3179 2145 dixit
3207 2107 3219 2141 :
3244 2085 3516 2158 Crucip'ge,
3544 2085 3791 2157 cruciﬁge

2208 2185 2357 2255 (Luc.
2401 2183 2692 2252 xxnt,2l).
2737 2180 2805 2236 Et
2830 2180 3020 2235 merito
3063 2179 3276 2250 posuit,
3326 2180 3550 2247 peperit,
3592 2173 3649 2228 id
3680 2181 3787 2235 est,

2207 2280 2358 2349 quasi
2392 2275 2531 2331 lilios
2569 2271 2922 2344 nequissimos
2963 2270 3148 2327 edidit.
3187 2269 3375 2325 Omnis
3413 2268 3555 2324 enim
3583 2264 3788 2319 fructus

2207 2369 2398 2426 similis
2430 2366 2687 2438 probatur
2719 2364 2947 2429 auctori,
2977 2363 3115 2418 sicut
3143 2362 3269 2417 alibi
3296 2360 3499 2417 dictum
3528 2367 3610 2414 est
3643 2373 3658 2409 :
3701 2355 3791 2410 Εε

2209 2459 2459 2532 fructibus
2487 2472 2664 2513 eorum
2692 2454 3003 2525 cognoscetis
3033 2469 3114 2508 eos
3140 2446 3362 2521 (Matth.
3392 2464 3495 2515 vtt,
3521 2448 3649 2515 20).
3676 2445 3785 2501 Sed

2210 2568 2330 2610 cum
2358 2551 2505 2623 prius
2530 2551 2601 2607 sit
2626 2550 2908 2621 concipere
2928 2589 2944 2615 ,
2968 2556 3023 2604 et
3046 2556 3229 2618 postea
3255 2545 3521 2617 parturire
3549 2585 3567 2611 ,
3591 2542 3788 2599 merito

2208 2643 2463 2700 anteriori
2490 2642 2610 2697 loco
2636 2638 2903 2711 parturire
2943 2639 3154 2708 posuit,
3185 2646 3245 2692 ut
3278 2636 3381 2692 ista
3416 2636 3648 2705 nequitia
3675 2648 3784 2688 non

2207 2749 2273 2790 ex
2300 2734 2479 2790 alieno
2503 2732 2645 2790 maio
2664 2739 2944 2802 concepta,
2967 2727 3062 2786 sed
3092 2728 3257 2785 fuisse
3282 2727 3499 2801 propria
3520 2733 3787 2782 monstra-

2208 2834 2375 2884 retur.

2283 2926 2437 2982 Vers.
2468 2923 2556 2980 16.
2581 2923 2775 2979 Locum
2795 2925 2995 2990 aperuit
3019 2930 3067 2978 et
3093 2920 3270 2988 effodit
3296 2936 3432 2988 eum,
3456 2928 3505 2974 et
3530 2918 3709 2974 incidit
3733 2920 3784 2973 in

2209 3020 2405 3090 foueam
2424 3034 2577 3089 quam
2601 3019 2742 3087 fecit.
2767 3016 2938 3072 Lacus
2978 3015 3171 3071 dicitur
3210 3012 3366 3084 cujus
3409 3011 3601 3066 fundus
3638 3011 3785 3075 latet,

2211 3110 2336 3165 dum
2371 3111 2426 3165 in
2465 3123 2625 3164 unam
2662 3107 2872 3163 foveam
2925 3105 3285 3162 circumdatus
3328 3101 3633 3159 includitur.
3690 3100 3788 3156 llic

533 3216 763 3288 singulos
782 3216 892 3270 dies
904 3232 924 3281 ;
951 3214 1005 3269 id
1033 3222 1146 3279 est,
1177 3212 1383 3268 cunctis
1408 3210 1727 3275 momentis,
1758 3207 2105 3279 quemadmo-
2133 3206 2182 3268 ρ
2212 3203 2372 3273 plano
2425 3209 2576 3272 tergo
2624 3200 2941 3255 intuentium
2998 3198 3171 3255 oculis
3216 3197 3349 3251 falsa
3404 3191 3790 3263 tranquillitate

533 3306 660 3361 dum
687 3315 742 3362 et
776 3312 1053 3377 peccatum
1082 3317 1242 3359 omne
1274 3300 1646 3357 committitur.
1675 3298 1810 3353 Nam
1848 3298 1936 3354 ubi
1965 3306 2109 3354 esset

531 3394 762 3463 gloriosa
809 3394 1098 3466 patientia,
1143 3393 1187 3447 si
1234 3406 1393 3462 paena
1438 3405 1563 3446 mox
1594 3399 1907 3461 sequeretur
1933 3390 2109 3447 oﬂ'en-
2150 3462 2155 3467 ι

533 3484 685 3540 sam?

606 3576 758 3633 Vers.
784 3576 870 3632 i3.
891 3576 1009 3633 Nisi
1036 3575 1415 3645 convertamini,
1443 3575 1674 3646 gladium
1699 3590 1850 3630 suum
1863 3573 2070 3629 vibrabit
2087 3587 2108 3629 :

531 3684 706 3722 arcum
747 3684 899 3722 suum
945 3667 1156 3722 tetendit
1201 3674 1248 3721 et
1296 3667 1497 3734 pararit
1533 3666 1704 3721 illum.
1755 3666 2109 3722 Contumaces

534 3766 700 3813 terret
724 3757 938 3813 Judreos
957 3759 1071 3828 qui,
1117 3757 1323 3813 Domini
1356 3758 1472 3828 lege
1492 3766 1818 3826 contempta,
1844 3757 2110 3813 idolorum

533 3848 761 3905 culturis
807 3848 1207 3904 nel’andissimis
1240 3850 1570 3906 serviebant.
1612 3849 1936 3920 Ipsisenim
1978 3851 2110 3906 dici-

534 3950 620 3997 tur
647 3960 660 3995 :
694 3941 812 3998 Nisi
839 3943 1218 4009 convertamini,
1242 3942 1470 4014 gladium
1488 3957 1638 3997 suum
1657 3942 1873 3997 oibrabit
1886 3960 1907 4008 ;
1928 3943 1980 3997 id
2003 3951 2107 4011 est,

535 4033 750 4089 unicum
777 4034 967 4089 Filium
997 4047 1151 4088 suum
1190 4032 1291 4088 sub
1328 4033 1541 4089 lucente
1576 4033 1823 4089 claritate
1851 4034 2112 4091 missurus

533 4135 640 4183 est.
679 4126 888 4181 Vibrare
904 4125 1045 4181 enim
1072 4123 1202 4179 illud
1231 4124 1491 4189 dicimus,
1521 4123 1663 4196 quod
1696 4124 1855 4180 modo
1892 4125 2069 4181 lumen
2093 4165 2110 4193 ,

533 4218 695 4275 modo
719 4219 934 4273 umbras
961 4218 1218 4273 tremulas
1243 4216 1493 4285 probatur
1514 4216 1819 4272 ostendere.
1846 4215 1957 4271 Hoc
1983 4229 2113 4271 con-

490 4304 509 4315 ’
534 4318 642 4365 stat
680 4308 1042 4364 incarnatione
1064 4306 1263 4364 Christi
1292 4307 1499 4362 Domini
1522 4306 1831 4376 provenisse
1861 4323 1875 4359 :
1900 4306 2113 4375 quando

537 4398 753 4470 perﬁdis
781 4398 1046 4464 tenebras,
1073 4396 1319 4452 ﬁdelibus
1344 4406 1521 4453 autem
1544 4398 1723 4451 lumen
1751 4411 1864 4451 suae
1890 4396 2113 4467 Deitatis

535 4489 793 4545 ostendit.
841 4486 1085 4545 Gladium
1130 4502 1258 4543 vero
1295 4488 1519 4542 verbum
1568 4496 1624 4543 et
1646 4486 1933 4557 Apostolus
1957 4487 2109 4553 dicit,

2212 3292 2482 3349 blanditur
2511 3310 2526 3348 :
2556 3292 2652 3348 sed
2686 3303 2943 3363 quantum
2983 3292 3053 3347 sit
3088 3290 3380 3359 profundus
3418 3286 3786 3343 absconditur.

2208 3384 2353 3442 Talis
2381 3400 2510 3456 ergo
2547 3392 2603 3439 et
2637 3383 2742 3439 iste
2782 3383 2879 3439 fuit
2908 3383 3054 3438 lacus
3092 3381 3414 3453 iniquitatis,
3446 3394 3604 3450 quem
3635 3375 3790 3433 Judte

2208 3478 2444 3548 pravitas
2463 3477 2735 3532 excavavit
2761 3495 2775 3530 :
2807 3476 3029 3545 aperuit,
3057 3474 3183 3545 quia
3209 3473 3411 3544 primus
3439 3471 3683 3542 nequiter
3704 3470 3788 3524 in-

2207 3570 2465 3629 choavit:
2496 3568 2705 3637 eﬂ'odit,
2730 3568 2856 3624 dum
2885 3583 3006 3625 eum
3035 3568 3088 3623 in
3115 3581 3213 3623 sua
3239 3562 3578 3622 damnatione
3609 3560 3789 3633 perie-

2207 3662 2322 3719 cit:
2351 3662 2532 3717 incidit
2558 3662 2611 3715 in
2639 3663 2833 3729 foveam
2857 3676 3008 3730 quam
3048 3659 3204 3728 fecit,
3250 3658 3304 3713 in
3346 3655 3535 3712 mortis
3580 3653 3793 3709 scilicet

2209 3754 2406 3812 lacum.
2435 3752 2587 3823 Quod
2618 3754 2836 3809 verbum
2869 3760 2925 3807 et
2960 3751 3026 3805 ad
3058 3751 3229 3806 lacum
3277 3756 3335 3805 et
3379 3746 3445 3803 ad
3483 3745 3790 3815 sepulcrum

2210 3854 2387 3918 potest
2413 3847 2689 3917 aptissime
2713 3844 3019 3908 convenire,
3045 3841 3186 3897 sicut
3206 3840 3455 3897 Salomon
3483 3837 3617 3891 dicit
3643 3854 3659 3890 :
3685 3838 3791 3902 Qui

2209 3950 2356 4011 parat
2372 3941 2571 4009 foveam
2590 3938 2760 4003 atteri,
2774 3938 2883 4007 ipse
2903 3936 2953 3989 in
2972 3950 3085 3989 eam
3105 3933 3291 3987 incidet
3306 3929 3486 4003 (Prov.
3500 3943 3651 3997 xxvi,
3668 3929 3789 3997 ‘27).

2211 4031 2255 4086 Δ
2281 4044 2341 4086 se
2368 4030 2511 4086 enim
2541 4029 2758 4085 inchoat
2786 4035 3043 4083 tractatus
3070 4025 3269 4088 malus;
3296 4032 3352 4079 et
3378 4031 3658 4093 antequam
3686 4021 3788 4077 lte-

2211 4121 2302 4178 dat
2319 4121 2580 4189 alterum,
2613 4119 2717 4177 sibi
2746 4119 2895 4189 prius
2915 4126 3170 4188 operatur
3190 4114 3432 4170 exitium.
3530 4170 3535 4173 ,

2282 4224 2440 4279 Vers.
2464 4223 2551 4277 17.
2577 4220 2901 4277 Convertetur
2921 4218 3069 4273 dolor
3097 4219 3209 4290 ejus
3238 4215 3289 4270 in
3312 4223 3464 4286 caput
3489 4213 3615 4286 [ωε.
3642 4211 3707 4268 G.
3734 4223 3796 4270 et

2210 4319 2322 4382 ed.,
2344 4319 2398 4371 in
2425 4312 2621 4385 capith
2638 4314 2751 4383 ejus
2780 4326 2801 4368 :
2824 4320 2871 4367 et
2900 4312 2953 4365 in
2979 4311 3209 4365 verticem
3256 4310 3368 4380 ejus
3395 4306 3634 4376 iniquitas
3678 4307 3797 4373 ejus

2212 4408 2495 4463 descendet.
2520 4405 2616 4459 iiic
2642 4411 2793 4474 caput
2824 4412 3057 4457 nostram
3089 4400 3320 4455 animam
3358 4397 3614 4453 debemus
3653 4396 3799 4451 acci-

2216 4513 2365 4567 pere,
2391 4510 2495 4566 qua
2522 4503 2671 4563 parte
2690 4507 2874 4549 sumus
2896 4493 3014 4548 sine
3034 4490 3196 4545 dubio
3215 4489 3493 4546 celsiores.
3520 4486 3655 4542 lluic
3673 4484 3802 4541 sub-

535 4597 657 4638 cum
682 4583 804 4637 ait:
834 4580 902 4635 Et
938 4580 1168 4652 gladium
1214 4577 1425 4647 spiritus
1453 4578 1590 4649 quod
1631 4587 1704 4633 est
1755 4576 1979 4631 Verbum
2020 4576 2118 4632 Dei
2144 4564 2358 4661 Diem;
2410 4564 2538 4644 gum
2587 4594 2834 4657 peccata,
2885 4584 3098 4655 quando
3149 4582 3487 4638 τετηηαιηυι-
3538 4578 3795 4634 obnoxia,

538 4675 756 4745 (Ephes.
785 4688 858 4739 vt,
892 4673 1005 4743 17).
1056 4673 1242 4726 Arcum
1292 4671 1470 4741 itaque
1514 4670 1831 4741 scripturam
1875 4669 2008 4725 Novi
2059 4678 2116 4726 et

542 4768 752 4823 Veteris
778 4765 1105 4822 Testamenti
1133 4768 1488 4833 congruenter
1516 4763 1827 4831 accipimus,
1858 4762 1949 4832 qui
1974 4761 2113 4817 duo-

538 4860 639 4915 bus
672 4860 1063 4931 quodammodo
1098 4858 1333 4914 curvatis
1370 4857 1593 4913 llexibus
1622 4857 1935 4914 devotorum
1972 4857 2113 4913 colla

538 4950 930 5020 complectitur.
960 4949 1057 5003 iiic
1086 4947 1329 5003 fidelibus
1364 4962 1526 5002 suave
1549 4947 1733 5019 jugum
1762 4948 2063 5004 ostenditur
2096 4967 2109 5004 :

536 5041 940 5095 contumacibus
965 5049 1143 5094 autem
1173 5054 1319 5093 arma
1345 5037 1599 5094 terribilia
1624 5038 1982 5096 declarantur.
2015 5040 2113 5097 Te-

541 5134 699 5187 tendit
724 5130 991 5201 adjectum
1019 5138 1100 5185 est
1132 5148 1146 5183 :
1181 5144 1248 5186 ne
1278 5129 1394 5200 ejus
1425 5130 1675 5201 patientia
1707 5131 1931 5185 remissa
1962 5141 2114 5201 puta-

538 5234 709 5281 retur.
740 5225 819 5279 Ad
856 5232 1185 5293 postremum
1220 5222 1395 5291 posuit
1429 5238 1444 5276 :
1476 5223 1672 5293 parauit
1699 5221 1877 5288 illum,
1907 5232 1964 5278 ut
1996 5237 2112 5278 mos

540 5318 655 5387 ipse
718 5315 1075 5385 sagittantium
1122 5313 1429 5384 plenissime
1476 5314 1745 5370 videretur
1790 5329 1955 5385 expre
1985 5330 2110 5383 sus,

538 5407 629 5478 qui
656 5414 931 5477 postquam
961 5404 1286 5461 tetenderint
1312 5420 1493 5461 arcum
1520 5414 1709 5461 contra
1737 5404 1967 5476 signum,
1997 5422 2117 5460 ma-

540 5512 667 5553 num
696 5496 962 5554 collocant
987 5496 1040 5550 in
1064 5495 1348 5567 sagittandi
1378 5510 1541 5566 opere
1562 5495 1777 5551 brachia
1808 5510 2116 5566 praeparan-

540 5601 640 5646 tes.
665 5590 771 5648 Sed
796 5590 1090 5659 videamus,
1119 5605 1279 5649 arcus
1308 5590 1408 5647 iste
1439 5600 1765 5662 praeparatus
1792 5607 1925 5665 quas
1952 5591 2135 5665 sagitt

541 5695 623 5741 tas
645 5684 901 5740 emiserit.

617 5776 767 5832 Vcrs.
800 5773 885 5830 M.
922 5773 988 5827 Et
1018 5775 1069 5829 in
1110 5775 1224 5845 ipso
1262 5776 1454 5844 paravit
1500 5790 1618 5830 casa
1658 5777 1834 5833 mortis
1862 5792 1883 5832 :
1911 5773 2121 5849 sagittas

2213 4680 2366 4750 Quod
2394 4684 2439 4736 si
2468 4679 2679 4735 delictis
2716 4676 2988 4746 contingat
3024 4674 3255 4731 animam
3284 4672 3460 4737 vinci,
3489 4682 3647 4738 supra
3673 4683 3797 4723 eam

2214 4787 2436 4830 nrcesse
2479 4781 2562 4828 est
2610 4773 2907 4835 emineant,
2949 4784 3069 4839 quae
3117 4764 3456 4821 multitudine
3518 4759 3801 4833 pravitatis

2215 4867 2504 4925 exundant.
2541 4864 2726 4920 Vertea:
2750 4876 2959 4933 quoque
2983 4861 3157 4916 dictus
3180 4868 3264 4914 est
3283 4901 3297 4925 ,
3326 4855 3469 4927 quod
3491 4854 3680 4909 dextra
3704 4850 3801 4905 hc-

2214 4975 2388 5031 vaque
2409 4966 2580 5014 vertat
2611 4955 2854 5025 capillos,
2886 4954 2976 5023 qui
3004 4951 3266 5022 signiﬁcat
3294 4947 3481 5018 capitis
3509 4943 3799 5001 summitti-

2217 5030 2346 5107 tem.
2378 5048 2547 5116 Quam
2578 5044 2838 5100 rationem
2865 5056 2986 5097 esse
3016 5055 3121 5094 non
3156 5030 3425 5093 immerito
3448 5033 3743 5089 dixerimus
3775 5073 3796 5097 ,

2218 5140 2339 5211 quia
2380 5134 2813 5204 contemplativa:
2858 5133 3052 5186 anima:
3099 5130 3309 5185 culmen
3352 5126 3626 5182 excelsum
3682 5128 3801 5187 est;

2218 5230 2360 5286 unde
2385 5230 2546 5284 etiam
2576 5225 2793 5297 gloriosi
2831 5223 3105 5279 Creatoris
3133 5230 3307 5290 portat
3336 5220 3642 5287 imaginem.
3675 5220 3806 5278 lites:

2220 5323 2267 5380 si
2299 5321 2532 5391 peccatis
2561 5316 2913 5374 obruentibus
2940 5314 3256 5379 inclinetur,
3284 5327 3506 5369 necesse
3531 5322 3614 5369 est
3662 5320 3719 5368 ut
3747 5313 3805 5369 in

2224 5410 2505 5475 verticem,
2547 5410 2599 5465 id
2642 5417 2745 5475 est,
2791 5422 2953 5479 supra
2997 5406 3258 5461 rationem
3305 5400 3617 5469 descendat,
3661 5405 3808 5474 quod

2224 5509 2511 5572 augmento
2536 5498 2832 5571 iniquitatis
2856 5496 3111 5553 excrevit.
3140 5494 3271 5550 Nam
3299 5504 3353 5549 et
3379 5494 3554 5562 ipsum
3582 5496 3807 5551 verbum

2222 5592 2270 5648 si
2299 5591 2720 5659 consideremus,
2747 5604 2905 5660 quam
2936 5601 3249 5658 magnorum
3280 5596 3606 5642 secretorum
3637 5586 3809 5656 signi-

2228 5684 2393 5741 licans
2417 5684 2716 5740 invenitur!
2742 5682 2980 5738 Primum
3006 5689 3089 5737 est
3121 5682 3243 5751 quia
3275 5679 3556 5751 in'quitas,
3585 5680 3713 5735 dum
3741 5696 3810 5736 ex

2228 5776 2334 5832 alto
2359 5776 2686 5848 prmcipitrua
2716 5771 3021 5841 descendit,
3048 5772 3309 5828 violenter
3330 5771 3580 5844 percutit.
3609 5771 3813 5828 Deinde
