4064 6360
251 370 320 425 73
946 400 953 405 ι
1203 364 1567 426 expostrto
1605 361 1670 421 IN
1710 359 2173 420 PSALTERIUM.
2212 360 2408 419 esse.
2451 324 2593 418 vin.
2746 398 2751 405 .
2808 378 2844 401 ί-
2896 394 2915 403 η
2958 392 2959 395 γ
3060 392 3063 395 ι
3294 380 3295 383 ~
3452 357 3519 415 7t

250 493 497 541 potenter
523 482 792 554 quomodo
830 482 978 553 impii
1015 487 1366 551 torqueantur
1403 477 1657 548 exponit;
1710 490 1833 530 nam
1860 477 1916 539 Α
1938 475 2121 542 perbia
2144 512 2158 537 ,
2189 488 2437 542 pressura
2480 474 2843 545 poenitentitc,
2880 482 3073 531 suaVes
3102 470 3352 547 lacrymae
3379 477 3521 532 salu-

248 592 371 636 cum
415 592 574 648 supra
615 591 709 632 eos
758 576 973 646 propria
1026 584 1245 645 peccata
1289 569 1698 636 descenderint,
1725 569 1834 623 suis
1936 566 2123 620 tariter
2154 564 2546 634 exprimuntur.
2580 567 2728 622 Talis
2767 568 2840 623 illi
2869 567 3030 624 etiam
3066 567 3359 626 similitudo
3389 569 3521 625 etin

250 671 427 739 malis,
464 672 679 741 suisque
707 670 1002 726 sceleribus
1029 669 1082 724 in
1113 680 1303 738 poenas
1327 665 1533 720 debitas
1558 658 1836 719 destinan-
1936 655 2077 711 areis
2104 655 2278 719 datur,
2303 655 2393 709 ubi
2419 656 2517 711 sub
2538 656 2749 712 assidua
2769 658 2954 714 tritura
2985 658 3156 729 palea:
3182 667 3521 729 sequestrans
3572 660 3573 663 “

251 771 358 818 tur.
390 761 554 817 Dolor
576 762 721 818 enim
752 762 930 817 dictus
959 769 1062 827 est,
1089 752 1243 831 quasi
1271 755 1553 814 domabilis
1584 755 1730 827 [mss.
1763 756 1833 821 Α,

248 856 337 926 8.,
374 855 467 924 F.,
500 856 864 927 dominabilis]
893 846 1105 914 horror.

252 978 255 981 -
324 950 479 1007 γεω.
532 951 621 1008 18.
666 950 960 1022 Conﬁtebor
1006 952 1229 1006 Domino
1267 948 1547 1006 secundum
1580 947 1840 1020 justitiam

249 1047 394 1116 ejus,
441 1053 490 1098 et
529 1044 749 1114 psallam
795 1044 991 1099 nomini
1020 1043 1230 1098 Domini
1277 1041 1539 1096 altissimi.
1568 1039 1838 1110 Expositis

249 1135 536 1192 virtutibus
569 1135 775 1201 Patris,
805 1136 1001 1205 quibus
1020 1134 1298 1191 Judaicum
1326 1132 1582 1203 populum
1604 1134 1841 1187 miracu-

251 1229 423 1284 lorum
452 1227 847 1299 signiﬁcatioue
868 1236 1156 1297 terruerat,
1202 1226 1259 1282 in
1284 1240 1549 1283 summam
1577 1224 1840 1295 colligens

247 1317 339 1376 illa
378 1335 503 1390 qua:
548 1320 715 1388 dixit,
758 1320 925 1376 alacri
965 1332 1149 1377 mente
1192 1318 1472 1389 proﬁtetur
1515 1330 1576 1373 se
1612 1315 1840 1371 Domino

248 1411 513 1469 conﬁteri.
562 1410 807 1482 Conﬁteri
848 1420 1027 1469 autem
1069 1412 1277 1469 duobus
1321 1411 1496 1467 modis
1536 1408 1791 1487 dicimus.
1825 1425 1838 1463 :

247 1520 386 1561 unus
414 1514 502 1561 est
530 1506 748 1576 quando
775 1517 997 1577 peccata
1035 1515 1221 1563 nostra
1261 1505 1449 1562 humili
1478 1505 1842 1562 satisfactione

252 1599 607 1665 damnamus;
634 1609 693 1655 ut
718 1608 803 1657 est
832 1600 967 1656 illud
1000 1602 1279 1671 propheta:
1309 1601 1538 1656 Danielis
1571 1618 1584 1653 ε
1618 1599 1841 1668 Conﬁte-

252 1688 337 1742 bor
358 1700 572 1760 peccata
594 1707 726 1757 mea,
755 1700 804 1745 et
828 1702 1032 1762 peccata
1055 1692 1232 1764 populi
1260 1694 1365 1748 mei,
1380 1691 1613 1765 (Daniel.
1633 1708 1706 1759 lx,
1725 1691 1839 1762 20).

250 1780 554 1849 Secundus,
588 1782 733 1839 unde
762 1796 906 1839 nunc
932 1798 1112 1838 sermo
1140 1792 1242 1850 est,
1273 1798 1394 1838 cum
1422 1782 1604 1839 Iaudes
1630 1781 1840 1838 Domini

250 1891 440 1947 magna
480 1877 845 1933 exsultatione
881 1876 1254 1944 celebrantur,

249 1967 438 2037 legitur
468 1983 486 2024 :
522 1966 784 2037 Conﬁteor
816 1969 939 2035 tibi,
964 1968 1155 2037 Pater,
1181 1962 1399 2023 Domine
1428 1966 1543 2021 caeli
1572 1975 1620 2020 et
1648 1974 1797 2045 terra;

249 2063 333 2132 qui
367 2062 689 2118 abscondisti
727 2062 836 2117 haec
871 2079 905 2116 a
949 2062 1264 2132 sapientibus
1308 2069 1356 2115 et
1391 2060 1719 2131 prudentibus
1746 2102 1761 2127 ,
1799 2066 1844 2113 et

250 2152 486 2208 revelasti
541 2169 603 2208 ea
648 2154 878 2224 parvulis
916 2152 1143 2225 (Matth.
1192 2169 1268 2222 xt,
1313 2150 1428 2223 25).
1464 2151 1578 2207 Non
1605 2152 1747 2207 enim
1770 2148 1845 2206 ibi

247 2244 546 2315 quidquam
594 2244 663 2299 de
701 2254 921 2314 peccato
970 2246 1080 2317 35
1115 2245 1333 2313 dicitur,
1382 2244 1477 2300 sed
1504 2242 1622 2300 sola
1661 2243 1845 2313 gratiae

252 2347 529 2395 momenta
576 2337 899 2395 referuntur.
944 2337 1018 2393 ita
1066 2340 1182 2393 haec
1217 2324 1484 2395 confessio
1507 2326 1847 2408 praeconialis

251 2431 566 2501 accipienda
600 2439 685 2489 est
706 2473 721 2498 ,
751 2422 869 2503 qua:
907 2432 1158 2502 gaudenti
1187 2433 1365 2488 animo
1393 2430 1605 2487 Domini
1639 2426 1846 2486 virtuti-

250 2522 349 2581 bus
375 2526 683 2582 exhibetur.
710 2526 1007 2582 Secundum
1024 2528 1285 2597 justitiam
1331 2529 1441 2598 ejus
1469 2542 1487 2579 :
1514 2524 1766 2595 quoniam
1791 2531 1848 2601 et

250 2618 519 2687 superbos
548 2618 679 2674 facit
707 2633 803 2674 sua
836 2619 1064 2674 crimina
1093 2620 1358 2676 suStinere
1378 2660 1394 2686 ,
1423 2629 1479 2675 et
1509 2617 1738 2673 humiles
1767 2613 1847 2671 di-

249 2720 446 2779 gnatur
477 2709 784 2767 absolvere.
814 2711 1051 2767 Psallere
1074 2726 1205 2767 vero
1247 2720 1331 2767 est
1370 2721 1423 2767 et
1459 2710 1713 2780 operibus
1743 2710 1849 2766 Do-

253 2802 386 2855 mini
417 2801 676 2857 mandata
696 2816 951 2872 peragere
977 2842 992 2868 ,
1042 2810 1099 2857 et
1147 2801 1377 2873 hymnos
1420 2816 1555 2858 voce
1591 2803 1753 2857 etiam
1796 2811 1852 2859 et

251 2891 416 2947 corde
438 2900 664 2948 cantare
678 2909 693 2955 ;
717 2892 860 2963 quod
885 2906 943 2948 se
966 2892 1229 2963 promittit
1248 2891 1512 2963 propheta
1538 2906 1658 2950 esse
1680 2890 1851 2949 factu-

255 2998 403 3049 rum,
462 2984 596 3055 quia
634 2984 735 3039 hoc
780 2998 969 3042 revera
1015 2982 1246 3041 Domino
1288 2985 1648 3057 cognoscebat
1693 2999 1850 3043 nece

257 3086 426 3147 ptum.

804 3163 1074 3221 Conclusio
1099 3167 1300 3239 psalmi.

331 3280 614 3353 Magniﬁca
637 3280 792 3339 nobis
816 3282 1010 3353 psalmi
1036 3283 1194 3352 hujus
1214 3326 1229 3350 ,
1257 3284 1305 3341 si
1332 3284 1571 3341 studiose
1596 3283 1846 3342 conside-

264 3388 460 3445 remus,
492 3384 831 3432 sacramenta
861 3386 1168 3446 patuerunt.
1197 3376 1377 3433 Prima
1415 3387 1566 3448 parte
1612 3380 1850 3435 fructuo-

265 3478 376 3523 sam
411 3468 729 3537 patientiam
757 3468 951 3533 docet,
978 3484 1099 3540 quae
1140 3471 1409 3541 perfectos
1451 3465 1707 3542 probatur
1741 3471 1850 3528 elﬁ-

267 3571 387 3614 cere
427 3557 785 3616 Christianos.
832 3554 1097 3618 Patientia
1143 3571 1225 3619 est
1270 3565 1415 3619 enim
1468 3564 1703 3634 religiosi
1749 3563 1850 3620 viri
1942 3550 1971 3563 ”

272 3644 508 3704 laborum
549 3664 614 3706 ac
656 3649 905 3707 dolorum
932 3655 1203 3718 omnium,
1221 3650 1319 3724 spe
1351 3655 1646 3711 futurarum
1669 3670 1852 3712 rerum

273 3749 328 3795 et
354 3756 534 3798 amore
559 3744 796 3812 Domini,
822 3754 971 3815 grata
992 3745 1297 3803 tolerantia.
1319 3746 1562 3804 Secunda
1590 3757 1741 3818 parte
1760 3764 1852 3805 sa-

273 3831 433 3889 lutem
474 3837 638 3892 rectis
678 3836 842 3893 corde
878 3838 995 3909 ipse
1032 3838 1291 3896 Dominus
1338 3841 1640 3911 pollicetur.
1670 3842 1855 3903 Tertia

273 3931 535 3997 terrentur
562 3927 751 3999 impii,
785 3944 856 3986 ne
884 3931 938 3986 in
968 3931 1063 3987 illo
1088 3931 1292 4001 judicio
1319 3933 1647 3991 damnentur
1668 3951 1855 3993 erran-

274 4023 370 4072 tes.
403 4018 447 4073 0
481 4021 880 4091 pietas‘optimi
917 4035 1108 4079 revera
1145 4023 1457 4081 Creatoris!
1508 4028 1601 4097 qui
1642 4043 1749 4084 non
1776 4031 1853 4085 vis

273 4108 641 4183 derelinquere
658 4128 794 4185 quos
815 4115 957 4171 nosti
979 4116 1049 4172 ad
1076 4125 1227 4173 tuum
1244 4117 1505 4188 judicium
1528 4123 1853 4191 convenire;

277 4210 328 4255 et
351 4202 631 4261 immensae
665 4207 879 4275 pietatis
908 4221 1141 4275 arcano,
1169 4208 1301 4265 dum
1325 4211 1708 4269 conﬁtentibus
1741 4228 1856 4282 par-

277 4293 371 4363 cis,
395 4298 489 4354 tibi
514 4312 640 4356 rcos
667 4300 785 4371 ipse
808 4301 1080 4359 subducis.
1109 4303 1241 4371 Quis
1268 4308 1413 4360 enim
1443 4305 1700 4376 justitiam
1733 4321 1859 4363 eva-

280 4389 421 4450 deret
448 4394 621 4462 tuam,
654 4396 756 4452 nisi
784 4397 1063 4466 praemissa
1090 4398 1634 4469 pietas‘subveniret?
1665 4401 1859 4471 Septe-

280 4483 450 4539 narius
474 4499 693 4557 quoque
715 4486 973 4543 numerus
999 4487 1252 4545 admonet
1289 4503 1390 4545 nos
1424 4491 1492 4546 de
1530 4492 1621 4548 illa
1670 4494 1860 4563 requie

283 4580 468 4630 aeterna
510 4577 782 4645 cogitare,
814 4577 881 4631 ad
918 4593 1076 4649 quam
1122 4594 1220 4636 nos
1256 4595 1407 4650 spem
1442 4598 1680 4650 praesens
1723 4585 1863 4654 psal-

282 4675 395 4722 qus
411 4666 653 4723 extendit
670 4672 686 4735 ς
700 4676 758 4723 ιιι
779 4670 973 4725 merito
989 4672 1083 4725 tali
1104 4684 1328 4728 numero
1347 4684 1613 4744 receptus,
1626 4668 1861 4745 jucunda

286 4759 632 4816 exsultatione
652 4769 918 4816 cantetur.
944 4761 1172 4818 Dubium
1199 4765 1397 4834 quippe
1430 4780 1539 4821 non
1567 4775 1650 4822 est
1669 4808 1685 4836 ,
1717 4768 1861 4838 quod

288 4852 631 4917 peractis'sex
660 4854 852 4912 diebus
873 4856 966 4925 qui
993 4856 1060 4911 ad
1081 4857 1311 4913 activam
1333 4858 1601 4927 pertinent
1628 4868 1860 4930 partem,

290 4943 535 5010 septimus
564 4946 927 5017 repausationi
956 4948 1272 5018 deputetur,
1306 4952 1398 5023 qui
1426 4953 1863 5025 contemplationi

290 5032 591 5109 theologicae
613 5040 856 5096 noscitur
883 5041 1185 5099 adhaerere.

558 5153 922 5213 EXPOSITIO
960 5156 1026 5211 ΙΝ
1065 5157 1390 5216 PSALMUM
1431 5159 1564 5217 Vill.

491 5264 556 5321 In
569 5267 723 5336 ﬁnem
743 5285 835 5340 pro
856 5268 1195 5325 torcularibus
1217 5274 1442 5340 psalmus
1459 5272 1647 5328 David.

356 5373 420 5430 In
446 5378 597 5445 ﬁnem
614 5418 632 5446 ,
664 5379 967 5450 signiﬁcare
997 5381 1283 5439 Dominum
1309 5385 1664 5454 Salvatorem,
1690 5387 1865 5457 quarti

294 5464 420 5522 tituli
444 5470 776 5541 expositione
801 5473 912 5542 jam
946 5481 1130 5530 notum
1168 5484 1272 5530 est.
1308 5474 1558 5531 Torcular
1587 5494 1715 5535 vero
1742 5489 1860 5551 est,

296 5557 379 5612 ubi
406 5562 585 5619 multis
612 5564 937 5635 ponderibus
959 5581 1158 5636 pressae
1181 5583 1297 5623 uvae
1321 5568 1624 5624 durissimis
1645 5571 1864 5642 gigartis

294 5655 660 5725 comminutis,
710 5657 1033 5728 lollibusque
1077 5661 1316 5716 vacuatis
1342 5699 1358 5727 ,
1406 5659 1711 5717 dulcissima
1742 5662 1864 5718 vina

295 5749 628 5816 profundunt.
654 5751 806 5821 Quod
831 5752 1091 5829 Ecclesiae
1120 5754 1330 5829 videtur
1360 5755 1634 5827 aptissime
1661 5771 1861 5815 conve-

299 5838 439 5907 nire,
470 5844 677 5914 quando
708 5844 777 5899 de
815 5844 1097 5906 obstinanis
1134 5848 1375 5907 moribus
1393 5891 1409 5921 ,
1440 5848 1745 5923 tumidaque
1774 5864 1865 5907 su-

576 5941 850 6007 Ps'ruox.
882 5932 1085 6007 LXX.

1872 3240 1920 3306 Ο

1940 757 2026 802 tur
2056 761 2089 802 a
2116 747 2311 803 tritico.
2346 748 2681 818 Quapropter
2708 752 2960 806 convenit
2992 759 3051 806 ut
3084 751 3225 806 hunc
3250 752 3523 822 psalmum

1938 850 2007 891 ex
2036 851 2264 907 persona
2294 838 2486 907 priscae
2522 839 2781 896 Ecclesia:
2817 842 3174 911 intelligamus
3198 856 3319 899 esse
3344 844 3521 914 prola-

1942 935 2055 985 tum
2084 945 2099 983 :
2125 930 2177 985 in
2205 944 2308 1000 qua
2330 945 2519 987 revera
2537 939 2593 986 et
2620 932 2852 988 torcular
2870 930 2955 989 est
2974 934 3185 1004 quidem
3210 950 3518 1005 corporum,

1942 1021 2037 1078 sed
2076 1021 2281 1079 fructus
2329 1024 2580 1081 salutaris
2628 1025 2946 1081 animarum.
2992 1026 3123 1082 Nam
3167 1030 3213 1083 si
3266 1027 3429 1084 Vetus
3470 1037 3525 1083 et

1941 1113 2147 1171 Novum
2170 1126 2316 1173 recte
2340 1116 2531 1173 dicitur
2552 1116 2978 1187 Testamentum,
3023 1133 3142 1174 cum
3166 1128 3344 1175 tamen
3368 1119 3526 1176 unius

1941 1206 2031 1264 lex
2057 1222 2177 1265 esse
2206 1210 2494 1278 doceatur,
2526 1224 2624 1265 cur
2646 1224 2893 1265 asserere
2921 1210 3224 1266 dubitemus
3252 1212 3524 1282 antiquam

1942 1310 1999 1358 ct
2018 1315 2209 1357 novam
2239 1301 2538 1357 Ecclesiam
2566 1316 2723 1357 unam
2752 1316 2870 1357 csse
2892 1301 3101 1358 Domini
3130 1301 3333 1359 Christi
3359 1316 3527 1373 spon-

1942 1408 2058 1451 sam
2084 1394 2318 1465 pretioso
2346 1395 2604 1464 sanguine
2629 1393 3024 1465 conquisitam?

2519 1531 2713 1587 Diuisio
2751 1508 2954 1602 psalmi.
3027 1558 3031 1563 τ

1999 1643 2238 1701 Ecclesia
2250 1652 2424 1713 vetus,
2440 1657 2558 1713 quae
2574 1626 2728 1700 nobis
2751 1658 2844 1713 per
2868 1642 3151 1699 torcularia
3170 1642 3531 1712 pulcherrime

1944 1736 2215 1792 declarata
2246 1743 2363 1806 est,
2397 1737 2570 1806 primo
2600 1735 2845 1807 ingressu
2878 1736 3061 1791 laudes
3089 1735 3290 1791 Christi
3318 1736 3535 1793 Domini

1291 1876 1430 1933 sicut
1460 1874 1516 1931 in
1552 1875 1842 1945 Evangelio

1954 1830 2068 1885 laeta
2099 1829 2350 1885 decantat
2379 1846 2391 1880 :
2426 1827 2763 1899 maiestatem
2806 1828 2922 1898 ejus
2952 1828 3252 1898 praedicans
3272 1869 3288 1893 ,
3318 1836 3376 1884 et
3405 1843 3536 1899 0pc-

1954 1923 2187 1945 ..-12.._--
2220 1921 2455 1945 --.....I......
2512 1920 2755 1945 0-.....”1.‘
2796 1921 3032 1945 ...ιιι-ιειπ.
3073 1921 3215 1945 -.Α-ει
3253 1921 3318 1945 ,Δ
3360 1920 3508 1945 ιιι-...ε

1952 1923 2189 1979 rationes
2216 1921 2476 1977 excelsas.
2511 1920 2758 1978 Secundo
2795 1921 3035 1990 apertius
3073 1921 3220 1976 venit
3252 1921 3319 1976 ad
3360 1920 3538 1976 homi-

1950 2019 2034 2074 nis
2060 2026 2338 2085 natnram,
2372 2030 2530 2086 quam
2579 2015 2646 2071 de
2682 2014 2990 2070 conditione
3030 2015 3373 2085 pravissima,
3413 2028 3537 2084 qum

1948 2108 2119 2164 Adam
2144 2109 2316 2164 fuerat
2355 2115 2614 2177 peccante
2660 2108 2873 2172 vitiata,
2904 2106 2973 2162 ad
3012 2121 3323 2179 magnarum
3353 2120 3536 2161 rerum

1947 2198 2080 2256 dicit
2127 2198 2366 2254 crevisse
2414 2197 2643 2268 fastigia.
2708 2198 2797 2253 Sic
2853 2197 3109 2253 Dominus
3166 2196 3411 2252 Christus
3467 2211 3534 2251 ex

1950 2292 2235 2349 duabuset
2268 2293 2322 2347 in
2352 2291 2559 2346 duabus
2589 2292 2793 2346 naturis
2828 2291 3121 2347 inconlusis
3147 2299 3310 2363 atque
3349 2290 3542 2346 distin-

1950 2384 2072 2455 ctis,
2098 2398 2207 2440 una
2232 2398 2463 2453 persona
2489 2384 2795 2440 salutariter
2820 2392 2875 2438 et
2904 2384 3264 2442 indubitanter
3286 2385 3540 2456 agnosci-

1924 2504 1928 2509 λ
1950 2484 2059 2533 tur.
2091 2476 2271 2533 Mente
2294 2491 2507 2548 quoque
2534 2476 2873 2532 condendam
2896 2486 2999 2546 est,
3026 2478 3167 2547 quod
3194 2478 3282 2534 hic
3302 2478 3543 2549 psalmus

1949 2584 1982 2625 a
2011 2570 2228 2626 Christo
2270 2570 2499 2625 Domino
2544 2578 2787 2625 naturam
2812 2570 3176 2628 humanitatis
3212 2580 3540 2642 assumptum

1952 2671 2098 2719 tanta
2128 2664 2289 2719 laude
2315 2662 2679 2729 concelebrat,
2712 2671 2772 2717 ut
2803 2679 2921 2719 eum
2954 2678 3117 2735 supra
3144 2679 3544 2741 omnem|crea-

1953 2764 2126 2809 turam
2157 2754 2460 2809 clarissime
2489 2763 2717 2809 testetur
2745 2764 2983 2810 erectam
3013 2772 3027 2820 ;
3071 2756 3211 2811 sicut
3237 2765 3290 2811 et
3314 2760 3546 2825 Aposto—

1953 2844 2035 2900 lus
2062 2845 2136 2900 ait
2169 2862 2181 2896 :
2223 2843 2321 2899 Cui
2364 2845 2497 2899 enim
2531 2845 2663 2899 diarit
2695 2846 2995 2914 angelorum
3046 2861 3066 2899 :
3108 2845 3241 2901 Sede
3280 2862 3313 2898 a
3353 2847 3548 2901 dextris

1950 2938 2111 3005 meis,
2158 2940 2317 2993 donec
2364 2953 2552 3006 ponam
2603 2937 2838 2991 inimicos
2873 2946 2991 2992 tuos
3029 2937 3308 2993 scabellum
3359 2938 3548 3009 pedum

1952 3038 2162 3085 tuorum
2192 3029 2375 3101 (Hebr.
2404 3045 2441 3096 ι,
2470 3027 2599 3097 15)ἳ
2620 3028 2689 3082 Ει
2712 3028 2838 3084 alibi
2863 3044 2876 3080 :
2902 3028 3004 3095 Qui
3030 3044 3147 3083 cum
3171 3030 3222 3083 in
3252 3032 3419 3101 forma
3445 3030 3543 3084 Dei

1951 3132 2116 3191 esset,
2157 3138 2259 3177 non
2284 3108 2521 3195 rapinam
2545 3122 2825 3177 arbitratus
2852 3130 2925 3177 est
2952 3138 3059 3177 esse
3087 3139 3140 3177 se
3164 3122 3406 3192 aqualem
3438 3122 3550 3177 Deo

1952 3216 2191 3289 (Philip.
2221 3232 2284 3285 ιι,
2315 3216 2384 3285 6,
2412 3215 2520 3288 9);
2560 3223 2616 3271 et
2650 3214 2813 3285 paulo
2859 3222 2982 3284 post
3010 3230 3025 3267 :
3055 3213 3276 3286 Propter
3313 3215 3451 3286 quod
3497 3224 3550 3270 et

1955 3308 2098 3364 Deus
2120 3309 2269 3364 illum
2296 3307 2563 3381 exultauit,
2587 3316 2636 3363 et
2659 3307 2866 3362 donauit
2888 3305 2969 3362 illi
2988 3321 3173 3363 nomen
3201 3307 3337 3378 quod
3363 3316 3435 3363 est
3458 3324 3550 3365 stt-

1956 3416 2046 3472 per
2067 3390 2213 3456 omne
2236 3415 2445 3469 nomen,
2480 3407 2587 3457 etc.

2492 3512 2762 3584 Expositio
2800 3514 3009 3585 psalmi.
3080 3544 3081 3547 η

2029 3626 2184 3684 Υεῐε.
2211 3626 2262 3680 l.
2295 3624 2541 3696 Domine,
2568 3624 2819 3679 Dominus
2847 3635 3036 3694 noster,
3070 3642 3224 3697 quam
3249 3627 3551 3684 admirabile

1954 3727 2029 3774 est
2050 3735 2232 3774 nomen
2261 3727 2404 3773 tuum
2426 3719 2483 3772 in
2511 3718 2748 3775 universa
2790 3720 2964 3772 terra!
3003 3718 3137 3774 Cum
3170 3720 3270 3786 sit,
3305 3719 3549 3789 Domine,

1957 3826 2114 3869 casus
2161 3812 2467 3876 vocativus,
2498 3820 2686 3867 contra
2722 3825 2879 3866 usum
2912 3811 2989 3867 illi
3027 3810 3281 3866 Dominus
3328 3814 3419 3884 qui
3466 3820 3551 3868 est

1959 3903 2357 3971 nominativus,
2387 3901 2598 3957 videtur
2634 3902 2940 3971 adjunctus.
2972 3904 3104 3971 Qua:
3145 3904 3315 3973 ﬁgura
3357 3903 3552 3959 dicitur

1960 3995 2232 4067 syllepsis,
2256 3994 2467 4063 quoties
2493 4006 2650 4050 casus
2679 3995 3049 4064 discrepantes
3081 3995 3135 4050 in
3165 4010 3323 4050 unam
3353 3994 3553 4065 signiﬁ-

1959 4087 2192 4142 cantium
2220 4100 2629 4156 congregamus.
2662 4086 2941 4141 Veraciter
2968 4088 3150 4155 itaque
3177 4087 3408 4155 gaudet,
3429 4102 3553 4156 quae

1960 4177 2125 4244 dicit,
2177 4186 2368 4230 noster.
2400 4177 2634 4232 Necesse
2674 4186 2757 4232 est
2800 4176 2943 4231 enim
2987 4187 3044 4231 ut
3077 4176 3237 4246 hujus
3267 4178 3424 4234 bonis
3452 4192 3551 4232 ex-

1960 4270 2160 4327 sultare
2180 4270 2496 4340 debeamus,
2515 4269 2669 4341 cuius
2691 4285 2788 4327 nos
2808 4284 2929 4328 esse
2948 4268 3281 4342 proﬁtemur.
3306 4273 3412 4329 Sed
3429 4288 3553 4331 cum

1961 4361 2127 4429 dixit,
2156 4378 2341 4434 quam,
2366 4377 2474 4418 non
2504 4371 2681 4432 potest
2714 4363 2987 4434 explicare
3024 4364 3166 4435 quod
3211 4363 3395 4421 sentit.
3426 4365 3557 4433 Quis

1963 4456 2108 4513 enim
2154 4464 2246 4512 aut
2285 4464 2559 4513 creaturas
2608 4465 2942 4523 terrenarum
2989 4472 3204 4525 rerum,
3250 4464 3345 4514 aut
3390 4458 3556 4514 maris

1963 4549 2244 4617 ambitum,
2273 4558 2364 4605 aut
2385 4550 2560 4605 inanis
2585 4549 2742 4620 hujus
2769 4551 2909 4607 aeris
2932 4550 3299 4620 diﬁ‘usionem,
3344 4559 3437 4606 aut
3464 4564 3556 4606 or-

1888 4631 2148 4698 D.natum
2172 4654 2352 4698 rerum
2374 4642 2679 4698 caelestium
2700 4642 3031 4699 sufﬁcienter
3048 4644 3219 4713 possit
3239 4655 3554 4713 agnoscere,

1963 4746 2086 4802 quae
2125 4731 2381 4790 Dominus
2417 4733 2950 4803 incomprehensibili
2995 4732 3273 4802 sapientia:
3310 4746 3423 4787 suae
3446 4732 3559 4788 vir-

1965 4837 2078 4886 tute
2117 4829 2413 4900 disposuit?
2458 4830 2585 4887 liaec
2633 4831 2815 4887 omnia
2866 4828 3105 4884 Ecclesia
3160 4827 3509 4885 considerans
3538 4870 3553 4897 ,

1965 4919 2178 4979 haerens
2203 4936 2269 4977 ac
2300 4922 2517 4979 detenta
2545 4923 2598 4977 in
2630 4936 2815 4978 earum
2841 4934 3022 4976 rerum
3044 4920 3405 4992 explicatione
3433 4934 3559 4991 pro-

1964 5012 2199 5068 clamat:
2224 5013 2392 5080 Quam
2416 5002 2716 5067 admirabile
2743 5021 2817 5067 est
2837 5027 3019 5066 nomen
3044 5021 3210 5079 tuum,
3227 5021 3334 5069 etc.
3357 5011 3424 5067 In
3438 5013 3559 5068 uni-

1967 5121 2112 5161 uersa
2140 5120 2269 5162 vero
2292 5116 2448 5172 terra,
2477 5105 2599 5175 quia
2627 5112 2798 5159 totum
2820 5118 2918 5173 per
2943 5105 3199 5162 mundum
3229 5104 3347 5174 ejus
3369 5102 3558 5176 religio

1968 5207 2155 5254 sancta
2185 5198 2471 5264 dilatatur;
2504 5212 2603 5252 uec
2626 5196 2729 5251 erit
2750 5196 2925 5268 aliqua
2954 5197 3146 5268 patria,
3180 5197 3269 5252 ubi
3298 5196 3559 5253 catholica

1971 5303 2080 5346 non
2107 5290 2318 5346 laetetur
2339 5289 2599 5345 Ecclesia.
2627 5288 2964 5359 Quapropter
2984 5290 3233 5345 desinant
3273 5289 3444 5346 Judmi
3470 5290 3558 5345 vel

1974 5380 2263 5437 Donatista
2290 5380 2392 5434 sibi
2438 5380 2744 5449 specialiter
2771 5382 3043 5438 vindicare
3074 5380 3215 5451 quod
3242 5380 3309 5437 ad
3337 5380 3555 5437 univer-

1972 5476 2182 5530 sitatem
2210 5474 2378 5543 magis
2401 5474 2711 5544 pervenisse
2736 5486 3087 5545 cognoscunt.

2046 5567 2198 5623 Vcrs.
2220 5566 2275 5621 2.
2303 5566 2557 5635 Quoniam
2579 5556 2773 5625 elevata
2792 5579 2867 5624 est
2887 5568 3268 5639 magniﬁcentia
3289 5576 3379 5623 tua
3407 5581 3559 5635 super

1970 5662 2138 5718 etelos.
2173 5662 2464 5732 Superiore
2484 5678 2641 5720 versu
2670 5664 2903 5734 perquiri
2940 5664 3097 5728 fecit,
3128 5662 3270 5731 quod
3296 5661 3382 5715 hic
3410 5672 3560 5713 com-

1970 5763 2214 5827 petenter
2250 5757 2519 5826 exposuit.
2580 5757 2967 5827 Magniﬁcentia
3013 5766 3094 5811 est
3141 5752 3283 5807 enim
3338 5747 3555 5805 Domini

1970 5848 2353 5907 incarnationis
2385 5866 2668 5920 arcanum;
2701 5851 2841 5906 inter
2868 5849 3020 5916 cujus
3056 5847 3266 5903 diversa
3296 5839 3561 5898 miracula
