4016 6344
501 273 574 330 ’15
702 231 706 235 ”
961 313 968 321 .
1703 270 1776 328 n.
1807 221 2108 326 nuncin
2141 264 2554 328 ‘CASSIODORI
3696 275 3765 334 rs

502 388 605 444 hoc
640 383 798 443 nobis
837 395 1000 456 super
1037 385 1218 441 omnia
1261 381 1603 455 cegnoscitnr
1641 395 1764 441 esse
1789 383 2081 453 collatum,
2112 385 2447 450 Autlibros
2472 385 2682 442 divinos
2699 387 3079 456 eooperatione
3115 391 3314 445 sanctae
3333 388 3611 447 Trinitatis
3639 405 3766 460 per-

500 480 647 554 quod
673 479 814 536 Deus
839 478 1088 550 dignatus
1113 487 1198 536 est
1244 478 1406 534 homo
1452 478 1602 544 ﬁeri,
1643 487 1700 534 et
1740 493 1955 535 crucem
1986 494 2086 549 pro

500 572 745 632 omnium
767 570 940 628 salute
956 569 1226 627 sustinuit.
1252 569 1359 626 Ista
1378 584 1509 641 ergo
1527 571 1906 642 magniﬁcentia
1933 589 2087 644 super

500 669 654 725 stelas
681 669 978 737 omnesque
1002 672 1274 721 creaturas
1311 663 1504 718 elevata
1526 673 1600 719 est
1624 679 1643 718 :
1670 663 1884 734 quando
1903 665 2086 721 Domi-

501 776 604 820 nus
631 760 877 819 Christus
899 771 1186 829 resurgens
1208 772 1240 812 a
1267 756 1513 821 mortuis,
1538 755 1784 812 sedet‘ad
1809 756 2085 812 dexteram

501 855 678 913 Patris
698 894 718 922 ,
743 853 884 910 sicut
918 860 972 908 et
1011 850 1148 908 alius
1183 849 1418 920 psalmus
1446 848 1577 904 dicit
1613 864 1629 906 :
1661 848 1908 906 Exaltare
1934 866 2088 922 super

504 947 657 1002 culos
675 985 693 1012 ,
727 943 896 1013 Deus,
921 949 972 999 et
997 957 1149 1013 super
1171 956 1370 996 omnem
1398 948 1588 995 terram
1607 939 1774 1012 gloria
1803 949 1892 996 tua
1912 940 2083 1015 (Psal.

501 1052 632 1108 cvu,
661 1037 740 1108 6).

484 1037 740 1186 “2339)..
768 1129 824 1184 5.
856 1128 938 1183 Ex
967 1143 1054 1182 ore
1078 1125 1358 1197 infantium
1409 1132 1458 1180 et
1494 1125 1788 1180 laetantium
1828 1127 2089 1199 ρετ-[εεῶιί

501 1222 728 1278 laudem.
771 1220 900 1277 llaec
941 1218 1224 1290 prophetia
1262 1215 1318 1272 in
1356 1216 1646 1288 Evangelio
1669 1259 1686 1286 ,
1729 1233 1826 1274 ore
1873 1219 2089 1277 Domini

503 1314 728 1372 ducetur
761 1311 1034 1382 exposita;
1071 1325 1194 1365 cum
1239 1324 1271 1364 a
1312 1309 1514 1366 Induis
1561 1309 1976 1380 prohiberentur
2008 1313 2090 1368 in-

509 1405 687 1462 fantes
743 1417 812 1458 ne
853 1401 1041 1457 laudes
1073 1401 1286 1457 Domini
1332 1412 1720 1472 personarent,
1779 1403 2089 1474 potantibus

501 1495 703 1567 aliquid
753 1495 1030 1565 pueriliter
1063 1494 1216 1565 ﬁeri,
1256 1495 1399 1567 quod
1429 1511 1461 1550 a
1492 1497 1580 1552 tali
1622 1506 1778 1556 aetate
1807 1499 2091 1556 videbatur

500 1589 726 1646 assumi.
755 1587 906 1644 Tunc
927 1588 1014 1643 ille
1043 1589 1321 1658 respondit
1347 1607 1359 1642 ε
1385 1589 1529 1644 Num
1563 1592 1782 1663 legistis,
1811 1610 1874 1648 ea:
1900 1609 1988 1648 ore
2010 1599 2091 1648 in-

501 1685 719 1754 fantium
735 1690 780 1735 et
794 1679 1090 1735 luctantium
1104 1682 1361 1752 perfecisti
1380 1681 1585 1736 laudem
1601 1682 1813 1755 (Matth.
1831 1699 1940 1752 xu,
1958 1684 2048 1756 16)
2067 1685 2092 1739 ?

2188 476 2358 534 lectos
2384 479 2661 535 evidenter
2698 479 3035 546 ostenderet;
3092 481 3234 538 sicut
3281 489 3338 536 et
3374 483 3499 538 alibi
3531 483 3766 553 legitur:

2185 571 2441 642 Appendit
2464 572 2625 627 tribus
2642 570 2818 642 digitis
2838 573 3022 628 molem
3035 573 3348 645 terrte(lsai.
3369 590 3456 640 ιι..
3474 573 3587 644 12).
3610 577 3768 644 Quod

2185 661 2351 718 simili
2376 671 2722 720 sacramento
2746 663 3112 733 recipiendum
3134 672 3236 720 est.
3267 663 3476 735 Digitus
3501 666 3648 722 enim
3675 667 3770 726 Dei

2188 750 2382 809 dicitur
2407 753 2604 810 divinae
2623 753 2951 825 operationis
2980 754 3222 820 ell‘ectus,
3246 756 3388 826 quod
3413 766 3598 826 potest
3622 759 3772 818 Patri

2189 851 2246 898 et
2268 843 2423 912 Filio,
2459 855 2514 901 et
2558 845 2777 915 Spiritui
2821 853 3030 912 sancto,
3060 845 3114 901 id
3140 855 3226 902 est
3252 847 3340 902 uni
3364 846 3478 904 Deo
3497 850 3774 920 aptissime

2189 938 2502 994 convenire.
2532 937 2788 1008 Sequitur
2818 956 2833 992 :
2866 938 3070 993 Lunam
3094 949 3143 994 et
3177 941 3351 996 stellas
3389 959 3516 1012 quas
3557 953 3610 998 tu
3649 947 3776 1016 fun—

2190 1025 2349 1083 dasti.
2381 1028 2683 1102 Augmenta
2726 1039 2780 1086 et
2810 1029 3215 1088 imminutiones
3241 1048 3389 1100 suas,
3420 1050 3554 1105 quas
3576 1038 3775 1106 patitur

2192 1116 2341 1188 luna,
2373 1135 2434 1176 se
2473 1121 2707 1178 visuram
2759 1122 2888 1179 dicit
2933 1123 3217 1180 Ecclesia:
3251 1135 3308 1181 ut
3353 1127 3519 1184 modo
3567 1141 3778 1188 crescat

2192 1209 2298 1267 ﬁde
2326 1211 2642 1281 multorum,
2663 1214 2826 1270 modo
2855 1226 3150 1288 martyrum
3181 1217 3289 1274 ﬁne
3310 1220 3574 1291 aliquibus
3596 1224 3778 1281 immi-

2193 1311 2322 1360 nuta
2351 1303 2622 1360 videatur.
2663 1305 2794 1374 Quae
2822 1307 3198 1366 similitudines
3245 1321 3467 1383 propter
3493 1315 3778 1384 opiniones

2192 1393 2472 1452 hominum
2512 1396 2824 1469 frequenter
2853 1399 3047 1456 dantur
3085 1403 3360 1460 Ecclesiae.
3388 1403 3654 1465 Caeterum
3685 1409 3778 1468 illa

2191 1486 2570 1544 amictionibus
2595 1490 2827 1559 crescit,
2866 1501 2922 1547 et
2941 1493 3352 1552 contritionibus
3376 1513 3592 1568 semper
3615 1516 3780 1571 auge-

2193 1586 2302 1636 tur.
2359 1580 2509 1636 Luna
2561 1583 2707 1640 enim
2751 1585 2934 1641 multis
2976 1587 3138 1642 rebus
3175 1602 3204 1642 a
3254 1604 3313 1644 se
3353 1590 3780 1661 discrepantibus

2194 1682 2539 1744 comparatur
2567 1675 2766 1730 :modo
2790 1677 2937 1732 omni
2958 1677 3237 1746 Ecclesiae,
3268 1667 3327 1736 ut
3349 1692 3432 1738 est
3463 1683 3596 1738 illud
3622 1703 3635 1738 :
3663 1686 3770 1742 Do-

503 1771 612 1829 Sed
647 1787 715 1828 ne
751 1771 876 1827 illos
905 1770 1164 1828 lactentes
1195 1771 1498 1844 intelligas,
1532 1773 1624 1845 qui
1648 1774 1822 1830 adhuc
1847 1785 2090 1832 materno
2119 1775 2171 1839 Β
2195 1781 2286 1820 ηδε
2330 1766 2611 1823 Monam?
2635 1768 2761 1824 ίυηα
2805 1769 2988 1842 (Ρεαί-
3039 1788 3184 1840 ml.
3218 1772 3305 1845 7);
3344 1775 3508 1831 m0d0
3534 1779 3780 1836 membro

500 1867 670 1923 ubere
701 1865 1010 1921 nutriuntur
1029 1908 1045 1935 ,
1077 1873 1134 1920 ut
1162 1865 1346 1922 laudes
1386 1867 1594 1923 Domini
1623 1869 1845 1926 minime
1872 1877 2092 1927 cantare

501 1967 833 2032 potuissent,
877 1960 1039 2016 etiam
1070 1969 1356 2030 provectos
1393 1969 1552 2018 aetate
1595 1972 1778 2020 monet
1818 1966 2091 2034 apostolus

500 2051 694 2110 Petrus
719 2051 905 2108 dicens
936 2068 950 2105 :
979 2050 1247 2124 Tanquam
1279 2053 1430 2108 modo
1456 2056 1613 2126 geniti
1653 2056 1896 2129 infantes,
1926 2059 2087 2114 ratio-

500 2146 700 2215 nabile,
727 2147 833 2220 35
855 2153 904 2202 et
929 2146 1038 2202 sine
1068 2145 1189 2202 dolo
1216 2147 1299 2202 lac
1323 2149 1695 2221 concupiscite,
1735 2159 1792 2204 ut
1818 2152 1872 2204 in
1897 2167 1955 2206 eo
1981 2165 2091 2207 cre-

499 2238 650 2296 scetis
698 2239 754 2293 in
791 2239 1006 2293 salutem
1049 2235 1107 2308 (I
1152 2236 1301 2294 Petr.
1348 2253 1409 2308 Il,
1451 2239 1532 2311 2).
1564 2239 1718 2296 Unde
1761 2242 1990 2298 infantes
2034 2253 2090 2300 et

495 2331 762 2388 lactentes
790 2329 864 2386 illi
893 2329 1221 2401 intelligendi
1248 2339 1393 2400 sunt,
1417 2332 1509 2402 qui
1539 2341 1757 2402 propter
1785 2332 2089 2391 rudimenta

500 2431 557 2480 et
585 2421 862 2479 infantiam
893 2421 1016 2478 ﬁdei
1055 2435 1235 2478 escam
1266 2438 1372 2477 non
1407 2422 1625 2494 capiunt
1653 2421 1950 2493 fortiorem,
1992 2426 2089 2482 sed

499 2512 744 2570 doctrina
795 2513 1049 2570 teneriori
1095 2515 1426 2572 nutriuntur.
1460 2515 1530 2571 Ut
1582 2515 1686 2572 iste
1731 2516 1803 2571 sit
1848 2531 2088 2574 sensus:

498 2618 607 2660 non
639 2606 813 2660 solum
842 2619 870 2659 a
900 2604 1169 2676 perlectis,
1203 2607 1291 2675 qui
1328 2615 1381 2662 te
1424 2605 1642 2662 omnino
1668 2606 1993 2680 intelligunt,
2027 2624 2087 2667 es

496 2696 814 2766 laudabilis,
857 2699 950 2754 sed
981 2700 1142 2756 etiam
1167 2701 1235 2756 ab
1265 2701 1634 2772 incipientium
1661 2712 1716 2760 et
1744 2705 2087 2775 parvulorum

497 2805 594 2847 ore
619 2791 949 2862 praedicaris.

574 2883 724 2940 Vers.
775 2885 828 2940 4.
879 2881 1106 2954 Propter
1138 2883 1375 2941 inimicos
1410 2891 1526 2942 tuos
1565 2901 1586 2943 :
1613 2894 1670 2941 ut
1711 2885 1946 2942 destruas
1986 2887 2090 2942 inid

497 2976 689 3031 micam
716 2982 766 3030 et
801 2976 1139 3047 defensorem.
1169 2976 1394 3048 Pr0pter
1420 2979 1678 3048 inimicos,
1725 2995 1960 3052 paganos
1995 2983 2090 3037 de-

497 3067 676 3137 signat
716 3073 772 3122 et
821 3067 1188 3137 blasphemos,
1240 3084 1311 3125 ne
1359 3069 1602 3126 dicerent
1649 3073 1930 3144 sacrilegi,
1967 3073 2087 3130 ideo

2195 1857 2315 1929 ejus
2338 1859 2697 1927 lncidissimo,
2729 1871 2786 1918 ut
2813 1873 2896 1919 est
2915 1864 3034 1931 hic;
3061 1865 3224 1923 modo
3251 1869 3434 1937 stulto,
3459 1880 3518 1926 ut
3559 1872 3635 1926 ait
3681 1873 3782 1929 Sa-

2195 1949 2416 2010 lomon:
2464 1951 2672 2010 Stultus
2699 1963 2756 2009 ut
2788 1954 2914 2010 luna
2943 1965 3171 2012 mutatur
3226 1957 3424 2030 (Eccle.
3465 1976 3631 2029 xxvu,
3662 1963 3780 2034 12).

2194 2042 2487 2115 Subiunxit
2513 2060 2730 2117 quoque
2759 2048 2956 2116 stellas,
2992 2048 3167 2120 justus
3199 2049 3446 2106 homines
3482 2061 3536 2108 et
3567 2049 3784 2124 religio!

2194 2151 2310 2205 sos,
2359 2137 2427 2194 de
2471 2139 2667 2210 quibus
2711 2140 2970 2210 scriptum
3009 2151 3136 2198 est:
3168 2143 3319 2199 Sicut
3363 2145 3510 2200 stella
3539 2145 3602 2200 ab
3631 2148 3786 2202 stella

2193 2230 2370 2299 differt
2398 2231 2452 2287 in
2485 2234 2738 2300 claritate,
2765 2237 2838 2289 ita
2853 2244 2901 2290 et
2927 2238 3230 2292 resurrectio
3251 2248 3567 2294 mortuorum
3589 2239 3644 2310 (ι
3656 2239 3783 2296 Cor.

2195 2337 2292 2393 xv,
2314 2323 2406 2391 41,
2434 2324 2555 2396 42).
2593 2325 2811 2382 Addidit
2835 2345 2848 2380 :
2873 2344 3003 2398 quas
3033 2339 3086 2382 tu
3113 2330 3366 2398 fundasti,
3396 2339 3455 2387 ut
3483 2345 3784 2402 cognosce-

2193 2428 2378 2470 remus
2417 2417 2597 2474 omnia
2629 2419 2686 2474 in
2734 2419 3225 2490 praedestinationis
3252 2424 3370 2494 ejus
3394 2425 3613 2482 fundata
3633 2426 3786 2497 judi-

2194 2509 2300 2563 cio.
2327 2509 2454 2566 Sive
2492 2511 2597 2566 hoc
2627 2512 2693 2566 ad
2721 2511 2973 2568 deitatem
3009 2514 3168 2571 Verbi
3197 2518 3428 2586 pertinet
3471 2519 3786 2589 exprimam!

2193 2598 2357 2667 dam,
2410 2609 2469 2656 ut
2520 2603 2576 2658 in
2629 2602 2718 2658 illa
2761 2605 3069 2662 conditione
3121 2623 3300 2664 rerum
3354 2609 3534 2664 omnia
3585 2610 3787 2666 fecisse

2192 2693 2522 2752 crederetur.
2551 2696 2610 2752 In
2643 2695 2726 2750 his
2755 2697 2900 2752 enim
2925 2699 3096 2754 tribus
3122 2697 3330 2754 videtur
3357 2700 3603 2756 universa
3631 2714 3788 2758 com-

2199 2785 2430 2852 plexus,
2459 2785 2599 2840 sicut
2625 2795 2708 2842 est
2747 2785 2877 2843 illud
2910 2786 3016 2841 ειη
3068 2789 3318 2861 principio
3355 2789 3472 2860 fecit
3512 2787 3655 2845 Deus
3683 2805 3785 2846 cte-

2192 2872 2302 2928 lum
2325 2884 2371 2928 et
2401 2884 2585 2930 terram
2606 2874 2758 2945 (Gen.
2790 2891 2832 2942 ι,
2855 2875 2932 2946 1).
2967 2876 3066 2932 Ubi
3087 2892 3207 2932 cum
3236 2878 3370 2932 duas
3398 2892 3484 2932 res
3511 2879 3782 2948 posuerit,

2191 2973 2384 3019 cuncta
2431 2965 2745 3037 complexus
2783 2973 2902 3033 est,
2933 2964 3166 3019 mirabili
3193 2964 3383 3020 ordine
3428 2966 3782 3037 prmdicanda

2193 3053 2515 3125 disponens;
2545 3066 2629 3122 ut,
2664 3056 2788 3126 quia
2815 3063 2931 3112 erat
2957 3065 3076 3125 post
3105 3055 3172 3110 de
3194 3067 3378 3113 sancta
3408 3058 3785 3118 incarnatione

497 3157 645 3214 docti
675 3157 893 3214 laudant
943 3159 1144 3227 Deum,
1192 3161 1316 3232 quia
1360 3151 1621 3219 librorum
1647 3163 2084 3223 meditationibus

2195 3144 2502 3214 locuturus,
2550 3146 2698 3217 prius
2744 3148 2859 3217 ejus
2921 3146 3177 3204 deitatem
3229 3155 3285 3204 et
3337 3149 3784 3221 omnipotentiam

498 3251 832 3309 imbuuntur.
868 3253 1152 3310 Professus
1179 3262 1264 3311 est
1293 3264 1348 3312 et
1377 3257 1607 3315 inlhntes
1647 3260 1961 3330 pradicare,
1996 3263 2088 3332 qui

498 3348 686 3402 venire
715 3345 780 3401 ad
811 3346 1095 3401 Dominum
1119 3345 1246 3403 ﬁdei
1268 3347 1508 3407 novitate
1537 3361 1849 3422 coeperunt;
1884 3361 1941 3408 ut
1969 3353 2088 3410 haec

505 3439 768 3511 sapientia
797 3441 1052 3496 divinitus
1080 3442 1253 3511 magis
1285 3441 1502 3507 tradita,
1552 3459 1712 3514 quam
1748 3446 1983 3502 humano
2010 3448 2087 3504 la-

502 3533 636 3589 bore
667 3533 910 3588 videatur
939 3547 1062 3588 esse
1101 3533 1348 3589 collecta.
1373 3531 1652 3590 Inimicum
1677 3553 1808 3594 vero
1837 3548 1882 3593 et
1911 3541 2089 3611 defen-

496 3641 698 3694 sorem,
731 3625 976 3682 Judaeum
1006 3627 1269 3695 perﬁdum
1291 3629 1591 3698 specialiter
1629 3630 1778 3694 dicit,
1821 3632 1915 3702 qui
1959 3634 2086 3688 dum

501 3719 673 3776 Deum
702 3720 918 3778 Patrem
951 3733 1016 3775 se
1042 3729 1194 3791 putat
1237 3721 1550 3792 defendere,
1585 3724 1722 3780 Filio
1748 3725 1934 3782 existit
1977 3726 2086 3781 ini-

2192 3239 2478 3298 ostendere
2501 3239 2792 3296 debuisset.

2263 3381 2416 3437 Vers.
2449 3379 2504 3436 6.
2535 3379 2674 3446 Quid
2698 3388 2774 3435 est
2801 3380 2955 3436 homo
2981 3380 3120 3450 quod
3162 3395 3360 3436 mensor
3405 3396 3458 3437 es
3498 3381 3613 3452 ejus
3635 3421 3655 3448 ,
3683 3388 3784 3440 aut

2190 3473 2332 3543 ﬁlius
2360 3473 2581 3528 hominis
2612 3473 2854 3542 quoniam
2879 3473 3058 3527 uisitas
3089 3474 3245 3528 eum?
3270 3473 3424 3529 Venit
3461 3473 3528 3527 ad
3569 3473 3784 3542 ingres-

2191 3580 2309 3622 sum
2336 3564 2657 3628 secundum,
2705 3564 2793 3618 ubi
2825 3578 2934 3618 uno
2972 3579 3132 3620 versu
3162 3581 3259 3635 per
3299 3566 3432 3621 duas
3475 3567 3782 3637 interroga-

2190 3659 2365 3715 tiones
2391 3669 2445 3714 et
2487 3658 2864 3728 responsiones
2894 3657 3057 3713 homo
3082 3668 3138 3714 et
3163 3661 3385 3729 exiguus
3414 3671 3468 3714 et
3512 3661 3782 3730 potentis-

2188 3754 2356 3810 simus
2383 3752 2512 3827 [ed.,
2530 3749 2859 3822 potissimus]
2883 3752 3224 3821 approbatur.
3244 3753 3374 3820 Qua
3389 3751 3552 3822 ﬁgura
3575 3753 3780 3810 dicitur

497 3819 689 3915 Illic“-
723 3820 804 3915 “3,
837 3820 1038 3915 [aemili
1086 3829 1172 3877 05‘
1197 3829 1257 3876 ιιι
1303 3821 1397 3876 Del
1426 3823 1574 3891 (Πιθεῖ
1627 3823 1880 3879 defensor
1930 3839 2087 3894 3P6!“
2189 3819 2404 3915 pensis,
2434 3819 2598 3898 latine
2627 3851 2806 3898 autem
2839 3819 3199 3912 percunctatio
3227 3862 3242 3898 :
3272 3819 3361 3898 ubi
3393 3819 3451 3899 ei
3471 3843 3779 3914 interroga-

497 3913 762 3982 tissimus,
789 3914 900 3971 Deo
918 3914 1235 3985 probaretur
1257 3915 1553 3983 adversus;
1587 3918 1708 3987 quia
1734 3918 1947 3974 Patrem
1978 3935 2086 3974 non
2191 3913 2265 3990 ίίο
2297 3933 2380 3999 (ξι,
2413 3940 2470 3988 et
2515 3933 2798 4002 responsio
2837 3943 3020 4004 parata
3065 3937 3439 4004 subsequitur;
3468 3931 3626 4006 quam
3653 3935 3776 4006 jam

503 4017 814 4074 veneratur,
845 4008 947 4062 nisi
973 4008 1062 4078 qui
1105 4008 1332 4065 honorat
1373 4021 1429 4066 et
1465 4010 1687 4076 Filium;
1723 4011 1865 4066 sicut
1886 4011 2003 4080 ipse
2031 4013 2084 4067 in

2190 4033 2243 4082 et
2268 4026 2322 4080 in
2345 4034 2536 4096 quarto
2567 4024 2770 4096 psalmo
2794 4027 3087 4097 posuimus.
3122 4026 3260 4092 Quid
3289 4039 3378 4083 est-
3403 4029 3589 4084 homo?
3630 4028 3780 4085 Cum

498 4098 794 4170 Evangelio
814 4100 943 4155 dicit
970 4118 985 4155 :
1032 4102 1136 4169 Qui
1163 4118 1266 4157 non
1283 4104 1594 4172 honori/icat
1624 4103 1844 4173 Filium,
1864 4121 1969 4159 non
1991 4105 2084 4159 Ito-

2190 4122 2442 4193 despectu
2470 4124 2923 4194 pronuntiandum
2955 4133 3056 4189 est,
3074 4121 3130 4178 id
3153 4131 3254 4187 est,
3283 4122 3561 4195 lragilis‘et
3594 4124 3772 4179 cadu-

498 4193 735 4262 noriﬁcat
765 4191 997 4263 Patrem,
1020 4195 1110 4261 qui
1137 4197 1275 4250 misit
1299 4213 1415 4251 eum
1445 4197 1622 4269 (Joan.
1655 4213 1708 4267 v,
1741 4199 1857 4269 25).
1885 4199 1997 4256 Hoc
2030 4207 2084 4256 et

2190 4191 2308 4281 cus,
2330 4191 2722 4286 Adse‘sequax,
2753 4217 2842 4286 qui
2873 4217 2928 4271 in
2975 4215 3143 4271 veteri
3191 4191 3411 4284 peccatu
3438 4216 3764 4284 permixtus,

501 4283 573 4338 ad
601 4297 792 4338 omnes
839 4283 1124 4341 haereticos
1145 4297 1513 4356 competenter
1557 4298 1792 4357 aptatur,
1822 4291 1914 4360 qui
1952 4292 2084 4349 dum

2190 4305 2332 4362 socia
2360 4283 2624 4375 pravitate
2653 4283 2939 4362 conclusus
2968 4314 3068 4362 est.
3100 4283 3268 4374 Hujus
3297 4283 3503 4361 memor
3527 4314 3611 4361 est
3660 4306 3772 4362 Do-

499 4390 564 4432 so
611 4383 803 4444 putant
854 4374 1164 4445 Scripturas
1212 4380 1354 4433 mala
1413 4381 1854 4451 interpretatione
1896 4386 2081 4442 delen-
2183 4374 2384 4462 minus,
2417 4398 2632 4468 quando
2669 4399 2716 4454 ei
2748 4407 2966 4467 peccata
3011 4397 3234 4452 dimittit
3269 4407 3324 4453 et
3373 4397 3765 4454 misericordiae

499 4469 902 4586 ἱὶξῖξῙ-ξηίωὶοο
951 4471 1134 4527 animo
1178 4473 1384 4586 3300':
1409 4474 1701 4543 PTDballWl'
1739 4475 2078 4547 dogmatibus
2103 4549 2159 4586 ῃ
2184 4505 2298 4586 suae
2322 4491 2466 4546 dona
2488 4490 2740 4561 largitur;
2773 4491 2914 4586 sicut
2936 4489 2990 4544 in
3021 4490 3125 4546 alio
3156 4490 3364 4560 psalmo
3387 4491 3624 4546 dicturus
3643 4499 3766 4547 est:

498 4561 742 4620 οδνίιΐθα
1141 4655 1191 4662 Η
1228 4657 1240 4662 _
1338 4561 1404 4662 Ἀ
1692 4660 1715 4662 η
1763 4661 1769 4662 ί
2104 4561 2159 4610 υ
2183 4585 2317 4642 Filii
2343 4595 2513 4642 autem
2555 4585 2822 4662 hominum
2870 4584 2924 4637 in
2955 4585 3266 4655 protectione
3305 4585 3507 4638 alarum
3553 4592 3768 4640 tuarum

571 4656 727 4715 Ἴθι-ι.
749 4658 805 4714 5.
836 4655 1284 4724 Quoniamoidebo
1311 4658 1461 4712 caelos
1488 4673 1648 4728 opera
1665 4660 1942 4734 digitorum
1967 4673 2081 4721 tuo-
2183 4677 2494 4748 sperabunt;
2533 4655 2916 4728 inebriabuntur
2943 4674 3006 4727 ab
3051 4675 3277 4729 ubertate
3314 4673 3495 4728 domus
3541 4683 3662 4740 tua,
3711 4682 3771 4730 et

497 4765 644 4816 sum;
671 4751 848 4806 lunam
891 4759 940 4804 et
963 4750 1164 4816 stellas,
1187 4765 1316 4821 quas
1337 4757 1392 4803 tu
1417 4751 1667 4821 fundasti.
1709 4753 1898 4810 Merito
1936 4757 2077 4814 istud

2190 4778 2403 4826 torrente
2440 4767 2712 4836 uoluptatis
2761 4775 2864 4822 tuae
2908 4767 3104 4836 potabis
3134 4783 3218 4823 eos
3263 4767 3453 4837 (Psal.~
3480 4784 3644 4837 xxxv,
3676 4768 3765 4840 8).

498 4841 568 4932 [ιθ
593 4840 774 4932 fullio
797 4841 1029 4932 8'0???“
1055 4840 1184 4898 dicit
1213 4841 1474 4910 Εοοιωίδν
1494 4859 1615 4913 illm
1641 4853 1766 4901 ante
1787 4848 2076 4908 ιάνθηιιιω
2182 4861 2302 4918 Hoc
2341 4869 2423 4918 est
2449 4875 2577 4929 ergo
2613 4874 2736 4916 esse
2762 4875 3081 4928 memorem,
3129 4861 3373 4918 conferre
3401 4861 3770 4932 delinquenti-

499 4931 712 4990 Domiui
733 4939 850 4988 erat
874 4931 1054 4990 adhuc
1079 4934 1134 4989 in
1163 4934 1479 5004 patriarchis
1508 4942 1564 5023 et
1590 4936 1648 4992 in
1671 4941 1872 4996 sanctis
1902 4940 2076 4998 homi-
2180 4952 2283 5008 bus
2305 4958 2466 5006 tanta
2488 4951 2671 5020 gratia;
2697 4953 3033 5020 sospitalem,
3062 4951 3164 5006 Aut
3192 4953 3332 5021 ﬁli...
3361 4931 3604 5021 Ιιοηιὶηεέ,
3631 4969 3768 5023 τι..-

429 5065 440 5072 .
497 5023 660 5082 uibus
680 5023 990 5081 constituta.
1015 5023 1108 5082 Ait
1133 5025 1298 5094 enim,
1336 5017 1734 5098 Yidebo'eaelos,
1783 5033 1838 5088 id
1877 5041 1963 5090 est
2006 5037 2074 5090 li-

495 5115 630 5174 bros
673 5115 1043 5185 evangelieos,
1096 5118 1186 5187 qui
1225 5117 1349 5174 ouili
1405 5121 1600 5178 merito
1633 5123 1901 5193 dicuntur,
1934 5141 2073 5196 quo-

495 5207 648 5263 niam
686 5207 960 5264 continent
1014 5207 1298 5265 Dominum
1346 5210 1712 5284 Salvatorem,
1771 5219 1863 5286 qui
1896 5219 2071 5275 dixit:

496 5299 696 5356 Catum
721 5300 848 5356 mihi
870 5303 1016 5358 sedes
1042 5313 1150 5372 est;
1199 5313 1336 5360 terra
1361 5318 1532 5362 autem
1561 5309 1839 5364 scabellum
1881 5313 2070 5379 pedum

494 5408 722 5449 meorum
746 5391 900 5469 (Issi.
925 5411 1017 5465 xc,
1045 5396 1154 5468 l2).
1182 5398 1289 5456 Sed
1313 5400 1403 5470 qui
1425 5401 1532 5456 sint
1553 5401 1638 5456 isti
1683 5403 1817 5472 ctuti,
1841 5399 2076 5462 breviter

495 5485 734 5544 deﬁnivit
774 5495 934 5559 opera
967 5491 1255 5563 digitorum
1283 5503 1495 5549 tuorum
1520 5512 1535 5560 ;
1566 5509 1690 5551 nam
1720 5511 1840 5552 cum
1866 5498 2075 5570 legatur

493 5576 551 5635 in
579 5578 762 5637 Exodo
791 5580 1108 5653 (Cap.nxt,
1130 5583 1240 5652 l8),
1270 5585 1436 5653 digito
1471 5585 1681 5641 Domini
1712 5586 1884 5656 legem
1910 5589 2072 5646 fuisse

494 5676 873 5746 conscriptam,
920 5660 1079 5748 quém
1119 5679 1278 5734 multi
1330 5679 1587 5748 Spiritum
1634 5691 1874 5736 sanctum
1932 5684 2072 5738 acci-

495 5777 625 5834 pere
647 5766 960 5834 voluerunt,
991 5768 1082 5824 hic
1107 5769 1227 5826 ideo
1252 5771 1480 5840 positum
1512 5771 1738 5844 aestimo,
1763 5773 2064 5847 digitorum,

2182 5043 2323 5095 niam
2361 5041 2534 5094 uisitas
2564 5057 2701 5096 eum.
2733 5041 2839 5095 Hac
2863 5041 2976 5113 jam
2997 5057 3128 5099 voce
3147 5044 3470 5113 surgendum
3501 5053 3604 5109 est,
3633 5045 3766 5113 quia

2183 5133 2464 5188 Dominum
2497 5131 2760 5202 signiﬁcat
2804 5133 3164 5202 Salvatorem,
3211 5136 3301 5205 qui
3351 5151 3460 5192 non
3489 5146 3546 5190 ut
3575 5137 3762 5191 caeteri

2180 5225 2434 5281 mortales
2464 5239 2530 5281 ex
2551 5225 2758 5281 duobus
2780 5225 3082 5282 hominibus
3111 5236 3267 5285 natus
3289 5237 3389 5295 est,
3415 5228 3510 5284 sed
3535 5242 3600 5283 ex
3633 5229 3765 5298 Spi-

2177 5322 2284 5379 ritu
2329 5328 2545 5389 sancto,
2587 5327 2644 5376 et
2684 5321 2852 5378 beatae
2892 5322 3068 5379 Maria:
3097 5337 3308 5392 semper
3335 5322 3552 5392 virginis
3602 5333 3768 5380 utero

2178 5421 2430 5483 tanquam
2460 5428 2688 5484 sponsus
2733 5415 2801 5471 de
2829 5417 3063 5487 glorioso
3105 5415 3339 5470 thalamo
3380 5415 3657 5482 processit.
3689 5415 3764 5472 Et

2175 5504 2458 5562 considera
2503 5509 2626 5578 quia
2675 5510 2917 5577 superius
2967 5507 3101 5562 dixit
3139 5525 3152 5560 :
3196 5509 3392 5563 Memor
3417 5525 3503 5575 es;
3527 5508 3764 5576 subjecit

2174 5607 2351 5654 autem
2385 5616 2396 5652 :
2432 5598 2641 5654 Visitas.
2677 5599 2874 5654 Memor
2901 5599 2998 5654 fuit
3023 5615 3143 5654 cum
3171 5601 3490 5670 patriarcltis
3520 5600 3587 5653 de
3616 5600 3762 5656 calo

2173 5692 2428 5746 misertus
2455 5701 2571 5758 est;
2593 5693 2833 5758 uisitauit,
2884 5709 3002 5748 cum
3031 5692 3256 5749 Verbum
3294 5711 3413 5747 caro
3441 5695 3630 5764 factum
3658 5701 3746 5763 est,

2175 5789 2226 5836 et
2246 5781 2490 5837 habitavit
2515 5783 2569 5837 in
2617 5783 2764 5838 nobis
2791 5783 2970 5844 (Joan.
3003 5802 3040 5848 l,
3081 5786 3185 5848 ll).
3231 5785 3360 5842 Nam
3391 5785 3592 5840 uisitare
3624 5784 3760 5839 dics.
