4064 6360
352 376 539 402 “MN.

159 430 222 487 77

1096 421 1459 482 EXPOSITIO
1499 422 1565 480 IN
1600 420 2062 480 PSALTEBIUM.
2100 420 2295 481 PSAL.
2335 421 2476 479 Vill.

3342 429 3414 488 78

161 562 291 618 mus,
311 546 522 621 quando
539 544 779 604 medicus
795 545 861 603 ad
882 545 1125 602 inﬁmos
1144 544 1476 617 ingreditur;
1498 544 1640 617 quod
1666 544 1724 601 in
1748 544 1806 607 Δ
1827 541 2024 600 talibus
2073 542 2279 613 majore
2321 544 2492 615 gloria
2521 545 2816 617 triumphat
2855 545 3113 603 Dominus
3141 547 3411 606 Christus.

160 645 375 701 adventu
403 642 612 698 Domini
641 655 836 697 revera
863 649 1076 697 constat
1104 640 1406 709 impletum.

224 735 371 791 Vera.
429 735 482 790 7.
547 731 783 787 Minuisti
841 729 985 803 [ed.,
1042 728 1349 801 Hinerasti]
1405 745 1521 786 eum
1569 730 1727 800 paulo

161 828 314 883 utinm
362 825 426 878 ab
477 824 676 893 angelis
700 837 721 877 :
751 823 920 893 gloria
964 830 1012 877 et
1052 822 1245 877 honore
1283 822 1543 877 coronasti
1585 838 1723 877 eum.

161 920 284 975 Hinc
307 917 414 987 jam
456 914 670 970 Domini
712 913 1006 969 Salvatoris
1062 912 1332 968 humilitas
1383 920 1634 969 narratur
1672 920 1729 970 et

160 1012 332 1084 gloria.
354 1008 651 1063 Miseratus
678 1016 762 1063 est
787 1007 933 1063 enim
966 1022 1074 1062 non
1101 1006 1422 1063 necessitate
1450 1006 1727 1064 ministra-

158 1104 303 1169 toris,
350 1100 444 1156 sed
490 1101 703 1170 pietatis
756 1114 868 1155 suae
913 1107 1208 1171 spontanea
1237 1100 1538 1168 voluntate,
1588 1099 1729 1157 sicut

158 1194 430 1265 Apostolus
473 1193 600 1248 ait:
625 1191 968 1264 Semetipsum
1008 1193 1285 1248 saiaanivit
1330 1196 1556 1265 formam
1596 1195 1727 1249 servi

158 1290 395 1358 accipiens
430 1285 662 1359 (Philip.
686 1302 750 1354 ll,
783 1285 860 1358 7).
906 1286 1163 1358 Sequitur
1189 1304 1208 1343 :
1238 1286 1411 1343 Paulo
1451 1288 1621 1343 minus
1662 1287 1726 1343 ab

156 1383 372 1457 angelis;
431 1384 560 1454 quia
584 1397 802 1439 crucem
830 1397 930 1453 pro
970 1384 1209 1439 omnium
1254 1383 1425 1439 salute
1464 1384 1725 1453 suscepit.

156 1475 231 1531 Ex
268 1489 328 1531 ea
393 1474 660 1545 siquidem
706 1482 857 1546 parte
909 1475 1133 1531 Creator
1180 1475 1493 1547 angelorum
1550 1474 1728 1531 minor

153 1566 309 1624 factus
330 1576 413 1623 est
446 1568 678 1637 angelis.
723 1569 870 1624 Bene
898 1576 1079 1624 autem
1110 1567 1246 1623 dixit
1274 1586 1289 1621 :
1320 1567 1497 1623 Paulo
1531 1568 1723 1635 minus,

155 1661 262 1731 quia
295 1661 392 1716 etsi
418 1661 649 1716 mortale
689 1674 885 1731 corpus
938 1661 1258 1732 assumpsit,
1290 1668 1472 1717 tamen
1502 1669 1725 1730 peccata

156 1766 251 1807 non
273 1751 473 1808 habuit.
499 1750 682 1807 Gloria
702 1767 831 1810 vero
869 1760 918 1809 et
951 1754 1144 1809 honore
1176 1762 1455 1809 coronatus
1484 1760 1580 1821 est,
1602 1767 1725 1809 cum

154 1853 262 1915 post
293 1845 748 1903 resurrectionem
778 1846 940 1903 nimis
986 1846 1314 1912 mirabilem,
1346 1847 1511 1902 totius
1540 1845 1800 1925 mundi”,

1799 632 2032 714 ‘Pecora
2056 636 2201 692 enim
2223 644 2378 704 sunt,
2413 637 2538 693 dum
2590 639 2644 694 in
2690 654 3003 709 camporum
3050 638 3317 710 libertate,
3358 640 3417 697 id
3468 646 3473 649 ’

1829 736 1913 784 est
1950 729 2005 783 in
2032 726 2220 784 mundi
2248 727 2406 784 istius
2437 729 2710 801 voluptate
2755 740 3045 801 pascuntur
3068 750 3083 801 ;
3106 748 3220 788 oves
3266 740 3418 805 sunt,

1828 833 1951 877 cum
1974 818 2086 889 jam
2116 819 2255 875 intra
2276 831 2429 889 septa
2460 821 2674 888 Domini
2695 824 3035 880 clauduntur.

1905 912 2059 968 Vers.
2087 910 2175 967 10.
2209 910 2454 967 Velucres
2480 912 2592 967 caeli
2622 924 2669 967 et
2707 916 2868 985 pisces
2895 916 3077 984 maris,
3104 915 3195 992 qui
3217 934 3422 989 peram-

1831 1004 2008 1060 bulant
2031 1008 2237 1061 semitas
2266 1008 2445 1062 maris.
2486 1004 2735 1063 Volucres
2764 1010 2878 1065 cazli
2908 1011 3128 1082 superbi
3154 1021 3280 1068 sunt
3319 1013 3421 1069 ιιοα

1831 1102 2029 1167 mines,
2060 1101 2153 1171 qui
2182 1099 2354 1156 inflati
2377 1108 2543 1158 vento
2578 1101 2877 1172 jactantiae,
2928 1106 3078 1175 quasi
3126 1122 3223 1177 per
3263 1107 3423 1166 inane

1830 1197 1975 1253 aeris
2011 1196 2328 1263 efferuntur,
2374 1205 2429 1254 et
2461 1197 2684 1254 humilia
2723 1197 3049 1269 despiciunt,
3095 1216 3220 1258 cum
3262 1201 3425 1261 altius

1829 1291 2130 1347 elevantur.
2156 1290 2407 1348 Volucres
2430 1292 2575 1348 enim
2598 1307 2630 1348 a
2661 1292 2842 1349 volatu
2877 1293 3070 1350 crebro
3091 1295 3249 1352 dicta:
3276 1304 3425 1354 sunt.

1831 1380 2007 1438 Pisces
2034 1398 2169 1440 vero
2194 1384 2351 1439 maris
2400 1382 2755 1455 philosophos
2800 1384 3035 1443 fortasse
3082 1387 3425 1458 signiﬁcant,

1829 1478 1920 1548 qui
1942 1476 2102 1548 hujus
2146 1476 2333 1533 mundi
2358 1486 2609 1534 naturam
2654 1478 2886 1534 erratica
2934 1479 3251 1535 curiositate
3293 1494 3421 1552 per-

1829 1576 2081 1627 tractant.
2119 1569 2254 1625 Nam
2303 1570 2442 1626 sicut
2492 1569 2570 1626 illi
2619 1570 2793 1642 posita
2842 1570 3021 1626 fronte
3071 1572 3267 1627 itinera
3312 1570 3421 1627 sibi

1829 1669 2081 1719 reserant
2099 1662 2274 1733 pelagi
2298 1661 2650 1719 inundatione
2678 1662 2921 1730 confusa,
2952 1665 3024 1719 ita
3050 1672 3108 1720 et
3133 1664 3224 1720 isti
3246 1666 3425 1737 capite

1830 1755 2072 1813 demisso
2093 1770 2264 1814 venas
2291 1770 2476 1813 rerum
2498 1757 2709 1813 ratione
2738 1755 2993 1826 humana,
3022 1757 3241 1814 assiduo
3273 1758 3425 1816 labo-

1828 1864 1892 1908 re
1920 1851 2264 1922 perquirunt.
2291 1849 2399 1907 Sed
2430 1864 2554 1906 cum
2574 1851 2682 1907 sint
2704 1851 2881 1922 pisces
2906 1860 2961 1907 et
2983 1852 3285 1919 ﬂuminum,
3311 1868 3420 1910 non

153 1932 695 2008 credulitatem'Deus,
716 1942 770 1995 in
800 1956 866 1997 eo
891 1942 1034 2013 quod
1057 1942 1219 1997 homo
1241 1950 1325 1997 est
1352 1941 1547 2010 factus,
1578 1942 1730 1998 exal-
1757 1942 1810 2006 B
1833 1952 1990 1999 vacat
2028 1942 2173 2015 quod
2219 1943 2307 1998 hic
2347 1924 2559 2013 posuit,
2610 1945 2797 2012 maris,
2830 1954 3051 2016 propter
3079 1960 3175 2001 eos
3203 1945 3293 2016 qui
3322 1946 3429 2002 sibi

153 2042 277 2089 tatus
313 2035 541 2106 accepit.
572 2034 782 2092 Corona
813 2037 956 2093 enim
985 2035 1133 2091 orbis
1181 2035 1384 2092 circulo
1411 2045 1728 2107 competen-

154 2135 226 2183 ter
251 2138 485 2199 aptatur,
523 2131 776 2200 quoniam
807 2130 871 2186 ad
896 2130 1011 2201 ejus
1040 2130 1448 2188 similitudinem
1476 2133 1727 2189 universa

153 2223 317 2279 mundi
336 2224 653 2281 extremias
677 2223 903 2281 formata
927 2235 1028 2284 est.

211 2316 358 2376 Vers.
386 2320 444 2377 8.
476 2319 544 2374 Et
574 2322 884 2378 constituisti
915 2339 1030 2378 eum
1075 2338 1230 2395 super
1277 2338 1436 2396 opera
1479 2308 1727 2381 manuum

151 2420 355 2469 tuarum.
408 2412 598 2468 Omnia
627 2414 890 2486 subjecisti
926 2416 1018 2471 sub
1051 2417 1264 2487 pedibus
1307 2420 1438 2490 ejus.
1468 2418 1727 2490 Superius

149 2508 205 2564 de
229 2508 394 2579 gloria
424 2508 546 2580 ejus
565 2517 619 2566 et
645 2509 851 2567 honore
872 2519 1149 2568 narratum
1172 2521 1257 2568 est
1284 2531 1295 2565 ε
1333 2528 1478 2570 nunc
1503 2515 1723 2583 ponitur

150 2606 193 2653 et
217 2608 475 2668 potestas,
510 2608 569 2656 ut
596 2611 918 2672 agnoscatur
947 2602 1148 2659 Christi
1180 2604 1392 2659 Domini
1421 2604 1723 2675 maiestatis

151 2690 527 2761 perfectissima
560 2692 854 2761 plenitudo.
890 2694 1128 2750 Dicendo
1154 2695 1319 2764 enim,
1370 2696 1542 2767 Super
1570 2714 1728 2769 opera

152 2799 374 2837 manuum
403 2783 848 2850 tunrum,omnis
886 2784 963 2838 illi
1002 2795 1248 2842 creatura
1294 2786 1536 2857 subjecta
1574 2803 1729 2844 mon-

152 2883 368 2941 stratur;
406 2872 538 2943 quia
567 2873 708 2928 sicut
736 2890 766 2929 a
796 2874 1011 2931 Domini
1047 2890 1213 2946 opere
1253 2877 1391 2932 nihil
1438 2887 1521 2935 est
1572 2894 1730 2936 exce-

152 2976 313 3035 ptum,
365 2968 444 3023 ita
488 2980 590 3023 nec
639 2982 672 3023 a
717 2976 985 3038 potestate
1005 2968 1210 3025 Christi
1240 2969 1438 3039 aliquid
1466 2972 1729 3041 probatur

151 3072 253 3114 esse
278 3059 541 3127 divisum,
572 3060 771 3129 quippe
798 3061 890 3131 qui
952 3060 1287 3129 judicaturus
1317 3072 1399 3118 est
1442 3064 1727 3120 mundum.

154 3149 368 3209 Dicenda
394 3153 544 3208 enim
583 3153 777 3221 omnia,
832 3168 936 3210 nec
965 3163 1181 3210 terrena
1211 3155 1424 3212 videtur
1444 3157 1725 3226 excepisse

154 3260 242 3301 nec
290 3261 513 3317 supera;
559 3248 699 3303 sicut
734 3246 804 3303 de
858 3249 960 3303 hoc
1013 3248 1130 3303 loco
1169 3256 1396 3305 testatur
1434 3249 1724 3319 Apostolus

1831 2037 2086 2095 videntur
2111 2050 2233 2093 esse
2260 2036 2558 2107 sapientes.
2590 2036 2790 2095 Verum
2819 2039 2908 2095 isti
2949 2040 3104 2108 tales,
3132 2054 3431 2112 eorumque

1832 2130 2041 2187 similes
2069 2128 2284 2185 Domini
2306 2128 2534 2200 pedibus
2553 2128 2781 2187 feliciter
2805 2130 3185 2202 subjiciuntur,
3210 2131 3431 2204 quando

1830 2223 1900 2279 ad
1942 2222 2266 2281 Christiana:
2322 2223 2573 2279 venerint
2639 2222 2918 2294 religionis
2971 2224 3246 2282 affectum.
3290 2225 3431 2291 Nam

1830 2314 1960 2373 licet
2007 2315 2084 2372 illi
2126 2314 2307 2371 omnia
2358 2313 2483 2385 jure
2530 2314 2917 2372 dominationis
2968 2315 3223 2373 inclinem
3266 2317 3423 2383 sint,

1830 2408 1953 2467 illos
1982 2416 2165 2466 tamen
2212 2406 2442 2465 dicimus
2470 2410 2690 2479 proprie
2731 2408 3028 2479 subjectos,
3057 2410 3149 2479 qui
3195 2409 3267 2466 ad
3310 2409 3429 2481 ejus

1831 2518 1970 2562 onus
1996 2503 2114 2560 leve
2134 2512 2190 2561 et
2210 2502 2399 2574 jugum
2421 2517 2585 2560 suave
2606 2505 2888 2574 pervenire
2908 2512 3250 2560 meruerunt.
3446 2570 3447 2573 η

1894 2597 2047 2655 Vers.
2075 2598 2166 2654 ﬂ.
2190 2596 2433 2667 Domine,
2456 2597 2712 2655 Dominus
2734 2608 2924 2665 noster,
2952 2614 3107 2670 quam
3126 2596 3429 2655 admirabile

1830 2699 1905 2747 est
1930 2707 2117 2747 nomen
2146 2700 2292 2747 tuum
2318 2693 2375 2747 in
2404 2692 2642 2747 universa
2668 2692 2835 2748 terra!
2862 2692 3155 2761 Postquam
3179 2692 3431 2747 incarna-

1828 2782 2034 2838 tionem
2072 2782 2288 2837 Domini
2335 2782 2568 2850 Christi,
2623 2791 2677 2837 et
2727 2781 3145 2838 resurrectionis
3192 2780 3429 2851 gloriam

1830 2886 2017 2931 sancta
2048 2876 2291 2931 Ecclesia
2320 2875 2445 2929 laeta
2473 2875 2728 2941 cantavit,
2756 2874 2906 2928 illum
2931 2887 3149 2928 versum
3180 2872 3248 2927 de
3271 2873 3433 2930 laude

1830 2969 2045 3024 Domini
2083 2968 2283 3038 repetit
2311 2976 2473 3037 quem
2504 2965 2640 3022 dixit
2668 2966 2724 3022 in
2749 2966 2947 3035 capite.
2974 2963 3224 3036 Congrue
3250 2964 3428 3034 siqui-

1829 3061 1951 3117 dem
1977 3060 2299 3131 principium
2327 3059 2427 3129 ipsi
2468 3059 2755 3128 deputatur
2803 3066 2858 3113 et
2904 3057 3060 3125 ﬁnis,
3109 3057 3223 3128 qui
3257 3056 3326 3112 de
3368 3070 3431 3114 se

1828 3155 1964 3211 dixit
1996 3174 2010 3207 :
2042 3152 2162 3227 Ego
2199 3172 2313 3210 sum
2340 3156 2501 3223 alpha
2524 3164 2574 3210 et
2622 3171 2800 3225 omega
2828 3153 3015 3224 (Apoc.
3046 3170 3065 3209 1
3086 3195 3102 3221 ,
3155 3151 3238 3225 8),
3260 3152 3317 3208 id
3343 3160 3431 3209 est

1828 3245 2045 3301 initium
2095 3255 2149 3301 et
2187 3245 2328 3301 ﬁnis.
2377 3245 2481 3302 Sed
2512 3245 2766 3316 quoniam
2796 3245 2976 3301 divina
3003 3244 3170 3300 verba
3200 3244 3429 3302 fecunda

154 3338 368 3394 celestis
392 3338 673 3408 expositor
704 3355 719 3393 :
750 3338 819 3393 In
848 3355 906 3394 eo
929 3340 1063 3394 enim
1083 3341 1137 3395 in
1162 3356 1263 3411 quo
1286 3342 1332 3396 ei
1363 3342 1534 3396 omnia
1550 3343 1724 3415 subje-
1752 3322 1805 3394 α
1830 3346 1990 3404 sunt,
2022 3336 2128 3392 alia
2151 3336 2308 3393 nobis
2338 3344 2677 3394 sacramenta
2703 3344 3087 3409 progenerant.
3113 3336 3431 3407 Signiﬁcant

154 3427 234 3494 cit,
264 3429 389 3483 nihil
418 3431 617 3484 dimisit
648 3446 750 3484 non
774 3432 1063 3504 subjectum
1089 3434 1135 3487 ei
1161 3431 1361 3505 (Hebr.
1390 3449 1451 3506 n,
1482 3434 1561 3506 8).
1589 3434 1724 3491 Nam

154 3519 321 3575 etalio
345 3521 463 3576 loco
481 3521 593 3592 36
612 3521 743 3576 dicit
765 3540 778 3575 :
810 3522 1035 3578 Adorate
1057 3538 1192 3592 eum,
1226 3541 1399 3579 omnes
1418 3528 1587 3597 angeli
1612 3531 1731 3599 ejus

156 3606 315 3679 (Psal.
347 3627 487 3676 xcvr,
520 3612 599 3683 8).
638 3612 855 3668 Addidit
883 3630 897 3668 :
922 3615 1018 3668 sub
1044 3615 1255 3684 pedibus
1302 3619 1434 3687 ejus,
1462 3624 1522 3672 ut
1548 3618 1726 3674 omnis

154 3713 385 3759 creatura
406 3707 601 3762 merito
624 3707 798 3776 ipsum
827 3708 1008 3763 colere
1031 3715 1193 3777 atque
1226 3708 1455 3765 adorare
1478 3708 1726 3766 videatur

154 3806 439 3853 auctorem.
472 3798 540 3855 Et
588 3800 799 3871 respice
833 3800 1015 3857 omnia
1052 3800 1166 3856 suis
1217 3800 1353 3858 locis
1388 3802 1558 3859 fuisse
1612 3819 1731 3860 ser-

154 3895 285 3945 vata.
332 3890 496 3958 Quem
544 3892 694 3962 prius
722 3905 937 3963 propter
966 3893 1326 3951 humilitatem
1351 3897 1530 3952 carnis
1561 3899 1723 3968 paulo

156 3982 319 4039 minus
364 3985 432 4041 ab
488 3986 699 4057 angelis
763 3988 973 4043 dixerat
1019 4002 1141 4044 esse
1192 3988 1554 4057 minoratum;
1604 3998 1727 4060 post

160 4077 512 4134 ascensionem
554 4078 685 4134 dicit
722 4079 948 4149 pedibus
990 4079 1107 4149 ejus
1137 4082 1318 4137 omnia
1347 4080 1513 4136 fuisse
1541 4082 1728 4152 subje-

165 4171 270 4234 cta,
314 4177 367 4224 ut
412 4170 515 4225 ista
567 4170 859 4239 distinctio,
906 4181 961 4228 et
1005 4171 1335 4228 dubietatem
1374 4173 1729 4230 titubantibus

165 4255 385 4327 auferat,
412 4270 467 4315 et
494 4261 725 4331 gloriam
757 4271 956 4319 sanctte
980 4263 1363 4319 incarnationis
1385 4263 1651 4320 ostendat.

225 4349 368 4409 Vers.
396 4352 448 4409 9.
476 4354 611 4409 Oves
639 4364 685 4410 et
716 4356 882 4425 boves,
913 4357 1122 4427 insuper
1149 4364 1195 4412 et
1222 4372 1409 4426 pecora
1437 4356 1627 4428 campi.
1659 4356 1723 4415 In

164 4439 252 4497 hoc
272 4455 320 4500 et
346 4447 448 4503 alio
472 4462 639 4529 versu
659 4450 750 4519 qui
778 4450 1042 4519 sequitur,
1072 4457 1449 4518 argumentum
1470 4456 1558 4505 est
1582 4449 1728 4521 quod

165 4533 336 4593 dicitur
362 4554 456 4608 per
477 4542 973 4597 enumerationem.
1011 4540 1205 4596 Verum
1235 4541 1351 4597 haec
1392 4550 1449 4598 et
1488 4540 1595 4596 alia
1624 4556 1726 4598 no-

164 4625 321 4694 mina,
371 4645 490 4702 qua
545 4639 864 4703 sequuntur,
926 4631 1213 4701 allegorice
1267 4630 1417 4688 dicta
1463 4632 1725 4689 debemus

1832 3431 1978 3489 enim
2007 3436 2063 3485 et
2103 3428 2228 3485 illos
2257 3444 2487 3500 quorum
2515 3428 2624 3484 vita
2652 3428 2849 3485 divinis
2878 3427 3195 3483 muneribus
3216 3436 3271 3483 et
3298 3426 3430 3483 reti-

1830 3526 1994 3597 giosis
2035 3524 2290 3595 auspiciis
2319 3522 2568 3580 inchoata
2591 3563 2608 3592 ,
2640 3522 2696 3579 in
2718 3523 2932 3579 Domini
2960 3520 3278 3578 credulitate
3298 3532 3429 3591 per-

1830 3618 2048 3674 mansit.
2086 3616 2240 3673 Unde
2276 3624 2459 3673 mente
2506 3616 2851 3673 condendum
2897 3623 2980 3671 est
3023 3613 3168 3669 hunc
3192 3626 3313 3669 esse
3348 3626 3419 3669 ex

1834 3712 1915 3766 his
1969 3711 2201 3781 primum
2242 3710 2512 3781 psalmum
2567 3709 2658 3780 qui
2706 3724 2766 3767 se
2812 3708 3135 3780 repetitione
3162 3721 3421 3764 versuum

1831 3801 2208 3859 sacramentali
2257 3800 2544 3858 iteratione
2596 3800 3012 3874 congeminant;
3058 3800 3204 3874 quod
3245 3806 3302 3858 et
3350 3798 3424 3857 de

1832 3895 1956 3952 aliis
1978 3895 2097 3954 loco
2124 3910 2224 3953 suo
2250 3902 2620 3967 competenter
2642 3894 2939 3951 edicemus.

2364 4029 2641 4088 Conclusio
2686 4032 2896 4103 psalmi.

1904 4164 1982 4221 De
2028 4164 2237 4221 duabus
2273 4165 2485 4220 naturis
2536 4164 2749 4220 Domini
2793 4163 3016 4231 Christi,
3060 4170 3116 4220 et
3162 4163 3436 4221 secundus

1832 4255 2095 4329 psalmus,
2127 4266 2182 4313 et
2212 4256 2313 4312 iste
2339 4255 2508 4313 locuti
2537 4265 2666 4311 sunt
2699 4273 2712 4311 :
2743 4255 2993 4328 quamvis
3032 4261 3089 4312 et
3118 4253 3211 4312 alii
3239 4254 3431 4313 subse-

1834 4356 2067 4421 quantur
2093 4365 2105 4403 :
2130 4348 2186 4406 id
2213 4359 2297 4407 est
2316 4390 2332 4417 ,
2366 4350 2656 4420 vigesimus
2678 4391 2693 4417 ,
2735 4349 3171 4421 septuagesimus
3193 4351 3427 4422 primus,

1833 4441 2192 4513 octogesimus
2221 4442 2451 4513 primus,
2475 4440 2807 4498 centesimus
2832 4441 3066 4513 primus,
3099 4442 3434 4503 centesimus

1833 4550 2031 4602 nonus,
2071 4545 2128 4593 et
2170 4537 2497 4593 centesimus
2524 4537 2833 4593 tricesimus
2871 4546 3123 4606 octavus;
3156 4547 3215 4593 ut
3235 4538 3434 4595 obscu-

1835 4644 1953 4685 rum
2004 4629 2108 4684 iter
2156 4629 2319 4699 hujus
2364 4630 2545 4684 saeculi
2589 4630 2920 4699 gradientes,
2979 4629 3135 4701 quasi
3182 4628 3431 4701 plurimis

169 4721 409 4791 “Cipere,
433 4741 503 4782 ne
533 4735 655 4796 post
682 4726 973 4781 rationales
997 4737 1274 4782 creaturas
1304 4727 1731 4797 incompetenter
1754 4716 1812 4781 1)
1836 4721 2171 4793 lampadibus
2197 4723 2451 4789 incensis,
2482 4721 2534 4776 in
2568 4721 2851 4779 haareticas
2872 4731 3057 4779 cautes
3086 4722 3306 4777 minime
3326 4737 3427 4779 va-

169 4822 341 4877 pecora
367 4818 449 4873 vel
473 4818 723 4889 jumenta
752 4819 999 4889 posuisse
1035 4818 1301 4874 videatur.
1339 4818 1467 4873 Oves
1495 4820 1727 4877 electum

168 4904 399 4971 populum
429 4906 739 4980 significant
763 4909 1159 4976 Christianum,
1187 4908 1325 4964 sicut
1354 4911 1409 4965 in
1437 4909 1729 4980 Evangelia

168 4990 404 5054 Dominus
429 5001 595 5058 Petro
608 5000 1002 5071 dicitapostolo
1018 5019 1031 5055 :
1050 5001 1216 5056 Pasce
1240 5017 1356 5059 oves
1382 5018 1518 5056 meas
1544 5002 1726 5073 (Joan.

170 5097 271 5152 ιιι,
297 5090 404 5161 i8).
426 5093 531 5162 Qui
570 5093 692 5150 ideo
719 5103 1101 5163 comparantur
1129 5094 1338 5162 ovibus,
1358 5094 1612 5165 quoniam
1643 5108 1725 5163 se,

172 5188 436 5243 instante
464 5186 696 5243 Domino
716 5228 733 5255 ,
766 5187 984 5244 innoxia
1012 5188 1419 5244 conversatione
1442 5188 1729 5245 moderan-

172 5278 275 5339 tur;
317 5278 506 5335 deinde
532 5281 659 5351 quia
704 5280 893 5336 mundi
938 5281 1158 5336 exuvias
1183 5282 1303 5338 sine
1341 5283 1521 5353 aliquo
1565 5296 1729 5338 sensu

171 5360 351 5423 doloris
390 5371 660 5428 amittunt.
691 5372 823 5427 Nam
877 5373 1016 5428 sicut
1062 5372 1170 5427 ovis
1196 5374 1511 5430 tondentem
1537 5387 1597 5430 se
1618 5387 1727 5431 non

172 5453 421 5531 increpat,
472 5464 542 5519 ita
571 5481 672 5523 nec
696 5466 872 5537 justus
899 5467 1242 5536 cupiditatem
1286 5483 1345 5525 se
1374 5468 1727 5538 exspoliantis

171 5558 390 5609 accusat.
432 5555 592 5611 Boves
641 5569 817 5615 autem
869 5561 1249 5631 praedicatores
1293 5560 1602 5630 designant,
1636 5562 1730 5631 qui

174 5637 386 5701 humana
414 5659 627 5718 pectora
647 5652 912 5709 mandatis
934 5655 1240 5710 caelestibus
1278 5664 1587 5720 exarantes,
1618 5654 1731 5708 vir-

176 5740 329 5791 tutum
378 5756 604 5799 messem
630 5750 933 5817 germinare
976 5748 1239 5805 fecerunt.
1273 5747 1381 5804 Nec
1407 5758 1559 5802 vacat
1585 5747 1729 5816 quod

174 5822 322 5895 dicit,
352 5831 578 5904 insuper,
612 5838 735 5909 quia
794 5854 899 5895 non
945 5839 1118 5897 solum
1162 5841 1237 5895 illi
1288 5839 1456 5896 sancti
1497 5838 1729 5909 subjecti

176 5929 308 5989 sum,
335 5924 432 5981 sed
460 5926 617 5988 etiam
641 5944 972 6005 peccatores.
1005 5934 1162 6006 Smpe
1191 5936 1334 5993 enim
1357 5936 1423 5994 de
1453 5935 1728 5994 conversis

1835 4815 2043 4871 leamus
2064 4814 2691 4885 incidere.{Quapropter
2715 4814 2850 4871 tanti
2872 4811 3116 4869 beneﬁcii
3139 4827 3435 4885 cognosca-

1835 4923 1957 4965 mus
1997 4919 2297 4964 auctorem.
2352 4908 2501 4965 Unus
2547 4916 2630 4965 est
2666 4908 2811 4965 enim
2863 4907 3122 4963 Dominus
3159 4905 3437 4979 Christus,

1834 5001 2044 5073 genitus
2070 5016 2137 5056 ex
2168 5001 2327 5058 Patre
2375 5002 2495 5058 sine
2541 5008 2802 5071 tempore,
2852 5007 3011 5055 natus
3034 5014 3101 5056 ex
3130 5011 3303 5057 matre
3332 4999 3439 5059 sub

1835 5104 2101 5165 tempore.
2135 5095 2295 5151 Prius
2325 5096 2585 5152 mundum
2629 5093 2834 5149 creavit
2869 5106 2943 5149 ex
2965 5092 3156 5162 nihilo,
3193 5102 3314 5165 post
3349 5096 3438 5153 in-

1837 5190 1981 5259 genti
2005 5186 2257 5243 liberavit
2282 5188 2476 5243 exitio.
2506 5184 2653 5240 Talis
2681 5190 2763 5241 est
2802 5185 2948 5242 enim
2979 5184 3077 5241 Dei
3108 5195 3163 5243 et
3190 5187 3435 5246 hominis

1837 5278 1975 5336 facta
2022 5281 2317 5345 connexio,
2358 5288 2417 5334 ut
2459 5286 2747 5349 utrumque
2792 5280 3094 5352 integrum,
3130 5290 3426 5353 utrumque

1839 5388 2155 5452 permaneat
2178 5380 2295 5434 sine
2315 5375 2491 5447 aliqua
2516 5374 2833 5434 confusione
2858 5378 3190 5434 distinctum.
3243 5379 3432 5449 Neque

1843 5472 1986 5526 enim
2029 5480 2120 5525 aut
2167 5469 2421 5525 divinitas
2467 5468 2816 5539 impassibilis
2860 5470 3059 5526 mutari
3105 5471 3300 5542 potuit,
3340 5478 3435 5528 aut

1842 5564 2148 5619 humanitas
2178 5560 2353 5628 aliud,
2377 5560 2482 5615 nisi
2515 5570 2572 5617 ut
2602 5563 2878 5618 meliorata
2912 5577 3126 5632 semper
3163 5566 3430 5635 maneret,

1842 5656 2066 5725 accepit.
2086 5654 2176 5710 Sic
2201 5653 2342 5709 enim
2372 5667 2534 5710 verus
2575 5663 2738 5725 atque
2780 5657 3122 5727 omnipotens
3163 5655 3434 5710 mediator

1840 5749 2063 5806 eiiectus
2088 5754 2194 5813 est,
2225 5755 2283 5801 ut
2306 5747 2399 5818 qui
2423 5747 2481 5804 in
2507 5746 2681 5803 forma
2728 5747 2824 5801 Dei
2869 5746 3015 5801 Patri
3043 5754 3159 5800 erat
3184 5745 3432 5813 aequalis,

1843 5842 1996 5899 ﬁeret
2026 5850 2082 5897 et
2109 5838 2266 5896 nobis
2293 5840 2475 5897 carnis
2524 5839 2894 5908 assumptione
2939 5834 3258 5892 consimilis.
3286 5832 3344 5884 in
3371 5842 3437 5888 se

1840 5936 1986 5994 enim
2014 5948 2332 6009 permanere
2376 5935 2507 5995 fecit
2544 5934 2757 6007 juncta,
2788 5945 2908 6004 quae
2931 5926 3107 5987 voiuit
3132 5937 3256 5983 esse
3284 5921 3446 6007 pado;
