4064 6360
558 451 632 511 79
1574 449 1580 456 ’
1763 447 1838 506 M.
1884 441 2164 505 AUREL“
2200 439 2603 505 CASSIODORI
2931 455 2936 474 ‘
3759 452 3829 510 80

556 570 683 628 fles.
730 569 846 626 Hoc
889 542 976 626 est
1022 543 1136 641 spei
1173 539 1369 626 nostrae
1397 563 1666 637 singulare
1694 561 2023 635 praesidium,
2054 575 2140 616 re-
2169 558 2504 618 Aadventus
2547 560 2630 617 sui
2676 561 2758 630 pia
2803 558 3204 632 dispensatione
3248 559 3531 618 destruxit.
3576 561 3828 619 Secunda

559 662 884 732 demptionis
912 661 1210 718 indebitum
1251 672 1466 727 munus,
1516 655 1708 712 mortis
1757 655 2002 722 exitium,
2035 654 2146 708 vita

557 753 892 809 sanctorum.
943 750 1112 819 Quale
1177 750 1342 819 enim,
1381 761 1547 819 rogo,
1595 761 1762 818 genus
1793 754 1877 802 est
1905 746 2142 817 pietatis,

559 853 622 901 ut
649 843 741 902 ille
789 843 1100 915 angelorum
1142 843 1405 899 Dominus
1445 855 1616 912 usque
1643 839 1710 895 ad
1748 839 1974 894 formam
2003 839 2144 894 servi

540 915 728 994 'fuerit
769 936 954 992 venire
998 935 1277 1007 dignatus,
1327 940 1387 988 ut
1439 947 1586 988 mors
1636 945 1756 986 cum
1799 938 2020 986 auctore
2050 942 2147 984 suo

563 1029 778 1086 diabolo
807 1029 1137 1095 vinceretur,
1168 1027 1260 1098 qui
1303 1023 1560 1082 mundum
1589 1025 1701 1080 suis
1740 1022 1968 1079 vinculis
1998 1033 2150 1078 tene-

561 1120 658 1177 bat
685 1120 1011 1176 obnoxium?
1034 1117 1187 1175 Unde
1206 1118 1395 1174 beatus
1424 1116 1740 1173 Ambrosius
1764 1115 2021 1187 hymnum
2043 1113 2147 1169 Na-

563 1212 688 1268 talis
721 1211 931 1268 Domini
955 1211 1274 1282 eloquentia:
1312 1225 1424 1266 suae
1451 1208 1818 1280 pulcherrimo
1841 1207 1974 1264 llore
1998 1221 2150 1264 com-

562 1303 740 1374 pinxit
765 1301 1026 1373 (Tom.V,
1049 1303 1190 1373 Itym.
1214 1302 1327 1370 24),
1355 1312 1411 1356 ut
1441 1301 1560 1371 pius
1589 1301 1842 1357 sacerdos
1873 1297 2149 1355 festivitati

564 1402 729 1450 tanta:
756 1395 974 1465 dignum
1001 1409 1195 1450 munus
1213 1393 1455 1449 otl'erret.
1488 1392 1577 1449 Ait
1621 1393 1767 1450 enim
1801 1410 1814 1446 :
1849 1390 2152 1447 Procedens

564 1487 635 1543 de
678 1487 915 1543 thalamo
959 1502 1058 1544 suo
1108 1488 1326 1557 pudoris
1369 1486 1489 1543 aula
1531 1489 1702 1558 regia,
1750 1486 1979 1558 gemina:
2005 1485 2154 1558 gigas

564 1566 907 1648 substantias,
937 1581 1132 1636 alacris
1152 1589 1211 1636 ut
1233 1589 1417 1637 currat
1435 1581 1602 1650 viam,
1625 1590 1678 1637 et
1698 1591 1892 1636 cetera
1923 1593 2042 1649 qua:
2065 1593 2154 1634 su-

562 1683 664 1740 pra
694 1670 984 1726 bumanum
1015 1672 1289 1743 ingenium
1339 1673 1420 1728 vir
1451 1681 1668 1728 sanctus
1721 1669 1974 1728 excoluit.
2019 1669 2154 1726 Nam

565 1761 750 1831 etipse
761 1777 1014 1819 numerus
1039 1764 1299 1834 ogdoadis
1321 1765 1377 1819 in
1403 1762 1695 1846 Scripturis
1713 1762 1910 1818 divinis
1933 1777 2152 1832 magna-

567 1867 688 1909 rum
719 1870 897 1911 rerum
933 1865 1270 1913 sacramenta
1307 1859 1586 1934 continere
1635 1856 1988 1938 dignoscitur.
2021 1855 2156 1912 Octo

567 1946 768 2001 etenim
817 1948 1012 2001 anima:
1068 1943 1324 2017 ingressas
1367 1939 1589 2004 sunt'in
1639 1945 1999 2016 a‘rcam’Noe,
2029 1963 2149 2018 quae
2179 1940 2230 2003 Β

568 2038 772 2094 mundo
817 2049 1075 2109 pereunte
1102 2042 1322 2098 salvatze
1352 2049 1478 2096 sunt
1509 2059 1524 2094 :
1557 2033 1779 2097 Octavus
1811 2041 1950 2096 ﬁlius
1977 2040 2150 2107 Jesse,

567 2129 738 2186 David
764 2132 881 2199 fuit,
914 2148 1074 2204 quem
1103 2149 1132 2188 a
1163 2135 1388 2191 Domino
1429 2143 1644 2190 constat
1662 2135 1929 2199 electum;
1964 2143 2154 2189 octavo

567 2224 730 2279 etiam
761 2225 849 2282 die
892 2227 1234 2283 circumcisio
1266 2227 1582 2296 puriﬁcahat
1609 2227 1896 2294 Hebrzeos;
1937 2237 2150 2291 octavo,

570 2315 627 2370 id
651 2326 734 2373 est
762 2318 1035 2376 dominico
1073 2321 1160 2376 die
1190 2319 1447 2376 Dominus
1492 2321 1727 2377 surrexit
1753 2334 1785 2374 a
1817 2319 2064 2390 mortuis,
2097 2318 2153 2374 in

568 2420 676 2476 quo
708 2409 927 2466 humani
956 2412 1170 2481 generis
1208 2426 1334 2481 spes
1378 2411 1447 2465 ab
1497 2411 1801 2481 impiorum
1834 2409 2047 2468 infer-no
2073 2409 2180 2465 ‘in-

571 2501 836 2556 cmlorum
867 2503 1176 2558 estelavata
1217 2503 1510 2574 fastigium.
1553 2502 1656 2558 Istc
1685 2493 2182 2558 atttem'nunierus'

569 2599 656 2645 cst
675 2607 831 2660 quem
857 2594 1186 2650 arithmetici
1216 2604 1339 2651 actu
1367 2595 1599 2665 primum
1630 2587 1947 2664 quadrantal
1973 2589 2156 2664 appel-

575 2681 711 2751 lant,
746 2700 906 2756 quem
945 2687 1219 2744 Philolaus
1247 2687 1636 2760 Pythagoricus
1667 2685 2000 2742 harmoniam
2029 2698 2156 2756 geo-

569 2777 848 2832 metricam
893 2792 1084 2847 vocat;
1118 2797 1184 2836 eo
1215 2781 1356 2852 quod
1396 2797 1585 2839 omnes
1616 2782 1670 2836 in
1717 2781 1837 2852 ipso
1877 2777 2158 2836 videantur

569 2861 899 2923 harmonicaa
927 2871 1217 2927 convenire
1248 2873 1502 2928 rationes.
1731 2907 1734 2910 ~
1926 2913 1932 2918 -
2003 2897 2008 2916 ί
2109 2893 2112 2896 ’

877 2979 1242 3040 EXPOSITIO
1280 2983 1342 3038 ΙΝ
1386 2984 1716 3042 PSALMUM
1757 2973 1846 3040 IX.
1917 2989 1923 3004 '

587 3077 598 3085 ’
689 3074 694 3078 ’
776 3089 846 3144 lu
873 3085 1027 3159 ﬁnem
1055 3111 1149 3163 pro
1172 3097 1380 3150 occultis
1402 3097 1498 3164 ﬁlii
1518 3077 1741 3168 psalmus
1763 3097 1950 3154 David.
2003 3169 2008 3175 .
2119 3083 2124 3086 l

644 3204 792 3260 Finis
838 3205 942 3262 iste
973 3183 1098 3278 quid
1123 3209 1390 3280 signiticet
1433 3226 1578 3281 saepe
1630 3213 1741 3282 jam
1791 3213 1993 3269 dictum
2043 3221 2154 3284 est,

569 3309 680 3352 non
712 3297 764 3351 in
790 3312 899 3368 quo
919 3299 1122 3367 deﬁcit,
1154 3300 1250 3355 sed
1283 3302 1334 3356 in
1363 3315 1468 3371 quo
1497 3303 1777 3370 crescitur,
1813 3318 1880 3359 ex
1901 3318 2008 3374 quo
2029 3319 2157 3362 vere
2183 3320 2234 3388 α

571 3400 910 3455 reparantur,
937 3391 1026 3460 qui
1059 3391 1212 3446 nobis
1243 3391 1452 3448 initium
1474 3393 1760 3463 bonorum,
1789 3397 2050 3453 terminus
2072 3405 2158 3453 est

570 3476 870 3544 malorum;
903 3479 970 3534 ad
999 3495 1158 3551 quem
1185 3481 1360 3540 Judaei
1390 3497 1498 3558 non
1531 3485 1875 3556 perveniunt,
1897 3487 2154 3557 quoniam

573 3581 670 3624 sua
695 3570 1070 3628 incredulitate
1093 3574 1369 3630 deﬁciunt.
1401 3576 1505 3647 37
1533 3575 1642 3632 Pro
1659 3578 1870 3632 occultis
1897 3577 2016 3646 ﬁlii,
2039 3594 2158 3648 per-

573 3673 761 3718 SOnam
785 3662 1046 3732 signiﬁcat
1065 3664 1275 3722 Domini
1303 3667 1616 3724 Salvatoris.
1649 3668 1782 3724 Nam
1811 3684 1930 3724 cum
1961 3684 2157 3727 nomen

573 3751 788 3820 aliquod
818 3754 884 3808 ad
915 3771 1074 3826 quem
1108 3759 1374 3826 pertineat
1404 3775 1510 3815 non
1545 3760 1786 3830 ponitur,
1821 3775 2044 3817 necesse
2075 3771 2156 3818 est

572 3851 634 3896 ut
661 3845 760 3898 hoc
789 3844 988 3900 dictum
1020 3848 1087 3904 de
1116 3849 1427 3905 summitate
1455 3851 1632 3920 aliqua
1665 3852 1951 3906 sentiatur.
1981 3852 2154 3922 Supra

572 3936 718 3990 enim
749 3937 838 3992 ubi
887 3939 1049 3995 voluit
1077 3941 1329 3997 Absalom
1381 3941 1642 4010 intelligi,
1674 3943 2032 4010 pronuntiavit
2059 3941 2155 3997 ﬁlii

573 4029 684 4094 sui;
716 4030 800 4085 hic
830 4047 956 4086 vero
1003 4032 1146 4103 quod
1177 4034 1246 4089 ad
1297 4034 1550 4105 unigeniti
1581 4034 1744 4090 Verbi
1776 4035 1966 4091 relierri
2015 4036 2160 4091 desi-

570 4118 780 4176 deravit
819 4124 1329 4180 excellentissimam
1359 4126 1749 4194 summitatem,
1783 4125 1914 4180 Filii
1951 4135 2156 4183 tantum

569 4210 725 4278 dixit,
751 4213 842 4281 qui
870 4223 954 4270 est
969 4216 1310 4286 omnipotens
1331 4225 1490 4286 atque
1513 4217 1952 4275 inenarrabiliter
1969 4220 2156 4288 Filius,

571 4310 874 4358 coaeternus
901 4305 1065 4370 Patri,
1095 4305 1294 4360 faciens
1317 4322 1438 4376 quas
1467 4309 1578 4363 vult
1601 4309 1654 4364 in
1679 4309 1819 4365 cmlo
1839 4318 1893 4366 et
1914 4311 1967 4365 in
1993 4319 2156 4369 terra.

568 4387 746 4445 Simili
780 4393 941 4448 modo
965 4394 1020 4446 in
1051 4394 1344 4466 Evangelio
1386 4397 1586 4454 dictum
1615 4387 1698 4455 est
1735 4418 1746 4451 :
1777 4401 1837 4454 Si
1866 4415 1953 4455 vos
1984 4401 2159 4457 Filius

573 4480 879 4550 liberaverit,
910 4491 1028 4538 tunc
1056 4499 1170 4540 uere
1191 4486 1336 4540 liberi
1366 4489 1503 4544 eritis
1533 4489 1712 4562 (Joan.
1756 4506 1871 4558 vm,
1897 4491 2012 4564 36).
2043 4493 2160 4551 Non

571 4575 714 4630 enim
759 4575 832 4632 ibi
862 4587 1108 4633 secutum
1137 4588 1240 4646 est,
1289 4580 1418 4649 Dei,
1455 4582 1554 4638 sed
1603 4591 1808 4639 tantum
1837 4586 2158 4645 vocabulum

569 4668 743 4738 ipsum
801 4683 993 4738 purum
1041 4671 1158 4728 sine
1190 4674 1366 4744 aliqua
1423 4677 1726 4744 adiectione
1777 4678 1992 4734 sufﬁcit.
2045 4680 2154 4736 Pro
2182 4706 2239 4769 Β

561 4763 783 4826 occultis
804 4771 982 4820 autem
1014 4764 1246 4834 positum
1275 4776 1358 4822 est
1389 4783 1614 4824 numero
1640 4769 1863 4838 plurali,
1895 4773 2016 4842 quia
2047 4789 2156 4830 non

557 4867 758 4940 .unum,
790 4855 886 4910 sed
915 4855 1111 4926 duplex
1133 4857 1223 4914 hic
1251 4862 1594 4930 cognoscitur
1629 4877 1752 4922 esse
1801 4873 2154 4940 mysterium;

567 4946 838 5015 signiﬁcat
879 4948 1023 5005 enim
1078 4951 1500 5008 incarnationem
1549 4954 1767 5012 Domini
1809 4967 1865 5014 et
1916 4960 2154 5020 futurum

566 5039 826 5109 judicium
845 5081 862 5110 ,
892 5042 1184 5113 de'quibus
1225 5044 1604 5126 psalmusiste
1632 5049 1875 5110 dicturus
1913 5063 2016 5111 est.
2046 5056 2154 5113 Sed

564 5131 677 5202 jam
709 5132 1014 5190 humanitas
1063 5135 1262 5194 Christi
1300 5139 1638 5198 manifestata
1669 5143 2020 5217 dignoscitur,
2051 5167 2150 5208 cu-

563 5223 657 5297 jus
677 5226 854 5315 adhuc
877 5226 1144 5299 judicium
1169 5231 1488 5288 sustinetur.
1516 5235 1620 5292 Sed
1641 5251 1762 5294 cum
1784 5241 2032 5300 audimus
2051 5262 2145 5315 pro

570 5314 809 5384 occultis,
839 5317 1082 5387 praebere
1109 5318 1370 5377 debemus
1396 5323 1658 5382 intentum
1695 5330 1936 5387 animum
1963 5314 2152 5391 lectio-

571 5405 668 5497 ni;
694 5415 754 5462 ut
781 5408 958 5478 nobis,
981 5409 1202 5479 juvante
1241 5414 1492 5487 Domino,
1515 5433 1845 5492 reserentur,
1875 5439 1993 5495 quae
2014 5439 2155 5497 pra:-

571 5495 820 5554 dicuntur
839 5500 1069 5556 occulta.
1427 5517 1431 5526 '

1136 5616 1334 5675 Divisio
1383 5626 1592 5692 psalmi.
1629 5597 1634 5602 ”

643 5721 810 5819 Totus
837 5726 924 5783 hic
950 5730 1185 5799 psaltnus
1224 5749 1257 5789 a
1299 5750 1532 5806 persona
1568 5731 1848 5815 propheta:
1877 5745 2150 5819 depromi-

573 5820 681 5909 tur.
707 5814 887 5872 Prima
915 5820 1248 5890 professione
1273 5826 1454 5886 laetum
1481 5845 1542 5888 se
1572 5814 1702 5892 dicit
1739 5814 1967 5894 Domino
1999 5840 2144 5909 psal-

575 5903 818 6002 liturum,
838 5913 1086 6008 quoniam
1115 5917 1359 6008 confudit
1384 5923 1678 6000 diabolum,
1704 5929 1856 5999 cujus
1879 5903 2145 5994 culturam
2194 5936 2200 5942 ’

583 5987 716 6001 ειη---.ο
739 5997 784 6002 —.
815 5999 818 6002 .

2249 663 2553 710 commonet
2581 653 2764 710 ﬁdeles
2793 662 2852 709 ut
2877 653 3104 725 psallant
3144 653 3390 721 Domino,
3421 655 3512 726 qui
3541 655 3749 712 habitat
3775 659 3830 713 in

2250 744 2406 812 Sion,
2433 745 2523 816 qui
2562 744 2800 801 vindicat
2839 745 3151 817 sanguinem
3199 762 3492 819 pauperum
3533 759 3590 805 et
3629 749 3837 804 exaltat

2248 850 2342 894 eos
2369 835 2436 892 de
2463 837 2631 908 portis
2663 839 2874 894 mortis.
2898 838 3080 896 Tertia
3120 841 3490 910 peccatoribus
3524 855 3647 896 eum
3677 843 3834 898 Anti-

2249 929 2454 986 christo
2491 930 2755 986 malorum
2784 931 2944 988 ﬁnem
2973 932 3103 989 dicit
3149 947 3271 992 esse
3299 923 3605 992 venturum.
3630 936 3837 1003 Quarta

2249 1022 2510 1078 malorum
2543 1023 2782 1094 ipsorum
2809 1022 3089 1084 nimietate
3119 1035 3413 1096 permotus,
3444 1041 3738 1083 conversus
3766 1027 3838 1084 ad

2253 1111 2563 1182 Dominum,
2593 1115 2746 1184 quasi
2787 1115 3077 1172 recessisse
3107 1115 3257 1173 illum
3287 1117 3418 1174 dicit
3454 1133 3482 1172 a
3523 1119 3841 1177 defensione

2251 1218 2566 1277 pauperum,
2599 1221 2720 1263 cum
2759 1207 2918 1265 malis
2955 1208 3114 1266 datur
3157 1209 3370 1267 licentia
3400 1215 3842 1285 praesumptionis

2252 1311 2385 1352 suae.
2432 1297 2626 1366 Quinta
2674 1297 2994 1369 deprecatur
3039 1308 3099 1356 ut
3144 1301 3409 1359 tremendi
3456 1304 3600 1361 illius
3643 1304 3837 1375 iudicii

2253 1395 2464 1460 tempus
2511 1389 2778 1458 adveniat,
2827 1400 3098 1463 quatenus
3139 1391 3259 1448 haec
3304 1394 3483 1450 omnia
3527 1394 3633 1453 ﬁne
3674 1398 3841 1453 celeri

2256 1480 2621 1552 transigantur
2653 1499 2668 1536 :
2700 1497 2770 1539 ne
2797 1482 3084 1554 cujuslibet
3127 1484 3360 1542 homini
3405 1486 3659 1558 iniquitas
3699 1487 3844 1546 ultra

2259 1574 2566 1644 praevaleat.
2594 1574 2738 1631 Talis
2762 1578 2905 1632 enim
2933 1576 3240 1648 malignitas
3265 1579 3409 1657 illips
3437 1581 3693 1649 temporis
3712 1581 3862 1658 θήκη

2258 1674 2317 1722 ut
2350 1682 2510 1725 nemo
2559 1667 2801 1724 ﬁdelium
2839 1677 2986 1739 optet
3017 1670 3201 1725 mundi
3249 1680 3490 1742 tempora
3527 1670 3754 1740 diﬁerri,
3791 1673 3846 1730 in

2259 1777 2366 1835 quo
2393 1769 2538 1818 tanta
2569 1747 2710 1818 mala
2739 1765 3049 1836 cognoverit
3080 1766 3313 1821 actitari.

2793 1875 3064 1946 Expositio
3109 1878 3311 1949 psalmi.

2328 1985 2482 2043 Vers.
2516 1987 2566 2041 i.
2594 1988 2884 2059 Conﬁtebor
2910 1991 3026 2057 tibi,
3054 1989 3291 2058 Domine,
3310 1992 3364 2045 in
3386 1999 3490 2046 toto
3515 1993 3668 2047 corde
3689 2007 3806 2048 meo
3827 2009 3847 2045 :

2256 2080 2476 2134 narrabo
2505 2082 2676 2134 omnia
2714 2081 2975 2138 mirabilia
3015 2091 3124 2138 tua.
3162 2082 3231 2138 In
3257 2093 3364 2140 toto
3394 2086 3547 2140 corde
3569 2086 3850 2156 conﬁtetur

2257 2173 2562 2242 Dominum,
2607 2175 2696 2245 qui
2743 2175 2904 2230 nullis
2954 2177 3240 2232 mundanis
3285 2177 3695 2248 cogitationibus
3737 2163 3882 2234 Ωιι(

2255 2277 2430 2336 cluat;
2460 2269 2602 2338 quod
2652 2270 3012 2340 perfecturum
3060 2286 3181 2327 esse
3233 2285 3338 2326 non
3369 2271 3588 2328 dubium
3619 2280 3725 2341 est,
3752 2273 3852 2344 qni

2258 2368 2316 2417 et
2343 2360 2622 2431 originalis
2665 2363 2871 2432 peccati
2915 2362 3042 2418 vitia
3071 2371 3126 2417 et
3153 2363 3519 2434 suggestiones
3565 2378 3853 2435 per-versas

2257 2454 2542 2525 spirituum
2588 2455 2889 2526 malorum,
2933 2455 3161 2512 Domino
3216 2465 3532 2527 praestante,
3575 2457 3850 2515 vicerunt.

2259 2544 2534 2616 Sequitur,
2586 2547 2808 2602 narrabo
2857 2547 3029 2602 omnia
3075 2547 3329 2603 mirabilia
3364 2557 3475 2604 tua.
3511 2549 3661 2617 Quis,
3690 2565 3852 2624 rogo,

2258 2647 2438 2709 potest
2462 2639 2641 2693 omnia
2674 2638 2935 2694 mirabilia
2975 2638 3153 2695 divina
3193 2653 3435 2708 narrare,
3466 2656 3584 2708 qua:
3607 2640 3855 2711 quotidie

2259 2729 2316 2784 in
2345 2729 2485 2785 euelo
2523 2738 2580 2784 et
2621 2731 2677 2784 in
2714 2738 2854 2784 terra
2896 2729 3064 2786 virtus
3111 2731 3228 2800 ejus
3271 2731 3556 2800 operatur?
3583 2731 3689 2787 Sed
3719 2747 3854 2788 usus

2260 2819 2659 2891 Scripturarum
2698 2827 2783 2877 est
2820 2835 2915 2890 per
2942 2821 3316 2893 synecdochen
3349 2821 3594 2893 ﬁguram,
3623 2839 3742 2893 quae
3769 2824 3854 2879 si-

2258 2911 2475 2981 gniﬁcat
2515 2929 2544 2966 a
2569 2899 2700 2993 'Itot'o
2728 2912 3170 2994 partemndicere
3198 2903 3398 2983 omnia,
3429 2905 3856 2994 dum'compreé

2221 3023 2226 3028 ο
2262 2999 2424 3056 hendi
2469 2989 2738 3070 nequeant
2765 2989 3204 3076 'universa..Sed
3246 2997 3303 3059 ut
3343 3001 3428 3060 de'
3453 2989 3637 3060 multis
3681 2991 3854 3061 unum

2261 3083 2442 3148 dicere
2468 3091 2768 3157 videamur,
2809 3091 2937 3160 quid
2980 3091 3275 3149 mirabilius
3323 3101 3480 3163 quam
3530 3091 3626 3165 pro
3659 3089 3880 3152 'salitte‘

2262 3180 2483 3236 humani
2528 3183 2744 3253 generis
2785 3179 2953 3236 Deum
2999 3181 3450 3240 inconfusihiliter
3477 3184 3853 3254 humanatum,

2263 3280 2319 3326 et
2347 3271 2436 3340 qui
2465 3270 2550 3325 hic
2573 3270 2842 3340 judicatus
2862 3281 2964 3340 est,
2999 3272 3173 3344 ipsum
3203 3273 3270 3329 ad
3295 3273 3480 3331 orbem
3499 3273 3856 3344 iudicandum

2262 3378 2385 3419 esse
2411 3364 2730 3418 venturum?

2288 3465 2293 3476 ‘
2333 3453 2486 3509 Vers.
2515 3455 2571 3508 2.
2601 3454 2839 3510 Ltetabor
2864 3464 2912 3509 et
2933 3455 3196 3510 exsultabo
3217 3456 3271 3510 in
3297 3465 3377 3525 te;
3400 3456 3622 3528 psallam
3653 3460 3858 3514 nomini

2263 3552 2368 3611 tuo,
2402 3544 2684 3601 Altissime.
2715 3545 2831 3602 Non
2861 3546 2913 3601 in
2936 3545 3038 3604 hoc
3066 3547 3286 3616 saeculo,
3319 3547 3408 3604 ubi
3438 3549 3689 3606 lethifera
3709 3551 3857 3607 laeti-

2264 3635 2337 3691 tia
2381 3645 2495 3705 est;
2541 3652 2646 3694 non
2697 3637 2754 3693 in
2803 3638 3188 3697 ambitionibus
3238 3640 3445 3708 mundi,
3489 3640 3581 3698 ubi
3626 3653 3854 3713 peccata

2261 3740 2441 3782 amara
2473 3730 2658 3785 suavia
2690 3739 2844 3793 sunt;
2878 3729 2971 3785 sed
3011 3731 3066 3784 in
3098 3742 3164 3794 te,
3199 3731 3287 3787 ubi
3315 3746 3564 3788 securum
3593 3735 3853 3805 gaudium

2263 3833 2476 3890 semper
2519 3823 2682 3876 sumit
2724 3829 3087 3891 augmentum.
3129 3822 3254 3878 Plus
3294 3833 3377 3879 est
3405 3825 3550 3880 enim
3589 3828 3854 3884 exsultare

2263 3925 2424 3979 quam
2469 3911 2655 3966 (tutari.
2702 3910 2980 3968 Exsultare
3006 3924 3089 3970 est
3117 3916 3261 3970 enim
3297 3916 3461 3972 animi
3509 3925 3565 3974 et
3604 3920 3854 3989 corporis

2264 4002 2468 4071 majore
2492 4012 2638 4058 motu
2664 4003 3048 4074 jucund’tssima
3077 4005 3323 4064 libertate
3351 4009 3604 4079 gaudere.
3627 4011 3848 4070 Gratias

2264 4109 2478 4164 quoque
2526 4110 2586 4152 se
2632 4093 2876 4152 acturum
2913 4089 3194 4167 pollicetur
3237 4101 3533 4173 Altissimo,
3563 4106 3655 4174 qui
3683 4119 3853 4178 supra

2265 4187 2447 4242 omnia
2477 4189 2733 4257 probatur
2758 4190 3020 4255 excelsus,
3043 4191 3194 4262 'quod
3216 4207 3338 4249 eum
3361 4193 3430 4250 ab
3456 4196 3688 4252 inimicis
3709 4199 3851 4264 suis,

2264 4279 2378 4336 sive
2408 4282 2732 4350 carnalibus,
2763 4283 2877 4340 sive
2919 4283 3311 4354 spiritualibus,
3341 4287 3571 4345 liberare
3599 4290 3855 4361 dignatus

2265 4382 2391 4429 est:
2425 4375 2762 4444 promittens,
2813 4375 2951 4431 sicut
2995 4376 3199 4433 dictum
3245 4387 3345 4446 est,
3395 4391 3450 4436 et
3484 4383 3742 4452 operibus
3788 4399 3853 4442 se

2266 4463 2515 4534 Domino,
2545 4475 2597 4523 et
2623 4481 2756 4523 voce
2782 4470 3018 4523 cantare.
3383 4527 3402 4540 ,

2341 4559 2492 4614 Vers.
2526 4562 2578 4618 3.
2612 4558 2681 4614 In
2711 4549 3044 4617 cent'ertendo
3071 4562 3334 4618 inimicum
3355 4581 3518 4620 meum
3543 4577 3852 4640 retrorsum,

2265 4649 2661 4719 inﬁrmabuntur
2699 4661 2746 4707 et
2780 4654 2972 4724 perierit
3000 4672 3032 4708 a
3069 4655 3202 4726 facie
3231 4665 3340 4711 tua.
3370 4657 3625 4722 Quamvis
3649 4662 3857 4720 multos

2264 4737 2510 4796 inimicos
2536 4740 2802 4808 habuerit,
2848 4752 3025 4799 tamen
3071 4744 3157 4801 hic
3204 4747 3363 4803 modo
3403 4749 3617 4806 Saulem
3647 4766 3857 4810 conve-

2263 4831 2475 4887 nienter
2499 4831 2849 4888 advertimus.
2897 4833 3198 4890 Retrorsum
3226 4839 3369 4894 enim
3399 4833 3556 4909 dixit,
3586 4845 3709 4913 quia
3739 4861 3854 4903 non

2263 4923 2438 4991 potuit
2470 4921 2715 4979 obtinere
2755 4925 2895 4994 quod
2939 4925 3138 4994 voluit;
3187 4931 3282 4984 sed
3324 4933 3492 5002 magis
3522 4944 3724 5004 quanto
3758 4935 3856 4997 ille

2263 5015 2510 5084 nequiter
2553 5015 2989 5085 persequebatur,
3019 5025 3166 5074 tanto
3201 5019 3302 5076 iste
3332 5023 3614 5080 tolerando
3641 5025 3854 5096 impro-

2261 5104 2388 5162 bum
2409 5105 2600 5175 justior
2621 5107 2931 5177 apparebat.
2955 5108 3160 5166 Etcum
3189 5113 3338 5180 prius
3363 5113 3625 5171 inimicum
3647 5116 3858 5177 dixerit

2263 5210 2489 5251 numero
2517 5196 2798 5270 singulari,
2830 5199 2917 5255 hic
2944 5199 3075 5255 dicit
3111 5201 3512 5270 inﬁrmabuntur
3543 5223 3565 5260 :
3591 5208 3714 5277 quia
3744 5225 3853 5266 rex

2260 5295 2574 5356 persecutor
2605 5297 2744 5356 erat,
2774 5289 2866 5360 qui
2897 5289 3198 5349 voluntates
3224 5307 3349 5349 suas
3378 5293 3559 5352 multis
3586 5297 3855 5357 famulan-

2261 5379 2405 5435 tibus
2443 5381 2721 5437 exerehat.
2763 5383 3099 5454 Quapropter
3135 5399 3370 5456 congrue
3407 5386 3610 5445 dictum
3646 5398 3730 5446 est
3768 5393 3856 5447 in-

2261 5469 2618 5541 ﬁrmabuntur,
2667 5473 2789 5544 quia
2839 5473 2934 5529 Dei
2983 5474 3258 5532 voluntate
3307 5493 3496 5535 omnes
3542 5480 3854 5541 inefﬁcaces

2259 5563 2583 5633 generaliter
2623 5565 2963 5620 exstiterunt.
3007 5563 3078 5619 Et
3121 5567 3313 5636 perierit
3349 5585 3381 5622 a
3410 5570 3547 5640 [acie
3579 5583 3689 5640 tua,
3717 5573 3850 5631 dum

2256 5667 2358 5724 ego
2387 5654 2454 5710 ad
2483 5664 2535 5710 te
2565 5655 2759 5710 devota
2788 5663 2967 5711 mente
2995 5657 3266 5728 confugio.
3295 5659 3516 5730 Iniquus
3545 5665 3692 5719 enim
3718 5677 3851 5724 ante

2255 5745 2444 5803 faciem
2489 5755 2656 5814 tuam,
2695 5747 2748 5800 id
2791 5755 2874 5803 est
2902 5756 3028 5803 ante
3061 5750 3286 5819 gratiam
3333 5761 3498 5825 tuam,
3531 5770 3636 5812 non
3672 5760 3843 5816 venit.

2255 5842 2377 5914 quia
2399 5839 2736 5912 persequitur
2761 5841 3122 5896 innocentem.

2224 5957 2268 5987 ,ι
2327 5936 2479 5993 Vers.
2513 5935 2563 5990 4.
2602 5933 2854 6000 Quoniam
2881 5933 3046 6007 fecisti
3061 5936 3325 6011 judicium
3352 5955 3521 5998 meum
3548 5951 3598 5999 et
3626 5959 3844 6003 causam

4057 1529 4061 1626 ἐ
