4064 6360
196 380 275 453 st
1171 387 1532 451 exposmo
1566 388 1640 449 tu
1671 362 2129 479 asstrnntuu.
2170 386 2361 447 PSAL.
2402 387 2494 447 ut.
3410 387 3479 448 ss

199 521 374 567 meam
399 519 422 567 :
447 505 591 564 sedes
632 518 784 581 super
826 506 1066 563 thronum
1103 509 1193 579 qui
1228 511 1438 581 judicas
1475 510 1787 583 (equitatem.
1815 510 1866 570 Α
1892 504 2175 563 testatione
2204 507 2500 575 convictos,
2524 516 2751 579 quorum
2778 512 2995 579 pectora
3019 505 3265 565 diabolus
3290 508 3344 563 in
3372 508 3478 566 hoc

199 601 343 658 Cum
381 600 491 656 duo
533 614 601 654 ex
641 597 854 655 diversa
904 606 1055 670 parte
1104 600 1421 673 conﬂigunt,
1460 617 1684 659 necesse
1708 608 1791 657 est

200 707 376 748 unum
421 690 722 758 olt'endere,
756 705 879 746 cum
926 692 1156 748 alterum
1199 692 1481 763 contigerit
1526 694 1790 749 obtinere.

203 784 440 841 Probata
482 798 612 855 ergo
657 782 932 854 prophetae
970 799 1152 853 causa,
1182 785 1363 842 odium
1392 786 1557 842 fuisse
1584 793 1797 842 constat

206 877 424 934 adversi
456 892 472 930 :
502 876 628 947 quia
678 890 789 931 non
828 885 1039 947 poterat
1068 887 1379 948 persecutor
1407 879 1638 946 placere,
1669 891 1794 934 cum

209 970 509 1027 decreverit
539 970 797 1025 Dominus
836 984 959 1026 eum
988 970 1079 1040 qui
1110 971 1274 1041 impie
1314 970 1657 1041 premebatur
1684 971 1793 1027 eri-

207 1078 359 1134 pere.
391 1062 498 1120 Sed
522 1078 644 1119 cum
670 1063 819 1131 dicit,
841 1063 1103 1137 judicium
1123 1079 1290 1120 meum
1311 1072 1359 1119 et
1377 1079 1587 1120 causam
1607 1078 1790 1131 meam,

206 1168 524 1225 prosperam
575 1154 678 1211 sibi
730 1164 956 1212 testatur
1004 1157 1171 1214 fuisse
1223 1158 1565 1213 sententiam.
1607 1156 1699 1213 Sic
1741 1164 1799 1213 et

208 1246 526 1319 navigantes
552 1261 706 1302 suum
731 1256 950 1304 ventum
976 1248 1182 1317 dicunt,
1208 1248 1422 1320 quando
1449 1247 1553 1304 illis
1573 1254 1798 1304 eventus

206 1338 583 1408 prosperitatis
609 1337 869 1394 arriserit.
898 1338 1060 1394 Sedes
1080 1342 1236 1412 super
1261 1338 1540 1393 thronum:
1568 1336 1797 1394 Domino

211 1429 412 1486 dicitur
439 1429 674 1497 Christo,
708 1432 798 1499 qui
828 1445 971 1487 nunc
1014 1430 1169 1487 sedet
1200 1430 1269 1487 ad
1295 1430 1570 1487 dexteram
1597 1429 1797 1499 Patris,

208 1522 358 1578 unde
387 1530 640 1578 venturus
667 1533 751 1578 est
789 1522 1031 1593 iudicare
1058 1523 1209 1579 vivos
1238 1531 1296 1580 et
1334 1531 1597 1578 mortuos.
1638 1521 1799 1577 Sedes

211 1625 415 1686 autem,
457 1616 753 1687 prophetiae
780 1616 1000 1684 virtute,
1043 1630 1282 1687 praesens
1328 1616 1527 1671 dictum
1573 1622 1657 1670 est
1702 1627 1801 1683 pro

210 1704 415 1763 futuro.
442 1705 575 1762 Nam
619 1706 917 1763 sessionem
947 1707 1106 1763 istam
1134 1705 1202 1761 ad
1239 1706 1661 1762 incarnationem
1696 1704 1802 1758 Do-

211 1797 347 1851 mini
374 1795 647 1866 pertinere
678 1794 1027 1851 manil‘estum
1057 1804 1164 1861 est,
1194 1808 1314 1865 qua:
1341 1793 1517 1849 adhuc
1544 1792 1634 1848 illo
1662 1800 1800 1848 tem-

1894 597 2116 663 saeculo,
2148 606 2400 669 tanquam
2442 613 2553 655 suae
2593 601 2828 656 civitatis
2876 601 3095 668 moenia,
3142 599 3476 672 possidebat.

1895 689 2062 747 Periit
2088 700 2267 748 autem
2302 695 2548 748 memoria
2574 710 2747 749 eorum
2774 711 2890 749 cum
2916 697 3107 751 sonitu.
3136 694 3266 751 Cum
3307 695 3482 750 sonitu

1895 798 2047 851 vero,
2094 799 2217 841 cum
2262 785 2498 843 clamore
2526 789 2758 843 maximo
2787 789 2950 855 dicit;
2989 790 3133 859 quod
3174 787 3293 844 ﬁeri
3338 788 3482 844 solet

1896 877 2113 948 quando
2136 891 2224 934 res
2255 892 2529 949 prosperae
2557 878 2878 949 gravissimo
2908 879 3014 935 ﬁne
3047 879 3391 948 clauduntur,
3420 886 3482 935 ut

1897 983 1998 1025 nec
2020 976 2259 1039 potestas
2285 984 2471 1025 eorum
2510 969 2758 1026 videatur
2800 984 3099 1037 remanere,
3130 984 3231 1025 nec
3259 983 3479 1026 nomen.

1892 1056 2113 1119 Intuere
2133 1061 2584 1133 quemadmodum
2614 1063 2669 1119 in
2699 1060 3061 1131 pulcherrima
3081 1062 3485 1133 comparatione

1897 1156 2212 1225 permansit,
2240 1162 2301 1210 ut
2332 1155 2575 1211 civitates
2604 1167 2738 1225 quas
2782 1153 3084 1210 destructas
3122 1152 3357 1224 dixerat,
3389 1165 3484 1209 eas

1900 1260 2020 1303 cum
2050 1247 2231 1304 sonitu
2259 1256 2549 1305 testaretur
2578 1260 2818 1304 eversas.

1970 1338 2127 1395 Vers.
2158 1340 2215 1394 ’1.
2245 1338 2313 1394 Et
2339 1340 2591 1397 Dominus
2616 1341 2670 1394 in
2692 1350 2937 1397 teternum
2957 1344 3240 1409 permanet.
3271 1336 3486 1391 Paravit

1898 1434 1955 1488 in
1974 1431 2180 1503 judicio
2206 1432 2377 1487 sedem
2404 1447 2572 1487 suam.
2600 1430 2807 1488 Decora
2848 1430 3009 1486 nimis
3047 1438 3276 1499 aptaque
3303 1426 3485 1481 diver-

1899 1522 2057 1579 sitas.
2078 1521 2214 1590 Quia
2242 1521 2453 1578 dixerat
2478 1521 2674 1592 impios
2700 1521 2901 1592 perire,
2933 1519 3063 1576 dicit
3089 1532 3232 1575 nunc
3249 1519 3303 1573 in
3330 1523 3485 1572 teter-

1901 1631 2027 1670 num
2050 1614 2332 1669 Dominum
2374 1631 2708 1686 permanere;
2738 1614 2880 1686 quod
2926 1612 3114 1668 audire
3165 1611 3355 1667 nolunt
3394 1609 3490 1680 qui

1902 1706 2148 1764 Creatori
2194 1722 2292 1763 suo
2329 1709 2507 1778 pravis
2547 1707 2766 1763 ausibus
2794 1707 3131 1763 restiterunt.
3162 1702 3270 1759 Sed
3298 1702 3487 1759 confu-

1904 1800 2052 1871 giant
2089 1800 2157 1856 ad
2193 1800 2479 1855 Dominum
2525 1800 2951 1865 misericordem,
2997 1814 3066 1853 ne
3108 1798 3385 1867 patiantur
3407 1795 3494 1851 di-

212 1900 347 1957 pore
376 1900 486 1944 non
514 1887 796 1943 videbatur
824 1886 1033 1942 eﬂ‘ecta.
1068 1885 1329 1940 Thronum
1348 1884 1611 1955 signiﬁcat
1631 1884 1802 1939 tribu-
1827 1904 1879 1967 Β
1906 1892 2150 1947 strictum
2191 1889 2454 1960 iudicem.
2497 1888 2732 1956 Paravit,
2778 1890 2880 1945 hoc
2918 1898 3001 1944 est
3044 1889 3185 1943 Deus
3215 1886 3404 1951 homo;
3435 1893 3496 1941 ut

214 1980 305 2035 nal
330 1979 496 2035 futuri
517 1979 725 2050 iudicii,
750 1979 805 2033 in
826 1993 933 2049 quo
956 1977 1213 2033 Dominus
1236 1977 1483 2032 Christus
1510 1973 1803 2044 maiestatis

217 2085 334 2127 suae
362 2071 663 2127 honorabili
690 2078 955 2141 potestate
987 2083 1235 2125 sessurus
1262 2074 1365 2123 est.
1402 2067 1619 2122 Judicas
1646 2065 1806 2130 tequi-

216 2169 393 2215 tatem.
417 2161 489 2215 Et
518 2161 605 2216 hic
627 2169 839 2231 tempus
866 2173 1102 2229 praesens
1130 2173 1231 2229 pro
1257 2158 1437 2214 futuro
1466 2158 1623 2212 dixit.
1657 2155 1807 2213 Judi—

215 2261 434 2307 caturus
471 2261 554 2307 est
599 2253 743 2307 enim
785 2250 1114 2321 aequitatem,
1148 2264 1269 2304 cum
1305 2248 1373 2304 ad
1401 2246 1805 2317 disceptandum

217 2350 345 2414 post
369 2342 529 2398 ﬁnem
559 2344 746 2398 mundi
775 2342 1054 2398 reluxerit.
1085 2342 1217 2410 Quae
1248 2342 1409 2412 ﬁgura
1441 2339 1635 2395 dicitur
1663 2339 1803 2409 idea,

200 2449 344 2491 cum
376 2436 615 2506 speciem
643 2436 721 2491 rei
749 2435 1113 2491 lulurtevelut
1142 2436 1322 2490 oculis
1351 2434 1656 2500 otl‘erentes,
1686 2448 1806 2489 mo-

204 2527 911 2589 iumanimiaconcitamus.‘
942 2527 1052 2584 Hoc
1076 2526 1332 2584 etiamin
1361 2525 1808 2597 subsequentibus

213 2618 384 2673 latius
410 2618 790 2687 explicabitur.
972 2666 979 2671 .
1130 2658 1135 2661 ς
1202 2651 1207 2657 -
1258 2654 1261 2657 λ
1376 2642 1377 2647 η

290 2707 457 2763 Vers.
490 2708 546 2762 5.
573 2707 861 2777 Increpasti
888 2716 1081 2779 gentes,
1106 2717 1156 2763 et
1184 2709 1334 2777 periit
1370 2708 1557 2777 impius
1574 2723 1605 2762 »:
1626 2722 1813 2761 nomen

216 2815 399 2855 eorum
435 2799 618 2853 delesti
646 2799 701 2852 in
743 2806 991 2852 internum
1020 2806 1068 2853 et
1094 2799 1151 2852 in
1178 2799 1417 2853 steculum
1449 2796 1647 2852 swculi.
1679 2798 1814 2854 Hinc

212 2890 332 2959 iam
364 2888 759 2943 saeratissimus
791 2888 998 2943 Domini
1043 2888 1313 2944 secundus
1346 2889 1610 2944 adventus
1640 2903 1815 2958 expo-

221 2980 393 3046 nitur,
437 2980 651 3051 quando
700 2980 1119 3049 increpabantur
1165 2988 1353 3051 gentes
1401 2980 1710 3045 incredulae,
1760 2988 1814 3035 et

220 3073 473 3129 diabolus
510 3087 631 3128 cum
654 3090 657 3095 ν
680 3072 1163 3129 machinationibus
1202 3072 1314 3129 suis
1354 3062 1549 3143 peribit
1574 3073 1627 3128 in
1656 3081 1809 3129 teter-

224 3181 381 3222 num.
423 3165 573 3222 Tunc
608 3166 753 3222 enim
797 3179 905 3222 non
952 3165 1251 3223 remanebit
1294 3165 1412 3236 eius
1456 3174 1815 3237 tempeatuosa

222 3258 576 3328 perversitas,
598 3258 812 3327 quando
833 3265 991 3314 erunt
1010 3257 1213 3325 omnia,
1246 3249 1474 3315 Demino
1503 3267 1813 3329 praestante,

231 3349 540 3419 tranquilla.
582 3349 719 3405 Nam
748 3350 866 3420 quis
906 3350 1134 3407 ulterius
1170 3349 1227 3405 in
1265 3364 1432 3421 regno
1472 3350 1681 3417 Domini
1723 3356 1815 3406 aut

227 3442 503 3499 diabolum
534 3442 795 3511 nominet,
824 3440 920 3498 aut
948 3442 1065 3513 eius
1108 3455 1388 3514 sequaces,
1419 3456 1540 3498 cum
1582 3441 1817 3497 Domini-

228 3549 354 3592 cam
393 3536 664 3594 civitatem
712 3550 813 3593 nec
853 3534 1151 3592 adversitas
1197 3534 1489 3598 concutiat,
1530 3548 1632 3589 nec
1677 3533 1818 3588 ullus

229 3628 409 3685 hostis
438 3629 679 3685 invadat?
708 3628 848 3698 Quid
894 3630 969 3684 sit
1012 3641 1227 3698 quoque
1268 3634 1519 3683 teternum
1565 3626 1820 3682 decenter

226 3720 538 3790 expositum
578 3730 693 3787 est,
738 3720 986 3776 saeculum
1026 3719 1222 3776 steculi.
1272 3719 1534 3775 chulum
1582 3716 1819 3773 futurum

229 3808 449 3865 Domini
494 3810 758 3881 signiﬁcat
808 3824 1053 3881 regnum,
1106 3808 1250 3879 quod
1297 3809 1441 3863 nulla
1483 3808 1592 3879 38
1639 3816 1818 3877 uitato,

235 3900 390 3957 nullo
427 3908 669 3972 tempore
713 3902 948 3958 ﬁnietur.
987 3901 1056 3957 Et
1085 3914 1154 3957 ne
1188 3901 1358 3972 possit
1386 3899 1570 3970 aliqua
1590 3898 1820 3969 permix-

234 3994 384 4051 tione
408 3996 683 4060 confundi,
708 3995 909 4050 dictum
940 4002 1045 4062 est,
1077 3994 1270 4061 surculi,
1316 3992 1368 4049 id
1407 3999 1489 4049 est
1527 3991 1689 4063 hujus
1714 4007 1821 4061 quo

235 4101 382 4141 nunc
408 4087 609 4143 utimur
637 4086 1011 4158 subsequium.
1056 4086 1200 4142 Istud
1227 4086 1373 4142 enim
1409 4084 1513 4141 sibi
1548 4085 1821 4140 redeundo

237 4177 501 4242 succedit,
527 4187 582 4233 et
610 4177 943 4249 temporibus
980 4178 1272 4245 exemptis,
1314 4175 1505 4230 annuis
1535 4175 1824 4229 revolutio-

237 4268 395 4325 uibus
422 4269 677 4336 iteratur;
705 4269 837 4324 illud
866 4276 1045 4323 autem
1073 4281 1181 4322 non
1206 4266 1273 4321 ad
1296 4265 1508 4320 initium
1537 4263 1699 4330 redit,
1727 4263 1822 4320 sed

234 4361 356 4417 sine
380 4363 555 4433 aliqua
579 4362 876 4418 mutatione
910 4361 1107 4433 iugiter
1134 4366 1460 4431 perseverat.
1490 4358 1824 4429 Quapropter

236 4455 489 4512 desinant
532 4457 769 4512 haeretici
813 4456 1013 4523 dicere,
1061 4454 1347 4525 aliquando
1386 4454 1655 4510 diabolum
1701 4467 1822 4509 cum

237 4548 559 4616 sequacibus
590 4550 701 4604 suis
741 4548 810 4603 ad
853 4547 1079 4619 gratiam
1121 4562 1279 4617 posse
1316 4549 1581 4614 revocari,
1612 4547 1823 4618 quando

238 4637 318 4693 sic
344 4638 620 4695 evidenter
654 4639 876 4695 audiunt
911 4652 1004 4695 eos
1041 4639 1096 4692 in
1130 4648 1399 4703 ceternum,
1429 4647 1476 4692 et
1500 4638 1555 4691 in
1580 4639 1824 4694 siccatum

238 4729 415 4784 amenti
443 4745 565 4786 esse
588 4730 940 4799 damnandos,
967 4739 1027 4786 ut
1054 4744 1155 4787 nec
1185 4729 1416 4786 nominis
1443 4743 1627 4787 eorum
1656 4731 1825 4801 possit

238 4835 522 4878 remanere
557 4822 863 4893 vestigium.

236 4944 247 4951 ο
313 4910 469 4972 Vers.
501 4917 554 4973 6.
586 4916 794 4972 Inimici
823 4918 1112 4988 defecerunt
1144 4918 1347 4988 framea:
1376 4917 1430 4971 in
1463 4917 1645 4985 finem,
1668 4923 1715 4970 et
1745 4917 1822 4971 ci-

235 5009 416 5062 uitates
443 5010 757 5064 destruxisti.
798 5008 963 5064 Periit
1001 5009 1245 5064 memoria
1277 5023 1455 5062 eorum
1482 5023 1598 5061 cum
1629 5007 1818 5062 sonitu.

240 5098 475 5172 Inimici,
520 5101 788 5173 genitivus
830 5116 987 5158 casus
1035 5113 1141 5167 est,
1179 5102 1232 5157 id
1280 5110 1361 5156 est
1408 5101 1627 5168 diaboli,
1673 5101 1827 5172 cuius

238 5191 463 5261 frameas
500 5193 741 5263 defecisse
784 5200 1035 5248 testatur.
1085 5190 1134 5244 F
1137 5207 1311 5247 ramea
1348 5193 1493 5247 enim
1531 5192 1826 5249 Hebraicus

239 5299 426 5342 sermo
454 5292 537 5342 est
556 5286 863 5359 signiﬁcans
887 5285 1122 5357 gladium
1149 5301 1257 5356 quo
1283 5285 1574 5351 hostisille
1597 5286 1826 5343 baccha-

241 5386 352 5432 tur.
381 5378 534 5444 Quod
565 5388 744 5435 autem
769 5378 927 5445 dixit,
950 5379 1004 5433 in
1031 5377 1205 5447 ﬁnem,
1235 5379 1624 5434 consummatio
1644 5378 1825 5435 saeculi

241 5471 406 5525 datur
453 5472 677 5543 intelligi
714 5471 971 5543 :quando
1013 5470 1182 5526 virtus
1226 5468 1427 5525 diaboli
1470 5470 1822 5541 omnipotenti

236 5564 336 5621 illo
365 5566 543 5634 gladio
574 5566 830 5637 probatur
858 5564 1118 5632 interimi,
1172 5564 1238 5621 de
1275 5579 1382 5634 quo
1415 5563 1547 5618 dixit
1577 5562 1631 5618 in
1660 5564 1827 5634 septi-

241 5672 335 5711 mo
366 5659 573 5726 psalmo
603 5675 618 5712 :
650 5658 770 5712 Nisi
802 5657 1188 5725 convertamini,
1222 5657 1449 5727 gladium
1478 5674 1627 5711 suum
1660 5656 1827 5711 vibra-

242 5747 315 5800 bit
342 5747 642 5827 (Psal.]tl,
681 5750 792 5819 l5),
824 5758 929 5804 etc.
973 5747 1209 5802 Civitates
1232 5758 1422 5807 autem
1454 5748 1585 5803 dicit
1611 5749 1827 5803 destru-

238 5850 382 5912 ctas,
414 5843 641 5915 populos
666 5841 930 5919 inﬁdeles
960 5842 1143 5903 ultima
1184 5841 1394 5903 Domini
1423 5842 1623 5913 Christi
1650 5846 1829 5903 mani.

1905 1982 1997 2052 qui
2040 1982 2126 2035 hic
2171 1981 2227 2036 in
2259 1981 2562 2037 humilitate
2588 1980 2856 2051 iudicatus
2885 1989 2987 2045 est,
3028 1979 3101 2034 ibi
3131 1979 3184 2034 in
3213 1977 3499 2046 majestate

1906 2089 2001 2129 sua
2029 2072 2366 2143 iudicaturus
2399 2073 2669 2129 adveniat.
2709 2074 2834 2129 Haec
2876 2081 3002 2127 sunt
3041 2087 3160 2142 quae
3198 2072 3384 2127 titulus
3413 2069 3499 2124 di-

1907 2163 2012 2233 xit,
2040 2163 2240 2218 occulta
2265 2163 2365 2234 ﬁlii
2391 2180 2411 2219 :
2430 2164 2554 2235 quia
2577 2163 2844 2221 inellabile
2870 2164 3069 2219 donum
3099 2170 3204 2228 est,
3236 2171 3293 2216 ut
3318 2161 3502 2215 humi-

1906 2256 2090 2313 liatam
2140 2258 2375 2312 hominis
2422 2266 2668 2312 naturam
2715 2266 2876 2328 atque
2924 2256 3224 2312 demersam
3274 2254 3500 2309 dextera

1906 2363 2021 2404 suae
2050 2349 2303 2418 potentiae
2335 2348 2401 2404 ad
2434 2350 2674 2405 scelestis
2701 2362 2866 2419 regna
2896 2348 3173 2404 levaverit.
3470 2336 3473 2341 λ

1980 2437 2135 2494 Vers.
2167 2439 2221 2495 8.
2254 2437 2321 2492 Et
2349 2440 2458 2508 ipse
2483 2438 2734 2505 iudicabit
2763 2439 2936 2494 orbem
2966 2448 3114 2493 terra:
3144 2438 3201 2490 in
3230 2436 3500 2507 (equitate,

1901 2527 2160 2601 judicabit
2186 2528 2407 2598 populos
2436 2544 2551 2583 cum
2589 2529 2817 2601 justitia.
2850 2527 2972 2599 Ipse
3010 2528 3191 2597 utique
3237 2525 3503 2581 Dominus

1911 2620 2178 2690 Christus,
2209 2621 2301 2691 qui
2329 2622 2415 2679 hic
2443 2614 2699 2691 patiendo
2729 2621 3066 2691 iniustitiam,
3100 2621 3170 2675 ibi
3201 2618 3378 2690 impiis
3407 2632 3506 2673 ve-

1910 2712 2108 2767 raciter
2142 2712 2338 2767 dicitur
2367 2713 2741 2777 demonstrare
2780 2711 3065 2781 iustitiam.
3100 2711 3286 2763 Orbem
3327 2719 3504 2772 terrte,

1915 2811 2131 2857 sanctos
2171 2804 2316 2857 viros
2358 2786 2926 2871 debemus‘a‘Ecipere,
2966 2802 3056 2870 qui
3103 2801 3170 2857 de
3208 2800 3503 2855 universali

1900 2891 2186 2960 Ecclesia,
2213 2893 2364 2960 quasi
2389 2892 2458 2948 de
2479 2907 2693 2948 corona:
2725 2892 2926 2957 circulo
2964 2903 3376 2961 congregantur.
3406 2890 3515 2945 Isti.

1918 2985 1973 3040 in
2002 2986 2253 3055 aequitate
2296 2978 2573 3053 iudicandi
2616 2990 2759 3051 sunt,
2802 2974 2995 3055 quibus
3044 2993 3261 3055 propter
3293 2984 3417 3040 ﬁdei
3446 2996 3509 3042 et

1916 3075 2233 3131 humilitatis
2258 3092 2371 3134 suae
2392 3077 2592 3133 bonum
2625 3077 2990 3134 misericordia
3015 3079 3230 3149 copiosa
3276 3086 3504 3149 praesta-

1915 3166 2081 3234 bitur,
2114 3166 2207 3237 qui
2231 3158 2462 3223 audituri
2491 3174 2618 3223 sunt
2650 3183 2662 3221 :
2703 3166 2902 3233 Venite,
2932 3168 3181 3222 benedicti
3206 3167 3383 3223 Patris
3403 3170 3509 3224 mei

1844 3296 1891 3362 C
1922 3258 2137 3333 (Matth.
2179 3274 2303 3328 xxv,
2356 3259 2473 3332 54),
2519 3269 2625 3317 etc.
2673 3259 2827 3316 Unde
2873 3259 3133 3316 Sedebant
3168 3278 3320 3362 super
3359 3260 3508 3317 sedes

1921 3349 2187 3405 duodecim
2226 3350 2518 3422 judicantes
2556 3350 2826 3405 duodecim
2873 3350 3036 3405 tribus
3074 3347 3243 3405 Israel
3284 3348 3519 3427 (Matth;

1920 3457 2033 3510 xxx,
2057 3443 2173 3512 28).
2204 3440 2399 3511 Populi
2427 3452 2607 3499 autem
2632 3441 2829 3499 debent
2856 3443 3025 3513 accipi
3054 3448 3392 3513 peccatores,
3411 3444 3508 3515 qui

1920 3531 2173 3601 operibus
2202 3532 2487 3589 diabolicis
2517 3546 2627 3589 non
2653 3531 2907 3589 videntur
2930 3532 3107 3589 exuti.
3130 3533 3222 3589 Isti
3259 3548 3383 3591 cum
3419 3536 3523 3604 iu-,

1921 3622 2069 3701 stitia
2089 3621 2367 3693 iudicandi
2398 3631 2545 3692 sunt,
2576 3624 2666 3695 qui
2704 3638 2801 3695 pro
2839 3612 3102 3699 factorum
3132 3616 3360 3682 suorum
3390 3608 3523 3684 sce-l

1921 3716 2033 3769 lere
2055 3708 2472 3785 damnabuntur,
2496 3714 2693 3785 quibus
2714 3707 2997 3773 dicendum
3014 3708 3136 3773 est:
3161 3708 3245 3773 Ite
3265 3720 3319 3774 in
3338 3722 3509 3792 igneus

1921 3816 2166 3861 ceternum
2217 3806 2431 3878 (Matth.
2476 3821 2605 3875 xxv,
2650 3807 2763 3879 41).
2810 3808 2901 3867 Sic
2949 3812 3156 3868 duobus
3202 3814 3510 3869 nominibus

1922 3901 2192 3972 aequitatis
2221 3910 2275 3957 et
2301 3902 2541 3973 iustitiae,
2574 3903 2889 3975 qualitatem
2927 3898 3073 3963 illam
3115 3906 3307 3976 iudicii
3347 3907 3510 3963 mira-

1908 3993 2018 4050 bili
2044 3993 2307 4051 brevitate
2324 3994 2632 4066 deseripsit.
3044 4020 3047 4023 -
3100 3996 3101 3999 “

1910 4110 1917 4113 ·
1997 4086 2153 4141 Vers.
2179 4087 2235 4142 9.
2262 4086 2331 4139 Et
2351 4087 2519 4155 factus
2549 4094 2620 4140 est
2641 4085 2895 4140 Dominus
2915 4080 3169 4155 refugium
3200 4103 3505 4156 pauperum,

1923 4176 2136 4244 adiutor
2180 4178 2234 4229 in
2281 4176 2740 4244 opportunitatibus
2784 4177 2840 4230 in
2887 4176 3235 4232 tribulatione.
3280 4178 3512 4249 Copiosa

1911 4280 2049 4337 spes
2073 4279 2365 4338 pauperum
2395 4274 2450 4323 et
2471 4268 2663 4338 magna
2688 4268 2938 4339 cogitatio
2960 4269 3295 4341 gaudiorum,
3327 4272 3509 4342 ipsum

1923 4360 2189 4431 refugium
2237 4354 2438 4417 habere
2474 4375 2634 4431 quem
2668 4360 2924 4431 iudicem.
2963 4360 3278 4421 Audivimus
3306 4379 3509 4437 paupe»

1923 4467 2063 4521 rem,
2108 4453 2203 4509 sed
2243 4466 2352 4510 non
2380 4466 2599 4509 omnem
2635 4462 2885 4523 putemus
2914 4454 3147 4523 inopem.
3178 4454 3391 4526 Pauper
3415 4457 3509 4512 ille

1925 4546 2021 4604 Dei
2052 4555 2156 4616 est,
2187 4546 2279 4616 qui
2308 4556 2519 4605 terrena
2549 4546 2841 4617 cupiditate
2869 4555 3147 4616 vacuatus,
3174 4547 3384 4604 cmlesti
3413 4547 3509 4603 de-

1927 4640 2130 4697 siderat
2165 4640 2409 4710 largitate
2444 4638 2731 4696 ditescere.
2779 4639 2845 4695 Et
2887 4654 2956 4695 ne
2998 4638 3366 4695 imbecillitate
3409 4652 3509 4695 sua

1930 4739 2279 4802 pavescerent
2316 4730 2479 4786 corda
2517 4729 2776 4799 ﬁdelium,
2814 4730 3058 4800 sequitur
3097 4729 3276 4800 magni
3321 4728 3509 4785 auxilii

1928 4823 2082 4879 ﬁrma
2126 4821 2412 4892 promissio
2442 4837 2457 4876 :
2487 4820 2712 4894 Adjutor
2750 4822 2805 4877 in
2844 4822 3304 4893 apporluttitatibus
3334 4816 3354 4876 ἐ
3384 4822 3510 4893 quia

1930 4914 2060 4970 illud
2078 4923 2162 4970 est
2180 4913 2505 4984 adiutorium
2526 4913 2915 4980 dulcissimum,
2936 4912 3075 4982 quod
3101 4913 3156 4970 in
3184 4914 3511 4970 necessitate

1930 5015 2232 5079 praestatur.
2265 5005 2545 5077 Ipsamque
2589 5006 2784 5061 iterum
2814 5005 3265 5075 opportunitatem
3291 5006 3512 5063 eviden-

1929 5109 2014 5157 ter
2037 5100 2320 5171 expressit,
2352 5098 2537 5156 dicens
2562 5115 2576 5152 :
2603 5096 2665 5152 In
2693 5097 3035 5167 tribulatione,
3059 5100 3273 5171 quando
3296 5101 3508 5158 animus

1929 5194 2248 5251 alﬂictorum
2293 5193 2361 5247 ad
2405 5189 2833 5261 compunctionis
2873 5192 3106 5248 studium
3135 5194 3341 5250 avidius
3368 5195 3511 5249 inci-

1931 5294 2093 5356 tatur,
2134 5285 2275 5341 sicut
2318 5285 2373 5338 in
2413 5283 2521 5338 alio
2549 5280 2753 5352 psalmo
2780 5281 3023 5339 dicturus
3050 5291 3132 5338 est
3163 5299 3178 5338 :
3211 5283 3402 5338 Invoco
3430 5299 3514 5339 me

1928 5379 1984 5434 in
2024 5377 2107 5432 die
2149 5373 2493 5431 tribulationis
2534 5370 2655 5443 tua',
2683 5381 2730 5429 et
2758 5374 2971 5445 eripiam
3015 5382 3082 5440 te,
3113 5381 3161 5427 et
3196 5372 3516 5443 gloriﬁcabis

1931 5486 2008 5526 me
2032 5467 2208 5541 (Psal.
2239 5481 2382 5533 xux,
2416 5465 2530 5536 15).
2592 5454 2609 5479 ²
3502 5491 3537 5535 u’

1938 5592 1943 5596 ι
2003 5564 2158 5619 Vera.
2187 5561 2271 5616 10.
2306 5560 2371 5615 Et
2393 5572 2590 5633 sperent
2609 5564 2665 5618 in
2685 5570 2734 5617 te
2758 5578 2929 5618 omnes
2948 5563 3037 5633 qui
3065 5576 3318 5620 noverunt
3333 5580 3525 5622 nomen.

1933 5666 2077 5711 tuum
2106 5671 2125 5709 :
2148 5656 2388 5724 quoniam
2407 5670 2509 5710 non
2538 5656 2843 5726 derelinquis
2871 5662 3154 5725 quaerentes
3175 5665 3242 5721 te,
3267 5656 3530 5712 Bomine.‘

1933 5749 2151 5819 Sperent
2192 5746 2246 5800 in
2289 5758 2335 5800 te
2371 5761 2390 5800 :
2420 5748 2750 5804 non’smculi
2797 5747 3159 5802 blandimenta
3200 5748 3517 5816 respiciant,

1933 5843 2025 5905 sed
2048 5843 2102 5903 in
2129 5849 2220 5900 tua
2241 5842 2601 5915 promissione
2625 5839 2918 5903 conﬁdant.
2946 5838 3045 5907 Qui
3066 5845 3310 5897 noverunt
3329 5849 3534 5917 nantem
