  <div class='ocr_page' id='page_1' title='image "/cluster/home/n/w/nwhite01/storage/ocr_20150623/70/hvd.32044015469356/047.png"; bbox 0 0 4016 6344; ppageno 0'>
   <div class='ocr_carea' id='block_1_1' title="bbox 1761 375 2612 450">
    <p class='ocr_par' dir='ltr' id='par_1_1' title="bbox 1761 375 2612 450">
     <span class='ocr_line' id='line_1_1' title="bbox 1761 375 2612 450; baseline -0.007 -10"><span class='ocrx_word' id='word_1_1' title='bbox 1761 381 1850 450; x_wconf 71' lang='grc' dir='ltr'><strong>Μ.</strong></span> <span class='ocrx_word' id='word_1_2' title='bbox 1896 375 2178 440; x_wconf 70' lang='grc' dir='ltr'><strong>Αυηεω</strong></span> <span class='ocrx_word' id='word_1_3' title='bbox 2211 375 2612 437; x_wconf 79' lang='lat' dir='ltr'><strong>CASSIODORI</strong></span> 
     </span>
    </p>
   </div>
   <div class='ocr_carea' id='block_1_2' title="bbox 3755 385 3826 442">
    <p class='ocr_par' dir='ltr' id='par_1_2' title="bbox 3755 385 3826 442">
     <span class='ocr_line' id='line_1_2' title="bbox 3755 385 3826 442; baseline 0 0"><span class='ocrx_word' id='word_1_4' title='bbox 3755 385 3826 442; x_wconf 76' lang='grc'><strong>84</strong></span> 
     </span>
    </p>
   </div>
   <div class='ocr_carea' id='block_1_3' title="bbox 559 463 3829 574">
    <p class='ocr_par' dir='ltr' id='par_1_3' title="bbox 559 463 3829 574">
     <span class='ocr_line' id='line_1_3' title="bbox 559 463 3829 574; baseline 0 -17"><span class='ocrx_word' id='word_1_5' title='bbox 559 513 723 569; x_wconf 82' lang='lat' dir='ltr'><strong>tuum,</strong></span> <span class='ocrx_word' id='word_1_6' title='bbox 754 501 808 559; x_wconf 99' lang='lat' dir='ltr'><strong>id</strong></span> <span class='ocrx_word' id='word_1_7' title='bbox 851 511 956 570; x_wconf 88' lang='lat' dir='ltr'><strong>est,</strong></span> <span class='ocrx_word' id='word_1_8' title='bbox 984 503 1076 574; x_wconf 88' lang='lat' dir='ltr'><strong>qui</strong></span> <span class='ocrx_word' id='word_1_9' title='bbox 1117 501 1447 574; x_wconf 84' lang='lat' dir='ltr'><strong>majestatem</strong></span> <span class='ocrx_word' id='word_1_10' title='bbox 1487 506 1631 554; x_wconf 90' lang='lat' dir='ltr'><strong>tuam</strong></span> <span class='ocrx_word' id='word_1_11' title='bbox 1677 496 2018 553; x_wconf 86' lang='lat' dir='ltr'><strong>sanctissima</strong></span> <span class='ocrx_word' id='word_1_12' title='bbox 2047 493 2140 550; x_wconf 88' lang='lat' dir='ltr'><strong>de-</strong></span> <span class='ocrx_word' id='word_1_13' title='bbox 2167 492 2535 556; x_wconf 75' lang='lat' dir='ltr'><strong>Acarnaliter</strong></span> <span class='ocrx_word' id='word_1_14' title='bbox 2586 491 2931 550; x_wconf 78' lang='lat' dir='ltr'><strong>humiliantur</strong></span> <span class='ocrx_word' id='word_1_15' title='bbox 2975 503 3239 568; x_wconf 78' lang='lat' dir='ltr'><strong>martyres</strong></span> <span class='ocrx_word' id='word_1_16' title='bbox 3287 495 3522 563; x_wconf 82' lang='lat' dir='ltr'><strong>Christi,</strong></span> <span class='ocrx_word' id='word_1_17' title='bbox 3567 463 3829 568; x_wconf 73' lang='lat' dir='ltr'><strong>quantum</strong></span> 
     </span>
    </p>
   </div>
   <div class='ocr_carea' id='block_1_4' title="bbox 557 587 2136 656">
    <p class='ocr_par' dir='ltr' id='par_1_4' title="bbox 557 587 2136 656">
     <span class='ocr_line' id='line_1_4' title="bbox 557 587 2136 656; baseline -0.003 -9"><span class='ocrx_word' id='word_1_18' title='bbox 557 594 773 650; x_wconf 88' lang='lat' dir='ltr'><strong>votione</strong></span> <span class='ocrx_word' id='word_1_19' title='bbox 797 604 1141 652; x_wconf 77' lang='lat' dir='ltr'><strong>venerantur.</strong></span> <span class='ocrx_word' id='word_1_20' title='bbox 1170 592 1472 650; x_wconf 85' lang='lat' dir='ltr'><strong>Audierunt</strong></span> <span class='ocrx_word' id='word_1_21' title='bbox 1499 591 1642 648; x_wconf 90' lang='lat' dir='ltr'><strong>enim</strong></span> <span class='ocrx_word' id='word_1_22' title='bbox 1666 604 1864 646; x_wconf 89' lang='lat' dir='ltr'><strong>nomen</strong></span> <span class='ocrx_word' id='word_1_23' title='bbox 1904 587 2136 656; x_wconf 89' lang='lat' dir='ltr'><strong>Domini,</strong></span> 
     </span>
    </p>
   </div>
   <div class='ocr_carea' id='block_1_5' title="bbox 559 680 2137 758">
    <p class='ocr_par' dir='ltr' id='par_1_5' title="bbox 559 680 2137 758">
     <span class='ocr_line' id='line_1_5' title="bbox 559 680 2137 758; baseline -0.005 -18"><span class='ocrx_word' id='word_1_24' title='bbox 559 687 714 742; x_wconf 90' lang='lat' dir='ltr'><strong>etilli</strong></span> <span class='ocrx_word' id='word_1_25' title='bbox 743 687 834 758; x_wconf 91' lang='lat' dir='ltr'><strong>qui</strong></span> <span class='ocrx_word' id='word_1_26' title='bbox 865 687 1095 744; x_wconf 91' lang='lat' dir='ltr'><strong>minime</strong></span> <span class='ocrx_word' id='word_1_27' title='bbox 1119 685 1379 752; x_wconf 90' lang='lat' dir='ltr'><strong>credunt;</strong></span> <span class='ocrx_word' id='word_1_28' title='bbox 1412 683 1507 740; x_wconf 90' lang='lat' dir='ltr'><strong>sed</strong></span> <span class='ocrx_word' id='word_1_29' title='bbox 1537 691 1742 738; x_wconf 91' lang='lat' dir='ltr'><strong>tantum</strong></span> <span class='ocrx_word' id='word_1_30' title='bbox 1770 680 1848 737; x_wconf 88' lang='lat' dir='ltr'><strong>illi</strong></span> <span class='ocrx_word' id='word_1_31' title='bbox 1870 689 2137 745; x_wconf 86' lang='lat' dir='ltr'><strong>noverunt,</strong></span> 
     </span>
    </p>
   </div>
   <div class='ocr_carea' id='block_1_6' title="bbox 557 774 2144 852">
    <p class='ocr_par' dir='ltr' id='par_1_6' title="bbox 557 774 2144 852">
     <span class='ocr_line' id='line_1_6' title="bbox 557 774 2144 852; baseline -0.004 -18"><span class='ocrx_word' id='word_1_32' title='bbox 557 781 647 850; x_wconf 90' lang='lat' dir='ltr'><strong>qui</strong></span> <span class='ocrx_word' id='word_1_33' title='bbox 673 779 941 836; x_wconf 86' lang='lat' dir='ltr'><strong>mandatis</strong></span> <span class='ocrx_word' id='word_1_34' title='bbox 967 781 1085 852; x_wconf 87' lang='lat' dir='ltr'><strong>ejus</strong></span> <span class='ocrx_word' id='word_1_35' title='bbox 1112 777 1426 849; x_wconf 69' lang='lat' dir='ltr'><strong>suppliciter</strong></span> <span class='ocrx_word' id='word_1_36' title='bbox 1465 777 1858 850; x_wconf 88' lang='lat' dir='ltr'><strong>obsequuntur.</strong></span> <span class='ocrx_word' id='word_1_37' title='bbox 1891 774 2144 843; x_wconf 78' lang='lat' dir='ltr'><strong>Sequitur</strong></span> 
     </span>
    </p>
   </div>
   <div class='ocr_carea' id='block_1_7' title="bbox 557 868 2143 942">
    <p class='ocr_par' dir='ltr' id='par_1_7' title="bbox 557 868 2143 942">
     <span class='ocr_line' id='line_1_7' title="bbox 557 868 2143 942; baseline -0.001 -15"><span class='ocrx_word' id='word_1_38' title='bbox 557 887 716 928; x_wconf 90' lang='lat' dir='ltr'><strong>causa</strong></span> <span class='ocrx_word' id='word_1_39' title='bbox 744 889 842 929; x_wconf 90' lang='lat' dir='ltr'><strong>cur</strong></span> <span class='ocrx_word' id='word_1_40' title='bbox 867 875 921 928; x_wconf 93' lang='lat' dir='ltr'><strong>in</strong></span> <span class='ocrx_word' id='word_1_41' title='bbox 952 872 1180 927; x_wconf 90' lang='lat' dir='ltr'><strong>Domino</strong></span> <span class='ocrx_word' id='word_1_42' title='bbox 1209 871 1441 927; x_wconf 87' lang='lat' dir='ltr'><strong>debeant</strong></span> <span class='ocrx_word' id='word_1_43' title='bbox 1474 885 1694 942; x_wconf 89' lang='lat' dir='ltr'><strong>sperare</strong></span> <span class='ocrx_word' id='word_1_44' title='bbox 1717 887 1730 922; x_wconf 88' lang='lat'><strong>:</strong></span> <span class='ocrx_word' id='word_1_45' title='bbox 1753 868 1877 938; x_wconf 86' lang='lat' dir='ltr'><strong>quia</strong></span> <span class='ocrx_word' id='word_1_46' title='bbox 1908 884 2016 924; x_wconf 92' lang='lat' dir='ltr'><strong>non</strong></span> <span class='ocrx_word' id='word_1_47' title='bbox 2047 882 2143 938; x_wconf 82' lang='lat' dir='ltr'><strong>pa-</strong></span> 
     </span>
    </p>
   </div>
   <div class='ocr_carea' id='block_1_8' title="bbox 557 957 2140 1034">
    <p class='ocr_par' dir='ltr' id='par_1_8' title="bbox 557 957 2140 1034">
     <span class='ocr_line' id='line_1_8' title="bbox 557 957 2140 1034; baseline -0.003 -16"><span class='ocrx_word' id='word_1_48' title='bbox 557 965 687 1018; x_wconf 84' lang='lat' dir='ltr'><strong>titur</strong></span> <span class='ocrx_word' id='word_1_49' title='bbox 717 978 810 1020; x_wconf 89' lang='lat' dir='ltr'><strong>eos</strong></span> <span class='ocrx_word' id='word_1_50' title='bbox 837 964 1091 1019; x_wconf 86' lang='lat' dir='ltr'><strong>deserere</strong></span> <span class='ocrx_word' id='word_1_51' title='bbox 1114 977 1249 1034; x_wconf 92' lang='lat' dir='ltr'><strong>quos</strong></span> <span class='ocrx_word' id='word_1_52' title='bbox 1275 961 1342 1018; x_wconf 90' lang='lat' dir='ltr'><strong>ad</strong></span> <span class='ocrx_word' id='word_1_53' title='bbox 1366 977 1425 1018; x_wconf 90' lang='lat' dir='ltr'><strong>se</strong></span> <span class='ocrx_word' id='word_1_54' title='bbox 1451 959 1785 1032; x_wconf 85' lang='lat' dir='ltr'><strong>perspexerit</strong></span> <span class='ocrx_word' id='word_1_55' title='bbox 1812 957 2140 1030; x_wconf 87' lang='lat' dir='ltr'><strong>confugisse.</strong></span> 
     </span>
    </p>
   </div>
   <div class='ocr_carea' id='block_1_9' title="bbox 559 1049 2144 1125">
    <p class='ocr_par' dir='ltr' id='par_1_9' title="bbox 559 1049 2144 1125">
     <span class='ocr_line' id='line_1_9' title="bbox 559 1049 2144 1125; baseline -0.002 -17"><span class='ocrx_word' id='word_1_56' title='bbox 559 1051 772 1108; x_wconf 85' lang='lat' dir='ltr'><strong>Certum</strong></span> <span class='ocrx_word' id='word_1_57' title='bbox 818 1061 903 1108; x_wconf 91' lang='lat' dir='ltr'><strong>est</strong></span> <span class='ocrx_word' id='word_1_58' title='bbox 939 1055 1083 1108; x_wconf 89' lang='lat' dir='ltr'><strong>enim</strong></span> <span class='ocrx_word' id='word_1_59' title='bbox 1125 1062 1448 1125; x_wconf 61' lang='lat' dir='ltr'><strong>praesentem</strong></span> <span class='ocrx_word' id='word_1_60' title='bbox 1481 1067 1696 1122; x_wconf 88' lang='lat' dir='ltr'><strong>semper</strong></span> <span class='ocrx_word' id='word_1_61' title='bbox 1735 1049 1937 1106; x_wconf 88' lang='lat' dir='ltr'><strong>habere</strong></span> <span class='ocrx_word' id='word_1_62' title='bbox 1964 1049 2144 1106; x_wconf 88' lang='lat' dir='ltr'><strong>Domi-</strong></span> 
     </span>
    </p>
   </div>
   <div class='ocr_carea' id='block_1_10' title="bbox 559 1141 1761 1215">
    <p class='ocr_par' dir='ltr' id='par_1_10' title="bbox 559 1141 1761 1215">
     <span class='ocr_line' id='line_1_10' title="bbox 559 1141 1761 1215; baseline 0.002 -20"><span class='ocrx_word' id='word_1_63' title='bbox 559 1158 706 1209; x_wconf 92' lang='lat' dir='ltr'><strong>num,</strong></span> <span class='ocrx_word' id='word_1_64' title='bbox 741 1141 832 1212; x_wconf 88' lang='lat' dir='ltr'><strong>qui</strong></span> <span class='ocrx_word' id='word_1_65' title='bbox 860 1143 949 1199; x_wconf 90' lang='lat' dir='ltr'><strong>tali</strong></span> <span class='ocrx_word' id='word_1_66' title='bbox 982 1145 1240 1215; x_wconf 86' lang='lat' dir='ltr'><strong>praeditus</strong></span> <span class='ocrx_word' id='word_1_67' title='bbox 1267 1145 1492 1200; x_wconf 81' lang='lat' dir='ltr'><strong>docetur</strong></span> <span class='ocrx_word' id='word_1_68' title='bbox 1518 1143 1761 1199; x_wconf 88' lang='lat' dir='ltr'><strong>arbitrio.</strong></span> 
     </span>
    </p>
   </div>
   <div class='ocr_carea' id='block_1_11' title="bbox 607 1222 2148 1306">
    <p class='ocr_par' dir='ltr' id='par_1_11' title="bbox 607 1222 2148 1306">
     <span class='ocr_line' id='line_1_11' title="bbox 607 1222 2148 1306; baseline -0.001 -19"><span class='ocrx_word' id='word_1_69' title='bbox 607 1222 779 1290; x_wconf 47' lang='lat' dir='ltr'><strong>&#39;Vers.</strong></span> <span class='ocrx_word' id='word_1_70' title='bbox 813 1235 900 1290; x_wconf 88' lang='grc'><strong>11.</strong></span> <span class='ocrx_word' id='word_1_71' title='bbox 931 1235 1145 1290; x_wconf 86' lang='lat' dir='ltr'><strong>Psallite</strong></span> <span class='ocrx_word' id='word_1_72' title='bbox 1175 1237 1419 1302; x_wconf 88' lang='lat' dir='ltr'><strong>Domino,</strong></span> <span class='ocrx_word' id='word_1_73' title='bbox 1444 1237 1529 1306; x_wconf 96' lang='lat' dir='ltr'><strong>qui</strong></span> <span class='ocrx_word' id='word_1_74' title='bbox 1558 1235 1753 1289; x_wconf 77' lang='lat' dir='ltr'><strong>habitat</strong></span> <span class='ocrx_word' id='word_1_75' title='bbox 1777 1235 1830 1288; x_wconf 91' lang='lat' dir='ltr'><strong>in</strong></span> <span class='ocrx_word' id='word_1_76' title='bbox 1861 1232 2026 1300; x_wconf 88' lang='lat' dir='ltr'><strong>Sion;</strong></span> <span class='ocrx_word' id='word_1_77' title='bbox 2051 1249 2148 1287; x_wconf 86' lang='lat' dir='ltr'><strong>an-</strong></span> 
     </span>
    </p>
   </div>
   <div class='ocr_carea' id='block_1_12' title="bbox 558 1325 2146 1402">
    <p class='ocr_par' dir='ltr' id='par_1_12' title="bbox 558 1325 2146 1402">
     <span class='ocr_line' id='line_1_12' title="bbox 558 1325 2146 1402; baseline 0.002 -23"><span class='ocrx_word' id='word_1_78' title='bbox 558 1327 793 1382; x_wconf 89' lang='lat' dir='ltr'><strong>nuntiate</strong></span> <span class='ocrx_word' id='word_1_79' title='bbox 811 1328 941 1383; x_wconf 84' lang='lat' dir='ltr'><strong>inter</strong></span> <span class='ocrx_word' id='word_1_80' title='bbox 957 1342 1127 1400; x_wconf 82' lang='lat' dir='ltr'><strong>gentes</strong></span> <span class='ocrx_word' id='word_1_81' title='bbox 1151 1329 1410 1384; x_wconf 80' lang='lat' dir='ltr'><strong>mirabilia</strong></span> <span class='ocrx_word' id='word_1_82' title='bbox 1435 1331 1567 1402; x_wconf 78' lang='lat' dir='ltr'><strong>ejus.</strong></span> <span class='ocrx_word' id='word_1_83' title='bbox 1598 1329 1835 1385; x_wconf 80' lang='lat' dir='ltr'><strong>Venitad</strong></span> <span class='ocrx_word' id='word_1_84' title='bbox 1855 1325 2146 1384; x_wconf 85' lang='lat' dir='ltr'><strong>secundam</strong></span> 
     </span>
    </p>
   </div>
   <div class='ocr_carea' id='block_1_13' title="bbox 560 1418 2146 1491">
    <p class='ocr_par' dir='ltr' id='par_1_13' title="bbox 560 1418 2146 1491">
     <span class='ocr_line' id='line_1_13' title="bbox 560 1418 2146 1491; baseline 0.003 -21"><span class='ocrx_word' id='word_1_85' title='bbox 560 1418 883 1484; x_wconf 84' lang='lat' dir='ltr'><strong>sectionem,</strong></span> <span class='ocrx_word' id='word_1_86' title='bbox 916 1419 1004 1475; x_wconf 88' lang='lat' dir='ltr'><strong>ubi</strong></span> <span class='ocrx_word' id='word_1_87' title='bbox 1030 1421 1285 1476; x_wconf 86' lang='lat' dir='ltr'><strong>beneficia</strong></span> <span class='ocrx_word' id='word_1_88' title='bbox 1313 1421 1594 1490; x_wconf 65' lang='lat' dir='ltr'><strong>praesentis</strong></span> <span class='ocrx_word' id='word_1_89' title='bbox 1619 1419 1880 1491; x_wconf 90' lang='lat' dir='ltr'><strong>temporis</strong></span> <span class='ocrx_word' id='word_1_90' title='bbox 1899 1429 1953 1475; x_wconf 92' lang='lat' dir='ltr'><strong>et</strong></span> <span class='ocrx_word' id='word_1_91' title='bbox 1981 1419 2146 1474; x_wconf 88' lang='lat' dir='ltr'><strong>futuri</strong></span> 
     </span>
    </p>
   </div>
   <div class='ocr_carea' id='block_1_14' title="bbox 559 1508 2150 1584">
    <p class='ocr_par' dir='ltr' id='par_1_14' title="bbox 559 1508 2150 1584">
     <span class='ocr_line' id='line_1_14' title="bbox 559 1508 2150 1584; baseline 0.001 -21"><span class='ocrx_word' id='word_1_92' title='bbox 559 1508 750 1564; x_wconf 87' lang='lat' dir='ltr'><strong>beatus</strong></span> <span class='ocrx_word' id='word_1_93' title='bbox 781 1510 1041 1580; x_wconf 84' lang='lat' dir='ltr'><strong>propheta</strong></span> <span class='ocrx_word' id='word_1_94' title='bbox 1073 1513 1396 1582; x_wconf 87' lang='lat' dir='ltr'><strong>respiciens,</strong></span> <span class='ocrx_word' id='word_1_95' title='bbox 1423 1511 1490 1568; x_wconf 87' lang='lat' dir='ltr'><strong>ad</strong></span> <span class='ocrx_word' id='word_1_96' title='bbox 1519 1512 1868 1584; x_wconf 84' lang='lat' dir='ltr'><strong>psalmodiam</strong></span> <span class='ocrx_word' id='word_1_97' title='bbox 1894 1516 2150 1580; x_wconf 79' lang='lat' dir='ltr'><strong>provocat</strong></span> 
     </span>
    </p>
   </div>
   <div class='ocr_carea' id='block_1_15' title="bbox 558 1602 2149 1684">
    <p class='ocr_par' dir='ltr' id='par_1_15' title="bbox 558 1602 2149 1684">
     <span class='ocr_line' id='line_1_15' title="bbox 558 1602 2149 1684; baseline 0.003 -29"><span class='ocrx_word' id='word_1_98' title='bbox 558 1602 788 1671; x_wconf 88' lang='lat' dir='ltr'><strong>p0pulos</strong></span> <span class='ocrx_word' id='word_1_99' title='bbox 812 1602 1034 1660; x_wconf 92' lang='lat' dir='ltr'><strong>devotos</strong></span> <span class='ocrx_word' id='word_1_100' title='bbox 1066 1623 1080 1658; x_wconf 92' lang='lat'><strong>:</strong></span> <span class='ocrx_word' id='word_1_101' title='bbox 1109 1621 1177 1662; x_wconf 92' lang='lat' dir='ltr'><strong>ne</strong></span> <span class='ocrx_word' id='word_1_102' title='bbox 1204 1621 1329 1662; x_wconf 91' lang='lat' dir='ltr'><strong>cum</strong></span> <span class='ocrx_word' id='word_1_103' title='bbox 1357 1614 1505 1662; x_wconf 89' lang='lat' dir='ltr'><strong>tanta</strong></span> <span class='ocrx_word' id='word_1_104' title='bbox 1533 1607 1612 1662; x_wconf 91' lang='lat' dir='ltr'><strong>eis</strong></span> <span class='ocrx_word' id='word_1_105' title='bbox 1640 1605 1990 1661; x_wconf 79' lang='lat' dir='ltr'><strong>conteruntur</strong></span> <span class='ocrx_word' id='word_1_106' title='bbox 2010 1620 2149 1684; x_wconf 71' lang='lat' dir='ltr'><strong>prae-</strong></span> 
     </span>
    </p>
   </div>
   <div class='ocr_carea' id='block_1_16' title="bbox 559 1696 2150 1770">
    <p class='ocr_par' dir='ltr' id='par_1_16' title="bbox 559 1696 2150 1770">
     <span class='ocr_line' id='line_1_16' title="bbox 559 1696 2150 1770; baseline 0.004 -21"><span class='ocrx_word' id='word_1_107' title='bbox 559 1696 689 1760; x_wconf 88' lang='lat' dir='ltr'><strong>mia,</strong></span> <span class='ocrx_word' id='word_1_108' title='bbox 712 1696 890 1767; x_wconf 91' lang='lat' dir='ltr'><strong>aliquo</strong></span> <span class='ocrx_word' id='word_1_109' title='bbox 916 1708 1133 1770; x_wconf 89' lang='lat' dir='ltr'><strong>torpore</strong></span> <span class='ocrx_word' id='word_1_110' title='bbox 1153 1700 1476 1756; x_wconf 71' lang='lat' dir='ltr'><strong>lentescant.</strong></span> <span class='ocrx_word' id='word_1_111' title='bbox 1501 1699 1738 1756; x_wconf 88' lang='lat' dir='ltr'><strong>Primum</strong></span> <span class='ocrx_word' id='word_1_112' title='bbox 1765 1699 1922 1769; x_wconf 91' lang='lat' dir='ltr'><strong>dixit,</strong></span> <span class='ocrx_word' id='word_1_113' title='bbox 1945 1697 2150 1770; x_wconf 76' lang='lat' dir='ltr'><strong>psallite</strong></span> 
     </span>
    </p>
   </div>
   <div class='ocr_carea' id='block_1_17' title="bbox 562 1785 2150 1864">
    <p class='ocr_par' dir='ltr' id='par_1_17' title="bbox 562 1785 2150 1864">
     <span class='ocr_line' id='line_1_17' title="bbox 562 1785 2150 1864; baseline 0.004 -25"><span class='ocrx_word' id='word_1_114' title='bbox 562 1785 819 1855; x_wconf 85' lang='lat' dir='ltr'><strong>Domino;</strong></span> <span class='ocrx_word' id='word_1_115' title='bbox 859 1799 913 1845; x_wconf 92' lang='lat' dir='ltr'><strong>et</strong></span> <span class='ocrx_word' id='word_1_116' title='bbox 959 1805 1026 1846; x_wconf 91' lang='lat' dir='ltr'><strong>ne</strong></span> <span class='ocrx_word' id='word_1_117' title='bbox 1063 1791 1117 1846; x_wconf 91' lang='lat' dir='ltr'><strong>in</strong></span> <span class='ocrx_word' id='word_1_118' title='bbox 1158 1791 1270 1848; x_wconf 90' lang='lat' dir='ltr'><strong>suis</strong></span> <span class='ocrx_word' id='word_1_119' title='bbox 1310 1792 1778 1861; x_wconf 89' lang='lat' dir='ltr'><strong>superstitionibus</strong></span> <span class='ocrx_word' id='word_1_120' title='bbox 1829 1790 2150 1864; x_wconf 85' lang='lat' dir='ltr'><strong>psallendum</strong></span> 
     </span>
    </p>
   </div>
   <div class='ocr_carea' id='block_1_18' title="bbox 2247 591 3826 661">
    <p class='ocr_par' dir='ltr' id='par_1_18' title="bbox 2247 591 3826 661">
     <span class='ocr_line' id='line_1_18' title="bbox 2247 591 3826 661; baseline 0.004 -19"><span class='ocrx_word' id='word_1_121' title='bbox 2247 597 2619 658; x_wconf 90' lang='lat' dir='ltr'><strong>persecutores</strong></span> <span class='ocrx_word' id='word_1_122' title='bbox 2664 603 2852 644; x_wconf 89' lang='lat' dir='ltr'><strong>eorum</strong></span> <span class='ocrx_word' id='word_1_123' title='bbox 2905 591 3270 661; x_wconf 90' lang='lat' dir='ltr'><strong>temporaliter</strong></span> <span class='ocrx_word' id='word_1_124' title='bbox 3319 591 3568 652; x_wconf 87' lang='lat' dir='ltr'><strong>videntur</strong></span> <span class='ocrx_word' id='word_1_125' title='bbox 3615 595 3826 654; x_wconf 81' lang='lat' dir='ltr'><strong>extolli.</strong></span> 
     </span>
    </p>
   </div>
   <div class='ocr_carea' id='block_1_19' title="bbox 2247 676 3832 749">
    <p class='ocr_par' dir='ltr' id='par_1_19' title="bbox 2247 676 3832 749">
     <span class='ocr_line' id='line_1_19' title="bbox 2247 676 3832 749; baseline 0.008 -18"><span class='ocrx_word' id='word_1_126' title='bbox 2247 676 2411 732; x_wconf 88' lang='lat' dir='ltr'><strong>Porta</strong></span> <span class='ocrx_word' id='word_1_127' title='bbox 2442 693 2566 734; x_wconf 88' lang='lat' dir='ltr'><strong>vero</strong></span> <span class='ocrx_word' id='word_1_128' title='bbox 2603 680 2780 735; x_wconf 86' lang='lat' dir='ltr'><strong>mortis</strong></span> <span class='ocrx_word' id='word_1_129' title='bbox 2821 689 2904 736; x_wconf 89' lang='lat' dir='ltr'><strong>est</strong></span> <span class='ocrx_word' id='word_1_130' title='bbox 2933 681 3175 738; x_wconf 87' lang='lat' dir='ltr'><strong>diabolus</strong></span> <span class='ocrx_word' id='word_1_131' title='bbox 3197 723 3215 749; x_wconf 92' lang='lat'><strong>,</strong></span> <span class='ocrx_word' id='word_1_132' title='bbox 3259 683 3344 738; x_wconf 86' lang='lat' dir='ltr'><strong>vel</strong></span> <span class='ocrx_word' id='word_1_133' title='bbox 3374 684 3551 740; x_wconf 83' lang='lat' dir='ltr'><strong>omnis</strong></span> <span class='ocrx_word' id='word_1_134' title='bbox 3581 684 3832 742; x_wconf 83' lang='lat' dir='ltr'><strong>illecebra</strong></span> 
     </span>
    </p>
   </div>
   <div class='ocr_carea' id='block_1_20' title="bbox 2246 771 3830 844">
    <p class='ocr_par' dir='ltr' id='par_1_20' title="bbox 2246 771 3830 844">
     <span class='ocr_line' id='line_1_20' title="bbox 2246 771 3830 844; baseline 0.005 -18"><span class='ocrx_word' id='word_1_135' title='bbox 2246 771 2565 827; x_wconf 71' lang='lat' dir='ltr'><strong>smcularis:</strong></span> <span class='ocrx_word' id='word_1_136' title='bbox 2608 772 2860 843; x_wconf 90' lang='lat' dir='ltr'><strong>quoniam</strong></span> <span class='ocrx_word' id='word_1_137' title='bbox 2904 788 3000 844; x_wconf 92' lang='lat' dir='ltr'><strong>per</strong></span> <span class='ocrx_word' id='word_1_138' title='bbox 3037 773 3152 830; x_wconf 73' lang='lat' dir='ltr'><strong>hazc</strong></span> <span class='ocrx_word' id='word_1_139' title='bbox 3185 773 3250 828; x_wconf 91' lang='lat' dir='ltr'><strong>ad</strong></span> <span class='ocrx_word' id='word_1_140' title='bbox 3295 783 3561 832; x_wconf 59' lang='lat' dir='ltr'><strong>aeternum</strong></span> <span class='ocrx_word' id='word_1_141' title='bbox 3605 775 3830 834; x_wconf 72' lang='lat' dir='ltr'><strong>exitium</strong></span> 
     </span>
    </p>
   </div>
   <div class='ocr_carea' id='block_1_21' title="bbox 2247 864 3832 938">
    <p class='ocr_par' dir='ltr' id='par_1_21' title="bbox 2247 864 3832 938">
     <span class='ocr_line' id='line_1_21' title="bbox 2247 864 3832 938; baseline 0.004 -18"><span class='ocrx_word' id='word_1_142' title='bbox 2247 864 2527 922; x_wconf 88' lang='lat' dir='ltr'><strong>infeliciter</strong></span> <span class='ocrx_word' id='word_1_143' title='bbox 2565 866 2835 922; x_wconf 88' lang='lat' dir='ltr'><strong>introitur.</strong></span> <span class='ocrx_word' id='word_1_144' title='bbox 2884 865 3102 922; x_wconf 74' lang='lat' dir='ltr'><strong>Exaltas</strong></span> <span class='ocrx_word' id='word_1_145' title='bbox 3148 881 3225 920; x_wconf 88' lang='lat' dir='ltr'><strong>me</strong></span> <span class='ocrx_word' id='word_1_146' title='bbox 3255 866 3420 936; x_wconf 88' lang='lat' dir='ltr'><strong>dicit,</strong></span> <span class='ocrx_word' id='word_1_147' title='bbox 3447 866 3503 922; x_wconf 88' lang='lat' dir='ltr'><strong>id</strong></span> <span class='ocrx_word' id='word_1_148' title='bbox 3529 875 3633 935; x_wconf 90' lang='lat' dir='ltr'><strong>est,</strong></span> <span class='ocrx_word' id='word_1_149' title='bbox 3671 868 3832 938; x_wconf 78' lang='lat' dir='ltr'><strong>longe</strong></span> 
     </span>
    </p>
   </div>
   <div class='ocr_carea' id='block_1_22' title="bbox 2249 959 3833 1030">
    <p class='ocr_par' dir='ltr' id='par_1_22' title="bbox 2249 959 3833 1030">
     <span class='ocr_line' id='line_1_22' title="bbox 2249 959 3833 1030; baseline 0.004 -16"><span class='ocrx_word' id='word_1_150' title='bbox 2249 959 2378 1014; x_wconf 90' lang='lat' dir='ltr'><strong>facis</strong></span> <span class='ocrx_word' id='word_1_151' title='bbox 2399 976 2428 1016; x_wconf 91' lang='lat' dir='ltr'><strong>a</strong></span> <span class='ocrx_word' id='word_1_152' title='bbox 2459 959 2671 1018; x_wconf 85' lang='lat' dir='ltr'><strong>talibus.</strong></span> <span class='ocrx_word' id='word_1_153' title='bbox 2700 961 2834 1017; x_wconf 85' lang='lat' dir='ltr'><strong>Nam</strong></span> <span class='ocrx_word' id='word_1_154' title='bbox 2863 975 2987 1018; x_wconf 89' lang='lat' dir='ltr'><strong>cum</strong></span> <span class='ocrx_word' id='word_1_155' title='bbox 3017 970 3166 1030; x_wconf 88' lang='lat' dir='ltr'><strong>porta</strong></span> <span class='ocrx_word' id='word_1_156' title='bbox 3189 961 3369 1016; x_wconf 91' lang='lat' dir='ltr'><strong>mortis</strong></span> <span class='ocrx_word' id='word_1_157' title='bbox 3395 959 3469 1016; x_wconf 88' lang='lat' dir='ltr'><strong>sit</strong></span> <span class='ocrx_word' id='word_1_158' title='bbox 3492 962 3833 1020; x_wconf 70' lang='lat' dir='ltr'><strong>conversatio</strong></span> 
     </span>
    </p>
   </div>
   <div class='ocr_carea' id='block_1_23' title="bbox 2248 1052 3856 1124">
    <p class='ocr_par' dir='ltr' id='par_1_23' title="bbox 2248 1052 3856 1124">
     <span class='ocr_line' id='line_1_23' title="bbox 2248 1052 3856 1124; baseline 0.002 -17"><span class='ocrx_word' id='word_1_159' title='bbox 2248 1052 2511 1110; x_wconf 86' lang='lat' dir='ltr'><strong>scelerata</strong></span> <span class='ocrx_word' id='word_1_160' title='bbox 2557 1054 2885 1121; x_wconf 89' lang='lat' dir='ltr'><strong>multorum,</strong></span> <span class='ocrx_word' id='word_1_161' title='bbox 2911 1054 3035 1124; x_wconf 86' lang='lat' dir='ltr'><strong>jure</strong></span> <span class='ocrx_word' id='word_1_162' title='bbox 3068 1068 3128 1110; x_wconf 90' lang='lat' dir='ltr'><strong>se</strong></span> <span class='ocrx_word' id='word_1_163' title='bbox 3157 1054 3226 1108; x_wconf 92' lang='lat' dir='ltr'><strong>ab</strong></span> <span class='ocrx_word' id='word_1_164' title='bbox 3249 1068 3316 1110; x_wconf 87' lang='lat' dir='ltr'><strong>ea</strong></span> <span class='ocrx_word' id='word_1_165' title='bbox 3343 1053 3476 1111; x_wconf 87' lang='lat' dir='ltr'><strong>dicit</strong></span> <span class='ocrx_word' id='word_1_166' title='bbox 3509 1054 3792 1110; x_wconf 59' lang='lat' dir='ltr'><strong>multatum</strong></span> <span class='ocrx_word' id='word_1_167' title='bbox 3813 1069 3856 1112; x_wconf 82' lang='lat'><strong><em>:-</em></strong></span> 
     </span>
    </p>
   </div>
   <div class='ocr_carea' id='block_1_24' title="bbox 2249 1145 3326 1218">
    <p class='ocr_par' dir='ltr' id='par_1_24' title="bbox 2249 1145 3326 1218">
     <span class='ocr_line' id='line_1_24' title="bbox 2249 1145 3326 1218; baseline 0.004 -20"><span class='ocrx_word' id='word_1_168' title='bbox 2249 1145 2371 1214; x_wconf 92' lang='lat' dir='ltr'><strong>quia</strong></span> <span class='ocrx_word' id='word_1_169' title='bbox 2399 1147 2684 1218; x_wconf 81' lang='lat' dir='ltr'><strong>praeceptis</strong></span> <span class='ocrx_word' id='word_1_170' title='bbox 2715 1147 2968 1204; x_wconf 83' lang='lat' dir='ltr'><strong>vitalibus</strong></span> <span class='ocrx_word' id='word_1_171' title='bbox 2997 1147 3326 1204; x_wconf 81' lang='lat' dir='ltr'><strong>adhaerebat.</strong></span> 
     </span>
    </p>
   </div>
   <div class='ocr_carea' id='block_1_25' title="bbox 2321 1237 3836 1312">
    <p class='ocr_par' dir='ltr' id='par_1_25' title="bbox 2321 1237 3836 1312">
     <span class='ocr_line' id='line_1_25' title="bbox 2321 1237 3836 1312; baseline 0.003 -20"><span class='ocrx_word' id='word_1_172' title='bbox 2321 1237 2475 1295; x_wconf 84' lang='lat' dir='ltr'><strong>Vers.</strong></span> <span class='ocrx_word' id='word_1_173' title='bbox 2507 1238 2595 1292; x_wconf 69' lang='grc'><strong>14.</strong></span> <span class='ocrx_word' id='word_1_174' title='bbox 2626 1237 2694 1294; x_wconf 91' lang='lat' dir='ltr'><strong>Ut</strong></span> <span class='ocrx_word' id='word_1_175' title='bbox 2715 1240 3012 1294; x_wconf 85' lang='lat' dir='ltr'><strong>annuntiem</strong></span> <span class='ocrx_word' id='word_1_176' title='bbox 3041 1255 3213 1312; x_wconf 86' lang='lat' dir='ltr'><strong>omnes</strong></span> <span class='ocrx_word' id='word_1_177' title='bbox 3243 1239 3424 1295; x_wconf 84' lang='lat' dir='ltr'><strong>laudes</strong></span> <span class='ocrx_word' id='word_1_178' title='bbox 3454 1247 3568 1296; x_wconf 88' lang='lat' dir='ltr'><strong>tuas</strong></span> <span class='ocrx_word' id='word_1_179' title='bbox 3592 1238 3648 1294; x_wconf 89' lang='lat' dir='ltr'><strong>in</strong></span> <span class='ocrx_word' id='word_1_180' title='bbox 3671 1239 3836 1311; x_wconf 77' lang='lat' dir='ltr'><strong>portis</strong></span> 
     </span>
    </p>
   </div>
   <div class='ocr_carea' id='block_1_26' title="bbox 2247 1329 3836 1401">
    <p class='ocr_par' dir='ltr' id='par_1_26' title="bbox 2247 1329 3836 1401">
     <span class='ocr_line' id='line_1_26' title="bbox 2247 1329 3836 1401; baseline 0.001 -15"><span class='ocrx_word' id='word_1_181' title='bbox 2247 1330 2372 1401; x_wconf 76' lang='lat' dir='ltr'><strong>ﬁlice</strong></span> <span class='ocrx_word' id='word_1_182' title='bbox 2413 1329 2562 1388; x_wconf 85' lang='lat' dir='ltr'><strong>Sion.</strong></span> <span class='ocrx_word' id='word_1_183' title='bbox 2598 1330 2880 1386; x_wconf 74' lang='lat' dir='ltr'><strong>Exsultabo</strong></span> <span class='ocrx_word' id='word_1_184' title='bbox 2910 1333 2964 1386; x_wconf 90' lang='lat' dir='ltr'><strong>in</strong></span> <span class='ocrx_word' id='word_1_185' title='bbox 2994 1332 3211 1386; x_wconf 86' lang='lat' dir='ltr'><strong>salutari</strong></span> <span class='ocrx_word' id='word_1_186' title='bbox 3251 1341 3361 1388; x_wconf 85' lang='lat' dir='ltr'><strong>tuo.</strong></span> <span class='ocrx_word' id='word_1_187' title='bbox 3395 1329 3711 1387; x_wconf 79' lang='lat' dir='ltr'><strong>Gratissima</strong></span> <span class='ocrx_word' id='word_1_188' title='bbox 3751 1339 3836 1388; x_wconf 79' lang='lat' dir='ltr'><strong>est</strong></span> 
     </span>
    </p>
   </div>
   <div class='ocr_carea' id='block_1_27' title="bbox 2253 1421 3835 1499">
    <p class='ocr_par' dir='ltr' id='par_1_27' title="bbox 2253 1421 3835 1499">
     <span class='ocr_line' id='line_1_27' title="bbox 2253 1421 3835 1499; baseline 0.001 -23"><span class='ocrx_word' id='word_1_189' title='bbox 2253 1431 2526 1499; x_wconf 87' lang='lat' dir='ltr'><strong>portarum</strong></span> <span class='ocrx_word' id='word_1_190' title='bbox 2567 1421 2669 1476; x_wconf 84' lang='lat' dir='ltr'><strong>ista</strong></span> <span class='ocrx_word' id='word_1_191' title='bbox 2701 1423 2986 1490; x_wconf 88' lang='lat' dir='ltr'><strong>repetitio,</strong></span> <span class='ocrx_word' id='word_1_192' title='bbox 3017 1422 3110 1478; x_wconf 90' lang='lat' dir='ltr'><strong>ubi</strong></span> <span class='ocrx_word' id='word_1_193' title='bbox 3144 1437 3307 1478; x_wconf 91' lang='lat' dir='ltr'><strong>unum</strong></span> <span class='ocrx_word' id='word_1_194' title='bbox 3353 1421 3568 1494; x_wconf 88' lang='lat' dir='ltr'><strong>quidem</strong></span> <span class='ocrx_word' id='word_1_195' title='bbox 3599 1436 3835 1490; x_wconf 86' lang='lat' dir='ltr'><strong>nomen,</strong></span> 
     </span>
    </p>
   </div>
   <div class='ocr_carea' id='block_1_28' title="bbox 2247 1511 3835 1579">
    <p class='ocr_par' dir='ltr' id='par_1_28' title="bbox 2247 1511 3835 1579">
     <span class='ocr_line' id='line_1_28' title="bbox 2247 1511 3835 1579; baseline 0 -11"><span class='ocrx_word' id='word_1_196' title='bbox 2247 1511 2346 1569; x_wconf 90' lang='lat' dir='ltr'><strong>sed</strong></span> <span class='ocrx_word' id='word_1_197' title='bbox 2374 1526 2462 1568; x_wconf 90' lang='lat' dir='ltr'><strong>res</strong></span> <span class='ocrx_word' id='word_1_198' title='bbox 2487 1513 2709 1570; x_wconf 87' lang='lat' dir='ltr'><strong>omnino</strong></span> <span class='ocrx_word' id='word_1_199' title='bbox 2739 1511 2971 1568; x_wconf 75' lang='lat' dir='ltr'><strong>diversae</strong></span> <span class='ocrx_word' id='word_1_200' title='bbox 2997 1522 3154 1579; x_wconf 85' lang='lat' dir='ltr'><strong>sunt;</strong></span> <span class='ocrx_word' id='word_1_201' title='bbox 3177 1513 3232 1568; x_wconf 91' lang='lat' dir='ltr'><strong>in</strong></span> <span class='ocrx_word' id='word_1_202' title='bbox 3265 1513 3370 1570; x_wconf 91' lang='lat' dir='ltr'><strong>illis</strong></span> <span class='ocrx_word' id='word_1_203' title='bbox 3402 1514 3595 1568; x_wconf 88' lang='lat' dir='ltr'><strong>mortis</strong></span> <span class='ocrx_word' id='word_1_204' title='bbox 3617 1521 3698 1568; x_wconf 88' lang='lat' dir='ltr'><strong>est</strong></span> <span class='ocrx_word' id='word_1_205' title='bbox 3717 1513 3835 1568; x_wconf 84' lang='lat' dir='ltr'><strong>adi-</strong></span> 
     </span>
    </p>
   </div>
   <div class='ocr_carea' id='block_1_29' title="bbox 2252 1603 3836 1676">
    <p class='ocr_par' dir='ltr' id='par_1_29' title="bbox 2252 1603 3836 1676">
     <span class='ocr_line' id='line_1_29' title="bbox 2252 1603 3836 1676; baseline 0.001 -18"><span class='ocrx_word' id='word_1_206' title='bbox 2252 1612 2383 1660; x_wconf 91' lang='lat' dir='ltr'><strong>tus:</strong></span> <span class='ocrx_word' id='word_1_207' title='bbox 2427 1604 2481 1660; x_wconf 91' lang='lat' dir='ltr'><strong>in</strong></span> <span class='ocrx_word' id='word_1_208' title='bbox 2530 1605 2652 1660; x_wconf 89' lang='lat' dir='ltr'><strong>istis</strong></span> <span class='ocrx_word' id='word_1_209' title='bbox 2694 1604 2870 1660; x_wconf 87' lang='lat' dir='ltr'><strong>vitalis</strong></span> <span class='ocrx_word' id='word_1_210' title='bbox 2916 1604 3184 1676; x_wconf 86' lang='lat' dir='ltr'><strong>reperitur</strong></span> <span class='ocrx_word' id='word_1_211' title='bbox 3232 1604 3505 1660; x_wconf 91' lang='lat' dir='ltr'><strong>introitus.</strong></span> <span class='ocrx_word' id='word_1_212' title='bbox 3555 1603 3836 1661; x_wconf 75' lang='lat' dir='ltr'><strong>Liberatus</strong></span> 
     </span>
    </p>
   </div>
   <div class='ocr_carea' id='block_1_30' title="bbox 2251 1696 3838 1770">
    <p class='ocr_par' dir='ltr' id='par_1_30' title="bbox 2251 1696 3838 1770">
     <span class='ocr_line' id='line_1_30' title="bbox 2251 1696 3838 1770; baseline 0.001 -17"><span class='ocrx_word' id='word_1_213' title='bbox 2251 1712 2380 1770; x_wconf 90' lang='lat' dir='ltr'><strong>ergo</strong></span> <span class='ocrx_word' id='word_1_214' title='bbox 2414 1710 2485 1753; x_wconf 81' lang='lat' dir='ltr'><strong>cx</strong></span> <span class='ocrx_word' id='word_1_215' title='bbox 2517 1696 2621 1753; x_wconf 91' lang='lat' dir='ltr'><strong>illis</strong></span> <span class='ocrx_word' id='word_1_216' title='bbox 2650 1698 2818 1770; x_wconf 90' lang='lat' dir='ltr'><strong>portis</strong></span> <span class='ocrx_word' id='word_1_217' title='bbox 2845 1698 3183 1765; x_wconf 87' lang='lat' dir='ltr'><strong>mortalibus,</strong></span> <span class='ocrx_word' id='word_1_218' title='bbox 3215 1698 3269 1754; x_wconf 92' lang='lat' dir='ltr'><strong>in</strong></span> <span class='ocrx_word' id='word_1_219' title='bbox 3294 1699 3412 1756; x_wconf 87' lang='lat' dir='ltr'><strong>istis</strong></span> <span class='ocrx_word' id='word_1_220' title='bbox 3451 1700 3623 1768; x_wconf 87' lang='lat' dir='ltr'><strong>portis</strong></span> <span class='ocrx_word' id='word_1_221' title='bbox 3649 1698 3838 1756; x_wconf 81' lang='lat' dir='ltr'><strong>Eccle-</strong></span> 
     </span>
    </p>
   </div>
   <div class='ocr_carea' id='block_1_31' title="bbox 2235 1779 3838 1863">
    <p class='ocr_par' dir='ltr' id='par_1_31' title="bbox 2235 1779 3838 1863">
     <span class='ocr_line' id='line_1_31' title="bbox 2235 1779 3838 1863; baseline 0.001 -16"><span class='ocrx_word' id='word_1_222' title='bbox 2235 1779 2370 1857; x_wconf 61' lang='grc' dir='ltr'><strong>ἐίω,</strong></span> <span class='ocrx_word' id='word_1_223' title='bbox 2395 1805 2514 1861; x_wconf 65' lang='lat' dir='ltr'><strong>qua:</strong></span> <span class='ocrx_word' id='word_1_224' title='bbox 2549 1790 2941 1847; x_wconf 87' lang='lat' dir='ltr'><strong>beatitudinem</strong></span> <span class='ocrx_word' id='word_1_225' title='bbox 2989 1791 3232 1848; x_wconf 88' lang='lat' dir='ltr'><strong>tribuunt</strong></span> <span class='ocrx_word' id='word_1_226' title='bbox 3271 1792 3668 1863; x_wconf 85' lang='lat' dir='ltr'><strong>sempiternam,</strong></span> <span class='ocrx_word' id='word_1_227' title='bbox 3709 1806 3838 1862; x_wconf 82' lang='lat' dir='ltr'><strong>pro-</strong></span> 
     </span>
    </p>
   </div>
   <div class='ocr_carea' id='block_1_32' title="bbox 553 1877 3837 1956">
    <p class='ocr_par' dir='ltr' id='par_1_32' title="bbox 553 1877 3837 1956">
     <span class='ocr_line' id='line_1_32' title="bbox 553 1877 3837 1956; baseline 0.003 -24"><span class='ocrx_word' id='word_1_228' title='bbox 553 1877 773 1947; x_wconf 85' lang='lat' dir='ltr'><strong>putaret</strong></span> <span class='ocrx_word' id='word_1_229' title='bbox 800 1895 922 1936; x_wconf 90' lang='lat' dir='ltr'><strong>esse</strong></span> <span class='ocrx_word' id='word_1_230' title='bbox 952 1883 1253 1953; x_wconf 83' lang='lat' dir='ltr'><strong>gentilitas,</strong></span> <span class='ocrx_word' id='word_1_231' title='bbox 1294 1883 1517 1952; x_wconf 88' lang='lat' dir='ltr'><strong>addidit,</strong></span> <span class='ocrx_word' id='word_1_232' title='bbox 1546 1885 1634 1956; x_wconf 88' lang='lat' dir='ltr'><strong>qui</strong></span> <span class='ocrx_word' id='word_1_233' title='bbox 1671 1883 1862 1938; x_wconf 86' lang='lat' dir='ltr'><strong>habitat</strong></span> <span class='ocrx_word' id='word_1_234' title='bbox 1888 1883 1942 1938; x_wconf 87' lang='lat' dir='ltr'><strong>in</strong></span> <span class='ocrx_word' id='word_1_235' title='bbox 1973 1881 2103 1940; x_wconf 85' lang='lat' dir='ltr'><strong>Sion</strong></span> <span class='ocrx_word' id='word_1_236' title='bbox 2124 1898 2144 1939; x_wconf 90' lang='lat'><strong><em>:</em></strong></span> <span class='ocrx_word' id='word_1_237' title='bbox 2169 1889 2224 1954; x_wconf 73' lang='lat' dir='ltr'><strong><em>B</em></strong></span> <span class='ocrx_word' id='word_1_238' title='bbox 2253 1883 2620 1938; x_wconf 88' lang='lat' dir='ltr'><strong>nuntiaturum</strong></span> <span class='ocrx_word' id='word_1_239' title='bbox 2651 1897 2712 1938; x_wconf 92' lang='lat' dir='ltr'><strong>se</strong></span> <span class='ocrx_word' id='word_1_240' title='bbox 2738 1882 2927 1940; x_wconf 87' lang='lat' dir='ltr'><strong>laudes</strong></span> <span class='ocrx_word' id='word_1_241' title='bbox 2957 1883 3172 1939; x_wconf 87' lang='lat' dir='ltr'><strong>Domini</strong></span> <span class='ocrx_word' id='word_1_242' title='bbox 3221 1885 3536 1954; x_wconf 85' lang='lat' dir='ltr'><strong>pollicetur;</strong></span> <span class='ocrx_word' id='word_1_243' title='bbox 3577 1899 3674 1955; x_wconf 87' lang='lat' dir='ltr'><strong>per</strong></span> <span class='ocrx_word' id='word_1_244' title='bbox 3699 1898 3837 1955; x_wconf 78' lang='lat' dir='ltr'><strong>quas</strong></span> 
     </span>
    </p>
   </div>
   <div class='ocr_carea' id='block_1_33' title="bbox 559 1969 2152 2046">
    <p class='ocr_par' dir='ltr' id='par_1_33' title="bbox 559 1969 2152 2046">
     <span class='ocr_line' id='line_1_33' title="bbox 559 1969 2152 2046; baseline 0.004 -22"><span class='ocrx_word' id='word_1_245' title='bbox 559 1977 622 2024; x_wconf 91' lang='lat' dir='ltr'><strong>ut</strong></span> <span class='ocrx_word' id='word_1_246' title='bbox 649 1969 954 2042; x_wconf 79' lang='lat' dir='ltr'><strong>designaret</strong></span> <span class='ocrx_word' id='word_1_247' title='bbox 987 1973 1271 2029; x_wconf 90' lang='lat' dir='ltr'><strong>Dominum</strong></span> <span class='ocrx_word' id='word_1_248' title='bbox 1304 1973 1662 2041; x_wconf 88' lang='lat' dir='ltr'><strong>Salvatorem,</strong></span> <span class='ocrx_word' id='word_1_249' title='bbox 1695 1975 1786 2046; x_wconf 88' lang='lat' dir='ltr'><strong>qui</strong></span> <span class='ocrx_word' id='word_1_250' title='bbox 1818 1975 1872 2029; x_wconf 93' lang='lat' dir='ltr'><strong>in</strong></span> <span class='ocrx_word' id='word_1_251' title='bbox 1902 1973 2007 2030; x_wconf 92' lang='lat' dir='ltr'><strong>illis</strong></span> <span class='ocrx_word' id='word_1_252' title='bbox 2031 1990 2152 2045; x_wconf 89' lang='lat' dir='ltr'><strong>par-</strong></span> 
     </span>
    </p>
   </div>
   <div class='ocr_carea' id='block_1_34' title="bbox 562 2061 2151 2138">
    <p class='ocr_par' dir='ltr' id='par_1_34' title="bbox 562 2061 2151 2138">
     <span class='ocr_line' id='line_1_34' title="bbox 562 2061 2151 2138; baseline 0.004 -22"><span class='ocrx_word' id='word_1_253' title='bbox 562 2061 704 2118; x_wconf 90' lang='lat' dir='ltr'><strong>tibus</strong></span> <span class='ocrx_word' id='word_1_254' title='bbox 755 2064 1110 2131; x_wconf 91' lang='lat' dir='ltr'><strong>corporaliter</strong></span> <span class='ocrx_word' id='word_1_255' title='bbox 1161 2063 1446 2137; x_wconf 77' lang='lat' dir='ltr'><strong>appa&#39;rens,</strong></span> <span class='ocrx_word' id='word_1_256' title='bbox 1489 2067 1750 2138; x_wconf 81' lang='lat' dir='ltr'><strong>religione</strong></span> <span class='ocrx_word' id='word_1_257' title='bbox 1791 2067 1873 2121; x_wconf 92' lang='lat' dir='ltr'><strong>sui</strong></span> <span class='ocrx_word' id='word_1_258' title='bbox 1916 2068 2151 2122; x_wconf 89' lang='lat' dir='ltr'><strong>nominis</strong></span> 
     </span>
    </p>
   </div>
   <div class='ocr_carea' id='block_1_35' title="bbox 564 2155 2153 2229">
    <p class='ocr_par' dir='ltr' id='par_1_35' title="bbox 564 2155 2153 2229">
     <span class='ocr_line' id='line_1_35' title="bbox 564 2155 2153 2229; baseline 0.005 -21"><span class='ocrx_word' id='word_1_259' title='bbox 564 2155 728 2210; x_wconf 89' lang='lat' dir='ltr'><strong>totius</strong></span> <span class='ocrx_word' id='word_1_260' title='bbox 774 2155 960 2210; x_wconf 89' lang='lat' dir='ltr'><strong>mundi</strong></span> <span class='ocrx_word' id='word_1_261' title='bbox 1007 2157 1264 2214; x_wconf 84' lang='lat' dir='ltr'><strong>ambitum</strong></span> <span class='ocrx_word' id='word_1_262' title='bbox 1311 2158 1738 2229; x_wconf 87' lang='lat' dir='ltr'><strong>comprehendit.</strong></span> <span class='ocrx_word' id='word_1_263' title='bbox 1771 2158 1884 2214; x_wconf 82' lang='lat' dir='ltr'><strong>Hoc</strong></span> <span class='ocrx_word' id='word_1_264' title='bbox 1913 2159 2055 2214; x_wconf 91' lang='lat' dir='ltr'><strong>enim</strong></span> <span class='ocrx_word' id='word_1_265' title='bbox 2081 2160 2153 2216; x_wconf 88' lang='lat' dir='ltr'><strong>de</strong></span> 
     </span>
    </p>
   </div>
   <div class='ocr_carea' id='block_1_36' title="bbox 565 2247 2148 2323">
    <p class='ocr_par' dir='ltr' id='par_1_36' title="bbox 565 2247 2148 2323">
     <span class='ocr_line' id='line_1_36' title="bbox 565 2247 2148 2323; baseline 0.004 -24"><span class='ocrx_word' id='word_1_266' title='bbox 565 2256 753 2302; x_wconf 89' lang='lat' dir='ltr'><strong>sancta</strong></span> <span class='ocrx_word' id='word_1_267' title='bbox 775 2247 1146 2306; x_wconf 85' lang='lat' dir='ltr'><strong>incarnatione</strong></span> <span class='ocrx_word' id='word_1_268' title='bbox 1166 2250 1392 2320; x_wconf 87' lang='lat' dir='ltr'><strong>dicitur;</strong></span> <span class='ocrx_word' id='word_1_269' title='bbox 1417 2269 1537 2306; x_wconf 89' lang='lat' dir='ltr'><strong>nam</strong></span> <span class='ocrx_word' id='word_1_270' title='bbox 1563 2253 1649 2306; x_wconf 92' lang='lat' dir='ltr'><strong>ille</strong></span> <span class='ocrx_word' id='word_1_271' title='bbox 1675 2251 1764 2307; x_wconf 91' lang='lat' dir='ltr'><strong>ubi</strong></span> <span class='ocrx_word' id='word_1_272' title='bbox 1792 2267 1897 2308; x_wconf 93' lang='lat' dir='ltr'><strong>non</strong></span> <span class='ocrx_word' id='word_1_273' title='bbox 1923 2251 2148 2323; x_wconf 80' lang='lat' dir='ltr'><strong>habitat,</strong></span> 
     </span>
    </p>
   </div>
   <div class='ocr_carea' id='block_1_37' title="bbox 562 2340 2152 2418">
    <p class='ocr_par' dir='ltr' id='par_1_37' title="bbox 562 2340 2152 2418">
     <span class='ocr_line' id='line_1_37' title="bbox 562 2340 2152 2418; baseline 0.006 -25"><span class='ocrx_word' id='word_1_274' title='bbox 562 2340 654 2410; x_wconf 87' lang='lat' dir='ltr'><strong>qui</strong></span> <span class='ocrx_word' id='word_1_275' title='bbox 687 2341 885 2414; x_wconf 91' lang='lat' dir='ltr'><strong>ubique</strong></span> <span class='ocrx_word' id='word_1_276' title='bbox 914 2353 1058 2400; x_wconf 91' lang='lat' dir='ltr'><strong>totus</strong></span> <span class='ocrx_word' id='word_1_277' title='bbox 1087 2345 1204 2400; x_wconf 80' lang='lat' dir='ltr'><strong>est?</strong></span> <span class='ocrx_word' id='word_1_278' title='bbox 1233 2344 1432 2400; x_wconf 79' lang='lat' dir='ltr'><strong>Verum</strong></span> <span class='ocrx_word' id='word_1_279' title='bbox 1462 2354 1522 2401; x_wconf 91' lang='lat' dir='ltr'><strong>ut</strong></span> <span class='ocrx_word' id='word_1_280' title='bbox 1561 2345 1794 2400; x_wconf 90' lang='lat' dir='ltr'><strong>nominis</strong></span> <span class='ocrx_word' id='word_1_281' title='bbox 1831 2344 1992 2414; x_wconf 89' lang='lat' dir='ltr'><strong>hujus</strong></span> <span class='ocrx_word' id='word_1_282' title='bbox 2031 2361 2152 2418; x_wconf 46' lang='lat' dir='ltr'><strong>my:</strong></span> 
     </span>
    </p>
   </div>
   <div class='ocr_carea' id='block_1_38' title="bbox 563 2435 2146 2510">
    <p class='ocr_par' dir='ltr' id='par_1_38' title="bbox 563 2435 2146 2510">
     <span class='ocr_line' id='line_1_38' title="bbox 563 2435 2146 2510; baseline 0.004 -22"><span class='ocrx_word' id='word_1_283' title='bbox 563 2435 786 2490; x_wconf 89' lang='lat' dir='ltr'><strong>sterium</strong></span> <span class='ocrx_word' id='word_1_284' title='bbox 831 2436 992 2492; x_wconf 89' lang='lat' dir='ltr'><strong>etiam</strong></span> <span class='ocrx_word' id='word_1_285' title='bbox 1033 2438 1380 2509; x_wconf 89' lang='lat' dir='ltr'><strong>spiritualiter</strong></span> <span class='ocrx_word' id='word_1_286' title='bbox 1422 2449 1844 2510; x_wconf 91' lang='lat' dir='ltr'><strong>perscrutemur,</strong></span> <span class='ocrx_word' id='word_1_287' title='bbox 1871 2438 2004 2496; x_wconf 85' lang='lat' dir='ltr'><strong>Sion</strong></span> <span class='ocrx_word' id='word_1_288' title='bbox 2029 2453 2146 2510; x_wconf 82' lang='lat' dir='ltr'><strong>spe-</strong></span> 
     </span>
    </p>
   </div>
   <div class='ocr_carea' id='block_1_39' title="bbox 565 2525 2152 2600">
    <p class='ocr_par' dir='ltr' id='par_1_39' title="bbox 565 2525 2152 2600">
     <span class='ocr_line' id='line_1_39' title="bbox 565 2525 2152 2600; baseline 0.006 -22"><span class='ocrx_word' id='word_1_289' title='bbox 565 2525 762 2581; x_wconf 89' lang='lat' dir='ltr'><strong>culalio</strong></span> <span class='ocrx_word' id='word_1_290' title='bbox 787 2527 1003 2598; x_wconf 90' lang='lat' dir='ltr'><strong>dicitur,</strong></span> <span class='ocrx_word' id='word_1_291' title='bbox 1035 2530 1159 2600; x_wconf 91' lang='lat' dir='ltr'><strong>quia</strong></span> <span class='ocrx_word' id='word_1_292' title='bbox 1189 2546 1377 2586; x_wconf 84' lang='lat' dir='ltr'><strong>revera</strong></span> <span class='ocrx_word' id='word_1_293' title='bbox 1419 2531 1562 2587; x_wconf 91' lang='lat' dir='ltr'><strong>Deus</strong></span> <span class='ocrx_word' id='word_1_294' title='bbox 1603 2531 1659 2588; x_wconf 92' lang='lat' dir='ltr'><strong>in</strong></span> <span class='ocrx_word' id='word_1_295' title='bbox 1699 2530 2152 2600; x_wconf 88' lang='lat' dir='ltr'><strong>contemplatione</strong></span> 
     </span>
    </p>
   </div>
   <div class='ocr_carea' id='block_1_40' title="bbox 564 2617 2154 2696">
    <p class='ocr_par' dir='ltr' id='par_1_40' title="bbox 564 2617 2154 2696">
     <span class='ocr_line' id='line_1_40' title="bbox 564 2617 2154 2696; baseline 0.006 -25"><span class='ocrx_word' id='word_1_296' title='bbox 564 2617 804 2688; x_wconf 89' lang='lat' dir='ltr'><strong>piissima</strong></span> <span class='ocrx_word' id='word_1_297' title='bbox 835 2622 1120 2691; x_wconf 89' lang='lat' dir='ltr'><strong>reperitur.</strong></span> <span class='ocrx_word' id='word_1_298' title='bbox 1153 2623 1221 2680; x_wconf 88' lang='lat' dir='ltr'><strong>Et</strong></span> <span class='ocrx_word' id='word_1_299' title='bbox 1245 2624 1390 2696; x_wconf 87' lang='lat' dir='ltr'><strong>juste</strong></span> <span class='ocrx_word' id='word_1_300' title='bbox 1429 2625 1503 2680; x_wconf 91' lang='lat' dir='ltr'><strong>ibi</strong></span> <span class='ocrx_word' id='word_1_301' title='bbox 1544 2624 1697 2680; x_wconf 91' lang='lat' dir='ltr'><strong>nobis</strong></span> <span class='ocrx_word' id='word_1_302' title='bbox 1737 2623 1980 2680; x_wconf 89' lang='lat' dir='ltr'><strong>habitare</strong></span> <span class='ocrx_word' id='word_1_303' title='bbox 2014 2623 2154 2681; x_wconf 81' lang='lat' dir='ltr'><strong>dici-</strong></span> 
     </span>
    </p>
   </div>
   <div class='ocr_carea' id='block_1_41' title="bbox 565 2711 2151 2787">
    <p class='ocr_par' dir='ltr' id='par_1_41' title="bbox 565 2711 2151 2787">
     <span class='ocr_line' id='line_1_41' title="bbox 565 2711 2151 2787; baseline 0.006 -25"><span class='ocrx_word' id='word_1_304' title='bbox 565 2715 674 2778; x_wconf 88' lang='lat' dir='ltr'><strong>tur,</strong></span> <span class='ocrx_word' id='word_1_305' title='bbox 714 2711 807 2766; x_wconf 91' lang='lat' dir='ltr'><strong>ubi</strong></span> <span class='ocrx_word' id='word_1_306' title='bbox 847 2727 972 2770; x_wconf 92' lang='lat' dir='ltr'><strong>eum</strong></span> <span class='ocrx_word' id='word_1_307' title='bbox 1015 2715 1299 2771; x_wconf 88' lang='lat' dir='ltr'><strong>illuminati</strong></span> <span class='ocrx_word' id='word_1_308' title='bbox 1344 2716 1552 2773; x_wconf 83' lang='lat' dir='ltr'><strong>caelesti</strong></span> <span class='ocrx_word' id='word_1_309' title='bbox 1598 2716 1766 2787; x_wconf 86' lang='lat' dir='ltr'><strong>gratia</strong></span> <span class='ocrx_word' id='word_1_310' title='bbox 1809 2725 2151 2772; x_wconf 89' lang='lat' dir='ltr'><strong>contuemur.</strong></span> 
     </span>
    </p>
   </div>
   <div class='ocr_carea' id='block_1_42' title="bbox 567 2799 2155 2879">
    <p class='ocr_par' dir='ltr' id='par_1_42' title="bbox 567 2799 2155 2879">
     <span class='ocr_line' id='line_1_42' title="bbox 567 2799 2155 2879; baseline 0.006 -23"><span class='ocrx_word' id='word_1_311' title='bbox 567 2799 799 2872; x_wconf 83' lang='lat' dir='ltr'><strong>Exponit</strong></span> <span class='ocrx_word' id='word_1_312' title='bbox 823 2805 983 2860; x_wconf 88' lang='lat' dir='ltr'><strong>etiam</strong></span> <span class='ocrx_word' id='word_1_313' title='bbox 1012 2807 1156 2877; x_wconf 91' lang='lat' dir='ltr'><strong>quod</strong></span> <span class='ocrx_word' id='word_1_314' title='bbox 1188 2808 1436 2879; x_wconf 89' lang='lat' dir='ltr'><strong>superius</strong></span> <span class='ocrx_word' id='word_1_315' title='bbox 1459 2807 1616 2877; x_wconf 90' lang='lat' dir='ltr'><strong>dixit,</strong></span> <span class='ocrx_word' id='word_1_316' title='bbox 1648 2809 1876 2878; x_wconf 83' lang='lat' dir='ltr'><strong>psallite,</strong></span> <span class='ocrx_word' id='word_1_317' title='bbox 1901 2808 2024 2878; x_wconf 84' lang='lat' dir='ltr'><strong>quia</strong></span> <span class='ocrx_word' id='word_1_318' title='bbox 2049 2808 2155 2865; x_wconf 89' lang='lat' dir='ltr'><strong>hoc</strong></span> 
     </span>
    </p>
   </div>
   <div class='ocr_carea' id='block_1_43' title="bbox 567 2897 2156 2972">
    <p class='ocr_par' dir='ltr' id='par_1_43' title="bbox 567 2897 2156 2972">
     <span class='ocr_line' id='line_1_43' title="bbox 567 2897 2156 2972; baseline 0.004 -23"><span class='ocrx_word' id='word_1_319' title='bbox 567 2903 650 2950; x_wconf 92' lang='lat' dir='ltr'><strong>est</strong></span> <span class='ocrx_word' id='word_1_320' title='bbox 677 2911 864 2952; x_wconf 89' lang='lat' dir='ltr'><strong>revera</strong></span> <span class='ocrx_word' id='word_1_321' title='bbox 890 2897 964 2954; x_wconf 90' lang='lat' dir='ltr'><strong>illi</strong></span> <span class='ocrx_word' id='word_1_322' title='bbox 990 2899 1248 2970; x_wconf 88' lang='lat' dir='ltr'><strong>psallere,</strong></span> <span class='ocrx_word' id='word_1_323' title='bbox 1274 2901 1537 2958; x_wconf 88' lang='lat' dir='ltr'><strong>universis</strong></span> <span class='ocrx_word' id='word_1_324' title='bbox 1563 2901 1816 2972; x_wconf 77' lang='lat' dir='ltr'><strong>gentibus</strong></span> <span class='ocrx_word' id='word_1_325' title='bbox 1843 2900 1963 2972; x_wconf 89' lang='lat' dir='ltr'><strong>ejus</strong></span> <span class='ocrx_word' id='word_1_326' title='bbox 1989 2901 2156 2956; x_wconf 87' lang='lat' dir='ltr'><strong>mira-</strong></span> 
     </span>
    </p>
   </div>
   <div class='ocr_carea' id='block_1_44' title="bbox 567 2987 2156 3063">
    <p class='ocr_par' dir='ltr' id='par_1_44' title="bbox 567 2987 2156 3063">
     <span class='ocr_line' id='line_1_44' title="bbox 567 2987 2156 3063; baseline 0.004 -22"><span class='ocrx_word' id='word_1_327' title='bbox 567 2987 698 3042; x_wconf 89' lang='lat' dir='ltr'><strong>bilia</strong></span> <span class='ocrx_word' id='word_1_328' title='bbox 734 2987 1002 3045; x_wconf 86' lang='lat' dir='ltr'><strong>nuntiare.</strong></span> <span class='ocrx_word' id='word_1_329' title='bbox 1034 2990 1191 3047; x_wconf 91' lang='lat' dir='ltr'><strong>Unde</strong></span> <span class='ocrx_word' id='word_1_330' title='bbox 1237 2991 1538 3063; x_wconf 75' lang='lat' dir='ltr'><strong>intelligere</strong></span> <span class='ocrx_word' id='word_1_331' title='bbox 1581 3007 1868 3063; x_wconf 87' lang='lat' dir='ltr'><strong>possumus</strong></span> <span class='ocrx_word' id='word_1_332' title='bbox 1909 2994 1966 3048; x_wconf 90' lang='lat' dir='ltr'><strong>in</strong></span> <span class='ocrx_word' id='word_1_333' title='bbox 2008 2993 2156 3048; x_wconf 90' lang='lat' dir='ltr'><strong>omni</strong></span> 
     </span>
    </p>
   </div>
   <div class='ocr_carea' id='block_1_45' title="bbox 569 3079 2154 3156">
    <p class='ocr_par' dir='ltr' id='par_1_45' title="bbox 569 3079 2154 3156">
     <span class='ocr_line' id='line_1_45' title="bbox 569 3079 2154 3156; baseline 0.004 -25"><span class='ocrx_word' id='word_1_334' title='bbox 569 3091 691 3133; x_wconf 89' lang='lat' dir='ltr'><strong>actu</strong></span> <span class='ocrx_word' id='word_1_335' title='bbox 733 3079 1087 3150; x_wconf 85' lang='lat' dir='ltr'><strong>psalmodiam</strong></span> <span class='ocrx_word' id='word_1_336' title='bbox 1122 3092 1494 3153; x_wconf 90' lang='lat' dir='ltr'><strong>competenter</strong></span> <span class='ocrx_word' id='word_1_337' title='bbox 1529 3083 1658 3151; x_wconf 91' lang='lat' dir='ltr'><strong>dici,</strong></span> <span class='ocrx_word' id='word_1_338' title='bbox 1687 3083 1947 3156; x_wconf 89' lang='lat' dir='ltr'><strong>quidquid</strong></span> <span class='ocrx_word' id='word_1_339' title='bbox 1977 3091 2154 3154; x_wconf 83' lang='lat' dir='ltr'><strong>potest</strong></span> 
     </span>
    </p>
   </div>
   <div class='ocr_carea' id='block_1_46' title="bbox 571 3171 2155 3248">
    <p class='ocr_par' dir='ltr' id='par_1_46' title="bbox 571 3171 2155 3248">
     <span class='ocr_line' id='line_1_46' title="bbox 571 3171 2155 3248; baseline 0.004 -23"><span class='ocrx_word' id='word_1_340' title='bbox 571 3171 782 3226; x_wconf 87' lang='lat' dir='ltr'><strong>Domini</strong></span> <span class='ocrx_word' id='word_1_341' title='bbox 809 3172 1058 3229; x_wconf 90' lang='lat' dir='ltr'><strong>laudibus</strong></span> <span class='ocrx_word' id='word_1_342' title='bbox 1082 3173 1361 3245; x_wconf 89' lang='lat' dir='ltr'><strong>applicari.</strong></span> <span class='ocrx_word' id='word_1_343' title='bbox 1390 3175 1719 3238; x_wconf 38' lang='lat' dir='ltr'><strong>Intuendum.</strong></span> <span class='ocrx_word' id='word_1_344' title='bbox 1741 3185 1823 3231; x_wconf 90' lang='lat' dir='ltr'><strong>est</strong></span> <span class='ocrx_word' id='word_1_345' title='bbox 1848 3175 2009 3231; x_wconf 88' lang='lat' dir='ltr'><strong>etiam</strong></span> <span class='ocrx_word' id='word_1_346' title='bbox 2029 3176 2155 3248; x_wconf 88' lang='lat' dir='ltr'><strong>quia</strong></span> 
     </span>
    </p>
   </div>
   <div class='ocr_carea' id='block_1_47' title="bbox 569 3262 2156 3342">
    <p class='ocr_par' dir='ltr' id='par_1_47' title="bbox 569 3262 2156 3342">
     <span class='ocr_line' id='line_1_47' title="bbox 569 3262 2156 3342; baseline 0.003 -22"><span class='ocrx_word' id='word_1_347' title='bbox 569 3262 675 3321; x_wconf 86' lang='lat' dir='ltr'><strong>hoc</strong></span> <span class='ocrx_word' id='word_1_348' title='bbox 719 3281 814 3338; x_wconf 88' lang='lat' dir='ltr'><strong>per</strong></span> <span class='ocrx_word' id='word_1_349' title='bbox 856 3267 1225 3325; x_wconf 83' lang='lat' dir='ltr'><strong>deﬁnitionem</strong></span> <span class='ocrx_word' id='word_1_350' title='bbox 1253 3269 1509 3328; x_wconf 83' lang='lat' dir='ltr'><strong>decenter</strong></span> <span class='ocrx_word' id='word_1_351' title='bbox 1531 3268 1852 3342; x_wconf 87' lang='lat' dir='ltr'><strong>explicatum</strong></span> <span class='ocrx_word' id='word_1_352' title='bbox 1881 3279 1992 3336; x_wconf 90' lang='lat' dir='ltr'><strong>est;</strong></span> <span class='ocrx_word' id='word_1_353' title='bbox 2025 3269 2156 3326; x_wconf 88' lang='lat' dir='ltr'><strong>dicit</strong></span> 
     </span>
    </p>
   </div>
   <div class='ocr_carea' id='block_1_48' title="bbox 569 3360 2156 3440">
    <p class='ocr_par' dir='ltr' id='par_1_48' title="bbox 569 3360 2156 3440">
     <span class='ocr_line' id='line_1_48' title="bbox 569 3360 2156 3440; baseline 0.004 -25"><span class='ocrx_word' id='word_1_354' title='bbox 569 3360 714 3418; x_wconf 90' lang='lat' dir='ltr'><strong>enim</strong></span> <span class='ocrx_word' id='word_1_355' title='bbox 753 3361 842 3420; x_wconf 90' lang='lat' dir='ltr'><strong>cui</strong></span> <span class='ocrx_word' id='word_1_356' title='bbox 884 3361 1108 3420; x_wconf 87' lang='lat' dir='ltr'><strong>Domino</strong></span> <span class='ocrx_word' id='word_1_357' title='bbox 1148 3365 1472 3438; x_wconf 84' lang='lat' dir='ltr'><strong>psalleretur,</strong></span> <span class='ocrx_word' id='word_1_358' title='bbox 1506 3364 1562 3422; x_wconf 91' lang='lat' dir='ltr'><strong>id</strong></span> <span class='ocrx_word' id='word_1_359' title='bbox 1601 3375 1706 3440; x_wconf 84' lang='lat' dir='ltr'><strong>est,</strong></span> <span class='ocrx_word' id='word_1_360' title='bbox 1735 3368 1824 3439; x_wconf 88' lang='lat' dir='ltr'><strong>qui</strong></span> <span class='ocrx_word' id='word_1_361' title='bbox 1866 3365 2062 3422; x_wconf 83' lang='lat' dir='ltr'><strong>habitat</strong></span> <span class='ocrx_word' id='word_1_362' title='bbox 2098 3365 2156 3422; x_wconf 86' lang='lat' dir='ltr'><strong>in</strong></span> 
     </span>
    </p>
   </div>
   <div class='ocr_carea' id='block_1_49' title="bbox 572 3449 725 3507">
    <p class='ocr_par' dir='ltr' id='par_1_49' title="bbox 572 3449 725 3507">
     <span class='ocr_line' id='line_1_49' title="bbox 572 3449 725 3507; baseline -0.007 0"><span class='ocrx_word' id='word_1_363' title='bbox 572 3449 725 3507; x_wconf 84' lang='lat' dir='ltr'><strong>Sion.</strong></span> 
     </span>
    </p>
   </div>
   <div class='ocr_carea' id='block_1_50' title="bbox 643 3543 2157 3624">
    <p class='ocr_par' dir='ltr' id='par_1_50' title="bbox 643 3543 2157 3624">
     <span class='ocr_line' id='line_1_50' title="bbox 643 3543 2157 3624; baseline 0.005 -24"><span class='ocrx_word' id='word_1_364' title='bbox 643 3543 800 3604; x_wconf 82' lang='lat' dir='ltr'><strong>Vcrs.</strong></span> <span class='ocrx_word' id='word_1_365' title='bbox 825 3549 913 3606; x_wconf 75' lang='lat'><strong>12.</strong></span> <span class='ocrx_word' id='word_1_366' title='bbox 944 3549 1202 3618; x_wconf 83' lang='lat' dir='ltr'><strong>Quoniam</strong></span> <span class='ocrx_word' id='word_1_367' title='bbox 1235 3552 1495 3623; x_wconf 81' lang='lat' dir='ltr'><strong>requirens</strong></span> <span class='ocrx_word' id='word_1_368' title='bbox 1522 3556 1822 3624; x_wconf 78' lang='lat' dir='ltr'><strong>sanguinem</strong></span> <span class='ocrx_word' id='word_1_369' title='bbox 1848 3568 2025 3609; x_wconf 88' lang='lat' dir='ltr'><strong>eorum</strong></span> <span class='ocrx_word' id='word_1_370' title='bbox 2048 3567 2157 3607; x_wconf 83' lang='lat' dir='ltr'><strong>me-</strong></span> 
     </span>
    </p>
   </div>
   <div class='ocr_carea' id='block_1_51' title="bbox 573 3642 2156 3716">
    <p class='ocr_par' dir='ltr' id='par_1_51' title="bbox 573 3642 2156 3716">
     <span class='ocr_line' id='line_1_51' title="bbox 573 3642 2156 3716; baseline 0.006 -27"><span class='ocrx_word' id='word_1_371' title='bbox 573 3646 799 3694; x_wconf 86' lang='lat' dir='ltr'><strong>moratus</strong></span> <span class='ocrx_word' id='word_1_372' title='bbox 819 3650 889 3695; x_wconf 82' lang='lat' dir='ltr'><strong>est</strong></span> <span class='ocrx_word' id='word_1_373' title='bbox 913 3655 933 3696; x_wconf 89' lang='lat'><strong><em>:</em></strong></span> <span class='ocrx_word' id='word_1_374' title='bbox 954 3658 1056 3697; x_wconf 86' lang='lat' dir='ltr'><strong>non</strong></span> <span class='ocrx_word' id='word_1_375' title='bbox 1081 3650 1158 3698; x_wconf 85' lang='lat' dir='ltr'><strong>est</strong></span> <span class='ocrx_word' id='word_1_376' title='bbox 1177 3642 1362 3699; x_wconf 79' lang='lat' dir='ltr'><strong>oblitus</strong></span> <span class='ocrx_word' id='word_1_377' title='bbox 1385 3644 1666 3700; x_wconf 82' lang='lat' dir='ltr'><strong>orationem</strong></span> <span class='ocrx_word' id='word_1_378' title='bbox 1689 3659 1993 3716; x_wconf 78' lang='lat' dir='ltr'><strong>pauperum.</strong></span> <span class='ocrx_word' id='word_1_379' title='bbox 2017 3644 2156 3711; x_wconf 82' lang='lat' dir='ltr'><strong>Quia</strong></span> 
     </span>
    </p>
   </div>
   <div class='ocr_carea' id='block_1_52' title="bbox 572 3731 2157 3806">
    <p class='ocr_par' dir='ltr' id='par_1_52' title="bbox 572 3731 2157 3806">
     <span class='ocr_line' id='line_1_52' title="bbox 572 3731 2157 3806; baseline 0.004 -21"><span class='ocrx_word' id='word_1_380' title='bbox 572 3731 822 3801; x_wconf 84' lang='lat' dir='ltr'><strong>superius</strong></span> <span class='ocrx_word' id='word_1_381' title='bbox 849 3731 1056 3789; x_wconf 87' lang='lat' dir='ltr'><strong>dixerat</strong></span> <span class='ocrx_word' id='word_1_382' title='bbox 1084 3751 1098 3790; x_wconf 88' lang='lat'><strong>:</strong></span> <span class='ocrx_word' id='word_1_383' title='bbox 1128 3733 1390 3792; x_wconf 87' lang='lat' dir='ltr'><strong>Gentibus</strong></span> <span class='ocrx_word' id='word_1_384' title='bbox 1417 3736 1726 3806; x_wconf 58' lang='lat' dir='ltr'><strong>pradicate,</strong></span> <span class='ocrx_word' id='word_1_385' title='bbox 1756 3747 1811 3794; x_wconf 90' lang='lat' dir='ltr'><strong>et</strong></span> <span class='ocrx_word' id='word_1_386' title='bbox 1835 3737 2035 3792; x_wconf 84' lang='lat' dir='ltr'><strong>multos</strong></span> <span class='ocrx_word' id='word_1_387' title='bbox 2062 3749 2157 3792; x_wconf 88' lang='lat' dir='ltr'><strong>eo-</strong></span> 
     </span>
    </p>
   </div>
   <div class='ocr_carea' id='block_1_53' title="bbox 572 3829 2156 3900">
    <p class='ocr_par' dir='ltr' id='par_1_53' title="bbox 572 3829 2156 3900">
     <span class='ocr_line' id='line_1_53' title="bbox 572 3829 2156 3900; baseline 0.004 -20"><span class='ocrx_word' id='word_1_388' title='bbox 572 3840 694 3880; x_wconf 91' lang='lat' dir='ltr'><strong>rum</strong></span> <span class='ocrx_word' id='word_1_389' title='bbox 722 3835 935 3885; x_wconf 89' lang='lat' dir='ltr'><strong>constat</strong></span> <span class='ocrx_word' id='word_1_390' title='bbox 959 3829 1167 3886; x_wconf 89' lang='lat' dir='ltr'><strong>occisos</strong></span> <span class='ocrx_word' id='word_1_391' title='bbox 1197 3845 1214 3885; x_wconf 90' lang='lat'><strong>:</strong></span> <span class='ocrx_word' id='word_1_392' title='bbox 1247 3845 1316 3886; x_wconf 92' lang='lat' dir='ltr'><strong>ne</strong></span> <span class='ocrx_word' id='word_1_393' title='bbox 1342 3829 1463 3900; x_wconf 90' lang='lat' dir='ltr'><strong>quis</strong></span> <span class='ocrx_word' id='word_1_394' title='bbox 1502 3841 1717 3900; x_wconf 85' lang='lat' dir='ltr'><strong>putaret</strong></span> <span class='ocrx_word' id='word_1_395' title='bbox 1759 3830 1990 3886; x_wconf 88' lang='lat' dir='ltr'><strong>inultum</strong></span> <span class='ocrx_word' id='word_1_396' title='bbox 2031 3841 2156 3886; x_wconf 85' lang='lat' dir='ltr'><strong>esse</strong></span> 
     </span>
    </p>
   </div>
   <div class='ocr_carea' id='block_1_54' title="bbox 573 3919 2154 3996">
    <p class='ocr_par' dir='ltr' id='par_1_54' title="bbox 573 3919 2154 3996">
     <span class='ocr_line' id='line_1_54' title="bbox 573 3919 2154 3996; baseline 0.004 -22"><span class='ocrx_word' id='word_1_397' title='bbox 573 3919 716 3990; x_wconf 92' lang='lat' dir='ltr'><strong>quod</strong></span> <span class='ocrx_word' id='word_1_398' title='bbox 745 3932 953 3992; x_wconf 90' lang='lat' dir='ltr'><strong>gestum</strong></span> <span class='ocrx_word' id='word_1_399' title='bbox 981 3932 1085 3992; x_wconf 89' lang='lat' dir='ltr'><strong>est,</strong></span> <span class='ocrx_word' id='word_1_400' title='bbox 1115 3923 1355 3996; x_wconf 87' lang='lat' dir='ltr'><strong>sequitur</strong></span> <span class='ocrx_word' id='word_1_401' title='bbox 1385 3924 1701 3995; x_wconf 86' lang='lat' dir='ltr'><strong>sanguinem</strong></span> <span class='ocrx_word' id='word_1_402' title='bbox 1743 3932 2042 3992; x_wconf 82' lang='lat' dir='ltr'><strong>martyrum</strong></span> <span class='ocrx_word' id='word_1_403' title='bbox 2083 3920 2154 3980; x_wconf 85' lang='lat' dir='ltr'><strong>ab</strong></span> 
     </span>
    </p>
   </div>
   <div class='ocr_carea' id='block_1_55' title="bbox 574 4015 2158 4092">
    <p class='ocr_par' dir='ltr' id='par_1_55' title="bbox 574 4015 2158 4092">
     <span class='ocr_line' id='line_1_55' title="bbox 574 4015 2158 4092; baseline 0.004 -25"><span class='ocrx_word' id='word_1_404' title='bbox 574 4015 752 4085; x_wconf 89' lang='lat' dir='ltr'><strong>impiis</strong></span> <span class='ocrx_word' id='word_1_405' title='bbox 781 4020 1213 4087; x_wconf 89' lang='lat' dir='ltr'><strong>persecutoribus</strong></span> <span class='ocrx_word' id='word_1_406' title='bbox 1240 4036 1361 4078; x_wconf 90' lang='lat' dir='ltr'><strong>esse</strong></span> <span class='ocrx_word' id='word_1_407' title='bbox 1388 4020 1793 4092; x_wconf 89' lang='lat' dir='ltr'><strong>requirendum.</strong></span> <span class='ocrx_word' id='word_1_408' title='bbox 1829 4028 1886 4076; x_wconf 93' lang='lat' dir='ltr'><strong>ut</strong></span> <span class='ocrx_word' id='word_1_409' title='bbox 1915 4019 1972 4074; x_wconf 92' lang='lat' dir='ltr'><strong>in</strong></span> <span class='ocrx_word' id='word_1_410' title='bbox 1998 4024 2158 4073; x_wconf 79' lang='lat' dir='ltr'><strong>teter-</strong></span> 
     </span>
    </p>
   </div>
   <div class='ocr_carea' id='block_1_56' title="bbox 571 4109 2156 4187">
    <p class='ocr_par' dir='ltr' id='par_1_56' title="bbox 571 4109 2156 4187">
     <span class='ocr_line' id='line_1_56' title="bbox 571 4109 2156 4187; baseline -0.001 -21"><span class='ocrx_word' id='word_1_411' title='bbox 571 4124 702 4166; x_wconf 91' lang='lat' dir='ltr'><strong>num</strong></span> <span class='ocrx_word' id='word_1_412' title='bbox 729 4113 989 4184; x_wconf 88' lang='lat' dir='ltr'><strong>recipiant</strong></span> <span class='ocrx_word' id='word_1_413' title='bbox 1030 4114 1174 4187; x_wconf 93' lang='lat' dir='ltr'><strong>quod</strong></span> <span class='ocrx_word' id='word_1_414' title='bbox 1207 4115 1572 4186; x_wconf 86' lang='lat' dir='ltr'><strong>temporaliter</strong></span> <span class='ocrx_word' id='word_1_415' title='bbox 1601 4115 1910 4172; x_wconf 75' lang='lat' dir='ltr'><strong>effecerunt.</strong></span> <span class='ocrx_word' id='word_1_416' title='bbox 1957 4109 2156 4166; x_wconf 79' lang='lat' dir='ltr'><strong>Memo-</strong></span> 
     </span>
    </p>
   </div>
   <div class='ocr_carea' id='block_1_57' title="bbox 568 4206 2156 4278">
    <p class='ocr_par' dir='ltr' id='par_1_57' title="bbox 568 4206 2156 4278">
     <span class='ocr_line' id='line_1_57' title="bbox 568 4206 2156 4278; baseline 0.003 -24"><span class='ocrx_word' id='word_1_417' title='bbox 568 4211 715 4256; x_wconf 85' lang='lat' dir='ltr'><strong>ratus</strong></span> <span class='ocrx_word' id='word_1_418' title='bbox 744 4211 836 4270; x_wconf 83' lang='lat' dir='ltr'><strong>est,</strong></span> <span class='ocrx_word' id='word_1_419' title='bbox 864 4206 1183 4264; x_wconf 86' lang='lat' dir='ltr'><strong>mirabiliter</strong></span> <span class='ocrx_word' id='word_1_420' title='bbox 1204 4208 1272 4264; x_wconf 90' lang='lat' dir='ltr'><strong>ad</strong></span> <span class='ocrx_word' id='word_1_421' title='bbox 1297 4218 1584 4278; x_wconf 85' lang='lat' dir='ltr'><strong>utrumque</strong></span> <span class='ocrx_word' id='word_1_422' title='bbox 1611 4206 1845 4277; x_wconf 86' lang='lat' dir='ltr'><strong>positum</strong></span> <span class='ocrx_word' id='word_1_423' title='bbox 1871 4211 1956 4260; x_wconf 92' lang='lat' dir='ltr'><strong>est</strong></span> <span class='ocrx_word' id='word_1_424' title='bbox 1981 4221 1995 4258; x_wconf 91' lang='lat'>:</span> <span class='ocrx_word' id='word_1_425' title='bbox 2022 4209 2080 4258; x_wconf 89' lang='lat' dir='ltr'><strong>ut</strong></span> <span class='ocrx_word' id='word_1_426' title='bbox 2097 4211 2156 4258; x_wconf 86' lang='lat' dir='ltr'><strong>et</strong></span> 
     </span>
    </p>
   </div>
   <div class='ocr_carea' id='block_1_58' title="bbox 569 4293 2156 4368">
    <p class='ocr_par' dir='ltr' id='par_1_58' title="bbox 569 4293 2156 4368">
     <span class='ocr_line' id='line_1_58' title="bbox 569 4293 2156 4368; baseline 0.002 -21"><span class='ocrx_word' id='word_1_427' title='bbox 569 4303 944 4364; x_wconf 87' lang='lat' dir='ltr'><strong>persecutores</strong></span> <span class='ocrx_word' id='word_1_428' title='bbox 971 4298 1200 4354; x_wconf 88' lang='lat' dir='ltr'><strong>vindicta</strong></span> <span class='ocrx_word' id='word_1_429' title='bbox 1228 4307 1477 4366; x_wconf 89' lang='lat' dir='ltr'><strong>terreret,</strong></span> <span class='ocrx_word' id='word_1_430' title='bbox 1499 4307 1554 4354; x_wconf 82' lang='lat' dir='ltr'><strong>et</strong></span> <span class='ocrx_word' id='word_1_431' title='bbox 1575 4308 1840 4368; x_wconf 80' lang='lat' dir='ltr'><strong>martyres</strong></span> <span class='ocrx_word' id='word_1_432' title='bbox 1869 4293 2156 4366; x_wconf 85' lang='lat' dir='ltr'><strong>promissio</strong></span> 
     </span>
    </p>
   </div>
   <div class='ocr_carea' id='block_1_59' title="bbox 569 4384 2153 4455">
    <p class='ocr_par' dir='ltr' id='par_1_59' title="bbox 569 4384 2153 4455">
     <span class='ocr_line' id='line_1_59' title="bbox 569 4384 2153 4455; baseline 0 -15"><span class='ocrx_word' id='word_1_433' title='bbox 569 4384 802 4455; x_wconf 88' lang='lat' dir='ltr'><strong>benigna</strong></span> <span class='ocrx_word' id='word_1_434' title='bbox 831 4385 1095 4443; x_wconf 89' lang='lat' dir='ltr'><strong>reﬁceret.</strong></span> <span class='ocrx_word' id='word_1_435' title='bbox 1124 4387 1250 4442; x_wconf 87' lang='lat' dir='ltr'><strong>Non</strong></span> <span class='ocrx_word' id='word_1_436' title='bbox 1277 4398 1348 4444; x_wconf 90' lang='lat' dir='ltr'><strong>est</strong></span> <span class='ocrx_word' id='word_1_437' title='bbox 1379 4389 1586 4455; x_wconf 87' lang='lat' dir='ltr'><strong>oblitus,</strong></span> <span class='ocrx_word' id='word_1_438' title='bbox 1614 4389 1681 4442; x_wconf 90' lang='lat' dir='ltr'><strong>ad</strong></span> <span class='ocrx_word' id='word_1_439' title='bbox 1709 4385 2153 4454; x_wconf 63' lang='lat' dir='ltr'><strong>conquerendum</strong></span> 
     </span>
    </p>
   </div>
   <div class='ocr_carea' id='block_1_60' title="bbox 566 4473 2154 4551">
    <p class='ocr_par' dir='ltr' id='par_1_60' title="bbox 566 4473 2154 4551">
     <span class='ocr_line' id='line_1_60' title="bbox 566 4473 2154 4551; baseline 0 -15"><span class='ocrx_word' id='word_1_440' title='bbox 566 4473 936 4536; x_wconf 82' lang='lat' dir='ltr'><strong>inﬁrmitatem</strong></span> <span class='ocrx_word' id='word_1_441' title='bbox 979 4480 1176 4536; x_wconf 92' lang='lat' dir='ltr'><strong>dicitur</strong></span> <span class='ocrx_word' id='word_1_442' title='bbox 1215 4481 1594 4548; x_wconf 78' lang='lat' dir='ltr'><strong>roborandam,</strong></span> <span class='ocrx_word' id='word_1_443' title='bbox 1631 4480 1725 4550; x_wconf 85' lang='lat' dir='ltr'><strong>qui</strong></span> <span class='ocrx_word' id='word_1_444' title='bbox 1768 4488 1986 4551; x_wconf 84' lang='lat' dir='ltr'><strong>propter</strong></span> <span class='ocrx_word' id='word_1_445' title='bbox 2031 4479 2154 4536; x_wconf 89' lang='lat' dir='ltr'><strong>lon-</strong></span> 
     </span>
    </p>
   </div>
   <div class='ocr_carea' id='block_1_61' title="bbox 567 4569 2154 4644">
    <p class='ocr_par' dir='ltr' id='par_1_61' title="bbox 567 4569 2154 4644">
     <span class='ocr_line' id='line_1_61' title="bbox 567 4569 2154 4644; baseline 0.002 -19"><span class='ocrx_word' id='word_1_446' title='bbox 567 4569 916 4642; x_wconf 77' lang='lat' dir='ltr'><strong>ginquitatem</strong></span> <span class='ocrx_word' id='word_1_447' title='bbox 963 4573 1128 4629; x_wconf 88' lang='lat' dir='ltr'><strong>futuri</strong></span> <span class='ocrx_word' id='word_1_448' title='bbox 1170 4572 1358 4644; x_wconf 90' lang='lat' dir='ltr'><strong>judicii</strong></span> <span class='ocrx_word' id='word_1_449' title='bbox 1393 4574 1781 4630; x_wconf 80' lang='lat' dir='ltr'><strong>retributiones</strong></span> <span class='ocrx_word' id='word_1_450' title='bbox 1807 4572 1977 4629; x_wconf 88' lang='lat' dir='ltr'><strong>Deum</strong></span> <span class='ocrx_word' id='word_1_451' title='bbox 2007 4572 2154 4628; x_wconf 61' lang='lat' dir='ltr'><strong>testia</strong></span> 
     </span>
    </p>
   </div>
   <div class='ocr_carea' id='block_1_62' title="bbox 2254 1973 3833 2047">
    <p class='ocr_par' dir='ltr' id='par_1_62' title="bbox 2254 1973 3833 2047">
     <span class='ocr_line' id='line_1_62' title="bbox 2254 1973 3833 2047; baseline 0.002 -16"><span class='ocrx_word' id='word_1_452' title='bbox 2254 1990 2453 2032; x_wconf 91' lang='lat' dir='ltr'><strong>nomen</strong></span> <span class='ocrx_word' id='word_1_453' title='bbox 2473 1976 2592 2047; x_wconf 90' lang='lat' dir='ltr'><strong>ejus</strong></span> <span class='ocrx_word' id='word_1_454' title='bbox 2611 1973 2869 2032; x_wconf 88' lang='lat' dir='ltr'><strong>eximium</strong></span> <span class='ocrx_word' id='word_1_455' title='bbox 2897 1983 3009 2031; x_wconf 91' lang='lat' dir='ltr'><strong>toto</strong></span> <span class='ocrx_word' id='word_1_456' title='bbox 3027 1975 3158 2032; x_wconf 91' lang='lat' dir='ltr'><strong>orbe</strong></span> <span class='ocrx_word' id='word_1_457' title='bbox 3177 1977 3501 2034; x_wconf 87' lang='lat' dir='ltr'><strong>celebratur.</strong></span> <span class='ocrx_word' id='word_1_458' title='bbox 3528 1976 3658 2034; x_wconf 84' lang='lat' dir='ltr'><strong>Sion</strong></span> <span class='ocrx_word' id='word_1_459' title='bbox 3681 1977 3833 2034; x_wconf 77' lang='lat' dir='ltr'><strong>enim</strong></span> 
     </span>
    </p>
   </div>
   <div class='ocr_carea' id='block_1_63' title="bbox 2251 2071 3839 2144">
    <p class='ocr_par' dir='ltr' id='par_1_63' title="bbox 2251 2071 3839 2144">
     <span class='ocr_line' id='line_1_63' title="bbox 2251 2071 3839 2144; baseline 0.003 -16"><span class='ocrx_word' id='word_1_460' title='bbox 2251 2071 2486 2143; x_wconf 88' lang='lat' dir='ltr'><strong>reliquas</strong></span> <span class='ocrx_word' id='word_1_461' title='bbox 2535 2072 2721 2127; x_wconf 90' lang='lat' dir='ltr'><strong>mundi</strong></span> <span class='ocrx_word' id='word_1_462' title='bbox 2765 2072 3041 2141; x_wconf 79' lang='lat' dir='ltr'><strong>generavit</strong></span> <span class='ocrx_word' id='word_1_463' title='bbox 3089 2071 3354 2132; x_wconf 85' lang='lat' dir='ltr'><strong>Ecclesias</strong></span> <span class='ocrx_word' id='word_1_464' title='bbox 3379 2113 3395 2139; x_wconf 91' lang='lat'><strong>,</strong></span> <span class='ocrx_word' id='word_1_465' title='bbox 3452 2073 3576 2144; x_wconf 85' lang='lat' dir='ltr'><strong>quia</strong></span> <span class='ocrx_word' id='word_1_466' title='bbox 3624 2073 3698 2130; x_wconf 88' lang='lat' dir='ltr'><strong>ibi</strong></span> <span class='ocrx_word' id='word_1_467' title='bbox 3747 2090 3839 2132; x_wconf 78' lang='lat' dir='ltr'><strong>na-</strong></span> 
     </span>
    </p>
   </div>
   <div class='ocr_carea' id='block_1_64' title="bbox 2253 2167 3836 2237">
    <p class='ocr_par' dir='ltr' id='par_1_64' title="bbox 2253 2167 3836 2237">
     <span class='ocr_line' id='line_1_64' title="bbox 2253 2167 3836 2237; baseline 0.001 -13"><span class='ocrx_word' id='word_1_468' title='bbox 2253 2179 2365 2224; x_wconf 91' lang='lat' dir='ltr'><strong>tum</strong></span> <span class='ocrx_word' id='word_1_469' title='bbox 2394 2179 2478 2225; x_wconf 90' lang='lat' dir='ltr'><strong>est</strong></span> <span class='ocrx_word' id='word_1_470' title='bbox 2503 2169 2646 2223; x_wconf 89' lang='lat' dir='ltr'><strong>unde</strong></span> <span class='ocrx_word' id='word_1_471' title='bbox 2674 2167 2800 2224; x_wconf 88' lang='lat' dir='ltr'><strong>hdei</strong></span> <span class='ocrx_word' id='word_1_472' title='bbox 2827 2177 3025 2224; x_wconf 56' lang='lat' dir='ltr'><strong>nostra;</strong></span> <span class='ocrx_word' id='word_1_473' title='bbox 3053 2169 3264 2226; x_wconf 90' lang='lat' dir='ltr'><strong>venisse</strong></span> <span class='ocrx_word' id='word_1_474' title='bbox 3290 2177 3502 2226; x_wconf 88' lang='lat' dir='ltr'><strong>constat</strong></span> <span class='ocrx_word' id='word_1_475' title='bbox 3527 2169 3836 2237; x_wconf 86' lang='lat' dir='ltr'><strong>exordium,</strong></span> 
     </span>
    </p>
   </div>
   <div class='ocr_carea' id='block_1_65' title="bbox 2249 2259 3842 2331">
    <p class='ocr_par' dir='ltr' id='par_1_65' title="bbox 2249 2259 3842 2331">
     <span class='ocr_line' id='line_1_65' title="bbox 2249 2259 3842 2331; baseline 0.001 -16"><span class='ocrx_word' id='word_1_476' title='bbox 2249 2259 2392 2331; x_wconf 88' lang='lat' dir='ltr'><strong>quod</strong></span> <span class='ocrx_word' id='word_1_477' title='bbox 2426 2259 2665 2316; x_wconf 87' lang='lat' dir='ltr'><strong>manavit</strong></span> <span class='ocrx_word' id='word_1_478' title='bbox 2691 2260 2850 2315; x_wconf 88' lang='lat' dir='ltr'><strong>latius</strong></span> <span class='ocrx_word' id='word_1_479' title='bbox 2879 2260 2931 2315; x_wconf 94' lang='lat' dir='ltr'><strong>in</strong></span> <span class='ocrx_word' id='word_1_480' title='bbox 2969 2270 3080 2315; x_wconf 94' lang='lat' dir='ltr'><strong>toto</strong></span> <span class='ocrx_word' id='word_1_481' title='bbox 3111 2260 3243 2317; x_wconf 91' lang='lat' dir='ltr'><strong>orbe</strong></span> <span class='ocrx_word' id='word_1_482' title='bbox 3275 2271 3562 2318; x_wconf 90' lang='lat' dir='ltr'><strong>terrarum.</strong></span> <span class='ocrx_word' id='word_1_483' title='bbox 3597 2260 3842 2317; x_wconf 71' lang='lat' dir='ltr'><strong>Salutate</strong></span> 
     </span>
    </p>
   </div>
   <div class='ocr_carea' id='block_1_66' title="bbox 2257 2351 3839 2422">
    <p class='ocr_par' dir='ltr' id='par_1_66' title="bbox 2257 2351 3839 2422">
     <span class='ocr_line' id='line_1_66' title="bbox 2257 2351 3839 2422; baseline 0 -14"><span class='ocrx_word' id='word_1_484' title='bbox 2257 2352 2429 2410; x_wconf 85' lang='lat' dir='ltr'><strong>Patris</strong></span> <span class='ocrx_word' id='word_1_485' title='bbox 2458 2351 2705 2412; x_wconf 81' lang='lat' dir='ltr'><strong>Christus</strong></span> <span class='ocrx_word' id='word_1_486' title='bbox 2730 2359 2816 2408; x_wconf 85' lang='lat' dir='ltr'><strong>est</strong></span> <span class='ocrx_word' id='word_1_487' title='bbox 2839 2353 3121 2419; x_wconf 87' lang='lat' dir='ltr'><strong>Dominus,</strong></span> <span class='ocrx_word' id='word_1_488' title='bbox 3145 2354 3315 2410; x_wconf 89' lang='lat' dir='ltr'><strong>virtus</strong></span> <span class='ocrx_word' id='word_1_489' title='bbox 3335 2362 3389 2410; x_wconf 91' lang='lat' dir='ltr'><strong>et</strong></span> <span class='ocrx_word' id='word_1_490' title='bbox 3409 2354 3672 2422; x_wconf 85' lang='lat' dir='ltr'><strong>sapientia</strong></span> <span class='ocrx_word' id='word_1_491' title='bbox 3695 2355 3839 2422; x_wconf 85' lang='lat' dir='ltr'><strong>ejus,</strong></span> 
     </span>
    </p>
   </div>
   <div class='ocr_carea' id='block_1_67' title="bbox 2251 2445 3842 2524">
    <p class='ocr_par' dir='ltr' id='par_1_67' title="bbox 2251 2445 3842 2524">
     <span class='ocr_line' id='line_1_67' title="bbox 2251 2445 3842 2524; baseline 0 -24"><span class='ocrx_word' id='word_1_492' title='bbox 2251 2447 2345 2516; x_wconf 88' lang='lat' dir='ltr'><strong>qui</strong></span> <span class='ocrx_word' id='word_1_493' title='bbox 2375 2446 2530 2502; x_wconf 87' lang='lat' dir='ltr'><strong>nobis</strong></span> <span class='ocrx_word' id='word_1_494' title='bbox 2555 2454 2812 2502; x_wconf 68' lang='lat' dir='ltr'><strong>aeternam</strong></span> <span class='ocrx_word' id='word_1_495' title='bbox 2860 2446 3101 2524; x_wconf 76' lang='lat' dir='ltr'><strong>requiem</strong></span> <span class='ocrx_word' id='word_1_496' title='bbox 3129 2445 3318 2502; x_wconf 87' lang='lat' dir='ltr'><strong>tribuit</strong></span> <span class='ocrx_word' id='word_1_497' title='bbox 3357 2455 3411 2502; x_wconf 89' lang='lat' dir='ltr'><strong>et</strong></span> <span class='ocrx_word' id='word_1_498' title='bbox 3452 2445 3696 2501; x_wconf 86' lang='lat' dir='ltr'><strong>salutem.</strong></span> <span class='ocrx_word' id='word_1_499' title='bbox 3724 2445 3842 2501; x_wconf 74' lang='lat' dir='ltr'><strong>ble-</strong></span> 
     </span>
    </p>
   </div>
   <div class='ocr_carea' id='block_1_68' title="bbox 2256 2537 3838 2610">
    <p class='ocr_par' dir='ltr' id='par_1_68' title="bbox 2256 2537 3838 2610">
     <span class='ocr_line' id='line_1_68' title="bbox 2256 2537 3838 2610; baseline 0.003 -18"><span class='ocrx_word' id='word_1_500' title='bbox 2256 2537 2360 2592; x_wconf 91' lang='lat' dir='ltr'><strong>rito</strong></span> <span class='ocrx_word' id='word_1_501' title='bbox 2402 2552 2532 2607; x_wconf 87' lang='lat' dir='ltr'><strong>ergo</strong></span> <span class='ocrx_word' id='word_1_502' title='bbox 2573 2538 2835 2608; x_wconf 86' lang='lat' dir='ltr'><strong>pr0pheta</strong></span> <span class='ocrx_word' id='word_1_503' title='bbox 2883 2539 2937 2595; x_wconf 92' lang='lat' dir='ltr'><strong>in</strong></span> <span class='ocrx_word' id='word_1_504' title='bbox 2965 2542 3083 2610; x_wconf 84' lang='lat' dir='ltr'><strong>ipso</strong></span> <span class='ocrx_word' id='word_1_505' title='bbox 3129 2553 3192 2596; x_wconf 88' lang='lat' dir='ltr'><strong>se</strong></span> <span class='ocrx_word' id='word_1_506' title='bbox 3233 2538 3507 2596; x_wconf 85' lang='lat' dir='ltr'><strong>exsultare</strong></span> <span class='ocrx_word' id='word_1_507' title='bbox 3544 2538 3708 2607; x_wconf 88' lang='lat' dir='ltr'><strong>dicit,</strong></span> <span class='ocrx_word' id='word_1_508' title='bbox 3739 2537 3838 2596; x_wconf 76' lang='lat' dir='ltr'><strong>alii</strong></span> 
     </span>
    </p>
   </div>
   <div class='ocr_carea' id='block_1_69' title="bbox 2255 2627 3340 2699">
    <p class='ocr_par' dir='ltr' id='par_1_69' title="bbox 2255 2627 3340 2699">
     <span class='ocr_line' id='line_1_69' title="bbox 2255 2627 3340 2699; baseline 0.008 -17"><span class='ocrx_word' id='word_1_509' title='bbox 2255 2628 2429 2699; x_wconf 90' lang='lat' dir='ltr'><strong>gaudii</strong></span> <span class='ocrx_word' id='word_1_510' title='bbox 2458 2627 2635 2684; x_wconf 90' lang='lat' dir='ltr'><strong>nullus</strong></span> <span class='ocrx_word' id='word_1_511' title='bbox 2665 2641 2746 2685; x_wconf 87' lang='lat' dir='ltr'><strong>est</strong></span> <span class='ocrx_word' id='word_1_512' title='bbox 2780 2630 2921 2687; x_wconf 88' lang='lat' dir='ltr'><strong>ﬁnis.</strong></span> <span class='ocrx_word' id='word_1_513' title='bbox 3307 2653 3340 2673; x_wconf 69' lang='grc' dir='ltr'><strong>ι’</strong></span> 
     </span>
    </p>
   </div>
   <div class='ocr_carea' id='block_1_70' title="bbox 2327 2719 3838 2792">
    <p class='ocr_par' dir='ltr' id='par_1_70' title="bbox 2327 2719 3838 2792">
     <span class='ocr_line' id='line_1_70' title="bbox 2327 2719 3838 2792; baseline 0 -18"><span class='ocrx_word' id='word_1_514' title='bbox 2327 2719 2482 2776; x_wconf 81' lang='lat' dir='ltr'><strong>Vers.</strong></span> <span class='ocrx_word' id='word_1_515' title='bbox 2517 2721 2605 2776; x_wconf 83' lang='grc'><strong>15.</strong></span> <span class='ocrx_word' id='word_1_516' title='bbox 2631 2719 2822 2791; x_wconf 72' lang='lat' dir='ltr'><strong>Inﬁw</strong></span> <span class='ocrx_word' id='word_1_517' title='bbox 2852 2730 2974 2777; x_wconf 85' lang='lat' dir='ltr'><strong>sunt</strong></span> <span class='ocrx_word' id='word_1_518' title='bbox 2999 2730 3170 2792; x_wconf 81' lang='lat' dir='ltr'><strong>gentes</strong></span> <span class='ocrx_word' id='word_1_519' title='bbox 3197 2722 3254 2776; x_wconf 87' lang='lat' dir='ltr'><strong>in</strong></span> <span class='ocrx_word' id='word_1_520' title='bbox 3279 2722 3494 2776; x_wconf 85' lang='lat' dir='ltr'><strong>interitu</strong></span> <span class='ocrx_word' id='word_1_521' title='bbox 3519 2735 3671 2791; x_wconf 82' lang='lat' dir='ltr'><strong>quem</strong></span> <span class='ocrx_word' id='word_1_522' title='bbox 3699 2720 3838 2790; x_wconf 79' lang='lat' dir='ltr'><strong>{ece-</strong></span> 
     </span>
    </p>
   </div>
   <div class='ocr_carea' id='block_1_71' title="bbox 2241 2808 3839 2882">
    <p class='ocr_par' dir='ltr' id='par_1_71' title="bbox 2241 2808 3839 2882">
     <span class='ocr_line' id='line_1_71' title="bbox 2241 2808 3839 2882; baseline -0.003 -13"><span class='ocrx_word' id='word_1_523' title='bbox 2241 2821 2396 2869; x_wconf 67' lang='lat' dir='ltr'><strong>runt.</strong></span> <span class='ocrx_word' id='word_1_524' title='bbox 2427 2808 2494 2866; x_wconf 91' lang='lat' dir='ltr'><strong>In</strong></span> <span class='ocrx_word' id='word_1_525' title='bbox 2522 2810 2705 2881; x_wconf 85' lang='lat' dir='ltr'><strong>laqueo</strong></span> <span class='ocrx_word' id='word_1_526' title='bbox 2733 2812 2852 2880; x_wconf 85' lang='lat' dir='ltr'><strong>isto,</strong></span> <span class='ocrx_word' id='word_1_527' title='bbox 2879 2827 3032 2882; x_wconf 87' lang='lat' dir='ltr'><strong>quem</strong></span> <span class='ocrx_word' id='word_1_528' title='bbox 3059 2812 3464 2878; x_wconf 74' lang='lat' dir='ltr'><strong>occultaverunt,</strong></span> <span class='ocrx_word' id='word_1_529' title='bbox 3495 2809 3839 2881; x_wconf 79' lang='lat' dir='ltr'><strong>comprehen-</strong></span> 
     </span>
    </p>
   </div>
   <div class='ocr_carea' id='block_1_72' title="bbox 2255 2902 3840 2973">
    <p class='ocr_par' dir='ltr' id='par_1_72' title="bbox 2255 2902 3840 2973">
     <span class='ocr_line' id='line_1_72' title="bbox 2255 2902 3840 2973; baseline -0.001 -15"><span class='ocrx_word' id='word_1_530' title='bbox 2255 2918 2344 2958; x_wconf 84' lang='lat' dir='ltr'><strong>sus</strong></span> <span class='ocrx_word' id='word_1_531' title='bbox 2371 2913 2444 2958; x_wconf 90' lang='lat' dir='ltr'><strong>est</strong></span> <span class='ocrx_word' id='word_1_532' title='bbox 2471 2920 2558 2973; x_wconf 84' lang='lat' dir='ltr'><strong>pes</strong></span> <span class='ocrx_word' id='word_1_533' title='bbox 2583 2919 2780 2960; x_wconf 85' lang='lat' dir='ltr'><strong>eorum.</strong></span> <span class='ocrx_word' id='word_1_534' title='bbox 2804 2902 2860 2960; x_wconf 86' lang='lat' dir='ltr'><strong>In</strong></span> <span class='ocrx_word' id='word_1_535' title='bbox 2890 2903 2994 2959; x_wconf 88' lang='lat' dir='ltr'><strong>hoc</strong></span> <span class='ocrx_word' id='word_1_536' title='bbox 3020 2912 3077 2958; x_wconf 90' lang='lat' dir='ltr'><strong>et</strong></span> <span class='ocrx_word' id='word_1_537' title='bbox 3103 2903 3212 2958; x_wconf 90' lang='lat' dir='ltr'><strong>alio</strong></span> <span class='ocrx_word' id='word_1_538' title='bbox 3238 2916 3420 2968; x_wconf 85' lang='lat' dir='ltr'><strong>versu,</strong></span> <span class='ocrx_word' id='word_1_539' title='bbox 3453 2902 3546 2972; x_wconf 89' lang='lat' dir='ltr'><strong>qui</strong></span> <span class='ocrx_word' id='word_1_540' title='bbox 3573 2903 3840 2972; x_wconf 81' lang='lat' dir='ltr'><strong>sequitur.</strong></span> 
     </span>
    </p>
   </div>
   <div class='ocr_carea' id='block_1_73' title="bbox 2255 2993 3844 3065">
    <p class='ocr_par' dir='ltr' id='par_1_73' title="bbox 2255 2993 3844 3065">
     <span class='ocr_line' id='line_1_73' title="bbox 2255 2993 3844 3065; baseline -0.001 -15"><span class='ocrx_word' id='word_1_541' title='bbox 2255 2995 2542 3051; x_wconf 85' lang='lat' dir='ltr'><strong>retributio</strong></span> <span class='ocrx_word' id='word_1_542' title='bbox 2562 3005 2904 3064; x_wconf 84' lang='lat' dir='ltr'><strong>peccatorum</strong></span> <span class='ocrx_word' id='word_1_543' title='bbox 2937 3003 3186 3064; x_wconf 89' lang='lat' dir='ltr'><strong>potenter</strong></span> <span class='ocrx_word' id='word_1_544' title='bbox 3211 2993 3497 3064; x_wconf 87' lang='lat' dir='ltr'><strong>exponitur</strong></span> <span class='ocrx_word' id='word_1_545' title='bbox 3523 3009 3541 3048; x_wconf 88' lang='lat'><strong>:</strong></span> <span class='ocrx_word' id='word_1_546' title='bbox 3567 2995 3692 3065; x_wconf 88' lang='lat' dir='ltr'><strong>quia</strong></span> <span class='ocrx_word' id='word_1_547' title='bbox 3714 3008 3844 3064; x_wconf 86' lang='lat' dir='ltr'><strong>pro-</strong></span> 
     </span>
    </p>
   </div>
   <div class='ocr_carea' id='block_1_74' title="bbox 2259 3084 3840 3158">
    <p class='ocr_par' dir='ltr' id='par_1_74' title="bbox 2259 3084 3840 3158">
     <span class='ocr_line' id='line_1_74' title="bbox 2259 3084 3840 3158; baseline -0.001 -16"><span class='ocrx_word' id='word_1_548' title='bbox 2259 3087 2378 3157; x_wconf 90' lang='lat' dir='ltr'><strong>pria</strong></span> <span class='ocrx_word' id='word_1_549' title='bbox 2413 3086 2777 3158; x_wconf 88' lang='lat' dir='ltr'><strong>unusquisque</strong></span> <span class='ocrx_word' id='word_1_550' title='bbox 2808 3087 3088 3157; x_wconf 84' lang='lat' dir='ltr'><strong>iniquitate</strong></span> <span class='ocrx_word' id='word_1_551' title='bbox 3121 3095 3421 3158; x_wconf 89' lang='lat' dir='ltr'><strong>torquetur.</strong></span> <span class='ocrx_word' id='word_1_552' title='bbox 3458 3084 3659 3156; x_wconf 70' lang='lat' dir='ltr'><strong>lnﬁxas</strong></span> <span class='ocrx_word' id='word_1_553' title='bbox 3693 3087 3840 3142; x_wconf 84' lang='lat' dir='ltr'><strong>enim</strong></span> 
     </span>
    </p>
   </div>
   <div class='ocr_carea' id='block_1_75' title="bbox 2255 3175 3845 3249">
    <p class='ocr_par' dir='ltr' id='par_1_75' title="bbox 2255 3175 3845 3249">
     <span class='ocr_line' id='line_1_75' title="bbox 2255 3175 3845 3249; baseline -0.001 -15"><span class='ocrx_word' id='word_1_554' title='bbox 2255 3178 2390 3234; x_wconf 91' lang='lat' dir='ltr'><strong>dicit</strong></span> <span class='ocrx_word' id='word_1_555' title='bbox 2415 3187 2621 3249; x_wconf 83' lang='lat' dir='ltr'><strong>gentes,</strong></span> <span class='ocrx_word' id='word_1_556' title='bbox 2667 3192 2787 3246; x_wconf 68' lang='lat' dir='ltr'><strong>quae</strong></span> <span class='ocrx_word' id='word_1_557' title='bbox 2819 3177 3011 3234; x_wconf 89' lang='lat' dir='ltr'><strong>timore</strong></span> <span class='ocrx_word' id='word_1_558' title='bbox 3039 3176 3253 3235; x_wconf 79' lang='lat' dir='ltr'><strong>Domini</strong></span> <span class='ocrx_word' id='word_1_559' title='bbox 3282 3191 3389 3233; x_wconf 92' lang='lat' dir='ltr'><strong>non</strong></span> <span class='ocrx_word' id='word_1_560' title='bbox 3419 3184 3713 3234; x_wconf 86' lang='lat' dir='ltr'><strong>tenentur:</strong></span> <span class='ocrx_word' id='word_1_561' title='bbox 3745 3175 3845 3232; x_wconf 88' lang='lat' dir='ltr'><strong>sed</strong></span> 
     </span>
    </p>
   </div>
   <div class='ocr_carea' id='block_1_76' title="bbox 2181 3269 3844 3358">
    <p class='ocr_par' dir='ltr' id='par_1_76' title="bbox 2181 3269 3844 3358">
     <span class='ocr_line' id='line_1_76' title="bbox 2181 3269 3844 3358; baseline -0.001 -32"><span class='ocrx_word' id='word_1_562' title='bbox 2181 3289 2231 3358; x_wconf 69' lang='grc' dir='ltr'>ο</span> <span class='ocrx_word' id='word_1_563' title='bbox 2261 3269 2579 3341; x_wconf 83' lang='lat' dir='ltr'><strong>quibusdam</strong></span> <span class='ocrx_word' id='word_1_564' title='bbox 2620 3269 2788 3326; x_wconf 87' lang='lat' dir='ltr'><strong>clavis</strong></span> <span class='ocrx_word' id='word_1_565' title='bbox 2829 3278 3176 3340; x_wconf 88' lang='lat' dir='ltr'><strong>peccatorum</strong></span> <span class='ocrx_word' id='word_1_566' title='bbox 3217 3271 3513 3340; x_wconf 87' lang='lat' dir='ltr'><strong>probantur</strong></span> <span class='ocrx_word' id='word_1_567' title='bbox 3551 3283 3678 3325; x_wconf 88' lang='lat' dir='ltr'><strong>esse</strong></span> <span class='ocrx_word' id='word_1_568' title='bbox 3707 3284 3844 3324; x_wconf 87' lang='lat' dir='ltr'><strong>con-</strong></span> 
     </span>
    </p>
   </div>
   <div class='ocr_carea' id='block_1_77' title="bbox 2259 3361 3848 3434">
    <p class='ocr_par' dir='ltr' id='par_1_77' title="bbox 2259 3361 3848 3434">
     <span class='ocr_line' id='line_1_77' title="bbox 2259 3361 3848 3434; baseline -0.001 -14"><span class='ocrx_word' id='word_1_569' title='bbox 2259 3363 2412 3431; x_wconf 62' lang='lat' dir='ltr'><strong>ﬁxae,</strong></span> <span class='ocrx_word' id='word_1_570' title='bbox 2441 3373 2502 3420; x_wconf 91' lang='lat' dir='ltr'><strong>ut</strong></span> <span class='ocrx_word' id='word_1_571' title='bbox 2527 3377 2587 3422; x_wconf 88' lang='lat' dir='ltr'><strong>se</strong></span> <span class='ocrx_word' id='word_1_572' title='bbox 2612 3377 2724 3420; x_wconf 82' lang='lat' dir='ltr'><strong>non</strong></span> <span class='ocrx_word' id='word_1_573' title='bbox 2750 3363 2965 3420; x_wconf 87' lang='lat' dir='ltr'><strong>valeant</strong></span> <span class='ocrx_word' id='word_1_574' title='bbox 2992 3374 3247 3420; x_wconf 82' lang='lat' dir='ltr'><strong>excutere</strong></span> <span class='ocrx_word' id='word_1_575' title='bbox 3266 3403 3284 3430; x_wconf 91' lang='lat'><strong>,</strong></span> <span class='ocrx_word' id='word_1_576' title='bbox 3326 3379 3459 3434; x_wconf 86' lang='lat' dir='ltr'><strong>quas</strong></span> <span class='ocrx_word' id='word_1_577' title='bbox 3487 3363 3620 3418; x_wconf 90' lang='lat' dir='ltr'><strong>dura</strong></span> <span class='ocrx_word' id='word_1_578' title='bbox 3651 3361 3848 3418; x_wconf 85' lang='lat' dir='ltr'><strong>viden-</strong></span> 
     </span>
    </p>
   </div>
   <div class='ocr_carea' id='block_1_78' title="bbox 2260 3454 3844 3526">
    <p class='ocr_par' dir='ltr' id='par_1_78' title="bbox 2260 3454 3844 3526">
     <span class='ocr_line' id='line_1_78' title="bbox 2260 3454 3844 3526; baseline -0.003 -12"><span class='ocrx_word' id='word_1_579' title='bbox 2260 3464 2346 3514; x_wconf 90' lang='lat' dir='ltr'><strong>tur</strong></span> <span class='ocrx_word' id='word_1_580' title='bbox 2372 3457 2620 3526; x_wconf 86' lang='lat' dir='ltr'><strong>ligamina</strong></span> <span class='ocrx_word' id='word_1_581' title='bbox 2649 3456 2922 3512; x_wconf 88' lang='lat' dir='ltr'><strong>cohibere.</strong></span> <span class='ocrx_word' id='word_1_582' title='bbox 2945 3454 3101 3522; x_wconf 86' lang='lat' dir='ltr'><strong>Quod</strong></span> <span class='ocrx_word' id='word_1_583' title='bbox 3121 3454 3189 3510; x_wconf 89' lang='lat' dir='ltr'><strong>ad</strong></span> <span class='ocrx_word' id='word_1_584' title='bbox 3212 3455 3427 3512; x_wconf 77' lang='lat' dir='ltr'><strong>Judaeos</strong></span> <span class='ocrx_word' id='word_1_585' title='bbox 3455 3471 3562 3510; x_wconf 91' lang='lat' dir='ltr'><strong>non</strong></span> <span class='ocrx_word' id='word_1_586' title='bbox 3589 3455 3844 3524; x_wconf 84' lang='lat' dir='ltr'><strong>improbe</strong></span> 
     </span>
    </p>
   </div>
   <div class='ocr_carea' id='block_1_79' title="bbox 2257 3546 3849 3620">
    <p class='ocr_par' dir='ltr' id='par_1_79' title="bbox 2257 3546 3849 3620">
     <span class='ocr_line' id='line_1_79' title="bbox 2257 3546 3849 3620; baseline -0.003 -14"><span class='ocrx_word' id='word_1_587' title='bbox 2257 3549 2488 3606; x_wconf 90' lang='lat' dir='ltr'><strong>dicimus</strong></span> <span class='ocrx_word' id='word_1_588' title='bbox 2501 3550 2792 3620; x_wconf 82' lang='lat' dir='ltr'><strong>pertinere,</strong></span> <span class='ocrx_word' id='word_1_589' title='bbox 2825 3557 2883 3603; x_wconf 88' lang='lat' dir='ltr'><strong>ut</strong></span> <span class='ocrx_word' id='word_1_590' title='bbox 2910 3548 2983 3604; x_wconf 87' lang='lat' dir='ltr'><strong>ita</strong></span> <span class='ocrx_word' id='word_1_591' title='bbox 3010 3549 3121 3604; x_wconf 89' lang='lat' dir='ltr'><strong>sint</strong></span> <span class='ocrx_word' id='word_1_592' title='bbox 3143 3547 3300 3603; x_wconf 83' lang='lat' dir='ltr'><strong>malis</strong></span> <span class='ocrx_word' id='word_1_593' title='bbox 3325 3548 3435 3604; x_wconf 84' lang='lat' dir='ltr'><strong>suis</strong></span> <span class='ocrx_word' id='word_1_594' title='bbox 3461 3546 3632 3616; x_wconf 88' lang='lat' dir='ltr'><strong>afﬁxi,</strong></span> <span class='ocrx_word' id='word_1_595' title='bbox 3650 3562 3849 3617; x_wconf 78' lang='lat' dir='ltr'><strong>quem-</strong></span> 
     </span>
    </p>
   </div>
   <div class='ocr_carea' id='block_1_80' title="bbox 2255 3638 3849 3708">
    <p class='ocr_par' dir='ltr' id='par_1_80' title="bbox 2255 3638 3849 3708">
     <span class='ocr_line' id='line_1_80' title="bbox 2255 3638 3849 3708; baseline -0.004 -8"><span class='ocrx_word' id='word_1_596' title='bbox 2255 3644 2548 3700; x_wconf 86' lang='lat' dir='ltr'><strong>admodum</strong></span> <span class='ocrx_word' id='word_1_597' title='bbox 2583 3643 2642 3698; x_wconf 85' lang='lat' dir='ltr'><strong>in</strong></span> <span class='ocrx_word' id='word_1_598' title='bbox 2673 3655 2834 3698; x_wconf 90' lang='lat' dir='ltr'><strong>cruce</strong></span> <span class='ocrx_word' id='word_1_599' title='bbox 2867 3640 3038 3697; x_wconf 88' lang='lat' dir='ltr'><strong>clavis</strong></span> <span class='ocrx_word' id='word_1_600' title='bbox 3073 3639 3358 3698; x_wconf 89' lang='lat' dir='ltr'><strong>Dominum</strong></span> <span class='ocrx_word' id='word_1_601' title='bbox 3393 3639 3618 3708; x_wconf 83' lang='lat' dir='ltr'><strong>inﬁgere</strong></span> <span class='ocrx_word' id='word_1_602' title='bbox 3653 3638 3849 3694; x_wconf 89' lang='lat' dir='ltr'><strong>decre-</strong></span> 
     </span>
    </p>
   </div>
   <div class='ocr_carea' id='block_1_81' title="bbox 2258 3730 3847 3805">
    <p class='ocr_par' dir='ltr' id='par_1_81' title="bbox 2258 3730 3847 3805">
     <span class='ocr_line' id='line_1_81' title="bbox 2258 3730 3847 3805; baseline -0.003 -13"><span class='ocrx_word' id='word_1_603' title='bbox 2258 3744 2473 3792; x_wconf 88' lang='lat' dir='ltr'><strong>verunt.</strong></span> <span class='ocrx_word' id='word_1_604' title='bbox 2503 3733 2766 3805; x_wconf 86' lang='lat' dir='ltr'><strong>Laqueum</strong></span> <span class='ocrx_word' id='word_1_605' title='bbox 2794 3747 2922 3792; x_wconf 91' lang='lat' dir='ltr'><strong>vero</strong></span> <span class='ocrx_word' id='word_1_606' title='bbox 2949 3736 3345 3800; x_wconf 83' lang='lat' dir='ltr'><strong>occultaverunt,</strong></span> <span class='ocrx_word' id='word_1_607' title='bbox 3371 3741 3630 3802; x_wconf 64' lang='lat' dir='ltr'><strong>quantum</strong></span> <span class='ocrx_word' id='word_1_608' title='bbox 3649 3730 3726 3786; x_wconf 87' lang='lat' dir='ltr'><strong>ad</strong></span> <span class='ocrx_word' id='word_1_609' title='bbox 3751 3745 3847 3787; x_wconf 89' lang='lat' dir='ltr'><strong>eo-</strong></span> 
     </span>
    </p>
   </div>
   <div class='ocr_carea' id='block_1_82' title="bbox 2251 3820 3841 3892">
    <p class='ocr_par' dir='ltr' id='par_1_82' title="bbox 2251 3820 3841 3892">
     <span class='ocr_line' id='line_1_82' title="bbox 2251 3820 3841 3892; baseline -0.004 -8"><span class='ocrx_word' id='word_1_610' title='bbox 2251 3843 2380 3890; x_wconf 81' lang='lat' dir='ltr'><strong>rum</strong></span> <span class='ocrx_word' id='word_1_611' title='bbox 2417 3828 2615 3884; x_wconf 90' lang='lat' dir='ltr'><strong>dicitur</strong></span> <span class='ocrx_word' id='word_1_612' title='bbox 2655 3835 2876 3892; x_wconf 87' lang='lat' dir='ltr'><strong>votum;</strong></span> <span class='ocrx_word' id='word_1_613' title='bbox 2921 3841 3046 3882; x_wconf 81' lang='lat' dir='ltr'><strong>nam</strong></span> <span class='ocrx_word' id='word_1_614' title='bbox 3083 3825 3302 3882; x_wconf 89' lang='lat' dir='ltr'><strong>Christo</strong></span> <span class='ocrx_word' id='word_1_615' title='bbox 3329 3824 3558 3881; x_wconf 84' lang='lat' dir='ltr'><strong>celatum</strong></span> <span class='ocrx_word' id='word_1_616' title='bbox 3601 3838 3731 3879; x_wconf 87' lang='lat' dir='ltr'><strong>esse</strong></span> <span class='ocrx_word' id='word_1_617' title='bbox 3765 3820 3841 3878; x_wconf 84' lang='lat' dir='ltr'><strong>nil</strong></span> 
     </span>
    </p>
   </div>
   <div class='ocr_carea' id='block_1_83' title="bbox 2258 3915 3845 3994">
    <p class='ocr_par' dir='ltr' id='par_1_83' title="bbox 2258 3915 3845 3994">
     <span class='ocr_line' id='line_1_83' title="bbox 2258 3915 3845 3994; baseline -0.004 -16"><span class='ocrx_word' id='word_1_618' title='bbox 2258 3922 2452 3994; x_wconf 85' lang='lat' dir='ltr'><strong>potuit,</strong></span> <span class='ocrx_word' id='word_1_619' title='bbox 2485 3922 2575 3992; x_wconf 90' lang='lat' dir='ltr'><strong>qui</strong></span> <span class='ocrx_word' id='word_1_620' title='bbox 2607 3921 2912 3991; x_wconf 86' lang='lat' dir='ltr'><strong>passionem</strong></span> <span class='ocrx_word' id='word_1_621' title='bbox 2941 3935 3094 3977; x_wconf 88' lang='lat' dir='ltr'><strong>suam</strong></span> <span class='ocrx_word' id='word_1_622' title='bbox 3123 3921 3404 3976; x_wconf 89' lang='lat' dir='ltr'><strong>innumera</strong></span> <span class='ocrx_word' id='word_1_623' title='bbox 3434 3915 3845 3973; x_wconf 88' lang='lat' dir='ltr'><strong>denuntiatione</strong></span> 
     </span>
    </p>
   </div>
   <div class='ocr_carea' id='block_1_84' title="bbox 2259 4007 3850 4087">
    <p class='ocr_par' dir='ltr' id='par_1_84' title="bbox 2259 4007 3850 4087">
     <span class='ocr_line' id='line_1_84' title="bbox 2259 4007 3850 4087; baseline -0.006 -15"><span class='ocrx_word' id='word_1_624' title='bbox 2259 4015 2535 4087; x_wconf 68' lang='lat' dir='ltr'><strong>praedixit.</strong></span> <span class='ocrx_word' id='word_1_625' title='bbox 2569 4013 2974 4087; x_wconf 83' lang='lat' dir='ltr'><strong>Comprehensus</strong></span> <span class='ocrx_word' id='word_1_626' title='bbox 3005 4022 3078 4068; x_wconf 87' lang='lat' dir='ltr'><strong>est</strong></span> <span class='ocrx_word' id='word_1_627' title='bbox 3106 4029 3194 4084; x_wconf 86' lang='lat' dir='ltr'><strong>pes</strong></span> <span class='ocrx_word' id='word_1_628' title='bbox 3230 4027 3428 4067; x_wconf 79' lang='lat' dir='ltr'><strong>eorum.</strong></span> <span class='ocrx_word' id='word_1_629' title='bbox 3460 4007 3850 4066; x_wconf 84' lang='lat' dir='ltr'><strong>Perseveravit</strong></span> 
     </span>
    </p>
   </div>
   <div class='ocr_carea' id='block_1_85' title="bbox 2255 4100 3846 4178">
    <p class='ocr_par' dir='ltr' id='par_1_85' title="bbox 2255 4100 3846 4178">
     <span class='ocr_line' id='line_1_85' title="bbox 2255 4100 3846 4178; baseline -0.007 -13"><span class='ocrx_word' id='word_1_630' title='bbox 2255 4109 2314 4166; x_wconf 88' lang='lat' dir='ltr'><strong>in</strong></span> <span class='ocrx_word' id='word_1_631' title='bbox 2341 4106 2656 4178; x_wconf 85' lang='lat' dir='ltr'><strong>metaphora</strong></span> <span class='ocrx_word' id='word_1_632' title='bbox 2682 4107 2894 4178; x_wconf 89' lang='lat' dir='ltr'><strong>laquei,</strong></span> <span class='ocrx_word' id='word_1_633' title='bbox 2924 4122 3084 4177; x_wconf 89' lang='lat' dir='ltr'><strong>quem</strong></span> <span class='ocrx_word' id='word_1_634' title='bbox 3111 4104 3361 4176; x_wconf 85' lang='lat' dir='ltr'><strong>superius</strong></span> <span class='ocrx_word' id='word_1_635' title='bbox 3387 4103 3542 4159; x_wconf 90' lang='lat' dir='ltr'><strong>dixit.</strong></span> <span class='ocrx_word' id='word_1_636' title='bbox 3569 4100 3846 4170; x_wconf 79' lang='lat' dir='ltr'><strong>Compre-</strong></span> 
     </span>
    </p>
   </div>
   <div class='ocr_carea' id='block_1_86' title="bbox 2260 4193 3851 4270">
    <p class='ocr_par' dir='ltr' id='par_1_86' title="bbox 2260 4193 3851 4270">
     <span class='ocr_line' id='line_1_86' title="bbox 2260 4193 3851 4270; baseline -0.007 -12"><span class='ocrx_word' id='word_1_637' title='bbox 2260 4204 2458 4260; x_wconf 89' lang='lat' dir='ltr'><strong>hensos</strong></span> <span class='ocrx_word' id='word_1_638' title='bbox 2487 4203 2633 4258; x_wconf 88' lang='lat' dir='ltr'><strong>enim</strong></span> <span class='ocrx_word' id='word_1_639' title='bbox 2663 4202 2782 4258; x_wconf 90' lang='lat' dir='ltr'><strong>illos</strong></span> <span class='ocrx_word' id='word_1_640' title='bbox 2811 4201 3070 4266; x_wconf 87' lang='lat' dir='ltr'><strong>dicimus,</strong></span> <span class='ocrx_word' id='word_1_641' title='bbox 3098 4213 3234 4270; x_wconf 88' lang='lat' dir='ltr'><strong>quos</strong></span> <span class='ocrx_word' id='word_1_642' title='bbox 3263 4197 3444 4266; x_wconf 89' lang='lat' dir='ltr'><strong>captio</strong></span> <span class='ocrx_word' id='word_1_643' title='bbox 3473 4193 3684 4249; x_wconf 88' lang='lat' dir='ltr'><strong>nodosa</strong></span> <span class='ocrx_word' id='word_1_644' title='bbox 3711 4207 3851 4248; x_wconf 77' lang='lat' dir='ltr'><strong>eon—</strong></span> 
     </span>
    </p>
   </div>
   <div class='ocr_carea' id='block_1_87' title="bbox 2255 4284 3854 4366">
    <p class='ocr_par' dir='ltr' id='par_1_87' title="bbox 2255 4284 3854 4366">
     <span class='ocr_line' id='line_1_87' title="bbox 2255 4284 3854 4366; baseline -0.008 -15"><span class='ocrx_word' id='word_1_645' title='bbox 2255 4295 2497 4366; x_wconf 81' lang='lat' dir='ltr'><strong>stringit.</strong></span> <span class='ocrx_word' id='word_1_646' title='bbox 2527 4292 2630 4348; x_wconf 85' lang='lat' dir='ltr'><strong>Pes</strong></span> <span class='ocrx_word' id='word_1_647' title='bbox 2657 4303 2836 4349; x_wconf 90' lang='lat' dir='ltr'><strong>autem</strong></span> <span class='ocrx_word' id='word_1_648' title='bbox 2861 4291 3128 4362; x_wconf 90' lang='lat' dir='ltr'><strong>signiﬁcat</strong></span> <span class='ocrx_word' id='word_1_649' title='bbox 3152 4303 3368 4360; x_wconf 83' lang='lat' dir='ltr'><strong>gressus</strong></span> <span class='ocrx_word' id='word_1_650' title='bbox 3397 4285 3588 4354; x_wconf 90' lang='lat' dir='ltr'><strong>animi,</strong></span> <span class='ocrx_word' id='word_1_651' title='bbox 3610 4294 3666 4340; x_wconf 87' lang='lat' dir='ltr'><strong>et</strong></span> <span class='ocrx_word' id='word_1_652' title='bbox 3693 4284 3854 4340; x_wconf 80' lang='lat' dir='ltr'><strong>desi-</strong></span> 
     </span>
    </p>
   </div>
   <div class='ocr_carea' id='block_1_88' title="bbox 2257 4377 3853 4456">
    <p class='ocr_par' dir='ltr' id='par_1_88' title="bbox 2257 4377 3853 4456">
     <span class='ocr_line' id='line_1_88' title="bbox 2257 4377 3853 4456; baseline -0.008 -13"><span class='ocrx_word' id='word_1_653' title='bbox 2257 4388 2468 4444; x_wconf 90' lang='lat' dir='ltr'><strong>derium</strong></span> <span class='ocrx_word' id='word_1_654' title='bbox 2497 4400 2744 4456; x_wconf 86' lang='lat' dir='ltr'><strong>pravum,</strong></span> <span class='ocrx_word' id='word_1_655' title='bbox 2775 4383 2917 4454; x_wconf 92' lang='lat' dir='ltr'><strong>quod</strong></span> <span class='ocrx_word' id='word_1_656' title='bbox 2944 4397 3039 4438; x_wconf 83' lang='lat' dir='ltr'><strong>eos</strong></span> <span class='ocrx_word' id='word_1_657' title='bbox 3067 4381 3346 4436; x_wconf 87' lang='lat' dir='ltr'><strong>ambulare</strong></span> <span class='ocrx_word' id='word_1_658' title='bbox 3365 4378 3494 4434; x_wconf 86' lang='lat' dir='ltr'><strong>facit</strong></span> <span class='ocrx_word' id='word_1_659' title='bbox 3517 4377 3588 4434; x_wconf 88' lang='lat' dir='ltr'><strong>ad</strong></span> <span class='ocrx_word' id='word_1_660' title='bbox 3610 4377 3853 4441; x_wconf 86' lang='lat' dir='ltr'><strong>vitium;</strong></span> 
     </span>
    </p>
   </div>
   <div class='ocr_carea' id='block_1_89' title="bbox 2253 4468 3857 4537">
    <p class='ocr_par' dir='ltr' id='par_1_89' title="bbox 2253 4468 3857 4537">
     <span class='ocr_line' id='line_1_89' title="bbox 2253 4468 3857 4537; baseline -0.009 -1"><span class='ocrx_word' id='word_1_661' title='bbox 2253 4481 2398 4537; x_wconf 81' lang='lat' dir='ltr'><strong>sicut</strong></span> <span class='ocrx_word' id='word_1_662' title='bbox 2423 4477 2678 4534; x_wconf 89' lang='lat' dir='ltr'><strong>Salomon</strong></span> <span class='ocrx_word' id='word_1_663' title='bbox 2715 4477 2768 4531; x_wconf 91' lang='lat' dir='ltr'><strong>in</strong></span> <span class='ocrx_word' id='word_1_664' title='bbox 2811 4473 3117 4530; x_wconf 87' lang='lat' dir='ltr'><strong>Proverbiis</strong></span> <span class='ocrx_word' id='word_1_665' title='bbox 3145 4472 3318 4528; x_wconf 89' lang='lat' dir='ltr'><strong>dicit:</strong></span> <span class='ocrx_word' id='word_1_666' title='bbox 3376 4469 3542 4525; x_wconf 76' lang='lat' dir='ltr'><strong>Pedes</strong></span> <span class='ocrx_word' id='word_1_667' title='bbox 3569 4485 3756 4524; x_wconf 85' lang='lat' dir='ltr'><strong>eorum</strong></span> <span class='ocrx_word' id='word_1_668' title='bbox 3797 4468 3857 4521; x_wconf 77' lang='lat' dir='ltr'><strong>iu</strong></span> 
     </span>
    </p>
   </div>
   <div class='ocr_carea' id='block_1_90' title="bbox 2255 4561 3858 4632">
    <p class='ocr_par' dir='ltr' id='par_1_90' title="bbox 2255 4561 3858 4632">
     <span class='ocr_line' id='line_1_90' title="bbox 2255 4561 3858 4632; baseline -0.009 -4"><span class='ocrx_word' id='word_1_669' title='bbox 2255 4572 2508 4628; x_wconf 66' lang='lat' dir='ltr'><strong>malitiam</strong></span> <span class='ocrx_word' id='word_1_670' title='bbox 2535 4576 2763 4632; x_wconf 86' lang='lat' dir='ltr'><strong>currunt,</strong></span> <span class='ocrx_word' id='word_1_671' title='bbox 2793 4574 2842 4622; x_wconf 88' lang='lat' dir='ltr'><strong>et</strong></span> <span class='ocrx_word' id='word_1_672' title='bbox 2865 4567 3062 4622; x_wconf 76' lang='lat' dir='ltr'><strong>veloces</strong></span> <span class='ocrx_word' id='word_1_673' title='bbox 3081 4575 3200 4621; x_wconf 89' lang='lat' dir='ltr'><strong>sunt</strong></span> <span class='ocrx_word' id='word_1_674' title='bbox 3219 4565 3288 4619; x_wconf 79' lang='lat' dir='ltr'><strong>ad</strong></span> <span class='ocrx_word' id='word_1_675' title='bbox 3309 4561 3688 4631; x_wconf 75' lang='lat' dir='ltr'><strong>effundendum</strong></span> <span class='ocrx_word' id='word_1_676' title='bbox 3713 4576 3858 4614; x_wconf 72' lang='lat' dir='ltr'><strong>san—</strong></span> 
     </span>
    </p>
   </div>
   <div class='ocr_carea' id='block_1_91' title="bbox 570 4659 2882 4746">
    <p class='ocr_par' dir='ltr' id='par_1_91' title="bbox 570 4659 2882 4746">
     <span class='ocr_line' id='line_1_91' title="bbox 570 4659 2882 4746; baseline -0.004 -24"><span class='ocrx_word' id='word_1_677' title='bbox 570 4673 720 4724; x_wconf 82' lang='lat' dir='ltr'><strong>mant</strong></span> <span class='ocrx_word' id='word_1_678' title='bbox 745 4665 1074 4737; x_wconf 86' lang='lat' dir='ltr'><strong>aliquatenus</strong></span> <span class='ocrx_word' id='word_1_679' title='bbox 1101 4666 1363 4722; x_wconf 90' lang='lat' dir='ltr'><strong>oblivisci.</strong></span> <span class='ocrx_word' id='word_1_680' title='bbox 1387 4667 1499 4739; x_wconf 80' lang='lat'><strong>39</strong></span> <span class='ocrx_word' id='word_1_681' title='bbox 1522 4667 1824 4722; x_wconf 84' lang='lat' dir='ltr'><strong>Orationem</strong></span> <span class='ocrx_word' id='word_1_682' title='bbox 1843 4682 2152 4739; x_wconf 82' lang='lat' dir='ltr'><strong>pauperum,</strong></span> <span class='ocrx_word' id='word_1_683' title='bbox 2180 4679 2240 4746; x_wconf 74' lang='grc' dir='ltr'><strong>ι)</strong></span> <span class='ocrx_word' id='word_1_684' title='bbox 2259 4664 2466 4736; x_wconf 81' lang='lat' dir='ltr'><strong>guinem</strong></span> <span class='ocrx_word' id='word_1_685' title='bbox 2490 4659 2669 4732; x_wconf 83' lang='lat' dir='ltr'><strong>(Prov.</strong></span> <span class='ocrx_word' id='word_1_686' title='bbox 2697 4675 2738 4727; x_wconf 85' lang='grc' dir='ltr'><strong>ι,</strong></span> <span class='ocrx_word' id='word_1_687' title='bbox 2769 4659 2882 4729; x_wconf 84' lang='grc'><strong>16).</strong></span> 
     </span>
    </p>
   </div>
   <div class='ocr_carea' id='block_1_92' title="bbox 568 4757 2150 4830">
    <p class='ocr_par' dir='ltr' id='par_1_92' title="bbox 568 4757 2150 4830">
     <span class='ocr_line' id='line_1_92' title="bbox 568 4757 2150 4830; baseline 0.001 -16"><span class='ocrx_word' id='word_1_688' title='bbox 568 4759 882 4830; x_wconf 81' lang='lat' dir='ltr'><strong>petitionem</strong></span> <span class='ocrx_word' id='word_1_689' title='bbox 911 4759 1036 4816; x_wconf 91' lang='lat' dir='ltr'><strong>dicit</strong></span> <span class='ocrx_word' id='word_1_690' title='bbox 1054 4757 1347 4830; x_wconf 87' lang='lat' dir='ltr'><strong>justornm,</strong></span> <span class='ocrx_word' id='word_1_691' title='bbox 1372 4776 1532 4830; x_wconf 89' lang='lat' dir='ltr'><strong>quam</strong></span> <span class='ocrx_word' id='word_1_692' title='bbox 1557 4776 1624 4816; x_wconf 86' lang='lat' dir='ltr'><strong>ex</strong></span> <span class='ocrx_word' id='word_1_693' title='bbox 1651 4775 1748 4816; x_wconf 83' lang='lat' dir='ltr'><strong>sua</strong></span> <span class='ocrx_word' id='word_1_694' title='bbox 1771 4773 1998 4830; x_wconf 87' lang='lat' dir='ltr'><strong>persona</strong></span> <span class='ocrx_word' id='word_1_695' title='bbox 2024 4759 2150 4815; x_wconf 89' lang='lat' dir='ltr'><strong>sub-</strong></span> 
     </span>
    </p>
   </div>
   <div class='ocr_carea' id='block_1_93' title="bbox 571 4849 2148 4922">
    <p class='ocr_par' dir='ltr' id='par_1_93' title="bbox 571 4849 2148 4922">
     <span class='ocr_line' id='line_1_93' title="bbox 571 4849 2148 4922; baseline 0.001 -17"><span class='ocrx_word' id='word_1_696' title='bbox 571 4857 651 4905; x_wconf 86' lang='lat' dir='ltr'><strong>ter</strong></span> <span class='ocrx_word' id='word_1_697' title='bbox 679 4849 941 4920; x_wconf 85' lang='lat' dir='ltr'><strong>adjungit,</strong></span> <span class='ocrx_word' id='word_1_698' title='bbox 973 4860 1029 4906; x_wconf 92' lang='lat' dir='ltr'><strong>ut</strong></span> <span class='ocrx_word' id='word_1_699' title='bbox 1069 4851 1139 4907; x_wconf 92' lang='lat' dir='ltr'><strong>de</strong></span> <span class='ocrx_word' id='word_1_700' title='bbox 1184 4867 1505 4922; x_wconf 89' lang='lat' dir='ltr'><strong>unoquoque</strong></span> <span class='ocrx_word' id='word_1_701' title='bbox 1547 4852 1696 4910; x_wconf 85' lang='lat' dir='ltr'><strong>ﬁdeli</strong></span> <span class='ocrx_word' id='word_1_702' title='bbox 1727 4853 1828 4909; x_wconf 89' lang='lat' dir='ltr'><strong>hoc</strong></span> <span class='ocrx_word' id='word_1_703' title='bbox 1859 4851 2148 4920; x_wconf 86' lang='lat' dir='ltr'><strong>intelligas,</strong></span> 
     </span>
    </p>
   </div>
   <div class='ocr_carea' id='block_1_94' title="bbox 568 4941 1778 5016">
    <p class='ocr_par' dir='ltr' id='par_1_94' title="bbox 568 4941 1778 5016">
     <span class='ocr_line' id='line_1_94' title="bbox 568 4941 1778 5016; baseline 0.003 -18"><span class='ocrx_word' id='word_1_704' title='bbox 568 4941 712 5014; x_wconf 89' lang='lat' dir='ltr'><strong>quod</strong></span> <span class='ocrx_word' id='word_1_705' title='bbox 731 4942 834 4998; x_wconf 90' lang='lat' dir='ltr'><strong>sibi</strong></span> <span class='ocrx_word' id='word_1_706' title='bbox 863 4943 1123 5014; x_wconf 90' lang='lat' dir='ltr'><strong>propheta</strong></span> <span class='ocrx_word' id='word_1_707' title='bbox 1153 4945 1389 5016; x_wconf 88' lang='lat' dir='ltr'><strong>postulat</strong></span> <span class='ocrx_word' id='word_1_708' title='bbox 1411 4945 1778 5016; x_wconf 85' lang='lat' dir='ltr'><strong>largiendum.</strong></span> 
     </span>
    </p>
   </div>
   <div class='ocr_carea' id='block_1_95' title="bbox 644 5033 2147 5105">
    <p class='ocr_par' dir='ltr' id='par_1_95' title="bbox 644 5033 2147 5105">
     <span class='ocr_line' id='line_1_95' title="bbox 644 5033 2147 5105; baseline 0.001 -16"><span class='ocrx_word' id='word_1_709' title='bbox 644 5033 796 5090; x_wconf 86' lang='lat' dir='ltr'><strong>Vers.</strong></span> <span class='ocrx_word' id='word_1_710' title='bbox 827 5035 914 5092; x_wconf 77' lang='grc'><strong>15.</strong></span> <span class='ocrx_word' id='word_1_711' title='bbox 959 5035 1201 5093; x_wconf 76' lang='lat' dir='ltr'><strong>Miserere</strong></span> <span class='ocrx_word' id='word_1_712' title='bbox 1228 5039 1349 5103; x_wconf 86' lang='lat' dir='ltr'><strong>mei,</strong></span> <span class='ocrx_word' id='word_1_713' title='bbox 1389 5039 1640 5105; x_wconf 85' lang='lat' dir='ltr'><strong>Domine,</strong></span> <span class='ocrx_word' id='word_1_714' title='bbox 1670 5039 1786 5094; x_wconf 76' lang='lat' dir='ltr'><strong>vide</strong></span> <span class='ocrx_word' id='word_1_715' title='bbox 1807 5037 2147 5092; x_wconf 83' lang='lat' dir='ltr'><strong>humilitatem</strong></span> 
     </span>
    </p>
   </div>
   <div class='ocr_carea' id='block_1_96' title="bbox 568 5126 2148 5201">
    <p class='ocr_par' dir='ltr' id='par_1_96' title="bbox 568 5126 2148 5201">
     <span class='ocr_line' id='line_1_96' title="bbox 568 5126 2148 5201; baseline 0.003 -21"><span class='ocrx_word' id='word_1_716' title='bbox 568 5141 733 5181; x_wconf 80' lang='lat' dir='ltr'><strong>meam</strong></span> <span class='ocrx_word' id='word_1_717' title='bbox 749 5126 815 5182; x_wconf 78' lang='lat' dir='ltr'><strong>de</strong></span> <span class='ocrx_word' id='word_1_718' title='bbox 834 5127 1052 5183; x_wconf 82' lang='lat' dir='ltr'><strong>inimicis</strong></span> <span class='ocrx_word' id='word_1_719' title='bbox 1072 5131 1217 5197; x_wconf 87' lang='lat' dir='ltr'><strong>meis,</strong></span> <span class='ocrx_word' id='word_1_720' title='bbox 1241 5131 1331 5201; x_wconf 85' lang='lat' dir='ltr'><strong>qui</strong></span> <span class='ocrx_word' id='word_1_721' title='bbox 1353 5131 1552 5187; x_wconf 69' lang='lat' dir='ltr'><strong>exultas</strong></span> <span class='ocrx_word' id='word_1_722' title='bbox 1573 5148 1652 5186; x_wconf 84' lang='lat' dir='ltr'><strong>nte</strong></span> <span class='ocrx_word' id='word_1_723' title='bbox 1669 5132 1734 5187; x_wconf 82' lang='lat' dir='ltr'><strong>de</strong></span> <span class='ocrx_word' id='word_1_724' title='bbox 1759 5131 1921 5201; x_wconf 87' lang='lat' dir='ltr'><strong>portis</strong></span> <span class='ocrx_word' id='word_1_725' title='bbox 1942 5129 2148 5184; x_wconf 82' lang='lat' dir='ltr'><strong>mortis.</strong></span> 
     </span>
    </p>
   </div>
   <div class='ocr_carea' id='block_1_97' title="bbox 568 5218 2146 5296">
    <p class='ocr_par' dir='ltr' id='par_1_97' title="bbox 568 5218 2146 5296">
     <span class='ocr_line' id='line_1_97' title="bbox 568 5218 2146 5296; baseline 0.003 -22"><span class='ocrx_word' id='word_1_726' title='bbox 568 5218 672 5274; x_wconf 87' lang='lat' dir='ltr'><strong>Ista</strong></span> <span class='ocrx_word' id='word_1_727' title='bbox 701 5229 785 5275; x_wconf 88' lang='lat' dir='ltr'><strong>est</strong></span> <span class='ocrx_word' id='word_1_728' title='bbox 810 5221 982 5278; x_wconf 90' lang='lat' dir='ltr'><strong>oratio</strong></span> <span class='ocrx_word' id='word_1_729' title='bbox 1013 5233 1327 5280; x_wconf 90' lang='lat' dir='ltr'><strong>cunctorum</strong></span> <span class='ocrx_word' id='word_1_730' title='bbox 1367 5239 1662 5296; x_wconf 88' lang='lat' dir='ltr'><strong>pauperum</strong></span> <span class='ocrx_word' id='word_1_731' title='bbox 1703 5222 1772 5278; x_wconf 91' lang='lat' dir='ltr'><strong>ad</strong></span> <span class='ocrx_word' id='word_1_732' title='bbox 1814 5222 2146 5292; x_wconf 85' lang='lat' dir='ltr'><strong>singularem</strong></span> 
     </span>
    </p>
   </div>
   <div class='ocr_carea' id='block_1_98' title="bbox 566 5313 2151 5388">
    <p class='ocr_par' dir='ltr' id='par_1_98' title="bbox 566 5313 2151 5388">
     <span class='ocr_line' id='line_1_98' title="bbox 566 5313 2151 5388; baseline 0.001 -20"><span class='ocrx_word' id='word_1_733' title='bbox 566 5324 852 5368; x_wconf 89' lang='lat' dir='ltr'><strong>numerum</strong></span> <span class='ocrx_word' id='word_1_734' title='bbox 876 5325 1244 5385; x_wconf 85' lang='lat' dir='ltr'><strong>competenter</strong></span> <span class='ocrx_word' id='word_1_735' title='bbox 1272 5315 1524 5388; x_wconf 89' lang='lat' dir='ltr'><strong>adducta,</strong></span> <span class='ocrx_word' id='word_1_736' title='bbox 1553 5317 1678 5386; x_wconf 87' lang='lat' dir='ltr'><strong>quia</strong></span> <span class='ocrx_word' id='word_1_737' title='bbox 1705 5327 1918 5383; x_wconf 88' lang='lat' dir='ltr'><strong>semper</strong></span> <span class='ocrx_word' id='word_1_738' title='bbox 1945 5315 2001 5370; x_wconf 93' lang='lat' dir='ltr'><strong>in</strong></span> <span class='ocrx_word' id='word_1_739' title='bbox 2029 5313 2151 5370; x_wconf 91' lang='lat' dir='ltr'><strong>uni-</strong></span> 
     </span>
    </p>
   </div>
   <div class='ocr_carea' id='block_1_99' title="bbox 567 5405 2150 5480">
    <p class='ocr_par' dir='ltr' id='par_1_99' title="bbox 567 5405 2150 5480">
     <span class='ocr_line' id='line_1_99' title="bbox 567 5405 2150 5480; baseline -0.001 -16"><span class='ocrx_word' id='word_1_740' title='bbox 567 5415 731 5464; x_wconf 79' lang='lat' dir='ltr'><strong>tatem</strong></span> <span class='ocrx_word' id='word_1_741' title='bbox 758 5417 1066 5466; x_wconf 87' lang='lat' dir='ltr'><strong>sanctorum</strong></span> <span class='ocrx_word' id='word_1_742' title='bbox 1097 5408 1213 5466; x_wconf 68' lang='lat' dir='ltr'><strong>haec</strong></span> <span class='ocrx_word' id='word_1_743' title='bbox 1233 5411 1388 5465; x_wconf 86' lang='lat' dir='ltr'><strong>turba</strong></span> <span class='ocrx_word' id='word_1_744' title='bbox 1408 5409 1738 5480; x_wconf 87' lang='lat' dir='ltr'><strong>perducitur.</strong></span> <span class='ocrx_word' id='word_1_745' title='bbox 1759 5406 1852 5464; x_wconf 89' lang='lat' dir='ltr'><strong>Sic</strong></span> <span class='ocrx_word' id='word_1_746' title='bbox 1877 5406 2023 5462; x_wconf 89' lang='lat' dir='ltr'><strong>enim</strong></span> <span class='ocrx_word' id='word_1_747' title='bbox 2043 5405 2150 5462; x_wconf 85' lang='lat' dir='ltr'><strong>sibi</strong></span> 
     </span>
    </p>
   </div>
   <div class='ocr_carea' id='block_1_100' title="bbox 563 5497 2146 5570">
    <p class='ocr_par' dir='ltr' id='par_1_100' title="bbox 563 5497 2146 5570">
     <span class='ocr_line' id='line_1_100' title="bbox 563 5497 2146 5570; baseline -0.001 -16"><span class='ocrx_word' id='word_1_748' title='bbox 563 5499 803 5570; x_wconf 88' lang='lat' dir='ltr'><strong>postulat</strong></span> <span class='ocrx_word' id='word_1_749' title='bbox 821 5500 1117 5569; x_wconf 89' lang='lat' dir='ltr'><strong>subveniri,</strong></span> <span class='ocrx_word' id='word_1_750' title='bbox 1141 5511 1197 5557; x_wconf 91' lang='lat' dir='ltr'><strong>ut</strong></span> <span class='ocrx_word' id='word_1_751' title='bbox 1217 5517 1246 5556; x_wconf 92' lang='lat' dir='ltr'><strong>a</strong></span> <span class='ocrx_word' id='word_1_752' title='bbox 1263 5497 1686 5558; x_wconf 89' lang='lat' dir='ltr'><strong>clementissimo</strong></span> <span class='ocrx_word' id='word_1_753' title='bbox 1702 5499 1849 5569; x_wconf 78' lang='lat' dir='ltr'><strong>Rege</strong></span> <span class='ocrx_word' id='word_1_754' title='bbox 1868 5498 2112 5554; x_wconf 88' lang='lat' dir='ltr'><strong>videatur</strong></span> <span class='ocrx_word' id='word_1_755' title='bbox 2131 5513 2146 5552; x_wconf 89' lang='lat'><strong>:</strong></span> 
     </span>
    </p>
   </div>
   <div class='ocr_carea' id='block_1_101' title="bbox 565 5591 2144 5668">
    <p class='ocr_par' dir='ltr' id='par_1_101' title="bbox 565 5591 2144 5668">
     <span class='ocr_line' id='line_1_101' title="bbox 565 5591 2144 5668; baseline -0.002 -19"><span class='ocrx_word' id='word_1_756' title='bbox 565 5591 691 5664; x_wconf 88' lang='lat' dir='ltr'><strong>quia</strong></span> <span class='ocrx_word' id='word_1_757' title='bbox 729 5609 919 5652; x_wconf 86' lang='lat' dir='ltr'><strong>revera</strong></span> <span class='ocrx_word' id='word_1_758' title='bbox 943 5606 1264 5668; x_wconf 90' lang='lat' dir='ltr'><strong>conspectus</strong></span> <span class='ocrx_word' id='word_1_759' title='bbox 1303 5597 1421 5664; x_wconf 89' lang='lat' dir='ltr'><strong>ejus</strong></span> <span class='ocrx_word' id='word_1_760' title='bbox 1458 5594 1718 5650; x_wconf 87' lang='lat' dir='ltr'><strong>auxilium</strong></span> <span class='ocrx_word' id='word_1_761' title='bbox 1759 5602 1879 5661; x_wconf 90' lang='lat' dir='ltr'><strong>est,</strong></span> <span class='ocrx_word' id='word_1_762' title='bbox 1910 5601 1966 5649; x_wconf 90' lang='lat' dir='ltr'><strong>et</strong></span> <span class='ocrx_word' id='word_1_763' title='bbox 1993 5599 2144 5647; x_wconf 58' lang='lat' dir='ltr'><strong>tenes</strong></span> 
     </span>
    </p>
   </div>
   <div class='ocr_carea' id='block_1_102' title="bbox 567 5687 2146 5761">
    <p class='ocr_par' dir='ltr' id='par_1_102' title="bbox 567 5687 2146 5761">
     <span class='ocr_line' id='line_1_102' title="bbox 567 5687 2146 5761; baseline -0.003 -16"><span class='ocrx_word' id='word_1_764' title='bbox 567 5689 727 5746; x_wconf 88' lang='lat' dir='ltr'><strong>brosa</strong></span> <span class='ocrx_word' id='word_1_765' title='bbox 761 5693 1003 5760; x_wconf 87' lang='lat' dir='ltr'><strong>protinus</strong></span> <span class='ocrx_word' id='word_1_766' title='bbox 1029 5693 1380 5761; x_wconf 89' lang='lat' dir='ltr'><strong>dispereunt,</strong></span> <span class='ocrx_word' id='word_1_767' title='bbox 1407 5703 1528 5746; x_wconf 89' lang='lat' dir='ltr'><strong>cum</strong></span> <span class='ocrx_word' id='word_1_768' title='bbox 1561 5704 1620 5744; x_wconf 90' lang='lat' dir='ltr'><strong>se</strong></span> <span class='ocrx_word' id='word_1_769' title='bbox 1648 5690 1779 5745; x_wconf 87' lang='lat' dir='ltr'><strong>tanti</strong></span> <span class='ocrx_word' id='word_1_770' title='bbox 1810 5687 2030 5743; x_wconf 87' lang='lat' dir='ltr'><strong>luminis</strong></span> <span class='ocrx_word' id='word_1_771' title='bbox 2057 5699 2146 5740; x_wconf 89' lang='lat' dir='ltr'><strong>se-</strong></span> 
     </span>
    </p>
   </div>
   <div class='ocr_carea' id='block_1_103' title="bbox 565 5782 2148 5852">
    <p class='ocr_par' dir='ltr' id='par_1_103' title="bbox 565 5782 2148 5852">
     <span class='ocr_line' id='line_1_103' title="bbox 565 5782 2148 5852; baseline -0.004 -10"><span class='ocrx_word' id='word_1_772' title='bbox 565 5800 696 5842; x_wconf 86' lang='lat' dir='ltr'><strong>rena</strong></span> <span class='ocrx_word' id='word_1_773' title='bbox 721 5786 1046 5843; x_wconf 89' lang='lat' dir='ltr'><strong>concedunt.</strong></span> <span class='ocrx_word' id='word_1_774' title='bbox 1078 5783 1442 5840; x_wconf 80' lang='lat' dir='ltr'><strong>Humilitatem</strong></span> <span class='ocrx_word' id='word_1_775' title='bbox 1479 5783 1641 5852; x_wconf 88' lang='lat' dir='ltr'><strong>igitur</strong></span> <span class='ocrx_word' id='word_1_776' title='bbox 1680 5799 1830 5840; x_wconf 87' lang='lat' dir='ltr'><strong>suam</strong></span> <span class='ocrx_word' id='word_1_777' title='bbox 1861 5783 1928 5838; x_wconf 91' lang='lat' dir='ltr'><strong>de</strong></span> <span class='ocrx_word' id='word_1_778' title='bbox 1965 5782 2148 5838; x_wconf 86' lang='lat' dir='ltr'><strong>inimi-</strong></span> 
     </span>
    </p>
   </div>
   <div class='ocr_carea' id='block_1_104' title="bbox 567 5875 2145 5954">
    <p class='ocr_par' dir='ltr' id='par_1_104' title="bbox 567 5875 2145 5954">
     <span class='ocr_line' id='line_1_104' title="bbox 567 5875 2145 5954; baseline -0.003 -14"><span class='ocrx_word' id='word_1_779' title='bbox 567 5893 753 5954; x_wconf 67' lang='lat' dir='ltr'><strong>corum</strong></span> <span class='ocrx_word' id='word_1_780' title='bbox 787 5879 1057 5952; x_wconf 64' lang='lat' dir='ltr'><strong>superbia</strong></span> <span class='ocrx_word' id='word_1_781' title='bbox 1114 5875 1380 5949; x_wconf 83' lang='lat' dir='ltr'><strong>supplicat</strong></span> <span class='ocrx_word' id='word_1_782' title='bbox 1425 5876 1680 5937; x_wconf 55' lang='lat' dir='ltr'><strong>aestimari</strong></span> <span class='ocrx_word' id='word_1_783' title='bbox 1697 5915 1718 5949; x_wconf 83' lang='grc'><strong><em>,</em></strong></span> <span class='ocrx_word' id='word_1_784' title='bbox 1757 5877 1885 5952; x_wconf 81' lang='lat' dir='ltr'><strong>quia</strong></span> <span class='ocrx_word' id='word_1_785' title='bbox 1937 5885 2145 5939; x_wconf 82' lang='lat' dir='ltr'><strong>tantum</strong></span> 
     </span>
    </p>
   </div>
   <div class='ocr_carea' id='block_1_105' title="bbox 2328 4743 3860 4822">
    <p class='ocr_par' dir='ltr' id='par_1_105' title="bbox 2328 4743 3860 4822">
     <span class='ocr_line' id='line_1_105' title="bbox 2328 4743 3860 4822; baseline -0.01 -10"><span class='ocrx_word' id='word_1_786' title='bbox 2328 4756 2490 4812; x_wconf 78' lang='lat' dir='ltr'><strong>Vers.</strong></span> <span class='ocrx_word' id='word_1_787' title='bbox 2523 4754 2612 4809; x_wconf 90' lang='grc'><strong>16.</strong></span> <span class='ocrx_word' id='word_1_788' title='bbox 2646 4751 2989 4822; x_wconf 83' lang='lat' dir='ltr'><strong>Cognoseetur</strong></span> <span class='ocrx_word' id='word_1_789' title='bbox 3019 4747 3273 4805; x_wconf 85' lang='lat' dir='ltr'><strong>Dominus</strong></span> <span class='ocrx_word' id='word_1_790' title='bbox 3291 4745 3499 4820; x_wconf 81' lang='lat' dir='ltr'><strong>judicia</strong></span> <span class='ocrx_word' id='word_1_791' title='bbox 3521 4743 3722 4815; x_wconf 72' lang='lat' dir='ltr'><strong>faciens</strong></span> <span class='ocrx_word' id='word_1_792' title='bbox 3748 4758 3770 4797; x_wconf 91' lang='lat'><strong><em>:</em></strong></span> <span class='ocrx_word' id='word_1_793' title='bbox 3797 4743 3860 4797; x_wconf 73' lang='lat' dir='ltr'><strong>in</strong></span> 
     </span>
    </p>
   </div>
   <div class='ocr_carea' id='block_1_106' title="bbox 2257 4833 3859 4919">
    <p class='ocr_par' dir='ltr' id='par_1_106' title="bbox 2257 4833 3859 4919">
     <span class='ocr_line' id='line_1_106' title="bbox 2257 4833 3859 4919; baseline -0.009 -15"><span class='ocrx_word' id='word_1_794' title='bbox 2257 4849 2496 4919; x_wconf 85' lang='lat' dir='ltr'><strong>operibus</strong></span> <span class='ocrx_word' id='word_1_795' title='bbox 2528 4861 2772 4900; x_wconf 87' lang='lat' dir='ltr'><strong>manuum</strong></span> <span class='ocrx_word' id='word_1_796' title='bbox 2796 4859 3004 4898; x_wconf 87' lang='lat' dir='ltr'><strong>suarum</strong></span> <span class='ocrx_word' id='word_1_797' title='bbox 3030 4833 3444 4911; x_wconf 10' lang='lat' dir='ltr'><strong>comprehensus.</strong></span> <span class='ocrx_word' id='word_1_798' title='bbox 3472 4846 3548 4892; x_wconf 87' lang='lat' dir='ltr'><strong>est</strong></span> <span class='ocrx_word' id='word_1_799' title='bbox 3575 4846 3859 4908; x_wconf 83' lang='lat' dir='ltr'><strong>peccator.</strong></span> 
     </span>
    </p>
   </div>
   <div class='ocr_carea' id='block_1_107' title="bbox 2258 4931 3868 5003">
    <p class='ocr_par' dir='ltr' id='par_1_107' title="bbox 2258 4931 3868 5003">
     <span class='ocr_line' id='line_1_107' title="bbox 2258 4931 3868 5003; baseline -0.01 -6"><span class='ocrx_word' id='word_1_800' title='bbox 2258 4940 2398 4996; x_wconf 80' lang='lat' dir='ltr'><strong>Vera</strong></span> <span class='ocrx_word' id='word_1_801' title='bbox 2429 4939 2588 4996; x_wconf 88' lang='lat' dir='ltr'><strong>nimis</strong></span> <span class='ocrx_word' id='word_1_802' title='bbox 2617 4947 2673 4994; x_wconf 91' lang='lat' dir='ltr'><strong>et</strong></span> <span class='ocrx_word' id='word_1_803' title='bbox 2692 4937 2932 4992; x_wconf 90' lang='lat' dir='ltr'><strong>absoluta</strong></span> <span class='ocrx_word' id='word_1_804' title='bbox 2963 4934 3227 4992; x_wconf 87' lang='lat' dir='ltr'><strong>sententia</strong></span> <span class='ocrx_word' id='word_1_805' title='bbox 3255 4950 3268 4988; x_wconf 91' lang='lat'><strong>:</strong></span> <span class='ocrx_word' id='word_1_806' title='bbox 3298 4931 3556 5003; x_wconf 88' lang='lat' dir='ltr'><strong>quoniam</strong></span> <span class='ocrx_word' id='word_1_807' title='bbox 3577 4939 3708 4984; x_wconf 85' lang='lat' dir='ltr'><strong>tunc</strong></span> <span class='ocrx_word' id='word_1_808' title='bbox 3735 4943 3868 4984; x_wconf 87' lang='lat' dir='ltr'><strong>ma-</strong></span> 
     </span>
    </p>
   </div>
   <div class='ocr_carea' id='block_1_108' title="bbox 2257 5019 3865 5102">
    <p class='ocr_par' dir='ltr' id='par_1_108' title="bbox 2257 5019 3865 5102">
     <span class='ocr_line' id='line_1_108' title="bbox 2257 5019 3865 5102; baseline -0.008 -13"><span class='ocrx_word' id='word_1_809' title='bbox 2257 5031 2453 5089; x_wconf 87' lang='lat' dir='ltr'><strong>nifeste</strong></span> <span class='ocrx_word' id='word_1_810' title='bbox 2478 5037 2812 5102; x_wconf 80' lang='lat' dir='ltr'><strong>cognoscetur</strong></span> <span class='ocrx_word' id='word_1_811' title='bbox 2843 5027 3095 5082; x_wconf 86' lang='lat' dir='ltr'><strong>Dominus</strong></span> <span class='ocrx_word' id='word_1_812' title='bbox 3116 5026 3323 5098; x_wconf 84' lang='lat' dir='ltr'><strong>judicia</strong></span> <span class='ocrx_word' id='word_1_813' title='bbox 3368 5028 3537 5094; x_wconf 81' lang='lat' dir='ltr'><strong>facere</strong></span> <span class='ocrx_word' id='word_1_814' title='bbox 3556 5061 3574 5088; x_wconf 96' lang='lat'><strong>,</strong></span> <span class='ocrx_word' id='word_1_815' title='bbox 3619 5019 3865 5091; x_wconf 75' lang='lat' dir='ltr'><strong>quando</strong></span> 
     </span>
    </p>
   </div>
   <div class='ocr_carea' id='block_1_109' title="bbox 2257 5117 3868 5199">
    <p class='ocr_par' dir='ltr' id='par_1_109' title="bbox 2257 5117 3868 5199">
     <span class='ocr_line' id='line_1_109' title="bbox 2257 5117 3868 5199; baseline -0.007 -15"><span class='ocrx_word' id='word_1_816' title='bbox 2257 5126 2629 5199; x_wconf 85' lang='lat' dir='ltr'><strong>peccatoribus</strong></span> <span class='ocrx_word' id='word_1_817' title='bbox 2652 5125 2862 5181; x_wconf 90' lang='lat' dir='ltr'><strong>dabitur</strong></span> <span class='ocrx_word' id='word_1_818' title='bbox 2883 5132 3080 5179; x_wconf 83' lang='lat' dir='ltr'><strong>aeterna</strong></span> <span class='ocrx_word' id='word_1_819' title='bbox 3095 5120 3426 5178; x_wconf 88' lang='lat' dir='ltr'><strong>cruciatione</strong></span> <span class='ocrx_word' id='word_1_820' title='bbox 3454 5117 3724 5188; x_wconf 80' lang='lat' dir='ltr'><strong>torqueri.</strong></span> <span class='ocrx_word' id='word_1_821' title='bbox 3755 5117 3868 5173; x_wconf 78' lang='lat' dir='ltr'><strong>llic</strong></span> 
     </span>
    </p>
   </div>
   <div class='ocr_carea' id='block_1_110' title="bbox 2255 5210 3873 5289">
    <p class='ocr_par' dir='ltr' id='par_1_110' title="bbox 2255 5210 3873 5289">
     <span class='ocr_line' id='line_1_110' title="bbox 2255 5210 3873 5289; baseline -0.006 -13"><span class='ocrx_word' id='word_1_822' title='bbox 2255 5220 2401 5276; x_wconf 86' lang='lat' dir='ltr'><strong>enim</strong></span> <span class='ocrx_word' id='word_1_823' title='bbox 2427 5220 2551 5289; x_wconf 90' lang='lat' dir='ltr'><strong>quia</strong></span> <span class='ocrx_word' id='word_1_824' title='bbox 2581 5226 2708 5274; x_wconf 89' lang='lat' dir='ltr'><strong>sunt</strong></span> <span class='ocrx_word' id='word_1_825' title='bbox 2731 5219 2812 5275; x_wconf 88' lang='lat' dir='ltr'><strong>eis</strong></span> <span class='ocrx_word' id='word_1_826' title='bbox 2841 5218 3008 5274; x_wconf 90' lang='lat' dir='ltr'><strong>libera</strong></span> <span class='ocrx_word' id='word_1_827' title='bbox 3039 5217 3268 5283; x_wconf 88' lang='lat' dir='ltr'><strong>scelera,</strong></span> <span class='ocrx_word' id='word_1_828' title='bbox 3296 5213 3526 5284; x_wconf 87' lang='lat' dir='ltr'><strong>relinqui</strong></span> <span class='ocrx_word' id='word_1_829' title='bbox 3549 5210 3873 5268; x_wconf 82' lang='lat' dir='ltr'><strong>creduntur</strong></span> 
     </span>
    </p>
   </div>
   <div class='ocr_carea' id='block_1_111' title="bbox 2257 5305 3871 5382">
    <p class='ocr_par' dir='ltr' id='par_1_111' title="bbox 2257 5305 3871 5382">
     <span class='ocr_line' id='line_1_111' title="bbox 2257 5305 3871 5382; baseline -0.003 -13"><span class='ocrx_word' id='word_1_830' title='bbox 2257 5311 2482 5369; x_wconf 81' lang='lat' dir='ltr'><strong>forsitan</strong></span> <span class='ocrx_word' id='word_1_831' title='bbox 2527 5311 2834 5382; x_wconf 88' lang='lat' dir='ltr'><strong>impunita;</strong></span> <span class='ocrx_word' id='word_1_832' title='bbox 2878 5311 2974 5368; x_wconf 89' lang='lat' dir='ltr'><strong>sed</strong></span> <span class='ocrx_word' id='word_1_833' title='bbox 3003 5312 3093 5367; x_wconf 91' lang='lat' dir='ltr'><strong>ubi</strong></span> <span class='ocrx_word' id='word_1_834' title='bbox 3121 5310 3236 5366; x_wconf 90' lang='lat' dir='ltr'><strong>dies</strong></span> <span class='ocrx_word' id='word_1_835' title='bbox 3264 5309 3355 5365; x_wconf 90' lang='lat' dir='ltr'><strong>ille</strong></span> <span class='ocrx_word' id='word_1_836' title='bbox 3385 5305 3871 5364; x_wconf 79' lang='lat' dir='ltr'><strong>manifestationis</strong></span> 
     </span>
    </p>
   </div>
   <div class='ocr_carea' id='block_1_112' title="bbox 2256 5398 3870 5476">
    <p class='ocr_par' dir='ltr' id='par_1_112' title="bbox 2256 5398 3870 5476">
     <span class='ocr_line' id='line_1_112' title="bbox 2256 5398 3870 5476; baseline -0.005 -14"><span class='ocrx_word' id='word_1_837' title='bbox 2256 5407 2558 5473; x_wconf 87' lang='lat' dir='ltr'><strong>advenerit,</strong></span> <span class='ocrx_word' id='word_1_838' title='bbox 2588 5417 2643 5463; x_wconf 90' lang='lat' dir='ltr'><strong>et</strong></span> <span class='ocrx_word' id='word_1_839' title='bbox 2669 5409 2865 5462; x_wconf 92' lang='lat' dir='ltr'><strong>throno</strong></span> <span class='ocrx_word' id='word_1_840' title='bbox 2899 5405 3193 5476; x_wconf 88' lang='lat' dir='ltr'><strong>majestatis</strong></span> <span class='ocrx_word' id='word_1_841' title='bbox 3222 5419 3333 5460; x_wconf 85' lang='lat' dir='ltr'><strong>suae</strong></span> <span class='ocrx_word' id='word_1_842' title='bbox 3365 5401 3624 5457; x_wconf 85' lang='lat' dir='ltr'><strong>Dominus</strong></span> <span class='ocrx_word' id='word_1_843' title='bbox 3647 5398 3870 5454; x_wconf 77' lang='lat' dir='ltr'><strong>Salva-</strong></span> 
     </span>
    </p>
   </div>
   <div class='ocr_carea' id='block_1_113' title="bbox 2258 5492 3879 5571">
    <p class='ocr_par' dir='ltr' id='par_1_113' title="bbox 2258 5492 3879 5571">
     <span class='ocr_line' id='line_1_113' title="bbox 2258 5492 3879 5571; baseline -0.006 -13"><span class='ocrx_word' id='word_1_844' title='bbox 2258 5511 2343 5558; x_wconf 93' lang='lat' dir='ltr'><strong>tor</strong></span> <span class='ocrx_word' id='word_1_845' title='bbox 2369 5502 2647 5568; x_wconf 88' lang='lat' dir='ltr'><strong>insederit,</strong></span> <span class='ocrx_word' id='word_1_846' title='bbox 2679 5511 2805 5557; x_wconf 86' lang='lat' dir='ltr'><strong>tunc</strong></span> <span class='ocrx_word' id='word_1_847' title='bbox 2829 5499 3155 5571; x_wconf 86' lang='lat' dir='ltr'><strong>generaliter</strong></span> <span class='ocrx_word' id='word_1_848' title='bbox 3177 5504 3498 5568; x_wconf 84' lang='lat' dir='ltr'><strong>aguoscetur</strong></span> <span class='ocrx_word' id='word_1_849' title='bbox 3522 5493 3752 5564; x_wconf 85' lang='lat' dir='ltr'><strong>operari</strong></span> <span class='ocrx_word' id='word_1_850' title='bbox 3775 5492 3879 5564; x_wconf 84' lang='lat' dir='ltr'><strong>ju-</strong></span> 
     </span>
    </p>
   </div>
   <div class='ocr_carea' id='block_1_114' title="bbox 2256 5585 3878 5664">
    <p class='ocr_par' dir='ltr' id='par_1_114' title="bbox 2256 5585 3878 5664">
     <span class='ocr_line' id='line_1_114' title="bbox 2256 5585 3878 5664; baseline -0.006 -13"><span class='ocrx_word' id='word_1_851' title='bbox 2256 5595 2394 5651; x_wconf 88' lang='lat' dir='ltr'><strong>dicia</strong></span> <span class='ocrx_word' id='word_1_852' title='bbox 2425 5610 2543 5661; x_wconf 87' lang='lat' dir='ltr'><strong>sua,</strong></span> <span class='ocrx_word' id='word_1_853' title='bbox 2570 5594 2784 5664; x_wconf 89' lang='lat' dir='ltr'><strong>quando</strong></span> <span class='ocrx_word' id='word_1_854' title='bbox 2811 5593 3100 5647; x_wconf 88' lang='lat' dir='ltr'><strong>humanum</strong></span> <span class='ocrx_word' id='word_1_855' title='bbox 3143 5605 3332 5661; x_wconf 90' lang='lat' dir='ltr'><strong>genus,</strong></span> <span class='ocrx_word' id='word_1_856' title='bbox 3359 5588 3472 5643; x_wconf 91' lang='lat' dir='ltr'><strong>sive</strong></span> <span class='ocrx_word' id='word_1_857' title='bbox 3497 5602 3530 5642; x_wconf 88' lang='lat' dir='ltr'><strong>a</strong></span> <span class='ocrx_word' id='word_1_858' title='bbox 3561 5585 3824 5641; x_wconf 81' lang='lat' dir='ltr'><strong>sinistris</strong></span> <span class='ocrx_word' id='word_1_859' title='bbox 3855 5623 3878 5653; x_wconf 90' lang='lat'><strong>,</strong></span> 
     </span>
    </p>
   </div>
   <div class='ocr_carea' id='block_1_115' title="bbox 2252 5677 3872 5755">
    <p class='ocr_par' dir='ltr' id='par_1_115' title="bbox 2252 5677 3872 5755">
     <span class='ocr_line' id='line_1_115' title="bbox 2252 5677 3872 5755; baseline -0.007 -10"><span class='ocrx_word' id='word_1_860' title='bbox 2252 5689 2369 5745; x_wconf 83' lang='lat' dir='ltr'><strong>sive</strong></span> <span class='ocrx_word' id='word_1_861' title='bbox 2397 5704 2428 5743; x_wconf 89' lang='lat' dir='ltr'><strong>a</strong></span> <span class='ocrx_word' id='word_1_862' title='bbox 2457 5687 2680 5753; x_wconf 89' lang='lat' dir='ltr'><strong>dextris,</strong></span> <span class='ocrx_word' id='word_1_863' title='bbox 2713 5685 2830 5755; x_wconf 81' lang='lat' dir='ltr'><strong>ejus</strong></span> <span class='ocrx_word' id='word_1_864' title='bbox 2861 5684 3021 5738; x_wconf 85' lang='lat' dir='ltr'><strong>fuerit</strong></span> <span class='ocrx_word' id='word_1_865' title='bbox 3045 5682 3270 5738; x_wconf 87' lang='lat' dir='ltr'><strong>arbitrio</strong></span> <span class='ocrx_word' id='word_1_866' title='bbox 3313 5686 3675 5751; x_wconf 81' lang='lat' dir='ltr'><strong>segregatum.</strong></span> <span class='ocrx_word' id='word_1_867' title='bbox 3732 5677 3872 5733; x_wconf 75' lang='lat' dir='ltr'><strong>Hoc</strong></span> 
     </span>
    </p>
   </div>
   <div class='ocr_carea' id='block_1_116' title="bbox 2253 5773 3868 5853">
    <p class='ocr_par' dir='ltr' id='par_1_116' title="bbox 2253 5773 3868 5853">
     <span class='ocr_line' id='line_1_116' title="bbox 2253 5773 3868 5853; baseline -0.006 -13"><span class='ocrx_word' id='word_1_868' title='bbox 2253 5791 2337 5840; x_wconf 89' lang='lat' dir='ltr'><strong>est</strong></span> <span class='ocrx_word' id='word_1_869' title='bbox 2363 5782 2506 5838; x_wconf 92' lang='lat' dir='ltr'><strong>enim</strong></span> <span class='ocrx_word' id='word_1_870' title='bbox 2527 5779 2736 5853; x_wconf 82' lang='lat' dir='ltr'><strong>judicia</strong></span> <span class='ocrx_word' id='word_1_871' title='bbox 2769 5793 2899 5835; x_wconf 90' lang='lat' dir='ltr'><strong>vere</strong></span> <span class='ocrx_word' id='word_1_872' title='bbox 2935 5782 3133 5850; x_wconf 78' lang='lat' dir='ltr'><strong>facere,</strong></span> <span class='ocrx_word' id='word_1_873' title='bbox 3171 5777 3592 5844; x_wconf 85' lang='lat' dir='ltr'><strong>uniuscujusque</strong></span> <span class='ocrx_word' id='word_1_874' title='bbox 3639 5773 3868 5830; x_wconf 77' lang='lat' dir='ltr'><strong>merita</strong></span> 
     </span>
    </p>
   </div>
   <div class='ocr_carea' id='block_1_117' title="bbox 2254 5865 3882 5948">
    <p class='ocr_par' dir='ltr' id='par_1_117' title="bbox 2254 5865 3882 5948">
     <span class='ocr_line' id='line_1_117' title="bbox 2254 5865 3882 5948; baseline -0.008 -12"><span class='ocrx_word' id='word_1_875' title='bbox 2254 5877 2371 5936; x_wconf 89' lang='lat' dir='ltr'><strong>sine</strong></span> <span class='ocrx_word' id='word_1_876' title='bbox 2395 5874 2572 5948; x_wconf 85' lang='lat' dir='ltr'><strong>aliqua</strong></span> <span class='ocrx_word' id='word_1_877' title='bbox 2599 5872 2915 5933; x_wconf 76' lang='lat' dir='ltr'><strong>confusione</strong></span> <span class='ocrx_word' id='word_1_878' title='bbox 2943 5871 3274 5930; x_wconf 82' lang='lat' dir='ltr'><strong>discernere.</strong></span> <span class='ocrx_word' id='word_1_879' title='bbox 3317 5865 3574 5938; x_wconf 84' lang='lat' dir='ltr'><strong>Sequitur</strong></span> <span class='ocrx_word' id='word_1_880' title='bbox 3611 5872 3882 5932; x_wconf 64' lang='lat' dir='ltr'><strong>sentem</strong></span> 
     </span>
    </p>
   </div>
  </div>
