4064 6360
254 563 329 622 85
1212 554 1572 619 EXPOSITIO
1612 558 1678 617 IN
1714 556 2172 619 PSALTERIUM.
2213 557 2407 618 PSAL.
2447 560 2537 616 IX.
3443 556 3510 613 80

254 678 348 734 tiae
375 674 537 747 hujus
561 681 756 747 aperta
778 673 1071 731 declaratio
1098 689 1113 729 :
1144 674 1274 732 dicit
1301 674 1443 732 enim
1467 674 1607 730 unde
1638 690 1829 745 cogno-
1858 674 1915 738 Α
1938 670 2277 729 ﬁdelissimos
2326 679 2585 739 coronat;
2639 685 2762 727 nam
2803 670 2851 728 si
2895 668 3218 742 quibuslibet
3257 671 3510 729 aerumnis

252 769 416 824 scitur
433 766 711 822 Dominum
724 781 852 823 vere
868 767 998 840 [ed.,
1012 764 1161 839 vera]
1183 767 1385 839 judicia
1409 769 1607 838 facere;
1628 766 1833 823 scilicet

253 858 469 929 quando
496 858 750 913 nexuosis
780 858 1031 927 operibus
1060 857 1171 913 suis
1206 865 1459 927 peccator
1488 856 1830 926 astringitur,

252 954 309 999 et
335 948 629 1003 secundum
669 958 883 1004 actuum
913 949 1224 1020 qualitatem
1256 949 1470 1018 dignam
1522 947 1717 1016 recipit
1750 948 1831 1002 ul-

254 1040 478 1097 tionem.
513 1038 649 1094 Nam
696 1053 888 1096 sensus
937 1040 1028 1095 ille
1058 1039 1285 1094 omnino
1312 1038 1560 1095 vitandus
1600 1045 1713 1105 est,
1744 1037 1835 1108 qui

260 1142 412 1202 putat
448 1140 783 1201 peccatorem
824 1132 939 1187 sola
983 1131 1300 1186 delictorum
1330 1144 1550 1185 suorum
1580 1128 1835 1184 recorda-

259 1224 409 1278 tione
451 1221 820 1288 cruciandum;
875 1236 1001 1277 nam
1048 1221 1094 1276 si
1147 1222 1251 1276 hoc
1288 1228 1493 1274 tantum
1544 1217 1834 1285 sufﬁceret,

258 1330 427 1386 quare
454 1315 726 1370 diceretur
757 1332 771 1368 :
802 1312 884 1368 Ite
910 1315 962 1367 in
990 1314 1162 1384 ignem
1204 1320 1472 1380 retentum,
1505 1311 1591 1380 qui
1626 1317 1836 1381 paratus

259 1419 335 1463 est
364 1408 567 1463 diabolo
595 1419 642 1462 et
669 1408 861 1478 angelis
889 1412 1000 1479 ejus
1030 1406 1243 1477 (Matth.
1270 1405 1478 1471 xxv,“
1499 1405 1548 1475 ),
1581 1415 1634 1460 et
1661 1402 1791 1459 illud
1817 1417 1834 1458 :

265 1501 470 1556 Vermis
498 1518 674 1556 eorum
705 1518 809 1556 non
847 1501 1127 1569 morietur,
1168 1507 1215 1551 et
1254 1500 1387 1570 ignis
1416 1513 1591 1551 eorum
1618 1512 1719 1549 non
1747 1511 1838 1550 ea:-

256 1593 548 1663 stinguetur
586 1590 751 1663 (Isai.
796 1606 945 1656 uvt,
990 1590 1122 1659 24)?
1150 1588 1265 1644 Non
1292 1589 1434 1644 enim
1466 1587 1553 1643 hic
1578 1588 1693 1642 loca
1724 1596 1836 1642 tor-

258 1698 568 1744 mentorum
592 1697 752 1759 uegat
773 1688 1144 1758 peccatoribus
1165 1686 1302 1752 dari,
1330 1687 1425 1743 sed
1449 1702 1544 1756 per
1558 1685 1838 1756 qualitates

261 1795 486 1850 operum
511 1797 727 1836 suorum
744 1796 840 1836 eos
860 1780 988 1835 dicit
1011 1796 1130 1836 esse
1159 1780 1505 1850 torquendos.
1531 1779 1836 1835 Sentiamus

261 1886 395 1943 ergo
420 1874 595 1928 locum
624 1882 964 1943 peccatorum
990 1873 1269 1943 suppliciis
1294 1886 1415 1927 esse
1438 1880 1792 1941 praeparatum
1819 1886 1834 1925 :

260 1963 630 2033 intelligamus
655 1966 992 2019 extrinsecus
1017 1964 1228 2032 poenale
1249 1963 1468 2030 malum,
1492 1962 1633 2033 quod
1663 1963 1837 2020 scele-

1935 765 2080 822 desit
2100 763 2379 834 patientia,
2408 764 2589 819 anima
2614 778 2722 819 non
2742 770 2918 834 potest
2938 776 3057 819 esse
3079 761 3336 833 perfecta.
3367 761 3512 828 ρυε-

1938 866 2158 929 propter
2180 856 2438 927 patientia
2462 864 2545 911 est
2566 856 2707 911 inter
2729 856 2913 912 anxias
2939 855 3307 912 tribulationes
3328 854 3511 910 saeculi

1936 964 2108 1020 usque
2137 948 2203 1004 ad
2234 949 2392 1003 ﬁnem
2423 947 2612 1003 mortis
2656 947 2710 1002 in
2741 948 2935 1004 timore
2961 947 3171 1004 Domini
3219 948 3510 1018 gratiarum

1941 1040 2084 1096 actio
2109 1040 2306 1110 jugiter
2331 1038 2613 1093 observata
2641 1055 2655 1104 ;
2688 1037 2827 1093 sicut
2852 1038 3107 1093 Dominus
3136 1039 3190 1094 in
3224 1036 3512 1109 Evangelio

1936 1129 2068 1185 dicit
2091 1128 2163 1184 :1
2173 1146 2206 1183 η
2251 1128 2496 1199 patientia
2532 1136 2696 1181 vestra
2727 1126 3049 1197 possidebitis
3088 1129 3288 1182 animas
3324 1138 3513 1182 vestras

1937 1219 2088 1289 (Luc.
2122 1234 2246 1285 ιιι,
2282 1217 2398 1289 19).
2426 1216 2592 1287 Cujus
2619 1217 2697 1273 rei
2738 1225 2884 1273 tanta
2912 1218 3085 1275 virtus
3126 1229 3238 1289 est,
3269 1220 3513 1275 utetiam

1939 1312 2056 1380 ipse
2083 1311 2364 1376 Dominus,
2386 1310 2479 1380 qui
2510 1310 2642 1364 nihil
2670 1309 2889 1379 patitur,
2920 1309 3131 1386 patiens
3156 1310 3387 1366 dicatur.

2010 1404 2166 1460 Vera.
2200 1406 2289 1460 19.
2320 1404 2578 1475 Exsurge,
2614 1401 2871 1470 Domine;
2898 1420 3001 1459 non
3023 1407 3294 1475 pravaleat
3321 1404 3473 1459 homo
3494 1444 3511 1458 .

1941 1497 2234 1568 iudicentur
2258 1508 2427 1570 gentes
2447 1500 2501 1552 in
2527 1507 2799 1570 conspectu
2820 1507 2930 1552 tuo.
2952 1495 3088 1552 Cum
3115 1497 3184 1551 de
3204 1496 3309 1551 line
3335 1496 3518 1552 saeculi

1943 1590 2205 1661 propheta
2233 1598 2513 1657 tractaret,
2546 1590 2834 1647 adventum
2862 1588 3179 1644 Antichristi
3199 1588 3377 1643 cordis
3399 1587 3515 1643 illuc

1941 1685 2233 1740 minatione
2251 1684 2546 1754 prospexit,
2567 1693 2621 1740 et
2640 1682 2863 1753 periculi
2881 1681 3246 1753 magnitudine
3266 1680 3520 1749 perterri-

1941 1785 2051 1843 tus,
2073 1791 2262 1848 magna
2284 1789 2416 1832 voce
2439 1775 2823 1847 proclamavit:
2853 1772 3103 1843 Exsurge,
3134 1772 3390 1837 Domine;
3416 1786 3520 1826 non

1942 1874 2215 1943 prtevaleat
2236 1874 2406 1928 homo.
2436 1872 2555 1943 Ipse
2580 1881 2663 1929 est
2690 1870 2834 1927 enim
2866 1870 3026 1925 homo
3052 1866 3336 1937 pessimus,
3356 1879 3519 1935 quem

1941 1964 2175 2021 humana
2206 1981 2312 2020 non
2344 1973 2521 2035 potest
2549 1963 2821 2019 sustinere
2845 1959 3120 2016 conditio:
3146 1958 3201 2013 in
3228 1970 3335 2026 quo
3377 1963 3521 2011 tanta

260 2056 398 2112 ratis
426 2055 650 2125 legimus
694 2056 995 2111 Imminere.
1037 2055 1170 2109 Nam
1210 2064 1269 2110 ut
1310 2069 1502 2116 revera
1547 2068 1837 2126 cognosca-
1867 2053 1917 2116 B
1947 2060 2050 2117 erit
2066 2059 2301 2116 versutia
2322 2059 2407 2115 vel
2436 2066 2695 2128 potestas,
2722 2064 2781 2111 ut
2806 2055 2920 2111 sola
2951 2052 3161 2109 Domini
3187 2050 3374 2114 virtus,
3402 2049 3523 2117 ejus

261 2160 386 2201 mus
427 2146 811 2203 beatitudinem
838 2162 869 2203 a
897 2146 1333 2203 damnationibus
1369 2145 1690 2216 quibusdam
1731 2158 1841 2203 ter-

262 2241 430 2294 minis
482 2255 601 2297 esse
647 2241 871 2296 divisam
902 2283 919 2310 ,
979 2240 1329 2297 recordemur
1378 2239 1600 2296 divitem
1654 2240 1841 2299 oculos

263 2332 590 2399 sublevasse,
624 2348 1021 2405 pauperemque
1064 2334 1323 2390 Lazarum
1365 2334 1418 2390 in
1448 2335 1572 2389 sinu
1600 2334 1832 2397 Abrahse

265 2422 438 2479 fuisse
462 2435 809 2495 conspectum
826 2466 845 2495 ,
877 2441 938 2483 se
965 2434 1143 2483 autem
1171 2425 1399 2483 ﬂammis
1440 2425 1720 2482 ultricibus
1746 2427 1845 2483 de-

264 2524 506 2585 putatum
544 2516 716 2591 (Luc.
757 2535 883 2586 xvi,
925 2518 1049 2590 25).
1080 2518 1235 2575 Unde
1278 2517 1413 2576 ordo
1460 2520 1563 2576 iste
1600 2519 1846 2577 veritatis

263 2606 573 2663 nullatenus
603 2609 893 2677 diceretur,
926 2610 972 2665 si
1002 2617 1311 2679 peccatores
1355 2609 1619 2664 malorum
1661 2623 1847 2665 recor-

266 2696 418 2753 datio
448 2699 564 2755 sola
594 2708 889 2771 torqueret.
937 2701 1064 2757 Haec
1099 2710 1224 2757 sunt
1249 2702 1451 2781 occulta
1478 2702 1601 2772 ﬁlii,
1629 2716 1751 2773 quae
1781 2702 1849 2759 ti-

267 2788 415 2845 tulus
442 2789 718 2861 praedixit.

640 2948 644 2952 -
728 2919 998 2976 Canticum
1023 2920 1403 2991 diepsalmatis.

344 3050 547 3107 Novum
579 3050 905 3122 diapsalma,
953 3052 1039 3108 cui
1086 3051 1483 3122 superpositum
1514 3050 1771 3123 probatur
1795 3058 1852 3110 et

274 3143 541 3199 canticum
576 3162 589 3197 :
623 3144 764 3199 unde
796 3143 1082 3200 nonnullos
1123 3143 1239 3199 hac
1266 3158 1353 3200 res
1382 3142 1510 3200 fecit
1536 3145 1851 3219 advertere,

275 3234 568 3303 diapsalma
591 3235 859 3291 silentium
889 3251 994 3291 non
1023 3247 1239 3307 putare;
1264 3235 1411 3290 aiunt
1431 3235 1574 3291 enim
1601 3235 1718 3291 ﬁeri
1742 3250 1852 3293 non

276 3340 438 3395 posse
465 3335 524 3379 ut
548 3326 810 3381 canticum
839 3326 1035 3382 silentii
1064 3339 1185 3383 esse
1207 3327 1471 3383 videatur.
1493 3327 1601 3384 Sed
1632 3342 1719 3384 res
1746 3328 1849 3383 ista

1945 2153 2390 2224 possitsuperare
2413 2149 2722 2219 nequitiam.
2752 2145 2939 2202 Gentes
2968 2144 3126 2200 etiam
3154 2142 3287 2212 petit
3303 2139 3520 2196 celerri-

1946 2258 2037 2300 mo
2056 2243 2288 2299 adventu
2311 2242 2569 2312 judicari,
2587 2254 2707 2311 qua:
2727 2253 2847 2294 cum
2864 2239 2984 2308 ipso
3003 2234 3301 2291 saevissimo
3319 2231 3524 2288 scelera

1946 2351 2137 2407 magna
2167 2336 2390 2391 facturae
2413 2342 2558 2391 sunt.
2586 2333 2721 2388 Nam
2743 2331 2871 2387 dum
2912 2328 3118 2386 occulta
3145 2334 3410 2396 potestate
3438 2323 3527 2379 bic

1948 2428 2130 2485 omnia
2158 2426 2416 2483 Dominus
2445 2424 2787 2480 administret
2810 2462 2829 2491 ,
2858 2420 2936 2477 ibi
2964 2429 3143 2475 tamen
3184 2416 3361 2486 palam
3384 2413 3526 2484 judio

1947 2532 2076 2576 eare
2090 2519 2311 2590 petitur,
2327 2518 2416 2574 ubi
2436 2516 2655 2588 superbi
2675 2527 2874 2571 nocere
2889 2511 3115 2568 ulterius
3133 2524 3241 2566 non
3255 2508 3524 2563 sinentur.

2022 2610 2178 2665 Vers.
2191 2610 2287 2666 20.
2300 2608 2587 2675 Constitue,
2606 2606 2845 2671 Domine,
2867 2603 3214 2675 legislaturem
3234 2614 3387 2670 super
3411 2611 3530 2653 eos:

1951 2710 2007 2756 ut
2027 2701 2187 2755 sciant
2211 2709 2381 2771 gentes
2400 2699 2644 2770 quoniam
2664 2697 2890 2751 homines
2910 2703 3052 2750 sunt.
3075 2690 3398 2749 Evidentius
3416 2689 3528 2760 jam

1954 2791 2022 2847 de
2045 2792 2165 2859 ipso
2191 2790 2321 2845 dicit
2340 2789 2697 2853 Antichristo,
2721 2795 2780 2842 ut
2803 2786 2928 2841 talis
2948 2784 3197 2855 princeps
3225 2781 3383 2836 detur
3408 2792 3533 2846 pec-

1956 2879 2265 2944 catoribus,
2297 2891 2404 2933 non
2428 2879 2520 2948 qui
2549 2891 2644 2932 eos
2673 2883 2847 2944 regat,
2875 2873 2972 2929 sed
2998 2872 3090 2941 qui
3115 2885 3235 2925 cum
3268 2868 3399 2938 ipsis
3426 2881 3531 2922 una

1956 2974 2233 3042 depereat.
2261 2970 2501 3038 Denique
2525 2967 2791 3037 sequitur,
2823 2974 2879 3019 ut
2899 2966 3065 3018 sciant
3088 2968 3265 3032 gentes
3282 2960 3527 3030 quoniam

1954 3065 2185 3120 homines
2210 3069 2351 3117 sunt.
2378 3060 2492 3115 Hoc
2519 3067 2695 3115 autem
2722 3057 2925 3113 dictum
2952 3052 3207 3110 minantis
3236 3058 3350 3117 est,
3381 3057 3439 3106 ut
3461 3046 3528 3104 ad

1956 3154 2365 3213 conversionem
2392 3151 2567 3222 potius
2595 3149 2942 3215 inclinentur,
2969 3147 3062 3216 qui
3090 3144 3160 3200 de
3190 3143 3414 3221 sceleris
3443 3142 3528 3196 sui

1956 3247 2212 3303 libertate
2234 3248 2587 3314 praesumunt.
2612 3240 2769 3310 Legis
2787 3240 2930 3295 enim
2950 3235 3265 3294 verissimus
3291 3234 3429 3289 lator
3443 3248 3534 3289 so-

1958 3336 2043 3394 lus
2055 3345 2139 3394 est
2154 3336 2315 3392 Deus.
2332 3333 2532 3405 thuia
2548 3332 2638 3387 ille
2653 3338 2837 3387 contra
2857 3336 3123 3399 praecepta
3137 3326 3349 3409 Domini
3361 3324 3533 3379 multa

280 3415 778 3473 determinationem
822 3433 941 3487 quae
968 3418 1023 3472 in
1053 3417 1368 3487 praefatione
1396 3419 1568 3488 posita
1595 3426 1698 3485 est,
1729 3433 1848 3474 om-
1876 3432 1924 3500 α
1953 3429 2205 3500 jussums
2229 3435 2335 3495 est,
2359 3427 2414 3482 in
2436 3423 2722 3479 maledicto
2751 3421 2987 3493 ponitur,
3018 3428 3076 3475 ut
3096 3419 3176 3475 eis
3196 3430 3374 3488 prava:
3396 3414 3532 3486 legis

272 3521 408 3564 nino
436 3509 511 3566 nil
540 3510 758 3580 impedit
790 3528 804 3564 :
834 3509 921 3566 hic
964 3512 1106 3566 enim
1151 3510 1419 3566 canticum
1462 3526 1569 3566 non
1619 3511 1854 3567 interru-

277 3599 515 3670 ptionem
537 3601 823 3658 verborum
848 3602 1006 3671 tollit,
1053 3601 1153 3660 sed
1202 3602 1435 3660 futuram
1473 3601 1684 3661 videtur
1716 3603 1856 3663 indi-

277 3705 409 3747 care
440 3692 699 3749 laetitiam.

358 3780 510 3837 Vers.
536 3784 621 3838 17.
644 3784 1012 3840 Convertuntur
1030 3793 1316 3859 peccatores
1341 3787 1397 3843 in
1421 3786 1717 3859 infernum:
1742 3804 1853 3844 om-

281 3889 377 3928 nes
401 3884 570 3945 gentes
598 3894 711 3948 quin
739 3879 1103 3935 obliviscuntur
1141 3878 1436 3936 Dominum.
1466 3879 1624 3951 Yenit
1652 3881 1719 3937 ad
1744 3889 1855 3938 ter-

278 3966 412 4019 tiam
442 3970 731 4025 sectionem
754 4011 770 4037 ,
798 3971 853 4026 in
881 3988 983 4043 qua
1010 3974 1381 4044 peccatoribus
1409 3976 1570 4031 ﬁnem
1608 3974 1709 4030 sub
1736 3974 1854 4031 ala-

278 4057 474 4113 critate
498 4060 664 4115 animi
679 4065 985 4131 pronuntiat
1001 4080 1121 4120 esse
1142 4076 1446 4120 venturum.
1464 4066 1853 4136 Convertantur,

279 4146 439 4213 dicit;
466 4148 535 4204 ab
566 4150 727 4222 hujus
756 4154 938 4208 mundi
968 4154 1321 4211 delectatione
1352 4157 1627 4226 tollantur,
1653 4172 1721 4214 ne
1744 4159 1857 4214 diu-

278 4239 386 4293 tius
416 4241 629 4309 possint
654 4243 705 4298 in
734 4258 829 4299 sua
860 4246 1132 4315 voluptate
1172 4248 1427 4317 gaudere.
1471 4248 1757 4318 Sequitur,
1802 4250 1858 4304 in

280 4324 562 4402 infernum,
594 4350 663 4391 ne
691 4353 750 4393 se
776 4338 1060 4395 crederent
1099 4340 1228 4395 alibi
1268 4357 1389 4397 esse
1419 4343 1730 4400 mittendos.
1760 4341 1857 4400 Iu-

275 4423 482 4493 fernum
517 4435 693 4482 autem
722 4428 921 4485 dictum
953 4440 1035 4487 est
1060 4432 1127 4487 ab
1152 4448 1218 4488 eo
1252 4434 1394 4504 quod
1424 4435 1532 4491 illic
1557 4438 1748 4493 anima:
1767 4438 1856 4508 ju-

273 4518 418 4589 giter
445 4520 780 4580 inferantur:
808 4526 943 4592 sive,
968 4536 1028 4581 ut
1055 4528 1271 4600 quidam
1298 4530 1503 4598 volunt,
1534 4547 1564 4588 a
1592 4544 1744 4603 parte
1773 4535 1855 4591 in-

278 4608 501 4667 feriore.
547 4611 654 4668 Sed
695 4613 782 4670 hic
824 4616 1081 4686 infernum
1120 4619 1232 4675 vult
1274 4621 1495 4692 intelligi
1541 4634 1853 4695 perpetuam

276 4715 541 4773 mortem,
577 4705 644 4761 ad
678 4721 837 4777 quam
883 4709 1001 4764 sine
1045 4710 1205 4766 dubio
1245 4715 1553 4783 perventuri
1593 4727 1716 4773 sunt
1760 4716 1851 4789 qui

1956 3520 2209 3577 conditor
2239 3519 2541 3583 tribuatur;
2579 3515 2723 3586 quod
2750 3528 2860 3571 non
2884 3511 2956 3569 ad
2997 3510 3226 3569 salutem
3252 3507 3532 3567 sceleratis

1956 3612 2227 3686 proﬁciat,
2257 3611 2351 3668 sed
2382 3611 2447 3666 ad
2474 3609 2705 3666 ruinam.
3532 3600 3537 3667 ῗ

2029 3705 2186 3761 Vers.
2214 3702 2307 3758 2t.
2342 3700 2558 3772 thuid,
2580 3698 2819 3766 Domine,
2847 3694 3095 3754 recessisti
3119 3694 3289 3767 longe,
3310 3691 3533 3763 despicis

1955 3799 2013 3853 in
2039 3796 2501 3867 opportunitatibus
2528 3795 2582 3848 in
2604 3793 2965 3849 tribulatione?
2992 3789 3278 3861 lnterjecto
3303 3786 3534 3858 diapsal-

1955 3898 2133 3957 mate,
2177 3887 2324 3945 venit
2360 3888 2428 3943 ad
2465 3895 2715 3953 quartum
2763 3884 3063 3940 membrum
3092 3898 3109 3939 :
3136 3880 3228 3938 ubi
3276 3877 3532 3950 temporis

1958 3981 2103 4038 illius
2152 3980 2291 4036 mala
2324 3987 2696 4050 pertractans,
2750 3976 3071 4033 amictorum
3100 3972 3532 4031 consideratione

1954 4075 2184 4131 Domino
2212 4072 2345 4129 dicit
2369 4086 2522 4128 more
2554 4071 2879 4127 inﬁrmitatis
2912 4070 3159 4126 humanas
3188 4086 3205 4124 :
3236 4067 3342 4122 Cur
3364 4081 3533 4122 reces-

1957 4167 2070 4220 sisti
2101 4166 2286 4233 longe?
2314 4179 2423 4218 non
2449 4162 2591 4231 quod
2620 4162 2712 4217 ille
2738 4163 2914 4217 locum
2939 4161 3308 4229 derelinquat,
3356 4167 3414 4214 et
3456 4155 3529 4214 ad

1957 4256 2103 4311 aliud
2130 4254 2358 4325 spatium
2391 4250 2743 4308 transferatur
2769 4252 2858 4322 qui
2888 4250 3083 4322 ubique
3109 4257 3251 4308 totus
3277 4258 3363 4307 est
3380 4289 3398 4318 ,
3430 4247 3531 4306 sed

1959 4346 2111 4417 quasi
2140 4344 2432 4400 recessisse
2459 4342 2717 4409 creditur,
2740 4357 2862 4399 cum
2892 4342 3179 4399 subvenire
3205 4338 3547 4411 tardaverit.i

1958 4437 2069 4495 Sed
2096 4437 2222 4492 dum
2248 4435 2493 4505 superius
2519 4434 2716 4489 dixerit
2743 4450 2758 4489 :
2794 4433 3050 4501 Quoniam
3080 4449 3181 4489 non
3211 4432 3531 4505 derelinqucs

1957 4539 2241 4604 quterentes
2267 4538 2332 4596 te,
2362 4528 2602 4596 Domine,
2622 4526 2716 4583 hic
2740 4528 3003 4596 sequitur,
3020 4525 3238 4595 despicis
3262 4526 3319 4579 in
3335 4540 3531 4595 oppor-

1960 4621 2302 4686 tunitatibus;
2324 4619 2416 4676 sed
2441 4618 2573 4675 illud
2604 4627 2815 4674 constat
2837 4616 3039 4673 dictum
3067 4615 3327 4672 veraciter
3356 4625 3411 4672 et
3439 4613 3535 4673 de-

1958 4716 2190 4782 ﬁuitive,
2236 4713 2376 4769 istud
2403 4724 2581 4767 autem
2634 4725 2732 4781 pro
2761 4710 3085 4782 gementium
3108 4709 3380 4765 anxietate
3410 4718 3535 4779 pre-

274 4791 486 4850 Doinini
513 4800 777 4869 praecepta
803 4809 1169 4858 contemnunt.
1199 4803 1443 4861 Oblivisci
1462 4818 1641 4865 autem
1666 4810 1848 4867 Domi—
1875 4802 1930 4867 D
1957 4810 2123 4865 latum
2150 4815 2252 4862 est.
2280 4804 2489 4874 Πειρίοὶ
2508 4802 2650 4860 enim
2678 4818 2777 4859 nos
2800 4802 3090 4870 credimus,
3119 4800 3166 4856 si
3192 4799 3277 4856 vel
3306 4798 3532 4858 minimo

274 4898 417 4950 num,
442 4895 524 4942 est
548 4890 821 4945 erroribus
844 4894 1305 4964 superstitionum,
1334 4907 1390 4954 et
1417 4913 1573 4956 emno
1604 4902 1850 4974 volupta-

272 4976 600 5069 tisinvolvi;
629 4997 752 5038 nam
777 4987 1080 5044 econtrario
1107 4988 1252 5047 illius
1280 5006 1552 5051 memores
1580 5004 1727 5065 sunt,
1754 4998 1847 5069 qui

273 5065 399 5122 talia
426 5084 532 5125 non
559 5073 856 5143 requirunt.

343 5157 499 5216 Vers.
534 5160 623 5217 18.
658 5164 913 5229 Quoniam
934 5183 1039 5224 non
1065 5170 1121 5225 in
1146 5172 1303 5241 ﬁnem
1327 5172 1507 5228 oblivio
1534 5175 1629 5229 erit
1647 5193 1846 5248 paupe-

268 5252 383 5308 ris:
412 5255 659 5324 patientia
685 5275 968 5329 pauperum
1006 5279 1109 5317 non
1150 5266 1332 5333 peribit
1358 5267 1413 5321 in
1437 5268 1613 5338 ﬁnem.
1644 5269 1845 5327 Videns

271 5346 531 5415 pr0pheta
558 5349 613 5404 in
637 5349 739 5407 hoc
765 5353 965 5409 mundo
991 5352 1242 5411 divitibus
1262 5356 1537 5427 despectui
1566 5377 1686 5418 esse
1713 5378 1843 5433 pau-

268 5448 429 5506 peres
454 5479 468 5505 ,
499 5449 553 5495 et
585 5441 839 5500 oblivioni
883 5444 1271 5502 crudelissimae
1299 5448 1581 5519 deputari,
1609 5454 1665 5508 in
1689 5455 1847 5523 ﬁnem

267 5532 475 5597 saeculi,
492 5534 706 5604 quando
726 5536 984 5593 Dominus
1008 5537 1074 5593 ad
1093 5539 1439 5606 judicandum
1461 5545 1671 5599 venerit
1690 5561 1845 5602 mun-

268 5619 416 5691 dum,
442 5638 701 5695 pauperes
721 5626 831 5699 ω
850 5643 955 5684 non
982 5629 1108 5685 dicit
1130 5646 1251 5689 esse
1271 5635 1721 5704 contemnendos;
1746 5636 1846 5696 sed

267 5722 395 5771 tunc
417 5719 587 5788 magis
612 5720 666 5775 in
689 5724 1002 5777 memoriam
1027 5723 1235 5779 Domini
1255 5725 1376 5782 illos
1399 5727 1603 5796 venire,
1630 5730 1845 5797 quando

266 5804 462 5862 divites
491 5808 649 5879 hujus
691 5812 874 5867 saeculi
914 5828 944 5867 a
974 5814 1122 5885 regni
1151 5816 1268 5887 ejus
1321 5819 1633 5874 muneribus
1662 5822 1843 5877 exclu-

265 5896 487 5955 duntur.
521 5901 590 5957 Et
620 5918 785 5973 quare
820 5904 898 5960 illi
924 5921 1173 5977 pauperes
1202 5924 1233 5963 a
1261 5910 1490 5967 Domino
1516 5928 1843 5972 commemo-

261 6002 449 6053 rentur
476 5996 716 6069 exponit.
750 5996 890 6060 Bicit
916 6000 1080 6091 enim,
1104 6004 1351 6075 patientia
1374 6020 1687 6079 pauperum,
1718 6020 1842 6079 qua

1960 4913 2201 4971 tempore
2252 4899 2601 4967 differamur;
2650 4897 2748 4954 sed
2786 4897 2879 4953 ille
2920 4904 3047 4951 tunc
3091 4894 3262 4966 magis
3319 4895 3536 4952 uberius

1957 4998 2196 5064 praestat,
2222 5004 2343 5046 cum
2373 5004 2581 5062 magnae
2606 4988 2875 5060 patientia:
2897 4987 3045 5058 (mss.
3075 4985 3171 5057 4.,
3188 4983 3280 5055 8.,
3301 4984 3398 5057 F.,
3415 4987 3533 5057 pie-

1955 5083 2105 5154 tatis)
2134 5082 2289 5139 nobis
2314 5083 2508 5139 solatia
2533 5080 2921 5138 subministrat.

2027 5176 2185 5233 Vers.
2213 5176 2305 5232 22.
2329 5174 2470 5231 Dum
2498 5172 2723 5244 superbit
2748 5172 2957 5243 impius,
2983 5171 3273 5229 incenditur
3300 5185 3518 5246 pauper,

1954 5267 2452 5340 comprehenduntur
2479 5268 2535 5320 in
2574 5262 2967 5335 cogitationibus
2993 5265 3097 5321 suis
3124 5280 3252 5335 quas
3275 5266 3523 5339 cogitant.

1955 5358 2259 5416 Studiosius
2289 5366 2371 5414 est
2398 5358 2518 5412 haec
2546 5356 2810 5412 sententia
2838 5356 3217 5427 perscrutanda
3244 5373 3259 5411 :
3282 5370 3350 5413 ne
3378 5364 3535 5427 pute-

1951 5458 2042 5506 tur
2071 5450 2266 5507 cxinde
2288 5448 2463 5519 justus
2509 5446 2634 5516 uri,
2674 5447 2797 5519 quia
2825 5455 3076 5519 peccator
3117 5448 3173 5503 in
3200 5446 3307 5504 isto
3334 5446 3533 5505 sreculo

1953 5543 2163 5601 videtur
2199 5541 2405 5599 extolli.
2436 5539 2543 5599 Sed
2573 5539 2651 5597 sic
2677 5540 2854 5611 potius
2877 5538 3284 5619 intelligerqlum
3308 5546 3416 5607 est,
3447 5554 3534 5595 su-

1932 5634 2118 5710 perbit
2144 5636 2331 5706 impius
2352 5674 2370 5703 ,
2413 5648 2536 5692 cum
2565 5633 2817 5690 eﬁ‘ectum
2842 5631 3091 5703 maligna
3114 5630 3402 5688 voluntatis
3432 5645 3533 5686 ex-

1953 5730 2199 5801 pleverit.
2244 5728 2394 5784 Tunc
2442 5727 2610 5800 magis
2663 5740 2867 5798 pauper
2915 5725 2983 5781 ad
3034 5724 3273 5781 studium
3319 5723 3533 5782 virtutis

1952 5819 2285 5886 accenditur,
2331 5818 2451 5890 quia
2476 5819 2601 5874 dum
2623 5815 2821 5873 viderit
2844 5825 3180 5886 peccatorem
3202 5816 3360 5870 nimis
3380 5812 3534 5869 exal-

1952 5920 2154 5980 tatum,
2198 5911 2357 5969 facile
2384 5914 2531 5969 novit
2558 5926 2680 5967 esse
2706 5924 2991 5972 casurum;
3017 5915 3073 5964 et
3096 5907 3305 5966 avidius
3334 5904 3401 5958 ad
3429 5904 3533 5961 hu-

1952 6004 2099 6069 milia
2121 6004 2309 6080 tendit,
2339 6008 2481 6093 unde
2497 6019 2565 6092 se.
2580 6000 2925 6064 exaltandum
2941 5999 3122 6071 potius
3144 6011 3265 6058 esse
3286 5992 3536 6055 conﬁdit:
