4016 6344
488 465 578 574 87.
1509 447 1512 452 Ι
1700 492 1774 549 Μ.
1816 481 2096 549 AURELII

2203 476 2538 540 issmnont
2595 553 2600 562 γ
2819 549 2824 556 ι
3177 427 3187 436 ’
3271 538 3274 540 γ
3697 460 3768 518 88

497 630 611 691 Sed
648 628 769 688 istis
801 624 982 700 impiis
1024 636 1087 680 ac
1114 614 1358 692 superbis
1383 589 1632 687 provenit
1658 609 1750 666 illa
1778 585 2076 700 damnatio,
2102 602 2161 680 Α
2187 585 2404 669 quando
2433 589 2749 700 anquisiaut

486 735 549 782 ut
577 724 771 783 debitis
799 698 992 794 pte—nis,
1028 716 1180 787 quasi
1203 708 1522 782 quibusdam
1569 704 1724 761 uncis
1766 698 2071 794 apprehen-

491 791 826 876 dautur:ne
870 812 991 892 illos
1018 810 1073 864 in
1121 807 1298 862 lucem
1337 800 1550 873 prodire
1594 798 1777 862 liceat,
1805 791 1897 865 qui
1924 799 2074 846 tene-

490 909 671 966 brosis
715 889 1375 976 actibusjcontraduntur.
1425 891 1569 946 Deus
1611 889 1788 954 bone,
1841 890 2076 954 quantus

489 1001 685 1057 horror
727 1007 816 1072 est.
850 973 1042 1050 timere
1076 1005 1198 1062 quae
1238 1003 1345 1044 non
1377 984 1620 1071 valemus
1668 977 1931 1056 eﬁ'ugere!
1977 973 2077 1030 sed

419 1087 426 1096 ’
491 1094 631 1152 dona
647 1093 732 1165 hic
748 1065 1054 1163 illaodisse,
1069 1098 1188 1154 quae
1202 1091 1294 1138 tuo
1309 1068 1838 1162 praeceptojubemur
1849 1069 2075 1126 evitare.

559 1207 723 1264 .Vers.
751 1205 843 1262 25.
879 1201 1137 1268 Quoniam
1167 1197 1411 1252 laudatur
1445 1197 1680 1260 peccator
1713 1186 1769 1241 in
1809 1183 2126 1248 desideriis-

495 1304 682 1357 anima:
712 1313 847 1365 sua,
879 1304 929 1351 et
955 1294 1044 1364 qui
1073 1292 1250 1361 iniqua
1277 1289 1444 1358 gerit,
1475 1283 1816 1339 benedicetur.
1847 1276 2080 1332 Irritavit
2127 1301 2135 1310 -

495 1393 777 1450 Dominum
797 1396 1052 1461 peccator.
1085 1383 1315 1440 Reddita
1337 1389 1421 1437 est
1439 1392 1598 1434 causa
1627 1390 1747 1446 quae
1769 1380 2082 1444 peccatores

499 1480 912 1556 cogitationibus
943 1477 1054 1534 suis
1096 1474 1256 1530 iaciat
1294 1471 1512 1543 illigari.
1562 1467 1731 1524 Malus
1774 1464 1916 1549 enim
1953 1461 2082 1517 dum

497 1545 824 1644 praedicatur
845 1568 1147 1632 extollitur;
1173 1579 1273 1621 nec
1302 1560 1729 1628 decorrectione
1753 1545 1970 1627 cogitat,
1995 1551 2086 1610 cui

503 1669 748 1725 laudator
795 1664 1078 1720 blandiens
1123 1660 1412 1720 invenitur.
1453 1655 1706 1726 Sequitur
1742 1647 2086 1722 exaggeratio

499 1759 831 1831 iniquitatis;
873 1765 932 1811 ut
949 1755 1053 1826 ille
1079 1751 1430 1812 benedicatur
1450 1788 1464 1814 ,
1505 1747 1596 1816 qui
1623 1744 1766 1800 male
1789 1741 1972 1814 potius
1997 1754 2091 1796 ac-

501 1853 666 1908 titare
689 1849 1050 1921 cognoscitur.
1082 1846 1279 1902 Verum
1314 1844 1414 1899 iste
1443 1839 1535 1912 qui
1563 1836 1897 1896 adulantium
1941 1833 2091 1889 falsi-

458 1975 460 1977 »
504 1954 613 2002 tate
633 1945 913 2014 deceptus,
931 1943 991 1997 in
1013 1953 1258 2009 magnam
1283 1951 1342 1992 se
1365 1933 1676 2005 superbiam
1701 1925 2086 1985 dominationis

505 2039 772 2103 evexerit,’
794 2035 937 2106 quod
964 2031 1178 2104 proprie
1199 2031 1272 2084 .de
1297 2025 1632 2084 Antichristo
1656 2023 1816 2079 datur
1833 2017 2087 2090 intelligi,

504 2133 593 2202 qui
619 2130 914 2186 iallentium
937 2126 1426 2192 catervis'eousque
1451 2118 1782 2190 perducitur,
1807 2122 1868 2198 ut
1895 2128 1958 2169 se
1980 2124 2089 2167 non

473 2224 674 2278 solum
702 2235 882 2292 regem
937 2226 1247 2282 terrenum,
1290 2213 1388 2269 sed
1432 2212 1593 2267 etiam
1625 2221 1806 2265 rerum
1839 2195 2092 2261 omnium

503 2315 762 2386 praedicet
785 2314 978 2379 deum;
1010 2313 1149 2367 sicut
1173 2307 1460 2380 Apostolus
1499 2304 1628 2360 dicit
1653 2321 1665 2356 :
1695 2302 1782 2356 Ita
1807 2310 1863 2357 ut
1882 2303 1936 2355 in
1964 2309 2092 2353 tem-

505 2408 593 2477 plo
620 2407 716 2461 Dei
741 2405 935 2469 sedeat,
963 2413 1008 2458 et
1029 2403 1246 2459 extollat
1273 2417 1326 2456 se
1349 2414 1502 2471 super
1528 2411 1674 2451 omne
1719 2393 1857 2465 quod
1879 2392 2090 2460 colitur,

506 2508 557 2553 et
577 2499 715 2570 quod
737 2499 924 2552 dicitur
948 2496 1086 2550 Deus
1112 2491 1201 2566 (ΙΙ
1227 2492 1378 2547 Thes.
1405 2506 1466 2556 ll,
1489 2488 1566 2560 4).
1595 2486 1704 2543 Sed
1727 2486 1836 2564 ista;
1855 2484 1936 2539 illi
1965 2497 2112 2554 pro-ﬁ.

489 2589 702 2644 .ﬁeiunt
730 2587 796 2643 ad
827 2588 1068 2651 ruinam;
1101 2585 1268 2638 irritat
1299 2581 1444 2638 enim
1471 2593 1665 2653 verum
1695 2575 2004 2644 Dominum,
2034 2581 2094 2629 ut

513 2679 684 2736 falsus
706 2677 1094 2734 deus'llammis
1121 2673 1399 2731 ultricibus
1431 2671 1731 2727 addicatur.
1831 2727 1835 2730 _

533 2805 538 2808 '
583 2791 738 2846 Vers.
768 2791 859 2846 24.
890 2790 1187 2848 Secundum
1215 2787 1596 2842 multitudinem
1624 2785 1718 2838 ira:
1747 2797 1856 2838 suae
1879 2797 1986 2836 non
2009 2781 2095 2835 in~

511 2884 696 2956 quiret.
729 2882 852 2938 Non
880 2889 952 2938 est
981 2881 1117 2936 Deus
1143 2882 1196 2935 in
1225 2887 1500 2950 conspectu
1525 2878 1657 2948 ejus.
1693 2875 1751 2930 in
1777 2872 2097 2944 exponenda

513 2975 792 3030 voluntate
845 2971 1164 3028 Antichristi
1209 2975 1522 3040 perseverat
1565 2985 1577 3020 :
1626 2958 1750 3036 quia
1802 2962 2097 3020 secundum

519 3075 735 3136 peccata
786 3078 881 3118 sua
906 3065 908 3068 ’
934 3061 1234 3117 Dominum
1263 3075 1367 3114 non
1397 3058 1657 3128 requiret.
1688 3053 1926 3110 Dicendo
1953 3052 2099 3109 enim

407 3213 418 3223 _.
518 3157 799 3213 secundum
820 3154 1198 3208 multitudinem
1216 3151 1310 3205 irae
1333 3165 1464 3216 suae,
1493 3146 1730 3204 ostendit
1748 3145 1927 3202 omnia
1943 3145 2100 3200 illum

503 3247 825 3302 turbulenta
854 3243 1202 3313 crudeliaque
1244 3241 1532 3318 iacturum.
1581 3237 1778 3294 Verum
1805 3235 1978 3292 .‘istius
2005 3249 2101 3292 ne-

519 3351 552 3411 q
564 3340 712 3395 uitiae
726 3338 934 3394 reddita
951 3346 1036 3394 est
1054 3349 1216 3392 causa
1231 3333 1579 3399 conveniens,
1595 3331 1717 3402 quia
1735 3331 1799 3386 in'
1810 3336 2101 3401 conspectu

415 3486 424 3496 ,
517 3443 617 3484 suo
646 3443 750 3484 non
781 3427 942 3484 habet
968 3427 1159 3490 Deum.
1193 3426 1238 3482 Ο
1264 3441 1421 3497 quam
1452 3423 1714 3495 profunda
1751 3423 1966 3477 caecitas
1995 3428 2100 3491 est,
2131 3423 2142 3477 ἶ

521 3521 690 3578 Deum
721 3529 848 3577 ante
875 3521 1061 3576 oculos
1088 3534 1195 3575 non
1220 3518 1447 3574 habere!
1481 3515 1612 3572 Nam
1645 3515 1690 3570 si
1715 3515 1960 3570 ultimum
1989 3529 2106 3569 ma-

520 3613 633 3668 lum
665 3611 901 3667 creditur
925 3610 1058 3666 solis
1095 3609 1300 3666 lumina
1347 3624 1451 3665 non
1481 3608 1665 3664 videre
1686 3648 1700 3673 ,
1739 3620 1918 3673 nonne
1960 3605 2106 3676 apud

526 3715 752 3771 superos
781 3701 990 3758 inferna
1019 3703 1316 3772 patiuntur,
1347 3699 1438 3770 qui
1469 3709 1740 3756 auctorem
1771 3698 1909 3754 sacri
1941 3695 2104 3753 lumi-

525 3797 608 3852 nis
660 3810 758 3865 pro
801 3810 899 3852 sua
939 3796 1156 3850 minime
1199 3794 1443 3850 caecitate
1491 3793 1820 3863 respiciunt?
1865 3791 1943 3847 De
1988 3789 2106 3859 ipso

525 3887 741 3960 quoque
770 3889 1100 3960 nequitis-imo
1126 3886 1312 3943 Daniel
1339 3886 1600 3956 propheta
1629 3893 1859 3940 testatur
1879 3882 2103 3938 dicens:

525 3978 594 4034 Et
625 3980 899 4035 extolletur
922 3996 1014 4034 rex
1033 3979 1272 4034 adversus
1294 3993 1492 4032 onmem
1517 3975 1698 4042 Deum,
1728 3985 1776 4029 ct
1800 3974 2107 4045 magniﬁca-

529 4073 662 4127 bitur
691 4089 840 4145 super
870 4088 1068 4128 omnem
1099 4071 1294 4139 Deum,
1327 4078 1375 4125 et
1399 4069 1465 4124 ad
1493 4066 1662 4124 Deum
1692 4067 1906 4122 deorum
1932 4066 2111 4138 loque-

530 4175 616 4219 tur
639 4165 928 4238 superbiam
958 4165 1118 4238 (Dan.
1147 4179 1220 4229 xi,
1249 4161 1361 4232 56).
1424 4191 1428 4196 -

535 4287 538 4290 ’
604 4287 758 4353 vers.
786 4298 879 4352 25.
912 4297 1230 4350 Polluuntur
1250 4298 1344 4350 via:
1369 4297 1478 4364 ejus
1501 4297 1553 4349 in
1576 4296 1715 4350 omni
1736 4285 1993 4368 tempore;
2021 4310 2114 4348 au-

531 4392 770 4464 feruntur
796 4389 1000 4456 judicia
1029 4397 1116 4440 tua
1142 4403 1172 4440 a
1203 4387 1334 4454 facie
1357 4389 1469 4456 ejus
1493 4402 1512 4440 :
1539 4387 1762 4440 omnium
1791 4387 2116 4439 inimicorum

2824 595 2884 660 er
2907 581 3140 642 formam
3176 576 3519 648 describitur,
3556 582 3648 634 aut
3670 587 3770 648 per

2177 701 2328 750 actus
2351 678 2596 759 proprius
2625 682 2910 740 indicatur.

2249 787 2406 843 Vers.
2432 783 2526 841 26.
2547 783 2688 839 Dixit
2713 780 2848 837 enim
2873 779 2928 836 in
2951 777 3108 843 corde
3131 790 3227 831 suo
3249 789 3270 829 :
3293 770 3418 828 Non
3446 769 3681 848 movebar
3708 767 3774 822 de

2179 879 2501 954 generatione
2524 879 2579 932 in
2599 859 2975 947 generationem
2994 871 3104 926 sine
3130 854 3289 950 malo.
3323 863 3418 950 His
3449 862 3634 921 verbis
3662 861 3772 935 δι

2179 947 2394 1041 proprie
2420 968 2800 1038 cogitationem
2831 961 3148 1026 Antichristi
3173 947 3441 1041 designat,
3471 956 3557 1014 vel
3583 969 3776 1012 eorum

2179 1035 2415 1132 qui-ejus
2437 1035 2770 1114 famulantur
2791 1055 3036 1122 arbitrio,
3069 1037 3347 1124 quoniam'
3369 1035 3628 1119 scriptum
3649 1055 3735 1104 est
3755 1063 3776 1110 ;

2183 1137 2465 1208 Imitantur
2485 1167 2605 1223 ergo
2627 1150 2796 1214 illum,
2827 1148 2917 1219 qui
2942 1153 3058 1201 sunt
3077 1161 3140 1199 ea:
3165 1150 3310 1214 parte
3333 1142 3496 1212 ipsius
3523 1139 3679 1213 (Sap.
3705 1154 3779 1208 tt,

2182 1243 2296 1314 2i).
2329 1243 2429 1312 Qui
2457 1243 2558 1299 sibi
2589 1241 2690 1316 ipsi
2726 1239 2931 1297 malitia
2973 1237 3210 1296 faciente
3239 1235 3484 1292 dicturus
3511 1242 3624 1302 est,
3658 1233 3781 1290 nul-

2185 1335 2290 1390 lam
2313 1341 2531 1405 gentem
2560 1333 2818 1388 intactam
2853 1331 3152 1400 relinquam
3179 1345 3196 1382 :
3229 1326 3325 1383 sed
3345 1327 3414 1383 de
3439 1326 3542 1382 ista
3561 1324 3784 1381 natione

2185 1439 2272 1482 me
2294 1424 2579 1506 ulciscens,
2607 1425 2685 1478 ad'
2707 1409 2870 1478 aliam
2891 1429 3106 1493 gentem
3131 1419 3326 1476 iterum
3353 1416 3649 1475 transferar
3666 1417 3784 1471 vin-

2187 1504 2479 1585 dicandus;
2525 1527 2584 1598 ut
2636 1531 2827 1572 omnes
2865 1514 3044 1572 studio
3073 1504 3260 1585 pravo
3301 1512 3474 1584 possit
3518 1509 3781 1582 afﬂigere,

2189 1611 2283 1683 qui
2307 1611 2427 1681 ejus
2459 1592 2575 1665 visi.
2600 1616 2726 1664 sunt
2748 1601 2970 1663 nisibus
2993 1599 3250 1672 ,obviare.
3296 1594 3464 1660 Actus
3492 1592 3622 1656 vero
3651 1611 3783 1656 suos

2189 1717 2298 1758 uno
2324 1701 2494 1758 verbo
2522 1698 2796 1768 deﬁnivit,
2827 1695 3042 1769 quando
3073 1709 3133 1752 se
3161 1695 3279 1751 sine
3302 1694 3448 1750 malo
3477 1690 3610 1748 nihil
3655 1689 3786 1748 dicit

2192 1809 2312 1852 esse
2338 1793 2624 1849 facturum.

2265 1885 2422 1940 Vers.
2449 1883 2541 1938 27.
2573 1881 2734 1953 Cujus
2761 1897 2817 1936 os
2844 1878 3198 1934 maledictione
3223 1883 3272 1931 et
3295 1875 3642 1930 amaritudine
3669 1875 3783 1945 ple-

2115 1991 2168 2055 Β
2196 1977 2321 2034 num
2343 1986 2417 2033 est
2446 1992 2463 2032 :
2489 1976 2583 2031 sub
2609 1976 2792 2054 lingua
2807 1975 2916 2045 ejus
2949 1972 3094 2027 labor
3119 1980 3164 2026 et
3183 1971 3355 2026 dolor.
3396 1967 3645 2040 Nequitia
3670 1967 3790 2039 ejus

2198 2069 2400 2141 duplici
2436 2067 2790 2140 perversitate
2829 2055 3186 2128 describitur;
3235 2063 3288 2118 in
3330 2075 3426 2117 ore
3452 2061 3649 2131 quippe
3681 2059 3785 2114 ha-

2193 2165 2342 2222 bebit
2363 2163 2735 2234 blasphemam
2758 2158 3214 2224 maledictionem,
3243 2170 3363 2212 cum
3387 2168 3448 2210 se
3469 2153 3564 2210 Dei
3591 2152 3790 2210 Filium

2193 2258 2513 2322 mentietur;
2539 2255 2974 2320 amaritudinem,
3000 2252 3214 2324 quando
3235 2246 3648 2308 resultatoribus
3668 2247 3788 2303 suis

2195 2364 2408 2421 poenam
2448 2349 2643 2404 mortis
2680 2347 2903 2411 indicet,
2937 2355 2991 2402 et
3016 2345 3084 2400 ad
3107 2343 3367 2415 supplicia
3413 2339 3625 2412 iubebit
3667 2353 3793 2408 per-

2196 2440 2414 2507 venire,
2467 2441 2726 2510 quicum
2761 2448 3009 2510 tanquam
3038 2451 3236 2493 numen
3270 2435 3414 2508 [ωδε.
3445 2435 3536 2502 A.,
3566 2431 3657 2498 Β..
3691 2428 3793 2501 F.,

2200 2548 2399 2590 nomen
2429 2532 2610 2602 inane]
2653 2525 3091 2602 contempserint
3125 2519 3370 2585 adorare.
3414 2525 3542 2581 Haec
3575 2521 3796 2580 habebit

2085 2601 2094 2710 ξ
2198 2625 2378 2704 inore
2405 2641 2524 2696 qua:
2563 2625 2838 2706 locuturus
2864 2617 2943 2678 est
2983 2606 3217 2692 publice.
3271 2617 3383 2675 Sub
3428 2601 3605 2696 lingua
3631 2627 3788 2680 vero,

2199 2715 2343 2787 quod
2381 2716 2477 2784 ait,
2533 2703 2924 2785 designat‘eum
2955 2703 3306 2782 cogitationes
3333 2708 3534 2787 habere
3563 2705 3798 2762 suavissi-

2199 2783 2358 2873 mas;
2407 2783 2468 2862 ut
2495 2821 2615 2880 cum
2654 2783 2778 2875 ipse
2827 2805 2899 2860 sit
2937 2803 3198 2874 perditus,
3237 2783 3470 2873 perdere
3493 2807 3684 2855 cuneta
3715 2797 3795 2852 ie-

2205 2902 2391 2957 stinet.
2439 2901 2676 2967 Quarum
2726 2912 2910 2956 rerum
2929 2897 3200 2970 deﬁnitio
3226 2895 3368 2948 labor
3397 2897 3444 2946 et
3474 2883 3627 2945 dolor
3667 2897 3750 2945 est
3779 2906 3794 2944 :

2205 2994 2350 3048 labor
2393 3007 2516 3048 cum
2544 2990 2778 3058 diversis,
2815 2989 3052 3060 cladibus
3079 2971 3269 3068 afﬂigit
3306 2976 3616 3059 innoxios;
3649 2981 3801 3036 dolor

2203 3085 2338 3142 cum
2354 3072 2645 3166 jnartyres
2673 3084 2823 3168 facit,
2864 3078 3117 3152 quoniam
3133 3079 3292 3158 g'si‘ue’
3309 3076 3496 3150 labore
3513 3083 3581 3156 et
3609 3073 3802 3148 dolore

2205 3157 2445 3256 corporis
2494 3157 2859 3232 consummari
2903 3163 3026 3230 non
3058 3159 3250 3242 potest
3281 3169 3480 3226 corona
3511 3157 3800 3237 'martyrii.

2207 3253 2304 3325 S'ic'
2317 3267 2576 3334 universa
2599 3282 2721 3339 quae
2745 3265 2983 3336 loquitur
3009 3263 3096 3342 vel
3124 3259 3347 3332 cogitat,
3377 3257 3498 3342 pari
3521 3255 3657 3338 faece
3682 3253 3802 3325 pol-

2206 3353 2499 3416 luta‘sunt.
2545 3355 2593 3363 ”
2665 3357 2680 3362 ”
2764 3351 2782 3360 ”
2826 3351 2832 3360 ’
3179 3357 3181 3359 ’
3417 3335 3507 3409 .551
3574 3334 3579 3338 ’
3633 3336 3636 3338 ⁷

2279 3448 2548 3505 Vers.'28.
2590 3445 2745 3504 Sedet
2767 3432 2822 3499 in
2846 3442 3048 3499 insidiis
3074 3433 3192 3497 cum
3221 3424 3800 3502 diuitibus'in'occultis,

2207 3548 2268 3594 ut
2294 3527 2935 3609 interﬁciat'innocentem.
2991 3519 3282 3605 Oculi'eju's
3307 3517 3367 3587 in
3397 3543 3676 3603 pauperem
3719 3543 3806 3583 re-

2201 3623 2451 3705 spiciunt.
2509 3630 2642 3685 Cum
2692 3629 2845 3695 dicit,
2896 3626 3062 3683 Sedet
3079 3613 3147 3680 ’ίη
3195 3625 3418 3690 insidiis,
3471 3627 3621 3680 actus
3651 3617 3807 3676 Anti-

2210 3721 2404 3778 cbristi
2431 3721 2702 3775 latronum
2730 3715 3106 3774 consuetudini
3127 3711 3476 3785 comparavit,
3505 3711 3601 3780 qui
3620 3708 3802 3766 occul-

2207 3805 2294 3869 tas
2342 3813 2457 3868 vias
2505 3811 2763 3878 insident,
2814 3818 2875 3864 ut
2917 3809 3246 3864 interﬁciant
3276 3793 3614 3862 innocentes.
3673 3803 3808 3869 Qua:

2211 3905 2378 3975 ﬁgura
2409 3904 2605 3958 dicitur
2621 3901 2932 3972 phantasia,
2975 3901 3187 3969 quoties
3218 3899 3275 3954 in
3299 3894 3666 3966 concipiendis
3709 3891 3799 3948 fu—

2212 3999 2348 4056 turis
2391 3995 2692 4052 visionibus
2743 3993 2954 4049 animus
2997 3990 3311 4063 perducitur
3340 3986 3625 4044 audientis.
3675 3983 3810 4040 Tale

2215 4091 2360 4148 enim
2410 4086 2728 4144 Antichristi
2779 4099 3002 4156 regnum
3051 4082 3181 4138 dicit
3236 4083 3494 4148 futurum,
3541 4077 3686 4149 quod
3739 4075 3812 4130 ad

2201 4176 2513 4266 martyrum
2563 4192 2840 4250 coronam,
2897 4186 2952 4262 et
2996 4175 3549 4258 inﬁdelium'ruinam
3595 4177 3814 4227 constet

2217 4272 2340 4335 esse
2362 4253 2710 4346 permissum.
2745 4257 3034 4342 Sequitur:
3067 4270 3196 4326 Cum
3221 4253 3479 4350 divitibus.
3517 4266 3619 4322 llic
3647 4263 3816 4334 signi-

2199 4363 2342 4425 ‘ﬁcat
2370 4353 3078 4422 multitudinem'malorum.
3119 4359 3280 4430 Saepe
3309 4358 3453 4416 enim
3484 4356 3539 4412 in
3567 4354 3818 4424 Scriptu-

530 4453 742 4534 suorum
787 4453 1153 4532 dominabitur.
1187 4453 1340 4530 Sicut
1380 4453 1456 4530 ide
1491 4475 1651 4544 iustis
1698 4476 1942 4530 dicturus
1989 4483 2114 4532 est:
2203 4457 2294 4522 'ris
2319 4462 2518 4518 divinis
2544 4461 2723 4540 divites
2754 4458 2806 4512 in
2835 4453 3352 4544 malo‘aceipiuntur',
3383 4454 3522 4509 sicut
3544 4463 3821 4520 pauperes

534 4568 682 4648 Beati
711 4567 1026 4623 immaculati
1055 4569 1109 4621 in
1138 4568 1240 4633 via,
1273 4566 1358 4636 qui
1385 4566 1650 4620 ambulant
1684 4566 1740 4619 in
1771 4566 1880 4636 lege
1907 4555 2119 4620 Damini
2205 4553 2276 4615 ’in
2305 4557 2470 4613 bono.
2501 4536 2970 4646 ‘Interﬁcere’vero
2989 4534 3330 4626 innocentem
3349 4553 3440 4640 ,εει
3465 4543 3533 4600 de
3559 4541 3824 4612 religioso

534 4637 728 4729 (Dsal.
761 4677 945 4728 cxvui,
979 4659 1051 4732 i)
1083 4677 1096 4714 :
1127 4660 1196 4714 ita
1234 4617 1376 4714 nunc
1405 4658 1474 4714 de
1503 4617 1844 4715 Antichristi;
1881 4658 2076 4714 dicitur
2100 4699 2116 4726 ,
2223 4652 2403 4709 facere
2434 4617 2776 4729 sacrilegum,
2811 4621 3038 4732 ejusque
3060 4619 3310 4722 animam
3331 4617 3614 4732 [perpetua
3640 4642 3826 4689 morte

537 4767 725 4808 omnes
767 4752 986 4808 semitas
1028 4750 1230 4834 habere
1269 4749 1524 4819 pollutas,
1555 4749 1608 4804 id
1657 4758 1742 4804 est
1768 4717 2121 4819 cogitationes
2144 4719 2690 4836 D'damnare."’l‘iami
2717 4717 3024 4818 cumidicit’,
3060 4717 3254 4788 oculos
3287 4717 3410 4814 ejus
3437 4717 3830 4798 'in'pauperem

539 4846 785 4915 laetaque
813 4846 1102 4902 sordentia.
1139 4831 1374 4900 Necesse
1403 4851 1488 4899 est
1517 4844 1666 4899 enim
1693 4852 1754 4899 ut
1783 4845 1890 4901 sint
1932 4819 2196 4902 conia-"
2228 4819 2501 4915 respicere.
2530 4819 2651 4914 ‘hou
2677 4830 2938 4912 respicit.
2982 4834 3042 4884 ut
3077 4825 3410 4899 prospiciat;
3464 4823 3562 4880 sed
3603 4819 3675 4912 ad
3718 4819 3832 4877 hoc

543 4938 748 4993 minata
784 4946 945 5008 atque
973 4939 1213 5010 polluta,
1259 4951 1380 5007 quae
1407 4935 1602 4992 ducatu
1631 4936 1878 5007 pestiferi
1923 4901 2124 4996 diaboli
2229 4901 2567 5006 imiimi?!“
2595 4903 2845 5010 Deliam?
2937 4991 2942 5002 ,
3603 4901 3610 4912 ⁸

539 5004 907 5084 sordidantur.
935 5004 1166 5084 A-dditur
1192 5004 1355 5084 etiam
1387 5004 1649 5083 nefarium
1675 5029 1877 5097 scelus,
1911 5040 1969 5085 ut
1999 5045 2096 5087 cun

2216 5013 2222 5036 ‘
2301 5004 2459 5074 νοτε.
2490 5016 2583 5070 29.
2625 5005 2916 5069 Insidiatur
2950 5013 3003 5066 in
3030 5010 3256 5080 occulto,
3283 5007 3413 5065 sicut
3442 5006 3524 5063 leo
3563 5006 3620 5060 in
3665 5004 3840 5060 cubili

537 5120 830 5176 vindictam
857 5121 911 5176 in
933 5136 995 5178 se
1023 5111 1246 5192 respicit
1273 5134 1394 5176 esse
1420 5120 1662 5188 dilatam,
1694 5121 1863 5178 Deum
1891 5138 1998 5180 non
2025 5138 2126 5194 pu-
2232 5128 2344 5168 suo.
2387 5109 2627 5186 Leonem
2656 5107 2710 5161 in
2740 5104 2903 5162 cubili
2931 5118 3030 5162 suo
3055 5103 3353 5160 anteiatum
3381 5101 3513 5184 dicit
3539 5097 3838 5154 Antichri-

538 5221 618 5268 tct
645 5227 909 5270 exercere
937 5213 1078 5268 velle
1102 5211 1384 5282 justitiam.
1413 5213 1505 5269 Sic
1527 5213 1670 5280 enim
1699 5201 2010 5285 auferuntur
2026 5191 2095 5286 ju

2217 5199 2392 5271 stum,
2415 5200 2508 5272 qui
2528 5193 2784 5257 atrociter
2810 5207 2867 5253 et
2891 5197 3076 5254 dolose
3104 5197 3438 5252 laceraturus
3462 5200 3547 5250 est
3565 5191 3843 5263 populum

529 5305 678 5384 dicio
704 5304 801 5360 Dei
830 5318 859 5358 a
889 5302 1053 5360 corde
1079 5302 1252 5373 impii,
1275 5305 1490 5374 quando
1516 5303 1663 5360 videt
1685 5283 1889 5360 tardius
1916 5283 2124 5373 venire,
2228 5298 2449 5356 Christi.
2473 5295 2617 5350 Inter
2634 5292 2790 5349 initia
2810 5293 2952 5348 enim
2979 5290 3288 5362 persecutio
3305 5287 3568 5344 Ecclesia:
3586 5283 3848 5343 violenta

531 5381 684 5470 quod
714 5390 965 5453 celeriter
985 5404 1255 5456 meruerat
1282 5391 1571 5454 sustinere.
1602 5397 1668 5452 Et
1693 5397 1834 5467 quod
1863 5397 1940 5452 illi
1966 5406 2130 5468 auget
2219 5383 2439 5449 tantum
2466 5386 2589 5456 fuit,
2632 5396 2692 5444 ut
2717 5401 2746 5442 a
2774 5381 3019 5458 paganis,
3048 5381 3554 5454 proscriptionibus,
3587 5387 3848 5435 tormen-

529 5487 1130 5564 _interitum,cumvitiis
1150 5490 1623 5557 serviat,omnium
1650 5490 1987 5546 inimicorum
2009 5505 2130 5546 suo-
2233 5489 2323 5554 tis,
2352 5485 2611 5552 caedibus,
2643 5483 2937 5540 Christiani
2969 5479 3036 5536 ad
3074 5478 3342 5535 idolorum
3374 5473 3642 5532 sacriﬁcia
3672 5487 3850 5544 coge-

489 5651 496 5657 ἢ
531 5597 662 5657 rum
688 5569 932 5638 obtinefe
961 5581 1157 5637 dicitur
1179 5583 1556 5653 principatum.
1585 5573 1698 5651 Qua
1725 5581 1978 5637 felicitate
2003 5583 2132 5638 sub-
2215 5565 2436 5636 rentur.
2489 5577 2670 5633 Altera
2702 5575 3063 5640 fraudulenta,
3096 5586 3216 5642 quae
3247 5582 3390 5626 nunc
3416 5581 3512 5638 per
3538 5566 3851 5622 hmrctieos

529 5684 727 5758 _vectus
743 5676 810 5730 ad
830 5676 1031 5732 scelera
1057 5663 1274 5746 pronior
1289 5679 1412 5744 erit,
1434 5692 1553 5732 cum
1573 5669 1776 5731 nullum
1798 5675 1899 5731 sibi
1917 5675 2130 5732 obviam
2235 5683 2288 5730 et
2337 5671 2497 5727 falsos
2547 5668 2722 5740 agitur
2773 5666 3127 5722 Christianos.
3192 5662 3494 5718 Novissima
3553 5669 3852 5730 superest,

544 5767 623 5823 ire
662 5781 824 5838 posse
861 5765 1206 5837 cognoverit.
1228 5767 1328 5835 Qui
1365 5775 1512 5822 tanta
1559 5765 1783 5822 inferius
1806 5767 2130 5837 proprietate
2234 5779 2353 5836 quae
2381 5777 2476 5833 per
2507 5758 2893 5817 Antichristum
2920 5757 3227 5828 praedicitur
3253 5769 3376 5811 esse
3401 5760 3630 5809 ventura
3662 5769 3677 5806 :
3725 5767 3856 5822 qua

544 5859 900 5925 describitur,
947 5868 1008 5915 ut
1028 5859 1140 5930 jam
1167 5873 1272 5914 non
1304 5859 1536 5922 futurus,
1578 5857 1673 5913 scd
1717 5861 1865 5928 quasi
1895 5872 2133 5929 praesens
2237 5858 2368 5913 nihil
2409 5854 2783 5926 periculosius,
2833 5852 3087 5924 quoniam
3128 5852 3233 5908 erit
3264 5849 3504 5904 violenta
3551 5845 3714 5926 nimi;
3765 5861 3860 5906 ex

537 5964 667 6050 esse
713 5950 974 6015 videatur.
1006 5952 1156 6051 ‘Qna:
1205 5951 1374 6021 ﬁgura
1415 5948 1613 6010 dicitur
1661 5949 2130 6024 characterismos,
2241 5945 2507 6022 [totCSlatc
2553 5947 2706 6021 regni
2735 5947 3041 6022 singularis,
3076 5933 3144 6008 ct
3170 5929 3481 6017 deceptiosa
3511 5939 3808 6014 miraculis
3849 5984 3871 6022 ε

2221 6119 2248 6129 ,⁸
2263 6120 2266 6122 η
